4088 6346
217 368 310 424 577

277 569 470 630 Aliam,
507 564 704 633 inquit,
735 561 1034 632 parabolam
1063 560 1256 612 audite.
1293 556 1426 609 Erat
1455 533 1663 626 quidam
1693 569 1786 621 pa-

216 659 519 731 terfamilias
549 657 632 728 qui
662 655 910 725 ptantauit
941 655 1157 716 vineam,
1188 661 1236 702 et
1263 665 1430 719 sepem
1456 647 1542 700 ille
1571 646 1787 698 circum-

214 751 382 815 dedit,
425 756 473 802 et
502 747 633 817 fodit
665 746 720 798 in
757 761 818 798 ea
852 744 1048 807 lacum,
1087 751 1136 794 et
1169 739 1447 808 (ediﬁcavit
1486 745 1706 798 turrem,
1736 740 1787 787 et

213 845 396 899 locavit
425 858 539 895 eam
565 840 782 903 colonis,
813 847 862 890 et
889 839 996 906 ipse
1019 850 1228 906 peregre
1254 834 1511 902 profectas
1539 836 1635 881 est.
1659 824 1786 879 Cum

213 946 384 992 autem
410 933 870 1005 apprOpinquasset
900 939 1095 998 tempus
1125 928 1377 997 fructuum
1397 961 1412 987 ,
1445 921 1585 975 misit
1615 933 1786 972 servos

212 1043 325 1081 suos
359 1025 429 1080 ad
455 1025 676 1079 cultores
707 1020 848 1085 illos,
878 1028 934 1072 ut
961 1020 1250 1088 acciperent
1279 1015 1340 1069 de
1380 1012 1626 1084 fructibus
1654 1011 1784 1064 suis.

215 1117 396 1174 Coloni
425 1125 594 1169 autem
639 1112 982 1184 apprehensos
1019 1125 1189 1164 servos
1211 1146 1227 1171 ,
1259 1106 1418 1160 alium
1458 1103 1788 1164 cteciderunt,

214 1211 378 1265 alium
431 1223 549 1261 vero
582 1203 967 1275 lapidaverunt,
999 1201 1156 1254 alium
1213 1196 1608 1251 decollaverunt.
1654 1191 1787 1245 Item

213 1303 352 1354 misit
374 1299 508 1354 alios
534 1313 728 1360 servos,
760 1293 930 1365 plures
950 1291 1226 1363 prioribus,
1247 1298 1294 1343 et
1325 1291 1551 1360 fecerunt
1584 1286 1688 1338 illis
1712 1285 1790 1336 si-

211 1396 422 1448 utiliter.
457 1389 749 1445 Novissime
777 1396 945 1440 autem
973 1386 1112 1439 misit
1149 1384 1252 1436 illis
1288 1381 1452 1450 ﬁlium
1493 1393 1641 1432 suum
1675 1376 1793 1427 uni-

209 1507 345 1554 cum,
371 1487 585 1542 dicens:
609 1481 858 1537 Forsitan
899 1480 1063 1549 ﬁlium
1100 1493 1266 1530 meum
1296 1471 1622 1535 verebuntur,
1646 1483 1793 1539 quem

211 1593 256 1637 et
275 1551 453 1653 ipsum
479 1575 854 1648 apprehensum
873 1570 1187 1625 ceciderunt.
1513 1551 1524 1561 ’

277 1648 674 1725 Paterfamilias
699 1677 858 1733 quem
885 1660 1039 1725 dixit,
1070 1658 1243 1712 Patris
1268 1652 1665 1710 similitudinem
1695 1648 1794 1703 de-

211 1768 501 1819 monstrat.
525 1756 692 1814 Vinea
720 1769 880 1824 quam
908 1752 1042 1807 dixit
1069 1749 1386 1824 novellasse,
1417 1745 1504 1798 lex
1532 1757 1668 1798 nova
1690 1748 1791 1794 est.

951 316 1467 411 ANNOTXTIONES
1506 349 1594 403 AD
1631 343 1941 414 ΟυλΕΒΑΜ
1981 339 2515 397 EVANGELIOBUM
2555 339 2747 392 LOCA.

837 469 963 526 CAP.
999 468 1162 522 XXII.
1805 470 1856 523 Α

2495 456 2623 510 (λιιι.
2660 453 2847 506 XXVI.

1963 549 2119 612 Tunc,
2147 549 2335 616 inquit,
2355 549 2441 618 qui
2468 549 2519 600 in
2542 547 2728 600 Judaza
2751 554 2887 609 sunt,
2919 546 3120 616 fugiant
3139 547 3208 599 ad
3231 558 3460 614 montes;

1891 649 1939 694 et
1979 643 2062 711 qui
2093 642 2146 693 in
2176 657 2300 710 agro
2329 648 2403 692 est
2427 679 2439 702 ,
2489 655 2592 690 non
2623 647 2904 690 revertatur
2934 647 3068 690 retro
3096 637 3164 690 ad
3191 640 3464 692 vestimen-

1889 743 1993 786 tum
2030 749 2198 785 suum.
2241 730 2332 784 γω
2367 739 2536 783 autem
2563 729 2950 799 prwgnantibus
2988 739 3036 782 et
3077 730 3382 794 lactantibus
3410 733 3464 785 in

1886 825 1991 877 illis
2016 821 2208 875 diebus.
2242 821 2401 875 Orate
2423 833 2589 874 autem
2617 828 2672 872 ut
2697 837 2800 874 non
2827 821 2924 890 ﬁat
2947 824 3071 892 fuga
3091 833 3254 876 vestra
3279 823 3460 886 hieme,

1889 916 1964 969 vel
2001 913 2234 968 sabbato.
2814 975 2820 982 ι

1958 1004 2137 1060 Judaca
2178 1005 2382 1059 scilicet
2410 1010 2549 1058 terra
2578 1012 2760 1059 sancta
2787 1013 2889 1068 est,
2920 1005 3021 1060 hoc
3053 1017 3131 1061 est
3160 1015 3336 1061 castos
3367 1008 3464 1062 ho-

1892 1099 2083 1177 mines,
2113 1097 2204 1166 qui
2231 1111 2447 1150 carnem
2475 1110 2625 1150 suam
2664 1089 3082 1150 sanctificatum.
3113 1097 3358 1166 Fugiant,
3382 1098 3463 1152 in-

1892 1190 2028 1258 quit,
2058 1188 2125 1242 ad
2153 1194 2382 1250 montes,
2405 1186 2509 1241 hoc
2537 1193 2636 1250 est,
2667 1185 2733 1240 ad
2753 1187 3118 1256 apostolorum
3142 1189 3463 1243 doctrinam.

1894 1281 1961 1334 Et
1998 1280 2089 1348 qui
2119 1279 2170 1333 in
2220 1292 2350 1346 agro
2375 1287 2476 1339 est,
2520 1292 2625 1329 non
2657 1286 2952 1331 revertatur
2979 1278 3048 1332 ad
3093 1281 3466 1336 vestimentum

1895 1387 2082 1435 suum;
2108 1371 2210 1425 hoc
2234 1379 2353 1424 est:
2385 1370 2476 1438 qui
2503 1369 2554 1422 in
2584 1369 2778 1423 saeculo
2806 1378 2908 1436 est,
2947 1387 3051 1424 non
3081 1381 3381 1426 revertatur
3401 1373 3466 1427 ad

1867 1473 2132 1518 .veterem
2182 1462 2472 1516 hominem.
2526 1460 2615 1514 Va:
2654 1468 2830 1515 autem
2879 1463 3272 1530 prmgnantibns
3301 1471 3356 1517 et
3386 1463 3466 1518 la-

1895 1553 2185 1617 ctantihus,
2200 1553 2301 1607 hoc
2331 1560 2432 1614 est,
2453 1551 2675 1604 fratrum
2702 1552 2898 1619 quique
2922 1553 3257 1607 sacerdotum
3289 1554 3466 1607 avari-

1897 1645 2045 1708 tiam,
2077 1643 2222 1698 velut
2241 1656 2540 1714 pregnans,
2572 1642 2899 1710 conceperit,
2924 1658 3000 1694 va:
3031 1642 3168 1697 illius
3197 1643 3314 1696 erit.
3367 1642 3465 1697 La-

1896 1745 2049 1790 ctans
2077 1737 2122 1789 is
2150 1735 2269 1799 erit,
2293 1734 2384 1804 qui
2407 1732 2654 1787 mandata
2684 1732 2879 1786 Christi
2901 1748 3006 1785 non
3036 1741 3179 1787 recte
3199 1733 3466 1798 docuerit;

213 1853 401 1910 Turris
420 1858 619 1914 autem,
643 1821 884 1902 Ecclesia
911 1851 1011 1898 est.
1039 1821 1213 1896 Lacus
1239 1837 1537 1906 haptismus
1563 1840 1665 1886 est.
1688 1831 1794 1885 Co-
1822 1840 1868 1898 Β
1897 1826 1984 1882 hic
2011 1843 2118 1881 non
2146 1827 2288 1890 cibo,
2317 1824 2412 1880 sed
2440 1825 2579 1880 lacte
2608 1824 2828 1894 potavit.
2874 1821 3059 1878 Ilieme
3107 1833 3282 1878 autem
3329 1826 3468 1893 quod

169 1976 175 1982 ι
213 1946 326 2002 1οηὶ
361 1949 544 1997 autem
583 1937 752 1993 Judaei
779 1944 922 1992 sunt.
967 1933 1138 2002 Sepes
1162 1947 1310 1995 vero,
1337 1929 1468 1982 fides
1511 1934 1624 1989 est;
1654 1923 1793 1978 servi

211 2055 350 2109 quos
376 2037 512 2091 dixit
539 2033 774 2094 occisos,
808 2028 1081 2100 propheta:
1112 2023 1494 2091 intelliguntur.
1526 2017 1799 2073 Posterio-

213 2146 303 2185 res
331 2144 468 2198 quos
495 2126 631 2182 dixit
657 2123 869 2185 missos,
903 2117 1133 2188 apostoli
1161 2122 1313 2178 sunt,
1345 2127 1412 2166 ex
1439 2111 1632 2178 quibus
1662 2122 1799 2160 unus

215 2219 538 2282 decollatus,
568 2215 804 2270 Joannes
831 2221 932 2266 est.
958 2207 1255 2263 Novissime
1278 2211 1457 2258 autem
1481 2200 1673 2254 Filium
1702 2214 1798 2253 oc-

213 2311 483 2374 ciderunt,
508 2307 711 2366 scilicet
733 2302 1024 2358 Christum.

834 2393 966 2449 CAP.
999 2387 1184 2445 XXIII.

296 2518 530 2582 Reddite,
563 2513 752 2582 inquit,
781 2524 895 2582 qua
938 2505 1162 2561 Caesaris
1189 2512 1306 2557 sunt
1343 2501 1539 2555 Cwsari
1557 2543 1572 2566 ,
1613 2507 1663 2552 et
1690 2514 1805 2570 qua:

225 2612 323 2664 Dei
354 2619 474 2663 sunt
504 2607 632 2662 Deo.

295 2700 550 2754 Jubemur
570 2699 621 2751 in
648 2692 1019 2766 persecutione
1048 2687 1271 2743 reddere
1289 2699 1409 2754 qua:
1429 2683 1654 2738 Caesaris
1674 2690 1800 2738 sunt

216 2793 454 2856 Caesari,
488 2793 589 2846 hoc
631 2797 712 2844 est
736 2827 751 2849 ,
794 2799 988 2854 corpus
1030 2782 1081 2835 in
1115 2795 1224 2850 quo
1253 2778 1414 2832 habet
1442 2782 1796 2845 potestatem;

215 2887 443 2942 reddere
487 2901 603 2955 qua:
646 2884 739 2938 Dei
787 2888 948 2943 sunt,
1005 2878 1153 2940 Deo,
1203 2875 1449 2945 spiritum
1497 2870 1702 2927 scilicet
1745 2874 1800 2922 et

218 2979 400 3035 tidem.

828 3043 959 3098 CAP.
991 3038 1154 3095 XXIV
1169 3077 1182 3092 .

289 3163 544 3227 Fuerunt,
581 3160 781 3229 inquit,
813 3156 952 3226 apud
997 3169 1090 3208 nos
1131 3158 1320 3220 septem
1351 3150 1557 3219 fratres.
1594 3145 1802 3196 Primus

1896 1918 2058 1982 dixit,
2098 1926 2310 1987 tempus
2353 1916 2599 1986 capiendi
2652 1915 2896 1969 homines
2951 1913 3213 1978 ostendit;
3246 1914 3370 1967 item
3418 1924 3472 1968 ut

1875 2007 2092 2062 'Judzeis
2125 2009 2348 2062 sabbato
2377 2007 2559 2075 fugere
2587 2022 2692 2060 non
2723 2006 2864 2059 licet.
2897 2004 3003 2059 Sed
3025 2004 3136 2071 jam
3162 2003 3229 2058 de
3260 2005 3472 2059 civitate

1898 2099 2151 2154 recedere
2173 2116 2277 2153 non
2309 2099 2584 2168 permittit.
2610 2097 2685 2150 Ita
2710 2106 2764 2151 et
2786 2113 2882 2151 nos
2903 2113 3116 2150 orenms
3145 2105 3202 2149 ut
3223 2097 3473 2151 szeculum

1899 2189 2084 2258 fugere
2111 2190 2396 2259 possimus,
2430 2203 2496 2242 ne
2525 2190 2590 2242 ab
2639 2188 2972 2253 antichristo,
3016 2187 3180 2242 veluti
3209 2189 3276 2242 ab
3303 2188 3475 2242 hieme

1903 2288 1996 2336 aut
2024 2281 2247 2336 sabbato
2274 2297 2726 2352 praeoccupemur.

2494 2395 2621 2451 Car.
2661 2393 2868 2449 XXVII.

1975 2515 2138 2579 Tunc,
2167 2515 2356 2585 inquit,
2383 2514 2551 2569 simile
2595 2513 2934 2568 azstimabitur
2981 2531 3190 2582 regnum
3235 2513 3474 2566 ca’lorum

1901 2609 2075 2663 decem
2119 2606 2419 2678 virginibus,
2452 2622 2566 2678 qua:
2611 2616 2912 2676 acceperunt
2954 2604 3218 2674 lampades
3259 2621 3398 2664 sums,
3431 2613 3474 2656 et

1900 2702 2133 2755 exierunt
2178 2697 2378 2753 obviam
2406 2714 2596 2769 sponso
2623 2707 2671 2751 et
2699 2713 2921 2767 sponste.
2956 2693 3187 2765 Quinque
3225 2704 3391 2746 autem
3415 2709 3478 2746 es

1899 2796 2006 2849 illis
2030 2797 2190 2866 fatum
2225 2803 2395 2857 erant,
2423 2801 2473 2845 et
2499 2791 2720 2861 quinque
2749 2790 3020 2859 prudentes
3052 2805 3068 2840 :
3101 2790 3258 2858 fatua:
3287 2796 3477 2847 autem,

1903 2888 2128 2956 acceptis
2150 2882 2473 2954 lampadibus
2501 2884 2629 2943 suis,
2661 2897 2765 2934 non
2786 2880 3010 2933 tulerunt
3037 2879 3201 2930 oleum
3229 2893 3397 2929 secum
3429 2877 3478 2927 iu

1903 2979 2039 3031 vasis
2089 2978 2217 3031 suis.
2279 2974 2568 3028 Prudentes
2616 2981 2784 3025 autem
2833 2973 3054 3024 tulerunt
3080 2973 3136 3023 in
3183 2969 3336 3032 vasis,
3369 2983 3478 3020 cum

1906 3064 2230 3136 lampadibus
2251 3065 2378 3120 suis.
3011 3055 3022 3065 ’

1976 3157 2172 3212 Decem
2193 3157 2426 3227 virgines
2447 3170 2581 3224 quas
2607 3153 2758 3216 dixit,
2781 3153 3017 3222 quinque
3045 3149 3363 3221 sapientium
3385 3166 3480 3203 ιιος

289 3206 309 3217 .
342 3206 544 3227 .........-,
582 3206 781 3229 .-.νη
815 3206 945 3226 "rm
1186 3206 1196 3220 ,
1351 3206 1361 3219 ι
1976 3206 2172 3212 __"__-
2313 3206 2422 3210 nm
2459 3206 2576 3209 7Ηῄ
2833 3206 2836 3207 ν
2901 3206 2904 3207 ν

217 3273 416 3318 eorum,
449 3269 611 3308 uxore
633 3252 814 3314 ducta,
848 3265 952 3301 non
995 3243 1187 3298 relictis
1217 3239 1340 3311 [iliis
1375 3246 1606 3291 mortuus
1630 3244 1726 3296 est,
1752 3239 1802 3285 et
1828 3206 1875 3268 Ο
1909 3250 2048 3305 mina
2079 3206 2322 3311 didm“;
2361 3248 2413 3302 id
2440 3206 2541 3314 (ζει,
2573 3262 2714 3317 εἰ)θῇ
2747 3206 2896 3309 ἀρε,
2928 3206 3179 3308 alarias,
3227 3243 3476 3305 casulas,

219 3347 427 3417 reliquit
453 3359 662 3398 uxorem
685 3356 831 3394 suam
862 3337 1012 3409 fratri
1033 3351 1144 3388 suo.
1179 3330 1434 3385 Similiter
1451 3337 1499 3379 et
1526 3324 1799 3385 secundus,

217 3449 270 3495 et
303 3411 497 3499 tertius,
530 3443 577 3489 et
620 3441 860 3505 quartus,
911 3443 1066 3498 usque
1093 3423 1161 3477 ad
1201 3411 1504 3493 septimum;
1533 3415 1804 3470 novissime

219 3539 396 3584 autem
416 3528 642 3582 omnium
663 3533 711 3578 et
739 3521 921 3576 mulier
950 3519 1193 3590 defuncta
1211 3523 1304 3568 est.
1341 3511 1406 3565 In
1435 3507 1804 3564 resurrectione

217 3638 344 3692 ergo
372 3619 518 3690 cujus
540 3631 713 3672 eorum
740 3613 836 3667 erit
855 3609 1023 3664 uxor?
1051 3623 1172 3660 nam
1200 3620 1376 3659 omnes
1403 3611 1594 3670 septem
1621 3597 1806 3650 habue—

219 3719 345 3764 runt
372 3709 518 3764 illam
545 3722 779 3762 uxorem.

295 3803 515 3874 Septem
542 3815 679 3870 quos
702 3796 836 3851 dixit
863 3795 1085 3856 fratres,
1117 3786 1450 3858 patriarchas
1478 3789 1682 3850 septem
1712 3777 1806 3832 de-

222 3871 555 3954 monstrant,
587 3889 680 3956 qui
706 3893 831 3940 sunt
857 3891 1065 3952 septem
1092 3879 1214 3933 libri
1241 3875 1430 3946 Moysi.
1455 3871 1603 3926 Uxor
1628 3877 1806 3924 autem

224 3998 420 4040 eorum
453 3981 735 4050 Synagoga
764 3983 862 4029 est.
892 3973 1135 4038 Cumque
1163 3984 1225 4022 ea
1255 3973 1462 4033 septem
1492 3960 1809 4032 patriarcha:

228 4080 514 4138 coeuntes,
541 4083 724 4124 semen
746 4065 974 4121 nominis
995 4061 1196 4116 Christi
1222 4057 1545 4120 infuderunt,
1569 4062 1624 4109 et
1652 4052 1809 4106 tidem

227 4179 508 4235 nunquam
537 4158 804 4229 concepit.

861 4225 987 4280 Car.
1018 4221 1180 4276 XXV.

306 4329 550 4398 Insurget
576 4332 745 4376 autem
773 4309 1163 4393 regnum'super
1187 4328 1420 4384 regnum,
1445 4321 1493 4364 et
1513 4324 1638 4381 gens
1659 4322 1811 4375 super

231 4426 433 4492 gentem
456 4458 470 4480 ,
528 4425 578 4468 et
624 4420 773 4466 erunt
801 4413 962 4480 fames
990 4416 1040 4461 et
1069 4412 1385 4460 terrwmotus
1414 4418 1504 4470 per
1543 4400 1654 4454 loca
1695 4398 1808 4450 sin-

229 4490 372 4581 gula.
410 4506 515 4562 Sed
546 4506 653 4558 hac
681 4502 855 4556 omnia
882 4500 1032 4554 initia
1075 4505 1229 4568 erunt
1269 4494 1484 4566 gemitus
1514 4500 1564 4546 et
1591 4490 1805 4544 doloris.

235 4600 378 4653 Tunc
411 4598 615 4651 tradent
642 4611 726 4648 vos
760 4595 814 4646 in
843 4600 1076 4645 mortem.
1124 4586 1265 4642 Tunc
1290 4596 1454 4639 autem
1485 4584 1634 4638 multi
1666 4597 1811 4635 scan-
1840 4585 1886 4642 D

230 4689 622 4748 dalizabuntur,
667 4692 716 4738 et
744 4682 947 4736 tradent
976 4698 1030 4734 se
1061 4679 1363 4733 alterutrum
1403 4676 1472 4728 ad
1498 4681 1731 4736 mortem,
1760 4680 1810 4724 et

229 4786 383 4842 multi
407 4778 862 4854 pseudoprophetis
879 4781 1172 4845 exsurgent,
1198 4779 1246 4824 et
1273 4768 1511 4822 seducent
1531 4764 1737 4826 multos,
1761 4771 1810 4815 et

229 4889 447 4952 propter
498 4875 746 4930 scelerum
800 4869 1173 4924 abundantiam
1233 4863 1529 4933 refrigescet
1584 4857 1808 4910 charitas

228 4958 541 5030 multorum;
582 4965 669 5036 qui
708 4969 878 5015 autem
919 4953 1317 5028 perseveraverit
1343 4965 1502 5020 usque
1527 4949 1582 5000 in
1622 4947 1809 5015 ﬁnem,

229 5063 319 5114 hic
343 5058 514 5113 salvus
534 5055 652 5110 erit.

310 5151 554 5218 Regnum
573 5160 734 5217 super
754 5154 976 5210 regnum
1006 5135 1148 5208 quod
1176 5133 1387 5195 dicitur,
1415 5130 1519 5183 hoc
1538 5133 1640 5192 est,
1670 5122 1816 5194 quod

227 5215 652 5312 sitper‘regmun
687 5233 887 5290 Christi
916 5230 1077 5286 audet
1104 5224 1349 5281 diabolus
1387 5221 1616 5302 haereses
1647 5215 1816 5272 susci-

228 5305 375 5386 tare.
426 5305 618 5383 Fames
665 5333 842 5381 autem
887 5329 943 5377 et
982 5323 1335 5379 terraemotus,
1388 5314 1490 5368 hoc
1518 5318 1628 5376 est,
1671 5305 1817 5377 quod

231 5421 501 5490 aliquanti
522 5418 784 5479 homines,
809 5415 900 5482 qui
923 5421 1061 5466 terra
1089 5408 1473 5475 intelliguntur,
1504 5402 1698 5457 famem
1720 5413 1815 5470 pa-

231 5515 464 5575 tiuntur,
496 5511 601 5565 hoc
639 5515 755 5571 est,
787 5519 887 5558 nec
926 5501 1180 5571 Spiritum
1205 5499 1298 5553 Dei
1341 5512 1441 5552 nec
1481 5494 1810 5549 intellectum

229 5601 502 5659 habenteS
525 5641 540 5664 ,
589 5597 654 5651 ad
685 5595 915 5648 [nereses
955 5591 1337 5644 submoventur
1359 5626 1374 5649 ,
1407 5597 1460 5640 et
1495 5583 1709 5637 tradent
1732 5596 1809 5647 se,

232 5688 452 5760 inquit,
484 5692 538 5744 in
577 5694 835 5749 mortem;
867 5689 921 5736 et
964 5678 1467 5748 pseudoprophetaa,
1501 5673 1690 5741 inquit,
1720 5688 1816 5726 ex-

233 5791 480 5850 surgent.
514 5789 572 5837 ut
592 5787 716 5851 pote
743 5769 1086 5843 Amapobius,
1100 5768 1192 5836 qui
1219 5768 1415 5821 multos
1441 5764 1666 5833 decepit.

1907 3353 1962 3398 et
1981 3343 2339 3416 eleemosyna.
2373 3340 2514 3395 Vasa
2543 3349 2723 3394 autem
2752 3336 3098 3392 habitationis
3119 3349 3306 3389 eorum
3336 3341 3479 3394 sunt,

1906 3437 2009 3491 hoc
2034 3444 2135 3500 est,
2166 3435 2413 3490 homines
2459 3433 2512 3486 in
2539 3433 2732 3501 quibus
2752 3429 3074 3484 inhabitant.
3103 3427 3256 3487 Oleo,
3289 3424 3480 3492 inquit,

1905 3529 2111 3598 plenas,
2143 3528 2248 3582 hoc
2283 3535 2365 3580 est
2393 3525 2723 3593 spiritualem
2750 3522 2999 3588 gratiam.
3031 3516 3327 3588 Lampades
3355 3531 3480 3570 vero

1906 3619 2183 3685 vigilantia
2214 3616 2445 3686 Spiritus
2469 3623 2610 3669 sunt.
2635 3613 2858 3667 Obviam
2907 3621 3094 3666 euntes
3132 3624 3349 3680 sponso,
3382 3609 3480 3662 hoc

1909 3717 2007 3774 est,
2032 3707 2266 3761 Christo.
2309 3704 2488 3759 Fatua:
2536 3713 2714 3759 autem
2744 3711 2868 3757 sunt
2915 3702 3028 3757 istis
3070 3701 3358 3764 contraria,
3393 3701 3480 3768 qui

1908 3799 2053 3870 quod
2085 3798 2262 3852 vident
2282 3805 2519 3867 sperant.
2551 3796 2667 3850 Alia
2698 3794 3004 3855 inﬁdelitas,
3031 3793 3188 3847 tertia
3216 3791 3330 3845 sine
3351 3791 3480 3844 cha-

1909 3893 2310 3958 ritate,,quarta
2366 3897 2543 3941 autem
2596 3885 2847 3948 carnalis,
2873 3884 3059 3953 quinta
3107 3897 3234 3936 vero
3287 3880 3482 3934 infruc-

1911 3989 2064 4034 tuosa
2098 3997 2109 4030 :
2142 3979 2334 4032 horum
2365 3977 2529 4030 etiam
2583 3975 2856 4044 lampades
2903 3957 3332 4039 exstinguuntur,
3361 3969 3482 4038 quia

1913 4074 2087 4130 oleum
2119 4087 2224 4126 non
2247 4070 2465 4133 habent,
2495 4069 2600 4124 hoc
2627 4075 2727 4130 est,
2760 4065 3091 4136 spiritualem
3129 4063 3373 4132 gratiam.

2532 4203 2624 4258 ex
2661 4201 2860 4257 LUCA.
2895 4171 2907 4188 ’

2570 4317 2750 4372 CAPUT
2780 4316 2820 4370 I.

1983 4439 2206 4510 Ideoque
2254 4444 2488 4489 nascetur
2543 4431 2632 4485 tibi
2681 4431 2849 4501 ﬁlius;
2896 4426 3097 4482 vocabis
3140 4441 3322 4480 nomen
3373 4423 3482 4494 ejus

1909 4534 2194 4597 Joannem;
2224 4540 2272 4583 et
2298 4529 2447 4583 multi
2467 4542 2619 4596 super
2646 4526 2756 4595 ejus
2785 4523 3053 4577 nativitate
3080 4519 3405 4592 gaudebunt;
3435 4525 3484 4570 et

1913 4631 2087 4682 vinum
2113 4636 2164 4681 et
2191 4626 2410 4680 siceram
2435 4637 2536 4676 non
2572 4618 2724 4674 bibet.

1983 4719 2176 4773 Vinum
2229 4713 2374 4786 quod
2400 4711 2635 4768 Joannes
2680 4709 2866 4765 bibere
2913 4705 3242 4774 prohibetur,
3281 4699 3486 4756 luxuria

1914 4810 2242 4877 intelligitur.
2301 4805 2483 4860 Sicera
2530 4808 2731 4861 autem,
2770 4796 2949 4852 dactili
3000 4807 3188 4848 succus
3233 4797 3343 4855 est;
3381 4804 3485 4858 qua

1915 4919 2020 4959 non
2052 4899 2196 4956 aliud
2222 4911 2382 4965 quam
2406 4895 2584 4949 carnis
2609 4889 2944 4945 dulcedinem
2969 4883 3231 4952 intelligit.
3257 4880 3486 4937 Proinde

1914 4995 2016 5048 hoc
2038 5005 2205 5059 genus
2232 4984 2412 5056 poculi
2430 4980 2734 5052 spirituales
2758 4977 3032 5046 eﬁ’ugiant.

2523 5169 2529 5178 .
2575 5091 2703 5147 Cu.
2743 5089 2808 5145 ll.

1989 5211 2074 5268 Ne
2103 5211 2364 5275 dixeritis,
2396 5207 2612 5262 Patrem
2650 5205 2892 5259 habemus
2920 5205 3199 5258 Abraham.
3235 5195 3362 5250 Dico
3391 5210 3486 5245 au-

1917 5315 2018 5360 tem
2041 5301 2181 5358 vobis
2205 5302 2448 5371 quoniam
2474 5307 2654 5370 potens
2682 5305 2759 5350 est
2798 5294 2938 5349 Deus
2986 5293 3047 5344 de
3075 5285 3331 5359 lapidibus
3375 5283 3486 5334 istis

1915 5399 2164 5452 suscitare
2185 5394 2321 5464 ﬁlios
2345 5392 2584 5446 Abrahte.
2608 5390 2728 5444 Jam
2749 5387 2952 5460 quidem
2974 5382 3162 5434 securis
3191 5377 3261 5428 ad
3289 5373 3488 5427 radices

1917 5487 2157 5541 arborum
2180 5485 2346 5554 posita
2366 5494 2458 5536 est.
2486 5481 2667 5535 Omnis
2695 5494 2814 5548 ergo
2835 5471 2988 5526 arbor
3015 5485 3117 5521 non
3151 5466 3346 5536 faciens
3389 5465 3485 5534 fru.

1918 5589 2053 5631 ctum
2084 5576 2288 5638 bonum,
2312 5573 2595 5633 excidetur,
2625 5579 2672 5621 et
2692 5571 2745 5620 in
2775 5567 2941 5634 ignem
2969 5559 3218 5610 mittetur.

1990 5667 2218 5737 Lapides
2271 5680 2406 5731 quos
2461 5660 2611 5720 dixit,
2644 5655 2806 5708 Judaei
2856 5645 3240 5714 intelliguntur,
3270 5654 3490 5716 propter

1921 5761 2170 5816 duritiam
2202 5765 2254 5810 et
2283 5750 2704 5807 incredulitatem
2760 5756 2912 5800 suam
2957 5757 2969 5792 :
3002 5739 3069 5794 de
3122 5739 3315 5809 quibus
3352 5740 3488 5797 ﬁlios
