4088 6346
627 350 731 406 583

1638 342 2009 405 ANONYMUS
2046 344 2322 404 AUCTOR
2357 337 2899 423 I'RASDES'I‘INATI.

3766 288 3859 388 ssi

627 466 830 521 Gallice
854 468 1091 537 peracris
1108 465 1328 535 hujusce
1353 465 1532 535 operis
1552 479 1779 520 censura
1807 465 1885 521 sic
1910 465 2194 534 inscripta:
2227 472 2277 531 Α
2303 463 2448 520 modi
2490 462 2751 533 judicium
2789 460 2912 515 tulit
2940 459 3018 531 (ά)
3051 476 3064 511 :
3101 476 3122 510 ι
3153 456 3282 525 Qum
3326 455 3394 512 de
3438 452 3632 511 haeresi
3665 450 3857 507 Prwde~

627 558 850 614 Censura
869 558 939 613 du
965 556 1459 613 Praedestinatusdu
1485 555 1557 612 P.
1588 556 1855 622 Sirmond,
1879 558 2043 626 parte
2062 556 2200 610 sicut

626 653 829 725 Auuray
860 666 880 704 :
912 665 1031 720 quae
1057 648 1329 719 deinceps,
1361 646 1548 703 Latine
1593 646 1799 702 reddita
1835 647 1889 702 in
1918 644 2199 701 Hollandia

626 756 729 795 una
749 756 868 796 cum
890 738 1270 796 Praedestinato
1290 754 1433 794 anno
1449 735 1606 819 l645,
1616 738 1767 809 prelo
1786 738 2070 792 commissa
2088 750 2206 807 per-

540 854 549 859 ~
589 871 595 881 .
627 830 854 886 hibetur.
879 828 991 886 Sub
1012 844 1078 885 eo
1099 830 1314 885 nomine
1337 830 1436 883 Dn.
1451 829 1653 900 Auvray
1677 829 1767 883 alii
1780 827 2089 892 Arnaldum,
2112 826 2200 881 alii

627 936 756 977 vero
776 920 1131 985 Blondellum,
1156 928 1216 975 ut
1234 918 1421 976 Grotio
1441 920 1612 974 visum
1629 918 1728 990 (a),
1744 919 1913 973 latere
1931 916 2205 973 existima.

626 1022 772 1067 runt.
822 1009 931 1066 Sed
958 1026 1146 1066 verum
1173 1026 1413 1066 censura:
1440 1016 1713 1066 auctorem
1752 1008 1916 1064 fuisse
1950 1005 2210 1077 comperi-

627 1117 745 1158 mus
761 1101 837 1174 (b)
859 1103 961 1158 Dn.
983 1103 1047 1158 de
1074 1100 1290 1166 Barcae;
1302 1102 1525 1158 Joannis
1536 1101 1775 1171 Vergerii
1790 1101 1978 1157 famosi
1999 1100 2206 1156 abbatis

627 1193 953 1267 San-Cyrani
973 1202 1249 1266 nepotem.
1269 1195 1405 1250 Hinc
1426 1211 1585 1250 causa
1611 1203 1667 1250 et
1688 1194 1900 1250 occasio
1920 1190 2206 1247 Sirmondo

628 1285 884 1344 Historia:
947 1287 1433 1344 Prwdestinatiauw
1485 1289 1796 1354 scribendae,
1852 1301 2011 1356 quam
2059 1286 2207 1341 libris

630 1375 1001 1434 Prmdestinati
1045 1379 1385 1448 subjecimus.
1437 1378 1557 1446 Quo
1591 1379 1659 1434 de
1703 1393 1867 1448 opere
1910 1378 2057 1432 varia
2102 1378 2209 1433 cir-

630 1468 998 1525 cumferuntur
1014 1469 1249 1525 virorum
1274 1468 1553 1524 doctorum
1568 1468 1786 1538 judicia.
1816 1466 1924 1524 Eos
1943 1467 2035 1536 qui
2054 1482 2206 1523 eam-

631 1560 753 1616 dem
779 1560 1069 1617 Historiam
1107 1562 1218 1617 suis
1245 1561 1512 1630 suﬂ'ragiis
1547 1561 1985 1631 comprobarunt,
2018 1577 2207 1618 recen-

634 1660 718 1709 set
744 1653 1240 1710 Sirmondianorum
1262 1655 1439 1711 editor
1460 1655 1552 1726 (c).
1586 1655 1782 1711 Verum
1811 1656 1967 1711 aliter
1995 1655 2207 1712 censuit

616 1745 1079 1801 eminentissimus
1097 1746 1343 1816 scriptor,
1360 1746 1452 1816 qui
1478 1746 1546 1802 de
1573 1747 1739 1804 haece
1764 1746 1997 1804 Historia
2018 1746 2205 1814 hujus-

724 1924 778 1996 ᾳ)
810 1883 979 1996 Gron,
1006 1933 1151 1996 part.
1180 1942 1239 1996 ιι,
1266 1926 1421 1996 epist.
1454 1924 1577 1980 699.

724 1942 757 1977 α
810 1924 979 1988 Grot.,
1012 1933 1151 1994 part.
1180 1942 1239 1991 ιι,
1266 1926 1421 1996 epist.
1454 1924 1577 1980 699.

703 1924 780 2134 git}
812 1993 948 2049 Hist.
980 1994 1144 2052 littér.
1176 1995 1243 2050 de
1272 1995 1322 2050 la
1350 1994 1572 2059 France,
1604 2004 1735 2050 tom.
1765 1995 1832 2063 II,

725 2079 753 2115 c
806 2063 999 2128 Baun.,
1032 2064 1234 2134 przefat.
1266 2066 1332 2121 ad
1362 2073 1497 2121 tom.
1529 2064 1616 2132 IV,
1653 2066 1680 2134 §
1712 2065 1765 2120 5.

728 1995 780 2134 b;
812 1995 948 2049 Hist.
980 1995 1144 2052 littér.
1176 1995 1243 2050 de
1272 1995 1322 2050 la
1350 1995 1572 2059 France,
1604 2004 1735 2050 tom.
1765 1995 1832 2063 II,
1862 2011 1981 2068 pag.
2013 1995 2136 2051 550.

725 2079 753 2115 c
806 2063 999 2128 Baun.,
1032 2064 1234 2134 przefat.
1266 2066 1332 2121 ad
1362 2073 1497 2121 tom.
1529 2064 1616 2132 IV,
1653 2066 1680 2138 §
1712 2065 1765 2120 5.

2299 554 2585 610 stinatiana
2631 551 2915 608 edisseruit
2954 548 3301 612 Sirmondus,
3353 560 3419 601 ea
3462 542 3677 614 scripsit
3720 540 3859 597 effeta

2300 656 2478 714 relate,
2511 644 2855 714 octogenario
2881 641 3075 712 major.
3104 640 3164 696 In
3189 639 3387 711 quibus
3416 644 3529 692 tam
3547 636 3705 704 longe
3730 650 3759 687 a
3780 650 3860 689 ve-

2302 742 2463 796 ritate
2487 737 2722 802 deﬂexit,
2752 744 2811 791 ut
2836 734 3077 805 ejusdem"
3096 731 3331 788 Historia
3349 745 3384 784 a
3408 728 3653 784 Gilbcrto
3676 725 3858 795 Magui«

2303 848 2376 887 no
2400 848 2453 886 v.
2485 846 2534 887 c.
2565 828 2856 885 Galliarum
2877 825 2990 894 regi
3017 839 3049 880 a
3067 822 3325 888 consiliis,
3352 830 3409 877 et
3429 819 3484 874 in
3512 832 3667 875 sacra
3680 832 3739 871 ac
3757 832 3858 885 pro.

2308 925 2431 981 fana
2457 922 2683 979 historia
2720 918 3105 982 versatissimo,
3151 913 3329 970 fabula
3374 909 3679 981 ignominiae
3721 923 3857 964 causa

2308 1017 2474 1074 fuerit
2496 1020 2820 1084 nuncupata.
2874 1011 2974 1068 Hic
3000 1018 3181 1065 autem
3208 1006 3441 1077 scriptor
3469 1003 3609 1059 adeo
3635 1001 3858 1058 solideac

2310 1124 2537 1166 nervose
2562 1108 2664 1163 tria
2690 1107 2872 1177 priora
2905 1103 3081 1174 capita
3107 1100 3360 1157 Historia:
3401 1097 3779 1154 Sirmondiauae
3800 1095 3856 1151 de

2309 1198 2797 1256 Pmdestinatianis
2821 1195 3083 1259 confutat,
3125 1200 3186 1248 ut
3220 1189 3524 1247 Ludovicus
3548 1185 3788 1242 Cellotius
3811 1186 3854 1239 in

2310 1293 2533 1350 historia
2551 1290 2997 1348 Gotteschalcana
3024 1288 3080 1342 in
3098 1300 3207 1357 qua
3219 1282 3526 1353 Maguinum
3541 1276 3851 1334 refellendum

2311 1384 2568 1454 suscepit,
2614 1382 2752 1437 libro
2790 1397 2851 1444 ιι,
2903 1393 3025 1449 cap.
3058 1376 3116 1442 2,
3161 1375 3255 1431 ubi
3294 1374 3362 1429 de
3406 1366 3851 1426 Przedestinatianis

2311 1475 2440 1544 agit,
2470 1488 2539 1528 ne
2565 1472 2788 1528 verbum
2825 1470 3041 1540 quidem
3087 1482 3187 1538 pro
3236 1480 3349 1521 suo.
3382 1460 3669 1520 Sirmondo
3703 1459 3851 1515 eidem

2310 1566 2565 1636 Maguino
2587 1579 2853 1636 reponere
2878 1562 3136 1634 potuerit.
3166 1579 3186 1613 ι
3221 1558 3495 1614 Hactenus
3518 1573 3569 1611 ν.
3592 1570 3642 1611 c.
3662 1553 3717 1609 In
3738 1568 3847 1610 eam-

2310 1657 2434 1714 dem
2462 1671 2625 1728 porro
2660 1655 2983 1717 sententiam
3006 1649 3381 1707 Il‘illemontius
3408 1648 3501 1719 (ο).

2391 1928 2469 1999 (d)
2498 1927 2705 1999 Neria...
2752 1927 2891 1982 Hist.
2920 1924 3103 1995 Pelag.
3136 1924 3228 1980 lib.
3261 1940 3317 1991 ιι,
3346 1938 3468 1993 cap.
3510 1920 3563 1985 4,
3593 1919 3714 1991 Opp.
3743 1928 3831 1973 tom

2315 1997 2358 2065 1,
2391 1997 2720 2140 ﬁlim,
2745 2066 2903 2124 Mém.
2932 2066 3090 2133 ccc-1.,
3115 2073 3245 2121 tom.
3278 2062 3418 2128 XVI,
3447 2077 3567 2133 pag.
3598 2059 3672 2114 l9.

639 2193 3817 2221 ——————————-__—_—_—-———-

1383 2306 1768 2369 SIRMONDI
1809 2305 2244 2369 PREFATIO
2287 2307 2368 2368 IN
2412 2307 3130 2371 PREDESTINATUM.

1287 2436 1521 2455 Ψ..-

705 2561 1134 2629 Quotiescunque
1170 2559 1235 2613 ad
1275 2569 1346 2624 te,
1373 2573 1406 2614 o
1439 2566 1649 2613 amator
1674 2557 1791 2623 Dei,
1820 2556 1987 2612 verba
2027 2556 2217 2613 docto-
2245 2563 2294 2624 B
2319 2572 2416 2627 per
2443 2556 2782 2613 sacerdotum
2802 2555 2919 2623 Dei,
2944 2571 3045 2611 nec
3072 2570 3169 2626 per
3187 2553 3589 2611 conversionem
3608 2568 3748 2616 suam,
3767 2568 3839 2613 net

642 2666 756 2706 rum
799 2650 1084 2718 attingunt,
1126 2648 1270 2703 illico
1314 2656 1449 2717 sunt
1465 2646 1677 2703 Domini
1703 2655 1971 2717 praecepta
2008 2661 2216 2702 memo-

641 2742 824 2807 randa,
856 2742 1049 2810 quibus
1084 2740 1274 2810 jubere
1302 2738 1549 2808 dignatur
1586 2748 1646 2795 ut
1672 2737 2013 2793 attendamus
2040 2738 2108 2792 ab
2132 2738 2217 2792 his

641 2832 726 2901 qui
752 2832 976 2886 veniunt
997 2830 1064 2886 ad
1094 2846 1191 2885 nos
1219 2831 1273 2883 in
1302 2830 1500 2884 vestitu
1526 2829 1726 2894 ovium,
1752 2842 1819 2882 ne
1851 2827 1950 2882 sub
1970 2827 2075 2881 hoc
2095 2835 2214 2896 teg-

637 2922 776 2975 mine
804 2920 1048 2990 luporum
1077 2920 1253 2974 rabies
1284 2919 1553 2975 occultata
1581 2918 1775 2973 ovilem
1817 2916 2215 2987 simplicitatem

636 3010 870 3065 invadat.
902 3008 1115 3064 Utinam
1142 3011 1271 3064 mihi
1302 3011 1477 3066 verbis
1501 3012 1603 3066 ista
1624 3010 1823 3065 dixisse
1844 3008 2134 3072 sulliceret,
2159 3016 2235 3082 et.

628 3117 764 3165 non,
781 3101 925 3171 quod
943 3109 1027 3155 est
1046 3116 1165 3155 cum
1182 3102 1411 3171 suspirio
1432 3102 1854 3167 memorandum,
1872 3099 2215 3155 manifestum

637 3195 707 3250 sit
733 3194 1009 3250 miscuisse
1034 3194 1240 3249 belluas
1259 3195 1405 3263 gregi
1433 3195 1710 3250 Dominico
1744 3213 1757 3247 :
1790 3194 1881 3264 qui
1909 3202 2058 3248 tanta
2087 3193 2215 3248 sub-

639 3285 830 3340 tilitate
847 3284 1179 3341 clandestino
1199 3284 1347 3339 hiatu
1370 3300 1487 3340 sese
1507 3285 1785 3339 catholicis
1815 3285 2209 3349 immerserunt,

636 3386 693 3432 ut
719 3378 823 3448 ipsi
849 3375 1021 3446 magis
1040 3376 1185 3432 cives
1212 3383 1520 3432 sanctorum
1548 3383 1604 3431 et
1622 3375 1904 3432 domestici
1926 3374 2046 3429 ﬁdei
2065 3375 2212 3430 aesti—

635 3475 866 3535 mentur,
911 3468 1002 3538 qui
1039 3467 1243 3523 inimici
1269 3466 1520 3523 Ecclesia:
1571 3474 1627 3522 et
1664 3467 1851 3523 hostes
1888 3466 2213 3521 dolosissimi

637 3560 1080 3631 comprobantur!
1114 3560 1365 3617 Dicentes
1402 3561 1511 3630 jam
1552 3561 1796 3616 homines
1836 3561 1909 3615 ita
1937 3560 2214 3631 praedesti-

559 3682 566 3689 ι
636 3658 790 3710 natos
817 3651 885 3705 ad
918 3659 1148 3708 mortem
1176 3668 1272 3724 per
1309 3652 1405 3707 Dei
1442 3654 1850 3722 praescientiam,
1892 3660 1950 3707 ut
1979 3653 2084 3708 illis
2112 3669 2214 3708 nec

635 3744 812 3816 passio
844 3739 1059 3811 Christi,
1092 3757 1193 3798 nec
1216 3742 1551 3812 baptismatis
1578 3742 1898 3813 redemptio,
1930 3758 2031 3797 nec
2058 3741 2208 3804 fides,

636 3850 733 3890 nec
772 3850 893 3907 spes
929 3834 1118 3905 possit,
1160 3849 1261 3889 nec
1298 3833 1532 3889 charitas
1576 3833 1881 3889 subvenire.
1923 3832 2107 3898 Orent,
2156 3841 2213 3887 et

2322 2665 2420 2720 per
2443 2649 2615 2718 legem
2655 2649 2985 2704 Dominicam
3006 2662 3065 2705 se
3090 2663 3249 2720 posse
3276 2647 3521 2703 invenire
3546 2646 3761 2703 conﬁdat.
3774 2646 3839 2699 Si-

2320 2740 2508 2807 lerem,
2547 2741 2737 2806 fateor,
2782 2747 2838 2796 et
2864 2754 3203 2809 nequaquam
3240 2738 3381 2811 stylo
3424 2746 3741 2809 percurrente
3764 2737 3841 2791 ista

2319 2831 2646 2902 detegerem,
2670 2832 2716 2886 si
2736 2831 2895 2886 toties
2918 2839 2976 2885 ut
3000 2837 3241 2886 tacerent
3262 2829 3543 2897 admoniti,
3570 2830 3734 2884 saltem
3758 2842 3840 2881 me-

2319 2923 2577 2979 diocriter
2611 2921 2974 2978 contentionis
3020 2936 3130 2977 suae
3174 2921 3437 2991 impetum
3485 2924 3841 2993 temperassent;

2320 3031 2430 3071 non
2459 3015 2622 3070 etiam
2651 3013 2907 3070 audacter
2925 3014 3026 3068 sub
3052 3011 3333 3081 Augustini
3354 3013 3570 3068 nomine
3591 3011 3735 3066 libros
3749 3007 3842 3064 ede-

2318 3114 2457 3168 rent,
2490 3114 2547 3161 et
2572 3105 2895 3175 scriptorum
2921 3120 3142 3161 suorum
3164 3103 3360 3174 jaculis
3387 3104 3616 3159 membra
3641 3104 3844 3158 immacu-

2317 3197 2442 3251 lata:
2469 3195 2658 3250 matris
2685 3203 2883 3250 nostrae
2921 3194 3172 3251 Ecclesia:
3210 3194 3571 3251 vulnerarent.
3602 3191 3715 3261 Quis
3738 3192 3845 3245 illius

2317 3298 2544 3355 matrem
2565 3302 2716 3342 suam
2738 3287 2871 3342 caedi
2899 3302 3005 3341 non
3034 3286 3251 3341 doleat?
3270 3286 3394 3355 quis
3421 3271 3710 3355 genitricem
3727 3296 3846 3337 suam

2322 3380 2595 3435 vulnerari
2618 3396 2725 3435 non
2751 3379 3007 3449 plangat?
3036 3379 3115 3433 An
3139 3377 3436 3433 tacebimus
3465 3379 3550 3432 illa
3577 3373 3847 3430 laborante?

2319 3470 2428 3528 Sed
2441 3471 2710 3527 silentium
2732 3480 2972 3528 nostrum
2990 3480 3169 3527 reatus
3181 3471 3480 3538 docebitur,
3500 3478 3550 3527 et
3563 3467 3850 3524 taciturnitas

2317 3563 2586 3618 videbitur
2613 3578 2731 3618 esse
2759 3577 3073 3617 consensus.
3108 3560 3281 3628 Quam
3307 3562 3447 3617 enim
3489 3568 3543 3616 tu
3574 3556 3846 3629 patientiam
3949 3626 3955 3637 '

2319 3657 2700 3712 taciturnitatis
2728 3665 2904 3725 putas,
2935 3656 3073 3710 hanc
3092 3650 3235 3709 'alius
3275 3652 3626 3710 conscientiam
3642 3662 3840 3718 perver-

2317 3748 2492 3803 sitatis
2520 3748 2791 3803 existimat
2816 3766 2828 3800 :
2853 3746 3149 3817 prms‘ertim
3176 3745 3222 3800 si
3247 3752 3297 3800 et
3315 3745 3424 3814 ipse
3449 3750 3626 3801 taceas,
3653 3742 3703 3790 et
3729 3749 3841 3789 eum

2318 3839 2411 3908 qui
2453 3838 2600 3909 loqui
2640 3838 2872 3894 voluerit
2908 3854 3006 3907 pro
3031 3836 3342 3891 defensione
3374 3833 3551 3889 matris
3573 3824 3843 3886 communis

635 3926 844 3998 jejuniis
871 3943 936 3983 ac
962 3926 1317 3999 eleemosynis
1355 3936 1714 3998 occupentur;
1751 3926 1915 3993 nulla,
1946 3926 2208 3996 inquiunt,
2240 3939 2289 4002 ο
2320 3931 2544 3986 forsitan
2591 3930 2750 3986 silere
2801 3928 3110 3999 compellas.
3160 3927 3294 3983 Cum
3339 3935 3543 3998 tempus
3580 3919 3770 3978 tacendi
3809 3926 3853 3971 et

645 4024 900 4089 poterunt
926 4018 1133 4072 ratione
1172 4016 1408 4082 liberari,
1430 4016 1554 4086 quia
1581 4033 1688 4073 non
1709 4024 1833 4072 sunt
1853 4016 2217 4088 praedestinati

643 4108 710 4163 ad
735 4108 919 4162 vitam.
967 4105 1220 4173 Econtra,
1268 4106 1324 4161 hi
1368 4122 1502 4176 quos
1544 4107 1940 4179 prmdestinatio
1995 4107 2215 4179 prmscia

637 4190 934 4250 futurorum
960 4195 1252 4265 dispunxit,
1277 4196 1568 4264 negligant,
1598 4205 1965 4263 contemnant,
1987 4206 2042 4252 et
2056 4198 2216 4267 justi-

637 4287 767 4341 tiam
788 4285 1009 4355 fugiant.
1040 4286 1130 4342 Sic
1154 4287 1242 4341 iSti
1270 4288 1435 4342 etiam
1462 4289 1708 4345 nolentes
1738 4292 2021 4346 trahuntur
2048 4291 2115 4344 ad
2133 4291 2215 4344 vi-

640 4384 767 4453 tam,
781 4376 920 4430 sicut
938 4373 1012 4428 illi
1028 4376 1268 4431 volentes
1289 4376 1356 4431 ad
1375 4378 1540 4433 vitam
1555 4380 1858 4450 pertingere
1879 4380 2217 4450 expelluntur

638 4467 691 4520 in
721 4474 968 4520 mortem.
1008 4464 1099 4521 Sic
1127 4466 1242 4521 istis
1271 4483 1377 4522 non
1402 4471 1707 4540 petentibus
1732 4472 1908 4537 datur,
1948 4472 2084 4525 sicut
2112 4465 2218 4526 illis

641 4557 942 4629 petentibus
972 4558 1281 4627 denegatur.
1323 4559 1392 4614 Et
1419 4560 1507 4616 isti
1545 4562 1757 4631 quidem
1781 4581 1887 4619 non
1915 4576 2218 4635 quaerentes

639 4648 926 4719 invenient,
953 4652 1028 4707 illi
1052 4660 1233 4709 autem
1253 4663 1554 4724 quaerentes
1584 4655 1821 4711 invenire
1839 4672 1948 4712 non
1971 4669 2212 4728 possunt.

532 4792 539 4799 .
638 4743 756 4798 Istis
795 4745 1010 4814 pietatis
1051 4746 1215 4815 janua
1256 4759 1363 4802 non
1402 4748 1734 4818 pulsantibus
1771 4761 2070 4817 reseratur;
2114 4751 2219 4807 illis

639 4842 815 4889 autem
872 4836 1015 4890 nulla
1071 4838 1280 4893 ratione
1333 4839 1572 4909 poterit,
1630 4840 1794 4894 etiam
1850 4842 2217 4912 pulsantibus,

639 4927 799 4981 etiam
860 4927 1210 4986 clamantibus
1273 4933 1487 5003 aperiri.
1548 4932 1678 5000 Quis
1727 4934 1867 4991 hanc
1904 4935 2060 4991 tidem
2114 4936 2217 4989 ha-

638 5018 769 5075 bens
822 5019 1159 5077 sacerdotum
1212 5023 1669 5081 benedictionibus
1733 5036 1895 5098 caput
1951 5015 2218 5083 inclinare

638 5108 942 5177 desideret,
999 5120 1056 5168 et
1111 5128 1294 5169 eorum
1359 5116 1462 5171 sibi
1517 5117 1766 5187 precibus
1828 5124 1885 5173 et
1940 5117 2215 5172 sacriﬁciis

635 5204 821 5261 credat
845 5220 1007 5276 posse
1033 5206 1308 5283 succurri?
1324 5205 1383 5262 Si
1403 5208 1541 5263 enim
1570 5209 1685 5265 haec
1710 5224 1812 5265 nec
1838 5209 2095 5279 prodesse
2119 5225 2216 5265 vo-

2322 4032 2536 4095 tempus
2564 4023 2816 4092 loquendi
2845 4025 2900 4076 in
2929 4022 2980 4076 id
3005 4022 3269 4093 sapientia
3295 4020 3477 4075 divina
3504 4014 3780 4075 instituerit,
3807 4018 3853 4063 ut

2322 4124 2379 4170 et
2406 4115 2665 4171 modestia
2708 4116 2762 4170 in
2802 4116 3035 4180 silentio,
3065 4124 3118 4169 ct
3158 4114 3297 4169 ratio
3344 4122 3490 4169 esset
3535 4111 3582 4166 in
3606 4106 3771 4168 verbo,
3800 4117 3850 4156 ne

2324 4207 2462 4263 ultra
2490 4207 2788 4262 honestatis
2817 4206 3100 4261 terminum
3150 4205 3519 4273 unusquisque
3558 4201 3764 4268 linguam
3788 4191 3850 4246 vel

2317 4307 2596 4369 promeret
2620 4300 2704 4354 vel
2724 4308 2951 4366 teneret,
2982 4306 3226 4367 essetque
3252 4298 3553 4365 loquacitas
3579 4296 3848 4364 importuna.

2322 4398 2418 4444 aut
2446 4390 2778 4445 taciturnitas
2800 4390 3087 4453 obstinata,
3132 4403 3253 4444 cum
3279 4395 3570 4457 utrumque
3597 4385 3766 4440 veniret
3806 4378 3848 4431 in

2322 4483 2530 4548 vitium,
2563 4483 2710 4551 loqui
2730 4482 2866 4538 velle
2892 4497 3015 4537 cum
3053 4496 3160 4536 non
3183 4479 3398 4545 debeas,
3423 4486 3480 4533 et
3509 4478 3645 4551 nolle
3661 4488 3757 4530 cum
3772 4470 3848 4524 des

2322 4575 2482 4639 beas;
2508 4573 2648 4628 istud
2668 4574 2828 4643 igitur
2853 4574 2906 4627 in
2929 4571 3244 4626 alterutrum
3272 4568 3579 4625 custodisse
3604 4566 3758 4623 habita
3779 4576 3850 4616 ra-

2292 4652 2469 4718 ltione
2498 4664 2783 4734 perdoceo,
2829 4679 2950 4718 cum
2988 4671 3175 4717 contra
3216 4661 3413 4715 librum
3457 4660 3614 4713 matri
3650 4652 3855 4711 Ecclesia:

2321 4754 2631 4809 tendentem
2662 4753 2879 4811 insidias
2917 4754 3083 4808 divini
3128 4752 3236 4808 oris
3264 4765 3413 4806 arma
3443 4750 3689 4822 corripio,
3715 4755 3776 4809 et,
3812 4749 3857 4796 ut

2322 4844 2607 4911 Goliae,ex
2634 4862 2732 4900 suo
2759 4844 2973 4899 sibimet
3001 4843 3199 4914 gladio,
3243 4842 3522 4898 conlidens
3561 4842 3616 4897 in
3652 4836 3857 4894 Domino.

2322 4938 2440 5005 ejus
2486 4922 2750 4992 cervicem
2798 4936 3034 4991 abscide.
3066 4935 3167 5003 Qui
3207 4934 3376 4989 tristis
3422 4933 3606 5001 fuerit,
3630 4945 3721 4988 suo
3742 4921 3860 4997 quasi

2324 5045 2441 5083 mus
2474 5027 2734 5100 prodetur
2757 5027 2980 5097 judicio,
3017 5043 3135 5083 cum
3162 5025 3245 5081 sui
3272 5038 3551 5081 murmure
3579 5021 3861 5079 Philistmum

2322 5136 2383 5175 se
2411 5136 2528 5175 esse
2556 5120 2822 5175 detexerit
2853 5138 2865 5172 :
2899 5133 3107 5173 mecum
3136 5124 3315 5172 autem
3338 5118 3691 5185 gratulabitur
3724 5106 3865 5167 omnis

2323 5213 2414 5280 qui
2442 5212 2743 5282 allophylus
2763 5226 2872 5268 non
2892 5219 2992 5266 est.
3015 5210 3180 5279 Igitur
3205 5222 3329 5266 cum
3349 5209 3584 5264 sollicite
3609 5205 3811 5263 celatur,
3825 5206 3866 5251 et

634 5294 888 5363 lentibus,
933 5312 1032 5352 nec
1057 5296 1247 5353 obesse
1272 5298 1577 5355 nolentibus
1616 5300 1874 5370 incipiant
1900 5300 2067 5367 credi,
2098 5316 2215 5357 ces-
2242 5308 2297 5367 D
2322 5304 2535 5359 occulte
2580 5303 2792 5372 legitur,
2824 5311 2879 5359 et
2919 5309 3076 5359 caute
3119 5300 3503 5365 conscribitur,
3549 5295 3753 5352 tandem
3787 5287 3865 5343 ali-

634 5391 830 5446 sabunt
851 5389 1031 5445 omnia
1055 5388 1152 5444 Dei
1178 5388 1517 5446 sacerdotum
1535 5391 1727 5456 studia,
1750 5399 1807 5446 et
1832 5390 2081 5446 universa
2105 5407 2217 5446 mo-
2319 5392 2554 5463 quando,
2577 5409 2683 5448 non
2704 5400 2816 5447 tam
2841 5393 3015 5451 editus
3030 5406 3193 5461 quam
3214 5389 3601 5459 deprehensus,
3624 5385 3690 5458 ad
3714 5391 3871 5437 manus

635 5481 871 5536 nitorum
898 5481 1217 5537 adminicula
1240 5496 1378 5537 vana
1404 5482 1725 5538 videbuntur
1759 5497 1878 5537 esse
1918 5480 2168 5550 ﬁgmenta
2196 5500 2210 5533 ε
2322 5495 2534 5542 nostras
2557 5487 2799 5558 pervenit
2840 5487 2991 5551 liber,
3022 5474 3115 5553 qui
3157 5483 3513 5552 Augustinum
3557 5478 3799 5535 mentitur
3827 5471 3871 5525 in

641 5578 801 5639 atque
845 5573 918 5628 ita
941 5574 1305 5645 unusquisque
1340 5574 1451 5628 suis
1497 5574 1599 5629 erit
1626 5574 1770 5629 vitiis
1814 5584 2125 5644 occupatus,
2155 5581 2216 5626 ut
2319 5577 2497 5640 titulo,
2520 5591 2641 5632 cum
2662 5593 2719 5632 se
2739 5576 3047 5631 haereticum
3067 5573 3315 5629 ostendat
3334 5572 3389 5627 in
3415 5581 3584 5628 textu.
3605 5571 3731 5637 Quis
3755 5564 3869 5621 enim

638 5658 918 5716 criminum
962 5680 1179 5720 suorum
1218 5666 1630 5721 delectationem
1658 5665 1754 5719 Dei
1783 5664 2212 5739 praedestinatio-
2321 5668 2527 5723 nesciat
2546 5666 2894 5737 Augustinum
2918 5665 3277 5741 orthodoxam
3297 5680 3511 5735 semper
3530 5648 3692 5719 fuisse
3712 5660 3872 5716 docto-

638 5760 767 5804 nem
790 5750 1074 5820 existimet,
1114 5756 1261 5832 etad
1299 5757 1500 5812 bonum
1539 5771 1572 5810 a
1608 5755 1752 5811 malo
1781 5754 2080 5823 transitum,
2110 5769 2213 5811 nec
2318 5772 2454 5825 rem,
2505 5766 2560 5814 et
2599 5767 2707 5814 tam
2754 5759 3036 5815 scribendo
3078 5772 3242 5828 quam
3294 5754 3616 5827 disputando
3654 5748 3875 5811 onitth

2246 5859 2289 5872 ο.
