4088 6346
315 398 461 464 589'

775 410 1364 469 PRAEDESTINATUS
1401 412 1555 469 SIVE
1595 398 2283 467 PRASDESTINATORUM
2307 380 2665 483 -ll.~EliESlS,
2721 417 3041 473 ETC.‘LIB.
3080 418 3123 475 ι.

3487 410 3595 481 590

313 526 449 599 etes,
491 539 692 589 aeterna
719 526 1063 591 damnatione
1092 531 1370 587 muletavit
1394 550 1405 584 :
1434 531 1637 587 docens
1664 530 1903 586 rationa-
1931 508 1985 591 Α
2009 528 2212 600 p'ellare
2239 528 2525 586 voluerunt
2543 572 2557 596 ,
2591 534 2743 603 quasi
2773 543 2992 606 propter
3020 536 3296 593 scientiam
3326 536 3596 598 excellen-

311 622 512 692 biliter,
556 623 850 682 secundum
895 632 1109 681 sanctas
1137 623 1442 695 Scripturas
1482 624 1679 680 veteris
1708 614 1900 679 Testa-

310 717 514 785 menti,
553 708 722 772 Deum
749 716 842 787 qui
868 732 992 773 cum
1019 712 1204 790 Moyse
1230 717 1454 773 locutus-
1472 704 1579 783 est,
1611 710 1754 771 hunc
1782 730 1903 771 esse

309 808 552 868 omnium
598 812 900 866 creatorem
922 852 938 880 ,
989 819 1044 866 et
1087 808 1222 865 nihil
1270 804 1325 866 in
1361 809 1625 865 creaturis
1653 805 1902 864 omnibus

307 920 430 961 esse
469 901 617 974 quod
663 895 835 975 possit
878 921 979 976 pro
1027 903 1111 960 sui
1157 914 1348 960 natura
1379 920 1498 960 esse
1524 892 1897 975 vituperabile.

305 994 503 1053 Omnia
550 994 695 1061 enim
740 1014 861 1069 qua:
892 992 1197 1071 ‘wlpabiha
1219 996 1546 1070 iudicantur,
1578 1005 1702 1054 actu
1725 1039 1741 1065 ,
1792 1013 1903 1053 non

304 1082 624 1148 conditione
652 1082 957 1164 culpantur.
1063 1150 1128 1218 Μ

377 1277 558 1334 Tertia
606 1277 827 1334 haeresis
868 1294 900 1333 a
944 1258 1174 1333 ﬁasilide
1202 1264 1668 1333 Basilidianorum.
1700 1276 1767 1331 Hi
1792 1284 1902 1332 tre-

299 1378 494 1427 centos
539 1372 818 1439 sexaginta
864 1379 919 1426 et
980 1371 1217 1441 quinque
1264 1370 1433 1427 cmlos
1476 1368 1603 1425 esse
1639 1371 1896 1439 dicentes,

300 1470 493 1520 contra
523 1461 761 1534 Moysem
790 1462 1115 1533 suscipiunt,
1149 1470 1203 1518 Et
1230 1463 1395 1519 Deum
1428 1463 1618 1518 horum
1640 1463 1900 1519 emlorum

300 1548 547 1610 Abrasax
577 1556 1020 1609 commemorant.
1067 1546 1222 1620 Quod
1262 1556 1460 1610 nomen
1492 1556 1518 1592 ι
1547 1551 1731 1609 Gmda
1760 1555 1900 1610 ratio

300 1636 605 1700 litterarum
653 1644 706 1699 iit
751 1643 892 1701 hanc
938 1642 1202 1701 summam
1252 1640 1594 1718 supputando
1623 1644 1895 1716 pertingit.

301 1726 582 1803 ΛΒΡΔΣΑΞ,
615 1728 668 1791 id
696 1734 811 1805 est,
842 1734 903 1803 Δ,
933 1744 1125 1804 unum,
1168 1742 1225 1794 et
1252 1749 1308 1803 B,
1340 1736 1466 1803 duo,
1496 1746 1551 1793 et
1579 1750 1629 1800 P,
1661 1746 1896 1803 centum,

304 1832 365 1886 et
391 1834 448 1897 Δ,
480 1836 666 1897 unum,
695 1828 751 1886 et
779 1840 837 1898 Σ,
870 1829 1099 1886 ducenta
1119 1872 1133 1897 ,
1164 1836 1219 1886 et
1248 1828 1305 1897 Α,
1338 1842 1533 1896 unum,
1575 1836 1631 1884 et
1658 1838 1713 1896 Ξ,
1746 1842 1901 1884 sexa-

2006 629 2136 686 tem,
2165 639 2286 678 cum
2315 625 2621 681 miseriores
2649 630 3015 698 superioribus
3044 646 3193 699 esse,
3225 649 3361 704 quos
3389 652 3594 694 memo-

2003 714 2257 783 ravimus,
2284 716 2633 781 haberentur.
2685 716 2895 777 Docens
2925 739 3019 779 eos
3045 726 3436 784 rationabiliter
3459 730 3592 786 bea-

2004 819 2091 865 tus
2121 807 2316 866 Paulus
2344 812 2623 881 apostolus
2652 829 2760 869 non
2783 813 2894 870 Deo
2916 804 3137 887 servire,
3170 821 3263 876 sed
3293 838 3391 878 suo
3418 828 3593 881 ventri

2004 900 2059 956 et
2089 892 2329 968 libidini,
2364 900 2578 959 inﬂatos
2606 920 2727 961 esse
2749 946 2763 971 ,
2815 915 2870 961 et
2896 906 3027 963 nihil
3057 912 3214 979 scire,
3246 921 3301 969 et
3328 924 3592 984 aegrotare

2004 993 2146 1049 circa
2176 996 2501 1063 quaestiones
2528 1004 2583 1053 et
2610 994 2899 1054 verborum
2926 1016 3149 1071 pugnas.

2738 1088 2847 1145 νη.

2074 1172 2617 1248 Carpocratianorum
2657 1181 2883 1252 septima
2925 1190 3008 1239 est
3048 1176 3295 1252 hzeresis,
3329 1204 3358 1242 a
3390 1188 3595 1260 Carpo-

2004 1279 2152 1326 crate
2199 1264 2452 1338 inventa,
2508 1273 2600 1343 qui
2647 1262 2875 1331 docebat
2920 1264 3221 1347 potestates
3247 1282 3597 1338 tenebrarum

2005 1358 2235 1418 transire
2274 1380 2380 1419 non
2425 1381 2614 1435 posse,
2649 1366 2749 1421 nisi
2794 1368 2938 1424 solos
2967 1384 3062 1425 eos
3090 1370 3181 1440 qui
3210 1372 3357 1427 omni
3387 1388 3447 1428 se
3476 1382 3594 1428 tur-

2002 1452 2235 1527 pitudini
2277 1458 2635 1515 miscuissent.
2697 1458 2761 1514 lli
2806 1461 3091 1518 Dominum
3139 1474 3381 1521 nostrum
3410 1465 3595 1523 Jesum

2004 1547 2071 1602 de
2101 1556 2331 1618 utroque
2358 1565 2490 1605 sexu
2518 1551 2758 1620 genitum
2788 1554 3099 1611 asserebant
3117 1595 3131 1620 ,
3164 1557 3259 1613 sed
3284 1558 3449 1614 talem
3478 1558 3594 1614 ani-

2005 1656 2146 1694 mam
2178 1636 2453 1713 accepisse
2481 1657 2600 1711 qua:
2628 1659 2858 1713 superna
2886 1646 3145 1702 caelorum
3175 1649 3352 1704 sciret.
3386 1649 3592 1705 Resur-

2006 1731 2304 1788 rectiOnem
2352 1734 2597 1806 corporis
2643 1734 3010 1805 denegantes,
3062 1740 3354 1809 prophetas
3400 1742 3592 1799 Testa-

2005 1824 2172 1878 menti
2201 1826 2400 1881 veteris
2438 1825 2891 1882 condemnabam.
2933 1827 3211 1885 Habebant
3247 1841 3425 1887 autem
3455 1833 3596 1888 Mar-

306 1922 487 1990 ginta,
539 1918 674 1975 ﬁunt
724 1921 780 1976 in
822 1926 1028 1977 summa
1059 1914 1181 1976 565.
1234 1920 1344 1977 Hos
1384 1918 1622 1977 Ecclesia
1664 1930 1724 1976 ut
1752 1935 1902 1975 ener-
1931 1906 1977 1977 Β
2006 1918 2255 1974 collinani
2284 1920 2571 1991 quamdam
2596 1964 2610 1988 ,
2662 1936 2780 1992 qua:
2807 1922 3067 1991 imagines
3106 1920 3233 1979 Jesu
3269 1930 3324 1979 et
3363 1912 3513 1980 Pauli
3542 1935 3598 1982 et

301 2026 564 2084 gumenos
590 2020 927 2086 computans,
952 2030 1059 2069 non
1082 2012 1413 2081 altercando,
1446 2009 1541 2068 sed
1569 2010 1902 2084 projiciendo

302 2100 599 2159 damnavit.

1066 2172 1154 2227 IV.

374 2287 579 2355 Quarta
623 2278 1010 2342 Nicolaitariint
1047 2284 1074 2325 δ
1104 2298 1136 2341 a
1182 2284 1404 2342 Nitolao
1432 2286 1651 2343 hazresls
1700 2284 1783 2343 cst
1812 2278 1905 2342 ad-

304 2379 544 2443 inventa,
576 2378 669 2450 qui
700 2392 839 2433 unus
867 2382 938 2432 ex
967 2382 1174 2449 septem
1205 2374 1522 2434 diaconibus
1550 2369 1616 2435 ab
1646 2379 1905 2451 apostolis

309 2467 591 2523 ordinatus
617 2470 718 2523 est.
752 2466 859 2522 Iste
887 2476 1009 2523 etim
1039 2464 1107 2522 de
1127 2468 1243 2523 zelo
1265 2464 1634 2539 pulcherrime
1652 2464 1905 2540 conjugis

307 2565 651 2634 culparetur,
700 2560 897 2618 docere
946 2563 1111 2634 coepit
1157 2563 1525 2619 indiil‘erenter
1576 2566 1775 2620 debere
1824 2563 1903 2618 uti

309 2652 632 2723 coniugibus
654 2697 668 2721 ,
723 2670 828 2709 non
856 2653 1029 2711 solum
1065 2652 1241 2721 laicis,
1271 2655 1365 2711 sed
1393 2656 1552 2710 etiam
1583 2656 1664 2712 his
1692 2654 1784 2726 qui
1811 2669 1900 2710 sa-

310 2744 539 2800 cerdotii
587 2744 936 2815 fungerentur
980 2742 1177 2803 ofﬁcio.
1229 2742 1343 2802 Hos
1371 2740 1644 2802 damnavit
1682 2754 1901 2802 sanctus

304 2834 544 2893 Joannes
589 2832 867 2908 apostolus
911 2834 967 2894 et
1015 2838 1377 2908 evangelista,
1430 2847 1484 2895 et
1506 2837 1664 2909 jussit
1692 2846 1749 2893 ut
1776 2840 1899 2910 qui-

304 2944 519 3001 cunque
568 2948 689 2988 cum
738 2934 817 2989 eis
884 2932 1323 2991 vcl.scrmonem
1363 2932 1617 3004 colloquii
1659 2934 1903 2989 miscuis-

307 3031 461 3090 sent,
510 3041 575 3079 ex
612 3025 714 3081 hoc
744 3026 860 3097 ipso
886 3027 1268 3083 communione
1296 3029 1672 3097 privarentur:
1705 3026 1906 3083 docens

310 3114 701 3171 rationabiliter
730 3131 759 3171 a
808 3119 992 3173 mundi
1031 3119 1236 3185 origine
1268 3118 1377 3173 Deo
1408 3119 1708 3173 castitatem
1738 3116 1906 3190 pluri-

306 3220 453 3261 mum
485 3208 777 3277 placuisse;
829 3218 974 3264 nunc
1020 3214 1198 3264 autem
1244 3209 1408 3264 etiam
1450 3210 1503 3264 in
1543 3210 1721 3279 seipse
1750 3204 1906 3265 Chri-

2006 2011 2323 2084 Pythagorae
2351 2015 2657 2087 phil050pbi
2678 2016 2914 2087 ponebat
2941 2012 2994 2072 in
3021 2012 3198 2073 medio
3224 2017 3409 2089 populi
3436 2035 3598 2088 quem

2006 2098 2340 2172 decipiebat,
2386 2112 2440 2159 et
2481 2104 2711 2161 iaciebat
2753 2116 2847 2162 eos
2877 2108 2958 2162 liis
2988 2107 3306 2175 imaginibus
3334 2108 3597 2163 honorem

2007 2192 2235 2250 Deitatis
2260 2195 2517 2251 exhibere
2547 2204 2600 2251 et
2629 2197 2908 2252 incensum
2932 2208 3156 2269 ponere.
3192 2192 3301 2252 llos
3327 2195 3600 2253 damnavit

2008 2286 2150 2355 apud
2195 2285 2431 2358 Cyprum
2478 2289 2667 2343 beatus
2728 2287 3003 2344 Barnabas
3043 2287 3240 2344 Christi
3288 2284 3636 2360 discipulus,

2008 2376 2210 2432 docens
2257 2394 2351 2433 eos
2401 2379 2677 2435 ministros
2722 2392 2841 2435 esse
2887 2380 3133 2447 Satanae,
3180 2387 3236 2435 et
3262 2396 3370 2435 non
3401 2378 3600 2436 debere

2007 2471 2291 2525 constituit
2325 2470 2687 2539 Christianum
2727 2475 2942 2544 penitus
2979 2476 3100 2529 cum
3141 2473 3224 2529 his
3252 2474 3453 2531 habere
3480 2489 3597 2531 ser-

2007 2576 2242 2616 monem.

2731 2635 2865 2692 Vill.

2077 2747 2279 2804 Octava
2328 2748 2548 2804 haeresis
2595 2750 3099 2815 Cerinthianorum,
3131 2767 3162 2805 a
3190 2750 3466 2806 Cerintho.
3510 2750 3602 2805 Di-

2007 2841 2203 2897 cebant
2228 2842 2487 2896 mundum
2524 2844 2595 2897 ah
2623 2841 2825 2911 angelis
2853 2843 3051 2897 factum
3071 2883 3086 2908 ,
3121 2841 3147 2880 ἀ
3179 2856 3340 2898 came
3368 2843 3598 2897 circum-

2009 2934 2115 2989 cidi
2144 2934 2345 2990 debere
2369 2974 2385 3001 ,
2435 2935 2634 2989 veteris
2677 2933 3006 2989 Testamenti
3044 2934 3336 2990 secundum
3367 2928 3601 2990 litteram

2011 3026 2210 3081 debere
2257 3033 2524 3097 prtecepta
2571 3028 2791 3099 servari.
2852 3024 3031 3082 Iesum
3071 3029 3342 3083 hominem
3368 3038 3601 3082 tantum-

2012 3116 2175 3172 modo
2220 3116 2386 3172 t‘uisse
2409 3155 2425 3183 ,
2478 3134 2585 3174 non
2613 3120 3001 3187 resurrexisse,
3036 3120 3129 3174 sed
3159 3120 3333 3174 adhuc
3360 3135 3602 3174 resurre-

2013 3216 2224 3263 cturum
2274 3224 2394 3264 esse
2440 3200 2829 3266 memorabant.
2890 3209 3000 3266 llos
3058 3212 3111 3266 in
3150 3210 3362 3266 Galatia
3399 3218 3603 3265 :eterno

306 3306 449 3352 stum
497 3294 595 3353 Del
632 3294 827 3353 Filium
874 3300 1139 3355 castitatis
1166 3299 1395 3369 gloriam
1441 3296 1747 3369 dedicasse,
1780 3310 1903 3357 cum
1931 3285 1978 3349 Ο
2014 3301 2356 3357 anathemate
2404 3301 2597 3357 beatus
2640 3304 2915 3373 apostolus
2958 3302 3157 3359 Paulus
3202 3303 3601 3358 condemnavit.

307 3390 569 3461 virginem
598 3392 881 3463 possidens
909 3402 1158 3461 matrem,
1181 3395 1335 3465 virgo
1362 3410 1663 3465 mansurus,
1698 3396 1903 3454 nulltim

308 3483 698 3555 discipulorum
748 3500 969 3542 suorum
1013 3488 1456 3545 commixtionem
1486 3490 1649 3545 etiam
1679 3490 1902 3561 legitimi

309 3574 545 3647 coniugii
574 3576 653 3631 uti
680 3578 944 3648 permisit,
978 3580 1162 3636 dicens
1187 3599 1199 3635 :
1234 3581 1296 3637 Si
1324 3585 1436 3655 quis
1466 3581 1572 3637 vult
1598 3585 1769 3638 venire
1788 3590 1905 3655 post

308 3669 657 3741 me,,abneget
701 3671 927 3743 seipsum
960 3670 1087 3737 sibi,
1124 3681 1174 3728 et
1214 3668 1363 3727 tollat
1399 3684 1600 3728 crucem
1644 3690 1807 3739 suam,
1855 3682 1905 3728 et

309 3774 554 3836 sequatur
572 3780 652 3818 me
675 3762 887 3836 (Matth.
915 3781 1024 3829 xvr,
1057 3764 1172 3838 24).

1065 3852 1134 3909 ν.

382 3942 579 4009 Quinta
607 3943 824 4000 haeresis
855 3945 1362 4003 Saturninianorum
1396 3955 1497 4012 est,
1530 3963 1560 4001 a
1590 3946 1901 4003 Saturnino.

314 4031 415 4089 Hic
441 4033 624 4089 docuit
670 4043 877 4105 septem
924 4036 1146 4105 angelos
1172 4038 1432 4092 mundum
1463 4039 1677 4107 fecisse,
1712 4042 1908 4108 quibus

317 4124 469 4179 cordi
496 4122 596 4179 fuit
640 4126 887 4181 libidines
934 4127 1207 4192 inserere,
1259 4136 1317 4182 ut
1345 4129 1471 4183 dum
1500 4146 1620 4186 sese
1647 4132 1906 4203 concupi-

313 4215 418 4271 scit
444 4227 511 4271 e‘x
540 4216 799 4273 alterutro
839 4217 1124 4274 diversitas
1152 4235 1339 4286 sexus,
1372 4221 1602 4277 mundus
1631 4239 1662 4278 a
1689 4224 1774 4279 sui
1804 4224 1909 4281 line

312 4304 616 4363 refrenatus
642 4308 813 4379 possit
841 4325 961 4365 esse
989 4319 1299 4380 perpetuus.
1344 4309 1455 4367 Hos
1481 4315 1906 4370 anathematiza-

311 4397 390 4453 vit
427 4398 619 4455 beatus
648 4397 883 4456 Thomas
924 4400 1123 4456 Christi
1171 4405 1476 4473 apostolus,
1510 4405 1711 4463 docens
1738 4409 1909 4464 ratio-

310 4490 564 4547 nabiliter
608 4493 865 4558 mundum
904 4494 1117 4550 initium
1148 4494 1429 4566 habuisse,
1461 4509 1514 4555 et
1537 4502 1663 4571 quia
1693 4503 1905 4559 initium

308 4585 538 4650 habuit,
590 4584 658 4641 ad
706 4584 866 4643 linem
912 4602 1032 4644 esse
1079 4599 1383 4647 venturum.
1442 4593 1675 4663 Angelos
1722 4588 1906 4651 autem

2011 3390 2121 3447 Hos
2150 3392 2382 3462 denique
2411 3394 2583 3462 tangit
2610 3394 2665 3448 in
2704 3410 2803 3449 sua
2829 3392 3071 3464 Epistola
3097 3408 3260 3463 quam
3290 3392 3357 3446 ad
3385 3390 3607 3446 Galatas

2010 3484 2174 3540 misit.
2800 3538 2805 3545 .

2740 3552 2884 3608 °lX.

2082 3666 2236 3722 Nona
2276 3667 2495 3722 haeresis
2542 3666 2961 3722 Nazarenorum.
3016 3664 3207 3722 Filium
3251 3665 3468 3737 quidem
3510 3665 3607 3721 Dei

2010 3760 2357 3824 conﬁtentur,
2400 3770 2617 3815 omnem
2645 3767 2824 3814 autem
2854 3761 3016 3814 ritum
3042 3759 3245 3815 veteris
3273 3756 3606 3813 Testamenti

2009 3853 2236 3908 Judaico
2282 3868 2433 3907 more
2473 3859 2812 3907 conservant.
2874 3849 2985 3917 Hos
3033 3850 3216 3905 docuit
3256 3848 3447 3903 beatus
3474 3862 3609 3917 apo-

1974 3932 1977 3935 ’
2012 3946 2186 4001 stolus
2229 3944 2425 3999 Paulus
2472 3945 2670 3997 debere
2709 3941 3021 4014 spiritalitei-
3066 3940 3371 4011 Scripturas
3412 3939 3606 3994 adver-

2013 4046 2161 4103 tere;
2187 4046 2241 4092 et
2269 4038 2368 4091 hos
2392 4039 2446 4092 in
2472 4035 2725 4090 Ecclesiis
2761 4036 2779 4073 τ
2808 4034 3017 4089 Galatia
3038 4032 3413 4104 deprehendit,
3447 4039 3611 4100 atque

2016 4144 2125 4184 non
2179 4128 2582 4184 consentientes
2637 4125 2895 4182 doctrina:
2954 4140 3065 4181 sua:
3112 4123 3438 4179 anathemati
3490 4137 3609 4178 esse

2015 4223 2314 4279 constituit.

2743 4289 2876 4344 ιςΧ.

2089 4406 2305 4462 Decima
2353 4393 2571 4459 haeresis
2617 4401 2860 4458 Ebionei.
2922 4400 3203 4458 Hominem
3240 4400 3411 4454 solum
3443 4397 3609 4455 fuisse

2014 4501 2300 4557 Dominum
2346 4491 2529 4554 Jesum
2581 4496 2851 4553 Christum
2901 4505 3172 4561 asserunt,
3216 4505 3271 4548 et
3299 4494 3430 4562 legis
3451 4508 3606 4565 man-

2013 4593 2140 4648 data
2188 4608 2339 4648 more
2390 4590 2614 4646 Judaico
2671 4589 3020 4645 custodienda
3076 4588 3430 4645 constituunt.
3498 4584 3608 4640 llos

306 4679 762 4751 oninipotentiam
792 4681 990 4738 habere
1031 4700 1139 4738 non
1167 4701 1354 4754 pes-se,
1388 4697 1443 4742 et
1482 4688 1603 4744 ideo
1644 4691 1904 4748 mundum
1934 4670 1989 4733 D
2014 4685 2191 4741 Lucas
2233 4684 2562 4753 evangelista
2607 4681 2748 4753 apud
2790 4681 3180 4735 Antiochenam
3209 4677 3492 4732 ecclesiam
3521 4676 3607 4728 in-

306 4786 408 4826 eos
461 4785 569 4827 non
624 4768 869 4844 potuisse
911 4777 1257 4832 constituere.
1320 4777 1666 4837 Conditorem
1716 4793 1900 4841 autem

304 4867 497 4924 mundi
542 4885 709 4925 unum
758 4886 875 4926 esse
900 4871 1098 4939 Deum,
1148 4888 1310 4942 quem
1349 4873 1561 4947 Moyses
1589 4880 1904 4948 praedicavit

304 4959 504 5015 fecisse
545 4961 741 5018 coelum
784 4968 840 5019 et
888 4970 1085 5018 terram
1103 5004 1118 5031 ,
1147 4973 1203 5019 et
1230 4981 1379 5022 mare
1408 4977 1462 5023 et
1490 4970 1670 5026 omnia
1697 4989 1817 5044 qua:
1846 4975 1904 5029 in

304 5050 394 5107 eis
422 5054 563 5108 sunt.

346 5133 350 5137 .
1060 5124 1148 5180 η

386 5238 793 5303 Sextahzeresis
812 5238 1218 5310 ~Gnosticorum,
1249 5243 1342 5312 qui
1369 5242 1738 5305 Gnosticosse
1761 5260 1783 5289 ο
1807 5265 1903 5321 ap—
1932 5280 1950 5291 -

389 5409 416 5439 ι
452 5398 593 5484 Leg.
637 5400 817 5458 (ἔπεσα
856 5405 1056 5471 ratione
1090 5418 1229 5460 cum-
1253 5402 1524 5463 Cetelerio
1554 5407 1620 5462 ad
1660 5406 1889 5464 Constit.

389 5478 494 5528 ost.
522 5472 613 5528 lib.
645 5490 719 5528 vr.
742 5489 861 5528 can.
886 5472 939 5528 8.
970 5484 1084 5528 not.
1112 5473 1165 5528 9.

309 5485 451 5543 apes
482 5512 494 5524 .
522 5478 613 5528 lib.
645 5490 719 5537 vr,
742 5489 802 5529 ea
848 5514 861 5527 .
886 5478 939 5541 8,
970 5484 1084 5529 not.
1112 5478 1165 5531 9.

309 5615 326 5625 _
390 5539 428 5625 Et
682 5490 1215 5625 Nicolausddiaconus
1254 5557 1595 5604 accusatores
1620 5565 1769 5615 suos,
1800 5552 1897 5625 ha—

459 5622 515 5696 et
541 5611 871 5696 defensores.
914 5608 1186 5696 Quosque
1220 5628 1468 5675 accurate
1514 5608 1766 5678 recenset
1797 5616 1907 5677 (ιο-ν

309 5684 563 5753 ιεΙθιδὶιιε,
595 5685 702 5741 loc.
728 5684 845 5751 cit.,
870 5689 980 5739 not.
1015 5684 1102 5739 l6.

396 5764 421 5827 ε
460 5753 561 5827 ξε.
592 5754 878 5827 Aug'iense,
912 5755 1183 5827 appellari.

394 5821 558 5905 ἦρξε.
591 5821 1041 5905 Δυᾷηηιξανὴοήί..
1135 5898 1144 5905 _
1250 5896 1327 5905 Α.
1402 5901 1411 5905 Α
1836 5898 1840 5902 ,

399 5903 428 5936 ⁸
461 5894 583 5957 Hoc
599 5894 763 5971 caput
787 5898 844 5959 in
868 5913 970 5958 ms.
1011 5897 1265 5972 Λαπίθηδὶ
1297 5896 1564 5959 decimum
1588 5912 1700 5972 est,
1734 5919 1794 5958 ac
1824 5898 1902 5960 sic

2014 4782 2238 4836 veniens
2284 4776 2700 4840 condemnavit,
2748 4774 2950 4828 docens
2998 4771 3245 4840 angelum
3294 4768 3492 4822 dixisse
3540 4766 3610 4820 ad

2015 4877 2239 4931 Mariam
2269 4893 2280 4928 :
2315 4874 2555 4955 Spiritus.
2575 4876 2785 4924 sanctus
2820 4867 3141 4937 superveniet
3176 4866 3229 4918 in
3258 4872 3339 4931 te,
3371 4871 3421 4918 et
3448 4864 3608 4918 virtus

2016 4970 2270 5026 Altissimi
2299 4956 2623 5023 obumbrabit
2645 4970 2711 5015 te.
2747 4960 2876 5015 Ideo
2897 4967 2945 5013 et
2972 4958 3027 5012 id
3057 4957 3193 5030 quod
3214 4973 3278 5011 ea:
3301 4965 3349 5011 te
3368 4963 3609 5009 nascetur

2017 5072 2273 5127 sanctum,
2299 5058 2563 5115 vocabitur
2589 5053 2760 5109 Filius
2791 5051 2888 5108 Dei
2921 5049 3071 5119 (Luc.
3104 5067 3140 5118 ι,
3170 5046 3280 5117 55).

2770 5145 2856 5201 X1.

2092 5246 2388 5304 Undecima
2427 5242 2645 5300 haeresis
2672 5238 3204 5297 Valentinianorum,
3238 5248 3275 5285 a
3296 5224 3604 5284 Valentino.

2017 5405 2218 5478 legitur
2244 5402 2505 5478 :VDecirna
2535 5400 2746 5456 hteresis
2790 5406 2868 5477 est
2906 5391 3332 5478 Natural-orum
3512 5377 3609 5478 13i-
3644 5452 3647 5453 ν

2730 5467 2901 5545 omnia
2952 5458 3127 5545 (ante?!

2024 5510 2152 5532 “uno
2180 5510 2278 5531 um
2322 5510 2653 5545 νυηιοιωιιηυυ
2671 5512 2685 5535 ,
2706 5530 2707 5533 η
2730 5510 2900 5523 Vm..."
3334 5536 3337 5539 γ
3402 5510 3433 5530 Υ
3534 5510 3540 5525 4

2022 5557 2262 5619 «ervam:
2308 5563 2424 5619 qm
2464 5539 2747 5619 οιινίειξςιηε
2791 5510 3609 5619 ρον,αηρξξξξειξιίεέθξξετίέεξξτμξ

2022 5578 2258 5613 Inuum,
2308 5578 2421 5619 Ἷαω
2464 5578 2747 5599 υηισσν⁹υ⁹¹⁸⁹
2792 5578 2866 5604 Ι⁸“”
2910 5578 3025 5609 “’””ἷ
3062 5596 3074 5609 ~
3144 5598 3147 5605 μ
3238 5600 3275 5609 γι
3406 5594 3411 5595 ⁷
3476 5594 3488 5605 ι
3532 5582 3539 5593 ’

2022 5636 2127 5674 non
2152 5618 2426 5675 οὸεενυαηι
2474 5611 2770 5672 carnaliter,
2820 5600 2911 5657 sed
2946 5593 3286 5664 spmtuatlter
3323 5578 3608 5666 intelligere

2020 5690 2333 5746 didicerunt.

2098 5759 2120 5799 ι
2159 5760 2341 5823 Forte,
2375 5754 2616 5809 eamne.
2716 5816 2728 5823 _

2094 5839 2118 5878 Β
2494 5806 2546 5875 in
2574 5835 2673 5873 ms.
2700 5816 2836 5886 Aug.
2860 5812 3065 5869 nonum
3091 5806 3193 5866 ﬁt.

2001 5902 2038 5924 τ’

1963 5946 2025 6061 ἑ
2053 6071 2059 6077 .
