4088 6346
525 358 625 416 591

1526 341 1899 435 ANONYMIJS
1938 344 2217 404 AUCTOR
2257 346 2777 408 PRAEDESTINATI

3701 357 3812 417 59!

525 479 596 534 lli
623 491 720 550 per
745 476 1019 546 Orientem
1046 474 1271 545 dispersi
1300 465 1535 541 graviter
1557 467 1653 524 Dei
1681 468 1977 526 Ecclesium
2003 470 2116 524 vul—
2139 476 2194 536 Α
2219 471 2424 541 primus
2470 471 2635 526 homo
2681 471 2977 536 amiserat,
3028 477 3332 528 revocatur.
3375 469 3652 541 Secunda,
3683 490 3812 532 cum

525 578 815 637 nerarunt,
859 569 1098 624 dicentes
1128 563 1449 637 profundum
1479 569 1534 618 et
1561 561 1725 616 altum
1754 577 1934 616 secum
1963 577 2112 617 com-

526 664 714 718 mixta.
773 660 855 715 Ex
881 643 1312 730 quibus'duobus
1331 700 1346 724 ,
1380 657 1524 712 velut
1547 671 1615 710 ex
1643 653 1925 725 conjugio,
1958 671 2114 710 mun-

525 752 655 808 dum
679 753 1037 824 processisse:
1063 751 1230 806 altum
1259 749 1500 806 dicentes
1525 747 1761 811 Patrem,
1791 745 2113 818 profundum

529 843 741 908 Filium,
773 859 1004 914 eumque
1030 843 1166 898 nihil
1194 842 1547 913 assumpsisse
1575 841 1641 896 de
1680 839 1847 894 Maria
1874 839 2109 908 virgine;

525 935 622 991 sed
651 936 799 990 illum
819 977 832 1004 ,
867 945 1122 1006 tanquam
1171 952 1366 1006 aquam
1395 951 1494 1007 per
1535 935 1706 991 rivum
1737 942 1828 988 aut
1856 933 2109 1003 fistulam,

525 1029 644 1084 sine
672 1029 778 1084 ulla
803 1030 980 1085 carnis
1013 1030 1376 1100 assumptione
1409 1029 1681 1084 transisse.
1717 1027 1906 1083 Carnis
1933 1034 2113 1100 autem

525 1121 977 1177 resurrectionem
1008 1121 1332 1178 omnimodis
1359 1121 1705 1190 denegantes.
1752 1120 1862 1176 Hos
1891 1120 2114 1174 anathe-

523 1211 799 1267 matizavit
845 1213 1038 1269 beatus
1091 1213 1378 1270 Zacchaeus
1423 1211 1766 1268 Caesariensis
1804 1212 2108 1282 episcopus,

521 1300 725 1359 ducens
774 1304 1059 1359 Dominum
1107 1312 1351 1359 nostrum
1398 1302 1582 1359 Jesum
1609 1303 1912 1370 Christum,
1943 1304 2112 1359 Deum

521 1407 712 1448 verum
762 1410 1058 1464 verumque
1104 1395 1376 1451 hominem
1400 1437 1414 1462 ,
1476 1411 1574 1466 per
1619 1395 1857 1465 virginea
1903 1403 2111 1451 secreta

529 1487 792 1542 transisse
807 1528 820 1552 ,
848 1503 915 1542 ex
932 1489 1136 1543 semine
1148 1489 1316 1544 David
1344 1490 1638 1544 secundum
1649 1505 1886 1556 carnem,
1905 1490 1996 1545 sed
2013 1490 2113 1546 ho-

523 1577 729 1632 minem
749 1588 771 1616 ⁸
789 1593 911 1638 t'ere
922 1589 1125 1646 natum,
1142 1597 1270 1636 vere
1282 1598 1518 1652 passum,
1539 1599 1663 1638 vere
1675 1593 1965 1650 mortuum,
1986 1599 2112 1640 vere

521 1672 882 1727 resurrexisse
904 1688 934 1726 a
983 1674 1237 1740 mortuis,
1281 1684 1336 1729 et
1365 1691 1492 1730 vere
1519 1677 1826 1732 ascendisse
1855 1678 1907 1730 in
1937 1679 2111 1734 cmlis;

1265 1787 1376 1842 XII.

589 1874 916 1932 Duodecima
955 1879 1174 1934 haeresis
1203 1879 1228 1917 δ
1259 1880 1740 1937 Secundianorum.
1793 1881 1910 1938 Hoc
1936 1883 2110 1938 solum

516 1985 547 2023 a
570 1967 963 2026 Valentinianis
995 1971 1216 2038 distant,
1238 1975 1363 2044 quia
1383 1974 1584 2030 addunt
1610 1977 1734 2031 huic
1759 1985 1920 2032 sectae
1947 1977 2108 2032 etiam

517 2063 905 2132 turpitudinem
955 2067 1238 2136 corporis,
1281 2082 1442 2136 quam
1485 2068 1637 2138 quasi
1667 2069 1743 2122 illi
1769 2069 2109 2140 pseudocasti

515 2155 790 2210 declinare
814 2172 873 2212 se
901 2157 1176 2213 simulant.
1237 2157 1348 2214 Hos
1374 2159 1648 2216 damnavit
1690 2160 1954 2218 Diodorus
1990 2163 2107 2233 epi-

513 2261 716 2317 scopus
739 2246 1034 2305 Cretensis.

1242 2345 1378 2401 XIII.

589 2453 770 2511 Tertia
807 2455 1012 2511 decima
1051 2457 1268 2514 haeresis
1301 2470 1323 2498 ο
1354 2458 1721 2528 Ptolemeitae,
1753 2478 1784 2517 a
1815 2461 2107 2520 Ptolemmo

509 2543 784 2601 Valentini
809 2547 1200 2619 discipulo,qui
1224 2551 1361 2606 hanc
1382 2553 1626 2608 eamdem
1657 2555 1902 2610 haeresim
1931 2557 2108 2613 acrius

511 2637 843 2708 disputando
889 2640 1169 2711 dispersit;
1219 2643 1311 2712 qui
1359 2644 1553 2700 eodem
1591 2652 1834 2717 tempore
1861 2664 1893 2702 a
1921 2658 2108 2704 sancto

510 2728 773 2785 Zacchaeo
803 2747 962 2802 supra
991 2741 1292 2791 memorato
1321 2736 1578 2808 episcopo
1603 2737 1918 2795 Cmsariensi
1953 2741 2105 2795 dam-

511 2832 674 2879 natus
730 2834 854 2881 est-
899 2826 1156 2883 Hteresim
1222 2838 1402 2886 tamen
1453 2832 1743 2902 pessimam
1791 2850 1888 2905 per
1939 2834 2105 2890 multa

520 2917 697 2985 Spatia
727 2917 958 2974 Orientis
986 2920 1256 2991 dispersit.

1236 3015 1372 3071 XIV.

579 3099 783 3167 Quarta
814 3104 1020 3160 decima
1051 3107 1270 3162 haeresis
1306 3125 1335 3163 a
1364 3108 1546 3166 Marco
1577 3087 1810 3182 qu\odam
1840 3122 1923 3168 est
1952 3113 2101 3170 adin-

505 3201 670 3249 vcnta
699 3213 709 3246 :
743 3196 834 3264 qui
873 3212 1072 3266 negans
1113 3203 1566 3258 resurrectionem
1594 3207 1799 3272 carnis,
1831 3208 2103 3265 Christum
2128 3241 2177 3307 ο

506 3302 620 3341 non
656 3303 780 3342 vere
809 3304 1058 3358 passum,
1103 3293 1194 3346 sed
1250 3295 1490 3363 putative
1542 3299 1842 3353 conabatur
1890 3309 2100 3356 astrue-

503 3391 588 3433 re.
619 3378 774 3435 Hunc
821 3390 1038 3437 sanctus
1087 3382 1368 3451 Clemens,
1420 3389 1706 3461 episcopus
1747 3390 2024 3450 Romanus
2049 3403 2105 3450 et

504 3470 705 3526 Christi
737 3473 1082 3543 dignissimus
1111 3487 1335 3550 martyr,
1366 3477 1488 3535 ﬁxis
1516 3489 1572 3536 et
1597 3482 1822 3553 integris
1848 3479 2116 3542 assertio?

507 3563 668 3616 nibus
715 3567 1036 3633 confutans,
1092 3579 1146 3624 et
1192 3586 1375 3625 coram
1423 3573 1571 3626 omni
1599 3573 1759 3644 plebe
1787 3576 1842 3630 in
1872 3577 2102 3634 ecclesia

506 3653 769 3724 detegens
791 3697 806 3720 ,
848 3667 1048 3714 :eterna
1090 3661 1438 3720 damnatione
1467 3667 1677 3736 'punivit
1702 3686 1713 3720 :
1747 3668 1946 3726 docens
1973 3685 2102 3726 vere

505 3754 696 3800 natum
741 3756 796 3803 et
843 3765 1056 3819 passum
1105 3751 1389 3809 Dominum
1436 3765 1683 3813 nostrum
1719 3758 1901 3815 Iesum
1940 3761 2100 3817 Chri-

501 3844 649 3894 stum
667 3878 681 3903 ,
715 3840 845 3894 nihil
867 3842 934 3895 ab
955 3858 1021 3897 eo
1049 3843 1102 3896 in
1122 3845 1406 3914 phantasia
1426 3847 1626 3905 factum
1649 3867 2097 3921 commemorans,

505 3938 563 3985 et
587 3931 868 3989 evidenter
895 3936 1185 3992 ostendens
1207 3939 1354 4008 quod
1385 3942 1580 3998 veritas
1609 3943 1823 4001 inimica
1855 3945 2100 4003 falsitatis

505 4022 699 4078 falsum
730 4025 781 4078 in
823 4041 882 4081 se
922 4028 1053 4082 nihil
1084 4030 1282 4087 habere
1310 4035 1548 4104 potuerit
1573 4055 1585 4089 :
1628 4037 1767 4094 sicut
1796 4053 1895 4095 nec
1925 4039 2015 4095 lux
2045 4042 2098 4096 in

503 4129 567 4168 se
614 4117 864 4172 tenebras
911 4119 1110 4176 habere
1140 4132 1350 4192 potest,
1404 4143 1504 4183 nec
1540 4128 1845 4186 benedictio
1873 4133 2098 4188 maledi-

509 4205 767 4272 ctionem,
798 4225 899 4264 nec
927 4209 1156 4267 dulcedo
1185 4217 1626 4286 amaritudinem;
1659 4231 1713 4276 et
1741 4224 1787 4276 si
1817 4224 1917 4278 ista
1945 4242 2096 4280 com-

511 4296 724 4352 misceri
766 4309 1015 4368 possent,
1064 4303 1231 4358 Deum
1262 4315 1442 4364 tamen
1472 4311 1656 4368 docuit
1682 4315 1962 4373 mendacio
1993 4319 2096 4372 im-

507 4386 771 4455 possibile
798 4404 918 4445 esse
944 4393 1179 4449 misceri.
1680 4390 1696 4400 ’

1238 4490 1356 4548 XV.

2218 561 2593 618 immaculatus
2621 563 2714 633 qui
2741 571 2857 619 erat
2884 571 3139 634 peccator
3161 563 3412 620 efficitur.
3456 564 3656 631 Tertia,
3683 583 3806 624 cum

2218 669 2286 710 ex
2317 662 2456 709 terra
2487 671 2686 728 corpus
2713 637 2986 711 mortuum
3013 655 3383 714 suscitabitur.
3423 657 3653 726 Quarta,
3684 676 3808 716 cum

2218 747 2395 803 anima
2442 748 2509 804 de
2558 749 2754 806 inferni
2807 750 3054 806 claustris
3100 751 3324 807 eruitur.
3386 750 3623 820 Quinta,
3661 753 3807 824 quod

2217 841 2396 896 anima
2442 842 2676 913 paradisi
2724 842 3060 898 habitatione
3108 843 3342 911 laetatur,
3378 859 3662 917 quousque
3689 863 3809 902 cor-

2217 950 2320 1004 pus
2347 951 2503 991 suum
2551 935 2954 1007 incorruptibile
3000 937 3249 1008 recipiat.
3302 935 3469 994 Sexta
3496 939 3642 1009 quod
3672 939 3812 995 ﬁlios

2224 1024 2244 1065 ί
2286 1027 2400 1084 Deo
2430 1026 2557 1085 facit
2581 1028 2672 1100 qui
2700 1038 2856 1084 erant
2884 1028 2977 1084 ﬁlii
3003 1028 3151 1084 Adae.
3208 1027 3448 1101 Septima
3468 1069 3484 1096 ,
3511 1029 3655 1100 quod
3682 1029 3812 1088 facit

2216 1118 2490 1176 hominem
2529 1121 2679 1191 regni
2715 1122 2975 1178 caelorum
3017 1137 3137 1178 esse
3163 1122 3498 1194 participem.
3555 1121 3664 1177 Has
3689 1139 3811 1179 esse

2215 1211 2389 1267 sancti
2417 1211 2649 1282 Spiritus
2671 1212 2872 1269 formas
2896 1213 2950 1268 in
2979 1221 3189 1284 septem
3211 1213 3456 1270 ecclesiis
3473 1254 3489 1280 ,
3519 1213 3574 1268 in
3600 1222 3808 1284 septem

2215 1305 2385 1361 oculis
2413 1313 2470 1362 et
2492 1307 2546 1362 in
2574 1314 2783 1377 septem
2813 1305 3150 1362 candelabris
3177 1306 3356 1363 aureis
3384 1305 3695 1362 collocatas.

2946 1419 3086 1474 XVI.

2287 1510 2452 1568 Sexta
2502 1511 2711 1567 decima
2741 1511 2961 1567 haeresis
3004 1511 3503 1575 Heracleonitarum
3539 1510 3606 1567 ab
3634 1507 3832 1567 Hera-.

2214 1604 2403 1660 cleone
2451 1603 2737 1660 adinventa
2787 1611 2900 1670 est;
2963 1619 3084 1674 qua:
3118 1592 3464 1675 baptizatum
3511 1603 3802 1670 hominem,

2215 1698 2332 1753 sive
2355 1697 2580 1767 justum,
2613 1698 2726 1753 sive
2753 1705 3126 1768 peccatorem,
3159 1697 3280 1753 loco
3305 1697 3478 1753 sancti
3505 1697 3805 1768 computari
3837 1691 3840 1695 ’

2213 1789 2478 1845 docebat:
2512 1789 2754 1858 nihilque
2801 1785 2994 1844 obesse
3039 1789 3324 1860 baptizatis
3351 1796 3574 1860 peccata
3601 1804 3804 1844 memo-

2142 1860 2190 1922 Β
2216 1884 2372 1938 rabat
2394 1924 2408 1949 ,
2458 1883 2644 1938 dicens
2665 1923 2680 1948 ,
2732 1884 2873 1938 sicut
2906 1899 3014 1938 non
3056 1883 3108 1937 in
3147 1897 3206 1938 se
3234 1883 3425 1953 recipit
3453 1891 3645 1937 natura
3675 1881 3801 1950 ignis

2213 1976 2354 2045 gelu,
2389 1976 2460 2029 ita
2485 1975 2790 2046 baptizatus
2818 1990 2926 2029 non
2953 1974 3006 2027 in
3035 1990 3093 2030 se
3117 1975 3306 2044 recipit
3327 1981 3624 2044 peccatum.
3660 1971 3800 2027 Sicut

2216 2068 2358 2123 enim
2389 2067 2527 2136 ignis
2555 2068 2778 2123 resolvit
2805 2075 3027 2138 aspectu
3053 2083 3152 2122 suo
3182 2067 3353 2132 nives,
3375 2074 3797 2136 quantaecunque

2208 2159 2364 2230 juxta
2393 2160 2531 2225 sint,
2576 2160 2654 2216 sic
2675 2159 2843 2216 semel
2871 2159 3173 2230 baptizatus
3202 2174 3308 2214 non
3338 2159 3532 2230 recipit
3559 2167 3793 2228 peccatu-

2213 2265 2334 2304 rum
2359 2257 2568 2304 reatum
2591 2289 2606 2314 ,
2660 2249 2826 2304 etiam
2854 2250 3140 2319 quantavis
3176 2249 3378 2305 fuerint
3404 2249 3662 2320 operibus
3692 2249 3792 2318 ejus

2210 2351 2436 2413 peccata
2462 2343 2754 2412 permixta.
2815 2341 2915 2398 Hic
2952 2343 3008 2397 in
3036 2343 3278 2413 partibus
3307 2341 3503 2398 Sicilize
3533 2343 3785 2398 inchoavit

2210 2435 2428 2491 docere.
2488 2434 2689 2492 Contra
2739 2436 2884 2492 hunc
2923 2445 3281 2508 susceperunt
3324 2436 3567 2507 episcopi
3590 2437 3778 2491 Siculo-

2211 2542 2330 2581 rum
2353 2567 2369 2592 ,
2423 2536 2454 2574 ες
2500 2525 2819 2583 Eustachius
2873 2526 3229 2599 Lilybaeorum
3281 2537 3337 2584 et
3381 2525 3786 2584 Panomeorum

2211 2616 2544 2672 Theodorus.
2620 2617 2829 2688 Quique
2895 2609 3137 2673 omnium
3202 2619 3294 2688 qui
3342 2616 3371 2655 ¹ι
3420 2634 3517 2689 per
3569 2618 3789 2673 Siciliain

2215 2719 2372 2764 erant
2417 2711 2794 2780 episcoporum
2837 2710 3101 2782 synodum
3145 2719 3450 2777 exorantes,
3494 2713 3661 2780 gestis
3680 2705 3791 2766 eum

2218 2802 2404 2858 audire
2430 2802 2804 2868 decreverunt,
2839 2812 2894 2858 et
2919 2804 3198 2859 universas
3226 2805 3554 2860 assertioncs
3581 2803 3695 2872 ejus
3720 2801 3792 2855 di-

2210 2895 2450 2965 rigentes
2475 2897 2543 2951 ad
2586 2905 2832 2952 sanctum
2873 2897 3237 2953 Alexandrum
3278 2896 3438 2952 Urbis
3465 2898 3786 2968 episcopum,

2217 2997 2546 3058 rogaverunt
2582 2997 2640 3043 ut
2675 2989 2743 3045 ad
2789 3005 2913 3044 eum
2941 2977 3324 3056 confutandum
3353 2988 3557 3059 aliquid
3585 2987 3790 3044 ordina-

2206 3089 2311 3139 ret.
2377 3081 2529 3138 Tunc
2575 3091 2792 3138 sanctus
2836 3082 3157 3149 Alexander,
3208 3082 3277 3138 ad
3323 3082 3531 3151 singula
3579 3095 3790 3152 qumque

2208 3175 2388 3246 capita
2417 3174 2572 3247 hydri
2600 3175 2837 3242 singulos
2861 3174 3067 3244 gladios
3096 3175 3191 3229 Dei
3217 3175 3378 3230 Verbi
3402 3175 3472 3230 de
3499 3174 3686 3243 vagina
3714 3173 3789 3226 di-

2207 3269 2347 3324 vinae
2374 3268 2509 3337 legis
2534 3251 2774 3337 ejiciens,
2808 3268 3000 3322 librum
3028 3275 3217 3323 contra
3248 3265 3630 3322 Heracleonem
3658 3264 3790 3321 ordi-

2208 3375 2346 3416 nans
2363 3401 2378 3426 ,
2419 3359 2873 3415 ferventissimum
2903 3359 3118 3427 ingenio
3145 3357 3496 3413 Sabinianum
3523 3357 3788 3429 presbyte-

2206 3467 2325 3508 rum
2354 3451 2668 3516 destinavit;
2718 3451 2808 3520 qui
2859 3457 2913 3505 et
2942 3451 3154 3520 scriptis
3191 3447 3207 3486 ί
3242 3450 3511 3521 episcopi,
3533 3456 3585 3504 et
3608 3463 3784 3504 asser-

2211 3543 2362 3600 tione
2389 3557 2486 3598 sua
2515 3543 2590 3597 ita
2619 3557 2741 3597 eum
2789 3541 3125 3607 confutaret,
3165 3551 3224 3596 ut
3251 3550 3410 3598 nocte
3435 3542 3598 3597 media
3627 3542 3781 3596 navis

2204 3618 2454 3708 praesidio
2483 3636 2694 3707 fugeret
2733 3642 2788 3691 et
2816 3635 2957 3691 ultra
2986 3635 3206 3690 ubinam
3248 3635 3540 3690 devenisset
3563 3634 3776 3702 penitus

2205 3729 2385 3784 nullus
2412 3729 2596 3785 sciret.
3140 3753 3144 3758 ·

2921 3797 3078 3853 XVII.

2274 3889 2516 3961 Septima
2544 3890 2751 3946 decima
2781 3890 3002 3945 haeresis
3029 3888 3364 3960 Ophitarum.
3402 3885 3463 3941 Ili
3489 3901 3518 3941 a
3543 3883 3774 3940 colubro

2204 3984 2464 4038 nominati
2494 3992 2637 4038 sunt.
2688 3967 2924 4038 Coluber
2971 3983 3147 4048 enim,
3180 3981 3365 4037 Graece
3393 3980 3539 4051 ophis
3562 3977 3782 4033 dicitur.

2202 4074 2416 4131 Habent
2445 4090 2573 4144 ergo
2600 4075 2879 4130 colubrum
2901 4082 3177 4130 assuetum
3201 4089 3390 4130 eorum
3419 4087 3580 4144 panes
3605 4071 3790 4140 lingua

2201 4168 2474 4233 lambere,
2505 4177 2666 4237 atque
2697 4169 2768 4224 ita
2799 4184 2865 4224 ex
2904 4186 2964 4224 se
2992 4169 3138 4224 velut
3167 4167 3555 4224 Eucharistiam
3584 4167 3791 4221 sancti-

2203 4260 2408 4317 ficare.’
2438 4262 2610 4328 Quem
2658 4262 2938 4318 colubrum
2984 4277 3138 4318 suum
3187 4261 3460 4318 Christum
3497 4261 3792 4331 appellant.

2199 4352 2404 4409 Contra
2457 4354 2557 4409 hos
2603 4364 2957 4425 susceperunt
2992 4355 3256 4428 Bithynia:
3284 4354 3581 4424 provincia:
3612 4369 3793 4409 sacer-

2153 4451 2164 4470 ‘
2198 4445 2392 4512 dotes,
2444 4445 2496 4500 id
2537 4455 2619 4501 est
2665 4447 2901 4503 civitatis
2942 4445 3319 4503 Chalcedonia:
3367 4453 3423 4501 et
3469 4444 3795 4501 Nicomedia:

2200 4539 2440 4608 episcopi
2470 4536 2789 4594 Theocritus
2835 4548 2891 4593 et
2935 4538 3201 4602 Evander,
3246 4545 3300 4592 et
3328 4537 3684 4593 confutantes
3709 4551 3796 4592 eos

523 4609 530 4620 '
573 4597 776 4701 ῼυὶηῑξξ
818 4601 1024 4661 decima
1050 4606 1284 4701 Incresis
1323 4609 1350 4648 ἀ
1380 4611 1766 4672 Colorbasiana
1795 4633 1826 4674 a
1857 4629 1880 4658 °
1910 4620 2100 4676 Colur-
2123 4621 2178 4684 Β
2203 4597 2415 4700 publice
2444 4637 2788 4698 superarunt,
2821 4637 2982 4700 atque
3010 4637 3396 4701 superventum
3426 4629 3703 4685 facientes
3729 4629 3803 4684 eis

391 4711 399 4723 '
503 4693 658 4753 basio
686 4695 996 4754 adinventa.
1049 4698 1226 4756 Vitam
1255 4719 1470 4760 omnem
1500 4709 1777 4765 hominum
1806 4713 1860 4767 in
1887 4723 2094 4784 septem

505 4788 678 4844 stellis
701 4805 824 4844 esse
852 4792 1101 4861 positam,
1120 4801 1192 4880 oet
1219 4795 1318 4852 has
1346 4806 1549 4868 septem
1581 4799 1866 4870 Ecclesias,
1895 4813 1952 4860 et
1981 4822 2095 4876 sep-

506 4887 616 4934 tem
669 4881 986 4938 candelabra
1044 4883 1206 4942 aurea
1261 4891 1559 4948 conabatur
1613 4902 1873 4952 astruere.
1943 4898 2098 4955 Hunc

503 4979 724 5027 sanctus
773 4970 1081 5031 Theodotus
1127 4977 1194 5033 de
1242 4978 1502 5052 Pergamo
1543 4987 1825 5059 episcopus
1847 5029 1861 5054 ,
1915 4972 2094 5046 habita

500 5064 712 5134 synodo
761 5074 966 5134 septem
1010 5069 1406 5142 episcoporum,
1453 5078 1966 5137 anathematizavit:
1999 5083 2096 5139 do-

507 5171 637 5212 cens
682 5165 891 5227 septem
918 5156 1190 5217 Ecclesias
1235 5164 1290 5218 in
1335 5168 1635 5237 septiformi
1675 5171 1865 5242 spiritu
1897 5189 2093 5229 conse-

499 5256 700 5302 cratas.
755 5246 867 5304 Una
898 5249 1069 5308 forma
1097 5263 1208 5324 est,
1254 5255 1453 5327 inquit,
1494 5277 1616 5317 cum
1644 5263 1698 5318 in
1728 5252 2090 5336 forma'quam

575 5423 604 5488 ξι
641 5416 739 5488 Ms.
769 5418 932 5488 Aug.,
964 5437 1154 5476 verum.

570 5483 603 5524 δ
641 5487 738 5557 Ms.
773 5483 934 5557 Aug,
967 5492 1440 5554 Evandrianorum.

577 5566 603 5630 ξ
643 5556 740 5630 his.
771 5556 930 5630 Aug.,
959 5561 1304 5621 Ptolemaitw.

496 5664 498 5666 τ
575 5622 604 5663 ά
774 5622 1354 5699 Attg.,~Colobrasianu.

581 5707 606 5768 ξ
645 5695 743 5768 bis.
777 5695 937 5768 Aug,
970 5701 1292 5761 Colobrasio.

584 5765 605 5803 ¹
647 5764 744 5839 Ms.
777 5764 936 5839 Aug.,
968 5772 1085 5826 Dei.

578 5846 607 5885 ι
647 5836 745 5894 Ml.
780 5836 936 5909 Aug,
968 5841 1254 5899 Eustasius.

1431 5923 1462 5936 κ

2199 4738 2296 4792 per
2342 4721 2568 4788 collegia
2618 4736 2836 4785 eorum,
2875 4722 2927 4776 in
2971 4716 3265 4795 Bithynia',
3303 4729 3364 4776 ut
3391 4721 3528 4786 dixi,
3561 4722 3806 4793 partibus

2197 4829 2298 4884 per
2317 4813 2686 4883 possessiones
2713 4814 2958 4870 clanculo
2987 4815 3076 4869 ubi
3105 4816 3218 4870 haec
3245 4815 3357 4886 ipsa
3386 4817 3806 4885 perpetrabant,

2201 4913 2256 4958 et
2299 4903 2608 4959 sacerdotes
2655 4919 2843 4960 eorum
2890 4906 3274 4972 eliminarunt,
3317 4913 3371 4960 et
3399 4915 3702 4976 serpentes
3728 4923 3812 4964 eo-

2199 5014 2318 5052 rum
2341 4999 2674 5066 occiderunt,
2701 5016 2766 5056 ac
2790 5001 3056 5057 rationem
3084 5001 3371 5058 reddentes
3391 5007 3556 5058 omni
3583 5005 3810 5078 populo,

2199 5090 2488 5144 maximam
2520 5099 2731 5162 partem
2768 5091 2940 5163 plebis
2967 5092 3036 5147 ab
3063 5092 3168 5148 hoc
3195 5092 3438 5163 periculo
3466 5093 3808 5152 liberarunt.

2904 5182 3086 5239 XVIII.

2269 5271 2467 5335 Octava
2497 5271 2706 5330 decima
2735 5274 2972 5340 haeresis,
3003 5275 3017 5325 l
3075 5273 3342 5330 Cainiani.
3390 5274 3713 5348 Propterea
3743 5278 3817 5335 sic

2237 5431 2300 5506 ’-ιι
2338 5431 2539 5504 Synodi
2569 5435 2727 5506 hujus
2756 5435 2950 5493 Sicula:
2973 5433 3219 5506 meminit
3245 5433 3612 5506 insuanova
3630 5437 3816 5495 Colle-

2198 5501 2393 5575 ctione
2410 5501 2759 5575 conciliorum
2789 5507 3039 5562 Baluzius
3077 5505 3144 5560 ad
3175 5522 3264 5560 an.
3297 5501 3402 5557 1‘25
3425 5505 3590 5575 (tom
3621 5509 3645 5564 I
3677 5509 3821 5566 Cou-

2199 5574 2314 5652 cil._,
2341 5589 2462 5645 pag.
2500 5574 2620 5652 555,
2654 5578 2783 5633 edit.
2814 5577 2950 5652 ven.
2975 5576 3193 5652 La_bb.),
3217 5574 3624 5652 a_uctorita_tem
3657 5582 3823 5652 scrip-

2197 5645 2332 5700 toris
2347 5644 2530 5701 nostri
2578 5657 2812 5703 secutus.
2866 5649 2980 5715 Qua
3021 5647 3088 5701 de
3133 5644 3192 5702 re
3236 5644 3524 5702 Pearsonii
3582 5644 3820 5707 censura

2196 5717 2518 5792 excutienda
2545 5719 2596 5773 in
2637 5718 2753 5792 ejus
2778 5735 2903 5789 opp.
2939 5718 3117 5788 posth.
3145 5731 3273 5788 pag.
3305 5715 3428 5770 231.

2277 5786 2288 5821 ί
2470 5789 2626 5860 Anth,
2659 5786 3033 5860 episcoporum.

2275 5861 2288 5905 i
2330 5856 2425 5911 .‘lls.
2455 5859 2610 5927 Ang.,
2637 5856 2840 5926 casum;
2873 5867 2927 5913 ut
2957 5866 3010 5915 ct
3042 5858 3427 5916 'I'ltcodoretus.
