  <div class='ocr_page' id='page_1' title='image "/cluster/home/n/w/nwhite01/storage/ocr_20150623/53/hvd.32044015471576/303.png"; bbox 0 0 4088 6346; ppageno 0'>
   <div class='ocr_carea' id='block_1_1' title="bbox 497 360 628 433">
    <p class='ocr_par' dir='ltr' id='par_1_1' title="bbox 497 360 628 433">
     <span class='ocr_line' id='line_1_1' title="bbox 497 360 628 433; baseline 0 -15"><span class='ocrx_word' id='word_1_1' title='bbox 497 360 628 433; x_wconf 73' lang='lat' dir='ltr'><strong>ses.</strong></span> 
     </span>
    </p>
   </div>
   <div class='ocr_carea' id='block_1_2' title="bbox 1506 339 2773 413">
    <p class='ocr_par' dir='ltr' id='par_1_2' title="bbox 1506 339 2773 413">
     <span class='ocr_line' id='line_1_2' title="bbox 1506 339 2773 413; baseline -0.006 -10"><span class='ocrx_word' id='word_1_2' title='bbox 1506 345 1875 413; x_wconf 70' lang='lat' dir='ltr'><strong>ANONVMUS</strong></span> <span class='ocrx_word' id='word_1_3' title='bbox 1914 339 2189 409; x_wconf 64' lang='lat' dir='ltr'><strong>AUCTOR</strong></span> <span class='ocrx_word' id='word_1_4' title='bbox 2232 339 2773 398; x_wconf 52' lang='lat' dir='ltr'><strong>PRAEDESTINATI.</strong></span> 
     </span>
    </p>
   </div>
   <div class='ocr_carea' id='block_1_3' title="bbox 3667 343 3765 411">
    <p class='ocr_par' dir='ltr' id='par_1_3' title="bbox 3667 343 3765 411">
     <span class='ocr_line' id='line_1_3' title="bbox 3667 343 3765 411; baseline 0 0"><span class='ocrx_word' id='word_1_5' title='bbox 3667 343 3765 411; x_wconf 67' lang='lat'><strong>596</strong></span> 
     </span>
    </p>
   </div>
   <div class='ocr_carea' id='block_1_4' title="bbox 497 459 3768 555">
    <p class='ocr_par' dir='ltr' id='par_1_4' title="bbox 497 459 3768 555">
     <span class='ocr_line' id='line_1_4' title="bbox 497 459 3768 555; baseline -0.006 -19"><span class='ocrx_word' id='word_1_6' title='bbox 497 479 644 537; x_wconf 78' lang='lat' dir='ltr'><strong>Deus</strong></span> <span class='ocrx_word' id='word_1_7' title='bbox 672 481 756 555; x_wconf 85' lang='lat' dir='ltr'><strong>qui</strong></span> <span class='ocrx_word' id='word_1_8' title='bbox 771 478 1055 550; x_wconf 72' lang='lat' dir='ltr'><strong>justificat;</strong></span> <span class='ocrx_word' id='word_1_9' title='bbox 1084 475 1196 547; x_wconf 82' lang='lat' dir='ltr'><strong>quis</strong></span> <span class='ocrx_word' id='word_1_10' title='bbox 1227 482 1301 526; x_wconf 80' lang='lat' dir='ltr'><strong>est</strong></span> <span class='ocrx_word' id='word_1_11' title='bbox 1330 471 1413 545; x_wconf 80' lang='lat' dir='ltr'><strong>qui</strong></span> <span class='ocrx_word' id='word_1_12' title='bbox 1435 469 1739 523; x_wconf 76' lang='lat' dir='ltr'><strong>condemnet</strong></span> <span class='ocrx_word' id='word_1_13' title='bbox 1770 465 1948 539; x_wconf 85' lang='lat' dir='ltr'><strong>(Rom.</strong></span> <span class='ocrx_word' id='word_1_14' title='bbox 1972 479 2083 528; x_wconf 82' lang='lat' dir='ltr'><strong>vui,</strong></span> <span class='ocrx_word' id='word_1_15' title='bbox 2117 462 2167 537; x_wconf 63' lang='grc' dir='ltr'>Α</span> <span class='ocrx_word' id='word_1_16' title='bbox 2194 476 2310 515; x_wconf 88' lang='lat' dir='ltr'><strong>rum</strong></span> <span class='ocrx_word' id='word_1_17' title='bbox 2337 462 2549 538; x_wconf 83' lang='lat' dir='ltr'><strong>actione</strong></span> <span class='ocrx_word' id='word_1_18' title='bbox 2594 460 2915 531; x_wconf 77' lang='lat' dir='ltr'><strong>percipitur;</strong></span> <span class='ocrx_word' id='word_1_19' title='bbox 2947 460 3310 519; x_wconf 82' lang='lat' dir='ltr'><strong>sanctilicatur</strong></span> <span class='ocrx_word' id='word_1_20' title='bbox 3340 459 3480 514; x_wconf 89' lang='lat' dir='ltr'><strong>enim</strong></span> <span class='ocrx_word' id='word_1_21' title='bbox 3517 474 3613 530; x_wconf 91' lang='lat' dir='ltr'><strong>per</strong></span> <span class='ocrx_word' id='word_1_22' title='bbox 3656 476 3768 516; x_wconf 83' lang='lat' dir='ltr'><strong>ver-</strong></span> 
     </span>
    </p>
   </div>
   <div class='ocr_carea' id='block_1_5' title="bbox 498 556 2094 643">
    <p class='ocr_par' dir='ltr' id='par_1_5' title="bbox 498 556 2094 643">
     <span class='ocr_line' id='line_1_5' title="bbox 498 556 2094 643; baseline -0.011 -17"><span class='ocrx_word' id='word_1_23' title='bbox 498 571 631 643; x_wconf 66' lang='lat'><strong>35)?</strong></span> <span class='ocrx_word' id='word_1_24' title='bbox 662 568 789 626; x_wconf 69' lang='lat' dir='ltr'><strong>Haec</strong></span> <span class='ocrx_word' id='word_1_25' title='bbox 808 576 988 623; x_wconf 91' lang='lat' dir='ltr'><strong>autem</strong></span> <span class='ocrx_word' id='word_1_26' title='bbox 1012 574 1067 621; x_wconf 87' lang='lat' dir='ltr'><strong>et</strong></span> <span class='ocrx_word' id='word_1_27' title='bbox 1088 566 1171 620; x_wconf 86' lang='lat' dir='ltr'><strong>his</strong></span> <span class='ocrx_word' id='word_1_28' title='bbox 1196 562 1391 619; x_wconf 86' lang='lat' dir='ltr'><strong>similia</strong></span> <span class='ocrx_word' id='word_1_29' title='bbox 1423 563 1523 621; x_wconf 90' lang='lat' dir='ltr'><strong>hac</strong></span> <span class='ocrx_word' id='word_1_30' title='bbox 1553 560 1619 615; x_wconf 87' lang='lat' dir='ltr'><strong>de</strong></span> <span class='ocrx_word' id='word_1_31' title='bbox 1648 573 1810 615; x_wconf 89' lang='lat' dir='ltr'><strong>causa</strong></span> <span class='ocrx_word' id='word_1_32' title='bbox 1838 556 2094 613; x_wconf 88' lang='lat' dir='ltr'><strong>condem-</strong></span> 
     </span>
    </p>
   </div>
   <div class='ocr_carea' id='block_1_6' title="bbox 498 652 2098 731">
    <p class='ocr_par' dir='ltr' id='par_1_6' title="bbox 498 652 2098 731">
     <span class='ocr_line' id='line_1_6' title="bbox 498 652 2098 731; baseline -0.01 -10"><span class='ocrx_word' id='word_1_33' title='bbox 498 664 639 721; x_wconf 85' lang='lat' dir='ltr'><strong>natis</strong></span> <span class='ocrx_word' id='word_1_34' title='bbox 667 661 967 731; x_wconf 46' lang='lat' dir='ltr'><strong>lucreticis,</strong></span> <span class='ocrx_word' id='word_1_35' title='bbox 984 658 1291 714; x_wconf 76' lang='lat' dir='ltr'><strong>rationabili</strong></span> <span class='ocrx_word' id='word_1_36' title='bbox 1316 671 1569 713; x_wconf 86' lang='lat' dir='ltr'><strong>sermone</strong></span> <span class='ocrx_word' id='word_1_37' title='bbox 1595 654 1915 710; x_wconf 79' lang='lat' dir='ltr'><strong>videbantur</strong></span> <span class='ocrx_word' id='word_1_38' title='bbox 1945 652 2098 707; x_wconf 87' lang='lat' dir='ltr'><strong>satis-</strong></span> 
     </span>
    </p>
   </div>
   <div class='ocr_carea' id='block_1_7' title="bbox 498 748 2090 821">
    <p class='ocr_par' dir='ltr' id='par_1_7' title="bbox 498 748 2090 821">
     <span class='ocr_line' id='line_1_7' title="bbox 498 748 2090 821; baseline -0.009 -9"><span class='ocrx_word' id='word_1_39' title='bbox 498 756 677 812; x_wconf 75' lang='lat' dir='ltr'><strong>facere</strong></span> <span class='ocrx_word' id='word_1_40' title='bbox 721 753 1051 818; x_wconf 79' lang='lat' dir='ltr'><strong>sacerdotes,</strong></span> <span class='ocrx_word' id='word_1_41' title='bbox 1099 752 1212 807; x_wconf 90' lang='lat' dir='ltr'><strong>sive</strong></span> <span class='ocrx_word' id='word_1_42' title='bbox 1268 759 1385 804; x_wconf 91' lang='lat' dir='ltr'><strong>uta</strong></span> <span class='ocrx_word' id='word_1_43' title='bbox 1417 748 1713 821; x_wconf 68' lang='lat' dir='ltr'><strong>prurcipitio</strong></span> <span class='ocrx_word' id='word_1_44' title='bbox 1754 752 2090 811; x_wconf 81' lang='lat' dir='ltr'><strong>revocarent,</strong></span> 
     </span>
    </p>
   </div>
   <div class='ocr_carea' id='block_1_8' title="bbox 500 837 2091 906">
    <p class='ocr_par' dir='ltr' id='par_1_8' title="bbox 500 837 2091 906">
     <span class='ocr_line' id='line_1_8' title="bbox 500 837 2091 906; baseline -0.01 -1"><span class='ocrx_word' id='word_1_45' title='bbox 500 848 615 906; x_wconf 87' lang='lat' dir='ltr'><strong>sive</strong></span> <span class='ocrx_word' id='word_1_46' title='bbox 644 856 702 904; x_wconf 91' lang='lat' dir='ltr'><strong>ut</strong></span> <span class='ocrx_word' id='word_1_47' title='bbox 723 863 781 903; x_wconf 91' lang='lat' dir='ltr'><strong>se</strong></span> <span class='ocrx_word' id='word_1_48' title='bbox 804 845 1155 902; x_wconf 84' lang='lat' dir='ltr'><strong>ostenderent</strong></span> <span class='ocrx_word' id='word_1_49' title='bbox 1176 852 1353 900; x_wconf 89' lang='lat' dir='ltr'><strong>sectas</strong></span> <span class='ocrx_word' id='word_1_50' title='bbox 1383 842 1660 906; x_wconf 87' lang='lat' dir='ltr'><strong>damnare,</strong></span> <span class='ocrx_word' id='word_1_51' title='bbox 1684 856 1793 894; x_wconf 91' lang='lat' dir='ltr'><strong>non</strong></span> <span class='ocrx_word' id='word_1_52' title='bbox 1813 837 2091 903; x_wconf 85' lang='lat' dir='ltr'><strong>homines;</strong></span> 
     </span>
    </p>
   </div>
   <div class='ocr_carea' id='block_1_9' title="bbox 497 933 2095 1010">
    <p class='ocr_par' dir='ltr' id='par_1_9' title="bbox 497 933 2095 1010">
     <span class='ocr_line' id='line_1_9' title="bbox 497 933 2095 1010; baseline -0.007 -13"><span class='ocrx_word' id='word_1_53' title='bbox 497 941 747 998; x_wconf 85' lang='lat' dir='ltr'><strong>homines</strong></span> <span class='ocrx_word' id='word_1_54' title='bbox 785 947 964 995; x_wconf 87' lang='lat' dir='ltr'><strong>autem</strong></span> <span class='ocrx_word' id='word_1_55' title='bbox 1006 938 1215 1010; x_wconf 87' lang='lat' dir='ltr'><strong>seipsos</strong></span> <span class='ocrx_word' id='word_1_56' title='bbox 1251 936 1528 1003; x_wconf 88' lang='lat' dir='ltr'><strong>damnare,</strong></span> <span class='ocrx_word' id='word_1_57' title='bbox 1560 935 1652 1005; x_wconf 92' lang='lat' dir='ltr'><strong>qui</strong></span> <span class='ocrx_word' id='word_1_58' title='bbox 1691 933 1974 988; x_wconf 86' lang='lat' dir='ltr'><strong>damnatas</strong></span> <span class='ocrx_word' id='word_1_59' title='bbox 2011 946 2095 986; x_wconf 86' lang='lat' dir='ltr'><strong>se-</strong></span> 
     </span>
    </p>
   </div>
   <div class='ocr_carea' id='block_1_10' title="bbox 500 1027 1680 1104">
    <p class='ocr_par' dir='ltr' id='par_1_10' title="bbox 500 1027 1680 1104">
     <span class='ocr_line' id='line_1_10' title="bbox 500 1027 1680 1104; baseline -0.008 -14"><span class='ocrx_word' id='word_1_60' title='bbox 500 1042 616 1091; x_wconf 88' lang='lat' dir='ltr'><strong>ctas</strong></span> <span class='ocrx_word' id='word_1_61' title='bbox 643 1033 1032 1104; x_wconf 89' lang='lat' dir='ltr'><strong>amplectentes</strong></span> <span class='ocrx_word' id='word_1_62' title='bbox 1059 1047 1089 1086; x_wconf 92' lang='lat' dir='ltr'><strong>a</strong></span> <span class='ocrx_word' id='word_1_63' title='bbox 1118 1031 1351 1086; x_wconf 91' lang='lat' dir='ltr'><strong>veritate</strong></span> <span class='ocrx_word' id='word_1_64' title='bbox 1380 1027 1680 1084; x_wconf 90' lang='lat' dir='ltr'><strong>discedunt.</strong></span> 
     </span>
    </p>
   </div>
   <div class='ocr_carea' id='block_1_11' title="bbox 1202 1107 1513 1177">
    <p class='ocr_par' dir='ltr' id='par_1_11' title="bbox 1202 1107 1513 1177">
     <span class='ocr_line' id='line_1_11' title="bbox 1202 1107 1513 1177; baseline -0.01 0"><span class='ocrx_word' id='word_1_65' title='bbox 1202 1120 1392 1177; x_wconf 83' lang='lat' dir='ltr'><strong>XXIV.</strong></span> <span class='ocrx_word' id='word_1_66' title='bbox 1503 1107 1513 1114; x_wconf 59' lang='grc'><strong>’</strong></span> 
     </span>
    </p>
   </div>
   <div class='ocr_carea' id='block_1_12' title="bbox 571 1210 2095 1287">
    <p class='ocr_par' dir='ltr' id='par_1_12' title="bbox 571 1210 2095 1287">
     <span class='ocr_line' id='line_1_12' title="bbox 571 1210 2095 1287; baseline -0.007 -15"><span class='ocrx_word' id='word_1_67' title='bbox 571 1217 839 1273; x_wconf 91' lang='lat' dir='ltr'><strong>Vicesima</strong></span> <span class='ocrx_word' id='word_1_68' title='bbox 868 1223 922 1270; x_wconf 90' lang='lat' dir='ltr'><strong>et</strong></span> <span class='ocrx_word' id='word_1_69' title='bbox 949 1223 1141 1287; x_wconf 89' lang='lat' dir='ltr'><strong>quarta</strong></span> <span class='ocrx_word' id='word_1_70' title='bbox 1176 1221 1258 1269; x_wconf 91' lang='lat' dir='ltr'><strong>est</strong></span> <span class='ocrx_word' id='word_1_71' title='bbox 1287 1213 1506 1270; x_wconf 62' lang='lat' dir='ltr'><strong>haeresis</strong></span> <span class='ocrx_word' id='word_1_72' title='bbox 1536 1211 1969 1277; x_wconf 88' lang='lat' dir='ltr'><strong>Severianorum,</strong></span> <span class='ocrx_word' id='word_1_73' title='bbox 2003 1210 2095 1281; x_wconf 80' lang='lat' dir='ltr'><strong>qui</strong></span> 
     </span>
    </p>
   </div>
   <div class='ocr_carea' id='block_1_13' title="bbox 501 1301 2096 1379">
    <p class='ocr_par' dir='ltr' id='par_1_13' title="bbox 501 1301 2096 1379">
     <span class='ocr_line' id='line_1_13' title="bbox 501 1301 2096 1379; baseline -0.008 -11"><span class='ocrx_word' id='word_1_74' title='bbox 501 1319 626 1379; x_wconf 77' lang='lat' dir='ltr'><strong>sunt</strong></span> <span class='ocrx_word' id='word_1_75' title='bbox 654 1327 684 1366; x_wconf 90' lang='lat' dir='ltr'><strong>a</strong></span> <span class='ocrx_word' id='word_1_76' title='bbox 710 1319 734 1346; x_wconf 77' lang='grc' dir='ltr'><strong>ει</strong></span> <span class='ocrx_word' id='word_1_77' title='bbox 766 1310 969 1364; x_wconf 87' lang='lat' dir='ltr'><strong>Severo</strong></span> <span class='ocrx_word' id='word_1_78' title='bbox 997 1307 1194 1363; x_wconf 79' lang='lat' dir='ltr'><strong>exorti.</strong></span> <span class='ocrx_word' id='word_1_79' title='bbox 1226 1305 1422 1363; x_wconf 88' lang='lat' dir='ltr'><strong>Vinum</strong></span> <span class='ocrx_word' id='word_1_80' title='bbox 1467 1322 1575 1363; x_wconf 92' lang='lat' dir='ltr'><strong>non</strong></span> <span class='ocrx_word' id='word_1_81' title='bbox 1604 1305 1823 1371; x_wconf 91' lang='lat' dir='ltr'><strong>bibunt,</strong></span> <span class='ocrx_word' id='word_1_82' title='bbox 1857 1319 1922 1357; x_wconf 91' lang='lat' dir='ltr'><strong>eo</strong></span> <span class='ocrx_word' id='word_1_83' title='bbox 1953 1301 2096 1372; x_wconf 88' lang='lat' dir='ltr'><strong>quod</strong></span> 
     </span>
    </p>
   </div>
   <div class='ocr_carea' id='block_1_14' title="bbox 500 1395 2097 1467">
    <p class='ocr_par' dir='ltr' id='par_1_14' title="bbox 500 1395 2097 1467">
     <span class='ocr_line' id='line_1_14' title="bbox 500 1395 2097 1467; baseline -0.008 -7"><span class='ocrx_word' id='word_1_84' title='bbox 500 1404 744 1460; x_wconf 78' lang='lat' dir='ltr'><strong>fabulosa</strong></span> <span class='ocrx_word' id='word_1_85' title='bbox 777 1403 1015 1456; x_wconf 81' lang='lat' dir='ltr'><strong>vanitate</strong></span> <span class='ocrx_word' id='word_1_86' title='bbox 1044 1400 1111 1455; x_wconf 90' lang='lat' dir='ltr'><strong>de</strong></span> <span class='ocrx_word' id='word_1_87' title='bbox 1149 1401 1354 1456; x_wconf 90' lang='lat' dir='ltr'><strong>semine</strong></span> <span class='ocrx_word' id='word_1_88' title='bbox 1401 1401 1617 1455; x_wconf 69' lang='lat' dir='ltr'><strong>Satanm</strong></span> <span class='ocrx_word' id='word_1_89' title='bbox 1663 1406 1862 1452; x_wconf 89' lang='lat' dir='ltr'><strong>terram</strong></span> <span class='ocrx_word' id='word_1_90' title='bbox 1900 1395 2097 1467; x_wconf 82' lang='lat' dir='ltr'><strong>germi-</strong></span> 
     </span>
    </p>
   </div>
   <div class='ocr_carea' id='block_1_15' title="bbox 503 1487 2095 1560">
    <p class='ocr_par' dir='ltr' id='par_1_15' title="bbox 503 1487 2095 1560">
     <span class='ocr_line' id='line_1_15' title="bbox 503 1487 2095 1560; baseline -0.007 -9"><span class='ocrx_word' id='word_1_91' title='bbox 503 1511 665 1551; x_wconf 87' lang='lat' dir='ltr'><strong>nasse</strong></span> <span class='ocrx_word' id='word_1_92' title='bbox 695 1500 943 1548; x_wconf 87' lang='lat' dir='ltr'><strong>asserunt</strong></span> <span class='ocrx_word' id='word_1_93' title='bbox 971 1494 1153 1547; x_wconf 85' lang='lat' dir='ltr'><strong>vitem.</strong></span> <span class='ocrx_word' id='word_1_94' title='bbox 1180 1490 1370 1545; x_wconf 89' lang='lat' dir='ltr'><strong>Carnis</strong></span> <span class='ocrx_word' id='word_1_95' title='bbox 1398 1504 1613 1560; x_wconf 86' lang='lat' dir='ltr'><strong>quoque</strong></span> <span class='ocrx_word' id='word_1_96' title='bbox 1643 1487 2095 1544; x_wconf 87' lang='lat' dir='ltr'><strong>resurrectionem</strong></span> 
     </span>
    </p>
   </div>
   <div class='ocr_carea' id='block_1_16' title="bbox 502 1569 2095 1654">
    <p class='ocr_par' dir='ltr' id='par_1_16' title="bbox 502 1569 2095 1654">
     <span class='ocr_line' id='line_1_16' title="bbox 502 1569 2095 1654; baseline -0.006 -12"><span class='ocrx_word' id='word_1_97' title='bbox 502 1602 626 1644; x_wconf 91' lang='lat' dir='ltr'><strong>cum</strong></span> <span class='ocrx_word' id='word_1_98' title='bbox 654 1584 822 1641; x_wconf 87' lang='lat' dir='ltr'><strong>veteri</strong></span> <span class='ocrx_word' id='word_1_99' title='bbox 870 1569 1140 1654; x_wconf 19' lang='lat' dir='ltr'><strong>respuunt.</strong></span> <span class='ocrx_word' id='word_1_100' title='bbox 1173 1582 1541 1639; x_wconf 83' lang='lat' dir='ltr'><strong>Testamento.</strong></span> <span class='ocrx_word' id='word_1_101' title='bbox 1585 1580 1697 1635; x_wconf 90' lang='lat' dir='ltr'><strong>Hos</strong></span> <span class='ocrx_word' id='word_1_102' title='bbox 1733 1578 2006 1634; x_wconf 87' lang='lat' dir='ltr'><strong>damnavit</strong></span> <span class='ocrx_word' id='word_1_103' title='bbox 2037 1576 2095 1633; x_wconf 84' lang='lat' dir='ltr'><strong>S.</strong></span> 
     </span>
    </p>
   </div>
   <div class='ocr_carea' id='block_1_17' title="bbox 503 1672 2096 1752">
    <p class='ocr_par' dir='ltr' id='par_1_17' title="bbox 503 1672 2096 1752">
     <span class='ocr_line' id='line_1_17' title="bbox 503 1672 2096 1752; baseline -0.009 -15"><span class='ocrx_word' id='word_1_104' title='bbox 503 1681 833 1752; x_wconf 84' lang='lat' dir='ltr'><strong>Euphranon</strong></span> <span class='ocrx_word' id='word_1_105' title='bbox 863 1678 1147 1748; x_wconf 87' lang='lat' dir='ltr'><strong>episc0pus</strong></span> <span class='ocrx_word' id='word_1_106' title='bbox 1196 1675 1473 1741; x_wconf 77' lang='lat' dir='ltr'><strong>Rhodius;</strong></span> <span class='ocrx_word' id='word_1_107' title='bbox 1505 1674 1646 1745; x_wconf 88' lang='lat' dir='ltr'><strong>apud</strong></span> <span class='ocrx_word' id='word_1_108' title='bbox 1676 1673 1923 1729; x_wconf 84' lang='lat' dir='ltr'><strong>Rhodum</strong></span> <span class='ocrx_word' id='word_1_109' title='bbox 1954 1672 2096 1726; x_wconf 86' lang='lat' dir='ltr'><strong>enim</strong></span> 
     </span>
    </p>
   </div>
   <div class='ocr_carea' id='block_1_18' title="bbox 504 1763 2099 1840">
    <p class='ocr_par' dir='ltr' id='par_1_18' title="bbox 504 1763 2099 1840">
     <span class='ocr_line' id='line_1_18' title="bbox 504 1763 2099 1840; baseline -0.006 -11"><span class='ocrx_word' id='word_1_110' title='bbox 504 1770 699 1833; x_wconf 87' lang='lat' dir='ltr'><strong>horum</strong></span> <span class='ocrx_word' id='word_1_111' title='bbox 728 1768 1038 1840; x_wconf 88' lang='lat' dir='ltr'><strong>superstitio</strong></span> <span class='ocrx_word' id='word_1_112' title='bbox 1068 1774 1185 1822; x_wconf 90' lang='lat' dir='ltr'><strong>orta</strong></span> <span class='ocrx_word' id='word_1_113' title='bbox 1219 1774 1320 1823; x_wconf 85' lang='lat' dir='ltr'><strong>est.</strong></span> <span class='ocrx_word' id='word_1_114' title='bbox 1354 1765 1502 1832; x_wconf 85' lang='lat' dir='ltr'><strong>Quos</strong></span> <span class='ocrx_word' id='word_1_115' title='bbox 1528 1764 1762 1821; x_wconf 86' lang='lat' dir='ltr'><strong>convicit</strong></span> <span class='ocrx_word' id='word_1_116' title='bbox 1790 1763 2099 1831; x_wconf 83' lang='lat' dir='ltr'><strong>Scriptura-</strong></span> 
     </span>
    </p>
   </div>
   <div class='ocr_carea' id='block_1_19' title="bbox 505 1854 2098 1929">
    <p class='ocr_par' dir='ltr' id='par_1_19' title="bbox 505 1854 2098 1929">
     <span class='ocr_line' id='line_1_19' title="bbox 505 1854 2098 1929; baseline -0.008 -8"><span class='ocrx_word' id='word_1_117' title='bbox 505 1881 625 1923; x_wconf 80' lang='lat' dir='ltr'><strong>mm</strong></span> <span class='ocrx_word' id='word_1_118' title='bbox 654 1865 864 1921; x_wconf 82' lang='lat' dir='ltr'><strong>ratione</strong></span> <span class='ocrx_word' id='word_1_119' title='bbox 891 1869 1220 1927; x_wconf 87' lang='lat' dir='ltr'><strong>sanctarum,</strong></span> <span class='ocrx_word' id='word_1_120' title='bbox 1252 1860 1307 1915; x_wconf 94' lang='lat' dir='ltr'><strong>in</strong></span> <span class='ocrx_word' id='word_1_121' title='bbox 1349 1860 1543 1929; x_wconf 87' lang='lat' dir='ltr'><strong>quibus</strong></span> <span class='ocrx_word' id='word_1_122' title='bbox 1572 1858 1767 1925; x_wconf 78' lang='lat' dir='ltr'><strong>legitur</strong></span> <span class='ocrx_word' id='word_1_123' title='bbox 1794 1856 1939 1913; x_wconf 83' lang='lat' dir='ltr'><strong>Deus</strong></span> <span class='ocrx_word' id='word_1_124' title='bbox 1964 1854 2098 1913; x_wconf 83' lang='lat' dir='ltr'><strong>edn-</strong></span> 
     </span>
    </p>
   </div>
   <div class='ocr_carea' id='block_1_20' title="bbox 506 1945 2096 2024">
    <p class='ocr_par' dir='ltr' id='par_1_20' title="bbox 506 1945 2096 2024">
     <span class='ocr_line' id='line_1_20' title="bbox 506 1945 2096 2024; baseline -0.009 -11"><span class='ocrx_word' id='word_1_125' title='bbox 506 1970 631 2015; x_wconf 87' lang='lat' dir='ltr'><strong>cere</strong></span> <span class='ocrx_word' id='word_1_126' title='bbox 659 1954 726 2009; x_wconf 88' lang='lat' dir='ltr'><strong>de</strong></span> <span class='ocrx_word' id='word_1_127' title='bbox 757 1965 898 2010; x_wconf 88' lang='lat' dir='ltr'><strong>terra</strong></span> <span class='ocrx_word' id='word_1_128' title='bbox 924 1967 1122 2024; x_wconf 88' lang='lat' dir='ltr'><strong>panem</strong></span> <span class='ocrx_word' id='word_1_129' title='bbox 1152 1951 1219 2009; x_wconf 91' lang='lat' dir='ltr'><strong>ad</strong></span> <span class='ocrx_word' id='word_1_130' title='bbox 1261 1946 1689 2009; x_wconf 82' lang='lat' dir='ltr'><strong>conﬁrmandum</strong></span> <span class='ocrx_word' id='word_1_131' title='bbox 1717 1963 1813 2001; x_wconf 89' lang='lat' dir='ltr'><strong>cor</strong></span> <span class='ocrx_word' id='word_1_132' title='bbox 1841 1945 2096 2010; x_wconf 81' lang='lat' dir='ltr'><strong>hominis,</strong></span> 
     </span>
    </p>
   </div>
   <div class='ocr_carea' id='block_1_21' title="bbox 505 2036 2100 2113">
    <p class='ocr_par' dir='ltr' id='par_1_21' title="bbox 505 2036 2100 2113">
     <span class='ocr_line' id='line_1_21' title="bbox 505 2036 2100 2113; baseline -0.008 -10"><span class='ocrx_word' id='word_1_133' title='bbox 505 2057 561 2103; x_wconf 83' lang='lat' dir='ltr'><strong>et</strong></span> <span class='ocrx_word' id='word_1_134' title='bbox 590 2048 771 2104; x_wconf 85' lang='lat' dir='ltr'><strong>vinum</strong></span> <span class='ocrx_word' id='word_1_135' title='bbox 817 2045 885 2101; x_wconf 90' lang='lat' dir='ltr'><strong>ad</strong></span> <span class='ocrx_word' id='word_1_136' title='bbox 934 2042 1311 2100; x_wconf 68' lang='lat' dir='ltr'><strong>laetiﬁcandum</strong></span> <span class='ocrx_word' id='word_1_137' title='bbox 1344 2041 1519 2113; x_wconf 78' lang='lat' dir='ltr'><strong>(Psat.</strong></span> <span class='ocrx_word' id='word_1_138' title='bbox 1550 2056 1657 2104; x_wconf 83' lang='lat' dir='ltr'><strong>CIII,</strong></span> <span class='ocrx_word' id='word_1_139' title='bbox 1706 2037 1791 2102; x_wconf 68' lang='grc' dir='ltr'><strong>ιε’»,</strong></span> <span class='ocrx_word' id='word_1_140' title='bbox 1828 2036 1939 2107; x_wconf 82' lang='lat' dir='ltr'><strong>l6).</strong></span> <span class='ocrx_word' id='word_1_141' title='bbox 1980 2037 2100 2093; x_wconf 85' lang='lat' dir='ltr'><strong>Vini</strong></span> 
     </span>
    </p>
   </div>
   <div class='ocr_carea' id='block_1_22' title="bbox 507 2132 2100 2202">
    <p class='ocr_par' dir='ltr' id='par_1_22' title="bbox 507 2132 2100 2202">
     <span class='ocr_line' id='line_1_22' title="bbox 507 2132 2100 2202; baseline -0.008 -3"><span class='ocrx_word' id='word_1_142' title='bbox 507 2149 686 2199; x_wconf 89' lang='lat' dir='ltr'><strong>autem</strong></span> <span class='ocrx_word' id='word_1_143' title='bbox 739 2156 848 2197; x_wconf 91' lang='lat' dir='ltr'><strong>non</strong></span> <span class='ocrx_word' id='word_1_144' title='bbox 872 2140 1023 2195; x_wconf 74' lang='lat' dir='ltr'><strong>‘Itsus</strong></span> <span class='ocrx_word' id='word_1_145' title='bbox 1051 2137 1410 2202; x_wconf 88' lang='lat' dir='ltr'><strong>necessarius,</strong></span> <span class='ocrx_word' id='word_1_146' title='bbox 1440 2135 1533 2193; x_wconf 90' lang='lat' dir='ltr'><strong>sed</strong></span> <span class='ocrx_word' id='word_1_147' title='bbox 1586 2135 1835 2190; x_wconf 89' lang='lat' dir='ltr'><strong>nimietas</strong></span> <span class='ocrx_word' id='word_1_148' title='bbox 1884 2132 2100 2190; x_wconf 88' lang='lat' dir='ltr'><strong>inimica</strong></span> 
     </span>
    </p>
   </div>
   <div class='ocr_carea' id='block_1_23' title="bbox 506 2224 2101 2304">
    <p class='ocr_par' dir='ltr' id='par_1_23' title="bbox 506 2224 2101 2304">
     <span class='ocr_line' id='line_1_23' title="bbox 506 2224 2101 2304; baseline -0.008 -13"><span class='ocrx_word' id='word_1_149' title='bbox 506 2234 663 2291; x_wconf 86' lang='lat' dir='ltr'><strong>saluti</strong></span> <span class='ocrx_word' id='word_1_150' title='bbox 694 2233 960 2304; x_wconf 84' lang='lat' dir='ltr'><strong>culpanda</strong></span> <span class='ocrx_word' id='word_1_151' title='bbox 1002 2239 1102 2289; x_wconf 89' lang='lat' dir='ltr'><strong>est.</strong></span> <span class='ocrx_word' id='word_1_152' title='bbox 1137 2231 1328 2287; x_wconf 83' lang='lat' dir='ltr'><strong>Carnis</strong></span> <span class='ocrx_word' id='word_1_153' title='bbox 1372 2244 1505 2284; x_wconf 89' lang='lat' dir='ltr'><strong>vero</strong></span> <span class='ocrx_word' id='word_1_154' title='bbox 1552 2227 2003 2284; x_wconf 87' lang='lat' dir='ltr'><strong>resurrectionem</strong></span> <span class='ocrx_word' id='word_1_155' title='bbox 2032 2224 2101 2279; x_wconf 85' lang='lat' dir='ltr'><strong>ab</strong></span> 
     </span>
    </p>
   </div>
   <div class='ocr_carea' id='block_1_24' title="bbox 508 2317 2102 2395">
    <p class='ocr_par' dir='ltr' id='par_1_24' title="bbox 508 2317 2102 2395">
     <span class='ocr_line' id='line_1_24' title="bbox 508 2317 2102 2395; baseline -0.006 -15"><span class='ocrx_word' id='word_1_156' title='bbox 508 2325 602 2383; x_wconf 77' lang='lat' dir='ltr'><strong>illo</strong></span> <span class='ocrx_word' id='word_1_157' title='bbox 640 2326 957 2395; x_wconf 85' lang='lat' dir='ltr'><strong>promissam</strong></span> <span class='ocrx_word' id='word_1_158' title='bbox 988 2339 1106 2379; x_wconf 76' lang='lat' dir='ltr'><strong>esse</strong></span> <span class='ocrx_word' id='word_1_159' title='bbox 1143 2323 1237 2392; x_wconf 90' lang='lat' dir='ltr'><strong>qui</strong></span> <span class='ocrx_word' id='word_1_160' title='bbox 1274 2323 1328 2379; x_wconf 89' lang='lat' dir='ltr'><strong>in</strong></span> <span class='ocrx_word' id='word_1_161' title='bbox 1355 2322 1603 2391; x_wconf 66' lang='lat' dir='ltr'><strong>praesenti</strong></span> <span class='ocrx_word' id='word_1_162' title='bbox 1648 2326 1890 2375; x_wconf 87' lang='lat' dir='ltr'><strong>mortuos</strong></span> <span class='ocrx_word' id='word_1_163' title='bbox 1929 2317 2102 2373; x_wconf 80' lang='lat' dir='ltr'><strong>susci-</strong></span> 
     </span>
    </p>
   </div>
   <div class='ocr_carea' id='block_1_25' title="bbox 507 2409 2099 2484">
    <p class='ocr_par' dir='ltr' id='par_1_25' title="bbox 507 2409 2099 2484">
     <span class='ocr_line' id='line_1_25' title="bbox 507 2409 2099 2484; baseline -0.006 -12"><span class='ocrx_word' id='word_1_164' title='bbox 507 2417 689 2477; x_wconf 80' lang='lat' dir='ltr'><strong>tabat;</strong></span> <span class='ocrx_word' id='word_1_165' title='bbox 722 2417 812 2484; x_wconf 89' lang='lat' dir='ltr'><strong>qui</strong></span> <span class='ocrx_word' id='word_1_166' title='bbox 843 2416 888 2471; x_wconf 96' lang='lat' dir='ltr'><strong>si</strong></span> <span class='ocrx_word' id='word_1_167' title='bbox 911 2416 1165 2470; x_wconf 88' lang='lat' dir='ltr'><strong>mentitus</strong></span> <span class='ocrx_word' id='word_1_168' title='bbox 1194 2412 1410 2475; x_wconf 85' lang='lat' dir='ltr'><strong>fuisset,</strong></span> <span class='ocrx_word' id='word_1_169' title='bbox 1443 2420 1689 2468; x_wconf 90' lang='lat' dir='ltr'><strong>mortuos</strong></span> <span class='ocrx_word' id='word_1_170' title='bbox 1717 2411 1903 2481; x_wconf 88' lang='lat' dir='ltr'><strong>utique</strong></span> <span class='ocrx_word' id='word_1_171' title='bbox 1929 2409 2099 2465; x_wconf 87' lang='lat' dir='ltr'><strong>susci-</strong></span> 
     </span>
    </p>
   </div>
   <div class='ocr_carea' id='block_1_26' title="bbox 510 2500 2104 2576">
    <p class='ocr_par' dir='ltr' id='par_1_26' title="bbox 510 2500 2104 2576">
     <span class='ocr_line' id='line_1_26' title="bbox 510 2500 2104 2576; baseline -0.006 -13"><span class='ocrx_word' id='word_1_172' title='bbox 510 2517 630 2563; x_wconf 83' lang='lat' dir='ltr'><strong>tare</strong></span> <span class='ocrx_word' id='word_1_173' title='bbox 658 2523 765 2561; x_wconf 90' lang='lat' dir='ltr'><strong>non</strong></span> <span class='ocrx_word' id='word_1_174' title='bbox 813 2506 1096 2576; x_wconf 90' lang='lat' dir='ltr'><strong>potuisset.</strong></span> <span class='ocrx_word' id='word_1_175' title='bbox 1128 2503 1359 2561; x_wconf 90' lang='lat' dir='ltr'><strong>Sanctos</strong></span> <span class='ocrx_word' id='word_1_176' title='bbox 1397 2518 1516 2559; x_wconf 88' lang='lat' dir='ltr'><strong>esse</strong></span> <span class='ocrx_word' id='word_1_177' title='bbox 1555 2503 1735 2572; x_wconf 84' lang='lat' dir='ltr'><strong>apices</strong></span> <span class='ocrx_word' id='word_1_178' title='bbox 1774 2500 2104 2556; x_wconf 73' lang='lat' dir='ltr'><strong>Tes’tamenti</strong></span> 
     </span>
    </p>
   </div>
   <div class='ocr_carea' id='block_1_27' title="bbox 513 2590 2106 2662">
    <p class='ocr_par' dir='ltr' id='par_1_27' title="bbox 513 2590 2106 2662">
     <span class='ocr_line' id='line_1_27' title="bbox 513 2590 2106 2662; baseline 0 -12"><span class='ocrx_word' id='word_1_179' title='bbox 513 2598 731 2660; x_wconf 86' lang='lat' dir='ltr'><strong>veteris,</strong></span> <span class='ocrx_word' id='word_1_180' title='bbox 778 2594 916 2651; x_wconf 80' lang='lat' dir='ltr'><strong>sicut</strong></span> <span class='ocrx_word' id='word_1_181' title='bbox 962 2594 1307 2650; x_wconf 82' lang='lat' dir='ltr'><strong>fundamenta</strong></span> <span class='ocrx_word' id='word_1_182' title='bbox 1355 2594 1566 2659; x_wconf 88' lang='lat' dir='ltr'><strong>domus,</strong></span> <span class='ocrx_word' id='word_1_183' title='bbox 1619 2592 1873 2662; x_wconf 62' lang='lat' dir='ltr'><strong>praeclare</strong></span> <span class='ocrx_word' id='word_1_184' title='bbox 1922 2590 2106 2650; x_wconf 79' lang='lat' dir='ltr'><strong>docuit</strong></span> 
     </span>
    </p>
   </div>
   <div class='ocr_carea' id='block_1_28' title="bbox 512 2681 2106 2752">
    <p class='ocr_par' dir='ltr' id='par_1_28' title="bbox 512 2681 2106 2752">
     <span class='ocr_line' id='line_1_28' title="bbox 512 2681 2106 2752; baseline -0.001 -9"><span class='ocrx_word' id='word_1_185' title='bbox 512 2688 697 2745; x_wconf 86' lang='lat' dir='ltr'><strong>dicens</strong></span> <span class='ocrx_word' id='word_1_186' title='bbox 730 2706 742 2740; x_wconf 90' lang='lat'><strong>:</strong></span> <span class='ocrx_word' id='word_1_187' title='bbox 774 2686 1146 2745; x_wconf 87' lang='lat' dir='ltr'><strong>Fundamenta</strong></span> <span class='ocrx_word' id='word_1_188' title='bbox 1172 2685 1364 2742; x_wconf 86' lang='lat' dir='ltr'><strong>domus</strong></span> <span class='ocrx_word' id='word_1_189' title='bbox 1384 2686 1526 2741; x_wconf 87' lang='lat' dir='ltr'><strong>circa</strong></span> <span class='ocrx_word' id='word_1_190' title='bbox 1551 2682 1795 2752; x_wconf 85' lang='lat' dir='ltr'><strong>squalida</strong></span> <span class='ocrx_word' id='word_1_191' title='bbox 1822 2681 1941 2737; x_wconf 91' lang='lat' dir='ltr'><strong>loca</strong></span> <span class='ocrx_word' id='word_1_192' title='bbox 1982 2689 2106 2741; x_wconf 81' lang='lat' dir='ltr'><strong>sunt</strong></span> 
     </span>
    </p>
   </div>
   <div class='ocr_carea' id='block_1_29' title="bbox 510 2773 2105 2851">
    <p class='ocr_par' dir='ltr' id='par_1_29' title="bbox 510 2773 2105 2851">
     <span class='ocr_line' id='line_1_29' title="bbox 510 2773 2105 2851; baseline -0.004 -16"><span class='ocrx_word' id='word_1_193' title='bbox 510 2780 708 2851; x_wconf 85' lang='lat' dir='ltr'><strong>posita,</strong></span> <span class='ocrx_word' id='word_1_194' title='bbox 736 2788 795 2834; x_wconf 88' lang='lat' dir='ltr'><strong>ut</strong></span> <span class='ocrx_word' id='word_1_195' title='bbox 819 2794 884 2834; x_wconf 90' lang='lat' dir='ltr'><strong>ea</strong></span> <span class='ocrx_word' id='word_1_196' title='bbox 912 2793 1033 2849; x_wconf 80' lang='lat' dir='ltr'><strong>quae</strong></span> <span class='ocrx_word' id='word_1_197' title='bbox 1056 2786 1183 2835; x_wconf 88' lang='lat' dir='ltr'><strong>sunt</strong></span> <span class='ocrx_word' id='word_1_198' title='bbox 1220 2777 1467 2848; x_wconf 86' lang='lat' dir='ltr'><strong>superius</strong></span> <span class='ocrx_word' id='word_1_199' title='bbox 1497 2775 1696 2833; x_wconf 88' lang='lat' dir='ltr'><strong>nullam</strong></span> <span class='ocrx_word' id='word_1_200' title='bbox 1723 2773 2105 2831; x_wconf 83' lang='lat' dir='ltr'><strong>contumeliam</strong></span> 
     </span>
    </p>
   </div>
   <div class='ocr_carea' id='block_1_30' title="bbox 510 2865 2106 2942">
    <p class='ocr_par' dir='ltr' id='par_1_30' title="bbox 510 2865 2106 2942">
     <span class='ocr_line' id='line_1_30' title="bbox 510 2865 2106 2942; baseline -0.004 -14"><span class='ocrx_word' id='word_1_201' title='bbox 510 2880 809 2929; x_wconf 84' lang='lat' dir='ltr'><strong>stercorum</strong></span> <span class='ocrx_word' id='word_1_202' title='bbox 840 2872 1132 2942; x_wconf 88' lang='lat' dir='ltr'><strong>patiantur.</strong></span> <span class='ocrx_word' id='word_1_203' title='bbox 1161 2868 1455 2942; x_wconf 86' lang='lat' dir='ltr'><strong>Superiora</strong></span> <span class='ocrx_word' id='word_1_204' title='bbox 1499 2881 1630 2939; x_wconf 71' lang='lat' dir='ltr'><strong>ergo</strong></span> <span class='ocrx_word' id='word_1_205' title='bbox 1670 2866 1861 2927; x_wconf 87' lang='lat' dir='ltr'><strong>domus</strong></span> <span class='ocrx_word' id='word_1_206' title='bbox 1888 2865 2106 2935; x_wconf 84' lang='lat' dir='ltr'><strong>laquea-</strong></span> 
     </span>
    </p>
   </div>
   <div class='ocr_carea' id='block_1_31' title="bbox 510 2960 2103 3033">
    <p class='ocr_par' dir='ltr' id='par_1_31' title="bbox 510 2960 2103 3033">
     <span class='ocr_line' id='line_1_31' title="bbox 510 2960 2103 3033; baseline 0 -16"><span class='ocrx_word' id='word_1_207' title='bbox 510 2963 661 3018; x_wconf 90' lang='lat' dir='ltr'><strong>ribus</strong></span> <span class='ocrx_word' id='word_1_208' title='bbox 688 2964 886 3017; x_wconf 80' lang='lat' dir='ltr'><strong>auratis</strong></span> <span class='ocrx_word' id='word_1_209' title='bbox 907 3001 921 3027; x_wconf 89' lang='lat'><strong>,</strong></span> <span class='ocrx_word' id='word_1_210' title='bbox 953 2963 1248 3033; x_wconf 86' lang='lat' dir='ltr'><strong>parietibus</strong></span> <span class='ocrx_word' id='word_1_211' title='bbox 1274 2961 1461 3032; x_wconf 79' lang='lat' dir='ltr'><strong>pictis,</strong></span> <span class='ocrx_word' id='word_1_212' title='bbox 1494 2967 1550 3016; x_wconf 85' lang='lat' dir='ltr'><strong>et</strong></span> <span class='ocrx_word' id='word_1_213' title='bbox 1578 2960 1729 3016; x_wconf 86' lang='lat' dir='ltr'><strong>vario</strong></span> <span class='ocrx_word' id='word_1_214' title='bbox 1776 2972 2103 3017; x_wconf 84' lang='lat' dir='ltr'><strong>marmorum</strong></span> 
     </span>
    </p>
   </div>
   <div class='ocr_carea' id='block_1_32' title="bbox 512 3052 2105 3119">
    <p class='ocr_par' dir='ltr' id='par_1_32' title="bbox 512 3052 2105 3119">
     <span class='ocr_line' id='line_1_32' title="bbox 512 3052 2105 3119; baseline -0.004 -7"><span class='ocrx_word' id='word_1_215' title='bbox 512 3056 736 3113; x_wconf 87' lang='lat' dir='ltr'><strong>metallo</strong></span> <span class='ocrx_word' id='word_1_216' title='bbox 767 3064 893 3110; x_wconf 88' lang='lat' dir='ltr'><strong>sunt</strong></span> <span class='ocrx_word' id='word_1_217' title='bbox 938 3055 1101 3110; x_wconf 89' lang='lat' dir='ltr'><strong>edita.</strong></span> <span class='ocrx_word' id='word_1_218' title='bbox 1151 3054 1411 3109; x_wconf 81' lang='lat' dir='ltr'><strong>Inferiora</strong></span> <span class='ocrx_word' id='word_1_219' title='bbox 1439 3069 1591 3119; x_wconf 85' lang='lat' dir='ltr'><strong>vero,</strong></span> <span class='ocrx_word' id='word_1_220' title='bbox 1636 3052 1847 3107; x_wconf 91' lang='lat' dir='ltr'><strong>humori</strong></span> <span class='ocrx_word' id='word_1_221' title='bbox 1888 3058 2105 3105; x_wconf 90' lang='lat' dir='ltr'><strong>terreno</strong></span> 
     </span>
    </p>
   </div>
   <div class='ocr_carea' id='block_1_33' title="bbox 514 3143 2101 3216">
    <p class='ocr_par' dir='ltr' id='par_1_33' title="bbox 514 3143 2101 3216">
     <span class='ocr_line' id='line_1_33' title="bbox 514 3143 2101 3216; baseline -0.003 -14"><span class='ocrx_word' id='word_1_222' title='bbox 514 3147 709 3211; x_wconf 78' lang='lat' dir='ltr'><strong>vicina,</strong></span> <span class='ocrx_word' id='word_1_223' title='bbox 734 3148 939 3216; x_wconf 75' lang='lat' dir='ltr'><strong>digesta</strong></span> <span class='ocrx_word' id='word_1_224' title='bbox 962 3147 1124 3201; x_wconf 87' lang='lat' dir='ltr'><strong>etiam</strong></span> <span class='ocrx_word' id='word_1_225' title='bbox 1146 3146 1484 3216; x_wconf 87' lang='lat' dir='ltr'><strong>superiorum</strong></span> <span class='ocrx_word' id='word_1_226' title='bbox 1509 3146 1759 3199; x_wconf 88' lang='lat' dir='ltr'><strong>universa</strong></span> <span class='ocrx_word' id='word_1_227' title='bbox 1788 3143 2101 3212; x_wconf 80' lang='lat' dir='ltr'><strong>suscipiunt.</strong></span> 
     </span>
    </p>
   </div>
   <div class='ocr_carea' id='block_1_34' title="bbox 2198 547 3771 625">
    <p class='ocr_par' dir='ltr' id='par_1_34' title="bbox 2198 547 3771 625">
     <span class='ocr_line' id='line_1_34' title="bbox 2198 547 3771 625; baseline 0 -19"><span class='ocrx_word' id='word_1_228' title='bbox 2198 551 2324 606; x_wconf 89' lang='lat' dir='ltr'><strong>bum</strong></span> <span class='ocrx_word' id='word_1_229' title='bbox 2352 551 2446 607; x_wconf 89' lang='lat' dir='ltr'><strong>Dei</strong></span> <span class='ocrx_word' id='word_1_230' title='bbox 2475 560 2529 604; x_wconf 93' lang='lat' dir='ltr'><strong>et</strong></span> <span class='ocrx_word' id='word_1_231' title='bbox 2560 550 2858 604; x_wconf 88' lang='lat' dir='ltr'><strong>orationem</strong></span> <span class='ocrx_word' id='word_1_232' title='bbox 2890 549 2931 621; x_wconf 89' lang='grc' dir='ltr'><strong>(Ι</strong></span> <span class='ocrx_word' id='word_1_233' title='bbox 2965 548 3095 613; x_wconf 81' lang='lat' dir='ltr'><strong>Tim.</strong></span> <span class='ocrx_word' id='word_1_234' title='bbox 3131 566 3199 615; x_wconf 74' lang='lat' dir='ltr'><strong>iv,</strong></span> <span class='ocrx_word' id='word_1_235' title='bbox 3227 548 3262 602; x_wconf 75' lang='grc'><strong>2</strong></span> <span class='ocrx_word' id='word_1_236' title='bbox 3283 580 3302 590; x_wconf 87' lang='grc'><strong>-</strong></span> <span class='ocrx_word' id='word_1_237' title='bbox 3323 547 3397 619; x_wconf 76' lang='grc' dir='ltr'><strong>ὅ).</strong></span> <span class='ocrx_word' id='word_1_238' title='bbox 3441 549 3771 625; x_wconf 74' lang='lat' dir='ltr'><strong>Abstinentes</strong></span> 
     </span>
    </p>
   </div>
   <div class='ocr_carea' id='block_1_35' title="bbox 2199 641 3770 719">
    <p class='ocr_par' dir='ltr' id='par_1_35' title="bbox 2199 641 3770 719">
     <span class='ocr_line' id='line_1_35' title="bbox 2199 641 3770 719; baseline 0.001 -21"><span class='ocrx_word' id='word_1_239' title='bbox 2199 653 2378 707; x_wconf 88' lang='lat' dir='ltr'><strong>autem</strong></span> <span class='ocrx_word' id='word_1_240' title='bbox 2423 651 2637 698; x_wconf 89' lang='lat' dir='ltr'><strong>nostros</strong></span> <span class='ocrx_word' id='word_1_241' title='bbox 2694 642 2993 698; x_wconf 83' lang='lat' dir='ltr'><strong>catholicos</strong></span> <span class='ocrx_word' id='word_1_242' title='bbox 3024 642 3245 719; x_wconf 84' lang='lat' dir='ltr'><strong>idcirco</strong></span> <span class='ocrx_word' id='word_1_243' title='bbox 3294 641 3601 710; x_wconf 88' lang='lat' dir='ltr'><strong>laudamus,</strong></span> <span class='ocrx_word' id='word_1_244' title='bbox 3655 644 3770 715; x_wconf 73' lang='lat' dir='ltr'><strong>quia</strong></span> 
     </span>
    </p>
   </div>
   <div class='ocr_carea' id='block_1_36' title="bbox 2199 733 3772 807">
    <p class='ocr_par' dir='ltr' id='par_1_36' title="bbox 2199 733 3772 807">
     <span class='ocr_line' id='line_1_36' title="bbox 2199 733 3772 807; baseline 0.001 -16"><span class='ocrx_word' id='word_1_245' title='bbox 2199 734 2227 775; x_wconf 71' lang='grc' dir='ltr'><strong>ι)</strong></span> <span class='ocrx_word' id='word_1_246' title='bbox 2252 736 2469 807; x_wconf 87' lang='lat' dir='ltr'><strong>quando</strong></span> <span class='ocrx_word' id='word_1_247' title='bbox 2498 751 2603 790; x_wconf 90' lang='lat' dir='ltr'><strong>non</strong></span> <span class='ocrx_word' id='word_1_248' title='bbox 2636 735 2907 805; x_wconf 90' lang='lat' dir='ltr'><strong>accipiunt</strong></span> <span class='ocrx_word' id='word_1_249' title='bbox 2935 734 3102 799; x_wconf 87' lang='lat' dir='ltr'><strong>cibos,</strong></span> <span class='ocrx_word' id='word_1_250' title='bbox 3133 733 3285 803; x_wconf 91' lang='lat' dir='ltr'><strong>quasi</strong></span> <span class='ocrx_word' id='word_1_251' title='bbox 3334 734 3426 803; x_wconf 87' lang='lat' dir='ltr'><strong>qui</strong></span> <span class='ocrx_word' id='word_1_252' title='bbox 3466 733 3645 789; x_wconf 88' lang='lat' dir='ltr'><strong>dicant</strong></span> <span class='ocrx_word' id='word_1_253' title='bbox 3669 751 3772 792; x_wconf 85' lang='lat' dir='ltr'><strong>ma-</strong></span> 
     </span>
    </p>
   </div>
   <div class='ocr_carea' id='block_1_37' title="bbox 2198 827 3769 903">
    <p class='ocr_par' dir='ltr' id='par_1_37' title="bbox 2198 827 3769 903">
     <span class='ocr_line' id='line_1_37' title="bbox 2198 827 3769 903; baseline -0.001 -17"><span class='ocrx_word' id='word_1_254' title='bbox 2198 832 2306 886; x_wconf 91' lang='lat' dir='ltr'><strong>lum</strong></span> <span class='ocrx_word' id='word_1_255' title='bbox 2353 848 2471 899; x_wconf 80' lang='lat' dir='ltr'><strong>esse</strong></span> <span class='ocrx_word' id='word_1_256' title='bbox 2502 831 2765 903; x_wconf 87' lang='lat' dir='ltr'><strong>accipere,</strong></span> <span class='ocrx_word' id='word_1_257' title='bbox 2800 830 2892 885; x_wconf 88' lang='lat' dir='ltr'><strong>sed</strong></span> <span class='ocrx_word' id='word_1_258' title='bbox 2940 830 3142 884; x_wconf 92' lang='lat' dir='ltr'><strong>bonum</strong></span> <span class='ocrx_word' id='word_1_259' title='bbox 3190 827 3374 883; x_wconf 89' lang='lat' dir='ltr'><strong>dicunt</strong></span> <span class='ocrx_word' id='word_1_260' title='bbox 3418 835 3474 882; x_wconf 91' lang='lat' dir='ltr'><strong>et</strong></span> <span class='ocrx_word' id='word_1_261' title='bbox 3502 829 3769 903; x_wconf 80' lang='lat' dir='ltr'><strong>Optimum,</strong></span> 
     </span>
    </p>
   </div>
   <div class='ocr_carea' id='block_1_38' title="bbox 2196 920 3774 1001">
    <p class='ocr_par' dir='ltr' id='par_1_38' title="bbox 2196 920 3774 1001">
     <span class='ocr_line' id='line_1_38' title="bbox 2196 920 3774 1001; baseline -0.001 -21"><span class='ocrx_word' id='word_1_262' title='bbox 2196 925 2340 999; x_wconf 89' lang='lat' dir='ltr'><strong>quod</strong></span> <span class='ocrx_word' id='word_1_263' title='bbox 2367 942 2424 981; x_wconf 92' lang='lat' dir='ltr'><strong>se</strong></span> <span class='ocrx_word' id='word_1_264' title='bbox 2452 933 2696 989; x_wconf 83' lang='lat' dir='ltr'><strong>asserunt</strong></span> <span class='ocrx_word' id='word_1_265' title='bbox 2724 939 2843 979; x_wconf 86' lang='lat' dir='ltr'><strong>esse</strong></span> <span class='ocrx_word' id='word_1_266' title='bbox 2873 923 2940 988; x_wconf 75' lang='lat' dir='ltr'><strong>ad</strong></span> <span class='ocrx_word' id='word_1_267' title='bbox 2971 920 3374 1001; x_wconf 87' lang='lat' dir='ltr'><strong>percipiendum</strong></span> <span class='ocrx_word' id='word_1_268' title='bbox 3405 920 3667 989; x_wconf 79' lang='lat' dir='ltr'><strong>indignos.</strong></span> <span class='ocrx_word' id='word_1_269' title='bbox 3693 922 3774 980; x_wconf 90' lang='lat' dir='ltr'><strong>Sic</strong></span> 
     </span>
    </p>
   </div>
   <div class='ocr_carea' id='block_1_39' title="bbox 2198 1010 3773 1092">
    <p class='ocr_par' dir='ltr' id='par_1_39' title="bbox 2198 1010 3773 1092">
     <span class='ocr_line' id='line_1_39' title="bbox 2198 1010 3773 1092; baseline 0.001 -24"><span class='ocrx_word' id='word_1_270' title='bbox 2198 1016 2256 1071; x_wconf 85' lang='lat' dir='ltr'><strong>lit</strong></span> <span class='ocrx_word' id='word_1_271' title='bbox 2286 1010 2429 1072; x_wconf 84' lang='lat' dir='ltr'><strong>utet</strong></span> <span class='ocrx_word' id='word_1_272' title='bbox 2465 1016 2595 1071; x_wconf 83' lang='lat' dir='ltr'><strong>illud</strong></span> <span class='ocrx_word' id='word_1_273' title='bbox 2640 1023 2899 1070; x_wconf 87' lang='lat' dir='ltr'><strong>statutum</strong></span> <span class='ocrx_word' id='word_1_274' title='bbox 2942 1014 3186 1085; x_wconf 84' lang='lat' dir='ltr'><strong>Apostoli</strong></span> <span class='ocrx_word' id='word_1_275' title='bbox 3228 1021 3600 1083; x_wconf 88' lang='lat' dir='ltr'><strong>conservetur,</strong></span> <span class='ocrx_word' id='word_1_276' title='bbox 3643 1015 3773 1092; x_wconf 77' lang='lat' dir='ltr'><strong>quod</strong></span> 
     </span>
    </p>
   </div>
   <div class='ocr_carea' id='block_1_40' title="bbox 2198 1108 3775 1185">
    <p class='ocr_par' dir='ltr' id='par_1_40' title="bbox 2198 1108 3775 1185">
     <span class='ocr_line' id='line_1_40' title="bbox 2198 1108 3775 1185; baseline 0.001 -20"><span class='ocrx_word' id='word_1_277' title='bbox 2198 1112 2312 1165; x_wconf 88' lang='lat' dir='ltr'><strong>ait:</strong></span> <span class='ocrx_word' id='word_1_278' title='bbox 2347 1109 2471 1167; x_wconf 89' lang='lat' dir='ltr'><strong>Non</strong></span> <span class='ocrx_word' id='word_1_279' title='bbox 2511 1111 2834 1173; x_wconf 80' lang='lat' dir='ltr'><strong>manducans</strong></span> <span class='ocrx_word' id='word_1_280' title='bbox 2875 1109 3274 1163; x_wconf 87' lang='lat' dir='ltr'><strong>manducantem</strong></span> <span class='ocrx_word' id='word_1_281' title='bbox 3326 1125 3433 1162; x_wconf 86' lang='lat' dir='ltr'><strong>non</strong></span> <span class='ocrx_word' id='word_1_282' title='bbox 3475 1108 3688 1180; x_wconf 85' lang='lat' dir='ltr'><strong>judicet,</strong></span> <span class='ocrx_word' id='word_1_283' title='bbox 3731 1119 3775 1185; x_wconf 70' lang='lat' dir='ltr'><strong>et</strong></span> 
     </span>
    </p>
   </div>
   <div class='ocr_carea' id='block_1_41' title="bbox 2197 1201 3772 1291">
    <p class='ocr_par' dir='ltr' id='par_1_41' title="bbox 2197 1201 3772 1291">
     <span class='ocr_line' id='line_1_41' title="bbox 2197 1201 3772 1291; baseline 0.002 -34"><span class='ocrx_word' id='word_1_284' title='bbox 2197 1204 2517 1258; x_wconf 86' lang='lat' dir='ltr'><strong>manducans</strong></span> <span class='ocrx_word' id='word_1_285' title='bbox 2548 1221 2649 1259; x_wconf 87' lang='lat' dir='ltr'><strong>non</strong></span> <span class='ocrx_word' id='word_1_286' title='bbox 2677 1204 3075 1275; x_wconf 79' lang='lat' dir='ltr'><strong>manducantem</strong></span> <span class='ocrx_word' id='word_1_287' title='bbox 3102 1219 3207 1257; x_wconf 87' lang='lat' dir='ltr'><strong>non</strong></span> <span class='ocrx_word' id='word_1_288' title='bbox 3236 1212 3448 1275; x_wconf 77' lang='lat' dir='ltr'><strong>spernat</strong></span> <span class='ocrx_word' id='word_1_289' title='bbox 3477 1201 3655 1276; x_wconf 78' lang='lat' dir='ltr'><strong>(Rom.</strong></span> <span class='ocrx_word' id='word_1_290' title='bbox 3676 1221 3772 1291; x_wconf 74' lang='lat' dir='ltr'><strong>xw,</strong></span> 
     </span>
    </p>
   </div>
   <div class='ocr_carea' id='block_1_42' title="bbox 2200 1295 3774 1377">
    <p class='ocr_par' dir='ltr' id='par_1_42' title="bbox 2200 1295 3774 1377">
     <span class='ocr_line' id='line_1_42' title="bbox 2200 1295 3774 1377; baseline 0 -24"><span class='ocrx_word' id='word_1_291' title='bbox 2200 1298 2275 1371; x_wconf 76' lang='grc'><strong>5).</strong></span> <span class='ocrx_word' id='word_1_292' title='bbox 2309 1298 2423 1354; x_wconf 84' lang='grc' dir='ltr'><strong>Νοη</strong></span> <span class='ocrx_word' id='word_1_293' title='bbox 2466 1298 2606 1353; x_wconf 91' lang='lat' dir='ltr'><strong>enim</strong></span> <span class='ocrx_word' id='word_1_294' title='bbox 2638 1306 2940 1353; x_wconf 89' lang='lat' dir='ltr'><strong>creaturam</strong></span> <span class='ocrx_word' id='word_1_295' title='bbox 2971 1303 3221 1363; x_wconf 86' lang='lat' dir='ltr'><strong>accusat,</strong></span> <span class='ocrx_word' id='word_1_296' title='bbox 3255 1295 3351 1351; x_wconf 91' lang='lat' dir='ltr'><strong>sed</strong></span> <span class='ocrx_word' id='word_1_297' title='bbox 3379 1311 3438 1351; x_wconf 94' lang='lat' dir='ltr'><strong>se</strong></span> <span class='ocrx_word' id='word_1_298' title='bbox 3481 1311 3603 1352; x_wconf 90' lang='lat' dir='ltr'><strong>esse</strong></span> <span class='ocrx_word' id='word_1_299' title='bbox 3631 1297 3774 1377; x_wconf 64' lang='lat' dir='ltr'><strong>talem</strong></span> 
     </span>
    </p>
   </div>
   <div class='ocr_carea' id='block_1_43' title="bbox 2198 1387 3769 1463">
    <p class='ocr_par' dir='ltr' id='par_1_43' title="bbox 2198 1387 3769 1463">
     <span class='ocr_line' id='line_1_43' title="bbox 2198 1387 3769 1463; baseline 0 -19"><span class='ocrx_word' id='word_1_300' title='bbox 2198 1392 2537 1462; x_wconf 88' lang='lat' dir='ltr'><strong>pronuntiat,</strong></span> <span class='ocrx_word' id='word_1_301' title='bbox 2570 1402 2591 1429; x_wconf 74' lang='grc' dir='ltr'><strong><em>ο</em></strong></span> <span class='ocrx_word' id='word_1_302' title='bbox 2621 1406 2728 1459; x_wconf 90' lang='lat' dir='ltr'><strong>quo</strong></span> <span class='ocrx_word' id='word_1_303' title='bbox 2768 1405 2825 1443; x_wconf 88' lang='lat' dir='ltr'><strong>se</strong></span> <span class='ocrx_word' id='word_1_304' title='bbox 2872 1389 3015 1444; x_wconf 89' lang='lat' dir='ltr'><strong>dicat</strong></span> <span class='ocrx_word' id='word_1_305' title='bbox 3063 1387 3221 1457; x_wconf 82' lang='lat' dir='ltr'><strong>hujus</strong></span> <span class='ocrx_word' id='word_1_306' title='bbox 3270 1388 3443 1463; x_wconf 87' lang='lat' dir='ltr'><strong>epulis</strong></span> <span class='ocrx_word' id='word_1_307' title='bbox 3490 1387 3637 1444; x_wconf 87' lang='lat' dir='ltr'><strong>relici</strong></span> <span class='ocrx_word' id='word_1_308' title='bbox 3674 1405 3769 1455; x_wconf 87' lang='lat' dir='ltr'><strong>non</strong></span> 
     </span>
    </p>
   </div>
   <div class='ocr_carea' id='block_1_44' title="bbox 2200 1464 2739 1538">
    <p class='ocr_par' dir='ltr' id='par_1_44' title="bbox 2200 1485 2412 1538">
     <span class='ocr_line' id='line_1_44' title="bbox 2200 1485 2412 1538; baseline -0.005 0"><span class='ocrx_word' id='word_1_309' title='bbox 2200 1485 2412 1538; x_wconf 86' lang='lat' dir='ltr'><strong>mereri.</strong></span> 
     </span>
    </p>
   </div>
   <div class='ocr_carea' id='block_1_45' title="bbox 2903 1571 3093 1630">
    <p class='ocr_par' dir='ltr' id='par_1_45' title="bbox 2903 1571 3093 1630">
     <span class='ocr_line' id='line_1_45' title="bbox 2903 1571 3093 1630; baseline -0.005 -3"><span class='ocrx_word' id='word_1_310' title='bbox 2903 1571 3093 1630; x_wconf 81' lang='lat' dir='ltr'><strong>XXVI.</strong></span> 
     </span>
    </p>
   </div>
   <div class='ocr_carea' id='block_1_46' title="bbox 2274 1665 3773 1741">
    <p class='ocr_par' dir='ltr' id='par_1_46' title="bbox 2274 1665 3773 1741">
     <span class='ocr_line' id='line_1_46' title="bbox 2274 1665 3773 1741; baseline -0.001 -17"><span class='ocrx_word' id='word_1_311' title='bbox 2274 1669 2540 1725; x_wconf 84' lang='lat' dir='ltr'><strong>Vicesima</strong></span> <span class='ocrx_word' id='word_1_312' title='bbox 2571 1676 2626 1723; x_wconf 91' lang='lat' dir='ltr'><strong>et</strong></span> <span class='ocrx_word' id='word_1_313' title='bbox 2649 1675 2801 1725; x_wconf 79' lang='lat' dir='ltr'><strong>sexta</strong></span> <span class='ocrx_word' id='word_1_314' title='bbox 2848 1666 3067 1729; x_wconf 82' lang='lat' dir='ltr'><strong>haeresis</strong></span> <span class='ocrx_word' id='word_1_315' title='bbox 3093 1665 3463 1739; x_wconf 74' lang='lat' dir='ltr'><strong>Cataphryges</strong></span> <span class='ocrx_word' id='word_1_316' title='bbox 3492 1667 3603 1727; x_wconf 87' lang='lat' dir='ltr'><strong>orti</strong></span> <span class='ocrx_word' id='word_1_317' title='bbox 3647 1677 3773 1741; x_wconf 88' lang='lat' dir='ltr'><strong>sunt,</strong></span> 
     </span>
    </p>
   </div>
   <div class='ocr_carea' id='block_1_47' title="bbox 2201 1758 3776 1831">
    <p class='ocr_par' dir='ltr' id='par_1_47' title="bbox 2201 1758 3776 1831">
     <span class='ocr_line' id='line_1_47' title="bbox 2201 1758 3776 1831; baseline 0.002 -17"><span class='ocrx_word' id='word_1_318' title='bbox 2201 1761 2291 1830; x_wconf 91' lang='lat' dir='ltr'><strong>qui</strong></span> <span class='ocrx_word' id='word_1_319' title='bbox 2321 1761 2424 1816; x_wconf 90' lang='lat' dir='ltr'><strong>hoc</strong></span> <span class='ocrx_word' id='word_1_320' title='bbox 2462 1776 2657 1815; x_wconf 89' lang='lat' dir='ltr'><strong>nomen</strong></span> <span class='ocrx_word' id='word_1_321' title='bbox 2687 1775 2718 1813; x_wconf 88' lang='lat' dir='ltr'><strong>a</strong></span> <span class='ocrx_word' id='word_1_322' title='bbox 2748 1758 3055 1831; x_wconf 86' lang='lat' dir='ltr'><strong>provincia,</strong></span> <span class='ocrx_word' id='word_1_323' title='bbox 3091 1774 3198 1813; x_wconf 90' lang='lat' dir='ltr'><strong>non</strong></span> <span class='ocrx_word' id='word_1_324' title='bbox 3236 1774 3267 1813; x_wconf 90' lang='lat' dir='ltr'><strong>a</strong></span> <span class='ocrx_word' id='word_1_325' title='bbox 3303 1758 3561 1828; x_wconf 75' lang='lat' dir='ltr'><strong>dogmate</strong></span> <span class='ocrx_word' id='word_1_326' title='bbox 3594 1774 3776 1817; x_wconf 86' lang='lat' dir='ltr'><strong>assum-</strong></span> 
     </span>
    </p>
   </div>
   <div class='ocr_carea' id='block_1_48' title="bbox 2131 1850 3773 1939">
    <p class='ocr_par' dir='ltr' id='par_1_48' title="bbox 2131 1850 3773 1939">
     <span class='ocr_line' id='line_1_48' title="bbox 2131 1850 3773 1939; baseline -0.002 -30"><span class='ocrx_word' id='word_1_327' title='bbox 2131 1857 2176 1939; x_wconf 76' lang='grc' dir='ltr'><strong>β</strong></span> <span class='ocrx_word' id='word_1_328' title='bbox 2203 1862 2453 1925; x_wconf 85' lang='lat' dir='ltr'><strong>pscrunt;</strong></span> <span class='ocrx_word' id='word_1_329' title='bbox 2485 1868 2713 1925; x_wconf 91' lang='lat' dir='ltr'><strong>quorum</strong></span> <span class='ocrx_word' id='word_1_330' title='bbox 2740 1860 2989 1908; x_wconf 87' lang='lat' dir='ltr'><strong>auctores</strong></span> <span class='ocrx_word' id='word_1_331' title='bbox 3019 1852 3233 1909; x_wconf 80' lang='lat' dir='ltr'><strong>fuerunt</strong></span> <span class='ocrx_word' id='word_1_332' title='bbox 3265 1852 3578 1919; x_wconf 81' lang='lat' dir='ltr'><strong>Montanus,</strong></span> <span class='ocrx_word' id='word_1_333' title='bbox 3616 1850 3773 1915; x_wconf 80' lang='lat' dir='ltr'><strong>Prisca</strong></span> 
     </span>
    </p>
   </div>
   <div class='ocr_carea' id='block_1_49' title="bbox 2205 1944 3773 2016">
    <p class='ocr_par' dir='ltr' id='par_1_49' title="bbox 2205 1944 3773 2016">
     <span class='ocr_line' id='line_1_49' title="bbox 2205 1944 3773 2016; baseline 0.003 -15"><span class='ocrx_word' id='word_1_334' title='bbox 2205 1954 2258 2001; x_wconf 91' lang='lat' dir='ltr'><strong>et</strong></span> <span class='ocrx_word' id='word_1_335' title='bbox 2288 1946 2597 2001; x_wconf 79' lang='lat' dir='ltr'><strong>Maximilla.</strong></span> <span class='ocrx_word' id='word_1_336' title='bbox 2632 1944 2697 2000; x_wconf 85' lang='lat' dir='ltr'><strong>Hi</strong></span> <span class='ocrx_word' id='word_1_337' title='bbox 2736 1946 2916 2015; x_wconf 90' lang='lat' dir='ltr'><strong>itaque</strong></span> <span class='ocrx_word' id='word_1_338' title='bbox 2962 1945 3252 2001; x_wconf 87' lang='lat' dir='ltr'><strong>adventum</strong></span> <span class='ocrx_word' id='word_1_339' title='bbox 3290 1944 3525 2016; x_wconf 82' lang='lat' dir='ltr'><strong>Spiritus</strong></span> <span class='ocrx_word' id='word_1_340' title='bbox 3573 1947 3725 2007; x_wconf 81' lang='lat' dir='ltr'><strong>sancti</strong></span> <span class='ocrx_word' id='word_1_341' title='bbox 3748 1963 3773 2005; x_wconf 84' lang='lat' dir='ltr'><strong>a</strong></span> 
     </span>
    </p>
   </div>
   <div class='ocr_carea' id='block_1_50' title="bbox 2204 2035 3774 2107">
    <p class='ocr_par' dir='ltr' id='par_1_50' title="bbox 2204 2035 3774 2107">
     <span class='ocr_line' id='line_1_50' title="bbox 2204 2035 3774 2107; baseline 0 -16"><span class='ocrx_word' id='word_1_342' title='bbox 2204 2037 2432 2092; x_wconf 89' lang='lat' dir='ltr'><strong>Domino</strong></span> <span class='ocrx_word' id='word_1_343' title='bbox 2460 2037 2781 2107; x_wconf 89' lang='lat' dir='ltr'><strong>promissum</strong></span> <span class='ocrx_word' id='word_1_344' title='bbox 2821 2035 2873 2089; x_wconf 93' lang='lat' dir='ltr'><strong>in</strong></span> <span class='ocrx_word' id='word_1_345' title='bbox 2913 2050 2973 2091; x_wconf 92' lang='lat' dir='ltr'><strong>se</strong></span> <span class='ocrx_word' id='word_1_346' title='bbox 3019 2037 3201 2106; x_wconf 87' lang='lat' dir='ltr'><strong>potius</strong></span> <span class='ocrx_word' id='word_1_347' title='bbox 3228 2049 3390 2105; x_wconf 91' lang='lat' dir='ltr'><strong>quam</strong></span> <span class='ocrx_word' id='word_1_348' title='bbox 3434 2037 3487 2091; x_wconf 90' lang='lat' dir='ltr'><strong>in</strong></span> <span class='ocrx_word' id='word_1_349' title='bbox 3545 2038 3774 2107; x_wconf 88' lang='lat' dir='ltr'><strong>apostolis</strong></span> 
     </span>
    </p>
   </div>
   <div class='ocr_carea' id='block_1_51' title="bbox 2205 2124 3772 2200">
    <p class='ocr_par' dir='ltr' id='par_1_51' title="bbox 2205 2124 3772 2200">
     <span class='ocr_line' id='line_1_51' title="bbox 2205 2124 3772 2200; baseline 0.003 -19"><span class='ocrx_word' id='word_1_350' title='bbox 2205 2129 2368 2183; x_wconf 82' lang='lat' dir='ltr'><strong>fuisse</strong></span> <span class='ocrx_word' id='word_1_351' title='bbox 2398 2137 2643 2183; x_wconf 85' lang='lat' dir='ltr'><strong>asserunt</strong></span> <span class='ocrx_word' id='word_1_352' title='bbox 2683 2127 2969 2182; x_wconf 89' lang='lat' dir='ltr'><strong>redditum.</strong></span> <span class='ocrx_word' id='word_1_353' title='bbox 3015 2124 3290 2191; x_wconf 86' lang='lat' dir='ltr'><strong>Secundas</strong></span> <span class='ocrx_word' id='word_1_354' title='bbox 3319 2128 3540 2200; x_wconf 83' lang='lat' dir='ltr'><strong>nuptias</strong></span> <span class='ocrx_word' id='word_1_355' title='bbox 3565 2145 3655 2199; x_wconf 91' lang='lat' dir='ltr'><strong>pro</strong></span> <span class='ocrx_word' id='word_1_356' title='bbox 3678 2130 3772 2189; x_wconf 79' lang='lat' dir='ltr'><strong>ior-</strong></span> 
     </span>
    </p>
   </div>
   <div class='ocr_carea' id='block_1_52' title="bbox 2205 2220 3773 2303">
    <p class='ocr_par' dir='ltr' id='par_1_52' title="bbox 2205 2220 3773 2303">
     <span class='ocr_line' id='line_1_52' title="bbox 2205 2220 3773 2303; baseline 0.002 -27"><span class='ocrx_word' id='word_1_357' title='bbox 2205 2222 2564 2277; x_wconf 89' lang='lat' dir='ltr'><strong>nicationibus</strong></span> <span class='ocrx_word' id='word_1_358' title='bbox 2593 2221 2826 2295; x_wconf 78' lang='lat' dir='ltr'><strong>habent,</strong></span> <span class='ocrx_word' id='word_1_359' title='bbox 2858 2229 2913 2277; x_wconf 88' lang='lat' dir='ltr'><strong>et</strong></span> <span class='ocrx_word' id='word_1_360' title='bbox 2960 2220 3084 2276; x_wconf 84' lang='lat' dir='ltr'><strong>ideo</strong></span> <span class='ocrx_word' id='word_1_361' title='bbox 3131 2220 3313 2279; x_wconf 87' lang='lat' dir='ltr'><strong>dicunt</strong></span> <span class='ocrx_word' id='word_1_362' title='bbox 3358 2236 3451 2281; x_wconf 81' lang='lat' dir='ltr'><strong>eas</strong></span> <span class='ocrx_word' id='word_1_363' title='bbox 3492 2222 3773 2303; x_wconf 81' lang='lat' dir='ltr'><strong>permisisse</strong></span> 
     </span>
    </p>
   </div>
   <div class='ocr_carea' id='block_1_53' title="bbox 2205 2313 3768 2387">
    <p class='ocr_par' dir='ltr' id='par_1_53' title="bbox 2205 2313 3768 2387">
     <span class='ocr_line' id='line_1_53' title="bbox 2205 2313 3768 2387; baseline 0.001 -17"><span class='ocrx_word' id='word_1_364' title='bbox 2205 2314 2509 2386; x_wconf 87' lang='lat' dir='ltr'><strong>apostolum</strong></span> <span class='ocrx_word' id='word_1_365' title='bbox 2533 2313 2777 2377; x_wconf 88' lang='lat' dir='ltr'><strong>Paulum,</strong></span> <span class='ocrx_word' id='word_1_366' title='bbox 2803 2313 2926 2387; x_wconf 90' lang='lat' dir='ltr'><strong>quia</strong></span> <span class='ocrx_word' id='word_1_367' title='bbox 2951 2328 3017 2369; x_wconf 81' lang='lat' dir='ltr'><strong>ex</strong></span> <span class='ocrx_word' id='word_1_368' title='bbox 3047 2319 3199 2385; x_wconf 90' lang='lat' dir='ltr'><strong>parte</strong></span> <span class='ocrx_word' id='word_1_369' title='bbox 3228 2314 3452 2379; x_wconf 80' lang='lat' dir='ltr'><strong>sciebat,</strong></span> <span class='ocrx_word' id='word_1_370' title='bbox 3475 2321 3539 2375; x_wconf 77' lang='lat' dir='ltr'><strong>et</strong></span> <span class='ocrx_word' id='word_1_371' title='bbox 3565 2330 3624 2377; x_wconf 77' lang='lat' dir='ltr'><strong>ex</strong></span> <span class='ocrx_word' id='word_1_372' title='bbox 3640 2324 3768 2385; x_wconf 82' lang='lat' dir='ltr'><strong>parte</strong></span> 
     </span>
    </p>
   </div>
   <div class='ocr_carea' id='block_1_54' title="bbox 2204 2406 3762 2483">
    <p class='ocr_par' dir='ltr' id='par_1_54' title="bbox 2204 2406 3762 2483">
     <span class='ocr_line' id='line_1_54' title="bbox 2204 2406 3762 2483; baseline 0.001 -20"><span class='ocrx_word' id='word_1_373' title='bbox 2204 2408 2580 2483; x_wconf 88' lang='lat' dir='ltr'><strong>prophetabat.</strong></span> <span class='ocrx_word' id='word_1_374' title='bbox 2615 2406 2864 2470; x_wconf 84' lang='lat' dir='ltr'><strong>Nondum</strong></span> <span class='ocrx_word' id='word_1_375' title='bbox 2894 2408 3036 2463; x_wconf 88' lang='lat' dir='ltr'><strong>enim</strong></span> <span class='ocrx_word' id='word_1_376' title='bbox 3066 2415 3289 2465; x_wconf 87' lang='lat' dir='ltr'><strong>venerat</strong></span> <span class='ocrx_word' id='word_1_377' title='bbox 3317 2407 3463 2476; x_wconf 89' lang='lat' dir='ltr'><strong>quod</strong></span> <span class='ocrx_word' id='word_1_378' title='bbox 3501 2408 3762 2481; x_wconf 71' lang='lat' dir='ltr'><strong>perfectum</strong></span> 
     </span>
    </p>
   </div>
   <div class='ocr_carea' id='block_1_55' title="bbox 2205 2499 3770 2570">
    <p class='ocr_par' dir='ltr' id='par_1_55' title="bbox 2205 2499 3770 2570">
     <span class='ocr_line' id='line_1_55' title="bbox 2205 2499 3770 2570; baseline -0.001 -14"><span class='ocrx_word' id='word_1_379' title='bbox 2205 2510 2305 2556; x_wconf 90' lang='lat' dir='ltr'><strong>est.</strong></span> <span class='ocrx_word' id='word_1_380' title='bbox 2342 2500 2454 2556; x_wconf 82' lang='lat' dir='ltr'><strong>Hoc</strong></span> <span class='ocrx_word' id='word_1_381' title='bbox 2484 2508 2667 2554; x_wconf 85' lang='lat' dir='ltr'><strong>autem</strong></span> <span class='ocrx_word' id='word_1_382' title='bbox 2698 2499 2993 2570; x_wconf 83' lang='lat' dir='ltr'><strong>perfectum</strong></span> <span class='ocrx_word' id='word_1_383' title='bbox 3043 2501 3093 2561; x_wconf 88' lang='lat' dir='ltr'><strong>in</strong></span> <span class='ocrx_word' id='word_1_384' title='bbox 3138 2499 3452 2557; x_wconf 82' lang='lat' dir='ltr'><strong>Montanum</strong></span> <span class='ocrx_word' id='word_1_385' title='bbox 3501 2507 3563 2555; x_wconf 86' lang='lat' dir='ltr'><strong>ct</strong></span> <span class='ocrx_word' id='word_1_386' title='bbox 3606 2501 3652 2559; x_wconf 87' lang='lat' dir='ltr'><strong>in</strong></span> <span class='ocrx_word' id='word_1_387' title='bbox 3675 2499 3770 2568; x_wconf 73' lang='lat' dir='ltr'><strong>eius</strong></span> 
     </span>
    </p>
   </div>
   <div class='ocr_carea' id='block_1_56' title="bbox 2206 2590 3769 2669">
    <p class='ocr_par' dir='ltr' id='par_1_56' title="bbox 2206 2590 3769 2669">
     <span class='ocr_line' id='line_1_56' title="bbox 2206 2590 3769 2669; baseline -0.001 -21"><span class='ocrx_word' id='word_1_388' title='bbox 2206 2593 2572 2665; x_wconf 83' lang='lat' dir='ltr'><strong>prephetissas</strong></span> <span class='ocrx_word' id='word_1_389' title='bbox 2618 2608 2751 2669; x_wconf 87' lang='lat' dir='ltr'><strong>quas</strong></span> <span class='ocrx_word' id='word_1_390' title='bbox 2798 2607 2958 2661; x_wconf 85' lang='lat' dir='ltr'><strong>supra</strong></span> <span class='ocrx_word' id='word_1_391' title='bbox 3008 2590 3258 2657; x_wconf 77' lang='lat' dir='ltr'><strong>diximus,</strong></span> <span class='ocrx_word' id='word_1_392' title='bbox 3292 2591 3505 2648; x_wconf 87' lang='lat' dir='ltr'><strong>venisse</strong></span> <span class='ocrx_word' id='word_1_393' title='bbox 3555 2591 3769 2653; x_wconf 85' lang='lat' dir='ltr'><strong>delirant.</strong></span> 
     </span>
    </p>
   </div>
   <div class='ocr_carea' id='block_1_57' title="bbox 2208 2680 3774 2755">
    <p class='ocr_par' dir='ltr' id='par_1_57' title="bbox 2208 2680 3774 2755">
     <span class='ocr_line' id='line_1_57' title="bbox 2208 2680 3774 2755; baseline -0.001 -18"><span class='ocrx_word' id='word_1_394' title='bbox 2208 2683 2477 2737; x_wconf 70' lang='lat' dir='ltr'><strong>llactenus</strong></span> <span class='ocrx_word' id='word_1_395' title='bbox 2505 2683 2731 2739; x_wconf 77' lang='lat' dir='ltr'><strong>dixerim</strong></span> <span class='ocrx_word' id='word_1_396' title='bbox 2760 2682 2825 2735; x_wconf 83' lang='lat' dir='ltr'><strong>de</strong></span> <span class='ocrx_word' id='word_1_397' title='bbox 2849 2681 3217 2755; x_wconf 78' lang='lat' dir='ltr'><strong>Cataphrygis.</strong></span> <span class='ocrx_word' id='word_1_398' title='bbox 3245 2680 3452 2741; x_wconf 61' lang='lat' dir='ltr'><strong>Caetera</strong></span> <span class='ocrx_word' id='word_1_399' title='bbox 3476 2698 3593 2753; x_wconf 70' lang='lat' dir='ltr'><strong>qua:</strong></span> <span class='ocrx_word' id='word_1_400' title='bbox 3612 2681 3774 2743; x_wconf 84' lang='lat' dir='ltr'><strong>dicun-</strong></span> 
     </span>
    </p>
   </div>
   <div class='ocr_carea' id='block_1_58' title="bbox 2207 2776 3775 2849">
    <p class='ocr_par' dir='ltr' id='par_1_58' title="bbox 2207 2776 3775 2849">
     <span class='ocr_line' id='line_1_58' title="bbox 2207 2776 3775 2849; baseline 0.002 -19"><span class='ocrx_word' id='word_1_401' title='bbox 2207 2786 2293 2832; x_wconf 91' lang='lat' dir='ltr'><strong>tur</strong></span> <span class='ocrx_word' id='word_1_402' title='bbox 2321 2776 2472 2849; x_wconf 84' lang='lat' dir='ltr'><strong>quasi</strong></span> <span class='ocrx_word' id='word_1_403' title='bbox 2503 2776 2702 2831; x_wconf 82' lang='lat' dir='ltr'><strong>incerta</strong></span> <span class='ocrx_word' id='word_1_404' title='bbox 2735 2785 3016 2847; x_wconf 61' lang='lat' dir='ltr'><strong>pI-attereo.</strong></span> <span class='ocrx_word' id='word_1_405' title='bbox 3047 2776 3121 2831; x_wconf 89' lang='lat' dir='ltr'><strong>De</strong></span> <span class='ocrx_word' id='word_1_406' title='bbox 3162 2776 3380 2831; x_wconf 82' lang='lat' dir='ltr'><strong>infantis</strong></span> <span class='ocrx_word' id='word_1_407' title='bbox 3418 2777 3669 2846; x_wconf 79' lang='lat' dir='ltr'><strong>sanguine</strong></span> <span class='ocrx_word' id='word_1_408' title='bbox 3694 2792 3775 2833; x_wconf 77' lang='lat' dir='ltr'><strong>eos</strong></span> 
     </span>
    </p>
   </div>
   <div class='ocr_carea' id='block_1_59' title="bbox 2208 2870 3774 2941">
    <p class='ocr_par' dir='ltr' id='par_1_59' title="bbox 2208 2870 3774 2941">
     <span class='ocr_line' id='line_1_59' title="bbox 2208 2870 3774 2941; baseline 0.003 -16"><span class='ocrx_word' id='word_1_409' title='bbox 2208 2870 2469 2941; x_wconf 86' lang='lat' dir='ltr'><strong>accipere,</strong></span> <span class='ocrx_word' id='word_1_410' title='bbox 2499 2870 2642 2940; x_wconf 90' lang='lat' dir='ltr'><strong>quod</strong></span> <span class='ocrx_word' id='word_1_411' title='bbox 2685 2870 2805 2927; x_wconf 89' lang='lat' dir='ltr'><strong>ideo</strong></span> <span class='ocrx_word' id='word_1_412' title='bbox 2834 2870 3081 2934; x_wconf 90' lang='lat' dir='ltr'><strong>dicimus,</strong></span> <span class='ocrx_word' id='word_1_413' title='bbox 3117 2885 3184 2929; x_wconf 89' lang='lat' dir='ltr'><strong>ne</strong></span> <span class='ocrx_word' id='word_1_414' title='bbox 3233 2870 3517 2925; x_wconf 82' lang='lat' dir='ltr'><strong>videamur</strong></span> <span class='ocrx_word' id='word_1_415' title='bbox 3552 2871 3774 2939; x_wconf 54' lang='lat' dir='ltr'><strong>ignorare</strong></span> 
     </span>
    </p>
   </div>
   <div class='ocr_carea' id='block_1_60' title="bbox 2202 2952 3773 3039">
    <p class='ocr_par' dir='ltr' id='par_1_60' title="bbox 2202 2952 3773 3039">
     <span class='ocr_line' id='line_1_60' title="bbox 2202 2952 3773 3039; baseline 0.002 -21"><span class='ocrx_word' id='word_1_416' title='bbox 2202 2952 2387 3018; x_wconf 84' lang='lat' dir='ltr'><strong>omnia</strong></span> <span class='ocrx_word' id='word_1_417' title='bbox 2417 2978 2535 3033; x_wconf 80' lang='lat' dir='ltr'><strong>quae</strong></span> <span class='ocrx_word' id='word_1_418' title='bbox 2581 2964 2647 3017; x_wconf 84' lang='lat' dir='ltr'><strong>de</strong></span> <span class='ocrx_word' id='word_1_419' title='bbox 2678 2964 2754 3018; x_wconf 87' lang='lat' dir='ltr'><strong>eis</strong></span> <span class='ocrx_word' id='word_1_420' title='bbox 2782 2963 3033 3018; x_wconf 90' lang='lat' dir='ltr'><strong>dicuntur</strong></span> <span class='ocrx_word' id='word_1_421' title='bbox 3064 2981 3075 3015; x_wconf 94' lang='lat'><strong><em>:</em></strong></span> <span class='ocrx_word' id='word_1_422' title='bbox 3114 2963 3167 3018; x_wconf 92' lang='lat' dir='ltr'><strong>hi</strong></span> <span class='ocrx_word' id='word_1_423' title='bbox 3202 2964 3343 3019; x_wconf 89' lang='lat' dir='ltr'><strong>enim</strong></span> <span class='ocrx_word' id='word_1_424' title='bbox 3375 2964 3466 3039; x_wconf 86' lang='lat' dir='ltr'><strong>qui</strong></span> <span class='ocrx_word' id='word_1_425' title='bbox 3499 2972 3674 3027; x_wconf 81' lang='lat' dir='ltr'><strong>contra</strong></span> <span class='ocrx_word' id='word_1_426' title='bbox 3694 2977 3773 3027; x_wconf 76' lang='lat' dir='ltr'><strong>eos</strong></span> 
     </span>
    </p>
   </div>
   <div class='ocr_carea' id='block_1_61' title="bbox 2206 3052 3777 3125">
    <p class='ocr_par' dir='ltr' id='par_1_61' title="bbox 2206 3052 3777 3125">
     <span class='ocr_line' id='line_1_61' title="bbox 2206 3052 3777 3125; baseline -0.003 -14"><span class='ocrx_word' id='word_1_427' title='bbox 2206 3054 2535 3125; x_wconf 90' lang='lat' dir='ltr'><strong>scripserunt</strong></span> <span class='ocrx_word' id='word_1_428' title='bbox 2558 3055 2687 3111; x_wconf 92' lang='lat' dir='ltr'><strong>nihil</strong></span> <span class='ocrx_word' id='word_1_429' title='bbox 2708 3054 2834 3111; x_wconf 91' lang='lat' dir='ltr'><strong>hinc</strong></span> <span class='ocrx_word' id='word_1_430' title='bbox 2848 3054 3062 3124; x_wconf 90' lang='lat' dir='ltr'><strong>penitus</strong></span> <span class='ocrx_word' id='word_1_431' title='bbox 3090 3062 3479 3119; x_wconf 82' lang='lat' dir='ltr'><strong>memorarunt.</strong></span> <span class='ocrx_word' id='word_1_432' title='bbox 3519 3053 3545 3090; x_wconf 65' lang='grc' dir='ltr'><strong>εί</strong></span> <span class='ocrx_word' id='word_1_433' title='bbox 3575 3052 3777 3125; x_wconf 86' lang='lat' dir='ltr'><strong>Scripsit</strong></span> 
     </span>
    </p>
   </div>
   <div class='ocr_carea' id='block_1_62' title="bbox 2208 3144 3775 3218">
    <p class='ocr_par' dir='ltr' id='par_1_62' title="bbox 2208 3144 3775 3218">
     <span class='ocr_line' id='line_1_62' title="bbox 2208 3144 3775 3218; baseline -0.001 -16"><span class='ocrx_word' id='word_1_434' title='bbox 2208 3156 2395 3203; x_wconf 88' lang='lat' dir='ltr'><strong>contra</strong></span> <span class='ocrx_word' id='word_1_435' title='bbox 2426 3163 2519 3202; x_wconf 89' lang='lat' dir='ltr'><strong>eos</strong></span> <span class='ocrx_word' id='word_1_436' title='bbox 2547 3148 2741 3203; x_wconf 89' lang='lat' dir='ltr'><strong>librum</strong></span> <span class='ocrx_word' id='word_1_437' title='bbox 2765 3158 2983 3207; x_wconf 87' lang='lat' dir='ltr'><strong>sanctus</strong></span> <span class='ocrx_word' id='word_1_438' title='bbox 3003 3146 3162 3215; x_wconf 78' lang='lat' dir='ltr'><strong>Soter</strong></span> <span class='ocrx_word' id='word_1_439' title='bbox 3174 3162 3313 3218; x_wconf 89' lang='lat' dir='ltr'><strong>papa</strong></span> <span class='ocrx_word' id='word_1_440' title='bbox 3346 3144 3522 3211; x_wconf 83' lang='lat' dir='ltr'><strong>Urbis,</strong></span> <span class='ocrx_word' id='word_1_441' title='bbox 3556 3156 3604 3207; x_wconf 87' lang='lat' dir='ltr'><strong>et</strong></span> <span class='ocrx_word' id='word_1_442' title='bbox 3627 3144 3775 3216; x_wconf 76' lang='lat' dir='ltr'><strong>Apol-</strong></span> 
     </span>
    </p>
   </div>
   <div class='ocr_carea' id='block_1_63' title="bbox 514 3233 3775 3313">
    <p class='ocr_par' dir='ltr' id='par_1_63' title="bbox 514 3233 3775 3313">
     <span class='ocr_line' id='line_1_63' title="bbox 514 3233 3775 3313; baseline -0.001 -19"><span class='ocrx_word' id='word_1_443' title='bbox 514 3240 653 3306; x_wconf 85' lang='lat' dir='ltr'><strong>Quid</strong></span> <span class='ocrx_word' id='word_1_444' title='bbox 683 3254 812 3309; x_wconf 78' lang='lat' dir='ltr'><strong>ergo</strong></span> <span class='ocrx_word' id='word_1_445' title='bbox 838 3256 980 3295; x_wconf 89' lang='lat' dir='ltr'><strong>nunc</strong></span> <span class='ocrx_word' id='word_1_446' title='bbox 1009 3238 1304 3294; x_wconf 80' lang='lat' dir='ltr'><strong>faciemus?</strong></span> <span class='ocrx_word' id='word_1_447' title='bbox 1332 3240 1377 3293; x_wconf 88' lang='lat' dir='ltr'><strong>si</strong></span> <span class='ocrx_word' id='word_1_448' title='bbox 1402 3236 1691 3291; x_wconf 77' lang='lat' dir='ltr'><strong>auferimus</strong></span> <span class='ocrx_word' id='word_1_449' title='bbox 1719 3234 1991 3298; x_wconf 86' lang='lat' dir='ltr'><strong>inferiora,</strong></span> <span class='ocrx_word' id='word_1_450' title='bbox 2015 3251 2105 3289; x_wconf 80' lang='lat' dir='ltr'><strong>su-</strong></span> <span class='ocrx_word' id='word_1_451' title='bbox 2133 3233 2179 3301; x_wconf 92' lang='lat' dir='ltr'><strong>C</strong></span> <span class='ocrx_word' id='word_1_452' title='bbox 2210 3238 2386 3301; x_wconf 86' lang='lat' dir='ltr'><strong>lenius</strong></span> <span class='ocrx_word' id='word_1_453' title='bbox 2439 3239 2794 3310; x_wconf 84' lang='lat' dir='ltr'><strong>Ephesiorum</strong></span> <span class='ocrx_word' id='word_1_454' title='bbox 2843 3239 3086 3297; x_wconf 85' lang='lat' dir='ltr'><strong>antistes.</strong></span> <span class='ocrx_word' id='word_1_455' title='bbox 3143 3237 3345 3293; x_wconf 85' lang='lat' dir='ltr'><strong>Contra</strong></span> <span class='ocrx_word' id='word_1_456' title='bbox 3392 3254 3527 3313; x_wconf 81' lang='lat' dir='ltr'><strong>quos</strong></span> <span class='ocrx_word' id='word_1_457' title='bbox 3582 3237 3775 3309; x_wconf 78' lang='lat' dir='ltr'><strong>scripsit</strong></span> 
     </span>
    </p>
   </div>
   <div class='ocr_carea' id='block_1_64' title="bbox 514 3326 2105 3405">
    <p class='ocr_par' dir='ltr' id='par_1_64' title="bbox 514 3326 2105 3405">
     <span class='ocr_line' id='line_1_64' title="bbox 514 3326 2105 3405; baseline -0.003 -20"><span class='ocrx_word' id='word_1_458' title='bbox 514 3334 729 3405; x_wconf 83' lang='lat' dir='ltr'><strong>periura</strong></span> <span class='ocrx_word' id='word_1_459' title='bbox 759 3341 1037 3388; x_wconf 90' lang='lat' dir='ltr'><strong>corruunt.</strong></span> <span class='ocrx_word' id='word_1_460' title='bbox 1073 3331 1274 3385; x_wconf 87' lang='lat' dir='ltr'><strong>Tamen</strong></span> <span class='ocrx_word' id='word_1_461' title='bbox 1319 3330 1363 3384; x_wconf 89' lang='lat' dir='ltr'><strong>si</strong></span> <span class='ocrx_word' id='word_1_462' title='bbox 1408 3328 1732 3384; x_wconf 88' lang='lat' dir='ltr'><strong>destruenda</strong></span> <span class='ocrx_word' id='word_1_463' title='bbox 1772 3335 1927 3382; x_wconf 89' lang='lat' dir='ltr'><strong>erant</strong></span> <span class='ocrx_word' id='word_1_464' title='bbox 1969 3326 2105 3381; x_wconf 75' lang='lat' dir='ltr'><strong>infe-</strong></span> 
     </span>
    </p>
   </div>
   <div class='ocr_carea' id='block_1_65' title="bbox 513 3417 2106 3493">
    <p class='ocr_par' dir='ltr' id='par_1_65' title="bbox 513 3417 2106 3493">
     <span class='ocr_line' id='line_1_65' title="bbox 513 3417 2106 3493; baseline -0.005 -11"><span class='ocrx_word' id='word_1_465' title='bbox 513 3427 682 3491; x_wconf 86' lang='lat' dir='ltr'><strong>riora,</strong></span> <span class='ocrx_word' id='word_1_466' title='bbox 715 3441 821 3483; x_wconf 87' lang='lat' dir='ltr'><strong>non</strong></span> <span class='ocrx_word' id='word_1_467' title='bbox 848 3425 955 3479; x_wconf 89' lang='lat' dir='ltr'><strong>hoc</strong></span> <span class='ocrx_word' id='word_1_468' title='bbox 995 3424 1132 3477; x_wconf 85' lang='lat' dir='ltr'><strong>alius</strong></span> <span class='ocrx_word' id='word_1_469' title='bbox 1172 3430 1387 3493; x_wconf 85' lang='lat' dir='ltr'><strong>poterat</strong></span> <span class='ocrx_word' id='word_1_470' title='bbox 1432 3421 1534 3475; x_wconf 85' lang='lat' dir='ltr'><strong>nisi</strong></span> <span class='ocrx_word' id='word_1_471' title='bbox 1571 3420 1668 3475; x_wconf 93' lang='lat' dir='ltr'><strong>Dei</strong></span> <span class='ocrx_word' id='word_1_472' title='bbox 1716 3418 1883 3477; x_wconf 84' lang='lat' dir='ltr'><strong>Filius</strong></span> <span class='ocrx_word' id='word_1_473' title='bbox 1912 3417 2106 3474; x_wconf 78' lang='lat' dir='ltr'><strong>facere.</strong></span> 
     </span>
    </p>
   </div>
   <div class='ocr_carea' id='block_1_66' title="bbox 515 3512 2109 3586">
    <p class='ocr_par' dir='ltr' id='par_1_66' title="bbox 515 3512 2109 3586">
     <span class='ocr_line' id='line_1_66' title="bbox 515 3512 2109 3586; baseline -0.004 -12"><span class='ocrx_word' id='word_1_474' title='bbox 515 3519 805 3574; x_wconf 72' lang='lat' dir='ltr'><strong>Videamus</strong></span> <span class='ocrx_word' id='word_1_475' title='bbox 834 3532 962 3586; x_wconf 80' lang='lat' dir='ltr'><strong>ergo</strong></span> <span class='ocrx_word' id='word_1_476' title='bbox 990 3524 1299 3575; x_wconf 89' lang='lat' dir='ltr'><strong>utrumnam</strong></span> <span class='ocrx_word' id='word_1_477' title='bbox 1329 3516 1444 3585; x_wconf 75' lang='lat' dir='ltr'><strong>ipSe</strong></span> <span class='ocrx_word' id='word_1_478' title='bbox 1471 3513 1799 3570; x_wconf 85' lang='lat' dir='ltr'><strong>destruxerit</strong></span> <span class='ocrx_word' id='word_1_479' title='bbox 1823 3512 1926 3568; x_wconf 91' lang='lat' dir='ltr'><strong>hoc</strong></span> <span class='ocrx_word' id='word_1_480' title='bbox 1963 3512 2109 3582; x_wconf 89' lang='lat' dir='ltr'><strong>quod</strong></span> 
     </span>
    </p>
   </div>
   <div class='ocr_carea' id='block_1_67' title="bbox 516 3606 2109 3681">
    <p class='ocr_par' dir='ltr' id='par_1_67' title="bbox 516 3606 2109 3681">
     <span class='ocr_line' id='line_1_67' title="bbox 516 3606 2109 3681; baseline -0.003 -16"><span class='ocrx_word' id='word_1_481' title='bbox 516 3627 620 3665; x_wconf 83' lang='lat' dir='ltr'><strong>nos</strong></span> <span class='ocrx_word' id='word_1_482' title='bbox 646 3610 873 3665; x_wconf 80' lang='lat' dir='ltr'><strong>dicimus</strong></span> <span class='ocrx_word' id='word_1_483' title='bbox 921 3625 1238 3680; x_wconf 88' lang='lat' dir='ltr'><strong>permanere</strong></span> <span class='ocrx_word' id='word_1_484' title='bbox 1269 3628 1281 3661; x_wconf 88' lang='lat'><strong>:</strong></span> <span class='ocrx_word' id='word_1_485' title='bbox 1319 3608 1556 3681; x_wconf 80' lang='lat' dir='ltr'><strong>Putatis,</strong></span> <span class='ocrx_word' id='word_1_486' title='bbox 1588 3607 1792 3676; x_wconf 85' lang='lat' dir='ltr'><strong>inquit,</strong></span> <span class='ocrx_word' id='word_1_487' title='bbox 1837 3608 1959 3678; x_wconf 83' lang='lat' dir='ltr'><strong>quia</strong></span> <span class='ocrx_word' id='word_1_488' title='bbox 1995 3606 2109 3660; x_wconf 86' lang='lat' dir='ltr'><strong>ueni</strong></span> 
     </span>
    </p>
   </div>
   <div class='ocr_carea' id='block_1_68' title="bbox 517 3697 2107 3775">
    <p class='ocr_par' dir='ltr' id='par_1_68' title="bbox 517 3697 2107 3775">
     <span class='ocr_line' id='line_1_68' title="bbox 517 3697 2107 3775; baseline -0.006 -16"><span class='ocrx_word' id='word_1_489' title='bbox 517 3705 682 3775; x_wconf 74' lang='lat' dir='ltr'><strong>legem</strong></span> <span class='ocrx_word' id='word_1_490' title='bbox 711 3702 991 3766; x_wconf 75' lang='lat' dir='ltr'><strong>destruere,</strong></span> <span class='ocrx_word' id='word_1_491' title='bbox 1025 3710 1113 3755; x_wconf 85' lang='lat' dir='ltr'><strong>aut</strong></span> <span class='ocrx_word' id='word_1_492' title='bbox 1151 3701 1469 3771; x_wconf 77' lang='lat' dir='ltr'><strong>prophetas?</strong></span> <span class='ocrx_word' id='word_1_493' title='bbox 1498 3698 1619 3753; x_wconf 88' lang='lat' dir='ltr'><strong>Non</strong></span> <span class='ocrx_word' id='word_1_494' title='bbox 1648 3700 1763 3757; x_wconf 78' lang='lat' dir='ltr'><strong>ueni</strong></span> <span class='ocrx_word' id='word_1_495' title='bbox 1805 3698 1965 3769; x_wconf 78' lang='lat' dir='ltr'><strong>legem</strong></span> <span class='ocrx_word' id='word_1_496' title='bbox 1998 3697 2107 3751; x_wconf 84' lang='lat' dir='ltr'><strong>sol-</strong></span> 
     </span>
    </p>
   </div>
   <div class='ocr_carea' id='block_1_69' title="bbox 516 3788 2110 3864">
    <p class='ocr_par' dir='ltr' id='par_1_69' title="bbox 516 3788 2110 3864">
     <span class='ocr_line' id='line_1_69' title="bbox 516 3788 2110 3864; baseline -0.004 -15"><span class='ocrx_word' id='word_1_497' title='bbox 516 3812 649 3859; x_wconf 75' lang='lat' dir='ltr'><strong>vere,</strong></span> <span class='ocrx_word' id='word_1_498' title='bbox 674 3794 766 3848; x_wconf 85' lang='lat' dir='ltr'><strong>sed</strong></span> <span class='ocrx_word' id='word_1_499' title='bbox 793 3794 1076 3864; x_wconf 84' lang='lat' dir='ltr'><strong>adimplere</strong></span> <span class='ocrx_word' id='word_1_500' title='bbox 1106 3791 1320 3863; x_wconf 78' lang='lat' dir='ltr'><strong>(Matth.</strong></span> <span class='ocrx_word' id='word_1_501' title='bbox 1357 3809 1406 3855; x_wconf 90' lang='lat' dir='ltr'><strong>v,</strong></span> <span class='ocrx_word' id='word_1_502' title='bbox 1441 3789 1549 3860; x_wconf 84' lang='lat' dir='ltr'><strong>l7).</strong></span> <span class='ocrx_word' id='word_1_503' title='bbox 1584 3790 1709 3845; x_wconf 62' lang='lat' dir='ltr'><strong>Haec</strong></span> <span class='ocrx_word' id='word_1_504' title='bbox 1755 3797 1809 3843; x_wconf 89' lang='lat' dir='ltr'><strong>et</strong></span> <span class='ocrx_word' id='word_1_505' title='bbox 1836 3788 1918 3843; x_wconf 87' lang='lat' dir='ltr'><strong>bis</strong></span> <span class='ocrx_word' id='word_1_506' title='bbox 1961 3789 2110 3843; x_wconf 79' lang='lat' dir='ltr'><strong>simi-</strong></span> 
     </span>
    </p>
   </div>
   <div class='ocr_carea' id='block_1_70' title="bbox 515 3880 2111 3956">
    <p class='ocr_par' dir='ltr' id='par_1_70' title="bbox 515 3880 2111 3956">
     <span class='ocr_line' id='line_1_70' title="bbox 515 3880 2111 3956; baseline -0.006 -13"><span class='ocrx_word' id='word_1_507' title='bbox 515 3888 588 3943; x_wconf 89' lang='lat' dir='ltr'><strong>lia</strong></span> <span class='ocrx_word' id='word_1_508' title='bbox 616 3888 801 3943; x_wconf 90' lang='lat' dir='ltr'><strong>dicens</strong></span> <span class='ocrx_word' id='word_1_509' title='bbox 828 3895 1046 3942; x_wconf 87' lang='lat' dir='ltr'><strong>sanctus</strong></span> <span class='ocrx_word' id='word_1_510' title='bbox 1073 3885 1399 3956; x_wconf 85' lang='lat' dir='ltr'><strong>Euphranon</strong></span> <span class='ocrx_word' id='word_1_511' title='bbox 1428 3884 1730 3955; x_wconf 79' lang='lat' dir='ltr'><strong>episcopus,</strong></span> <span class='ocrx_word' id='word_1_512' title='bbox 1759 3880 1958 3936; x_wconf 90' lang='lat' dir='ltr'><strong>multos</strong></span> <span class='ocrx_word' id='word_1_513' title='bbox 1987 3896 2111 3935; x_wconf 90' lang='lat' dir='ltr'><strong>con-</strong></span> 
     </span>
    </p>
   </div>
   <div class='ocr_carea' id='block_1_71' title="bbox 515 3980 2107 4051">
    <p class='ocr_par' dir='ltr' id='par_1_71' title="bbox 515 3980 2107 4051">
     <span class='ocr_line' id='line_1_71' title="bbox 515 3980 2107 4051; baseline -0.006 -16"><span class='ocrx_word' id='word_1_514' title='bbox 515 3980 708 4046; x_wconf 85' lang='lat' dir='ltr'><strong>vertit;</strong></span> <span class='ocrx_word' id='word_1_515' title='bbox 742 3980 795 4034; x_wconf 91' lang='lat' dir='ltr'><strong>in</strong></span> <span class='ocrx_word' id='word_1_516' title='bbox 826 3993 1011 4034; x_wconf 90' lang='lat' dir='ltr'><strong>errore</strong></span> <span class='ocrx_word' id='word_1_517' title='bbox 1059 3993 1190 4035; x_wconf 87' lang='lat' dir='ltr'><strong>vero</strong></span> <span class='ocrx_word' id='word_1_518' title='bbox 1228 3983 1637 4051; x_wconf 83' lang='lat' dir='ltr'><strong>perseverantes</strong></span> <span class='ocrx_word' id='word_1_519' title='bbox 1677 3980 1937 4047; x_wconf 88' lang='lat' dir='ltr'><strong>perpetua</strong></span> <span class='ocrx_word' id='word_1_520' title='bbox 1982 3988 2107 4029; x_wconf 85' lang='lat' dir='ltr'><strong>san-</strong></span> 
     </span>
    </p>
   </div>
   <div class='ocr_carea' id='block_1_72' title="bbox 517 4070 1433 4145">
    <p class='ocr_par' dir='ltr' id='par_1_72' title="bbox 517 4070 1433 4145">
     <span class='ocr_line' id='line_1_72' title="bbox 517 4070 1433 4145; baseline -0.008 -16"><span class='ocrx_word' id='word_1_521' title='bbox 517 4073 695 4131; x_wconf 88' lang='lat' dir='ltr'><strong>ctione</strong></span> <span class='ocrx_word' id='word_1_522' title='bbox 724 4088 753 4127; x_wconf 92' lang='lat' dir='ltr'><strong>a</strong></span> <span class='ocrx_word' id='word_1_523' title='bbox 776 4071 1157 4127; x_wconf 89' lang='lat' dir='ltr'><strong>communione</strong></span> <span class='ocrx_word' id='word_1_524' title='bbox 1184 4070 1433 4145; x_wconf 89' lang='lat' dir='ltr'><strong>privavit.</strong></span> 
     </span>
    </p>
   </div>
   <div class='ocr_carea' id='block_1_73' title="bbox 1222 4157 1387 4213">
    <p class='ocr_par' dir='ltr' id='par_1_73' title="bbox 1222 4157 1387 4213">
     <span class='ocr_line' id='line_1_73' title="bbox 1222 4157 1387 4213; baseline 0.006 -1"><span class='ocrx_word' id='word_1_525' title='bbox 1222 4157 1387 4213; x_wconf 85' lang='lat' dir='ltr'><strong>XXV.</strong></span> 
     </span>
    </p>
   </div>
   <div class='ocr_carea' id='block_1_74' title="bbox 588 4250 2108 4321">
    <p class='ocr_par' dir='ltr' id='par_1_74' title="bbox 588 4250 2108 4321">
     <span class='ocr_line' id='line_1_74' title="bbox 588 4250 2108 4321; baseline -0.001 -16"><span class='ocrx_word' id='word_1_526' title='bbox 588 4253 852 4307; x_wconf 87' lang='lat' dir='ltr'><strong>Vicesima</strong></span> <span class='ocrx_word' id='word_1_527' title='bbox 884 4260 937 4305; x_wconf 87' lang='lat' dir='ltr'><strong>et</strong></span> <span class='ocrx_word' id='word_1_528' title='bbox 966 4252 1150 4321; x_wconf 88' lang='lat' dir='ltr'><strong>quinta</strong></span> <span class='ocrx_word' id='word_1_529' title='bbox 1183 4251 1399 4307; x_wconf 70' lang='lat' dir='ltr'><strong>limresis</strong></span> <span class='ocrx_word' id='word_1_530' title='bbox 1429 4259 1511 4305; x_wconf 90' lang='lat' dir='ltr'><strong>est</strong></span> <span class='ocrx_word' id='word_1_531' title='bbox 1540 4250 1908 4317; x_wconf 79' lang='lat' dir='ltr'><strong>Tatianorum,</strong></span> <span class='ocrx_word' id='word_1_532' title='bbox 1941 4266 1972 4304; x_wconf 88' lang='lat' dir='ltr'><strong>a</strong></span> <span class='ocrx_word' id='word_1_533' title='bbox 2001 4250 2108 4304; x_wconf 86' lang='lat' dir='ltr'><strong>Ta-</strong></span> 
     </span>
    </p>
   </div>
   <div class='ocr_carea' id='block_1_75' title="bbox 518 4338 2109 4413">
    <p class='ocr_par' dir='ltr' id='par_1_75' title="bbox 518 4338 2109 4413">
     <span class='ocr_line' id='line_1_75' title="bbox 518 4338 2109 4413; baseline -0.001 -17"><span class='ocrx_word' id='word_1_534' title='bbox 518 4343 667 4411; x_wconf 79' lang='lat' dir='ltr'><strong>tiano</strong></span> <span class='ocrx_word' id='word_1_535' title='bbox 714 4342 948 4413; x_wconf 88' lang='lat' dir='ltr'><strong>quodam</strong></span> <span class='ocrx_word' id='word_1_536' title='bbox 994 4342 1253 4407; x_wconf 86' lang='lat' dir='ltr'><strong>instituta,</strong></span> <span class='ocrx_word' id='word_1_537' title='bbox 1286 4341 1377 4410; x_wconf 91' lang='lat' dir='ltr'><strong>qni</strong></span> <span class='ocrx_word' id='word_1_538' title='bbox 1420 4348 1473 4393; x_wconf 89' lang='lat' dir='ltr'><strong>et</strong></span> <span class='ocrx_word' id='word_1_539' title='bbox 1526 4338 1814 4401; x_wconf 66' lang='lat' dir='ltr'><strong>Encratita:</strong></span> <span class='ocrx_word' id='word_1_540' title='bbox 1855 4339 2109 4411; x_wconf 89' lang='lat' dir='ltr'><strong>appellati</strong></span> 
     </span>
    </p>
   </div>
   <div class='ocr_carea' id='block_1_76' title="bbox 517 4432 2110 4506">
    <p class='ocr_par' dir='ltr' id='par_1_76' title="bbox 517 4432 2110 4506">
     <span class='ocr_line' id='line_1_76' title="bbox 517 4432 2110 4506; baseline -0.003 -14"><span class='ocrx_word' id='word_1_541' title='bbox 517 4445 662 4492; x_wconf 90' lang='lat' dir='ltr'><strong>sunt.</strong></span> <span class='ocrx_word' id='word_1_542' title='bbox 695 4435 761 4491; x_wconf 89' lang='lat' dir='ltr'><strong>Ili</strong></span> <span class='ocrx_word' id='word_1_543' title='bbox 808 4433 1338 4506; x_wconf 83' lang='lat' dir='ltr'><strong>nuptias’damnant,</strong></span> <span class='ocrx_word' id='word_1_544' title='bbox 1369 4441 1529 4503; x_wconf 88' lang='lat' dir='ltr'><strong>atque</strong></span> <span class='ocrx_word' id='word_1_545' title='bbox 1570 4432 1789 4491; x_wconf 90' lang='lat' dir='ltr'><strong>omnino</strong></span> <span class='ocrx_word' id='word_1_546' title='bbox 1835 4447 1990 4502; x_wconf 90' lang='lat' dir='ltr'><strong>pares</strong></span> <span class='ocrx_word' id='word_1_547' title='bbox 2018 4448 2110 4491; x_wconf 90' lang='lat' dir='ltr'><strong>eas</strong></span> 
     </span>
    </p>
   </div>
   <div class='ocr_carea' id='block_1_77' title="bbox 458 4524 2109 4607">
    <p class='ocr_par' dir='ltr' id='par_1_77' title="bbox 458 4524 2109 4607">
     <span class='ocr_line' id='line_1_77' title="bbox 458 4524 2109 4607; baseline -0.002 -24"><span class='ocrx_word' id='word_1_548' title='bbox 458 4594 469 4607; x_wconf 43' lang='grc' dir='ltr'><strong><em>ο</em></strong></span> <span class='ocrx_word' id='word_1_549' title='bbox 514 4525 965 4583; x_wconf 81' lang='lat' dir='ltr'><strong>fornicationibus</strong></span> <span class='ocrx_word' id='word_1_550' title='bbox 994 4525 1219 4593; x_wconf 88' lang='lat' dir='ltr'><strong>aliisque</strong></span> <span class='ocrx_word' id='word_1_551' title='bbox 1264 4524 1702 4593; x_wconf 87' lang='lat' dir='ltr'><strong>corruptionibus</strong></span> <span class='ocrx_word' id='word_1_552' title='bbox 1748 4524 1975 4588; x_wconf 78' lang='lat' dir='ltr'><strong>faciunt,</strong></span> <span class='ocrx_word' id='word_1_553' title='bbox 2009 4540 2109 4580; x_wconf 90' lang='lat' dir='ltr'><strong>nec</strong></span> 
     </span>
    </p>
   </div>
   <div class='ocr_carea' id='block_1_78' title="bbox 2214 3317 3774 3401">
    <p class='ocr_par' dir='ltr' id='par_1_78' title="bbox 2214 3317 3774 3401">
     <span class='ocr_line' id='line_1_78' title="bbox 2214 3317 3774 3401; baseline -0.002 -17"><span class='ocrx_word' id='word_1_554' title='bbox 2214 3317 2575 3393; x_wconf 84' lang='lat' dir='ltr'><strong>Tertullianus</strong></span> <span class='ocrx_word' id='word_1_555' title='bbox 2632 3330 2917 3401; x_wconf 80' lang='lat' dir='ltr'><strong>presbyter</strong></span> <span class='ocrx_word' id='word_1_556' title='bbox 2974 3330 3451 3401; x_wconf 76' lang='lat' dir='ltr'><strong>Carthaginiensis.</strong></span> <span class='ocrx_word' id='word_1_557' title='bbox 3507 3330 3602 3397; x_wconf 78' lang='lat' dir='ltr'><strong>Qui</strong></span> <span class='ocrx_word' id='word_1_558' title='bbox 3665 3343 3774 3391; x_wconf 86' lang='lat' dir='ltr'><strong>cum</strong></span> 
     </span>
    </p>
   </div>
   <div class='ocr_carea' id='block_1_79' title="bbox 2213 3420 3772 3492">
    <p class='ocr_par' dir='ltr' id='par_1_79' title="bbox 2213 3420 3772 3492">
     <span class='ocr_line' id='line_1_79' title="bbox 2213 3420 3772 3492; baseline -0.002 -17"><span class='ocrx_word' id='word_1_559' title='bbox 2213 3421 2392 3477; x_wconf 90' lang='lat' dir='ltr'><strong>omnia</strong></span> <span class='ocrx_word' id='word_1_560' title='bbox 2420 3422 2557 3475; x_wconf 88' lang='lat' dir='ltr'><strong>bene</strong></span> <span class='ocrx_word' id='word_1_561' title='bbox 2586 3430 2640 3477; x_wconf 87' lang='lat' dir='ltr'><strong>et</strong></span> <span class='ocrx_word' id='word_1_562' title='bbox 2670 3422 2841 3492; x_wconf 90' lang='lat' dir='ltr'><strong>prime</strong></span> <span class='ocrx_word' id='word_1_563' title='bbox 2889 3430 2945 3477; x_wconf 89' lang='lat' dir='ltr'><strong>et</strong></span> <span class='ocrx_word' id='word_1_564' title='bbox 2985 3421 3477 3491; x_wconf 87' lang='lat' dir='ltr'><strong>incomparabiliter</strong></span> <span class='ocrx_word' id='word_1_565' title='bbox 3501 3420 3772 3489; x_wconf 85' lang='lat' dir='ltr'><strong>scripserit,</strong></span> 
     </span>
    </p>
   </div>
   <div class='ocr_carea' id='block_1_80' title="bbox 2213 3508 3776 3585">
    <p class='ocr_par' dir='ltr' id='par_1_80' title="bbox 2213 3508 3776 3585">
     <span class='ocr_line' id='line_1_80' title="bbox 2213 3508 3776 3585; baseline 0.002 -18"><span class='ocrx_word' id='word_1_566' title='bbox 2213 3511 2265 3567; x_wconf 88' lang='lat' dir='ltr'><strong>in</strong></span> <span class='ocrx_word' id='word_1_567' title='bbox 2294 3512 2397 3568; x_wconf 88' lang='lat' dir='ltr'><strong>hoc</strong></span> <span class='ocrx_word' id='word_1_568' title='bbox 2420 3508 2596 3569; x_wconf 81' lang='lat' dir='ltr'><strong>&#39;solum</strong></span> <span class='ocrx_word' id='word_1_569' title='bbox 2627 3528 2684 3568; x_wconf 85' lang='lat' dir='ltr'><strong>se</strong></span> <span class='ocrx_word' id='word_1_570' title='bbox 2715 3512 3192 3583; x_wconf 87' lang='lat' dir='ltr'><strong>reprehensibilem</strong></span> <span class='ocrx_word' id='word_1_571' title='bbox 3221 3510 3377 3575; x_wconf 77' lang='lat' dir='ltr'><strong>fecit,</strong></span> <span class='ocrx_word' id='word_1_572' title='bbox 3418 3511 3554 3585; x_wconf 89' lang='lat' dir='ltr'><strong>quod</strong></span> <span class='ocrx_word' id='word_1_573' title='bbox 3582 3510 3776 3569; x_wconf 28' lang='lat' dir='ltr'><strong>Montes</strong></span> 
     </span>
    </p>
   </div>
   <div class='ocr_carea' id='block_1_81' title="bbox 2215 3602 3768 3674">
    <p class='ocr_par' dir='ltr' id='par_1_81' title="bbox 2215 3602 3768 3674">
     <span class='ocr_line' id='line_1_81' title="bbox 2215 3602 3768 3674; baseline 0 -15"><span class='ocrx_word' id='word_1_574' title='bbox 2215 3621 2340 3663; x_wconf 88' lang='lat' dir='ltr'><strong>num</strong></span> <span class='ocrx_word' id='word_1_575' title='bbox 2373 3604 2630 3673; x_wconf 79' lang='lat' dir='ltr'><strong>defendit,</strong></span> <span class='ocrx_word' id='word_1_576' title='bbox 2661 3619 2826 3674; x_wconf 79' lang='lat' dir='ltr'><strong>agens</strong></span> <span class='ocrx_word' id='word_1_577' title='bbox 2869 3613 3058 3659; x_wconf 90' lang='lat' dir='ltr'><strong>contra</strong></span> <span class='ocrx_word' id='word_1_578' title='bbox 3099 3602 3348 3659; x_wconf 81' lang='lat' dir='ltr'><strong>Soteren&#39;i</strong></span> <span class='ocrx_word' id='word_1_579' title='bbox 3393 3618 3541 3674; x_wconf 87' lang='lat' dir='ltr'><strong>supra</strong></span> <span class='ocrx_word' id='word_1_580' title='bbox 3582 3602 3768 3663; x_wconf 67' lang='lat' dir='ltr'><strong>dictum</strong></span> 
     </span>
    </p>
   </div>
   <div class='ocr_carea' id='block_1_82' title="bbox 2214 3689 3755 3768">
    <p class='ocr_par' dir='ltr' id='par_1_82' title="bbox 2214 3689 3755 3768">
     <span class='ocr_line' id='line_1_82' title="bbox 2214 3689 3755 3768; baseline -0.002 -18"><span class='ocrx_word' id='word_1_581' title='bbox 2214 3694 2372 3763; x_wconf 78' lang='lat' dir='ltr'><strong>Urbis</strong></span> <span class='ocrx_word' id='word_1_582' title='bbox 2400 3710 2615 3768; x_wconf 87' lang='lat' dir='ltr'><strong>papam,</strong></span> <span class='ocrx_word' id='word_1_583' title='bbox 2648 3702 2896 3750; x_wconf 87' lang='lat' dir='ltr'><strong>asserens</strong></span> <span class='ocrx_word' id='word_1_584' title='bbox 2926 3695 3055 3749; x_wconf 84' lang='lat' dir='ltr'><strong>falsa</strong></span> <span class='ocrx_word' id='word_1_585' title='bbox 3086 3708 3207 3751; x_wconf 89' lang='lat' dir='ltr'><strong>esse</strong></span> <span class='ocrx_word' id='word_1_586' title='bbox 3241 3692 3307 3749; x_wconf 89' lang='lat' dir='ltr'><strong>de</strong></span> <span class='ocrx_word' id='word_1_587' title='bbox 3333 3692 3569 3763; x_wconf 74' lang='lat' dir='ltr'><strong>sanguine</strong></span> <span class='ocrx_word' id='word_1_588' title='bbox 3596 3689 3755 3749; x_wconf 78' lang='lat' dir='ltr'><strong>infan-</strong></span> 
     </span>
    </p>
   </div>
   <div class='ocr_carea' id='block_1_83' title="bbox 2214 3782 3753 3860">
    <p class='ocr_par' dir='ltr' id='par_1_83' title="bbox 2214 3782 3753 3860">
     <span class='ocr_line' id='line_1_83' title="bbox 2214 3782 3753 3860; baseline 0.001 -19"><span class='ocrx_word' id='word_1_589' title='bbox 2214 3789 2299 3854; x_wconf 89' lang='lat' dir='ltr'><strong>tis,</strong></span> <span class='ocrx_word' id='word_1_590' title='bbox 2334 3788 2648 3843; x_wconf 87' lang='lat' dir='ltr'><strong>Trinitatem</strong></span> <span class='ocrx_word' id='word_1_591' title='bbox 2678 3790 2733 3844; x_wconf 88' lang='lat' dir='ltr'><strong>iu</strong></span> <span class='ocrx_word' id='word_1_592' title='bbox 2762 3790 2966 3847; x_wconf 84' lang='lat' dir='ltr'><strong>unitate</strong></span> <span class='ocrx_word' id='word_1_593' title='bbox 2994 3788 3240 3855; x_wconf 84' lang='lat' dir='ltr'><strong>Deitatis,</strong></span> <span class='ocrx_word' id='word_1_594' title='bbox 3287 3786 3633 3860; x_wconf 62' lang='lat' dir='ltr'><strong>penitentiam</strong></span> <span class='ocrx_word' id='word_1_595' title='bbox 3675 3782 3753 3843; x_wconf 49' lang='lat' dir='ltr'><strong>la.</strong></span> 
     </span>
    </p>
   </div>
   <div class='ocr_carea' id='block_1_84' title="bbox 2212 3873 3775 3951">
    <p class='ocr_par' dir='ltr' id='par_1_84' title="bbox 2212 3873 3775 3951">
     <span class='ocr_line' id='line_1_84' title="bbox 2212 3873 3775 3951; baseline -0.004 -18"><span class='ocrx_word' id='word_1_596' title='bbox 2212 3880 2343 3949; x_wconf 85' lang='lat' dir='ltr'><strong>psis,</strong></span> <span class='ocrx_word' id='word_1_597' title='bbox 2383 3880 2652 3951; x_wconf 79' lang='lat' dir='ltr'><strong>mysteriis</strong></span> <span class='ocrx_word' id='word_1_598' title='bbox 2694 3879 2900 3934; x_wconf 87' lang='lat' dir='ltr'><strong>eisdem</strong></span> <span class='ocrx_word' id='word_1_599' title='bbox 2932 3894 3094 3941; x_wconf 87' lang='lat' dir='ltr'><strong>unum</strong></span> <span class='ocrx_word' id='word_1_600' title='bbox 3135 3880 3332 3950; x_wconf 89' lang='lat' dir='ltr'><strong>pascha</strong></span> <span class='ocrx_word' id='word_1_601' title='bbox 3360 3878 3635 3932; x_wconf 85' lang='lat' dir='ltr'><strong>nobiscum.</strong></span> <span class='ocrx_word' id='word_1_602' title='bbox 3662 3873 3775 3927; x_wconf 73' lang='lat' dir='ltr'><strong>Hoc</strong></span> 
     </span>
    </p>
   </div>
   <div class='ocr_carea' id='block_1_85' title="bbox 2212 3969 3783 4044">
    <p class='ocr_par' dir='ltr' id='par_1_85' title="bbox 2212 3969 3783 4044">
     <span class='ocr_line' id='line_1_85' title="bbox 2212 3969 3783 4044; baseline -0.001 -21"><span class='ocrx_word' id='word_1_603' title='bbox 2212 3973 2385 4031; x_wconf 82' lang='lat' dir='ltr'><strong>solum</strong></span> <span class='ocrx_word' id='word_1_604' title='bbox 2426 3972 2814 4044; x_wconf 87' lang='lat' dir='ltr'><strong>discrepamus,</strong></span> <span class='ocrx_word' id='word_1_605' title='bbox 2858 3973 3057 4042; x_wconf 86' lang='lat' dir='ltr'><strong>inquit,</strong></span> <span class='ocrx_word' id='word_1_606' title='bbox 3096 3972 3238 4044; x_wconf 89' lang='lat' dir='ltr'><strong>quod</strong></span> <span class='ocrx_word' id='word_1_607' title='bbox 3282 3971 3538 4041; x_wconf 80' lang='lat' dir='ltr'><strong>secundas</strong></span> <span class='ocrx_word' id='word_1_608' title='bbox 3578 3969 3783 4043; x_wconf 78' lang='lat' dir='ltr'><strong>nuptias</strong></span> 
     </span>
    </p>
   </div>
   <div class='ocr_carea' id='block_1_86' title="bbox 2212 4060 3829 4135">
    <p class='ocr_par' dir='ltr' id='par_1_86' title="bbox 2212 4060 3829 4135">
     <span class='ocr_line' id='line_1_86' title="bbox 2212 4060 3829 4135; baseline -0.001 -16"><span class='ocrx_word' id='word_1_609' title='bbox 2212 4080 2321 4119; x_wconf 91' lang='lat' dir='ltr'><strong>non</strong></span> <span class='ocrx_word' id='word_1_610' title='bbox 2362 4063 2683 4133; x_wconf 88' lang='lat' dir='ltr'><strong>recipimus,</strong></span> <span class='ocrx_word' id='word_1_611' title='bbox 2735 4070 2792 4119; x_wconf 90' lang='lat' dir='ltr'><strong>et</strong></span> <span class='ocrx_word' id='word_1_612' title='bbox 2838 4063 3178 4135; x_wconf 90' lang='lat' dir='ltr'><strong>pr0phetiam</strong></span> <span class='ocrx_word' id='word_1_613' title='bbox 3224 4062 3463 4120; x_wconf 82' lang='lat' dir='ltr'><strong>Montani</strong></span> <span class='ocrx_word' id='word_1_614' title='bbox 3508 4062 3574 4119; x_wconf 86' lang='lat' dir='ltr'><strong>de</strong></span> <span class='ocrx_word' id='word_1_615' title='bbox 3620 4060 3829 4133; x_wconf 35' lang='lat' dir='ltr'><strong>futuro.</strong></span> 
     </span>
    </p>
   </div>
   <div class='ocr_carea' id='block_1_87' title="bbox 2206 4150 3790 4231">
    <p class='ocr_par' dir='ltr' id='par_1_87' title="bbox 2206 4150 3790 4231">
     <span class='ocr_line' id='line_1_87' title="bbox 2206 4150 3790 4231; baseline 0 -22"><span class='ocrx_word' id='word_1_616' title='bbox 2206 4154 2410 4227; x_wconf 85' lang='lat' dir='ltr'><strong>judicio</strong></span> <span class='ocrx_word' id='word_1_617' title='bbox 2440 4170 2546 4217; x_wconf 84' lang='lat' dir='ltr'><strong>non</strong></span> <span class='ocrx_word' id='word_1_618' title='bbox 2568 4170 2896 4213; x_wconf 88' lang='lat' dir='ltr'><strong>recusamus.</strong></span> <span class='ocrx_word' id='word_1_619' title='bbox 2923 4150 3192 4225; x_wconf 81' lang='lat' dir='ltr'><strong>Objiciunt</strong></span> <span class='ocrx_word' id='word_1_620' title='bbox 3212 4156 3429 4231; x_wconf 88' lang='lat' dir='ltr'><strong>quidam</strong></span> <span class='ocrx_word' id='word_1_621' title='bbox 3451 4155 3790 4227; x_wconf 73' lang='lat' dir='ltr'><strong>Tertulliani),</strong></span> 
     </span>
    </p>
   </div>
   <div class='ocr_carea' id='block_1_88' title="bbox 2212 4240 3795 4325">
    <p class='ocr_par' dir='ltr' id='par_1_88' title="bbox 2212 4240 3795 4325">
     <span class='ocr_line' id='line_1_88' title="bbox 2212 4240 3795 4325; baseline 0.003 -21"><span class='ocrx_word' id='word_1_622' title='bbox 2212 4248 2356 4325; x_wconf 89' lang='lat' dir='ltr'><strong>quod</strong></span> <span class='ocrx_word' id='word_1_623' title='bbox 2396 4248 2627 4303; x_wconf 88' lang='lat' dir='ltr'><strong>animam</strong></span> <span class='ocrx_word' id='word_1_624' title='bbox 2659 4264 2728 4307; x_wconf 80' lang='lat' dir='ltr'><strong>ex</strong></span> <span class='ocrx_word' id='word_1_625' title='bbox 2771 4248 3010 4315; x_wconf 86' lang='lat' dir='ltr'><strong>traduce,</strong></span> <span class='ocrx_word' id='word_1_626' title='bbox 3048 4248 3099 4307; x_wconf 87' lang='lat' dir='ltr'><strong>id</strong></span> <span class='ocrx_word' id='word_1_627' title='bbox 3130 4258 3217 4310; x_wconf 78' lang='lat' dir='ltr'><strong>est</strong></span> <span class='ocrx_word' id='word_1_628' title='bbox 3244 4250 3480 4308; x_wconf 85' lang='lat' dir='ltr'><strong>animam</strong></span> <span class='ocrx_word' id='word_1_629' title='bbox 3510 4240 3705 4308; x_wconf 76' lang='lat' dir='ltr'><strong>dixerit</strong></span> <span class='ocrx_word' id='word_1_630' title='bbox 3730 4247 3795 4309; x_wconf 70' lang='lat' dir='ltr'><strong>ita</strong></span> 
     </span>
    </p>
   </div>
   <div class='ocr_carea' id='block_1_89' title="bbox 2211 4337 3798 4414">
    <p class='ocr_par' dir='ltr' id='par_1_89' title="bbox 2211 4337 3798 4414">
     <span class='ocr_line' id='line_1_89' title="bbox 2211 4337 3798 4414; baseline 0.006 -21"><span class='ocrx_word' id='word_1_631' title='bbox 2211 4340 2355 4408; x_wconf 76' lang='lat' dir='ltr'><strong>gigni</strong></span> <span class='ocrx_word' id='word_1_632' title='bbox 2386 4355 2453 4395; x_wconf 75' lang='lat' dir='ltr'><strong>ex</strong></span> <span class='ocrx_word' id='word_1_633' title='bbox 2480 4340 2681 4405; x_wconf 88' lang='lat' dir='ltr'><strong>anima,</strong></span> <span class='ocrx_word' id='word_1_634' title='bbox 2727 4341 2865 4395; x_wconf 91' lang='lat' dir='ltr'><strong>sicut</strong></span> <span class='ocrx_word' id='word_1_635' title='bbox 2893 4355 2962 4396; x_wconf 80' lang='lat' dir='ltr'><strong>ex</strong></span> <span class='ocrx_word' id='word_1_636' title='bbox 3008 4341 3328 4413; x_wconf 88' lang='lat' dir='ltr'><strong>corporibus</strong></span> <span class='ocrx_word' id='word_1_637' title='bbox 3377 4356 3618 4414; x_wconf 80' lang='lat' dir='ltr'><strong>corpus;</strong></span> <span class='ocrx_word' id='word_1_638' title='bbox 3666 4337 3798 4413; x_wconf 80' lang='lat' dir='ltr'><strong>quod</strong></span> 
     </span>
    </p>
   </div>
   <div class='ocr_carea' id='block_1_90' title="bbox 2212 4432 3376 4501">
    <p class='ocr_par' dir='ltr' id='par_1_90' title="bbox 2212 4432 3376 4501">
     <span class='ocr_line' id='line_1_90' title="bbox 2212 4432 3376 4501; baseline 0.001 -15"><span class='ocrx_word' id='word_1_639' title='bbox 2212 4432 2476 4501; x_wconf 82' lang='lat' dir='ltr'><strong>catholica</strong></span> <span class='ocrx_word' id='word_1_640' title='bbox 2507 4432 2638 4489; x_wconf 84' lang='lat' dir='ltr'><strong>tides</strong></span> <span class='ocrx_word' id='word_1_641' title='bbox 2663 4432 3013 4493; x_wconf 85' lang='lat' dir='ltr'><strong>vehementer</strong></span> <span class='ocrx_word' id='word_1_642' title='bbox 3038 4440 3376 4493; x_wconf 82' lang='lat' dir='ltr'><strong>exsecratur.</strong></span> 
     </span>
    </p>
   </div>
   <div class='ocr_carea' id='block_1_91' title="bbox 2701 4521 3157 4595">
    <p class='ocr_par' dir='ltr' id='par_1_91' title="bbox 2701 4521 3157 4595">
     <span class='ocr_line' id='line_1_91' title="bbox 2701 4521 3157 4595; baseline 0.004 -18"><span class='ocrx_word' id='word_1_643' title='bbox 2701 4525 2709 4533; x_wconf 94' lang='grc'><strong>·</strong></span> <span class='ocrx_word' id='word_1_644' title='bbox 2888 4521 3101 4595; x_wconf 81' lang='lat' dir='ltr'><strong>xxvu.</strong></span> <span class='ocrx_word' id='word_1_645' title='bbox 3154 4554 3157 4555; x_wconf 50' lang='grc' dir='ltr'><em>ν</em></span> 
     </span>
    </p>
   </div>
   <div class='ocr_carea' id='block_1_92' title="bbox 515 4615 3804 4693">
    <p class='ocr_par' dir='ltr' id='par_1_92' title="bbox 515 4615 3804 4693">
     <span class='ocr_line' id='line_1_92' title="bbox 515 4615 3804 4693; baseline 0.002 -17"><span class='ocrx_word' id='word_1_646' title='bbox 515 4620 786 4693; x_wconf 85' lang='lat' dir='ltr'><strong>recipiunt</strong></span> <span class='ocrx_word' id='word_1_647' title='bbox 827 4619 880 4674; x_wconf 90' lang='lat' dir='ltr'><strong>in</strong></span> <span class='ocrx_word' id='word_1_648' title='bbox 922 4632 1021 4673; x_wconf 91' lang='lat' dir='ltr'><strong>suo</strong></span> <span class='ocrx_word' id='word_1_649' title='bbox 1051 4632 1276 4675; x_wconf 86' lang='lat' dir='ltr'><strong>numero</strong></span> <span class='ocrx_word' id='word_1_650' title='bbox 1306 4615 1558 4687; x_wconf 77' lang='lat' dir='ltr'><strong>conjugio</strong></span> <span class='ocrx_word' id='word_1_651' title='bbox 1602 4624 1872 4684; x_wconf 88' lang='lat' dir='ltr'><strong>utentem,</strong></span> <span class='ocrx_word' id='word_1_652' title='bbox 1905 4633 2111 4685; x_wconf 83' lang='lat' dir='ltr'><strong>marem</strong></span> <span class='ocrx_word' id='word_1_653' title='bbox 2140 4620 2194 4691; x_wconf 76' lang='grc' dir='ltr'><strong>Ι)</strong></span> <span class='ocrx_word' id='word_1_654' title='bbox 2288 4616 2553 4679; x_wconf 84' lang='lat' dir='ltr'><strong>Vicesima</strong></span> <span class='ocrx_word' id='word_1_655' title='bbox 2604 4617 2834 4691; x_wconf 86' lang='lat' dir='ltr'><strong>septima</strong></span> <span class='ocrx_word' id='word_1_656' title='bbox 2877 4618 3099 4687; x_wconf 66' lang='lat' dir='ltr'><strong>haeresis</strong></span> <span class='ocrx_word' id='word_1_657' title='bbox 3146 4617 3608 4690; x_wconf 76' lang='lat' dir='ltr'><strong>Pepuzianorum.</strong></span> <span class='ocrx_word' id='word_1_658' title='bbox 3650 4618 3741 4689; x_wconf 75' lang='lat' dir='ltr'><strong>aut</strong></span> <span class='ocrx_word' id='word_1_659' title='bbox 3775 4632 3804 4671; x_wconf 74' lang='grc' dir='ltr'>ι</span> 
     </span>
    </p>
   </div>
   <div class='ocr_carea' id='block_1_93' title="bbox 513 4708 2108 4780">
    <p class='ocr_par' dir='ltr' id='par_1_93' title="bbox 513 4708 2108 4780">
     <span class='ocr_line' id='line_1_93' title="bbox 513 4708 2108 4780; baseline -0.002 -11"><span class='ocrx_word' id='word_1_660' title='bbox 513 4711 601 4769; x_wconf 88' lang='lat' dir='ltr'><strong>vel</strong></span> <span class='ocrx_word' id='word_1_661' title='bbox 620 4710 892 4767; x_wconf 79' lang='lat' dir='ltr'><strong>feminam.</strong></span> <span class='ocrx_word' id='word_1_662' title='bbox 918 4710 1036 4767; x_wconf 87' lang='lat' dir='ltr'><strong>Non</strong></span> <span class='ocrx_word' id='word_1_663' title='bbox 1063 4716 1352 4771; x_wconf 81' lang='lat' dir='ltr'><strong>vescuntur</strong></span> <span class='ocrx_word' id='word_1_664' title='bbox 1370 4708 1642 4777; x_wconf 85' lang='lat' dir='ltr'><strong>carnibus,</strong></span> <span class='ocrx_word' id='word_1_665' title='bbox 1669 4724 1868 4780; x_wconf 86' lang='lat' dir='ltr'><strong>easque</strong></span> <span class='ocrx_word' id='word_1_666' title='bbox 1889 4711 2108 4768; x_wconf 87' lang='lat' dir='ltr'><strong>omnino</strong></span> 
     </span>
    </p>
   </div>
   <div class='ocr_carea' id='block_1_94' title="bbox 514 4799 2109 4877">
    <p class='ocr_par' dir='ltr' id='par_1_94' title="bbox 514 4799 2109 4877">
     <span class='ocr_line' id='line_1_94' title="bbox 514 4799 2109 4877; baseline -0.001 -18"><span class='ocrx_word' id='word_1_667' title='bbox 514 4804 911 4865; x_wconf 84' lang='lat' dir='ltr'><strong>abominantur.</strong></span> <span class='ocrx_word' id='word_1_668' title='bbox 940 4799 1145 4858; x_wconf 88' lang='lat' dir='ltr'><strong>Contra</strong></span> <span class='ocrx_word' id='word_1_669' title='bbox 1187 4801 1287 4859; x_wconf 90' lang='lat' dir='ltr'><strong>hos</strong></span> <span class='ocrx_word' id='word_1_670' title='bbox 1329 4800 1567 4877; x_wconf 85' lang='lat' dir='ltr'><strong>suscepit</strong></span> <span class='ocrx_word' id='word_1_671' title='bbox 1612 4809 1832 4859; x_wconf 86' lang='lat' dir='ltr'><strong>sanctus</strong></span> <span class='ocrx_word' id='word_1_672' title='bbox 1872 4799 2109 4874; x_wconf 88' lang='lat' dir='ltr'><strong>Epipha-</strong></span> 
     </span>
    </p>
   </div>
   <div class='ocr_carea' id='block_1_95' title="bbox 514 4892 2107 4967">
    <p class='ocr_par' dir='ltr' id='par_1_95' title="bbox 514 4892 2107 4967">
     <span class='ocr_line' id='line_1_95' title="bbox 514 4892 2107 4967; baseline 0 -16"><span class='ocrx_word' id='word_1_673' title='bbox 514 4894 636 4957; x_wconf 83' lang='lat' dir='ltr'><strong>nius</strong></span> <span class='ocrx_word' id='word_1_674' title='bbox 665 4894 890 4967; x_wconf 75' lang='lat' dir='ltr'><strong>Ancyra:</strong></span> <span class='ocrx_word' id='word_1_675' title='bbox 926 4892 1151 4949; x_wconf 85' lang='lat' dir='ltr'><strong>Galatiae</strong></span> <span class='ocrx_word' id='word_1_676' title='bbox 1193 4893 1499 4965; x_wconf 87' lang='lat' dir='ltr'><strong>episcopus,</strong></span> <span class='ocrx_word' id='word_1_677' title='bbox 1532 4892 1794 4962; x_wconf 87' lang='lat' dir='ltr'><strong>objiciens</strong></span> <span class='ocrx_word' id='word_1_678' title='bbox 1833 4894 1911 4950; x_wconf 88' lang='lat' dir='ltr'><strong>eis</strong></span> <span class='ocrx_word' id='word_1_679' title='bbox 1958 4893 2107 4951; x_wconf 89' lang='lat' dir='ltr'><strong>Pauli</strong></span> 
     </span>
    </p>
   </div>
   <div class='ocr_carea' id='block_1_96' title="bbox 513 4983 2103 5059">
    <p class='ocr_par' dir='ltr' id='par_1_96' title="bbox 513 4983 2103 5059">
     <span class='ocr_line' id='line_1_96' title="bbox 513 4983 2103 5059; baseline 0.001 -20"><span class='ocrx_word' id='word_1_680' title='bbox 513 4984 746 5057; x_wconf 86' lang='lat' dir='ltr'><strong>apostoli</strong></span> <span class='ocrx_word' id='word_1_681' title='bbox 776 4983 1057 5055; x_wconf 85' lang='lat' dir='ltr'><strong>epistolam</strong></span> <span class='ocrx_word' id='word_1_682' title='bbox 1087 4984 1154 5039; x_wconf 90' lang='lat' dir='ltr'><strong>ad</strong></span> <span class='ocrx_word' id='word_1_683' title='bbox 1194 4983 1533 5043; x_wconf 88' lang='lat' dir='ltr'><strong>Timotheum</strong></span> <span class='ocrx_word' id='word_1_684' title='bbox 1581 4984 1839 5055; x_wconf 83' lang='lat' dir='ltr'><strong>primam,</strong></span> <span class='ocrx_word' id='word_1_685' title='bbox 1866 5000 1932 5041; x_wconf 92' lang='lat' dir='ltr'><strong>eo</strong></span> <span class='ocrx_word' id='word_1_686' title='bbox 1960 4986 2103 5059; x_wconf 86' lang='lat' dir='ltr'><strong>quod</strong></span> 
     </span>
    </p>
   </div>
   <div class='ocr_carea' id='block_1_97' title="bbox 510 5074 2104 5147">
    <p class='ocr_par' dir='ltr' id='par_1_97' title="bbox 510 5074 2104 5147">
     <span class='ocr_line' id='line_1_97' title="bbox 510 5074 2104 5147; baseline 0.002 -17"><span class='ocrx_word' id='word_1_687' title='bbox 510 5074 750 5139; x_wconf 81' lang='lat' dir='ltr'><strong>habeant</strong></span> <span class='ocrx_word' id='word_1_688' title='bbox 784 5074 1132 5131; x_wconf 90' lang='lat' dir='ltr'><strong>cauteriatam</strong></span> <span class='ocrx_word' id='word_1_689' title='bbox 1170 5077 1555 5137; x_wconf 85' lang='lat' dir='ltr'><strong>conscientiam</strong></span> <span class='ocrx_word' id='word_1_690' title='bbox 1580 5115 1595 5141; x_wconf 83' lang='lat'><strong>,</strong></span> <span class='ocrx_word' id='word_1_691' title='bbox 1626 5076 1976 5147; x_wconf 89' lang='lat' dir='ltr'><strong>prohibentes</strong></span> <span class='ocrx_word' id='word_1_692' title='bbox 2004 5094 2104 5133; x_wconf 89' lang='lat' dir='ltr'><strong>nu-</strong></span> 
     </span>
    </p>
   </div>
   <div class='ocr_carea' id='block_1_98' title="bbox 502 5168 2105 5241">
    <p class='ocr_par' dir='ltr' id='par_1_98' title="bbox 502 5168 2105 5241">
     <span class='ocr_line' id='line_1_98' title="bbox 502 5168 2105 5241; baseline 0.003 -18"><span class='ocrx_word' id='word_1_693' title='bbox 502 5168 657 5239; x_wconf 87' lang='lat' dir='ltr'><strong>bere,</strong></span> <span class='ocrx_word' id='word_1_694' title='bbox 692 5177 746 5225; x_wconf 91' lang='lat' dir='ltr'><strong>et</strong></span> <span class='ocrx_word' id='word_1_695' title='bbox 774 5169 1045 5227; x_wconf 80' lang='lat' dir='ltr'><strong>abStinere</strong></span> <span class='ocrx_word' id='word_1_696' title='bbox 1073 5168 1330 5229; x_wconf 88' lang='lat' dir='ltr'><strong>docentes</strong></span> <span class='ocrx_word' id='word_1_697' title='bbox 1356 5186 1387 5225; x_wconf 88' lang='lat' dir='ltr'><strong>a</strong></span> <span class='ocrx_word' id='word_1_698' title='bbox 1407 5170 1542 5231; x_wconf 85' lang='lat' dir='ltr'><strong>cibis</strong></span> <span class='ocrx_word' id='word_1_699' title='bbox 1567 5185 1705 5241; x_wconf 88' lang='lat' dir='ltr'><strong>quos</strong></span> <span class='ocrx_word' id='word_1_700' title='bbox 1731 5172 1874 5229; x_wconf 85' lang='lat' dir='ltr'><strong>Deus</strong></span> <span class='ocrx_word' id='word_1_701' title='bbox 1901 5174 2105 5229; x_wconf 88' lang='lat' dir='ltr'><strong>creavit</strong></span> 
     </span>
    </p>
   </div>
   <div class='ocr_carea' id='block_1_99' title="bbox 485 5259 2102 5335">
    <p class='ocr_par' dir='ltr' id='par_1_99' title="bbox 485 5259 2102 5335">
     <span class='ocr_line' id='line_1_99' title="bbox 485 5259 2102 5335; baseline 0.009 -24"><span class='ocrx_word' id='word_1_702' title='bbox 485 5259 577 5317; x_wconf 68' lang='lat' dir='ltr'><strong>uad</strong></span> <span class='ocrx_word' id='word_1_703' title='bbox 607 5259 1011 5335; x_wconf 88' lang='lat' dir='ltr'><strong>percipiendum</strong></span> <span class='ocrx_word' id='word_1_704' title='bbox 1040 5276 1161 5318; x_wconf 91' lang='lat' dir='ltr'><strong>cum</strong></span> <span class='ocrx_word' id='word_1_705' title='bbox 1189 5262 1482 5335; x_wconf 77' lang='lat' dir='ltr'><strong>gratiarum</strong></span> <span class='ocrx_word' id='word_1_706' title='bbox 1514 5263 1748 5330; x_wconf 83' lang='lat' dir='ltr'><strong>actione,</strong></span> <span class='ocrx_word' id='word_1_707' title='bbox 1781 5262 2022 5325; x_wconf 83' lang='lat' dir='ltr'><strong>ﬁdelibus</strong></span> <span class='ocrx_word' id='word_1_708' title='bbox 2048 5272 2102 5325; x_wconf 83' lang='lat' dir='ltr'><strong>et</strong></span> 
     </span>
    </p>
   </div>
   <div class='ocr_carea' id='block_1_100' title="bbox 511 5350 2098 5429">
    <p class='ocr_par' dir='ltr' id='par_1_100' title="bbox 511 5350 2098 5429">
     <span class='ocr_line' id='line_1_100' title="bbox 511 5350 2098 5429; baseline 0.005 -26"><span class='ocrx_word' id='word_1_709' title='bbox 511 5350 595 5404; x_wconf 78' lang='lat' dir='ltr'><strong>his</strong></span> <span class='ocrx_word' id='word_1_710' title='bbox 623 5355 713 5421; x_wconf 85' lang='lat' dir='ltr'><strong>qui</strong></span> <span class='ocrx_word' id='word_1_711' title='bbox 743 5362 1113 5422; x_wconf 82' lang='lat' dir='ltr'><strong>cognoverunt</strong></span> <span class='ocrx_word' id='word_1_712' title='bbox 1142 5354 1424 5408; x_wconf 89' lang='lat' dir='ltr'><strong>veritatem</strong></span> <span class='ocrx_word' id='word_1_713' title='bbox 1458 5371 1470 5406; x_wconf 91' lang='lat'>:</span> <span class='ocrx_word' id='word_1_714' title='bbox 1496 5354 1622 5429; x_wconf 87' lang='lat' dir='ltr'><strong>quia</strong></span> <span class='ocrx_word' id='word_1_715' title='bbox 1651 5356 1827 5410; x_wconf 90' lang='lat' dir='ltr'><strong>omnis</strong></span> <span class='ocrx_word' id='word_1_716' title='bbox 1852 5365 2098 5411; x_wconf 91' lang='lat' dir='ltr'><strong>creatura</strong></span> 
     </span>
    </p>
   </div>
   <div class='ocr_carea' id='block_1_101' title="bbox 483 5444 2097 5520">
    <p class='ocr_par' dir='ltr' id='par_1_101' title="bbox 483 5444 2097 5520">
     <span class='ocr_line' id='line_1_101' title="bbox 483 5444 2097 5520; baseline 0.004 -21"><span class='ocrx_word' id='word_1_717' title='bbox 483 5444 603 5513; x_wconf 74' lang='lat' dir='ltr'><strong>Dei</strong></span> <span class='ocrx_word' id='word_1_718' title='bbox 622 5447 773 5503; x_wconf 79' lang='lat' dir='ltr'><strong>bona</strong></span> <span class='ocrx_word' id='word_1_719' title='bbox 802 5456 902 5515; x_wconf 88' lang='lat' dir='ltr'><strong>est,</strong></span> <span class='ocrx_word' id='word_1_720' title='bbox 934 5457 989 5505; x_wconf 91' lang='lat' dir='ltr'><strong>et</strong></span> <span class='ocrx_word' id='word_1_721' title='bbox 1030 5447 1159 5502; x_wconf 89' lang='lat' dir='ltr'><strong>nihil</strong></span> <span class='ocrx_word' id='word_1_722' title='bbox 1190 5447 1547 5517; x_wconf 82' lang='lat' dir='ltr'><strong>abjiciendum</strong></span> <span class='ocrx_word' id='word_1_723' title='bbox 1575 5449 1718 5520; x_wconf 91' lang='lat' dir='ltr'><strong>quod</strong></span> <span class='ocrx_word' id='word_1_724' title='bbox 1748 5465 1867 5504; x_wconf 90' lang='lat' dir='ltr'><strong>cum</strong></span> <span class='ocrx_word' id='word_1_725' title='bbox 1898 5453 2097 5519; x_wconf 79' lang='lat' dir='ltr'><strong>gratia-</strong></span> 
     </span>
    </p>
   </div>
   <div class='ocr_carea' id='block_1_102' title="bbox 583 5603 1135 5671">
    <p class='ocr_par' dir='ltr' id='par_1_102' title="bbox 583 5603 1135 5671">
     <span class='ocr_line' id='line_1_102' title="bbox 583 5603 1135 5671; baseline 0.011 -16"><span class='ocrx_word' id='word_1_726' title='bbox 583 5611 609 5671; x_wconf 52' lang='lat'><strong>!</strong></span> <span class='ocrx_word' id='word_1_727' title='bbox 649 5604 808 5671; x_wconf 79' lang='lat' dir='ltr'><strong>Aug.,</strong></span> <span class='ocrx_word' id='word_1_728' title='bbox 834 5603 1135 5661; x_wconf 86' lang='lat' dir='ltr'><strong>Severiano.</strong></span> 
     </span>
    </p>
   </div>
   <div class='ocr_carea' id='block_1_103' title="bbox 579 5668 1359 5743">
    <p class='ocr_par' dir='ltr' id='par_1_103' title="bbox 579 5668 1359 5743">
     <span class='ocr_line' id='line_1_103' title="bbox 579 5668 1359 5743; baseline 0.009 -20"><span class='ocrx_word' id='word_1_729' title='bbox 579 5668 607 5709; x_wconf 54' lang='grc' dir='ltr'><strong>θ’</strong></span> <span class='ocrx_word' id='word_1_730' title='bbox 645 5668 776 5743; x_wconf 53' lang='lat' dir='ltr'><strong>aug.</strong></span> <span class='ocrx_word' id='word_1_731' title='bbox 812 5691 916 5727; x_wconf 86' lang='lat' dir='ltr'><strong>non</strong></span> <span class='ocrx_word' id='word_1_732' title='bbox 947 5677 1107 5729; x_wconf 81' lang='lat' dir='ltr'><strong>habet</strong></span> <span class='ocrx_word' id='word_1_733' title='bbox 1133 5677 1359 5743; x_wconf 80' lang='lat' dir='ltr'><strong>quando.</strong></span> 
     </span>
    </p>
   </div>
   <div class='ocr_carea' id='block_1_104' title="bbox 580 5740 1310 5816">
    <p class='ocr_par' dir='ltr' id='par_1_104' title="bbox 580 5740 1310 5816">
     <span class='ocr_line' id='line_1_104' title="bbox 580 5740 1310 5816; baseline 0.011 -23"><span class='ocrx_word' id='word_1_734' title='bbox 580 5752 606 5816; x_wconf 58' lang='grc' dir='ltr'><strong>ξ</strong></span> <span class='ocrx_word' id='word_1_735' title='bbox 646 5740 743 5816; x_wconf 64' lang='lat' dir='ltr'><strong>Ms.</strong></span> <span class='ocrx_word' id='word_1_736' title='bbox 769 5744 925 5811; x_wconf 80' lang='lat' dir='ltr'><strong>Aug.,</strong></span> <span class='ocrx_word' id='word_1_737' title='bbox 955 5747 1040 5816; x_wconf 80' lang='lat' dir='ltr'><strong>qui</strong></span> <span class='ocrx_word' id='word_1_738' title='bbox 1067 5764 1120 5799; x_wconf 87' lang='lat' dir='ltr'><strong>se</strong></span> <span class='ocrx_word' id='word_1_739' title='bbox 1148 5740 1310 5801; x_wconf 75' lang='lat' dir='ltr'><strong>dicat.</strong></span> 
     </span>
    </p>
   </div>
   <div class='ocr_carea' id='block_1_105' title="bbox 580 5809 2098 5873">
    <p class='ocr_par' dir='ltr' id='par_1_105' title="bbox 580 5809 2098 5873">
     <span class='ocr_line' id='line_1_105' title="bbox 580 5809 2098 5873; baseline 0.005 -8"><span class='ocrx_word' id='word_1_740' title='bbox 580 5809 608 5851; x_wconf 77' lang='grc'><em>⁴</em></span> <span class='ocrx_word' id='word_1_741' title='bbox 647 5809 895 5865; x_wconf 79' lang='lat' dir='ltr'><strong>Auctoris</strong></span> <span class='ocrx_word' id='word_1_742' title='bbox 925 5809 1088 5867; x_wconf 73' lang='lat' dir='ltr'><strong>nostri</strong></span> <span class='ocrx_word' id='word_1_743' title='bbox 1123 5819 1487 5871; x_wconf 79' lang='lat' dir='ltr'><strong>testimonium</strong></span> <span class='ocrx_word' id='word_1_744' title='bbox 1514 5817 1580 5870; x_wconf 87' lang='lat' dir='ltr'><strong>de</strong></span> <span class='ocrx_word' id='word_1_745' title='bbox 1613 5817 1805 5870; x_wconf 77' lang='lat' dir='ltr'><strong>Sotere</strong></span> <span class='ocrx_word' id='word_1_746' title='bbox 1836 5815 2098 5873; x_wconf 83' lang='lat' dir='ltr'><strong>adversus</strong></span> 
     </span>
    </p>
   </div>
   <div class='ocr_carea' id='block_1_106' title="bbox 2218 4709 3805 4783">
    <p class='ocr_par' dir='ltr' id='par_1_106' title="bbox 2218 4709 3805 4783">
     <span class='ocr_line' id='line_1_106' title="bbox 2218 4709 3805 4783; baseline 0.003 -20"><span class='ocrx_word' id='word_1_747' title='bbox 2218 4709 2337 4765; x_wconf 90' lang='lat' dir='ltr'><strong>loco</strong></span> <span class='ocrx_word' id='word_1_748' title='bbox 2366 4709 2598 4783; x_wconf 83' lang='lat' dir='ltr'><strong>quodam</strong></span> <span class='ocrx_word' id='word_1_749' title='bbox 2629 4710 2890 4769; x_wconf 89' lang='lat' dir='ltr'><strong>nominati</strong></span> <span class='ocrx_word' id='word_1_750' title='bbox 2927 4716 3071 4769; x_wconf 88' lang='lat' dir='ltr'><strong>sunt.</strong></span> <span class='ocrx_word' id='word_1_751' title='bbox 3105 4709 3278 4779; x_wconf 78' lang='lat' dir='ltr'><strong>Quam</strong></span> <span class='ocrx_word' id='word_1_752' title='bbox 3318 4710 3601 4779; x_wconf 77' lang='lat' dir='ltr'><strong>desertam</strong></span> <span class='ocrx_word' id='word_1_753' title='bbox 3629 4709 3805 4777; x_wconf 72' lang='lat' dir='ltr'><strong>civita-</strong></span> 
     </span>
    </p>
   </div>
   <div class='ocr_carea' id='block_1_107' title="bbox 2216 4801 3810 4887">
    <p class='ocr_par' dir='ltr' id='par_1_107' title="bbox 2216 4801 3810 4887">
     <span class='ocr_line' id='line_1_107' title="bbox 2216 4801 3810 4887; baseline 0.003 -30"><span class='ocrx_word' id='word_1_754' title='bbox 2216 4810 2326 4879; x_wconf 79' lang='lat' dir='ltr'><strong>tem</strong></span> <span class='ocrx_word' id='word_1_755' title='bbox 2354 4802 2484 4861; x_wconf 90' lang='lat' dir='ltr'><strong>dicit</strong></span> <span class='ocrx_word' id='word_1_756' title='bbox 2511 4802 2843 4877; x_wconf 86' lang='lat' dir='ltr'><strong>Epiphanius</strong></span> <span class='ocrx_word' id='word_1_757' title='bbox 2876 4824 2888 4857; x_wconf 90' lang='lat'><strong>:</strong></span> <span class='ocrx_word' id='word_1_758' title='bbox 2920 4804 3060 4867; x_wconf 79' lang='lat' dir='ltr'><strong>hanc</strong></span> <span class='ocrx_word' id='word_1_759' title='bbox 3083 4812 3264 4871; x_wconf 76' lang='lat' dir='ltr'><strong>autem</strong></span> <span class='ocrx_word' id='word_1_760' title='bbox 3306 4804 3394 4869; x_wconf 83' lang='lat' dir='ltr'><strong>isti</strong></span> <span class='ocrx_word' id='word_1_761' title='bbox 3420 4804 3678 4887; x_wconf 63' lang='lat' dir='ltr'><strong>divitum:</strong></span> <span class='ocrx_word' id='word_1_762' title='bbox 3721 4801 3810 4861; x_wconf 83' lang='lat' dir='ltr'><strong>ali-</strong></span> 
     </span>
    </p>
   </div>
   <div class='ocr_carea' id='block_1_108' title="bbox 2214 4894 3812 4969">
    <p class='ocr_par' dir='ltr' id='par_1_108' title="bbox 2214 4894 3812 4969">
     <span class='ocr_line' id='line_1_108' title="bbox 2214 4894 3812 4969; baseline 0 -16"><span class='ocrx_word' id='word_1_763' title='bbox 2214 4894 2342 4969; x_wconf 82' lang='lat' dir='ltr'><strong>quid</strong></span> <span class='ocrx_word' id='word_1_764' title='bbox 2388 4910 2505 4953; x_wconf 84' lang='lat' dir='ltr'><strong>esse</strong></span> <span class='ocrx_word' id='word_1_765' title='bbox 2544 4896 2889 4963; x_wconf 85' lang='lat' dir='ltr'><strong>arbitrantes,</strong></span> <span class='ocrx_word' id='word_1_766' title='bbox 2932 4895 3269 4961; x_wconf 74' lang='lat' dir='ltr'><strong>Hierusalem</strong></span> <span class='ocrx_word' id='word_1_767' title='bbox 3310 4904 3540 4961; x_wconf 73' lang='lat' dir='ltr'><strong>vocant.</strong></span> <span class='ocrx_word' id='word_1_768' title='bbox 3589 4896 3812 4963; x_wconf 77' lang='lat' dir='ltr'><strong>Tantum</strong></span> 
     </span>
    </p>
   </div>
   <div class='ocr_carea' id='block_1_109' title="bbox 2212 4988 3813 5060">
    <p class='ocr_par' dir='ltr' id='par_1_109' title="bbox 2212 4988 3813 5060">
     <span class='ocr_line' id='line_1_109' title="bbox 2212 4988 3813 5060; baseline 0 -17"><span class='ocrx_word' id='word_1_769' title='bbox 2212 4988 2402 5049; x_wconf 85' lang='lat' dir='ltr'><strong>dantes</strong></span> <span class='ocrx_word' id='word_1_770' title='bbox 2424 4988 2737 5051; x_wconf 86' lang='lat' dir='ltr'><strong>mulieribus</strong></span> <span class='ocrx_word' id='word_1_771' title='bbox 2766 4989 3146 5060; x_wconf 84' lang='lat' dir='ltr'><strong>principatum,</strong></span> <span class='ocrx_word' id='word_1_772' title='bbox 3175 4997 3235 5049; x_wconf 88' lang='lat' dir='ltr'><strong>ut</strong></span> <span class='ocrx_word' id='word_1_773' title='bbox 3261 4988 3582 5053; x_wconf 79' lang='lat' dir='ltr'><strong>sacerdotio</strong></span> <span class='ocrx_word' id='word_1_774' title='bbox 3602 5000 3813 5058; x_wconf 72' lang='lat' dir='ltr'><strong>linoque</strong></span> 
     </span>
    </p>
   </div>
   <div class='ocr_carea' id='block_1_110' title="bbox 2212 5079 3813 5155">
    <p class='ocr_par' dir='ltr' id='par_1_110' title="bbox 2212 5079 3813 5155">
     <span class='ocr_line' id='line_1_110' title="bbox 2212 5079 3813 5155; baseline 0.003 -20"><span class='ocrx_word' id='word_1_775' title='bbox 2212 5080 2353 5155; x_wconf 88' lang='lat' dir='ltr'><strong>apud</strong></span> <span class='ocrx_word' id='word_1_776' title='bbox 2400 5095 2495 5139; x_wconf 89' lang='lat' dir='ltr'><strong>eos</strong></span> <span class='ocrx_word' id='word_1_777' title='bbox 2539 5080 2892 5153; x_wconf 74' lang='lat' dir='ltr'><strong>honorantur.</strong></span> <span class='ocrx_word' id='word_1_778' title='bbox 2929 5080 3124 5143; x_wconf 87' lang='lat' dir='ltr'><strong>Dicunt</strong></span> <span class='ocrx_word' id='word_1_779' title='bbox 3165 5080 3312 5147; x_wconf 74' lang='lat' dir='ltr'><strong>enim</strong></span> <span class='ocrx_word' id='word_1_780' title='bbox 3351 5079 3491 5145; x_wconf 73' lang='lat' dir='ltr'><strong>duas</strong></span> <span class='ocrx_word' id='word_1_781' title='bbox 3536 5079 3813 5146; x_wconf 59' lang='lat' dir='ltr'><strong>ecclesias.</strong></span> 
     </span>
    </p>
   </div>
   <div class='ocr_carea' id='block_1_111' title="bbox 2212 5169 3812 5241">
    <p class='ocr_par' dir='ltr' id='par_1_111' title="bbox 2212 5169 3812 5241">
     <span class='ocr_line' id='line_1_111' title="bbox 2212 5169 3812 5241; baseline -0.003 -14"><span class='ocrx_word' id='word_1_782' title='bbox 2212 5172 2482 5238; x_wconf 75' lang='lat' dir='ltr'><strong>Quintilla:</strong></span> <span class='ocrx_word' id='word_1_783' title='bbox 2529 5180 2584 5226; x_wconf 90' lang='lat' dir='ltr'><strong>et</strong></span> <span class='ocrx_word' id='word_1_784' title='bbox 2623 5169 2914 5238; x_wconf 71' lang='lat' dir='ltr'><strong>Priscillze,</strong></span> <span class='ocrx_word' id='word_1_785' title='bbox 2967 5172 3019 5237; x_wconf 82' lang='lat' dir='ltr'><strong>in</strong></span> <span class='ocrx_word' id='word_1_786' title='bbox 3064 5171 3255 5226; x_wconf 88' lang='lat' dir='ltr'><strong>eadem</strong></span> <span class='ocrx_word' id='word_1_787' title='bbox 3302 5171 3530 5226; x_wconf 89' lang='lat' dir='ltr'><strong>civitate</strong></span> <span class='ocrx_word' id='word_1_788' title='bbox 3582 5170 3812 5241; x_wconf 83' lang='lat' dir='ltr'><strong>Pepuza.</strong></span> 
     </span>
    </p>
   </div>
   <div class='ocr_carea' id='block_1_112' title="bbox 2212 5260 3818 5334">
    <p class='ocr_par' dir='ltr' id='par_1_112' title="bbox 2212 5260 3818 5334">
     <span class='ocr_line' id='line_1_112' title="bbox 2212 5260 3818 5334; baseline -0.006 -11"><span class='ocrx_word' id='word_1_789' title='bbox 2212 5262 2387 5323; x_wconf 85' lang='lat' dir='ltr'><strong>Unum</strong></span> <span class='ocrx_word' id='word_1_790' title='bbox 2410 5272 2539 5321; x_wconf 84' lang='lat' dir='ltr'><strong>sunt</strong></span> <span class='ocrx_word' id='word_1_791' title='bbox 2564 5278 2686 5329; x_wconf 84' lang='lat' dir='ltr'><strong>cum</strong></span> <span class='ocrx_word' id='word_1_792' title='bbox 2713 5262 3090 5334; x_wconf 78' lang='lat' dir='ltr'><strong>Cataphrygis.</strong></span> <span class='ocrx_word' id='word_1_793' title='bbox 3120 5260 3473 5332; x_wconf 83' lang='lat' dir='ltr'><strong>Contemptui</strong></span> <span class='ocrx_word' id='word_1_794' title='bbox 3500 5268 3698 5323; x_wconf 80' lang='lat' dir='ltr'><strong>autem</strong></span> <span class='ocrx_word' id='word_1_795' title='bbox 3728 5273 3818 5315; x_wconf 89' lang='lat' dir='ltr'><strong>eos</strong></span> 
     </span>
    </p>
   </div>
   <div class='ocr_carea' id='block_1_113' title="bbox 2208 5356 3822 5428">
    <p class='ocr_par' dir='ltr' id='par_1_113' title="bbox 2208 5356 3822 5428">
     <span class='ocr_line' id='line_1_113' title="bbox 2208 5356 3822 5428; baseline -0.003 -16"><span class='ocrx_word' id='word_1_796' title='bbox 2208 5360 2425 5425; x_wconf 83' lang='lat' dir='ltr'><strong>habent,</strong></span> <span class='ocrx_word' id='word_1_797' title='bbox 2457 5359 2602 5428; x_wconf 89' lang='lat' dir='ltr'><strong>quod</strong></span> <span class='ocrx_word' id='word_1_798' title='bbox 2627 5373 2686 5413; x_wconf 91' lang='lat' dir='ltr'><strong>se</strong></span> <span class='ocrx_word' id='word_1_799' title='bbox 2716 5359 2803 5413; x_wconf 91' lang='lat' dir='ltr'><strong>isti</strong></span> <span class='ocrx_word' id='word_1_800' title='bbox 2834 5356 3127 5428; x_wconf 83' lang='lat' dir='ltr'><strong>Pepuziani</strong></span> <span class='ocrx_word' id='word_1_801' title='bbox 3156 5356 3368 5411; x_wconf 70' lang='lat' dir='ltr'><strong>caneris</strong></span> <span class='ocrx_word' id='word_1_802' title='bbox 3395 5356 3686 5411; x_wconf 67' lang='lat' dir='ltr'><strong>testiment</strong></span> <span class='ocrx_word' id='word_1_803' title='bbox 3712 5368 3822 5408; x_wconf 85' lang='lat' dir='ltr'><strong>me-</strong></span> 
     </span>
    </p>
   </div>
   <div class='ocr_carea' id='block_1_114' title="bbox 2207 5445 3820 5521">
    <p class='ocr_par' dir='ltr' id='par_1_114' title="bbox 2207 5445 3820 5521">
     <span class='ocr_line' id='line_1_114' title="bbox 2207 5445 3820 5521; baseline 0.001 -17"><span class='ocrx_word' id='word_1_804' title='bbox 2207 5451 2389 5506; x_wconf 87' lang='lat' dir='ltr'><strong>liores.</strong></span> <span class='ocrx_word' id='word_1_805' title='bbox 2415 5450 2610 5506; x_wconf 89' lang='lat' dir='ltr'><strong>Dicunt</strong></span> <span class='ocrx_word' id='word_1_806' title='bbox 2638 5450 2780 5505; x_wconf 91' lang='lat' dir='ltr'><strong>enim</strong></span> <span class='ocrx_word' id='word_1_807' title='bbox 2801 5450 2942 5507; x_wconf 91' lang='lat' dir='ltr'><strong>hanc</strong></span> <span class='ocrx_word' id='word_1_808' title='bbox 2965 5448 3233 5521; x_wconf 87' lang='lat' dir='ltr'><strong>Pcpuzam</strong></span> <span class='ocrx_word' id='word_1_809' title='bbox 3260 5447 3437 5503; x_wconf 90' lang='lat' dir='ltr'><strong>villam</strong></span> <span class='ocrx_word' id='word_1_810' title='bbox 3461 5445 3645 5504; x_wconf 81' lang='lat' dir='ltr'><strong>fuisse</strong></span> <span class='ocrx_word' id='word_1_811' title='bbox 3674 5445 3820 5505; x_wconf 64' lang='grc' dir='ltr'><strong>Μοιιι</strong></span> 
     </span>
    </p>
   </div>
   <div class='ocr_carea' id='block_1_115' title="bbox 2212 5601 3819 5679">
    <p class='ocr_par' dir='ltr' id='par_1_115' title="bbox 2212 5601 3819 5679">
     <span class='ocr_line' id='line_1_115' title="bbox 2212 5601 3819 5679; baseline -0.002 -19"><span class='ocrx_word' id='word_1_812' title='bbox 2212 5605 2583 5679; x_wconf 59' lang='lat' dir='ltr'><strong>Cataphrygas</strong></span> <span class='ocrx_word' id='word_1_813' title='bbox 2611 5606 2881 5679; x_wconf 64' lang='lat' dir='ltr'><strong>scribente</strong></span> <span class='ocrx_word' id='word_1_814' title='bbox 2915 5606 3178 5679; x_wconf 71' lang='lat' dir='ltr'><strong>probatur</strong></span> <span class='ocrx_word' id='word_1_815' title='bbox 3198 5601 3573 5679; x_wconf 33' lang='lat' dir='ltr'><strong>DodvvclloAiq</strong></span> <span class='ocrx_word' id='word_1_816' title='bbox 3602 5604 3819 5679; x_wconf 73' lang='lat' dir='ltr'><strong>dissert.</strong></span> 
     </span>
    </p>
   </div>
   <div class='ocr_carea' id='block_1_116' title="bbox 2208 5672 3825 5747">
    <p class='ocr_par' dir='ltr' id='par_1_116' title="bbox 2208 5672 3825 5747">
     <span class='ocr_line' id='line_1_116' title="bbox 2208 5672 3825 5747; baseline -0.002 -16"><span class='ocrx_word' id='word_1_817' title='bbox 2208 5672 2361 5745; x_wconf 61' lang='lat' dir='ltr'><strong>singf</strong></span> <span class='ocrx_word' id='word_1_818' title='bbox 2392 5672 2745 5741; x_wconf 61' lang='lat' dir='ltr'><strong>de&quot;Success.</strong></span> <span class='ocrx_word' id='word_1_819' title='bbox 2777 5672 2937 5747; x_wconf 51' lang='lat' dir='ltr'><strong>Rom:</strong></span> <span class='ocrx_word' id='word_1_820' title='bbox 2979 5672 3170 5747; x_wconf 74' lang='lat' dir='ltr'><strong>pontii.</strong></span> <span class='ocrx_word' id='word_1_821' title='bbox 3203 5692 3322 5746; x_wconf 90' lang='lat' dir='ltr'><strong>cap.</strong></span> <span class='ocrx_word' id='word_1_822' title='bbox 3354 5672 3439 5747; x_wconf 71' lang='grc'><strong>14,</strong></span> <span class='ocrx_word' id='word_1_823' title='bbox 3474 5674 3507 5747; x_wconf 81' lang='lat'><strong>§</strong></span> <span class='ocrx_word' id='word_1_824' title='bbox 3542 5672 3602 5731; x_wconf 64' lang='grc' dir='ltr'><strong>ἓ.</strong></span> <span class='ocrx_word' id='word_1_825' title='bbox 3639 5674 3825 5747; x_wconf 81' lang='lat' dir='ltr'><strong>Neque</strong></span> 
     </span>
    </p>
   </div>
   <div class='ocr_carea' id='block_1_117' title="bbox 2208 5745 3825 5815">
    <p class='ocr_par' dir='ltr' id='par_1_117' title="bbox 2208 5745 3825 5815">
     <span class='ocr_line' id='line_1_117' title="bbox 2208 5745 3825 5815; baseline -0.002 -12"><span class='ocrx_word' id='word_1_826' title='bbox 2208 5748 2535 5807; x_wconf 85' lang='lat' dir='ltr'><strong>omittendus</strong></span> <span class='ocrx_word' id='word_1_827' title='bbox 2584 5748 2651 5807; x_wconf 89' lang='lat' dir='ltr'><strong>cl.</strong></span> <span class='ocrx_word' id='word_1_828' title='bbox 2700 5747 2867 5803; x_wconf 89' lang='lat' dir='ltr'><strong>abbas</strong></span> <span class='ocrx_word' id='word_1_829' title='bbox 2913 5745 2993 5802; x_wconf 82' lang='lat' dir='ltr'><strong>de</strong></span> <span class='ocrx_word' id='word_1_830' title='bbox 3026 5745 3344 5815; x_wconf 67' lang='lat' dir='ltr'><strong>Longum-ue</strong></span> <span class='ocrx_word' id='word_1_831' title='bbox 3385 5746 3438 5813; x_wconf 80' lang='lat' dir='ltr'><strong>in</strong></span> <span class='ocrx_word' id='word_1_832' title='bbox 3471 5745 3710 5815; x_wconf 72' lang='lat' dir='ltr'><strong>dissert.</strong></span> <span class='ocrx_word' id='word_1_833' title='bbox 3743 5745 3825 5809; x_wconf 72' lang='lat' dir='ltr'><strong>de</strong></span> 
     </span>
    </p>
   </div>
   <div class='ocr_carea' id='block_1_118' title="bbox 2207 5812 3709 5891">
    <p class='ocr_par' dir='ltr' id='par_1_118' title="bbox 2207 5812 3709 5891">
     <span class='ocr_line' id='line_1_118' title="bbox 2207 5812 3709 5891; baseline -0.003 -20"><span class='ocrx_word' id='word_1_834' title='bbox 2207 5815 2406 5891; x_wconf 62' lang='lat' dir='ltr'><strong>[heresi</strong></span> <span class='ocrx_word' id='word_1_835' title='bbox 2442 5817 2700 5891; x_wconf 65' lang='lat' dir='ltr'><strong>Montani.</strong></span> <span class='ocrx_word' id='word_1_836' title='bbox 2738 5818 2763 5890; x_wconf 82' lang='lat'><strong>§</strong></span> <span class='ocrx_word' id='word_1_837' title='bbox 2792 5816 2847 5879; x_wconf 89' lang='lat'><strong>8,</strong></span> <span class='ocrx_word' id='word_1_838' title='bbox 2875 5832 2996 5889; x_wconf 82' lang='lat' dir='ltr'><strong>pag.</strong></span> <span class='ocrx_word' id='word_1_839' title='bbox 3029 5812 3161 5891; x_wconf 44' lang='lat'>239;</span> <span class='ocrx_word' id='word_1_840' title='bbox 3426 5812 3431 5813; x_wconf 52' lang='grc'><strong><em>⁷</em></strong></span> <span class='ocrx_word' id='word_1_841' title='bbox 3702 5812 3709 5819; x_wconf 86' lang='grc'><em>’</em></span> 
     </span>
    </p>
   </div>
   <div class='ocr_carea' id='block_1_119' title="bbox 4019 1289 4029 2097">
    <p class='ocr_par' dir='ltr' id='par_1_119' title="bbox 4021 1554 4027 2097">
     <span class='ocr_line' id='line_1_119' title="bbox 4021 1554 4023 1639; baseline 0 0"><span class='ocrx_word' id='word_1_842' title='bbox 4021 1554 4023 1639; x_wconf 73' lang='lat' dir='ltr'><strong>l</strong></span> 
     </span>
     <span class='ocr_line' id='line_1_120' title="bbox 4022 1650 4023 1739; baseline 0 0"><span class='ocrx_word' id='word_1_843' title='bbox 4022 1650 4023 1739; x_wconf 57' lang='grc' dir='ltr'>ψ</span> 
     </span>
     <span class='ocr_line' id='line_1_121' title="bbox 4023 1782 4025 1853; baseline 0 -6"><span class='ocrx_word' id='word_1_844' title='bbox 4023 1782 4025 1853; x_wconf 69' lang='lat' dir='ltr'><strong>l</strong></span> 
     </span>
     <span class='ocr_line' id='line_1_122' title="bbox 4026 2012 4027 2097; baseline 0 0"><span class='ocrx_word' id='word_1_845' title='bbox 4026 2012 4027 2097; x_wconf 62' lang='grc' dir='ltr'>ι</span> 
     </span>
    </p>
   </div>
   <div class='ocr_carea' id='block_1_120' title="bbox 4027 2240 4038 3251">
    <p class='ocr_par' dir='ltr' id='par_1_120' title="bbox 4027 2240 4037 3251">
     <span class='ocr_line' id='line_1_123' title="bbox 4027 2240 4029 2369; baseline 0 0"><span class='ocrx_word' id='word_1_846' title='bbox 4027 2240 4029 2369; x_wconf 71' lang='lat' dir='ltr'><strong>l</strong></span> 
     </span>
     <span class='ocr_line' id='line_1_124' title="bbox 4029 2470 4031 2601; baseline 0 0"><span class='ocrx_word' id='word_1_847' title='bbox 4029 2470 4031 2601; x_wconf 71' lang='lat' dir='ltr'><strong>l</strong></span> 
     </span>
     <span class='ocr_line' id='line_1_125' title="bbox 4033 2928 4035 3049; baseline 0 0"><span class='ocrx_word' id='word_1_848' title='bbox 4033 2928 4035 3049; x_wconf 56' lang='grc' dir='ltr'>ψ</span> 
     </span>
     <span class='ocr_line' id='line_1_126' title="bbox 4036 3158 4037 3251; baseline 0 0"><span class='ocrx_word' id='word_1_849' title='bbox 4036 3158 4037 3251; x_wconf 73' lang='lat' dir='ltr'><strong>l</strong></span> 
     </span>
    </p>
   </div>
  </div>
