4088 6346
279 293 379 357 597

280 410 417 489 iani,
450 407 642 479 Prisca:
672 417 726 471 et
752 406 1072 477 Maximillae,
1105 412 1161 459 et
1184 402 1307 479 quia
1337 400 1408 469 ibi
1432 406 1715 476 scaporum
1736 412 1870 473 νηξ-
1895 400 1942 460 Α

281 505 459 573 dicare
486 509 542 561 et
568 502 640 563 ibi
666 502 928 575 vixerunt,
956 499 1078 557 ideo
1107 497 1284 557 lucum
1313 493 1653 573 appellarunt
1675 490 1869 561 Hieru-

749 281 1338 347 PREDESTINATUS
1372 279 1527 345 SW8
1565 274 2269 343 PREDESTINATORU‘H
2311 278 2648 347 "£13818,
2689 278 2839 335 ETC.
2884 279 3007 335 LIB.
3048 279 3088 336 ι.

2650 397 2885 458 XXXIII.

2045 488 2395 553 Tricesimum
2418 497 2479 549 et
2505 491 2722 551 tertium
2750 490 2927 549 locum
2948 493 3164 549 hmrssis
3180 501 3364 549 tenent
3394 494 3563 551 Thae-
3682 500 3689 505 ‘

281 596 467 658 salem.
502 592 569 655 Et
596 594 722 673 quia
746 592 1079 659 habitatores
1115 590 1221 651 loci
1250 594 1391 649 sunt.
1424 587 1550 655 ideo
1572 586 1784 653 meris
1804 600 1868 651 se
1971 584 2197 649 dotiani,
2227 599 2259 645 a
2278 583 2516 654 quodam
2536 581 2562 625 δ
2588 582 2869 645 Theodoto
2889 585 3136 653 instituti,
3152 586 3425 645 hominem
3453 595 3563 644 tan-

282 703 403 749 csse
451 685 704 751 meliores
740 684 1037 751 ascribunt.
1078 681 1189 739 llos
1236 678 1552 757 Apollonius
1595 675 1871 749 superavit

281 777 642 848 Ephesiorum
674 775 981 851 episcopus.

965 864 1206 931 XXVIII.

358 961 624 1025 Vicesima
672 969 864 1019 octava
917 960 1137 1019 bteresis
1165 956 1491 1031 Artolyritas
1540 968 1668 1013 suos
1697 959 1872 1021 vocat,

283 1056 486 1133 quibus
512 1055 617 1121 hoc
664 1068 862 1113 nomen
901 1052 1104 1115 oblatio
1133 1050 1299 1111 dedit.
1332 1046 1576 1115 Oderunt
1608 1045 1753 1111 enim
1778 1059 1876 1119 pa-

283 1164 414 1205 nem
443 1157 497 1202 et
526 1162 764 1212 caseum,
794 1146 1034 1203 dicentes
1071 1161 1102 1203 a
1144 1143 1330 1219 primis
1373 1140 1679 1199 hominibus
1724 1136 1877 1201 obla-

285 1243 468 1298 tiones
511 1240 623 1297 Deo
651 1238 717 1295 de
747 1237 1007 1301 fructibus
1034 1244 1193 1297 terra:
1220 1242 1278 1291 et
1302 1234 1485 1293 ovium
1526 1230 1690 1289 fuisse
1737 1227 1880 1287 cele-

285 1332 493 1391 bratas.
538 1328 650 1385 Hos
699 1327 1019 1401 Pepuzianis
1061 1326 1236 1397 jungit
1275 1322 1645 1399 Epiphanius,
1690 1325 1877 1377 contra

288 1438 431 1494 quos
461 1420 635 1477 nullus
656 1419 905 1490 dignatus
929 1426 1012 1479 est
1032 1434 1133 1477 nec
1159 1416 1324 1487 loqui.

950 1538 955 1541 -
992 1507 1184 1569 XXIX.

366 1604 633 1660 Vicesima
665 1619 807 1661 nona
836 1602 1056 1661 hzeresis
1086 1599 1669 1659 Tessarescmdecatitm
1696 1596 1882 1653 dicun-

290 1706 401 1766 tur,
434 1714 500 1754 eo
528 1698 670 1779 quod
699 1704 887 1769 quarta
935 1696 1144 1755 decima
1174 1696 1299 1755 luna
1328 1694 1537 1757 Pascha
1584 1693 1878 1759 celebrant,

1974 676 2255 745 tummodo
2282 675 2556 737 Christum
2584 676 2679 733 Dei
2706 675 2899 735 Filium
2930 685 3234 735 asserentes
3271 695 3283 732 :
3307 678 3452 748 quod
3480 678 3563 735 di-

1975 772 2115 831 citur
2137 770 2276 833 idem
2310 781 2331 809 ε
2365 769 2677 831 Theodotus
2722 778 3010 840 propterea
3039 769 3305 838 docuisse,
3336 770 3461 841 quia
3512 772 3565 827 in

1970 863 2351 937 persecutione
2398 864 2578 934 lapsus
2606 863 2709 920 isto
2737 864 2900 923 modo
2927 879 2987 921 se
3014 880 3171 922 casus
3215 867 3300 927 sui
3329 866 3568 922 devitarc

1977 958 2202 1029 putabat
2227 956 2596 1027 opprobrium.
2626 956 2672 1015 si
2710 973 2820 1013 non
2852 957 3021 1015 Deum
3061 972 3312 1028 massa,
3345 958 3439 1014 sed
3468 958 3568 1013 ho»

1978 1051 2178 1105 ininem
2239 1050 2527 1105 videretur.
2581 1047 2693 1103 llos
2740 1049 2972 1105 obtinuit
3017 1048 3220 1107 Craton
3285 1051 3571 1123 episcopus

1980 1140 2259 1213 Syrorum.

2656 1236 2892 1293 XXXIV.

2054 1328 2401 1387 Trieesimam
2452 1339 2699 1400 quartam
2753 1332 3013 1389 hairesem
3071 1327 3576 1386 Melchisedecbiaai
3678 1390 3691 1399 Ι

1982 1423 2323 1483 invenerunt.
2381 1421 2799 1490 Melchisedech,
2828 1423 3164 1480 sacerdotem
3210 1422 3305 1476 Dei
3352 1420 3573 1484 excelsi,

1984 1529 2095 1569 non
2128 1514 2398 1569 hominem
2430 1514 2613 1577 fuisse,
2636 1513 2731 1569 sed
2758 1514 3009 1569 virtutem
3036 1513 3130 1569 Dei
3169 1527 3286 1569 esse
3312 1511 3579 1591 arbitran-

1983 1611 2092 1671 tur,
2121 1605 2270 1661 illum
2301 1604 2477 1661 locum
2499 1613 2789 1673 sequentes
2815 1602 3058 1674 Apostoli
3084 1604 3152 1658 ad
3192 1603 3444 1658 Hebraeos
3468 1616 3578 1672 quo

1986 1697 2081 1763 ait,
2106 1698 2219 1755 sine
2244 1707 2413 1763 patre,
2435 1698 2551 1753 sine
2576 1705 2761 1761 matre,
2793 1698 2906 1753 sine
2925 1695 3228 1767 genealogis
3258 1692 3453 1763 (Hebr.
3486 1708 3577 1757 vn,

291 1792 525 1877 quilibet
552 1792 865 1864 septimanae
894 1789 1189 1849 occurrerit
1216 1788 1366 1857 dies;
1399 1795 1454 1849 et
1482 1787 1527 1842 si
1556 1785 1673 1841 dies
1701 1784 1884 1877 Donu-o
1915 1789 1965 1848 B
1992 1790 2079 1863 5).
2111 1790 2204 1844 llis
2247 1789 2485 1844 occurrit
2512 1787 2799 1858 Dionysius
2838 1785 3335 1857 Hierosolymon
3376 1786 3582 1854 episeo-

291 1888 450 1955 nicus
495 1885 801 1957 incurrerit,
836 1884 953 1955 ipso
990 1882 1077 1939 die
1101 1880 1349 1953 jejnnant
1389 1886 1446 1936 et
1498 1878 1739 1948 vigilant.
1769 1876 1883 1933 lloc

294 1989 505 2039 tantum
536 1993 564 2032 a
605 1977 760 2037 nobis
798 1975 1138 2046 discrepant,
1164 1974 1299 2031 nihil
1327 1972 1491 2029 aliud.
1523 1971 1635 2028 Hos
1667 1977 1886 2027 sanctus

293 2070 531 2126 Joannes
558 2067 1115 2137 Constantinopolites
1144 2067 1429 2136 episcopus
1470 2064 1566 2121 tali
1593 2064 1803 2119 ratione
1832 2062 1885 2117 in

294 2159 482 2215 multis
509 2158 820 2215 civitatibus
859 2156 1109 2212 obtinuit.
1150 2156 1295 2211 Abiit
1333 2170 1453 2210 cum
1491 2154 1638 2213 clero
1682 2168 1803 2223 suo,
1834 2162 1891 2206 et

295 2270 421 2311 cum
444 2253 520 2308 eis
539 2251 749 2309 Pascha
771 2249 1063 2309 celebravit
1083 2248 1266 2309 dicens
1291 2268 1303 2302 :
1329 2248 1479 2309 Sicut
1494 2263 1595 2305 nos
1612 2247 1888 2307 vobiscum

303 2345 696 2405 celebravimus
724 2342 954 2409 Pascha,
978 2342 1160 2411 venite
1187 2349 1242 2398 et
1283 2356 1379 2397 vos
1418 2339 1696 2403 nobiscum
1723 2338 1890 2399 susci-

299 2440 415 2513 pite
440 2455 455 2506 ;
489 2453 519 2492 a
560 2438 758 2508 quibus
779 2450 901 2491 cum
925 2434 1031 2491 hoc
1064 2434 1391 2506 impetravit,
1420 2438 1700 2504 coeperunt
1727 2445 1889 2489 unum

304 2543 498 2598 sapere
544 2535 599 2583 et
651 2528 932 2587 nobiscum
973 2526 1251 2597 celebrare
1302 2524 1464 2585 diem.
1521 2523 1893 2591 Probaveruut

310 2606 451 2677 enim
482 2629 648 2685 totam
679 2620 802 2678 ﬁdei
830 2620 1069 2691 regulam
1092 2620 1169 2676 sic
1192 2636 1292 2677 nos
1312 2620 1451 2675 sicut
1474 2633 1536 2679 se
1568 2625 1775 2684 tenere,
1815 2616 1893 2679 sic

310 2713 429 2777 illus
454 2713 591 2771 sicut
610 2729 710 2768 nos
730 2712 968 2768 credere.

1020 2801 1185 2865 XXX.

380 2893 669 2950 Tricesima
718 2894 933 2955 haeresis
971 2892 1302 2965 Alogiorum.
1334 2891 1628 2965 Propterea
1676 2890 1755 2951 sic
1801 2906 1896 2946 vo-

307 2996 517 3055 cantur,
569 2988 692 3059 quia
744 2986 981 3042 Verbum
1012 2986 1106 3041 Dei
1154 3002 1272 3043 esse
1301 2985 1494 3049 Filium
1522 2984 1772 3056 accipere
1800 2998 1897 3038 no-

308 3077 452 3145 lunt;
486 3078 538 3133 in
564 3088 766 3135 tantum
792 3086 849 3134 ut
876 3077 1223 3147 Evangelium
1269 3077 1440 3143 sancti
1470 3076 1691 3135 Joannis
1718 3075 1900 3131 dicant

310 3172 477 3245 ipsius
497 3189 603 3229 non
640 3188 786 3240 esse;
818 3188 919 3231 nec
948 3170 1324 3243 Apocalypsim
1364 3170 1636 3241 accipiunt
1658 3168 1898 3241 ejusdem

310 3261 551 3327 Joannis.
585 3263 723 3330 Quid
781 3262 987 3317 multa?
1030 3270 1055 3298 α
1104 3259 1293 3317 Omnia
1339 3261 1616 3319 nobiscum
1663 3262 1897 3332 sapiunt,

312 3354 408 3415 Dei
438 3354 668 3409 Verbum
718 3353 811 3407 Dei
848 3352 1038 3409 Filium
1078 3352 1293 3427 penitus
1325 3354 1475 3427 quasi
1512 3352 1898 3427 blasphemiam

282 3450 285 3451 ⁷
314 3452 679 3503 exsecrantur.
705 3442 815 3500 llos
846 3441 998 3503 Philo
1028 3445 1312 3521 episcopus
1339 3460 1480 3516 sepe
1500 3446 1790 3519 superavit.

1012 3525 1202 3597 XXXI.

385 3629 677 3689 Tricesima
725 3631 896 3702 prima
951 3632 1171 3691 haeresis
1210 3632 1655 3699 Adamianorum,
1705 3633 1796 3703 qui
1835 3648 1905 3689 ex

320 3722 486 3787 Adam
509 3739 703 3783 nomen
725 3733 1069 3795 acceperunt,
1096 3724 1248 3795 cujus
1272 3725 1549 3781 imitantur
1577 3726 1629 3781 in
1655 3724 1905 3795 paradiso

294 3812 637 3883 nuditatem,
669 3816 842 3889 qualis
883 3813 981 3868 fuit
1009 3826 1135 3871 ante
1173 3824 1472 3887 peccatum.
1519 3814 1669 3871 Unde
1706 3824 1757 3870 et
1780 3831 1905 3878 ,nu-

322 3903 461 3979 ptias
489 3912 822 3987 aversantur,
848 3906 974 3975 quia
999 3920 1100 3960 nec
1121 3905 1270 3977 prius
1295 3922 1455 3975 quam
1482 3906 1734 3984 dimissus
1766 3914 1909 3962 esset

326 3993 392 4047 de
445 3994 692 4075 paradiso
736 3997 987 4066 cognovit
1040 4013 1284 4057 uxorem.
1329 3996 1570 4053 Credunt
1605 4014 1733 4069 ergo
1765 3999 1909 4068 quod

327 4085 523 4154 nuptiae
550 4083 741 4155 totum
770 4103 878 4141 non
914 4086 1159 4156 fuissent,
1185 4088 1231 4145 si
1259 4105 1418 4147 nemo
1446 4099 1742 4169 peccasset.
1770 4090 1908 4147 Nudi

326 4174 511 4245 itaque
538 4193 715 4233 mares
742 4178 1060 4249 feminaeque
1092 4182 1451 4247 conveniunt,
1495 4182 1621 4237 nudi
1650 4183 1910 4238 lectiones

324 4267 570 4341 audiunt,
600 4271 725 4327 nudi
755 4279 940 4341 orant,
977 4272 1103 4335 nudi
1145 4273 1418 4333 celebrant
1457 4283 1811 4339 sacramenta.
1844 4274 1910 4330 Et

323 4374 393 4414 ex
418 4359 523 4416 hoc
550 4362 859 4435 paradisum
900 4380 1051 4421 suam
1100 4365 1428 4425 arbitrantur
1456 4367 1757 4425 ecclesiam.
1799 4366 1912 4429 Hos

320 4459 549 4511 sanctus
574 4454 853 4539 presbyter
879 4453 1207 4543 Polycarpus
1243 4456 1445 4513 detexit
1468 4471 1494 4525 ,'
1525 4458 1778 4525 obtinuit,
1811 4458 1909 4521 eli:-

322 4543 570 4600 minavit.

1008 4639 1219 4703 XXXII.

407 4726 698 4784 Tricesima
747 4739 803 4786 et
848 4732 1078 4791 secunda
1127 4734 1344 4795 hmresis
1372 4734 1773 4799 Ilelceseorum.
1806 4736 1918 4795 Hos

324 4821 549 4895 quidam
607 4822 794 4883 Helchi
832 4828 1049 4883 nomine
1078 4829 1547 4900 pseudopropheta
1578 4829 1818 4900 decepit;
1850 4845 1917 4887 ex

345 4915 489 4987 rufus
530 4929 730 4987 genere
782 4916 915 4974 duas
959 4919 1213 4979 mulieres
1258 4927 1515 4993 tanquam
1558 4919 1687 4975 deas
1729 4921 1797 4975 ab
1839 4921 1919 4976 eis

334 5006 645 5079 )e'hibetur
673 5007 942 5067 adoratas.
966 5008 1174 5071 Caetera
1203 5009 1493 5069 Hebioneis
1511 5012 1704 5069 similia
1734 5020 1919 5071 tenere

336 5096 401 5151 ιιι
458 5094 759 5171 Epiphanio
824 5109 1155 5161 asseruntur.
1214 5100 1324 5157 Hos
1388 5100 1582 5175 Papias
1639 5104 1921 5176 presbyter

336 5188 397 5242 At
420 5190 551 5245 naize
579 5192 828 5246 obtinuit.

412 5459 439 5490 ι
488 5448 878 5523 Mihidubium
927 5465 1034 5523 non
1075 5458 1157 5505 est
1210 5449 1297 5506 hic
1324 5450 1599 5523 nisihquod
1636 5450 1919 5523 excidisse.
1992 5450 1996 5455 ’

332 5517 532 5576 Omnia
562 5520 824 5575 nobiscum
871 5522 1093 5590 sapiunt,
1120 5536 1218 5590 misr
1246 5537 1382 5584 quon
1419 5517 1662 5586 verbum,
1708 5528 1810 5575 etc.
1836 5521 1927 5577 Sic
1986 5571 1993 5576 .

416 5593 546 5647 time
580 5591 904 5661 cohaerescet
928 5588 1123 5645 eratin.
1146 5588 1466 5659 Wesseling.
1496 5590 1765 5649 Probabil.
1801 5606 1921 5661 cap.

414 5659 746 5802 bpﬁééggk.
757 5771 771 5793 .
800 5729 1161 5801 Tlteodotione.

1992 1901 2111 1955 pus,
2143 1884 2327 1939 dicens
2356 1882 2499 1937 hunc
2538 1891 2593 1936 et
2634 1888 2842 1952 patrem
2869 1880 3125 1936 habuisse
3172 1886 3226 1932 et
3254 1884 3508 1940 matrem;
3530 1883 3584 1929 et

1992 1977 2097 2032 hoc
2118 1975 2240 2031 ideo
2266 1975 2464 2033 dixisse
2486 1972 2822 2046 Apostolum,
2840 1975 2969 2045 quia
2988 1982 3044 2027 et
3060 1970 3374 2042 genealogis
3400 1969 3583 2041 ipsius,

1997 2076 2053 2123 et
2078 2075 2321 2127 materna
2344 2076 2636 2137 paternave
2664 2066 2935 2137 prosapia,
2967 2080 3077 2120 non
3107 2054 3397 2118 habemur
3430 2061 3484 2115 in
3522 2074 3587 2113 en

1997 2158 2186 2214 ordine
2214 2159 2268 2215 in
2289 2174 2397 2228 quo
2426 2159 2512 2217 lex
2539 2157 2890 2215 Hebrazorum
2931 2156 3163 2226 ascripta
3193 2162 3294 2220 est,
3326 2168 3448 2209 cum
3480 2153 3589 2207 Deo

2000 2253 2182 2324 utique
2207 2252 2469 2324 placuerit
2492 2251 2768 2320 generatio
2796 2250 3159 2308 Hebmorum.

2216 2343 2228 2354 “
2684 2343 2898 2401 XXXV.
3586 2396 3595 2403 ς

2072 2440 2362 2499 Tricesima
2381 2440 2567 2509 quinta
2587 2439 2811 2494 haeresis
2838 2446 2963 2495 sum
2985 2435 3366 2501 Bardesanitm,
3398 2448 3429 2488 a
3451 2448 3589 2503 quo-

1998 2535 2122 2591 dam
2162 2533 2464 2591 Bardesane
2484 2533 2743 2603 perversi.
2766 2531 2870 2599 Qui
2891 2529 2919 2571 ἀ
2950 2530 3222 2586 Bardesan
3248 2528 3447 2586 dicitur
3468 2542 3592 2598 per»

1996 2624 2168 2681 feetus
2196 2624 2359 2683 fuisse
2387 2624 2707 2689 catholicus,
2729 2623 2825 2680 sed
2848 2629 3037 2693 postea
3060 2623 3113 2676 in
3142 2620 3196 2676 id
3210 2635 3308 2691 per
3325 2618 3592 2673 Valentini

1999 2717 2318 2787 discipulum
2370 2716 2678 2781 incurrisse,
2710 2722 2770 2770 ut
2812 2714 3007 2771 malam
3044 2713 3247 2766 diceret
3272 2709 3451 2766 carnis
3494 2708 3594 2762 hu-

2002 2826 2175 2867 manm
2201 2816 2527 2874 creaturam,
2544 2808 2737 2869 anim
2759 2807 2977 2863 bonam.
2998 2802 3225 2859 Hunc'in
3253 2800 3595 2873 Cappadocia

2003 2901 2277 2957 damnavit
2303 2900 2621 2957 Theocritus
2640 2900 2945 2971 episcopus,
2976 2898 3178 2954 docens
3198 2896 3367 2951 Deum
3393 2894 3597 2951 bonum

2008 3001 2231 3060 utraque
2260 2990 2468 3058 fecisse,
2494 3000 2723 3062 utraque
2750 2992 3055 3063 copulasse,
3068 2999 3124 3046 et
3149 2991 3327 3051 carnis
3344 2990 3595 3049 humanas

2007 3099 2114 3137 non
2164 3089 2428 3151 naturam,
2461 3084 2555 3139 sed
2586 3084 3084 3156 prtevaricationem
3105 3100 3223 3140 esse
3249 3081 3591 3154 culpandam.

2073 3267 2302 3325 Heresis
2331 3268 2600 3326 tricesima
2626 3277 2682 3325 st
2702 3278 2857 3327 sexta
2887 3280 2912 3308 ο
2946 3269 3334 3325 Noetianorum
3370 3274 3474 3332 est,
3503 3266 3599 3335 qui

2001 3362 2188 3419 dicunt
2222 3359 2238 3401 τ
2274 3358 2547 3417 Christum
2594 3360 2842 3416 eumdem
2890 3361 3064 3430 ipsum
3122 3374 3242 3414 esse
3298 3356 3514 3413 Patrem
3542 3363 3600 3412 et

2003 3454 2264 3525 Spiritum
2307 3460 2553 3531 sanctum
2585 3470 2598 3505 :
2640 3467 2750 3509 non
2778 3435 2878 3521 per
2903 3451 3279 3517 substantiam,
3300 3448 3441 3509 sicut
3475 3463 3595 3515 nos,
3696 3478 3703 3487 ι

2005 3547 2098 3603 sed
2129 3560 2225 3615 per
2252 3558 2562 3614 personam,
2589 3551 2649 3598 ut
2672 3542 2914 3612 putative
2958 3539 3169 3598 dicatur
3194 3539 3425 3612 Spiritus
3468 3555 3599 3597 san-

2008 3643 2149 3700 ctus,
2188 3650 2296 3692 non
2328 3633 2609 3691 veraciter.
2655 3631 2753 3693 Hic
2780 3632 3065 3689 damnatus
3092 3640 3178 3688 est
3218 3648 3250 3688 a
3288 3631 3600 3702 Tranquillo

1960 3745 1978 3764 ο
2011 3728 2265 3799 episcopo
2294 3724 2777 3782 Chalcedoniorum
2801 3722 2990 3795 Syriae.
3019 3722 3266 3779 Ostendit
3311 3723 3454 3778 enim
3495 3720 3600 3777 Pa-

2012 3825 2149 3875 trem
2171 3831 2381 3880 verum,
2398 3812 2592 3873 Filium
2613 3829 2818 3879 verum,
2835 3812 3094 3883 Spiritum
3116 3819 3362 3869 sanctum
3381 3825 3598 3866 verum:

2014 3925 2177 3967 unum
2218 3908 2436 3978 quidem
2491 3907 2660 3963 Deum
2706 3921 2806 3977 per
2850 3918 3013 3961 unam
3063 3905 3453 3972 substantiam,
3506 3903 3606 3962 sed

2012 4011 2125 4060 tres
2171 4017 2269 4073 per
2313 4000 2715 4057 distinctionem
2744 4014 3003 4072 personas
3025 3999 3188 4057 'credi
3229 3998 3428 4055 debere
3471 4013 3605 4055 eon-

2014 4094 2250 4151 tlrmans.
2856 4136 2867 4146 .

2669 4188 2931 4245 XXXVII.

2087 4282 2141 4336 In
2173 4282 2496 4338 tricesimam
2517 4287 2573 4337 et
2601 4282 2887 4351 septimam
2924 4278 3173 4334 hmresim
3200 4276 3397 4333 Valesii
3424 4276 3603 4333 incur-

2014 4380 2166 4437 runt,
2209 4373 2301 4442 qui
2344 4360 2582 4428 infelices
2628 4378 2685 4427 et
2733 4370 2940 4441 selpsos
2987 4376 3225 4425 castraut
3264 4376 3320 4423 et
3366 4367 3605 4437 hospites

2014 4480 2160 4529 suos.
2185 4462 2300 4521 Hoc
2326 4464 2487 4523 modo
2513 4464 2700 4523 dicunt
2727 4461 2855 4519 illud
2879 4461 3128 4532 impleri:
3162 4457 3262 4525 Qui
3305 4476 3362 4514 se
3398 4467 3604 4513 castra-

1938 4535 1994 4596 D
2011 4568 2195 4617 mat
2221 4570 2429 4631 propter
2449 4574 2665 4631 regnum
2685 4557 2927 4614 calorum
2955 4555 3169 4628 (Matth.
3207 4569 3318 4619 ιιι,
3340 4552 3402 4607 II
3424 4552 3466 4621 ).
3488 4551 3609 4606 Alia

2017 4667 2234 4735 quoque
2246 4652 2497 4709 haeretica
2512 4651 2709 4707 dooere
2727 4650 2977 4706 dicuntur
2995 4655 3050 4705 et
3063 4646 3259 4715 turpia,
3276 4641 3371 4699 sed
3384 4641 3609 4735 quasilla

2020 4745 2127 4799 sint
2166 4734 2272 4803 nec
2318 4744 2432 4813 ipse
2470 4740 2805 4815 Epiphanius
2831 4743 3240 4802 commemorat,
3270 4749 3372 4790 nec
3399 4734 3609 4806 uspiam

2023 4835 2174 4903 potui
2200 4835 2458 4903 reperire.
2491 4831 2558 4891 Ili
2584 4848 2617 4887 a
2642 4830 2999 4973 synogg'lsunt
3023 4825 3263 4885 damnati
3290 4826 3525 4885 Achaia.

2668 4919 2760 4974 XX
2887 4918 2947 4971 ll.

2098 5012 2387 5067 Tricesima
2412 5019 2616 5068 octava
2645 5010 2861 5075 haeresis
2890 5016 2973 5065 est
2997 5006 3375 5072 Catharorum,
3406 5004 3499 5073 qui
3526 5016 3612 5057 se-

2028 5105 2175 5175 ipsos
2203 5104 2307 5165 isto
2326 5104 2545 5169 neruine
2572 5105 2722 5174 quasi
2746 5110 2969 5174 propter
2991 5099 3313 5163 munditiam
3341 5092 3613 5165 superbis-

2030 5196 2164 5251 sime
2191 5196 2545 5267 appellarunt.
2579 5195 2850 5253 Secundas
2898 5195 3113 5265 nuptias
3158 5207 3266 5246 non
3305 5185 3611 5243 admittunt.

2107 5460 2128 5520 ⁴Ϊ
2170 5448 2267 5520 MS-
2300 5449 2458 5520 Aug..
2493 5451 2829 5509 Theodotion.

2106 5518 2129 5558 δ
2170 5516 2267 5595 bis.
2306 5516 2465 5595 Au'gw
2495 5520 2837 5595 Bardesanea.

2110 5600 2131 5629 ο
2172 5590 2269 5647 Ms.
2304 5590 2463 5661 Aug.,
2494 5593 2827 5647 Anoetarum.

2114 5661 2131 5700 ί
2176 5661 2269 5717 Ms.
2298 5655 2460 5731 Aug]
2482 5661 2709 5731 eumdem
2726 5676 2835 5715 esse
2863 5656 3121 5714 Clu-istum
3148 5666 3198 5713 et
3224 5655 3477 5728 Spiritui!
3502 5668 3620 5724 ηηρ

2040 5743 2193 5797 ctum,
2226 5748 2331 5784 non
2348 5728 2441 5800 per
2471 5728 2830 5799 substantiam.
