4088 6346
586 360 692 417 599
1585 348 1956 409 ANONYMUS
1993 349 2277 409 auaros
2316 348 2860 407 rumpasrmm.
3312 392 3315 395 μ
3362 328 3365 329 ί
3732 328 3848 421 ’ωο

557 469 967 529 Paenitentiam
1008 470 1303 536 denegant,
1335 466 1603 523 Novatum
1650 440 1922 521 sectantes
1968 466 2184 521 hmreti-
2212 474 2267 533 Α
2291 468 2551 524 continuo
2577 467 2851 524 subsecuti
2879 478 3023 538 sunt,
3061 479 3119 527 ut
3163 471 3294 528 dicit
3338 470 3679 545 Epiphaniam
3702 458 3850 547 ﬁniet

587 583 744 625 cum:
775 566 917 623 unde
945 567 1110 621 etiam
1130 563 1417 620 Novatiani
1442 561 1801 635 appellantur.
1820 560 2023 616 Contra
2042 560 2188 618 hunc
2291 567 2634 616 mortuorum
2675 561 3126 618 resurrectionem
3164 572 3364 633 negant
3394 583 3408 619 :
3454 563 3673 623 Christi-
3695 578 3848 629 autem

2293 659 2603 709 creamram
2631 667 2753 709 esse
2780 660 3027 711 sanctum
3045 653 3306 727 Spiritum
3333 656 3553 727 dicunt;
3577 661 3849 732 paradisum

2293 750 2479 801 autem
2520 753 2577 802 et
2610 747 2779 803 caelos
2824 748 3110 818 allegorice
3157 749 3302 807 dicta
3344 748 3635 810 firmantes.
3679 754 3740 811 lli
3760 757 3849 818 duo

2292 835 2553 910 Origenes
2588 838 2619 879 δ
2647 855 2814 912 prava
2854 856 3083 913 qumque
3128 845 3482 915 scripserunt.
3531 845 3762 906 Haaretici
3805 860 3850 909 et

2291 931 2538 1002 perversi
2556 930 2809 988 doctores
2838 940 3027 990 nostro
3055 930 3275 1006 Origeni
3316 937 3583 995 catholico
3607 944 3850 1000 tractatori

2291 1022 2648 1091 miscuerunt;
2689 1031 2749 1078 ut
2773 1023 3159 1096 adimpleretur
3185 1028 3334 1099 quod
3379 1028 3580 1085 dicitur
3601 1046 3632 1086 a
3656 1031 3848 1091 Domino

2262 1126 2265 1129 λ
2293 1115 2353 1171 in
2370 1114 2676 1186 Evangeliis
2699 1134 2713 1170 :
2740 1115 2933 1173 Nonne
2952 1117 3142 1175 bonum
3163 1135 3338 1177 semen
3378 1124 3645 1178 seminasti
3670 1125 3721 1180 in
3742 1144 3848 1199 agro

2294 1208 2575 1263 tuohmde
2618 1226 2741 1281 ergo
2773 1220 2795 1250 ο
2838 1210 2949 1267 hac
2978 1212 3221 1267 zizania?
3260 1211 3363 1277 Qui
3407 1217 3710 1286 respondent
3747 1222 3846 1275 ait:

2295 1298 2549 1355 Inimicus
2575 1300 2729 1357 homo
2758 1302 2870 1358 lucc
2896 1304 3019 1375 fecit
3040 1302 3257 1375 (Matth.
3284 1320 3397 1369 xm,
3426 1303 3554 1377 27).
3594 1305 3711 1363 Ideo
3732 1310 3846 1366 enim

2289 1390 2579 1463 Origenem
2605 1393 2848 1463 legentes
2884 1394 3187 1450 invenimus
3237 1396 3563 1453 catholicum
3578 1438 3594 1463 ,
3623 1406 3675 1452 et
3694 1408 3845 1456 contra

2291 1485 2528 1543 haereses
2551 1485 2899 1542 dimicantem
2921 1494 2977 1542 et
3003 1488 3309 1544 vincentem
3343 1506 3356 1541 :
3397 1488 3684 1545 identidem
3706 1489 3845 1561 legen-

585 662 780 717 beatus
806 657 1004 731 Xystus
1031 665 1236 730 martyr
1263 665 1317 713 et
1332 657 1639 728 episcopus,
1664 662 1722 710 et
1738 651 2062 710 venerabilis
2078 653 2187 728 Cy-

582 752 805 823 prianus
823 758 1029 823 martyr
1047 750 1266 816 Christi,
1287 760 1415 805 tunc
1442 748 1901 817 Carthaginiensis
1917 745 2182 820 pontifex,

584 844 801 914 scripsit
828 852 1017 900 contra
1044 843 1311 899 Novatum
1340 844 1539 899 librum
1565 842 1633 898 de
1646 841 1855 914 Lapsis,
1886 841 2031 914 quod
2058 857 2188 914 pos-

583 934 692 990 sint
733 950 831 1005 per
857 934 1231 1005 paenitentiam
1271 949 1593 1006 recuperare
1634 936 1861 1005 gratiam
1892 948 2056 1005 quam
2106 935 2187 991 la-

584 1026 762 1082 bendo
804 1026 1167 1097 perdiderant,
1195 1025 1341 1096 quod
1367 1026 1608 1083 Novatus
1628 1028 1905 1084 asserebat
1931 1024 2050 1084 ﬁeri
2069 1042 2187 1084 om-

585 1118 715 1176 nino
745 1136 853 1176 non
881 1135 1060 1192 posse.

1261 1211 1503 1267 XXXIX.

658 1306 952 1363 Tricesima
999 1314 1056 1361 et
1098 1320 1240 1360 nona
1288 1304 1507 1360 haeresis
1547 1304 1927 1375 Angelicorum
1976 1311 2076 1359 est.
2117 1302 2185 1359 Ili

586 1400 878 1468 Angelicos
903 1414 963 1455 se
1002 1400 1184 1456 vocari
1209 1399 1515 1454 voluerunt.
1548 1397 1745 1453 Dicunt
1772 1396 1913 1452 enim
1962 1397 2184 1466 angelos

587 1492 788 1547 debere
836 1491 1050 1546 adorari
1072 1499 1128 1547 et
1155 1492 1330 1547 excoli
1379 1491 1578 1573 animo,
1629 1497 1686 1545 et
1713 1489 1843 1560 ipsis
1879 1503 2068 1559 preces
2107 1488 2186 1542 cf-
2291 1488 2528 1543 haereses
2551 1488 2899 1542 dimicantem
2921 1494 2977 1542 et
3003 1488 3196 1578 vinceu

586 1580 759 1649 fundi,
788 1591 845 1637 ut
871 1582 972 1653 ipsi
996 1596 1157 1651 quem
1182 1582 1357 1637 sciunt
1382 1596 1543 1653 posse
1568 1581 1688 1652 plus
1706 1596 1738 1635 a
1756 1595 1832 1646 se,
1865 1579 1964 1650 ipsi
1987 1579 2186 1635 faciant
2293 1586 2378 1634 tes
2404 1577 2692 1647 Origenem
2723 1579 3026 1635 invenimus
3069 1577 3383 1636 haereticum
3429 1587 3491 1635 et
3517 1580 3724 1637 adversa
3746 1580 3843 1639 fidei

591 1676 731 1730 votis
773 1675 1052 1730 hominum
1081 1681 1136 1730 et
1162 1674 1513 1745 petitionibus
1553 1672 1863 1733 subvenire.
1910 1671 2021 1728 llos
2056 1671 2185 1743 Epi—
2292 1680 2644 1728 astruentem.
2674 1670 2890 1727 Litterae
2916 1672 3082 1727 verba
3109 1670 3327 1727 tradunt
3354 1680 3411 1727 et
3431 1686 3621 1728 sensus
3648 1690 3661 1726 :
3686 1673 3726 1728 si
3747 1687 3843 1744 pos-

592 1768 819 1839 phanius
842 1766 956 1836 jam
982 1768 1203 1823 omnino
1217 1766 1481 1823 defecisse
1503 1774 1734 1823 testatur
1752 1767 1922 1823 victos
1951 1782 1981 1821 a
2006 1766 2184 1823 Theo-
2212 1802 2263 1865 Β
2290 1774 2415 1821 sent
2435 1773 2492 1821 et
2510 1764 2676 1821 facies
2694 1764 3033 1835 loquentium
3053 1764 3449 1832 demonstrare,
3469 1766 3842 1822 erroremnullus

585 1860 734 1930 philo
766 1858 1006 1930 Apameo
1034 1859 1313 1929 episcopo.
2212 1857 2257 1865 ⁷
2296 1866 2514 1930 poterat
2533 1859 2603 1915 de
2629 1874 2863 1930 persona
2904 1858 3145 1916 doctoris
3183 1859 3487 1915 incurrere.
3518 1857 3646 1914 Nam
3665 1867 3714 1915 et
3744 1859 3841 1920 illud
3894 1870 3897 1873 ’

672 2024 677 2025 γ
1324 1948 1437 2005 XL.
2299 1951 2597 2008 cavendum
2618 1960 2702 2007 est
2723 1953 2866 2022 quod
2892 1951 3262 2023 Ampullianus
3274 1950 3501 2022 quidam
3520 1952 3840 2009 hazresiarcbet

655 2040 1080 2112 Quadragesimo
1101 2043 1224 2099 loco
1252 2049 1620 2115 apparuerunt
1642 2042 1973 2113 Apostolici;
2004 2042 2097 2111 qui
2125 2057 2187 2098 se
2296 2045 2603 2117 Bithynius,
2628 2047 2722 2116 qui
2746 2046 2977 2103 docebat
2994 2055 3119 2118 post
3140 2045 3431 2117 Origenem
3461 2045 3733 2103 Ecclesiam
3747 2047 3835 2103 Dei.

581 2135 687 2191 hoc
716 2128 936 2190 nomine
958 2142 1278 2204 arroganter
1305 2135 1570 2208 appellari
1597 2135 1906 2200 voluerunt,
1938 2149 2005 2190 eo
2038 2134 2185 2203 quod
2295 2134 2396 2192 llic
2423 2129 2648 2193 incurrit
2675 2137 2835 2193 talem
2854 2139 3134 2205 hteresem,
3159 2146 3221 2194 ut
3259 2138 3473 2195 diceret
3501 2155 3671 2197 omnes
3692 2141 3837 2196 crimi-

581 2230 812 2283 insuam
833 2229 1272 2285 communionem
1313 2245 1424 2285 non
1453 2230 1724 2301 recipiunt
1754 2236 1968 2286 utentes
1994 2226 2184 2297 conju—
2294 2245 2461 2286 nosos
2489 2245 2612 2285 cum
2641 2230 2857 2285 diabolo
2899 2238 2955 2285 et
2981 2230 3259 2288 daemoniis
3296 2245 3545 2302 eousque
3570 2231 3619 2286 in
3643 2231 3837 2300 geheuua

578 2320 754 2388 gibus,
787 2329 843 2375 et
880 2336 968 2377 res
985 2323 1241 2394 proprias
1266 2322 1624 2393 possidentes,
1674 2321 1862 2391 quales
1896 2321 2061 2376 habet
2088 2334 2181 2375 ca-
2290 2318 2543 2389 decoqui,
2576 2312 2853 2390 usquequo
2878 2320 2998 2390 puri
3024 2319 3220 2375 redditi
3243 2319 3461 2389 possint
3489 2319 3603 2376 inde
3623 2319 3770 2374 mundi
3788 2327 3834 2373 et

581 2411 805 2475 tholica,
839 2421 894 2465 et
914 2413 1210 2468 monachos
1240 2422 1297 2469 et
1314 2415 1550 2478 clericos
1574 2414 1855 2484 plurimos.
1888 2412 2015 2469 Ideo
2048 2426 2180 2482 ergo
2291 2410 2625 2466 immaculati
2654 2409 2867 2478 egredi;
2898 2410 2966 2465 ad
2994 2410 3101 2465 hoc
3120 2409 3266 2480 quod
3294 2418 3459 2465 antea
3499 2410 3680 2466 fuerant
3700 2408 3832 2465 alieni

582 2501 674 2555 isti
722 2502 958 2558 haeretici
987 2510 1133 2569 sunt,
1176 2472 1392 2572 quia-se
1439 2506 1508 2560 ab
1554 2464 1799 2561 Ecclesia
1845 2464 2177 2575 separantgs,
2294 2517 2325 2556 a
2345 2502 2522 2572 culpa,
2545 2515 2646 2557 suo
2686 2464 2885 2556 iterum
2908 2464 3156 2557 creatori
3170 2501 3400 2557 restitui.
3430 2500 3537 2558 Hic
3555 2501 3665 2558 dum
3680 2514 3833 2570 argue-
4014 2464 4023 2535 ί

581 2591 785 2646 nullam
806 2607 960 2663 spem
978 2608 1074 2649 eos
1094 2600 1287 2664 putant
1308 2594 1510 2650 habere
1529 2594 1624 2664 qui
1650 2602 1875 2649 utuntur
1888 2594 1971 2650 his
1997 2596 2178 2661 rebus,
2294 2600 2445 2648 retur
2484 2593 2553 2647 ab
2592 2590 2884 2647 universali
2932 2590 3197 2659 Ecclesia,
3236 2593 3401 2665 coepit
3452 2594 3676 2665 prolem
3705 2591 3837 2646 libros

583 2683 781 2754 quibus
808 2684 912 2755 ipsi
940 2695 1149 2741 carent.
1175 2684 1273 2743 His
1298 2688 1352 2742 in
1381 2701 1449 2742 eo
1479 2687 1790 2765 testimonio
1816 2687 2052 2742 occurrit
2078 2684 2182 2743 Ec-
2272 2684 2540 2755 ‘Origenis
2564 2699 2703 2755 quos
2743 2685 2858 2755 ipse
2904 2685 3204 2751 vitiaverat,
3257 2694 3314 2741 et
3339 2685 3528 2742 dicere
3557 2705 3570 2741 :
3599 2685 3719 2741 Ecce
3738 2684 3836 2755 quia

581 2774 770 2840 clesia,
796 2776 851 2830 in
878 2790 988 2844 quo
1016 2777 1146 2833 dicit
1165 2778 1459 2848 Apostolus
1490 2796 1503 2832 :
1526 2776 1756 2834 Etiamsi
1775 2792 1974 2849 corpus
2001 2792 2180 2835 meum
2288 2775 2550 2849 Origenes
2590 2780 2663 2834 ita
2693 2779 2897 2835 sensit:
2923 2786 2981 2835 et
3003 2780 3271 2851 praecipue
3317 2781 3370 2835 in
3409 2788 3640 2851 quatuor
3666 2777 3834 2834 Periar-

584 2883 695 2922 non
723 2869 899 2924 solum
936 2867 1282 2949 ‘alistinentiis
1309 2887 1603 2941 macerem,
1634 2871 1731 2929 sed
1778 2872 1944 2927 etiam
1971 2871 2184 2927 tradam
2289 2871 2430 2928 chon
2451 2869 2617 2938 libris.
2647 2868 2754 2927 Sed
2781 2870 2871 2943 qui
2897 2871 3014 2925 sani
3043 2886 3231 2929 sensus
3252 2881 3354 2939 est,
3388 2880 3446 2927 et
3476 2872 3632 2928 habet
3655 2867 3678 2908 δ
3696 2869 3835 2941 spiens
4018 2867 4025 2949 ξ

570 2975 709 3017 eum
748 2961 857 3030 igni
883 2972 941 3017 ut
968 2965 1173 3032 ardeat,
1219 2966 1541 3024 charitatem
1570 2975 1750 3023 autem
1793 2982 1902 3023 non
1930 2967 2181 3033 habeam,
2289 2964 2447 3021 didos
2475 2965 2683 3030 oculos,
2714 2965 2794 3021 sic
2837 2963 2985 3020 videt
3025 2962 3202 3019 addita
3256 2964 3307 3019 in
3348 2961 3594 3034 Origenis
3616 2961 3835 3035 opusculis

588 3055 722 3110 nihil
750 3057 970 3127 prodest
1000 3057 1052 3127 (Ι
1079 3058 1200 3114 Cor.
1232 3076 1353 3126 xm,
1381 3061 1467 3130 3).
2224 3122 2260 3131 _
2292 3059 2436 3114 mala
2465 3059 2567 3115 ista
2596 3065 2759 3131 atque
2781 3059 3086 3129 cognoscit,
3117 3058 3257 3113 sicut
3286 3058 3330 3111 si
3364 3058 3421 3112 in
3447 3058 3672 3126 stragulo
3695 3055 3837 3111 cocci-

2213 3122 2262 3187 c
2295 3166 2400 3207 neo
2421 3167 2632 3222 pannos
2659 3122 2813 3207 albos
2841 3122 2938 3206 aut
2957 3122 3217 3220 cujusque
3245 3147 3472 3204 alterius
3490 3122 3673 3205 coloris
3689 3153 3837 3201 cantat

662 3243 723 3299 In
747 3244 1211 3314 quadragesimam
1245 3254 1301 3301 et
1344 3246 1575 3316 primam
1603 3244 1849 3299 haeresim
1895 3243 2186 3301 Sabelliani
2236 3312 2239 3319 ,
2296 3250 2527 3299 assutos.
2560 3242 2714 3311 Quod
2744 3243 2819 3298 ita
2839 3258 2959 3298 esse
2977 3250 3195 3298 sanctus
3221 3248 3428 3314 martyr
3454 3239 3738 3312 Pamphilus
3759 3237 3839 3291 do.

590 3352 623 3391 a
651 3334 888 3392 Sabellio
916 3337 1277 3403 incurrerunt,
1302 3337 1476 3406 ipsum
1505 3336 1608 3392 sibi
1628 3332 1868 3400 Patrem,
1901 3335 2187 3405 ipsumsibi
2297 3343 2405 3401 cet,
2453 3336 2547 3405 qui
2575 3343 2865 3406 antequam
2907 3334 2976 3389 ad
3002 3334 3246 3406 martyrii
3274 3348 3531 3390 coronam
3576 3332 3838 3397 attingeret,

586 3425 804 3495 Filium,
836 3427 1015 3498 ipsum
1043 3426 1143 3483 sibi
1173 3434 1417 3483 sanctum
1447 3425 1706 3497 Spiritum
1747 3424 2087 3481 conﬁtentes.
2120 3425 2187 3482 Hi
2297 3430 2845 3502 irreprehensibiliter
2876 3440 2899 3468 ε
2930 3426 3239 3484 cathediam
3269 3428 3599 3499 episcopatus
3623 3423 3839 3490 obtinuit,

585 3525 716 3574 sunt
754 3518 847 3587 qui
876 3526 931 3573 et
959 3516 1224 3573 Praxeani
1251 3504 1530 3584 dicuntur,
1577 3517 1668 3594 qui
1697 3517 2006 3571 habuerunt
2045 3516 2189 3572 inter
2297 3528 2352 3576 et
2377 3535 2567 3577 sanam
2595 3520 2893 3576 doctrinam
2920 3518 3018 3574 Dei
3037 3518 3251 3590 populis
3270 3516 3596 3573 ministravit.
3625 3513 3716 3569 Hic
3739 3510 3840 3566 edi-

587 3610 743 3664 initia
798 3609 1060 3666 Praxeam
1114 3610 1401 3680 quemdam
1460 3611 1760 3666 doctorem.
1815 3608 2075 3664 Dicuntur
2127 3620 2184 3664 et
2288 3613 2368 3669 dit
2389 3613 2817 3685 Apologeticum,
2842 3620 2899 3667 et
2926 3612 3108 3667 omnia
3135 3624 3257 3681 quae
3285 3609 3354 3666 de
3381 3609 3591 3678 Origene
3622 3604 3641 3645 ι
3668 3604 3838 3658 catho-

588 3700 1032 3771 Hermogeniani,
1063 3703 1190 3773 quia
1216 3700 1612 3771 Hermogenem
1650 3702 1956 3757 habuerunt
2001 3702 2055 3755 in
2083 3698 2183 3755 Sa-
2284 3704 2378 3761 lici
2422 3705 2734 3775 ignorantes
2786 3703 3130 3759 mentiuntur
3179 3701 3401 3758 exclusit
3430 3719 3443 3752 :
3476 3694 3734 3753 ostendens
3771 3707 3829 3749 ea

582 3794 735 3849 Abellii
764 3794 1267 3850 contubernio.-Ilis
1301 3795 1536 3850 occurrit
1562 3792 1851 3848 Dositheus
1898 3793 2218 3863 episcopus'
2276 3804 2410 3869 quae
2451 3797 2895 3869 reprehensibilia
2934 3796 3284 3851 inveniuntur
3326 3794 3379 3849 in
3423 3790 3528 3860 ejus
3563 3784 3834 3859 οριιωιιὶὶε,

584 3884 865 3955 Seleuciae,
897 3886 1098 3943 docens
1125 3902 1247 3942 eum
1270 3894 1440 3942 totam
1463 3884 1781 3940 Trinitatem
1811 3897 2032 3953 negare,
2054 3884 2183 3939 dum
2291 3890 2540 3962 Origenis
2568 3909 2675 3948 non
2705 3908 2843 3959 esse,
2875 3891 2971 3947 sed
2996 3907 3184 3947 eorum
3207 3906 3345 3963 quos
3374 3890 3481 3962 ipse
3495 3891 3840 3958 superaverat;

583 3990 646 4035 se
672 3978 904 4035 aestimat
929 3966 1191 4034 unitatem
1213 3976 1519 4034 defendere.
1539 3975 1701 4033 Pater
1720 3975 1864 4031 enim
1890 3975 2180 4045 ingenitus,

587 4068 753 4124 Filius
780 4070 992 4138 genitus
1009 4065 1286 4141 {Spiritus
1322 4079 1542 4126 sanctus
1573 4068 1874 4139 procedens
1902 4082 1972 4125 ex
2000 4066 2181 4133 Patre,

587 4163 874 4231 comqualis
897 4179 997 4233 per
1024 4164 1204 4218 omnia
1246 4161 1393 4217 Patri
1431 4170 1487 4218 et
1513 4161 1668 4217 Filio.
1710 4161 1894 4217 Deitas
1934 4160 2078 4217 enim
2106 4160 2186 4215 sic

589 4254 778 4323 recipit
807 4256 1070 4309 unitatem
1088 4256 1418 4320 substantiae,
1435 4262 1497 4311 ut
1509 4254 1911 4312 distinctionem
1937 4270 2184 4327 persona:

590 4360 697 4399 non
729 4345 933 4415 perdat.

2292 3987 2396 4041 alia
2426 4002 2556 4042 vero
2580 4002 2701 4058 quae
2730 3994 2845 4042 tota
2894 4000 3150 4056 perversa
3190 3992 3337 4051 sunt,
3383 3982 3600 4039 aliorum
3627 3977 3845 4034 duorum

2291 4079 2663 4136 haereticorum
2705 4094 2844 4143 esse,
2877 4079 2970 4149 qui
3014 4076 3263 4148 Origenis
3311 4091 3523 4141 nomen,
3563 4088 3666 4129 non
3705 4068 3843 4125 ﬁdem

2293 4186 2394 4228 nec
2421 4172 2807 4228 conscientiam
2821 4171 3144 4225 habuerunt.

2858 4306 2885 4321 .
2980 4261 3163 4317 XLIV.

2363 4356 2786 4426 Quadragesima
2816 4306 2885 4410 et
2898 4300 3097 4424 (1‘15:
3115 4300 3356 4419 haeresis,
3389 4367 3421 4407 a
3442 4349 3611 4406 Paulo
3628 4344 3849 4403 Samosa-
4026 4300 4037 4426 ξ

1319 4439 1474 4496 Χιλιῐο
2208 4448 2264 4510 D
2286 4459 2377 4505 teo
2398 4448 2635 4515 inventa,
2669 4444 2985 4501 Paulianum
3021 4445 3125 4500 sibi
3152 4443 3413 4515 populum
3442 4442 3590 4499 fecit.
3613 4440 3848 4503 Christum

590 4572 595 4573 κ
661 4534 1139 4603 Quadragesimam
1190 4544 1247 4589 et
1282 4534 1572 4592 secundam
1599 4535 1843 4591 haresini
1870 4534 2176 4606 Origeniani
2285 4557 2393 4597 non
2421 4554 2636 4611 semper
2660 4538 2841 4605 fuisse,
2869 4536 2964 4593 sed
2992 4554 3023 4592 a
3044 4536 3211 4592 Maria
3247 4536 3509 4607 coepisse,
3534 4548 3636 4590 nec
3660 4528 3851 4602 amplius

590 4626 999 4690 inchoaverunt,
1024 4628 1059 4673 .⁸
1087 4642 1119 4681 a
1147 4627 1386 4698 quodam
1421 4623 1672 4695 Origene,
1704 4643 1813 4683 non
1842 4626 1935 4682 illo
1954 4628 2046 4696 qui
2068 4627 2180 4684 fere
2283 4647 2409 4688 eum
2438 4630 2581 4686 aliud
2604 4645 2767 4700 quam
2808 4630 3081 4684 hominem
3108 4628 3310 4684 dicunt.
3333 4625 3466 4682 Haec
3488 4624 3706 4693 haeresis
3722 4630 3851 4675 antea

587 4720 838 4777 omnibus
865 4727 1026 4776 notus
1052 4728 1153 4789 est,
1185 4716 1418 4777 sed'alio
1446 4719 1584 4793 Syro
1611 4720 1843 4790 quodam
1871 4720 2178 4779 sceleratis-
2281 4725 2382 4779 fuit
2411 4722 2750 4787 Artemonis;
2790 4736 2911 4791 qua:
2942 4735 3065 4776 cum
3103 4718 3408 4785 defecisset,
3443 4716 3516 4795 ab
3567 4716 3671 4771 isto
3712 4708 3854 4767 Paulo

587 4812 754 4877 simo;
797 4812 864 4867 de
909 4829 1020 4884 quo
1046 4814 1177 4871 dicit
1220 4813 1551 4887 Epiphanius
1577 4813 1725 4885 quod
1746 4821 1853 4868 tam
1881 4813 2055 4883 turpia
2075 4813 2177 4868 do-
2281 4815 2600 4873 Samosateo
2614 4821 2916 4868 restaurata
2938 4819 3039 4867 est.
3064 4811 3198 4866 item
3213 4815 3403 4865 contra
3422 4808 3575 4863 hunc
3591 4802 3855 4873 suscipiens

587 4907 779 4972 cuerit,
804 4916 861 4962 ut
884 4923 986 4963 nec
1011 4907 1245 4965 debeant
1269 4924 1367 4981 per
1391 4901 1713 4980 scripturam
1735 4908 1801 4964 ad
1830 4915 2048 4964 nostros
2074 4922 2176 4979 po-

586 5004 765 5052 steros
792 4997 1069 5053 destinari.

1224 5048 1227 5051 I
1292 5092 1469 5149 XLIII.

658 5173 1133 5255 Quadragesimam
1161 5192 1217 5239 et
1243 5186 1456 5241 tertiam
1481 5184 1726 5241 haeresim
1755 5184 1847 5243 alii
1874 5183 2182 5256 Origeniani

656 5417 681 5446 ιι
712 5406 865 5465 Hunc
918 5408 1239 5479 scriptorem
1282 5408 1420 5464 duos
1472 5406 1866 5479 contingentem
1910 5405 2171 5479 Origenes

581 5479 672 5551 hic
718 5486 792 5551 et_
817 5480 979 5550 paulo
1019 5477 1145 5551 post
1172 5480 1391 5551 acriter
1430 5477 1740 5551 perstringit
1784 5477 2010 5551 ﬂuetius
2035 5477 2171 5551 lib._t

581 5546 888 5630 Origenian.
919 5546 1039 5621 cap:
1118 5591 1135 5617 ,
1162 5550 1275 5677 58:,
1300 5546 1514 5634 pag—5,
1542 5551 1635 5634 qui
1670 5546 1745 5605 'et
1795 5548 2172 5605 animadvertit

582 5616 784 5673 diserte
809 5634 1031 5677 negasse
1070 5622 1125 5676 id
1255 5637 1466 5677 romum
1489 5661 1504 5677 .
1534 5621 1802 5677 snnuluue
1841 5634 2032 5676 causas
2071 5634 2170 5675 cur

582 5616 784 5690 diserte
809 5616 1031 5689 negasse
1070 5616 1125 5676 id
1164 5616 1505 5686 Baronium,
1534 5616 1802 5690 simulque
1841 5634 2032 5676 causas
2071 5634 2170 5690 cur

474 5688 483 5691 '
582 5686 809 5761 duplegn
822 5686 1127 5761 fingeretur
1150 5690 1427 5761 Origenes,
1476 5701 1633 5749 acute
1678 5686 2167 5761 pervestigassead

583 5771 714 5810 ann.
741 5755 864 5823 256,
900 5755 934 5823 ς
952 5760 1039 5813 47.
1073 5759 1202 5816 Post

582 5825 824 5893 telerius,

1277 5764 1478 5818 uetium
1509 5763 1651 5819 idem
1680 5757 2017 5817 annotarunt
2055 5757 2164 5814 Co-

910 5828 1092 5884 onum.
1126 5832 1258 5887 eccl.
1289 5831 1380 5888 Gr.
1416 5842 1546 5888 tom.
1580 5833 1623 5902 Ι,
1654 5846 1776 5903 pag.
1818 5831 1950 5896 778;
1981 5838 2037 5886 et
2064 5828 2165 5885 Fa-

2279 4904 2539 4971 Ecclesia,
2569 4903 2695 4960 licet
2721 4912 2847 4975 post
2869 4902 3068 4958 multos
3094 4916 3282 4966 annos,
3305 4899 3435 4954 dum
3456 4898 3740 4955 defecisset
3757 4905 3856 4949 cum

2278 4994 2640 5053 assertoribus
2666 5008 2834 5066 prava
2869 4993 3132 5059 defensio,
3171 5008 3201 5047 a
3244 4990 3485 5046 Photino
3533 4995 3723 5045 nostro
3763 4982 3857 5053 epi-

2281 5105 2450 5162 scopo
2470 5095 2729 5145 renovata
2757 5087 2972 5153 iterum,
3003 5082 3384 5141 Photinianum
3409 5081 3677 5153 populum
3708 5075 3857 5150 pullu-

2283 5183 2432 5239 lavit.
2456 5179 2581 5237 Sive
2610 5193 2740 5251 ergo
2766 5178 3181 5235 Artemonianos
3198 5175 3404 5244 audias,
3428 5176 3553 5231 sive
3573 5171 3857 5230 Paulianost

2277 5404 2498 5469 hricius,
2532 5401 2667 5458 Bibl.
2688 5400 2783 5457 Gr.
2817 5410 2948 5455 tom.
2976 5400 3042 5466 V,
3069 5414 3191 5470 pag.
3223 5397 3347 5462 213,
3372 5408 3582 5470 not._a.

2350 5473 2377 5514 δ
2416 5468 2514 5545 Ms.
2552 5474 2707 5545 Aug.,
2738 5487 2900 5545 prava
2923 5487 3044 5545 qua:
3070 5468 3437 5545 scriptasunt.
3459 5468 3738 5526 Htrretici.

2355 5557 2376 5584 ο
2417 5543 2515 5600 Ms.
2546 5544 2709 5612 Aug.,
2738 5542 2888 5612 habet
2911 5542 3023 5596 [nec
3046 5542 3286 5596 κήαιείαῖ

2348 5614 2375 5654 ἀ
2415 5614 2510 5671 Ms.
2538 5610 2698 5683 Αιιέ.ν
2730 5610 2914 5669 mentis
2928 5611 3233 5683 splendidos
3254 5613 3453 5668 oculos.

2350 5697 2373 5726 ε
2403 5681 2729 5757 Episcopum
2745 5685 2909 5740 fuisse
2926 5681 3261 5753 Pamphilum
3277 5693 3575 5755 martyrem
3598 5692 3870 5755 perperam
3932 5691 3942 5701 '

2275 5758 2440 5814 tradit
2459 5764 2666 5813 auctor.
3528 5769 3533 5775 η

2349 5828 2369 5867 ί
2412 5828 2508 5882 Ms.
2545 5828 2705 5894 Aug.,
2736 5826 2991 5882 catholico
3020 5827 3339 5896 ignorantes.
