4088 6346
752 384 1339 448 PRAEDESTINATUS
1370 385 1527 444 SIVE
1564 383 1851 441 PRASDES

1949 383 2221 442 lTORUM
2263 385 2603 458 HERmIS,
2645 388 2792 448 ETC.
2836 390 2960 449 LIB.
2998 394 3042 451 l.
3138 446 3153 461 ,

250 516 369 574 sive
414 482 785 575 Photinianos,
815 525 977 565 unum
1011 509 1194 564 scias:
1226 510 1367 564 sicut
1406 508 1746 576 Donatistas,
1791 518 1847 565 et
1872 513 1925 574 Α
1951 510 2276 579 auditorum,
2319 514 2606 570 ecclesiam
2653 530 2807 589 suam
2850 526 3101 573 constare
3128 520 3432 578 voluerunt.
3478 523 3538 580 In

252 605 595 672 eMonteses,
626 614 682 661 et
735 601 1116 659 Parmenianos
1151 616 1427 667 vocamus,
1472 600 1778 657 Donatistas
1818 615 1851 658 a

251 701 487 766 Donato,
519 694 787 754 Monteses
815 713 846 752 a
879 696 1080 752 montis
1125 694 1353 762 latebra,
1408 692 1790 750 Parmenianos
1817 709 1850 750 a

252 792 613 848 Parmeniano
633 808 647 857 ;
675 789 766 861 qui
796 805 892 862 per
912 797 1079 844 totam
1099 786 1332 843 Africam
1356 786 1526 843 libros
1546 794 1735 843 contra
1750 801 1850 843 nos

250 885 565 950 conficiens,
593 892 648 938 et
676 898 846 939 novos
862 881 1099 954 psalmos
1132 880 1337 937 faciens
1357 881 1698 947 circumibat,
1716 897 1849 937 con—

250 976 335 1032 tra
363 991 528 1047 quem
556 983 742 1031 noster
784 973 999 1047 scripsit
1044 971 1288 1044 Optatus.
1318 971 1427 1028 Sed
1471 971 1752 1028 redeamus
1779 972 1849 1028 ad

246 1068 277 1109 δ
306 1066 620 1123 Paulianos.
669 1064 932 1121 Omnibus
987 1073 1172 1121 notum
1201 1072 1284 1121 est
1310 1079 1410 1120 nos
1449 1064 1731 1120 haereticos
1753 1079 1849 1119 ve-

246 1161 465 1217 nientes
486 1175 594 1215 non
622 1156 978 1229 rebaptizare,
1010 1157 1104 1213 sed
1138 1172 1358 1212 manum
1395 1155 1851 1213 reconciliationis

248 1252 535 1319 accedere,
559 1260 614 1308 et
635 1252 710 1307 ita
738 1251 925 1307 divino
952 1251 1156 1325 populo
1187 1249 1401 1306 tradere
1442 1247 1746 1305 sociandos.
1772 1248 1850 1305 De

254 1346 537 1403 Panlianis
565 1353 745 1400 autem
772 1350 958 1401 saneta
1004 1342 1242 1417 synodus
1269 1342 1478 1399 Nima
1508 1342 1613 1398 hoc
1641 1341 1848 1397 consti-

246 1440 374 1505 tuit,
407 1447 469 1494 ut
505 1453 727 1510 prorsus
752 1438 1114 1509 baptizentur,
1146 1444 1202 1492 et
1233 1435 1307 1491 ita
1329 1436 1545 1492 demum
1582 1434 1849 1490 catholico

245 1522 454 1606 populo
481 1532 775 1588 sociemur.
823 1524 977 1591 Unde
1006 1544 1109 1599 ego
1141 1530 1304 1586 credo
1341 1529 1580 1599 regulam
1616 1543 1712 1602 eos
1754 1527 1850 1583 ba-

246 1624 523 1698 ptismatis
544 1623 808 1693 integram
838 1636 948 1679 non
978 1631 1185 1688 tenere,
1214 1629 1269 1678 et
1290 1621 1411 1678 ideo
1440 1621 1545 1677 hoc
1572 1619 1847 1675 decretum

246 1733 279 1775 a
307 1717 510 1775 Christi
530 1715 873 1789 pontiﬁcibus
893 1716 1266 1773 constitutum.

967 1807 1125 1864 XLV.

320 1900 747 1972 Quadragesima
766 1908 822 1956 et
839 1900 1028 1970 quinta
1053 1899 1275 1955 haeresis
1288 1896 1738 1954 Photinianorum
1766 1904 1849 1952 est

246 2009 280 2048 a
302 1990 560 2058 Pbotino,
591 2007 753 2061 quem
779 1990 857 2047 sic
886 1988 998 2046 dixi
1024 1998 1273 2045 nostrum
1320 1990 1633 2060 episcopum
1662 1985 1845 2055 luisse,

247 2085 393 2141 sicut
412 2083 513 2139 iuit
535 2092 721 2140 noster
746 2082 912 2139 ludas
939 2082 1213 2139 Scariotes
1251 2082 1544 2153 apostolus.
1575 2080 1672 2137 llic
1690 2096 1847 2136 suum

247 2176 514 2249 populum
538 2175 687 2231 fecit.
721 2174 1007 2230 Hominem
1035 2173 1255 2244 quidem
1284 2188 1476 2243 purum
1505 2172 1669 2228 fuisse
1690 2170 1847 2228 Chri-

246 2278 394 2327 stum
435 2269 687 2341 docebat,
709 2276 766 2324 et
793 2283 826 2322 a
846 2268 1012 2321 Maria
1041 2267 1271 2336 cmpisse
1292 2281 1414 2322 cum
1455 2264 1622 2319 Paulo
1651 2263 1845 2321 Samo-

246 2375 405 2423 sateo
431 2365 730 2431 sentiebat,
757 2363 854 2418 sed
877 2362 1138 2432 Spiritum
1167 2367 1414 2416 sanctum
1442 2375 1659 2429 semper
1686 2358 1850 2415 fuisse

249 2456 626 2512 memorabat:
657 2456 761 2511 hoc
788 2454 962 2509 solum
989 2451 1413 2524 quadragesima:
1433 2459 1639 2522 quartae
1658 2451 1849 2507 haeresi

250 2546 548 2613 dissimilis,
580 2544 725 2616 quod
745 2544 1003 2617 populum
1031 2560 1063 2599 a
1082 2558 1142 2600 se
1169 2556 1476 2615 perversum
1505 2558 1605 2598 suo
1632 2543 1849 2598 nomine

256 2639 602 2710 nuncupavit.

963 2726 1144 2782 XLVI.

324 2822 743 2891 Quadragesima
772 2830 829 2877 et
856 2828 1009 2876 sexta
1057 2819 1275 2875 haeresis
1305 2835 1335 2873 ιι
1384 2818 1539 2874 Mane
1592 2819 1843 2875 inchoata

249 2897 663 2969 Manichaeorum
712 2912 1123 2968 contubernium
1152 2910 1297 2966 fecit.
1342 2910 1442 2965 Hic
1468 2908 1674 2978 Manes,
1722 2929 1844 2967 eum

250 3015 396 3064 esset
424 3007 555 3062 civis
580 3004 767 3072 Persa,
794 3014 849 3061 et
875 3006 930 3061 in
973 3001 1194 3061 Perside
1219 3004 1424 3059 docens
1452 3018 1511 3058 se
1540 3004 1847 3074 apostolum

249 3100 347 3156 Dei
375 3100 600 3166 diceret,
627 3100 791 3155 etiam
827 3097 896 3154 ad
935 3096 1198 3152 Graeciam
1228 3095 1515 3151 devolutus
1542 3104 1645 3149 est.
1675 3093 1847 3161 Quem

248 3191 420 3247 Graeci
472 3191 720 3261 discipuli
778 3189 930 3259 ejus,
995 3187 1299 3241 devitantes
1355 3199 1552 3239 nomen
1605 3185 1845 3251 insaniae,
1873 3169 1922 3233 C

253 3293 276 3323 ι
305 3282 659 3339 Manicheum
687 3280 869 3336 vocari
890 3278 1265 3341 decreverunt,
1291 3276 1344 3331 id
1372 3285 1456 3333 est
1474 3277 1627 3346 quasi
1650 3291 1847 3331 manna

250 3375 583 3432 fundentem.
616 3372 724 3429 Iste
750 3372 857 3428 duo
882 3371 1146 3444 principia
1176 3371 1317 3427 inter
1341 3386 1399 3426 se
1425 3370 1638 3425 diversa
1670 3377 1725 3425 et
1753 3368 1850 3425 ad-

254 3482 431 3531 versa,
456 3465 757 3535 eademque
777 3473 982 3519 asterna
1002 3471 1057 3519 et
1076 3471 1365 3530 comterna,
1396 3463 1501 3519 hoc
1527 3471 1610 3519 est
1636 3478 1852 3534 semper

252 3559 433 3625 fuisse,
466 3557 771 3630 composuit
800 3576 815 3611 :
845 3557 1086 3627 duasque
1128 3564 1346 3613 naturas
1384 3563 1547 3625 atque
1600 3556 1851 3611 substan-

255 3652 375 3719 tias,
398 3649 526 3708 boni
554 3650 759 3706 scilicet
777 3659 843 3725 et
857 3650 1002 3716 mali,
1034 3664 1265 3720 sequens
1294 3650 1429 3705 alios
1456 3650 1706 3718 antiquos
1734 3649 1847 3702 hae-

254 3744 485 3808 reticos,
512 3742 766 3814 opinatus
803 3751 903 3799 est.
948 3742 1187 3809 Quorum
1235 3743 1375 3797 inter
1420 3756 1481 3795 se
1533 3754 1770 3810 pugnam
1794 3746 1852 3793 et

255 3836 719 3903 commixtionem,
751 3844 806 3891 et
824 3836 954 3891 boui
984 3850 1012 3888 a
1043 3835 1188 3890 malo
1217 3833 1615 3903 purgationem,
1641 3839 1695 3885 et
1722 3831 1850 3885 boni

257 3930 402 4001 quod
419 3930 636 3999 purgari
657 3945 764 3983 non
793 3929 969 3998 potuit
998 3942 1120 3982 cum
1158 3926 1301 3980 malo
1328 3925 1382 3978 in
1418 3935 1680 3978 aeternum
1706 3922 1854 3977 dam-

260 4004 571 4087 nationem,
623 4020 921 4076 secundum
976 4034 1071 4075 sua
1125 4019 1380 4087 dogmata
1440 4025 1851 4082 asseverantes,

262 4112 433 4166 multa
455 4110 779 4176 fabulantur,
811 4125 931 4180 qua:
959 4116 1156 4165 cuncta
1186 4109 1431 4164 intexere
1455 4106 1611 4162 nimis
1637 4107 1854 4176 longum

258 4210 361 4258 est.
405 4201 599 4258 Dicunt
627 4201 835 4256 animas
862 4199 1051 4267 bonas,
1082 4207 1137 4255 et
1165 4198 1406 4269 ejusdem
1434 4196 1587 4267 cujus
1614 4204 1697 4252 est
1715 4195 1858 4252 Deus

255 4309 380 4365 esse
436 4301 661 4350 naturae.
714 4291 950 4349 Proinde
995 4292 1255 4347 mundum
1282 4306 1312 4346 a
1353 4298 1542 4346 natura
1571 4289 1718 4356 boni,
1753 4290 1856 4345 hoc

254 4397 340 4447 est
368 4375 622 4443 a'natnra
664 4385 760 4444 Dei
787 4386 987 4442 factum
1032 4383 1361 4441 confitentur
1408 4382 1645 4453 quidem,
1670 4381 1765 4436 sed
1784 4381 1853 4436 de

226 4482 644 4537 ’commixtione
687 4482 815 4537 boni
864 4491 919 4535 et
958 4480 1123 4545 mali,
1165 4494 1283 4550 qum
1318 4477 1459 4533 facta
1508 4483 1590 4532 est
1635 4474 1851 4545 quando

1956 606 2168 663 caeteris
2186 614 2364 662 autem
2396 607 2725 677 hominibus,
2758 609 2922 665 etiam
2966 610 3022 666 in
3053 611 3181 683 ipsis
3209 613 3539 673 auditoribus

1955 700 2084 764 suis.
2110 700 2249 756 hanc
2278 708 2491 771 partem
2515 700 2672 757 bona
2707 700 3011 775 divinaque
3047 702 3375 771 substantize,
3421 720 3541 776 quia:

1954 790 1982 831 ἀ
2021 793 2190 849 mixta
2214 800 2270 849 et
2302 793 2551 863 colligata
2595 794 2652 850 in
2698 795 2840 851 escis
2885 801 2942 851 et
2983 796 3204 866 potibus
3246 796 3535 867 detinetur,

1954 888 2294 959 maximeque
2322 890 2376 945 in
2404 889 2483 945 eis
2508 889 2602 960 qui
2637 896 2899 958 generant
2942 887 3102 955 ﬁlios,
3147 891 3347 946 arctius
3374 899 3431 947 et
3457 892 3539 947 in-

1954 980 2227 1051 quinatius
2271 980 2525 1051 colligari.
2554 989 2767 1052 putant.
2819 979 3090 1052 Quidquid
3129 997 3257 1038 vero
3304 983 3539 1055 undique

1952 1081 2212 1145 purgatur
2236 1075 2469 1142 luminis,
2504 1090 2601 1147 per
2623 1075 2887 1146 quasdam
2916 1091 3100 1141 naves,
3137 1092 3273 1147 quas
3310 1093 3428 1134 esse
3454 1079 3539 1135 lu-

1952 1182 2078 1222 nam
2114 1174 2173 1221 et
2210 1166 2379 1222 solem
2408 1167 2614 1235 volunt,
2654 1181 2822 1237 regno
2862 1168 2958 1224 Dei
3006 1177 3262 1241 tanquam
3306 1172 3538 1243 propriis

1950 1258 2166 1314 sedibus
2192 1258 2362 1314 reddi.
2405 1258 2549 1327 Quas
2599 1275 2763 1315 naves
2808 1259 2876 1316 de
2921 1263 3221 1317 substantia
3267 1262 3363 1318 Dei
3402 1278 3536 1334 pura

1951 1352 2238 1423 perhibent
2286 1350 2573 1408 fabricatas
2606 1370 2620 1407 :
2668 1352 2954 1422 lucemque
2995 1354 3150 1409 istam
3194 1369 3532 1424 corpoream,

1951 1446 2300 1499 animantium
2330 1444 2638 1500 mortalium
2658 1443 2828 1500 oculis
2858 1444 3211 1515 adjacentem,
3237 1445 3333 1500 Del
3352 1445 3537 1501 dicunt

1951 1554 2070 1595 esse
2098 1548 2363 1593 naturam.
2379 1536 2627 1609 Quinque
2646 1539 2790 1593 enim
2806 1539 3074 1594 elementa
3100 1554 3220 1609 qua:
3235 1548 3536 1610 genuerunt

1951 1632 2222 1704 principes
2242 1632 2511 1703 proprios,
2542 1631 2689 1700 genti
2718 1631 2960 1686 tribuunt
3000 1632 3346 1687 tenebrarum
3377 1650 3390 1686 :
3440 1646 3535 1687 ea-

1951 1740 2057 1795 que
2086 1723 2354 1779 elementa
2382 1722 2467 1778 his
2504 1721 2813 1778 nominibus
2843 1730 3169 1792 nuncupant,
3202 1716 3423 1789 fumum,
3452 1730 3535 1780 te-

1876 1831 1925 1894 B
1951 1817 2167 1882 nebras,
2198 1816 2398 1885 ignem,
2428 1828 2645 1884 aquam,
2670 1821 2908 1869 ventum.
2950 1812 3009 1867 In
3056 1811 3203 1868 fumo
3249 1821 3372 1868 nata
3417 1814 3536 1868 ani-

1951 1907 2111 1962 malia
2139 1906 2373 1978 bipedia,
2403 1904 2547 1961 unde
2591 1904 2840 1960 homines
2879 1903 3076 1959 ducere
3104 1903 3363 1973 originem
3408 1920 3536 1961 cen-

1952 2007 2098 2065 sent;
2147 1998 2200 2052 in
2241 1996 2479 2053 tenebris
2508 1997 2781 2067 repentia,
2815 1994 2868 2051 in
2918 1995 3027 2064 igni
3065 1994 3450 2067 quadrupedia,
3480 1998 3535 2053 in

1951 2091 2105 2160 aquis
2134 2090 2394 2156 natatilia,
2442 2090 2496 2144 in
2521 2095 2683 2144 vento
2710 2087 2970 2143 volatilia.
3019 2086 3113 2143 llis
3159 2088 3395 2158 quinque
3421 2088 3536 2144 ele~

1950 2180 2148 2236 mentis
2189 2179 2343 2235 malis
2371 2178 2706 2235 debellandis
2743 2177 2847 2232 alia
2874 2177 3113 2249 quinque
3157 2178 3423 2234 elementa
3467 2179 3536 2235 de

1950 2287 2120 2343 regno
2148 2280 2204 2328 et
2228 2271 2528 2327 substantia
2559 2270 2654 2326 Dei
2681 2271 2847 2326 missa
2877 2285 2998 2326 esse
3025 2270 3240 2337 dicunt;
3270 2281 3325 2327 et
3345 2271 3427 2327 in'
3445 2272 3534 2328 illa

1950 2379 2130 2437 pugna
2155 2364 2319 2421 fuisse
2338 2364 2622 2436 permixta,
2653 2364 2801 2419 fumo
2821 2378 3022 2428 aerem,
3051 2364 3288 2420 tenebris
3317 2365 3487 2420 lucem
3514 2381 3530 2429 ;

1951 2456 2061 2526 igni
2089 2456 2234 2510 male
2264 2456 2441 2523 ignem
2468 2454 2690 2520 bonum,
2720 2445 2872 2525 aqua:
2901 2454 3055 2509 make
3081 2468 3275 2524 aquam
3313 2455 3532 2523 bonam,

1950 2554 2114 2602 vento
2134 2545 2277 2601 malo
2301 2553 2520 2600 ventum
2540 2545 2759 2599 bonum.
2796 2545 2970 2600 Naves
2997 2553 3176 2599 autem
3205 2545 3342 2612 illas,
3373 2546 3427 2601 id
3451 2555 3534 2600 est

1947 2638 2057 2705 (luo
2084 2638 2210 2694 οωΙὶ
2229 2637 2531 2703 luminaria,
2564 2636 2637 2690 ita
2665 2634 3017 2705 distinguunt,
3050 2643 3110 2690 ut
3137 2635 3316 2692 lunam
3344 2634 3535 2692 'dicaut

1866 2741 1881 2755 °
1947 2733 2144 2789 factam
2168 2735 2235 2788 ex
2265 2731 2404 2787 bona
2424 2746 2584 2802 aqua,
2615 2731 2787 2785 solem
2815 2744 2945 2785 vero
2977 2744 3047 2783 ex
3074 2729 3220 2784 bono
3248 2729 3376 2796 igni.
3405 2728 3536 2784 Esse

1947 2835 2127 2882 autem
2157 2826 2212 2880 in
2259 2826 2337 2879 eis
2379 2824 2606 2878 navibus
2650 2830 2866 2877 sanctas
2910 2823 3172 2887 virtutes,
3220 2835 3340 2891 qua:
3379 2837 3438 2876 se
3484 2822 3538 2878 in

1948 2919 2219 2974 masculos
2268 2919 2676 2985 transiigurant,
2727 2924 2787 2969 ut
2829 2915 3053 2969 illiciant
3096 2913 3321 2971 feminas
3366 2916 3540 2984 gentis

1951 3011 2191 3065 adversm
2225 3027 2236 3062 :
2268 3015 2321 3062 et
2361 3023 2458 3079 per
2513 3008 2651 3062 hanc
2680 3006 2987 3061 illecebram
3027 3014 3298 3062 commota
3347 3020 3535 3061 eorum

1951 3103 2407 3172 concupiscentia,
2454 3100 2618 3170 fugiat
2646 3099 2715 3155 de
2757 3099 2861 3155 illis
2891 3100 3069 3156 lumen
3097 3099 3242 3172 quod
3284 3100 3538 3156 membris

1952 3195 2062 3251 suis
2082 3194 2407 3266 permixtum
2438 3193 2727 3259 tenebant,
2769 3200 2824 3246 et
2850 3190 3185 3263 purgandum
3214 3192 3539 3263 suscipiatur

1954 3289 2023 3345 ab
2051 3287 2253 3357 angelis
2282 3286 2434 3351 lucis,
2465 3295 2855 3358 purgatumque
2895 3286 2948 3340 in
2972 3285 3075 3341 illis
3100 3285 3325 3341 navibus
3366 3285 3539 3355 impo-

1952 3388 2114 3436 natur
2141 3379 2209 3434 ad
2235 3395 2399 3449 regna
2428 3380 2646 3451 propria
2675 3378 3080 3448 reportandum.
3113 3375 3230 3444 Qua
3257 3376 3543 3433 occasione

1938 3458 2218 3542 coguntur
2260 3471 2423 3526 electi
2460 3480 2648 3526 eorum
2677 3469 2824 3523 velut
2856 3466 3239 3523 eucharistiam
3284 3480 3543 3535 consper-

1953 3579 2070 3618 sarn
2097 3577 2220 3617 cum
2241 3560 2449 3616 semine
2468 3559 2705 3614 humano
2729 3571 2942 3612 sumere
2958 3599 2972 3624 ,
3003 3564 3063 3612 ut
3102 3556 3263 3613 etiam
3292 3555 3435 3623 inde,
3466 3556 3543 3612 si-

1956 3661 2049 3711 cut
2078 3654 2146 3709 de
2190 3654 2309 3708 aliis
2349 3653 2483 3709 cibis
2511 3667 2649 3724 quos
2676 3651 2965 3722 accipiunt,
2997 3650 3295 3707 substantia
3335 3650 3425 3705 illa
3460 3649 3543 3707 di-

1953 3746 2078 3800 vina
2105 3752 2382 3816 purgetur.
2415 3742 2523 3799 Sed
2551 3743 2656 3799 hoc
2682 3757 2742 3799 se
2766 3743 2890 3798 dum
2910 3816 2913 3819 _
2932 3743 3109 3799 facere
3133 3751 3350 3813 negant,
3390 3742 3543 3798 dete-

1936 3830 2029 3894 cti
2048 3846 2190 3893 sunt.
2222 3836 2357 3892 Nam
2386 3845 2441 3892 et
2468 3835 2611 3907 apud
2639 3836 2922 3892 ecclesiam
2948 3834 3448 3903 Carthaginiensem
3467 3835 3542 3892 ita

1954 3936 2079 3984 sunt
2106 3928 2452 3985 manifestati.
2498 3928 2740 3997 Denique
2776 3928 2829 3982 in
2867 3933 3141 3984 conventu
3169 3928 3543 3997 episcoporum

1938 4011 2139 4075 coram
2191 4020 2337 4075 omni
2382 4018 2586 4090 populo
2640 4016 2885 4073 confessa
2942 4025 3026 4072 est
3072 4016 3248 4087 puclla
3311 4016 3543 4072 nondum

1960 4125 2226 4166 annorum
2280 4108 2563 4165 duodecim
2612 4109 2769 4163 istam
2818 4108 3079 4164 nefariam
3122 4107 3543 4183 turpitudinem;

1959 4208 2016 4256 et
2042 4200 2209 4256 multa
2237 4199 2490 4271 prodidit,
2519 4199 2751 4269 seipsam
2797 4213 3047 4254 asserens
3092 4198 3163 4255 ob
3190 4197 3293 4253 hoc
3325 4208 3349 4235 ο
3372 4197 3544 4253 scele-

1958 4300 2100 4349 stum
2128 4297 2524 4360 sacramentum
2553 4292 2743 4345 eorum
2770 4291 2876 4345 vim
2905 4297 3026 4345 esse
3071 4302 3401 4360 perpessam.
3442 4274 3543 4347 Cui

1956 4398 2077 4437 eum
2106 4382 2283 4452 primo
2311 4395 2418 4435 nou
2446 4379 2758 4435 crederetur
2783 4382 2874 4435 uni
2904 4378 3096 4451 puella:
3122 4388 3179 4434 et
3204 4379 3337 4445 soli,
3372 4379 3542 4450 pluri-

1938 4472 2074 4531 mas
2102 4473 2400 4530 nominavit
2426 4470 2586 4541 hujus
2613 4470 2868 4528 facinoris
2886 4471 3131 4527 conscias
3157 4490 3169 4525 :
3194 4486 3330 4540 quas
3347 4469 3543 4526 solatio

253 4578 400 4634 inter
424 4591 484 4632 se
513 4586 742 4647 utraque
765 4585 956 4632 natura
984 4538 1264 4648 pugnavit.
1300 4572 1474 4644 Ipsam
1505 4588 1636 4628 vero
1652 4538 1788 4627 boni
1816 4587 1847 4627 a
1878 4538 1929 4600 θ
1958 4567 2077 4625 Ursi
2096 4566 2304 4630 tribuni
2332 4566 2423 4637 qui
2446 4538 2575 4621 tunc
2591 4563 2954 4633 domui'regiae
2973 4561 3201 4633 praefuit,
3214 4538 3298 4616 de
3317 4561 3545 4617 diversis

250 4670 403 4728 malo
430 4670 808 4741 purgationem
836 4684 902 4725 ac
930 4669 1335 4731 liberationem,
1380 4682 1488 4721 non
1538 4664 1715 4721 solum
1751 4680 1851 4736 per

225 4771 431 4820 ~totum
461 4761 739 4829 mundum,
763 4770 817 4817 et
844 4762 911 4818 de
939 4761 1187 4830 omnibus
1210 4757 1328 4830 ejus
1346 4758 1649 4824 elementis,
1674 4757 1847 4812 virtu-

247 4864 371 4913 tem
410 4854 506 4911 Dei
558 4856 736 4913 facere
760 4854 991 4938 _dicunt,
1026 4870 1214 4911 verum
1264 4851 1427 4907 etiam
1479 4850 1682 4905 electos
1722 4864 1850 4904 suos

252 4964 360 5022 per
383 4948 635 5005 alimenta
678 4964 798 5020 quae
837 4957 1075 5004 sumunt.
1124 4946 1194 5001 Et
1241 4945 1323 5001 eis
1376 4944 1577 5015 quippe
1622 4942 1848 4997 alimen-

250 5042 352 5108 tis,
396 5041 534 5097 sicut
585 5040 837 5098 universo
883 5038 1102 5100 mundo,
1136 5036 1230 5091 Dei
1267 5034 1621 5091 substantiam
1664 5031 1848 5102 perhi-

249 5134 394 5190 bent
419 5133 900 5191 essecommixtam
928 5149 941 5185 :
976 5146 1139 5202 quam
1182 5125 1397 5200 purgari
1425 5132 1618 5196 putant
1646 5124 1701 5178 in
1733 5123 1848 5179 ele-

252 5227 369 5283 ctis
390 5228 500 5283 suis
524 5241 592 5282 eo
615 5240 815 5296 genere
837 5224 961 5280 vitae
989 5237 1099 5295 quo
1126 5221 1314 5276 vivunt
1341 5216 1499 5274 electi
1525 5214 1853 5270 Manichzeo-

253 5336 404 5386 nim,
428 5320 575 5375 velut
601 5319 840 5375 sanctius
867 5324 922 5373 et
953 5304 1310 5373 excellentius
1338 5308 1676 5365 auditoribus
1714 5307 1845 5362 suis.

256 5410 400 5468 Nam
420 5411 505 5467 his
532 5411 740 5468 duabus
760 5409 1201 5482 promssionibus,
1232 5404 1337 5460 hoc
1364 5409 1446 5458 est
1476 5401 1774 5459 electorum
1794 5409 1851 5458 et

340 5598 366 5627 ι
396 5589 577 5654 Forte,
611 5586 925 5641 Mamertus.

334 5658 367 5701 ι
396 5660 495 5717 Ms.
515 5652 647 5727 Aug.
660 5699 674 5720 ,
690 5657 1047 5727 Pauliniqnos.
1074 5654 1181 5712 Sed
1200 5656 1395 5714 rectius
1416 5659 1669 5727 utique,a
1688 5652 1856 5727 Paulo

261 5731 477 5788 scilicet
495 5722 873 5794 Samosateno,
904 5725 1213 5793 Paulinum,
1246 5738 1303 5783 ut
1327 5736 1384 5782 et
1412 5722 1738 5795 Augustinus
1756 5722 1848 5778 lib.

261 5804 336 5859 de
379 5800 683 5857 Hmresibus
706 5799 774 5855 ad
800 5796 1228 5866 Quodvultdcum
1254 5815 1268 5863 ;
1318 5814 1384 5852 ex
1411 5794 1518 5867 quo
1551 5796 1690 5850 libro
1718 5794 1857 5867 hanc

262 5888 489 5930 suarum
537 5864 1261 5931 hmreseon'enarrationem
1310 5864 1477 5940 prope
1525 5867 1590 5922 ad
1638 5864 1861 5922 verbum

1956 4663 2205 4721 domibus
2232 4660 2322 4717 ubi
2354 4661 2559 4716 latebra
2585 4657 2926 4723 fovebantur,
2958 4658 3162 4725 ejectas
3190 4670 3221 4709 a
3249 4655 3459 4710 clericis
3478 4654 3545 4710 ad

1958 4755 2244 4812 ecclesiam
2273 4734 2594 4807 Restitutam
2616 4748 2892 4813 adductas,
2924 4746 2975 4801 id
3005 4747 3176 4815 ipsum
3205 4752 3424 4813 propter
3444 4743 3545 4800 hoe

1962 4849 2137 4918 ipsum
2159 4859 2368 4917 passas,
2382 4844 2472 4897 vix
2492 4851 2549 4897 et
2561 4839 2868 4911 compulsas
2884 4845 3094 4893 constat
3114 4851 3234 4891 esse
3251 4837 3543 4893 confessas.

1964 4941 2115 4998 Tunc
2149 4946 2324 4994 totum
2353 4935 2481 4991 illud
2511 4933 2880 5004 turpissimum
2926 4929 3123 4996 scelus,
3152 4929 3241 4985 ubi
3285 4928 3355 4986 ad
3400 4931 3545 4985 exci-

1958 5030 2214 5103 piendum
2243 5035 2300 5082 et
2346 5020 2799 5081 commiscendum
2849 5021 3315 5077 concumbentium
3361 5035 3545 5076 semen

1956 5122 2129 5177 farina
2139 5118 2517 5182 substernitur,
2542 5116 2811 5187 profertur
2831 5114 2885 5169 in
2902 5113 3155 5181 medium,
3178 5126 3234 5169 et
3259 5111 3403 5182 quod
3423 5123 3546 5163 cum

1960 5213 2170 5270 inﬁnito
2210 5210 2408 5265 rubere
2438 5207 2636 5264 dicitur
2662 5214 2719 5263 et
2760 5204 2993 5272 auditur,
3043 5204 3250 5260 recenti
3301 5210 3546 5267 tempore

1946 5296 2203 5361 nonnulli
2233 5317 2420 5358 eorum
2449 5299 2516 5355 ad
2538 5299 2820 5358 ecclesiam
2850 5295 3066 5353 adducti
3085 5291 3379 5355 sunt,sicut
3397 5293 3544 5354 gesta
3632 5338 3639 5341 .

1959 5396 2287 5471 episcopalia
2315 5392 2513 5451 ibidem
2554 5391 2801 5449 confecta
2834 5393 3119 5444 testantur.
3147 5378 3269 5432 Tria
3299 5390 3427 5444 ergo
3454 5391 3545 5445 ge-

1960 5576 2246 5649 exscripsit
2272 5585 2468 5649 ancth
2485 5568 2935 5649 Ρτφᾴειιὶηαιξεώ
2983 5623 3224 5649 mth
3274 5621 3328 5649 υτ

2036 5621 2773 5706 ’Ὲᾶιιηῖἆῖέιιιη
2822 5647 2943 5687 cum
2982 5623 3226 5683 Fabricio
3272 5621 3407 5681 Bibl.
3451 5623 3544 5683 Gr.

1964 5729 2095 5789 tom.
2127 5721 2169 5785 Ι,
2202 5735 2324 5789 pag.
2356 5715 2478 5777 Hi,
2511 5719 2626 5789 not.
2661 5708 2791 5789 (“in

2037 5774 2062 5827 δ
2233 5774 2391 5855 Αἷιεη
2413 5774 2639 5855 maxime
2671 5774 2937 5844 colligata.

2042 5872 2065 5901 ⁸
2100 5859 2193 5913 Ms.
2230 5851 2395 5921 Aug.,
2428 5851 2640 5907 πρίαιο
2671 5852 3015 5902 sacramento.
