4088 6346
1080 240 1182 258 Δγ

591 357 702 428 αὖ

1591 290 1964 414 ΔΝὸΝΥΜϋὸ
2001 352 2281 423 ΑΠΟΤοιί
2320 354 2865 422 ΡΒΑἰΒΕὸΤωΛΤΙ.

594 493 728 549 "era
755 491 941 542 eorum
983 482 1123 540 sunt,
1166 470 1500 542 cntharum-.2,
1535 479 1559 506 η
1603 469 1859 534 Macltarii
1903 476 1958 526 et
2003 466 2175 537 Mani-
2199 470 2252 548 Α
2275 483 2387 535 non
2415 468 2481 534 ad
2510 485 2738 544 corpora
2761 471 3054 532 liberanda.
3100 473 3211 536 Nec
3233 475 3398 542 fuisse
3441 478 3496 542 in
3526 494 3687 541 carne
3710 499 3838 558 rem,

593 570 744 630 aluei.
767 565 964 631 Omnes
984 573 1164 634 tamen
1193 564 1290 637 itas
1320 572 1428 632 tres
1455 562 1657 632 turmas
1677 562 1746 619 ab
1768 577 1876 621 uno
1895 561 2174 630 magistro,

591 664 709 736 ipso
737 659 1001 716 scelerato
1027 655 1206 727 Malm.
1235 662 1448 719 constat
1468 670 1588 725 esse
1605 654 1957 729 conscriptas.
1980 651 2178 718 Omnes

589 752 818 827 denique
840 749 1191 809 Manicbaaum
1216 748 1417 824 legunt,
1450 755 1504 809 et
1526 762 1713 813 omnes
1742 746 1862 807 libri
1905 744 2021 819 ejus
2051 753 2178 810 sunt

589 847 667 904 eis
686 845 802 905 sine
823 843 1161 912 dubitatione
1181 836 1515 903 communes.
1532 841 1590 901 In
1612 840 1805 916 quibus
1825 839 1974 896 libris
2001 839 2178 910 agitur

587 946 647 1007 ut
675 952 772 1010 per
817 934 1308 1005 concupiscentiam
1338 933 1665 999 dissolvatur
1709 932 1988 1002 utriusque
2015 947 2178 1008 sexus

583 1029 836 1102 princeps
865 1027 1227 1089 tenebrarum,
1259 1033 1315 1083 et
1342 1024 1508 1105 fugiat
1530 1024 1598 1080 ab
1625 1024 1704 1082 eis
1744 1024 1965 1088 liberata
1994 1023 2175 1090 divina

585 1122 1080 1194 substantia,quam
1106 1120 1159 1175 in
1181 1119 1414 1186 hominis
1434 1119 1638 1178 semine
1667 1119 1840 1178 teneri
1869 1119 2178 1179 existimant

585 1215 936 1286 inquinatam,
963 1212 1102 1270 unde
1123 1213 1283 1272 etiam
1306 1212 1622 1276 Catharistae
1650 1212 2004 1286 appellantur,
2023 1211 2177 1282 quasi

585 1314 922 1382 purgatores.
948 1305 1049 1374 Qui
1080 1320 1200 1362 cum
1229 1319 1420 1360 carnes
1448 1320 1554 1363 non
1585 1303 1892 1368 comedam,
1930 1311 2036 1359 tam
2067 1303 2178 1374 pol-

583 1381 686 1456 luti
715 1381 860 1463 sunt,
890 1405 948 1452 ut
975 1412 1096 1452 cum
1125 1396 1375 1462 omnibus
1403 1396 1514 1453 suis
1543 1396 1705 1460 etiam
1752 1395 2042 1452 humanum
2089 1408 2177 1447 se-

585 1505 712 1562 men
735 1496 1026 1553 assumant,
1060 1502 1180 1544 cum
1222 1502 1323 1544 nec
1369 1501 1470 1544 ova
1519 1487 1632 1562 ipsa
1685 1485 1978 1555 accipiant;
2026 1483 2177 1538 aiunt

581 1581 750 1652 enim,
783 1589 836 1642 et
865 1581 979 1660 ipsa
1008 1579 1132 1636 dum
1156 1579 1474 1648 franguntur
1497 1577 1793 1647 exspirant.
1819 1575 1926 1631 Sed
1949 1591 2047 1630 nec
2076 1575 2175 1631 ali-

583 1673 770 1741 monia
800 1672 953 1734 lactis
993 1679 1242 1736 utuntur;
1271 1685 1378 1726 non
1407 1669 1533 1739 quia
1579 1675 1773 1742 putent
1811 1667 2006 1722 divina:
2047 1667 2176 1722 sub-

587 1766 797 1836 stantia:
827 1764 956 1823 nihil
977 1763 1050 1824 ibi
1079 1777 1198 1817 esse
1223 1761 1570 1834 permixtum,
1599 1759 1693 1816 sed
1722 1760 1848 1830 quia
1887 1759 1990 1814 sibi
2017 1774 2172 1828 error

2281 559 2379 618 sed
2407 559 2712 626 simulatam
2754 563 2986 634 speciem
3029 566 3208 638 carnis
3247 567 3584 629 ludiﬁcandis
3621 571 3838 644 humanis

2279 653 2526 719 sensibus
2552 655 2860 730 praebuisse,
2904 656 2992 718 ubi
3023 673 3130 728 non
3176 659 3352 730 solum
3399 671 3652 728 mortem,
3676 682 3832 728 verum

2281 745 2445 814 etiam
2469 747 2919 816 resurrectionem
2947 749 3194 813 similiter
3215 752 3555 813 mentiretur.
3579 755 3738 814 Detun
3761 762 3836 830 qui

2275 837 2457 910 legem
2485 854 2583 912 per
2611 839 2830 912 Moysen
2860 840 3026 911 dedit,
3050 849 3107 897 et
3131 842 3186 898 in
3213 843 3455 912 Hebraeis
3487 847 3752 920 prophetis
3772 852 3837 908 lo-

2281 939 2440 989 cutus
2466 940 2570 1000 est,
2601 947 2710 1000 non
2732 947 2852 988 esse
2877 933 3046 992 Deum
3072 949 3277 1004 verum,
3309 935 3406 1003 sed
3436 953 3600 994 unum
3628 953 3692 994 ex
3711 942 3836 1012 prin-

2283 1022 2491 1100 cipibus
2513 1023 2856 1106 tenebrarum
2895 1023 3185 1086 afﬁrmant.
3225 1027 3504 1102 Ipsiusque
3543 1028 3836 1092 Testamenti

2279 1117 2407 1177 novi
2433 1116 2740 1188 Scripturas
2765 1125 3022 1190 tanquam
3051 1117 3270 1196 falsatas
3307 1121 3384 1192 ita
3413 1122 3693 1194 legunt,ut
3715 1127 3834 1196 quod

2281 1209 2474 1278 volunt
2503 1210 2625 1268 inde
2651 1211 2942 1284 accipiant,
2972 1212 3118 1284 quod
3146 1213 3337 1270 nolunt
3363 1214 3616 1288 rejiciant
3644 1235 3656 1270 :
3683 1218 3834 1290 eisque

2283 1307 2536 1372 tanquam
2575 1309 2746 1358 totum
2770 1317 2955 1370 verum
2997 1303 3264 1373 habentes
3302 1308 3589 1366 nonnullas
3637 1325 3832 1382 apocry-

2281 1389 2417 1462 phas
2445 1399 2798 1464 anteponunt.
2832 1390 3254 1455 Promissionem
3295 1395 3509 1461 Domini
3537 1401 3706 1460 nostri
3731 1399 3832 1456 lein

2279 1478 2481 1546 Christi
2508 1481 2575 1538 de
2613 1482 2894 1542 Paracleto
2936 1483 2991 1550 in
3035 1501 3134 1542 suo
3177 1487 3535 1560 haeresiarche
3574 1489 3832 1564 Manicbzeo

2281 1570 2466 1630 dicunt
2488 1589 2606 1630 esse
2625 1575 2970 1648 completam.
3000 1575 3154 1634 Unde
3179 1595 3238 1635 se
3263 1581 3398 1650 ipse,
3425 1581 3478 1638 in
3517 1583 3635 1638 suis
3674 1582 3831 1647 litteris

2279 1661 2412 1718 Jcsu
2439 1663 2636 1722 Christi
2665 1668 2969 1737 apostolum
2998 1669 3147 1743 dicit,
3179 1685 3246 1728 eo
3265 1673 3412 1744 quod
3446 1672 3606 1732 Jesus
3631 1674 3832 1744 Christus

2280 1768 2341 1809 se
2365 1769 2488 1809 eum
2515 1756 2800 1812 missurum
2831 1775 2951 1816 esse
2976 1762 3315 1831 promiserit;
3345 1773 3403 1819 et
3442 1765 3564 1821 ideo
3593 1766 3708 1836 ejus
3725 1782 3830 1837 apo-

581 1825 702 1930 ipse
720 1872 825 1920 non
853 1863 1079 1912 constat.
1112 1825 1246 1912 Nam
1275 1861 1331 1909 et
1348 1825 1532 1910 vinum
1554 1850 1665 1921 non
1690 1825 1906 1916 bibunt,
1929 1825 2170 1914 dicentes
2203 1825 2251 1888 Β
2275 1847 2468 1916 s'tolus,
2500 1849 2626 1920 quia
2656 1850 2709 1906 in
2735 1866 2802 1906 eo
2832 1853 3028 1908 missus
3068 1854 3138 1910 sit
3181 1853 3414 1931 Spiritus
3439 1867 3679 1922 sanctus.

583 1948 656 2008 fel
684 1962 805 2006 esse
833 1946 1088 2018 principis
1114 1946 1456 2007 tenebrarum
1489 1963 1502 2000 :
1536 1953 1590 2002 et
1620 1952 1799 2014 tamen
1830 1961 1960 2002 uvas
1987 1959 2170 2000 come-

581 2021 738 2106 dunt,
760 2055 881 2098 cum
901 2039 969 2096 de
989 2046 1167 2100 musto
1193 2053 1296 2097 nec
1321 2039 1547 2108 digitum
1575 2039 1854 2108 intinctam
1875 2047 2166 2104 assumant.

585 2131 806 2194 Animas
835 2129 1140 2197 auditorum
1188 2146 1409 2191 suorum
1439 2131 1491 2186 in
1527 2131 1730 2191 electos
1775 2130 1982 2192 revolvi
2027 2131 2165 2189 arbi-

582 2233 819 2290 trantur;
849 2233 1071 2288 ceteras
1097 2230 1278 2286 autem
1307 2225 1514 2280 animas
1540 2238 1660 2293 qua:
1687 2237 1875 2292 eorum
1904 2239 2012 2290 non
2046 2231 2173 2281 sunt

583 2317 908 2384 auditorum,
938 2318 992 2372 in
1043 2331 1238 2393 pecora
1269 2315 1447 2372 redire
1493 2323 1760 2382 asserunt,
1804 2323 1859 2372 et
1907 2315 1960 2386 in
1988 2317 2170 2380 omnia

582 2425 702 2490 qua:
729 2409 996 2469 radicibus
1027 2408 1130 2466 lixa
1159 2416 1284 2466 sunt
1313 2411 1474 2476 atque
1501 2408 1717 2470 aluntur
1745 2408 1798 2478 in
1827 2414 1990 2477 terra.
2034 2405 2172 2464 Her-

581 2501 680 2559 bas
709 2501 852 2570 enim
881 2509 936 2559 et
963 2500 1204 2570 arbores,
1231 2499 1305 2558 ita
1345 2499 1397 2579 in
1429 2499 1508 2568 eis
1537 2499 1700 2563 vitam
1730 2514 1848 2557 esse
1873 2506 2080 2580 putant,
2111 2507 2171 2558 ut

581 2591 783 2652 sentire
811 2606 875 2668 ea
905 2606 1027 2656 cum
1053 2590 1320 2654 laeduntur
1345 2591 1616 2654 aestiment
1660 2598 1715 2648 et
1757 2590 1962 2650 dolere.
2019 2589 2170 2656 Unde

581 2689 637 2738 et
665 2682 1060 2750 agriculturam,
1079 2685 1198 2752 q’uze
1225 2681 1464 2748 omnium
1485 2682 1681 2748 artium
1703 2688 1785 2736 est
1808 2681 2166 2751 innocentior,
2225 2729 2238 2742 .

581 2782 835 2851 tanquam
863 2774 1216 2846 plurimorum
1247 2773 1657 2834 homicidiorum
1687 2789 1863 2838 ream,
1891 2773 2170 2848 dementes

579 2875 852 2930 accusant,
881 2873 936 2922 et
977 2867 1246 2948 praecipue
1272 2882 1395 2925 cum
1437 2880 1624 2936 agrum
1672 2883 1702 2925 a
1748 2868 1916 2938 spinis
1940 2867 2171 2934 viderint

579 2958 885 3031 repurgari;
919 2959 1136 3027 suisque
1158 2958 1490 3016 auditoribus
1521 2959 1641 3014 ideo
1661 2960 1990 3016 arbitrantur
2016 2961 2169 3036 igno-

579 3049 676 3114 sci,
706 3048 829 3116 quia
855 3050 1096 3117 praebent
1126 3048 1249 3104 inde
1297 3049 1552 3104 alimenta
1579 3051 1766 3106 electis
1792 3052 1904 3106 suis
1944 3070 1956 3105 :
1989 3059 2049 3106 ut
2087 3051 2169 3110 di-

581 3137 705 3194 vina
743 3137 832 3192 illa
862 3136 1177 3206 substantia,
1211 3139 1263 3192 in
1296 3155 1483 3204 eorum
1513 3149 1700 3198 ventre
1727 3151 1972 3214 purgata,
2005 3145 2170 3216 impe-

573 3236 687 3304 _tret
713 3229 792 3299 eis
819 3229 1052 3299 veniam,
1077 3246 1314 3308 quorum
1337 3232 1565 3298 traditur
1584 3233 1856 3291 oblatione
1867 3238 2162 3308 purganda.

568 3315 766 3391 itaque
796 3320 894 3400 ipsi
925 3320 1083 3394 electi
1113 3320 1242 3376 nihil
1273 3307 1325 3386 in
1356 3321 1498 3398 agris
1527 3332 1846 3408 operantes,
1870 3307 1982 3382 nec
2007 3344 2169 3400 poma

565 3420 889 3487 carpentes,
924 3405 1036 3466 nec
1068 3410 1194 3476 folia
1231 3411 1337 3471 ulla
1361 3405 1644 3498 vellentes,
1695 3423 2011 3488 exspectant
2057 3420 2170 3490 haec

569 3498 754 3578 ’atl‘erri
786 3501 969 3570 usibus
996 3501 1105 3559 suis
1133 3500 1200 3557 ab
1229 3501 1564 3572 auditoribus
1591 3505 1720 3578 suis,
1745 3506 1986 3580 viventes
2017 3513 2096 3563 ῑόι
2117 3521 2171 3566 et

580 3593 742 3662 tantis
762 3593 1052 3651 secundum
1096 3609 1250 3649 suam
1280 3595 1575 3649 vanitatem
1623 3593 1926 3652 homicidiis
1955 3600 2165 3659 alienis.

569 3667 800 3754 Manent
825 3683 986 3736 ctiam
1013 3683 1232 3740 eosdem
1259 3684 1532 3740 auditores
1557 3701 1703 3762 suos,
1728 3695 1788 3742 ut
1814 3689 1857 3744 si
1882 3700 2170 3762 vescuntur

569 3761 850 3842 carnibus,
883 3775 1135 3840 animalia
1185 3791 1292 3832 non
1323 3777 1592 3845 occidant,
1622 3761 1702 3836 ine
1729 3779 2004 3842 oll‘endant
2031 3785 2171 3863 prin-

580 3868 726 3944 cipes
750 3869 1093 3935 tenebrarum
1123 3868 1176 3922 in
1205 3869 1515 3926 cmlestibus
1543 3871 1858 3948 colligatos;
1899 3890 1931 3944 a
1973 3876 2170 3946 quibus

580 3974 792 4016 onmem
812 3975 1026 4016 carnem
1041 3958 1227 4019 dicunt
1250 3961 1514 4034 originem
1535 3961 1753 4028 ducere.
1768 3963 1836 4019 Et
1857 3965 1935 4021 sic
1956 3961 2170 4032 l"utun-

579 4059 663 4104 tur
685 4049 1020 4122 conjugibus,
1052 4061 1112 4107 ut
1148 4063 1470 4125 conceptum
1499 4057 2018 4135 gent-rationemque
2066 4060 2164 4130 de-

579 4139 775 4216 vitent;
806 4152 872 4194 ne
900 4140 1077 4197 divina
1106 4142 1403 4200 substantia
1429 4159 1550 4214 qua:
1579 4147 1632 4201 in
1663 4161 1760 4204 eos
1784 4163 1881 4228 per
1909 4151 2166 4216 alimenta

579 4231 892 4302 ingreditur,
944 4235 1168 4291 vinculis
1205 4238 1416 4307 carneis
1457 4238 1652 4308 ligetur
1693 4251 1713 4279 ο
1766 4242 1820 4310 in
1865 4243 2034 4319 prole.
2079 4245 2168 4303 Sic

564 4324 778 4410 quippe
807 4325 860 4380 in
884 4341 1099 4382 omnem
1128 4325 1364 4396 carnem,
1395 4330 1448 4392 id
1478 4341 1560 4398 est
1587 4347 1684 4406 per
1711 4331 1866 4389 escas
1903 4344 1957 4392 et
1985 4347 2163 4416 potus,

583 4416 763 4482 venire
793 4417 996 4474 animas
1025 4418 1268 4476 credunt.
1303 4418 1454 4476 Unde
1483 4429 1539 4478 et
1568 4424 1782 4505 nuptias
1811 4425 1926 4490 sine
1951 4427 2165 4484 dubita-

581 4507 726 4570 tione
781 4505 1144 4572 condemnant
1189 4519 1244 4568 et
1284 4521 1544 4582 quantum
1585 4514 1640 4570 in
1684 4515 1814 4586 ipsis
1850 4526 1935 4573 est
1981 4521 2164 4592 probi-

579 4595 724 4662 bent,
757 4597 974 4672 quando
996 4613 1254 4670 generare
1281 4602 1588 4677 prohibent,
1623 4615 1842 4680 propter
1869 4610 2012 4678 quod
2041 4620 2164 4665 sunt

575 4690 874 4762 copulanda
904 4689 1173 4762 coniugia.
1202 4690 1373 4748 Adam
1419 4703 1476 4752 et
1504 4692 1670 4760 Evam
1719 4713 1784 4752 ex
1834 4700 2162 4772 principibus

575 4781 706 4836 fumi
734 4790 978 4845 asserunt
1005 4791 1180 4847 natos,
1225 4799 1453 4858 quorum
1484 4793 1659 4861 paterl
1709 4787 1897 4856 aiunt,
1943 4792 2161 4848 nomine

575 4869 762 4926 Saclas
793 4890 804 4925 :
829 4887 986 4942 quem
1017 4874 1288 4930 sociorum
1317 4891 1537 4955 suorum
1564 4877 1706 4950 fetus
1745 4882 1984 4952 omnium
2015 4900 2162 4946 asse-

574 4971 700 5017 runt
724 4961 1028 5040 devorasse,
1061 4974 1116 5020 et
1153 4967 1410 5038 quidquid
1440 4969 1564 5026 inde
1591 4973 1940 5044 commistnm
1969 4976 2162 5032 divinae

573 5055 884 5126 substantia:
909 5066 1142 5128 ceperat,
1175 5076 1297 5130 cum
1323 5078 1488 5136 nitore
1516 5067 1881 5123 concumbens
1910 5069 1960 5122 in
1991 5085 2155 5138 carne

572 5148 758 5224 prolis,
785 5156 1036 5220 tanquam
1067 5153 1404 5210 tenacissimo
1424 5153 1639 5216 vinculo
1665 5158 1966 5228 colligasse.
1995 5161 2154 5218 Chri-

571 5249 713 5310 stum
743 5249 924 5305 autem
953 5241 1116 5300 fuisse
1145 5243 1412 5301 afﬁrmant
1441 5260 1601 5318 quem
1632 5249 1761 5306 dicit
1802 5261 1982 5311 nostra
2013 5255 2156 5312 Scri-

573 5341 728 5404 ptura
758 5343 1065 5405 serpentem
1099 5353 1112 5388 :
1145 5352 1175 5399 a
1205 5351 1313 5406 quo
1343 5337 1671 5396 illmninatos
1700 5354 1946 5400 asserunt
1965 5362 2154 5403 eorum

571 5436 836 5498 aspectus,
854 5437 912 5482 ut
933 5429 1132 5484 bonum
1159 5429 1464 5500 malumque
1491 5432 1892 5508 dignoscerent;
1925 5455 2156 5510 eumque

570 5515 835 5573 Christum
862 5519 1166 5574 novissimis
1189 5522 1517 5594 temporibus;
1537 5523 1838 5592 advenisse,
1855 5527 1921 5598 ad
1945 5530 2156 5594 animas

643 5662 669 5690 ιι
699 5641 795 5707 Ms.
837 5659 1012 5728 Aug._,_
1037 5651 1271 5728 Mattari.
1293 5652 1396 5728 _S_ic
1441 5665 1495 5711 et
1533 5657 1874 5728 Augustinus.
1918 5661 2146 5719 Codices

573 5729 750 5778 autem
775 5720 940 5784 mss.,’
958 5720 1175 5776 Mauari
1204 5732 1258 5777 et
1284 5721 1542 5781 Mattarii.

647 5793 671 5830 ¹³
712 5791 806 5846 Ms.
840 5793 997 5860 Ang.,
1024 5801 1073 5842 et
1099 5792 1173 5862 sit
1209 5802 1436 5850 utantur.

2278 1950 2400 2012 pter
2425 1941 2758 2012 quodetiam
2788 1945 2902 2014 ipse
2918 1944 3244 2012 Manicbzeus
3267 1948 3549 2010 duodecim
3577 1952 3828 2026 discipulos

2275 2031 2496 2100 habuit,
2547 2033 2715 2090 instar
2757 2035 3040 2112 apostolici
3088 2039 3321 2106 numeri,
3372 2032 3535 2110 quem
3585 2057 3824 2107 numerum

2276 2122 2554 2184 Manichmi
2583 2125 2850 2196 hodieque
2872 2127 3199 2192 custodiunt.
3225 2129 3360 2190 Nam
3379 2139 3438 2186 et
3464 2146 3534 2188 ex
3554 2133 3723 2192 electis
3738 2135 3824 2190 suis

2273 2214 2480 2288 habent
2519 2215 2801 2274 duodecim
2840 2233 2978 2290 quos
3017 2220 3291 2292 appellant
3317 2223 3643 2294 magistros,
3671 2235 3715 2280 et
3739 2215 3822 2286 ter-

2276 2306 2408 2360 tium
2435 2306 2699 2365 decimum
2728 2309 3027 2382 principem
3056 2311 3314 2388 ipsorum.
3345 2313 3639 2388 Episcopos
3671 2297 3818 2375 autem

2277 2396 2346 2452 72
2371 2399 2462 2478 qui
2510 2398 2826 2456 ordinantur
2870 2417 2900 2456 a
2948 2402 3238 2472 magistris,
3290 2412 3346 2460 et
3383 2407 3708 2480 presbyteros
3739 2406 3815 2476 qui

2274 2489 2593 2556 ordinantur
2638 2491 2706 2547 ab
2753 2493 3042 2564 episcopis,
3088 2495 3299 2553 numeri
3341 2496 3622 2554 indeﬁniti.
3647 2495 3820 2555 Habent

2275 2581 2438 2638 etiam
2487 2585 2730 2656 episcopi
2775 2585 3052 2642 diaconos.
3099 2585 3220 2642 Jam
3266 2589 3450 2645 αειὲνί
3491 2589 3822 2660 tantummodo

2273 2675 2433 2731 electi
2458 2684 2741 2732 vocantur.
2775 2677 2881 2732 Sed
2922 2678 3213 2736 mittuntur
3238 2680 3400 2735 etiam
3432 2665 3536 2751 ipsi
3565 2682 3651 2752 qui
3677 2681 3824 2736 viden-

2271 2775 2362 2824 tur
2389 2767 2587 2836 idonei,
2622 2768 2690 2822 ad
2738 2769 2883 2825 hunc
2929 2784 3189 2838 errorem,
3215 2770 3303 2835 vel
3349 2772 3439 2826 ubi
3472 2781 3558 2828 est
3602 2784 3823 2842 augmen-

2272 2859 2517 2926 tandum,
2542 2861 2630 2918 vel
2659 2861 2750 2916 ubi
2781 2877 2889 2918 non
2912 2870 2996 2917 est
3022 2861 3416 2918 seminandum.
3444 2862 3757 2936 Baptismum
3781 2862 3824 2920 in

2273 2965 2415 3021 aqua
2453 2952 2586 3007 nihil
2636 2954 2884 3024 cuiquam
2927 2953 3214 3028 perhibent
3250 2955 3439 3012 salutis
3483 2953 3701 3023 atlerre,
3742 2970 3826 3010 nec

2271 3057 2596 3114 quemquam
2640 3035 2829 3100 eorum
2877 3061 3015 3116 quos
3059 3045 3332 3117 decipiunt
3377 3047 3718 3120 baptizandus
3741 3063 3826 3122 pu-

2272 3145 2408 3204 tant.
2432 3135 2718 3196 Orationes
2759 3138 2962 3196 faciunt
2997 3140 3065 3198 ad
3095 3141 3264 3206 solem
3297 3157 3396 3214 per
3421 3141 3582 3212 diem,
3612 3157 3826 3214 quaqua-

2272 3244 2489 3284 versum
2527 3230 2718 3287 circuit
2751 3249 2764 3284 :
2797 3231 2866 3287 ad
2915 3231 3225 3314 lunamper
3260 3242 3474 3290 noctem
3519 3235 3562 3290 si
3589 3240 3825 3305 apparet;

2273 3323 2531 3378 siautem
2580 3339 2686 3381 non
2718 3334 2974 3398 apparet,
3005 3326 3072 3385 ad
3112 3327 3438 3396 aquildniam
3479 3337 3694 3400 partem,
3737 3340 3828 3396 qua

2272 3415 2355 3482 sol
2403 3429 2526 3472 cum
2575 3417 2832 3475 occiderit
2897 3417 2964 3472 ad
3015 3415 3292 3474 Orientem
3346 3420 3640 3478 revertitur.
3691 3415 3832 3472 Stant

2273 3516 2510 3564 orantes.
2541 3507 2893 3564 Peccatorum
2916 3519 3097 3566 autem
3127 3511 3389 3578 originem
3436 3528 3540 3566 non
3564 3509 3726 3564 libero
3752 3523 3830 3561 ar-

2273 3599 2435 3654 bitrio
2461 3601 2772 3667 voluntatis,
2804 3601 2899 3656 sed
2947 3602 3262 3658 substantiae
3293 3603 3525 3658 tribuunt
3546 3599 3708 3668 gentis
3735 3597 3828 3652 ad-

2271 3703 2459 3760 versae,
2490 3708 2652 3764 quam
2697 3692 3064 3762 dogmatizant
3106 3709 3226 3750 esse
3263 3693 3546 3751 hominibus
3587 3690 3816 3744 "tiliam-

2273 3779 2496 3838 Omnem
2520 3794 2648 3838 vero
2677 3799 2895 3838 carnem
2921 3801 3030 3840 non
3061 3783 3376 3848 Divinitatis,
3405 3782 3497 3838 sed
3526 3780 3669 3836 malm
3685 3793 3823 3833 men-

2275 3873 2342 3928 tis
2377 3882 2624 3928 asscrunt
2653 3890 2772 3929 esse
2810 3874 3103 3946 opiﬁcium,
3133 3890 3253 3946 quae
3281 3875 3536 3931 contrario
3552 3871 3665 3926 Deo
3693 3885 3833 3942 corc-

2273 3975 2426 4021 terna
2461 3975 2560 4020 est.
2588 3966 2869 4042 Camalem
2909 3967 3394 4042 concupiscentiam
3430 3981 3530 4038 qua
3555 3978 3680 4019 caro
3715 3977 3836 4019 con.

2273 4058 2499 4130 cupiscit
2525 4059 2782 4112 adversus
2829 4060 3095 4130 spiritum,
3129 4059 3477 4114 substantiam
3503 4056 3688 4112 volunt
3729 4069 3838 4110 esse

2273 4151 2618 4221 contrariam,
2651 4151 2728 4206 sic
2759 4152 2912 4206 nobis
2950 4152 3317 4210 adhmrentem
3340 4192 3356 4218 ,
3389 4160 3448 4206 ut
3474 4149 3690 4219 quando
3719 4147 3840 4204 libe-

2271 4257 2455 4300 ramur
2483 4252 2652 4310 atque;
2685 4257 2994 4323 purgamur,
3027 4243 3220 4298 iterum
3249 4252 3548 4314 reparetur,
3581 4251 3637 4296 et
3663 4242 3714 4296 in
3759 4256 3842 4295 sua

2272 4342 2461 4388 natura
2489 4335 2650 4388 etiam
2681 4334 2792 4404 ipsa
2824 4334 3198 4392 immortaliter
3227 4334 3387 4390 vivat.
3419 4332 3478 4398 in
3506 4338 3616 4388 u'no
3643 4331 3843 4410 homine

2272 4423 2403 4478 duas
2425 4424 2610 4480 dicunt
2638 4427 2843 4482 animas
2881 4441 3002 4481 esse
3031 4435 3085 4481 et
3109 4425 3240 4480 duas
3267 4433 3498 4488 mentes,
3530 4441 3732 4495 easque
3763 4438 3844 4494 per

2274 4527 2519 4572 naturam
2549 4519 2868 4582 contrarias,
2897 4519 3066 4573 bonas
3096 4524 3149 4571 et
3175 4518 3343 4571 malas
3369 4535 3384 4583 ;
3433 4532 3642 4588 easque
3680 4515 3846 4571 dicunt

2272 4609 2412 4664 inter
2433 4627 2489 4664 sc
2521 4611 2718 4666 habere
2746 4608 3073 4665 conﬂictum.
3102 4610 3280 4665 Finito
3294 4617 3479 4665 autem
3507 4611 3620 4666 isto
3646 4608 3845 4671 sacculo,

2269 4711 2392 4777 post
2421 4686 2902 4777 contlagrationem
2928 4703 3132 4768 mundi,
3162 4703 3321 4758 istam
3346 4703 3714 4758 substantiam
3737 4700 3850 4756 mali

2270 4795 2326 4850 in
2356 4794 2516 4866 globo
2541 4795 2773 4863 quodam
2803 4794 2987 4851 dicunt
3016 4805 3269 4872 tanquam
3301 4796 3354 4849 in
3381 4810 3614 4851 carcere
3641 4810 3758 4852 esse
3778 4794 3849 4846 \i-

2269 4895 2495 4952 cturam.
2527 4884 2625 4939 Cui
2653 4886 2815 4956 globo
2853 4883 3122 4941 aﬂlrmant
3151 4901 3496 4942 accessurum
3553 4896 3612 4942 et
3653 4899 3852 4956 semper

2268 4979 2624 5044 adluesut‘um,
2657 4988 2713 5034 et
2737 4979 2891 5052 quasi
2919 4979 3320 5054 coopertorium
3348 4988 3516 5050 atque
3552 4981 3852 5058 tectorium,

2261 5091 2331 5140 ex
2367 5073 2648 5128 animabus
2691 5081 2881 5127 natura
2923 5071 3140 5143 quidem
3183 5071 3361 5138 bonis,
3385 5071 3484 5126 sed
3521 5081 3711 5127 tamen
3749 5082 3856 5142 qum

2260 5182 2369 5222 non
2392 5167 2665 5240 potuerint
2689 5182 2718 5226 a
2742 5175 2947 5225 natura:
2976 5165 3130 5219 make
3153 5165 3482 5233 contagione
3515 5165 3794 5220 mundari.

2940 5253 3146 5310 XLVII.

2331 5350 2782 5426 Quadragesimus
2822 5349 3082 5420 septimus
3112 5349 3396 5403 hrereticus
3419 5347 3711 5404 llieracha
3743 5347 3864 5402 l'lie-

2259 5443 2458 5498 racitas
2505 5442 2753 5496 instituit.
2808 5440 2871 5495 Hi
2922 5439 3376 5496 resurrectionem
3422 5441 3620 5495 carnis
3649 5446 3865 5508 negant.

2267 5533 2293 5571 ⁸
2326 5533 2618 5590 Monachos
2661 5541 2866 5589 tantum
2896 5533 3294 5597 eLmonachas,
3325 5539 3380 5586 et
3403 5546 3506 5587 eos
3554 5534 3657 5604 qui
3690 5531 3870 5602 conju-

2330 5679 2353 5740 ξ
2384 5665 2482 5740 his.
2519 5666 2676 5740 Aug,
2709 5668 2764 5721 iu
2801 5667 3018 5740 prolem.

2325 5733 2351 5773 ἀ
2384 5735 2480 5793 Ms.
2513 5733 2671 5806 Aug"
2695 5733 2976 5794 monachos
3003 5744 3173 5792 autem
3207 5742 3423 5792 tantum
