4088 6346
200 350 290 404 605
673 321 1258 406 PRAEDES'I‘INATI‘S
1296 349 1448 417 SIVE
1489 347 2186 426 PREDESTINATQRUM
2227 357 2563 432 "IERBSIS,
2610 363 2760 421 ETC.
2801 365 2927 421 LIB.
2969 365 3009 421 I.

3364 365 3472 427 606

199 471 272 540 gia
303 484 412 523 non
443 469 664 539 habent,
694 469 746 524 in
787 453 1224 526 communionem
1261 470 1545 542 recipiunt.
1581 470 1660 524 Ad
1695 486 1780 526 rc-
1807 474 1858 550 Α
1885 473 1977 527 bili
2000 475 2245 543 cogitari.
2279 477 2413 546 Quia
2463 497 2592 550 ergo
2617 485 2668 538 in
2711 485 2858 542 nttllu
2907 485 3013 538 alio
3044 492 3248 549 errant,
3290 483 3475 539 mitius

199 577 350 636 gnum
381 560 644 618 calorum
671 577 778 618 non
810 563 1081 634 pertinere
1127 564 1379 636 parvulos
1407 561 1611 631 dicunt,
1653 565 1780 636 quia

199 671 295 712 non
320 661 451 709 sunt
481 654 561 710 eis
606 654 797 710 merita
829 655 934 710 ulla
970 657 1278 712 certaminis
1322 671 1431 725 quo
1461 656 1588 724 vitia
1617 673 1780 728 supe-

198 754 398 802 rantur.
449 745 655 802 Contra
706 747 848 803 hunc
892 749 1131 820 suscepit
1175 757 1390 804 sanctus
1430 748 1780 820 Aphrodisius

198 837 528 912 Hellesponti
550 838 852 910 episcopus,
871 855 1121 896 asserens
1142 841 1588 898 resurrectionem
1604 841 1779 897 carnis

199 939 247 986 et
271 945 416 986 novo
447 937 502 985 et
522 931 692 986 veteri
712 929 1062 989 Testamento
1087 948 1204 989 esse
1234 933 1516 990 ﬁrmatam.
1546 916 1780 990 Infantes

199 1032 372 1078 autem
407 1021 519 1092 jam
550 1023 800 1079 homines
820 1039 940 1080 esse
983 1044 994 1079 :
1043 1034 1098 1081 et
1124 1027 1262 1082 sicut
1289 1027 1335 1082 si
1367 1026 1488 1097 quis
1511 1042 1606 1082 eos
1645 1026 1781 1107 occi-

196 1117 297 1183 dat,
346 1116 634 1173 homicida
681 1117 906 1195 suscipit
949 1119 1185 1188 crimen;
1227 1122 1304 1176 sic
1346 1123 1438 1193 qui
1479 1135 1573 1176 eos
1603 1120 1779 1192 bapti-

196 1221 359 1268 smate
383 1213 804 1280 consecraverit,
837 1215 1140 1272 mercedem
1181 1216 1282 1272 sibi
1305 1217 1372 1271 de
1415 1217 1645 1272 hominis
1687 1232 1776 1270 sa-

195 1302 295 1359 lute
339 1304 592 1376 acquirit.
635 1302 1086 1385 Communionem
1133 1309 1268 1364 nulli
1310 1308 1629 1378 negandam,
1677 1308 1777 1363 nisi

193 1393 269 1452 his
293 1397 390 1467 qui
413 1397 788 1466 praetermissis
815 1399 1136 1469 conjugibus
1166 1401 1399 1476 propriis
1438 1401 1642 1456 alienas
1687 1417 1776 1456 re-

195 1489 427 1558 quirunt.

870 1581 1094 1638 XLVIII.

257 1673 678 1748 Quadragesima
707 1685 900 1734 octava
928 1677 1150 1734 haeresis
1165 1664 1260 1735 'est
1289 1677 1722 1748 Meletianornm,
1746 1693 1776 1732 a

191 1771 403 1829 Meletio
431 1770 685 1844 quodam.
716 1770 971 1827 Nolentes
999 1789 1156 1827 orare
1201 1789 1323 1828 cum
1353 1773 1434 1828 his
1459 1773 1550 1846 qui
1580 1773 1632 1826 in
1662 1788 1778 1844 per-

1887 561 1914 601 δ
1944 579 2039 618 eos
2067 579 2232 632 agens
2263 565 2596 639 Epiphanius
2634 575 2806 628 noluit
2849 576 3128 631 baareticos
3169 576 3470 640 nominare,

1883 653 2016 710 dans
2041 658 2251 712 veniam
2283 661 2585 718 rusticitati.
2612 665 2765 734 Quod
2795 674 2976 721 autem
3004 667 3160 722 nobis
3187 683 3295 722 non
3325 683 3474 723 com-

1883 747 2178 816 municant,
2203 750 2414 816 divitias
2450 753 2647 810 habere
2670 766 2886 814 nostros
2907 759 3190 834 episcopos
3216 760 3470 826 clamant,

1881 852 2016 910 quas
2043 839 2288 898 Christus
2313 845 2476 900 etiam
2503 846 2671 903 laicos
2700 858 3048 905 contemnere
3064 851 3236 920 jubet.
3265 850 3472 908 Pascha

1881 946 2002 986 cum
2031 931 2227 992 ludatis
2256 937 2548 994 celebrant.
2581 938 2702 1010 Egit
2731 951 2919 997 contra
2950 942 3048 998 bos
3088 942 3269 998 Zenon
3300 941 3470 1024 Syro-

1882 1041 2000 1081 rum
2027 1027 2328 1101 episcopus.

2635 1123 2718 1181 LI.

1952 1211 2410 1284 Quinquagesima
2440 1215 2612 1286 prima
2637 1218 2853 1274 haeresis
2897 1217 3370 1288 Eunumianorum,
3403 1221 3466 1281 all

1879 1301 2163 1359 Ennomio.
2193 1303 2255 1361 IIl
2279 1307 2544 1377 serpentis
2567 1311 2772 1390 antiqui
2803 1312 2992 1381 spiritu
3027 1312 3206 1384 pleni,
3240 1330 3346 1370 non
3379 1329 3466 1368 so-

1881 1395 1992 1451 lum
2020 1397 2283 1452 minorem
2305 1398 2498 1454 Filium
2522 1441 2537 1464 ,
2581 1403 2673 1456 sed
2706 1418 2804 1458 nec
2849 1403 3037 1458 similis
3067 1405 3314 1460 essentia:
3342 1420 3465 1460 esse

1880 1487 2074 1544 Filium
2105 1499 2435 1546 asseverant.
2468 1491 2590 1564 Egit
2633 1503 2820 1550 contra
2859 1496 2960 1554 hos
2990 1496 3305 1555 Ammonius
3344 1512 3438 1572 pre

1879 1580 2079 1653 sbyter.

2627 1677 2733 1734 LII.

1951 1766 2404 1838 Quinquagesima
2433 1769 2667 1826 secunda
2691 1771 2909 1826 hmresis
2938 1769 3468 1838 Macedonianorum,

190 1865 464 1922 secutione
491 1863 817 1929 ceciderant,
871 1865 1100 1921 schisma
1143 1866 1402 1920 fecerunt.
1457 1865 1663 1934 Quibus
1693 1880 1771 1919 re-
1802 1854 1849 1925 Β
1875 1874 1904 1913 a
1943 1856 2277 1914 Macedonio.
2332 1861 2443 1917 llos
2485 1861 3013 1934 Pneumatomachos
3057 1863 3332 1939 appellant
3375 1879 3470 1936 per

190 1956 318 2012 stitit
341 1962 561 2013 sanctus
589 1955 820 2012 Basilius
866 1956 1152 2031 episcopus
1189 1955 1564 2032 Cappadociae,
1596 1955 1780 2012 dicens

189 2049 446 2119 majorem
473 2048 589 2121 spei
619 2055 673 2104 et
703 2047 825 2103 fidei
854 2049 1173 2110 charitatcm
1201 2065 1323 2125 qua:
1353 2051 1532 2107 omnia
1564 2049 1777 2118 tolerat,

190 2148 239 2194 et
266 2156 485 2195 manum
509 2140 672 2223 lapsis
699 2141 869 2212 magis
898 2141 1296 2214 porrigendam.
1331 2141 1590 2197 llortatur
1616 2144 1780 2198 etiam

189 2230 541 2304 desperantes
563 2232 974 2306 recuperatione
1016 2231 1390 2302 provocandos
1420 2244 1477 2286 ut
1506 2234 1729 2288 redeant
1763 2251 1776 2287 :

187 2325 448 2396 siquidem
471 2325 634 2380 etiam
664 2325 867 2401 angelis
895 2325 948 2384 in
979 2327 1117 2381 cmlo
1138 2327 1390 2394 gaudium
1417 2326 1590 2406 majus
1621 2327 1780 2381 faciat

188 2433 324 2472 unus
351 2418 638 2490 pmnitens,
669 2433 829 2499 quam
862 2419 1154 2487 nonaginta
1178 2435 1368 2474 novem
1392 2419 1484 2490 qui
1516 2435 1621 2474 non
1653 2433 1780 2490 pec-

185 2517 447 2564 caverunt
475 2507 645 2583 (Luc.
679 2526 764 2576 xv,
792 2509 911 2582 10).

891 2599 1075 2658 XLIX.

264 2691 710 2762 Quadrageshuus
737 2701 791 2749 et
813 2710 984 2750 nonus
1009 2694 1395 2763 incresiarches
1437 2693 1597 2772 Arius
1626 2704 1778 2752 ortus

191 2792 294 2839 est.
328 2783 426 2840 I-Iic
451 2785 676 2856 populos
702 2785 930 2843 Arianos
952 2788 1200 2855 instituit,
1230 2789 1320 2860 qui
1362 2788 1574 2847 Patrem
1617 2798 1672 2845 et
1696 2788 1779 2846 Fi-

186 2873 319 2945 lium
339 2886 394 2932 et
422 2876 678 2948 Spiritum
709 2887 955 2936 sanctum
979 2881 1304 2940 noluntesse
1327 2883 1485 2938 unius
1506 2882 1776 2952 ejusdem~

185 2983 293 3038 que
316 2968 646 3034 substantiae,
672 2970 764 3025 sed
794 2985 914 3026 esse
942 2970 1136 3026 Filium
1159 2981 1483 3040 creaturam,
1517 2972 1777 3043 Spiritum

182 3075 317 3116 vero
343 3069 588 3116 sanctum
635 3068 940 3130 creaturam
985 3072 1268 3128 creaturae,
1310 3064 1415 3118 hoc
1445 3072 1529 3119 est
1558 3064 1624 3116 ab
1658 3063 1777 3134 ipso

180 3151 322 3208 Filio
362 3163 603 3210 creatum
631 3155 837 3210 volunt.
869 3155 930 3210 In
979 3171 1045 3211 eo
1087 3164 1268 3210 autem
1311 3156 1455 3224 quod
1503 3154 1777 3214 Christum

1882 1948 2155 2008 Orientem
2188 1954 2377 2019 nostri,
2411 1970 2478 2008 eo
2506 1954 2650 2025 quod
2692 1953 2760 2009 de
2789 1953 2993 2032 Spiritu
3023 1962 3211 2012 sancto
3243 1955 3468 2022 litigent.

1883 2045 2016 2100 Nam
2044 2045 2111 2100 de
2141 2043 2301 2102 Patre
2331 2055 2384 2102 et
2415 2047 2553 2102 Filio
2583 2058 2731 2102 recte
2762 2047 3037 2116 sentiunt,
3063 2045 3321 2118 Spiritum
3345 2061 3471 2100 vero

1882 2145 2126 2190 sanctum
2159 2137 2348 2203 nolunt
2379 2137 2600 2192 credere
2643 2137 2830 2202 Deum,
2864 2145 3170 2192 creaturam
3218 2152 3339 2190 eum
3388 2136 3471 2192 di-

1883 2239 2088 2284 centes.
2123 2229 2390 2294 Philaster
2411 2231 2598 2285 scribit
2633 2230 3004 2290 Macedoniuln
3051 2229 3308 2302 Spiritum
3349 2245 3473 2284 san-

1882 2331 2026 2377 ctum
2058 2323 2320 2377 Deitatem
2351 2322 2525 2378 Patris
2553 2331 2609 2378 et
2653 2322 2772 2377 Filii
2801 2323 2982 2377 dicere
3014 2341 3025 2375 :
3061 2339 3168 2399 quo
3215 2321 3360 2387 dicto
3390 2320 3471 2374 vi-

1882 2413 2040 2468 detur
2065 2414 2448 2485 proprietatem
2477 2431 2628 2479 suain
2657 2421 2846 2478 sancto
2874 2413 3095 2484 Spiritui
3123 2413 3388 2481 denegare
3422 2423 3468 2464 θ’.

2615 2507 2741 2562 LIII.

1952 2599 2404 2670 Quinquagesima
2462 2601 2620 2662 tertia
2683 2599 2904 2655 hrcresis
2959 2600 3349 2666 Aerianorum,
3403 2597 3470 2654 ah

1881 2693 2043 2750 Aerio
2069 2693 2306 2765 quodam
2346 2712 2358 2748 :
2399 2694 2490 2765 qui
2543 2709 2666 2751 cum
2701 2701 2845 2750 esset
2886 2693 3186 2769 presbyter,
3234 2689 3471 2745 doluisse

1883 2789 2051 2842 fertur
2085 2787 2230 2858 quod
2285 2803 2394 2842 non
2442 2793 2586 2841 esset
2625 2787 2910 2858 episcopus
2955 2783 3252 2838 ordinatus.
3294 2779 3472 2850 Carpit

1881 2878 2077 2933 docere
2107 2894 2215 2934 non
2241 2877 2440 2932 debere
2469 2893 2568 2947 pro
2590 2875 2980 2930 dormientibus
3008 2871 3208 2938 olTerri,
3243 2886 3342 2926 nec
3366 2878 3472 2926 sta-

1885 2979 1996 3024 tuta
2026 2971 2350 3026 celebranda
2396 2985 2515 3024 esse
2550 2967 2782 3040 jejunia;
2815 2965 2909 3021 sed
2955 2981 3078 3023 cum
3107 2964 3336 3038 quisque
3374 2977 3472 3017 vo-

1883 3061 2062 3127 luerit,
2118 3060 2513 3131 jejuuandum,
2573 3076 2640 3115 ne
2697 3057 2941 3114 videatur
2994 3072 3114 3116 esse
3177 3054 3275 3109 sub
3330 3054 3470 3126 lege.

1884 3149 2264 3224 Presbyterum
2311 3153 2379 3208 ab
2419 3151 2676 3224 episcopo
2722 3150 2866 3208 nulla
2913 3147 3217 3204 dili'erentia
3271 3144 3470 3201 debere

179 3243 298 3298 sine
327 3244 505 3299 anima
536 3260 756 3319 carnem
779 3246 1082 3316 suscepisse
1111 3245 1423 3308 arbitratur,
1447 3244 1777 3316 Epiphanius
1803 3230 1848 3297 C
1881 3243 2150 3308 discerni;
2193 3251 2246 3296 et
2291 3260 2394 3298 non
2445 3243 2654 3302 admitti
2694 3243 2760 3297 ad
2807 3240 3245 3298 communionem
3292 3253 3468 3305 suam,

177 3336 433 3406 prodidit.
479 3335 548 3392 Et
593 3338 716 3392 ideo
757 3336 982 3392 Patrem
1030 3335 1292 3406 majorem
1336 3335 1472 3400 Filio
1499 3338 1577 3393 sic
1623 3337 1770 3405 dicit,

178 3427 335 3498 quasi
364 3437 668 3483 creatorem
696 3445 707 3481 :
741 3435 798 3482 et
825 3426 1016 3481 Filium
1047 3425 1306 3496 majorem
1337 3427 1538 3500 Spiritu
1562 3437 1770 3497 sancto,

178 3519 334 3592 quasi
359 3530 664 3576 creatorem
695 3517 838 3590 ejus.
868 3517 1092 3574 Nostros
1111 3559 1126 3582 ,
1157 3519 1208 3575 id
1248 3529 1330 3575 est
1358 3521 1673 3584 catholicos,
1707 3521 1774 3576 ad

175 3627 234 3668 se
259 3615 538 3669 venientes
569 3612 908 3682 rebaptizant
941 3630 953 3665 :
993 3619 1170 3667 utrum
1199 3613 1302 3669 hoc
1323 3616 1511 3692 _etiam
1551 3615 1689 3679 aliis,
1723 3611 1774 3668 id

175 3713 262 3760 est
287 3721 396 3761 non
427 3705 729 3770 catholicis,
763 3704 983 3774 faciant,
1019 3723 1277 3778 nusquam
1326 3708 1536 3776 legitur.
1566 3707 1775 3761 Primus

175 3805 374 3852 contra
405 3797 504 3852 hos
533 3795 772 3867 suscepit
799 3806 1018 3853 sanctus
1061 3797 1325 3852 llesiodus
1357 3799 1644 3872 episc0pus
1672 3797 1776 3854 (io-

175 3890 531 3952 rintbiorum,
555 3891 638 3943 vir
662 3890 934 3958 quietiam
963 3897 1209 3952 mortuos
1239 3891 1528 3946 suscitasse
1576 3891 1773 3945 asseri-

174 3989 292 4034 tur.
352 3975 502 4035 Unde
532 3979 730 4032 factum
770 3986 852 4032 est
881 3987 937 4032 ut
983 3979 1106 4048 plus
1131 3981 1476 4042 sanctitatem
1503 3997 1664 4052 quam
1695 3980 1776 4034 di-

177 4068 554 4140 sputationem
609 4066 948 4123 attendentes
991 4069 1242 4124 homines
1295 4071 1478 4124 Arium
1525 4085 1778 4126 exsecra-

173 4149 395 4217 rentur.
421 4160 696 4232 Siquidem
718 4160 833 4234 ejus
861 4164 1199 4220 orationibus
1212 4165 1470 4230 asseritur
1495 4166 1608 4238 ipse
1623 4165 1778 4222 Arius

173 4253 232 4312 in
257 4267 533 4308 secessum
583 4253 776 4309 sedens
819 4256 1069 4312 universa
1119 4256 1276 4314 simul
1323 4258 1604 4316 interanea
1647 4274 1770 4313 cum

173 4345 536 4402 stercoribus
555 4345 874 4416 profudisse.
905 4346 1025 4404 1am
1060 4351 1249 4404 centra
1296 4358 1498 4406 sectam
1526 4349 1640 4420 ejus
1666 4358 1773 4406 tam

176 4437 490 4493 Orientales
528 4453 690 4507 quam
731 4439 894 4494 etiam
941 4437 1318 4501 Occidentales
1359 4441 1599 4512 episcopi
1647 4442 1775 4496 scri-

175 4535 420 4600 pserunt.
449 4527 652 4596 Quibus
695 4545 946 4608 eum-per
985 4529 1194 4602 singula
1237 4533 1416 4608 capita
1461 4533 1768 4604 dogmatum

176 4635 400 4678 suorum
431 4628 679 4676 asserunt
707 4621 1189 4694 blasphemantem.

934 4714 996 4769 L.

248 4807 736 4881 Quinquagesimos
767 4817 792 4845 ι
825 4806 1099 4863 Audianos
1126 4818 1391 4866 memorat
1414 4809 1766 4884 Epiphanius,

176 4915 284 4960 non
319 4899 534 4976 quidem
565 4899 865 4964 haereticos,
897 4898 993 4954 sed
1031 4901 1400 4957 schismaticos
1439 4921 1450 4955 :
1502 4918 1639 4976 quos
1677 4904 1767 4958 alii

177 4990 761 5065 Anthropomorphitas
790 5000 1004 5058 vocant,
1036 4992 1293 5062 quoniam
1324 4993 1491 5047 Deum
1530 4995 1632 5050 sibi
1665 4994 1765 5048 tin-

174 5094 312 5162 gunt,
355 5085 684 5152 cogitatione
729 5085 974 5149 carnali,
1023 5085 1078 5138 in
1123 5085 1475 5146 similitudine
1522 5087 1769 5156 imaginis

175 5179 544 5258 corruptibilis
602 5178 854 5244 hominis,
887 5177 1127 5232 dicentes
1161 5195 1173 5229 :
1207 5175 1357 5230 Oculi
1387 5175 1596 5232 Domini
1617 5194 1770 5250 super

169 5276 343 5350 justas
385 5271 509 5343 (Ps.
558 5288 742 5338 xxxnl,
783 5269 902 5342 16);
947 5267 1110 5324 Cazlos
1159 5285 1317 5342 opera
1364 5269 1641 5342 digitorum
1671 5267 1770 5323 Dei

171 5366 308 5438 (Ps.
343 5382 451 5429 vm,
487 5364 572 5438 4);
615 5374 671 5420 et
701 5383 713 5419 :
760 5364 902 5419 Deus
945 5363 1087 5420 sedet
1123 5379 1275 5434 super
1313 5363 1487 5417 sedem
1533 5373 1768 5419 sanctam

172 5476 328 5516 suam
358 5456 484 5535 (Ps.
519 5475 660 5524 XLVI,
693 5456 780 5530 9);
813 5467 868 5512 et
901 5476 912 5510 :
947 5457 1086 5518 Deus
1115 5458 1255 5510 stetit
1283 5458 1336 5509 in
1357 5471 1623 5530 synagoyn
1647 5458 1768 5511 dco-

173 5568 290 5624 raug
326 5548 457 5624 (Ps.
491 5567 671 5622 LXXXI,
706 5549 780 5621 i),
813 5558 868 5616 et
894 5557 1106 5614 caetera,
1148 5564 1268 5626 quae
1293 5558 1518 5626 possunt
1545 5549 1611 5606 de
1643 5551 1767 5624 visi-

243 5705 270 5734 ιι
320 5692 418 5748 Ms.
448 5692 606 5760 Aug.,
647 5686 954 5742 Valdianos.
980 5683 1228 5753 August.,
1263 5683 1548 5742 Vedianas.

246 5765 274 5806 δ
311 5763 410 5818 Ms.
437 5764 598 5832 Aug.,
632 5762 807 5832 ittueos
846 5771 1020 5832 agens.

250 5849 281 5900 φ,
307 5834 408 5900 κδ.
443 5821 778 5904 Ani-addit:
812 5821 915 5902 egit
944 5833 1123 5882 contra
1151 5840 1240 5880 eos
1267 5822 1495 5898 synodiu
1519 5821 1764 5889 Nicaeua,

1877 3337 1980 3392 nisi
2002 3353 2031 3392 a
2061 3336 2315 3407 conjugio
2343 3337 2694 3392 abstinentes.

2609 3445 2740 3504 LlV.

1948 3539 2398 3610 Quinquagesima
2427 3546 2482 3595 et
2508 3545 2699 3609 quarta
2730 3534 2950 3594 haeresis
2980 3532 3234 3598 Aetiana,
3265 3531 3332 3586 ab
3361 3527 3470 3586 Ae-

1877 3634 1952 3697 tio
1981 3638 2191 3684 vocata.
2226 3627 2291 3686 Ili
2331 3642 2452 3682 cum
2498 3624 2760 3680 Eunomia
2790 3623 3102 3682 dissimilem
3149 3636 3247 3706 per
3289 3620 3468 3682 omnia

1879 3721 2024 3786 Patri
2066 3720 2256 3783 Filium
2303 3716 2328 3758 ἀ
2378 3716 2732 3784 conﬁtentur;
2781 3723 2835 3772 et
2881 3714 3111 3770 dicunt:
3163 3713 3471 3786 quicunque

1877 3819 2076 3868 nostra:
2107 3809 2229 3888 iidej
2275 3809 2634 3874 consentiunt,
2685 3807 2856 3862 sciant
2901 3805 3002 3862 sibi
3036 3804 3233 3887 {nulla
3281 3803 3471 3876 obesse

1878 3911 2100 3980 peccata
2133 3915 2464 3974 quaecunque
2504 3900 2572 3963 ab
2597 3899 2673 3956 eis
2697 3898 2893 3954 fuerint
2914 3903 3242 3966 perpetrata.
3267 3892 3469 3966 Contra

1879 3996 1976 4060 hos
2004 3995 2240 4070 synodus
2267 3993 2334 4048 20
2363 3992 2736 4064 episcoporum
2775 3988 2885 4061 egit
2914 3987 2966 4050 in
2996 3985 3216 4045 Achaia.

2611 4099 2723 4154 LV.

1949 4215 2400 4288 Quinquagesima
2422 4223 2478 4269 et
2495 4213 2683 4282 quinta
2713 4210 2932 4266 htcresis
2962 4205 3468 4280 Apollinaristarum

1877 4320 1980 4376 est,
2014 4311 2083 4365 ab
2112 4307 2424 4380 Apollinare
2468 4304 2742 4360 inchoata.
2793 4301 2999 4384 elegant
3028 4299 3302 4357 hominem
3347 4312 3470 4368 pen-

1875 4407 2074 4466 feotum
2095 4405 2148 4458 in
2165 4401 2398 4464 Christo,
2419 4397 2513 4453 sed
2529 4396 2952 4466 assumptionem
2967 4393 3146 4448 carnis
3157 4392 3232 4449 ita
3249 4388 3464 4454 factum,

1873 4509 1933 4555 ut
1955 4474 2098 4558 intus
2121 4497 2172 4552 ln
2195 4494 2410 4550 homine
2436 4505 2537 4564 pro
2566 4491 2744 4546 anima
2765 4488 3019 4543 divinitas
3045 4494 3206 4542 esset.
3237 4485 3469 4540 Carnem

1797 4605 1848 4672 ο
1875 4601 2055 4648 autem
2085 4599 2141 4646 et
2168 4588 2405 4644 Verbum
2454 4585 2614 4642 unius
2660 4582 3009 4653 ejusdemque
3059 4579 3226 4636 voluit
3247 4577 3469 4672 ‘doeere

1873 4683 2204 4739 substantiae.
2280 4675 2786 4734 Contentioslssime
2837 4673 3125 4729 ail‘erentes
3175 4689 3188 4723 :
3247 4667 3469 4724 Verbum

1874 4795 1996 4833 caro
2027 4780 2222 4850 factum
2248 4784 2326 4828 est
2357 4771 2549 4844 (Joan.
2573 4787 2624 4833 ι,
2659 4767 2761 4836 ιι)
2781 4808 2796 4830 ,
2827 4767 3016 4820 volunt
3041 4764 3238 4818 docere
3267 4759 3467 4832 aliquid

1874 4870 1942 4924 de
1965 4869 2146 4925 Verbo
2173 4867 2228 4920 in
2279 4878 2495 4919 carnem
2542 4871 2883 4915 conversum.
2931 4855 3150 4924 Insuper
3195 4851 3358 4906 etiam
3397 4851 3468 4908 de

1875 4961 2056 5014 Maria;
2083 4972 2246 5014 carne
2285 4955 2417 5010 nihil
2465 4967 2587 5010 esse
2632 4955 2942 5018 susceptum
2997 4947 3050 5000 in
3099 4943 3467 5000 incarnatione

1876 5050 2088 5106 Domini
2137 5047 2305 5103 nostri
2352 5045 2480 5100 Jesu
2519 5041 2718 5098 Christi
2760 5039 3095 5096 confirmant.
3129 5037 3250 5108 Egit
3277 5044 3464 5098 contra

1877 5144 2016 5196 hunc
2043 5138 2281 5212 synodus
2309 5139 2363 5192 in
2387 5133 2689 5190 Antiochia.
2721 5135 2739 5152 ‘

2603 5243 2729 5302 LVI.

1951 5365 2006 5419 In
2035 5361 2476 5434 quinquagesima
2506 5369 2658 5418 sexta
2705 5357 2896 5414 hzcresi
2941 5355 2958 5394 τ
3013 5340 3466 5406 Antidicomarita'.

1876 5454 2128 5530 appellati
2157 5462 2282 5512 sunt
2311 5453 2578 5518 haeretici,
2623 5450 2714 5522 qui
2757 5448 2936 5507 Maria:
2980 5434 3265 5530 virginitati
3295 5447 3466 5530 usque

1875 5524 2011 5620 adeo
2038 5544 2432 5622 contradicunt,
2483 5551 2540 5598 ut
2585 5539 2851 5616 afﬁrmem
2897 5549 3016 5589 eam
3047 5537 3167 5601 post
3194 5524 3464 5586 Christum

1947 5682 1972 5733 σ
2005 5682 2102 5737 Ms.
2135 5682 2298 5748 Ang.,
2330 5677 2632 5746 conﬁtentes
2661 5671 2858 5748 dicunt.

1953 5763 1975 5790 ο
2005 5753 2103 5807 Ms.
2137 5738 2297 5817 Aug;
2329 5738 2654 5817 nutiapoue
2674 5738 2866 5817 obesse.

1955 5822 1971 5861 τ
2001 5809 2345 5894 Augustinus,
2373 5809 2932 5882 Antidicomarianitw,
