4088 6346
569 339 758 436 «θοή

1647 368 1873 427 ΑΝοΝιι
1879 368 1925 423 Μ
1933 367 2018 423 US
2056 363 2248 424 AUCT‘

2373 361 2534 419 PRE
2543 362 2916 421 DESTINATI.
3822 370 3908 429 600

660 508 840 554 natum
863 497 978 551 viro
998 494 1159 550 fuisse
1177 494 1542 549 commixtam.
1571 479 1906 559 Egit‘contra
1938 487 2035 542 hos
2063 481 2240 539 'I‘heo-
2265 483 2315 544 Α
2342 481 2498 554 pejus
2540 491 2640 550 est,
2671 484 2800 553 quia
2827 498 3178 555 quoscunque
3207 485 3477 556 simplices
3510 484 3819 555 invenerint,
3844 490 3904 547 ita

656 590 816 647 dotus
842 589 1068 661 Cyprius
1095 588 1401 659 episcopus.

1369 677 1524 734 LVII.

727 772 1236 843 Quinquagesimam
1265 779 1320 827 et
1346 771 1633 842 septimam
1673 769 1920 824 haaresim
1961 767 2276 823 Messalia-.

655 880 847 920 norum
869 864 1170 920 invenimus
1195 881 1207 916 :
1240 864 1385 932 quod
1414 877 1609 918 nomen
1638 877 1709 918 ex
1735 861 1918 932 lingua
1944 859 2079 933 Syra
2123 867 2239 927 est;

652 955 837 1012 Graece
865 966 1045 1011 autem
1067 956 1316 1012 dicuntur
1335 955 1594 1022 Euchitze,
1625 955 1693 1010 ab
1721 955 1929 1011 orando
1955 955 2034 1010 sic
2059 954 2245 1031 appel-

652 1050 768 1106 lati.
800 1050 916 1106 Non
945 1050 1201 1122 psallunt,
1227 1050 1427 1119 jugiter
1453 1057 1631 1105 orant.
1662 1047 1769 1104 Sed
1796 1049 1922 1118 quia
1943 1049 2050 1104 hoc
2067 1048 2242 1104 solum

655 1143 873 1209 faciunt,
913 1159 1023 1198 non
1067 1142 1328 1198 habentes
1374 1142 1832 1214 charitatem_nec
1875 1140 2096 1212 allcquii
2143 1155 2243 1197 nec

655 1233 1022 1300 humanitatis,
1051 1235 1190 1308 inter
1235 1235 1514 1290 haereticos
1559 1242 1684 1289 sunt
1725 1250 1755 1288 a
1802 1243 1988 1289 sancta
2035 1233 2243 1306 synodo

653 1327 936 1382 confutati.
959 1325 1335 1384 Ccndemnant
1354 1329 1516 1383 etiam
1536 1344 1630 1383 eos
1650 1329 1944 1384 monachos
1964 1328 2057 1399 qui
2077 1328 2238 1394 aliud,

653 1429 851 1492 praeter
888 1420 1099 1489 legendi
1127 1421 1422 1489 orandique
1459 1435 1622 1491 opera
1652 1420 1852 1491 aliquid
1882 1420 2079 1475 fuerint
2106 1435 2241 1491 ope-

654 1513 780 1578 rati,
803 1512 890 1567 vel
910 1513 1058 1576 artis,
1085 1512 1166 1566 vel
1187 1512 1539 1580 agriculturae.
1571 1510 1748 1581 Usque
1769 1512 1836 1566 ad
1857 1513 1988 1567 istos
2007 1511 2243 1582 Epipha-

655 1604 776 1659 nius
801 1604 1062 1674 pervenit,
1094 1609 1149 1657 et
1176 1603 1341 1658 siluit.
1366 1601 1542 1658 Credo
1570 1619 1695 1658 eum
1725 1618 1893 1673 usque
1923 1603 1990 1657 ad
2019 1603 2072 1658 id
2099 1610 2238 1658 tem-

655 1695 802 1766 poris
846 1693 1064 1750 vixisse.
1107 1692 1387 1750 Prasterita
1435 1695 1580 1750 enim
1610 1703 1665 1750 et
1693 1695 1976 1765 prgesentia
2007 1694 2242 1750 indicare

643 1786 884 1855 humana
910 1785 1194 1841 curiositas
1233 1793 1430 1860 potest,
1455 1786 1598 1842 Deus
1641 1795 1823 1841 autem
1871 1787 2018 1842 solus
2064 1795 2242 1858 potest

2343 591 2440 632 eos
2465 574 2670 632 faciunt
2711 577 2912 633 sentire
2939 585 2992 633 et
3019 578 3258 634 credere.
3293 578 3408 634 Hoc
3448 578 3624 634 scelus
3650 579 3797 636 valde
3823 582 3906 639 ini-

2343 671 2540 727 micum
2563 671 2752 739 salutis
2779 679 2978 727 nostrae
3017 673 3090 727 ita
3138 680 3383 728 astruunt
3413 691 3426 726 :
3457 671 3602 742 Ergo
3639 672 3776 729 Deus
3809 675 3904 734 illas

2347 762 2538 819 sordes
2583 762 2767 818 habuit
2814 763 3082 820 sustinere
3104 804 3120 829 ,
3165 779 3300 834 quas
3345 759 3607 820 naturalis
3651 769 3902 839 conceptio

2342 863 2531 928 partus
2567 861 2622 910 et
2648 857 2906 926 parientis
2948 857 3164 927 inﬂigit;
3197 857 3492 926 habuitque
3521 858 3618 912 Dei
3645 858 3802 914 Filius
3822 861 3900 915 ha-

2344 945 2474 1002 bere
2501 947 2683 1002 alvum
2710 948 2930 1018 degesta
2959 965 3055 1004 sua
3081 950 3411 1015 abluentem,
3443 950 3726 1005 humorem
3745 951 3805 1007 de
3824 968 3900 1006 na-

2342 1041 2511 1107 ribus,
2541 1042 2764 1097 salivam
2805 1058 2872 1097 ex
2921 1059 3035 1109 ore,
3084 1043 3298 1100 sordem
3345 1043 3402 1098 in
3448 1059 3601 1110 aure,
3648 1045 3704 1100 in
3745 1054 3900 1101 ventre

2343 1140 2578 1189 stercora
2603 1176 2618 1200 ,
2663 1143 2909 1204 putorem
2958 1136 3013 1190 in
3059 1136 3436 1191 exhalatione?
3479 1145 3538 1191 et
3583 1136 3669 1191 his
3715 1137 3893 1201 similia,

2343 1241 2463 1297 qum
2491 1227 2695 1281 insania
2723 1228 2919 1283 mentis
2946 1223 3234 1297 excogitat.
3266 1225 3361 1282 His
3388 1225 3748 1282 Tertullianus
3767 1227 3896 1284 vehe-

2343 1327 2556 1375 menter
2585 1321 2845 1386 occurrit,
2878 1321 3170 1376 ostendens
3191 1320 3289 1375 Dei
3314 1319 3511 1374 Filium
3554 1320 3894 1390 impassibilem

2343 1426 2481 1475 esse,
2513 1419 2569 1467 et
2597 1412 2696 1466 ista
2725 1411 3000 1467 Divinitati
3045 1427 3153 1467 non
3192 1409 3441 1481 injuriam
3483 1411 3582 1467 sed
3619 1410 3892 1466 laudemafc

2343 1503 2504 1558 ferre.
2537 1502 2686 1559 Sicut
2729 1519 2852 1569 rex,
2881 1504 2974 1573 qui
3021 1503 3208 1559 volens
3255 1503 3514 1558 annulum
3543 1518 3760 1558 aureum
3797 1519 3890 1560 cum

2343 1611 2552 1665 gemma
2581 1597 2648 1652 de
2675 1598 2860 1653 cloaca
2889 1585 3090 1661 levare,
3123 1597 3294 1653 induit
3320 1613 3380 1652 se
3399 1596 3658 1652 servilem
3676 1597 3886 1661 tunicam,

2345 1700 2400 1746 et
2428 1691 2506 1746 sic
2533 1690 2809 1746 descendit
2847 1691 2914 1746 ad
2960 1693 3221 1758 cloacam,
3264 1701 3324 1746 ut
3369 1700 3680 1748 stercoreas
3713 1692 3887 1762 injurias

2344 1783 2524 1836 tunica
2554 1782 2643 1836 illa
2673 1783 2960 1853 suscipiat,
2991 1791 3047 1837 et
3073 1783 3295 1858 mittens
3319 1799 3567 1849 manum,
3601 1789 3660 1839 et
3683 1784 3887 1838 annulum

655 1875 828 1931 futura
874 1875 1186 1946 pmdicem.
1230 1876 1430 1932 Verum
1471 1879 1598 1948 quia
1638 1876 1902 1934 Philaster
1944 1880 1994 1933 in
2042 1879 2153 1935 suis
2193 1889 2247 1934 et
2276 1872 2323 1932 Β
2350 1888 2571 1928 aureum
2599 1888 2718 1928 cum
2749 1888 2958 1942 gemma
2993 1875 3246 1945 eripiens,
3275 1889 3414 1944 aqua
3455 1874 3648 1941 abluit,
3688 1883 3736 1930 et
3757 1875 3885 1944 digito

654 1982 765 2038 ipse
793 1966 943 2036 libris
967 1967 1162 2036 quibus
1189 1967 1522 2024 diversorum
1545 1969 1742 2024 retexit
1769 1965 2046 2034 historias,
2080 1971 2240 2026 etiam

653 2058 885 2116 haereses
912 2074 1030 2130 qua:
1060 2067 1192 2116 ortae
1221 2060 1420 2115 fuerint
1439 2123 1442 2126 ,
1459 2063 1668 2116 caeteris
1695 2062 1994 2132 quibusque
2035 2071 2242 2134 tempo-

653 2152 802 2214 ribus
821 2193 836 2218 ,
869 2167 936 2206 ex
966 2153 1082 2221 ejus
1110 2167 1256 2207 nunc
1286 2152 1436 2208 libris
1464 2153 1819 2223 discerpendo
1847 2154 1990 2210 solas
2011 2154 2242 2210 hzereses

655 2243 708 2297 in
737 2242 971 2298 medium
997 2244 1330 2312 exhibemus.
1365 2243 1488 2313 Egit
1515 2253 1704 2301 contra
1732 2246 1834 2301 hos
1857 2243 2093 2318 Ephrem
2115 2263 2240 2318 pre-

654 2335 837 2407 sbyter
863 2333 1142 2405 Syrorum.

1329 2420 1523 2482 LVIII.

725 2517 1233 2587 Quinquagesimam
1252 2526 1308 2572 et
1338 2527 1585 2573 octavam
1606 2519 1852 2575 hmresim
1871 2499 2247 2590 Metaugismo-

659 2611 783 2666 nitre
811 2611 1212 2667 inchoaverunt.
1249 2622 1470 2688 ‘A'nciov
1497 2613 1687 2672 Gneco
1715 2629 1964 2670 sermone
1978 2620 2086 2670 'vas
2112 2615 2244 2670 dici-

659 2713 766 2768 tur,
791 2706 1142 2778 μσταγγισμὸς
1181 2713 1358 2760 autem
1407 2720 1501 2759 vas
1532 2706 1670 2760 intra
1703 2722 1794 2761 vas
1821 2705 2131 2762 advertitur.
2164 2707 2241 2761 Ex
2283 2755 2296 2769 ,

658 2797 763 2851 isto
784 2811 914 2866 ergo
935 2797 1164 2852 articulo
1185 2800 1288 2852 hoc
1311 2799 1408 2853 sibi
1433 2815 1630 2854 nomen
1653 2809 1949 2864 assumunt,
1969 2801 2208 2857 dicentes
2229 2819 2239 2855 :

656 2888 743 2942 Sic.
771 2898 853 2944 est
880 2889 1047 2944 Filius
1076 2890 1127 2944 in
1166 2887 1326 2944 Patre
1355 2891 1628 2961 quomodo
1660 2908 1753 2948 vas
1777 2893 1954 2948 minus
1981 2894 2120 2948 intra
2151 2911 2245 2949 vas

657 2979 847 3047 majus.
880 2980 1026 3048 Quos
1055 2981 1175 3036 ideo
1202 2983 1450 3053 repudiat
1483 2982 1719 3039 Ecclesia
1749 3003 1763 3038 :
1795 2985 1921 3054 quia
1962 2987 2030 3041 de
2067 2987 2245 3042 incor-

660 3086 826 3140 poreo
873 3072 1158 3126 carnaliter
1203 3074 1457 3138 sentiunt,
1506 3083 1561 3129 et
1607 3076 1674 3130 de
1719 3076 2244 3148 incomprehensibili

661 3172 684 3198 ⁸
711 3163 908 3220 liniatis
953 3173 1134 3232 agunt,
1185 3172 1240 3218 et
1285 3165 1352 3219 de
1378 3167 1684 3234 aequalitate
1713 3167 2016 3223 Divinitatis
2049 3169 2245 3238 gradus

2345 1981 2444 2021 suo
2473 1968 2637 2036 regali
2677 1967 2881 2032 induit,
2927 1976 3278 2038 posteaquam
3325 1968 3451 2023 inde
3497 1967 3796 2024 ascenderit.
3826 1967 3883 2022 Ita

2345 2056 2534 2126 procul
2580 2056 2744 2112 dubio
2793 2057 2888 2112 Dei
2939 2057 3105 2112 Filius
3152 2057 3379 2114 formam
3430 2059 3573 2114 servi
3620 2058 3880 2130 suscipiens,

2344 2147 2493 2202 venit
2520 2163 2628 2202 non
2657 2148 2829 2202 solum
2859 2147 2927 2202 ad
2957 2149 3156 2204 inferos
3185 2150 3445 2205 etelorum
3463 2191 3477 2216 ,
3511 2150 3604 2205 ubi
3631 2167 3718 2206 nos
3739 2166 3882 2204 sumus

2345 2239 2438 2308 qui
2467 2237 2710 2292 videmur
2741 2239 2922 2294 vivere
2953 2240 3007 2294 in
3037 2242 3269 2306 mundo,
3317 2241 3412 2298 sed
3442 2243 3604 2297 etiam
3644 2243 3700 2297 ad
3723 2244 3883 2298 inferos

2344 2331 2648 2397 inferiores,
2684 2333 2777 2401 qui
2812 2340 2962 2389 tanto
2992 2349 3022 2388 a
3052 2334 3208 2390 nobis
3236 2342 3360 2391 sunt
3387 2335 3687 2406 profundius
3709 2344 3877 2405 quanto

2344 2435 2444 2477 nos
2472 2439 2658 2479 sumus
2677 2425 2844 2491 cmlo;
2869 2433 2923 2480 et
2945 2433 3002 2480 ut
3023 2426 3146 2481 inde
3165 2427 3460 2481 humanum
3489 2443 3651 2496 genus
3669 2427 3880 2497 eriperet,

2346 2524 2660 2571 cunctarum
2689 2518 2948 2585 sordium,
2974 2535 3084 2574 non
3111 2535 3348 2586 suarum,
3382 2522 3478 2576 sed
3507 2530 3801 2585 nostrarum,
3819 2529 3880 2573 cst

2347 2609 2656 2677 squalorem
2685 2625 2990 2681 perpessus.
3044 2610 3149 2668 Pro
3177 2613 3481 2668 viventibus
3508 2613 3588 2668 sic
3629 2614 3744 2668 vixit
3776 2612 3878 2665 sicut

2349 2716 2448 2754 nos
2476 2703 2569 2770 qui
2607 2702 2862 2770 vivimus,
2893 2703 3026 2758 nihil
3053 2704 3198 2760 aliud
3241 2705 3479 2770 distans,
3530 2705 3632 2759 nisi
3660 2705 3749 2759 hoc
3771 2703 3878 2772 quod

2348 2795 2743 2852 immaculatam
2771 2797 2936 2852 vitam
2961 2798 3220 2861 exercuit,
3245 2798 3450 2852 habens
3483 2799 3624 2852 intra
3650 2802 3702 2852 se
3722 2797 3876 2858 Deum;

2349 2903 2448 2957 pro
2494 2889 2720 2943 mortuis
2771 2889 2850 2944 sic
2899 2898 3170 2956 mortuus,
3223 2889 3352 2942 nihil
3399 2889 3633 2956 distans,
3681 2889 3764 2943 nisi
3803 2887 3879 2942 hoc

2347 2976 2493 3049 quod
2522 2983 2681 3037 tertia
2722 2982 2809 3038 die
2855 2983 3147 3039 resurrexit
3189 2998 3219 3036 a
3246 2983 3508 3048 mortuis;
3542 2992 3597 3038 et
3635 2980 3760 3052 quod
3783 2994 3880 3050 prc-

2349 3081 2535 3143 pterea
2564 3075 2643 3130 sic
2669 3075 2970 3142 descendit,
2998 3085 3056 3131 ut
3083 3085 3298 3133 sanctos
3326 3075 3452 3131 inde
3479 3083 3686 3154 erueret
3709 3079 3756 3128 et
3771 3087 3882 3125 mor-

2349 3167 2418 3221 tis
2437 3168 2733 3239 principem
2756 3170 3026 3238 religaret.
3056 3170 3212 3236 Quod
3234 3178 3416 3224 autem
3437 3169 3685 3225 annulum
3705 3178 3882 3221 aureum

659 3262 919 3307 statuunt.
952 3253 1070 3324 Egit
1093 3262 1282 3310 contra
1311 3256 1410 3312 hos
1445 3233 1715 3312 Diodorus
1761 3233 2249 3330 episcopus'Nico-
2276 3233 2324 3298 ο
2353 3233 2477 3315 cum
2503 3233 2713 3329 gemma
2741 3233 2938 3331 posuit,
2964 3266 3068 3318 hoc
3080 3233 3148 3318 in
3178 3263 3424 3333 sequenti
3445 3262 3668 3318 lectione
3693 3257 3884 3320 edocuit.

660 3346 867 3401 mediae.

1394 3438 1524 3493 LIX.

649 3529 652 3532 ’
731 3527 787 3581 In
816 3527 1257 3597 quinquagesima
1285 3536 1341 3584 et
1367 3545 1509 3585 nona
1551 3531 1740 3587 hazresi
1769 3529 2071 3587 Seleuciani
2101 3542 2244 3602 sunt,

663 3620 769 3672 orti
798 3635 830 3672 a
852 3617 1079 3675 Seleuco
1125 3640 1137 3674 :
1181 3623 1273 3691 qui
1317 3623 1710 3678 elementorum
1737 3626 2020 3680 materiam
2049 3625 2116 3682 de
2143 3639 2248 3696 qua

663 3709 835 3765 factus
855 3718 938 3766 est
957 3698 1203 3778 mundus,
1236 3729 1343 3768 non
1373 3731 1404 3769 a
1427 3715 1536 3770 Dec
1567 3714 1760 3770 factam
1782 3716 1985 3782 dicunt,
2014 3717 2110 3772 sed
2139 3717 2250 3773 Deo

661 3811 984 3858 cuteternam
1017 3823 1032 3857 :
1062 3819 1163 3861 nec
1191 3806 1422 3860 animam
1459 3807 1569 3863 Deo
1599 3807 1841 3863 tribuunt
1869 3811 2122 3875 creatori,
2153 3811 2251 3865 sed

661 3903 940 3951 creatores
959 3912 1078 3952 esse
1091 3898 1397 3953 animarum
1422 3898 1641 3969 angelos
1663 3901 1947 3969 voluntde
1967 3903 2079 3971 igni
2103 3909 2157 3958 et
2184 3903 2251 3957 de

661 3988 872 4057 spiritu.
905 3988 1102 4043 Malum
1131 3999 1313 4045 autem
1334 4000 1582 4047 asserunt
1605 4007 1724 4048 esse
1754 3993 2042 4063 aliquando
2063 4010 2094 4048 a
2115 3994 2248 4060 Deo,

661 4079 950 4148 aliquando
997 4095 1026 4134 a
1074 4082 1318 4137 materia.
1371 4083 1578 4153 Negant
1623 4080 1958 4142 Salvatorem
2006 4087 2061 4141 in
2090 4102 2254 4143 carne

662 4171 852 4225 sedere
901 4171 969 4226 ad
1015 4172 1293 4228 dexteram
1343 4172 1518 4230 Patris
1536 4215 1551 4242 ,
1584 4175 1678 4231 sed
1705 4192 1769 4232 ea
1795 4193 1855 4234 se
1883 4180 2096 4235 exuisse
2123 4197 2251 4251 per-

663 4261 868 4327 hibent,
895 4276 1124 4331 eamque
1153 4263 1207 4318 in
1229 4264 1344 4318 sole
1371 4267 1634 4334 posuisse,
1664 4268 1990 4337 accipientes
2011 4272 2254 4326 occasio-

662 4365 787 4406 nem
825 4352 893 4406 de
923 4352 1132 4422 psalmo
1161 4355 1250 4408 ubi
1284 4342 1489 4423 legitur
1521 4374 1533 4409 :
1570 4355 1634 4410 In
1663 4357 1772 4412 sole
1805 4361 1976 4429 posuit
2014 4359 2254 4415 taberna-

661 4443 833 4496 aulum
859 4458 1008 4495 suum
1033 4441 1204 4514 (Pent.
1237 4461 1381 4509 xvm,
1404 4445 1480 4515 6).
1513 4434 1719 4516 Negant
1749 4450 2010 4506 visibilem
2040 4445 2253 4522 paradi-

663 4547 804 4596 sum,
815 4532 1141 4603 baptismum
1156 4535 1210 4609 in
1225 4550 1362 4604 aqua
1380 4552 1485 4591 non
1501 4539 1786 4608 accipiunt,
1803 4545 2252 4600 resurrectionem

2351 3351 2497 3421 quod
2526 3353 2780 3408 annulum
2810 3369 3008 3424 corpus
3035 3354 3292 3424 posuerit,
3321 3368 3588 3423 gemmam
3607 3366 3725 3408 vero
3749 3348 3888 3404 inclu-

2351 3457 2467 3497 sam
2495 3458 2614 3498 esse
2643 3444 2876 3498 animam
2903 3444 3213 3499 declaravit.
3251 3443 3404 3500 Hunc
3433 3459 3560 3513 ergo
3585 3442 3818 3498 annulum
3836 3438 3891 3493 de

2350 3537 2679 3593 stercoribus
2717 3539 2950 3608 antiquis
2978 3546 3032 3593 et
3068 3538 3136 3593 de
3162 3537 3346 3593 cloaca
3370 3537 3528 3607 hujus
3563 3535 3733 3590 mundi
3761 3532 3892 3589 Chri-

2351 3638 2466 3686 stus
2493 3631 2711 3686 elevans
2732 3647 2796 3688 ac
2817 3632 3154 3703 baptismatis
3174 3631 3312 3687 unda
3329 3630 3650 3701 perfundens,
3677 3627 3740 3680 ab
3758 3624 3893 3680 omni

2351 3722 2604 3792 squalore
2652 3723 2906 3793 abluens,
2958 3723 3010 3777 in
3054 3723 3164 3778 suis
3194 3723 3310 3778 fecit
3334 3722 3527 3776 sanctis
3557 3715 3783 3772 manibus
3804 3729 3889 3768 ra-

2352 3813 2521 3867 diare.
2553 3812 2824 3882 Siquidem
2852 3814 2923 3868 ita
2953 3814 3148 3883 legitur
3190 3833 3201 3866 :
3244 3811 3502 3867 Justorum
3530 3819 3684 3863 autem
3717 3808 3896 3861 animo:

2351 3905 2408 3958 in
2436 3920 2594 3958 manu
2623 3903 2721 3958 Dei
2748 3912 2868 3959 sunt
2895 3904 3059 3975 (Sap.
3087 3921 3169 3968 in,
3203 3904 3226 3958 l
3250 3905 3288 3975 ).
3322 3901 3388 3958 Et
3410 3904 3593 3958 iterum
3624 3919 3637 3952 :
3669 3898 3805 3953 Pone
3829 3913 3898 3951 me

2350 3999 2485 4050 sicut
2511 3996 2756 4050 annulum
2785 3998 2841 4050 in
2869 4013 3024 4050 manu
3049 4007 3134 4049 tua
3158 3995 3330 4068 (Cant.
3355 4010 3465 4056 vin,
3492 3994 3564 4063 6).
3588 3991 3651 4045 Et
3674 4010 3687 4044 '.
3713 3989 3774 4044 In
3800 4006 3896 4042 ma-

2356 4109 2451 4145 nus
2481 4100 2597 4144 tuas
2625 4090 2925 4145 commendo
2956 4092 3202 4157 spirirum
3229 4105 3398 4143 meum
3421 4087 3588 4158 (Psal.
3612 4100 3732 4146 xxx,
3762 4080 3835 4152 6);
3855 4089 3896 4133 et

2356 4183 2562 4237 inlinita
2589 4191 2715 4236 sunt
2743 4183 2824 4236 his
2850 4181 3044 4236 similia
3074 4182 3128 4236 in
3154 4181 3323 4236 sacris
3355 4179 3622 4251 apicibus,
3673 4190 3782 4246 quae
3821 4187 3898 4227 nos
3981 4177 3986 4182 '

2355 4290 2517 4329 causa
2543 4274 2825 4329 brevitatis
2871 4275 3203 4338 omittentes,
3236 4271 3302 4326 ad
3330 4271 3714 4339 sexagesimam
3739 4274 3789 4321 et
3809 4263 3895 4335 pri-

2353 4381 2497 4420 mam
2527 4366 2785 4420 hacresem
2821 4359 3156 4419 accedamus.

3081 4453 3214 4508 LXI.

2425 4549 2824 4618 Sexagesimam
2855 4556 2909 4604 et
2935 4550 3160 4619 primam
3189 4547 3436 4602 haeresim
3483 4543 3766 4599 Patriciaui
3791 4539 3902 4597 ΐθεθιρ

663 4637 772 4678 non
801 4618 1028 4679 credunt
1057 4624 1311 4692 futuram,
1343 4628 1437 4682 sed
1459 4630 1700 4697 quotidie
1727 4643 1976 4688 asserunt
2006 4635 2056 4689 in
2086 4648 2251 4703 gene-
2279 4615 2332 4675 Ῑ)
2356 4651 2512 4709 runt,
2544 4615 2592 4697 a-
2605 4641 2838 4697 Patricio
2865 4615 3138 4696 sumentes
3165 4639 3467 4696 exordium.
3502 4638 3571 4694 Hi
3599 4633 3903 4693 substantiam

661 4717 892 4773 ratione
914 4716 1164 4774 ﬁliorum.
1217 4719 1330 4775 Hos
1378 4738 1500 4782 non
1531 4722 1767 4780 admittit
1803 4725 2099 4799 disciplina
2130 4732 2265 4788 fidei

653 4817 861 4864 nostra:
888 4812 1166 4868 nobiscum
1207 4811 1651 4883 disceptationem
1692 4832 1998 4886 assumere,
2031 4821 2125 4877 sed
2154 4839 2252 4893 pro

662 4901 1062 4960 deﬁnitionibus
1088 4907 1198 4962 suis
1243 4923 1338 4963 eos
1366 4909 1622 4980 praecepit
1669 4911 1998 4968 anathemati
2044 4918 2247 4972 manci-

654 4997 800 5068 pari.

1381 5096 1514 5151 “LX.

733 5180 1135 5251 Sexagesimam
1175 5184 1420 5241 haeresim
1467 5185 1886 5244 Proclinianistte
1925 5205 1956 5245 a
2001 5189 2252 5248 Proclino

651 5273 923 5344 fecerunt.
950 5273 1144 5329 Dicunt
1164 5275 1251 5330 isti
1274 5276 1367 5330 Dei
1395 5277 1588 5332 Filium
1613 5280 1692 5335 sic
1715 5283 1958 5350 paruisse
1986 5283 2038 5337 in
2071 5285 2246 5349 terris,

661 5366 800 5421 sicut
828 5365 1156 5436 Raphaelem
1185 5367 1456 5437 angelum,
1487 5376 1578 5424 aut
1597 5367 1920 5437 Gabrielem,
1950 5389 2056 5428 non
2086 5389 2250 5428 carne

663 5466 955 5528 assumpta,
977 5459 1072 5515 sed
1092 5461 1226 5516 visa.
1253 5459 1343 5515 Sic
1369 5476 1428 5516 se
1449 5462 1676 5518 miscent
1698 5465 1897 5534 popqu
1917 5464 2034 5531 Dei,
2059 5475 2117 5520 ut
2139 5482 2246 5521 non

666 5547 1047 5618 intelligantur.
1097 5551 1338 5622 Denique
1379 5553 1505 5623 quia
1549 5554 1753 5609 nullum
1799 5555 1964 5609 alium
2008 5571 2248 5612 errorem

667 5641 958 5707 patiuntur,
988 5645 1388 5700 communicant
1429 5645 1704 5702 nobiscum
1733 5662 1748 5700 :
1783 5654 1839 5701 et
1865 5646 1970 5702 hoc
1995 5654 2080 5702 est
2105 5648 2249 5720 quod

741 5838 768 5866 ⁸
798 5827 894 5885 Ms.
927 5827 1088 5900 Aug.,
1124 5834 1352 5889 (imitate.

2357 4735 2534 4788 carnis
2579 4735 2825 4788 humana:
2873 4749 2980 4789 non
3010 4749 3041 4787 a
3069 4733 3200 4796 Deo,
3232 4731 3326 4786 sed
3354 4746 3386 4785 a
3415 4730 3643 4786 diabolo
3678 4724 3905 4784 conditam

2357 4825 2572 4891 dicunt;
2603 4840 2830 4896 eamque
2864 4825 2941 4880 sic
2967 4824 3323 4888 detestantur,
3357 4831 3416 4878 ut
3445 4823 3596 4878 hunc
3624 4821 3794 4876 dicant
3815 4827 3906 4870 esse

2357 4916 2652 4987 perfectum
2679 4917 2770 4986 qui
2789 4916 3098 4988 sepotuerit
3120 4922 3430 4971 constanter
3462 4912 3732 4970 occidere.
3763 4908 3830 4963 Ex
3845 4905 3908 4960 his

2357 5018 2482 5065 sunt
2519 5009 2778 5078 aliquanti
2806 5008 2898 5080 qui
2928 5008 3089 5063 etiam
3117 5014 3312 5076 rogant
3340 5019 3435 5060 eos
3465 5020 3612 5076 quos
3651 4998 3908 5058 invenerint

2355 5105 2589 5171 ignotos,
2620 5110 2678 5156 ut
2698 5101 2766 5156 ab
2790 5101 2868 5156 eis
2887 5101 3221 5157 occidantur.
3244 5097 3370 5153 Haec
3390 5098 3608 5152 insania
3633 5097 3685 5151 in
3713 5092 3913 5167 partibus

2355 5193 2614 5248 Numidize
2660 5192 2956 5262 superioris
3001 5200 3057 5246 et
3101 5190 3433 5245 Mauritanize
3465 5190 3642 5259 C(Bpit
3669 5187 3806 5243 olim.
3833 5182 3912 5236 Hos

2356 5285 2535 5340 miseri
2569 5284 2858 5338 Donatistze
2899 5292 3087 5354 postea
3116 5281 3315 5347 secuti,
3347 5290 3642 5351 coeperunt
3671 5295 3728 5334 se
3755 5273 3916 5332 montis

2349 5375 2650 5447 puecipitic
2689 5376 2842 5444 quasi
2887 5375 3053 5428 futuri
3101 5381 3366 5445 martyres
3410 5371 3642 5427 tradere
3691 5389 3704 5424 :
3749 5376 3802 5423 ut
3849 5361 3917 5432 qui

2357 5467 2517 5522 vitam
2545 5474 2802 5521 :eternam
2830 5467 3108 5523 catholica:
3148 5463 3269 5520 ﬁdei
3297 5463 3715 5536 derelinquunt,
3745 5457 3918 5515 viotha-

2355 5559 2468 5616 nati
2495 5567 2754 5616 aeternam
2775 5569 3006 5617 mortem
3039 5559 3332 5616 inveniant.
3362 5555 3572 5613 Contra
3604 5558 3706 5612 hos
3730 5551 3921 5624 Optatui

2357 5651 2553 5722 legitur
2574 5651 2770 5722 egisse.
2999 5654 3005 5659 '
