4088 6346
130 717 143 840 l

860 513 1013 569 LXII.

215 614 562 685 Sexagesima
582 609 814 668 secunda
839 582 1054 663 haeresis
1085 604 1387 660 Ascitarum
1413 609 1516 656 est.
1551 598 1744 653 Ascitaa

152 725 270 782 ergo
300 711 372 764 ab
401 714 522 762 utre
567 703 927 776 appellantur.
981 700 1163 760 Ἀσκὸς,
1199 695 1343 752 enim
1390 692 1576 749 Gmce
1620 697 1742 746 uter

131 783 358 864 ldicitur.
405 799 498 854 Isti
545 812 668 853 cum
715 795 771 854 in
818 791 1083 848 Trinitate
1130 787 1265 844 nihil
1311 785 1439 840 mali
1487 783 1738 845 habeant,

132 875 316 948 {utrem
349 900 529 945 tamen
559 889 833 956 ingentem
855 887 1012 955 juxta
1040 883 1211 937 altare
1237 886 1478 951 ponunt,
1509 888 1742 942 eumque

152 1000 372 1042 vacuum
405 983 627 1047 inﬂant,
658 989 714 1036 et
741 976 1143 1034 linteaminibus
1182 973 1366 1028 velant
1411 978 1466 1025 et
1494 969 1739 1030 adorant,

151 1077 269 1148 quia
299 1073 611 1132 confecwm
650 1071 860 1128 cruoris
904 1067 1118 1125 Domini
1159 1066 1233 1121 ibi
1283 1062 1561 1132 adjiciunt,
1612 1056 1744 1114 illud

151 1172 392 1227 dicentes
420 1165 789 1235 evangelicum
817 1181 830 1216 :
876 1162 1062 1216 Vinum
1108 1173 1293 1213 novum
1321 1157 1375 1209 in
1401 1161 1543 1207 utres
1586 1166 1744 1206 novos

153 1263 425 1335 adjiciunt,
454 1267 504 1314 et
531 1265 746 1329 utraque
774 1261 1142 1310 conservantur
1169 1248 1386 1322 (Matth.
1411 1263 1488 1312 ιχ,
1519 1245 1629 1328 I'I).

870 1343 1047 1400 LXIII.

214 1442 566 1514 Sexagesima
615 1439 773 1494 tertia
832 1437 1052 1506 haeresis
1109 1441 1194 1488 est
1237 1427 1737 1501 Passalorynchitas.

151 1540 349 1594 Omnes
371 1535 588 1606 quando
617 1533 685 1588 ad
712 1531 1011 1588 Ecclesiam
1031 1543 1181 1583 suam
1205 1525 1564 1588 conveniunt,
1593 1527 1745 1574 tanto

153 1630 370 1686 silentio
394 1627 643 1690 student,
688 1632 750 1678 ut
786 1630 842 1678 et
869 1621 1088 1677 naribus
1125 1628 1180 1674 et
1207 1617 1364 1672 labiis
1385 1616 1494 1672 suis
1519 1613 1746 1681 digitum

153 1729 450 1795 apponant,
493 1730 561 1776 ne
598 1717 685 1773 vel
725 1718 894 1788 ipsam
935 1714 1357 1772 taciturnitatem
1396 1709 1612 1763 ﬂatibus
1651 1705 1746 1760 Iz-

154 1818 302 1872 dant.
337 1815 447 1870 Cur
474 1821 656 1868 autem
681 1826 779 1882 per
805 1809 986 1882 palum
1026 1807 1252 1876 digitum
1297 1801 1598 1872 signiﬁcare
1625 1813 1745 1852 ma-

630 393 1215 458 pnmnnsrmarus
1253 351 1404 448 sive
1443 383 2144 446 pammsrmnonum
2184 380 2522 448 nmnasns,
2565 380 2715 436 mc.
2759 380 2883 436 un.
2925 380 2967 435 ι.

3328 381 3433 439 CIII

1760 509 1810 568 Α
1834 503 1914 559 Illi
1943 504 2044 558 hoc
2074 501 2140 557 ad
2169 501 2521 557 substantiam
2552 517 2581 555 a
2611 501 2792 572 specie
2822 497 3228 566 transferentes,
3254 500 3428 557 malo-

1842 609 1959 650 rum
1989 594 2159 650 Deum
2187 600 2434 648 asserunt
2479 601 2800 648 creatorem.
2844 591 2979 647 Cmn
3007 601 3253 648 creatura
3284 593 3428 648 nulla

1841 688 1911 744 sit
1937 688 2098 753 mala,
2129 695 2372 757 possunt,
2407 693 2464 741 ut
2491 684 2668 751 video,
2702 685 2871 741 Deum
2900 685 3276 756 blasphemare
3302 701 3429 756 per-

1840 796 2056 837 versum
2078 780 2202 850 quia
2223 778 2352 834 dicit
2373 777 2438 833 ad
2461 777 2717 848 populum
2746 795 2759 830 :
2789 776 2849 832 Si
2873 777 3256 846 mbulaqeritis
3286 777 3429 842 recti,

1840 882 1890 928 et
1924 891 2017 945 ego
2055 870 2311 926 vobiscum
2338 868 2611 924 ambulabo
2640 877 2837 934 recms;
2862 870 2910 923 si
2937 878 3111 924 autem
3139 868 3435 924 ambulare-

1843 967 1958 1020 ritis
1981 964 2222 1036 perversi,
2247 972 2294 1017 et
2313 978 2407 1034 ego
2427 961 2664 1016 incedam
2683 960 2942 1015 vobiscum
2959 971 3228 1032 pervasus
3244 960 3432 1033 (Leuit.

1842 1073 1998 1122 xxvi,
2023 1055 2144 1124 25).

2545 1144 2723 1200 LXVI.

1919 1240 2265 1310 Sexagesima
2294 1247 2448 1294 sexta
2471 1239 2693 1294 haeresis
2713 1238 3087 1295 Florianorum
3109 1256 3140 1294 a
3162 1238 3438 1306 Floriano,

1843 1333 1937 1402 qui
1964 1332 2095 1388 dicit
2131 1331 2302 1386 malas
2331 1331 2537 1385 animas
2565 1340 2622 1386 et
2649 1333 2819 1386 bonas
2849 1348 2877 1386 a
2909 1331 3021 1387 Deo
3051 1331 3243 1387 creari.
3287 1331 3438 1398 Ideo,

1846 1423 2039 1493 inquit,
2071 1423 2163 1493 qui
2190 1421 2441 1476 malitiosi
2471 1430 2627 1485 sunt,
2661 1421 2786 1475 mali
2814 1429 2970 1487 sunt,
3000 1431 3058 1477 et
3085 1437 3193 1476 non
3221 1428 3438 1475 mutan-

1847 1523 1960 1580 tur;
1991 1522 2047 1570 et
2074 1514 2202 1570 boni
2250 1512 2565 1583 simpliciter
2610 1513 2854 1567 viventes
2900 1529 3007 1568 non
3057 1513 3110 1568 in
3157 1511 3438 1567 audaciam

1846 1607 2151 1677 iniquorum
2199 1605 2476 1660 hominum
2520 1605 2926 1674 protrahuntur.
2977 1604 3131 1670 Quod
3177 1604 3376 1659 dictum
3405 1620 3435 1657 a

1850 1699 2139 1756 Theodoro
2168 1699 2406 1754 breviter
2432 1697 2665 1752 vincitur
2694 1697 2768 1750 ita
2802 1714 2814 1748 :
2846 1693 3010 1750 Iudas
3039 1695 3210 1749 bonus
3238 1695 3355 1760 fuit,
3385 1701 3461 1748 et'

1847 1793 2022 1849 factus
2049 1801 2132 1848 est
2161 1791 2408 1846 traditor.
2436 1789 2558 1860 Ipso
2587 1797 2832 1858 tempore
2859 1803 2967 1856 quo
2995 1787 3250 1840 meretrix
3279 1785 3442 1855 pessi-

152 1913 369 1974 luerint,
397 1926 428 1966 a
455 1909 650 1980 quibus
678 1876 783 1962 hoc
806 1876 1009 1961 nomen
1038 1899 1400 1971 compositum
1428 1903 1510 1951 est
1539 1893 1742 1956 nescio,
1772 1885 1822 1947 Β
1849 1900 1936 1939 ma
1965 1884 2214 1957 Iacrymis
2241 1883 2450 1951 rigabat
2477 1880 2644 1952 pedes
2673 1880 2809 1949 ejus,
2839 1876 3262 1933 misericordiam
3289 1891 3439 1945 qua:-

152 2022 269 2060 cum
286 2002 474 2058 Graece
490 2001 757 2062 πάσσαλος-
775 1998 930 2068 palus
943 1996 1172 2058 dicatur,
1192 1999 1246 2047 et
1260 1991 1458 2059 digitus
1477 1987 1743 2050 δάκτυλος,

153 2104 206 2152 et
227 2097 434 2172 ῥύγχος
464 2109 644 2148 nasus.
677 2089 866 2144 Melius
886 2093 1068 2141 autem
1099 2083 1231 2138 mihi
1259 2081 1472 2136 videtur
1490 2079 1536 2134 si
1559 2078 1752 2147 Dacty-

155 2169 470 2260 Iorynchitze
497 2183 821 2239 vocitentur.
869 2177 1080 2232 Invenit
1125 2175 1226 2228 sibi
1273 2171 1520 2227 diabolus
1549 2169 1604 2222 in
1632 2169 1754 2236 lege

153 2279 250 2336 Dei
279 2295 418 2349 quos
446 2278 650 2332 faceret
677 2271 1040 2342 Pythagoras,
1071 2265 1201 2320 illud
1229 2264 1578 2318 observantes
1605 2260 1753 2329 Apo-

153 2373 280 2428 διοιὶ
316 2389 328 2422 :
366 2367 537 2422 Orabo
567 2366 773 2437 spiritu,
804 2359 965 2416 orabo
998 2367 1048 2411 et
1083 2365 1282 2419 mente;
1309 2351 1565 2423 psalmum
1586 2350 1758 2403 dicam

152 2464 368 2533 spiritu,
395 2458 648 2529 psalmum
677 2454 847 2508 dicam
874 2462 923 2506 et
943 2459 1111 2504 mente
1133 2446 1184 2517 (l
1209 2445 1329 2500 Cor.
1356 2460 1466 2509 xlv,
1500 2441 1611 2516 I5).
1645 2440 1756 2533 Do-

155 2530 293 2608 cent
332 2564 462 2618 ergo
508 2546 756 2602 homines
801 2543 944 2598 foras
993 2539 1277 2595 ecclesiam
1321 2535 1448 2607 quid
1494 2534 1676 2589 dicant
1701 2530 1757 2585 in

156 2641 424 2698 cordibus
451 2639 563 2694 suis
589 2639 730 2693 intra
759 2633 1044 2691 ecclesiam
1074 2629 1257 2701 positi.
1287 2626 1450 2694 Quasi
1479 2641 1586 2679 non
1617 2622 1770 2692 idem.
1805 2663 1808 2666 «

156 2733 460 2804 Apostolus
488 2731 730 2787 dixerit:
763 2726 932 2782 Corde
976 2723 1202 2778 creditur
1244 2719 1313 2773 ad
1343 2718 1623 2790 justitiam,
1670 2730 1760 2769 ore

159 2835 339 2880 autem
366 2823 621 2894 confessio
649 2821 712 2890 ﬁt
735 2819 806 2872 ad
831 2818 1048 2872 salutem
1090 2811 1278 2885 (Rom.
1304 2827 1336 2865 x
1354 2850 1370 2874 ,
1395 2809 1460 2863 IO
1477 2808 1516 2878 ).
1549 2806 1760 2861 Vanum

159 2919 291 2974 dico
320 2929 421 2986 ego
450 2929 570 2970 cum
602 2913 842 2968 laborem
871 2909 1130 2978 arripere,
1161 2906 1253 2975 qui
1285 2904 1534 2973 dignatur
1567 2901 1762 2956 talibus

162 3006 544 3080 respondendo
590 3013 801 3074 tempus
846 3013 1187 3063 consumere,
1231 2997 1542 3066 justumque
1580 2993 1765 3061 judico

167 3110 227 3157 ut
259 3108 503 3156 tacentes
530 3096 759 3153 tacendo
789 3095 1084 3149 vincamus.

880 3182 1063 3238 LXIV.
1109 3207 1116 3223 ι

1853 1993 1999 2042 rens,
2029 1977 2076 2031 si
2103 1977 2337 2030 animam
2366 1973 2565 2028 malam
2595 1973 2783 2028 habuit
2809 1971 3021 2036 mulier,
3053 1984 3221 2040 quare
3249 1969 3303 2023 in
3333 1985 3445 2022 me-

1853 2069 2073 2125 retricio
2097 2069 2322 2123 crimine
2351 2081 2458 2121 non
2487 2082 2554 2121 eo
2582 2074 2826 2135 tempore
2847 2062 3195 2135 perduravit?
3223 2061 3447 2116 Constat

1857 2176 1988 2231 ergo
2018 2162 2224 2216 animas
2250 2160 2422 2216 bonas
2449 2175 2478 2214 a
2508 2159 2621 2214 Deo
2649 2157 2927 2214 conditas:
2951 2157 3146 2228 quibus
3167 2172 3264 2227 per
3292 2163 3448 2209 natu-

1857 2272 1970 2312 ram
2003 2258 2105 2310 hoc
2133 2255 2312 2309 inesse
2340 2261 2553 2309 creator
2581 2251 2833 2316 indulsit,
2874 2259 2934 2306 ut
2974 2267 3097 2306 cum
3138 2250 3246 2304 sint
3271 2248 3448 2314 bonae,

1857 2366 1966 2405 non
1997 2349 2171 2404 solum
2201 2356 2323 2403 actu
2353 2362 2451 2402 suo
2477 2347 2848 2410 meliorentur,
2895 2344 2990 2400 sed
3040 2345 3203 2400 etiam
3251 2345 3303 2398 in
3334 2343 3449 2414 ipsa

1858 2441 2068 2513 possint
2099 2439 2432 2508 malignitate
2459 2437 2722 2501 converti,
2754 2435 2880 2491 dum
2909 2435 3038 2491 illud
3064 2436 3338 2506 diligentia
3365 2434 3449 2490 in-

1857 2533 2024 2598 venit,
2056 2532 2160 2586 hoc
2189 2531 2412 2586 incurrit
2443 2529 2786 2598 negligentia.

2547 2620 2750 2676 LXVII.
2788 2617 2792 2624 ’

1931 2716 2276 2785 Sexagesima
2297 2722 2353 2770 et
2371 2714 2599 2786 septima
2620 2714 2839 2770 haeresis
2869 2721 2952 2768 est
2969 2711 3447 2776 Satannianorum,

1861 2825 1892 2864 a
1925 2809 2205 2864 Satannio.
2231 2806 2299 2861 Hi
2328 2807 2541 2873 dicunt,
2573 2813 2701 2876 post
2729 2806 3177 2860 resurrectionem
3208 2813 3449 2860 mortuo-

1860 2917 2016 2965 rum,
2059 2900 2113 2955 in
2162 2898 2354 2953 eodem
2383 2905 2527 2951 statu
2569 2898 2758 2965 inquo
2796 2912 2938 2951 nunc
2974 2911 3159 2950 sumus
3200 2912 3307 2950 non
3336 2909 3456 2950 esse

1865 3007 2181 3057 mansuros;
2214 3005 2389 3059 neque
2419 2989 2491 3044 ita
2521 3005 2641 3044 esse
2669 2988 2986 3055 mutandos,
3034 2997 3094 3044 ut
3145 2988 3214 3044 sit
3260 2988 3454 3045 cmlum

1867 3098 2066 3139 novum
2094 3091 2149 3139 et
2176 3089 2320 3137 terra
2349 3097 2509 3147 nova,
2533 3081 2672 3136 sicut
2688 3088 2872 3136 sancta
2893 3080 3166 3151 Scriptura
3194 3071 3459 3151 promittit

1872 3173 1947 3246 (ll
1977 3173 2121 3230 Petr.
2147 3189 2231 3240 ιιι,
2259 3170 2382 3243 15).
2414 3173 2613 3228 Contra
2661 3173 2760 3227 hos
2809 3173 3086 3242 utriusque
3127 3170 3458 3229 Testamenti

245 3283 594 3353 Sexagesima
621 3287 815 3352 quarta
860 3275 1080 3331 haeresis
1126 3269 1514 3341 Aquariorum,
1559 3267 1652 3338 qui
1698 3281 1766 3322 ex
1791 3259 1840 3323 C
1870 3269 2068 3338 scripta
2099 3267 2386 3322 luctantur.

173 3379 283 3435 hoc
309 3375 563 3448 appellati
590 3380 716 3429 sunt
744 3368 994 3440 Aquarii,
1038 3358 1181 3435 quod
1221 3377 1414 3433 aquam
1455 3357 1688 3415 offerunt
1714 3357 1768 3412 in

175 3471 375 3542 poculo
404 3465 748 3524 sacramenti.
773 3461 968 3516 Dicunt
986 3457 1128 3514 enim
1151 3456 1335 3510 vinum
1356 3453 1634 3510 ebrietatis
1653 3467 1773 3508 esse

176 3579 332 3628 rem,
363 3575 462 3632 per
487 3573 650 3630 quam
687 3551 974 3610 homicidia
1003 3552 1058 3606 et
1085 3547 1469 3605 fornicationes
1495 3553 1552 3602 et
1577 3553 1773 3601 cetera

175 3654 389 3712 scelera
417 3656 816 3723 perpetrantur,
847 3659 970 3701 cum
998 3648 1210 3699 constet
1247 3640 1428 3696 omnia
1457 3637 1774 3694 excedentia

176 3746 402 3801 modum
429 3745 638 3800 crimen
665 3739 862 3804 facere,
886 3746 941 3793 et
965 3737 1154 3790 vitium
1175 3745 1483 3804 procreare.
1508 3729 1624 3784 Non
1646 3742 1776 3796 ergo

178 3837 297 3892 vini
327 3838 550 3897 haustu,
581 3831 677 3887 sed
721 3829 1029 3890 nimietate,
1075 3825 1299 3880 crimina
1345 3821 1773 3877 committuntur.

178 3929 329 3995 Quid
361 3935 444 3983 est
471 3924 614 3978 enim
642 3911 788 3990 quod
814 3918 975 3972 nimis
1002 3923 1274 3985 sumptum
1313 3928 1423 3968 non
1450 3911 1662 3982 culpam
1692 3909 1778 3964 in-

183 4019 408 4075 currat?
438 4015 658 4068 Bibatur
687 4010 844 4064 nimis
873 4023 1040 4076 aqua,
1070 4006 1349 4062 videamus
1376 4004 1422 4058 si
1450 4018 1558 4057 non
1586 4000 1777 4064 laedat;

185 4107 511 4166 comedatur
557 4103 716 4157 nimis
758 4100 946 4172 panis,
977 4091 1254 4154 videamus
1279 4096 1326 4150 si
1355 4109 1461 4150 non
1507 4092 1783 4164 crapulam

185 4199 372 4255 faciat.
426 4196 696 4267 Optimum
752 4207 882 4261 ergo
937 4191 990 4244 in
1044 4188 1206 4244 rebus
1259 4187 1510 4243 omnibus
1563 4183 1805 4240 modum-

138 4280 155 4296 ’
187 4297 474 4353 tenentes,
505 4287 668 4341 etiam
697 4285 795 4340 hos
832 4281 1378 4346 anathematizamus,
1411 4295 1507 4335 cur
1533 4275 1802 4335 cruorem

189 4381 394 4439 Christi
423 4396 453 4434 a
483 4378 631 4434 fonte
659 4381 1003 4446 separantes,
1047 4370 1354 4443 praajudicio
1394 4369 1779 4425 fornicatorum

191 4485 252 4533 ct
298 4473 718 4536 homicidarum,
762 4468 1002 4538 regulam
1043 4483 1074 4522 a
1117 4464 1331 4521 Christo
1373 4463 1647 4528 fundatam
1686 4476 1782 4517 au-

192 4567 383 4624 dacter
411 4575 437 4603 δι
469 4562 776 4631 infringant.

912 4648 1071 4717 LXV.

267 4747 614 4818 Sexagesima
636 4744 822 4816 quinta
841 4741 1060 4798 haeresis
1080 4739 1106 4780 δ
1127 4739 1569 4796 Coluthianorum
1598 4751 1630 4792 a
1657 4751 1786 4807 quo-

194 4845 324 4900 dam
349 4840 582 4896 Colutho
611 4837 846 4894 emersit.
881 4822 946 4888 Hi
988 4833 1174 4890 dicunt
1208 4832 1377 4888 Deum
1404 4845 1618 4887 creasse
1645 4827 1787 4883 mala

194 4943 251 4991 et
280 4935 428 4989 bona
453 4949 465 4984 :
489 4928 783 4986 secundum
809 4927 1046 4982 litteram
1065 4925 1361 4980 sentientes
1381 4923 1524 4992 quod
1554 4921 1783 4976 dicitur:

195 5028 318 5098 Ego
347 5023 487 5079 Deus
515 5039 695 5077 creans
734 5021 875 5074 mala
903 5026 954 5072 et
991 5019 1188 5090 faciens
1215 5014 1350 5070 bona
1385 5014 1520 5086 (Isa.
1555 5029 1677 5078 va,
1711 5010 1786 5082 7).

2555 3358 2780 3414 LXVIII.

1946 3450 2291 3521 Sexagesima
2319 3457 2374 3504 et
2403 3458 2592 3504 octava
2617 3449 2836 3504 haeresis
2863 3455 2945 3503 cst
2964 3446 3460 3519 Gymnopodarum.

1877 3543 1943 3599 Ili
1974 3545 2129 3599 nudis
2156 3543 2383 3614 pedibus
2421 3557 2636 3610 semper
2661 3540 2968 3603 ambulant,
3001 3553 3068 3593 eo
3096 3537 3239 3607 quod
3269 3537 3464 3592 dixerit

1879 3635 2137 3689 Dominus
2165 3633 2232 3686 ad
2260 3631 2482 3703 Moysen
2510 3649 2522 3684 :
2553 3631 2708 3687 Solve
2736 3631 3137 3685 calceamentum
3164 3629 3229 3684 de
3255 3628 3467 3700 pedibus

1883 3727 1981 3790 ttu's
2012 3723 2206 3796 (Exod.
2233 3739 2317 3786 ιιι,
2349 3721 2432 3792 5);
2465 3731 2521 3778 et
2547 3722 2690 3792 quod
2720 3731 2937 3778 sanctus
2964 3723 3128 3779 Isaias
3152 3722 3345 3790 legitur
3374 3737 3467 3774 nu-

1883 3816 1962 3871 dis
1991 3815 2201 3887 pedibus
2229 3813 2520 3869 ambulasse
2562 3814 2697 3885 (Isa.
2743 3831 2814 3868 xx
2833 3855 2846 3879 ,
2890 3813 2970 3884 2).
3000 3813 3124 3869 Ideo
3153 3813 3209 3868 hi
3237 3813 3468 3868 schisma

1882 3909 2103 3971 faciunt,
2135 3908 2390 3977 quoniam
2417 3907 2688 3962 calceatos
2715 3906 3094 3962 condemnant.

2582 3993 2768 4053 LXIX.
3461 4051 3466 4056 .

1957 4091 2013 4146 In
2042 4091 2430 4160 sexagesimam
2469 4098 2524 4146 et
2565 4105 2762 4146 nonam
2803 4089 3062 4143 haaresem
3107 4085 3398 4142 Donatistae
3440 4103 3472 4144 a

1887 4184 2097 4239 Donato
2125 4183 2300 4239 exorti
2345 4191 2467 4237 sunt
2509 4200 2522 4235 :
2567 4182 2660 4253 qui
2701 4187 2925 4252 propter
2952 4179 3256 4235 ordinatum
3285 4185 3474 4236 contra

1887 4290 2037 4330 suam
2088 4273 2420 4330 voluntatem
2466 4271 2809 4328 Caecilianum
2833 4314 2848 4336 ,
2900 4269 3154 4325 Ecclesiae
3197 4269 3475 4340 Carthagi-

1885 4367 2088 4422 niensis
2116 4367 2427 4436 episcopum
2446 4405 2461 4430 ,
2505 4364 2738 4419 schisma
2775 4363 3050 4428 fecerunt,
3083 4361 3398 4432 objicientes
3425 4363 3477 4418 ei

1885 4460 2112 4516 crimina
2141 4475 2247 4516 non
2276 4459 2519 4529 probata,
2553 4465 2608 4513 et
2637 4458 2868 4512 maxime
2893 4455 3040 4528 quod
3064 4470 3097 4510 a
3124 4455 3478 4510 traditoribus

1885 4553 2186 4609 divinarum
2215 4550 2614 4622 Scripturarum
2644 4549 2804 4605 fuerit
2822 4547 3128 4604 ordinatus.
3151 4546 3219 4600 At
3245 4546 3332 4601 ubi
3354 4546 3480 4602 bino

1809 4647 1866 4709 D
1889 4642 2366 4701 mentiri‘convicti
2396 4650 2540 4708 sunt,
2573 4641 2804 4697 schisma
2835 4640 2889 4694 in
2919 4639 3168 4694 haeresim
3195 4643 3480 4692 converte-

1888 4743 2034 4791 runt.
2062 4733 2225 4802 Quasi
2255 4735 2416 4789 etiam
2453 4735 2498 4788 si
2525 4748 2654 4787 vera
2703 4730 2929 4785 fuissent
2973 4728 3198 4784 crimina
3225 4727 3281 4780 in
3308 4724 3481 4781 Caeci-

1889 4828 2056 4894 liano,
2085 4834 2285 4892 statum
2314 4839 2469 4880 suum
2515 4823 2584 4878 de
2611 4830 2728 4876 toto
2779 4821 2910 4876 orbe
2947 4827 3213 4875 terrarum
3241 4816 3482 4874 Ecclesia

1891 4922 2142 4976 amittere
2187 4919 2453 4990 potuisset
2499 4923 2720 4986 propter
2763 4912 2920 4966 unius
2965 4910 3197 4966 hominis
3237 4911 3482 4981 culpam,-
3521 4977 3528 4980 _

1890 5015 1990 5067 seu
2017 5026 2199 5064 veram
2217 5052 2232 5076 ,
2262 5025 2358 5064 seu
2375 5051 2390 5075 ,
2422 5006 2567 5078 quod
2595 5005 2764 5075 magis
2791 5004 3041 5076 apparuit
3061 5001 3354 5074 judicibus,
3383 5002 3484 5056 fal-

195 5120 342 5174 Cum
371 5115 510 5172 Deus
538 5117 643 5171 hoc
668 5128 766 5185 per
792 5111 1112 5183 prophetam
1131 5107 1462 5179 promiserit,
1484 5107 1629 5175 quod
1657 5105 1794 5161 face-
1894 5119 2040 5169 sam;
2071 5112 2127 5158 et
2155 5104 2207 5158 in
2237 5112 2390 5173 parte
2418 5101 2664 5157 Africana
2686 5100 2834 5156 solus
2855 5099 3094 5156 Donatus
3113 5099 3350 5170 potuerit
3376 5105 3484 5151 sta-

195 5215 413 5286 reteos
439 5208 556 5264 sine
581 5205 762 5277 gladio
790 5203 1029 5259 hoStium
1055 5201 1257 5266 vivere,
1281 5206 1338 5255 et
1365 5197 1568 5254 faceret
1593 5204 1795 5252 terram
1899 5205 2013 5253 tum
2043 5196 2294 5250 Ecclesiae
2322 5207 2674 5259 conservare,
2703 5190 2771 5248 de
2799 5199 2915 5248 toto
2936 5199 3116 5247 autem
3145 5189 3279 5244 orbe
3307 5193 3484 5240 terra-

195 5281 340 5358 dare
367 5314 586 5369 germen
614 5312 769 5353 suum
791 5293 1284 5361 abundantiamque
1303 5289 1544 5346 omnium
1565 5287 1794 5359 frugum.
1898 5307 2020 5348 rum
2047 5290 2117 5346 sit
2136 5289 2344 5345 deletus
2372 5295 2682 5344 sanctorum
2709 5284 3074 5356 apostolorum
3105 5279 3258 5334 labor
3280 5284 3336 5332 et
3363 5289 3486 5344 pas-

196 5394 240 5450 si
271 5364 398 5461 ejns
425 5389 677 5446 mandata
723 5395 1055 5455 servassent;
1104 5386 1150 5442 si
1185 5388 1319 5441 vero
1356 5383 1800 5455 praevaricatores
1900 5384 1982 5440 sio
2010 5389 2323 5453 martyrum.
2355 5379 2526 5435 Immo
2558 5379 2672 5449 ipse
2703 5373 3001 5432 Salvatoris
3036 5369 3206 5425 nostri
3236 5380 3397 5422 cruor
3420 5364 3487 5421 ad

197 5458 420 5550 essent,
465 5482 698 5553 gladium
727 5488 784 5536 et
809 5479 1006 5535 famem
1049 5485 1384 5549 paterentur.
1415 5475 1482 5531 Et
1527 5477 1609 5531 his
1644 5477 1801 5532 dictis
1903 5474 2329 5534 conservandum
2368 5481 2566 5531 emtum
2604 5469 2884 5526 catholicae
2921 5463 3042 5518 tidei
3071 5458 3300 5553 defecit,
3327 5471 3488 5527 quem

200 5547 518 5647 adjunxerit
551 5593 566 5628 :
597 5573 715 5646 Ego
761 5569 900 5627 Deus
944 5547 1126 5626 creans
1171 5570 1314 5624 mala
1339 5577 1392 5625 et
1419 5570 1616 5642 faciens
1645 5567 1800 5626 bona.
1904 5571 2054 5627 solus
2073 5568 2310 5625 Donatus
2330 5582 2451 5623 cum
2479 5559 2768 5631 aliquantis
2788 5551 3131 5611 asollionibus
3153 5559 3174 5589 ε
3199 5547 3489 5621 Byzacenis

286 5727 318 5757 ιι
347 5717 445 5774 Ms.
479 5713 642 5787 Aug.,'
669 5712 982 5787 infringunj.
1008 5781 1021 5787 _
1338 5781 1348 5787 _
1441 5780 1452 5787 ,
1559 5778 1572 5787 ,
1655 5777 1687 5787 -
1727 5780 1738 5787 .

1977 5723 1998 5750 ε
2031 5710 2185 5780 Quod
2206 5691 2478 5787 pyaaceni
2507 5704 2724 5756 ararent
2745 5693 2918 5752 asino.
2944 5689 3120 5749 Testis
3148 5685 3370 5758 Plinius,
3393 5686 3485 5748 lib.

281 5789 316 5829 ιι
343 5773 434 5844 Sic
461 5795 517 5844 et
542 5773 886 5872 degustiiiu's.
913 5781 1094 5872 Codex
1117 5789 1294 5872 autem
1323 5778 1624 5851 Augiensis,
1647 5777 1802 5836 Colu-
1903 5773 2178 5852 sirm-cap.

209 5871 487 5927 tonorum;
520 5867 574 5915 ct
600 5850 887 5913 Cbluthano
916 5871 1016 5926 pro
1044 5850 1280 5908 Colutho.

2037 5994 2150 6009 ch“
