4088 6346
590 5516 609 5589 ἰ

623 364 742 429 011·

1620 352 1994 427 mouimus
2034 351 2313 411 sucron
2351 315 2892 408 ΡιιΑςυΕδΤιΝλΤι.

3793 344 3891 410 ου

623 484 870 545 obtinuit.
899 481 967 536 Et
996 479 1114 535 ideo
1142 476 1257 533 ausi
1284 480 1410 530 sunt
1435 473 1773 545 rebaptiaare
1803 472 2117 529 catholicos.
2150 471 2208 526 In
2236 478 2286 534 Α
2314 471 2414 525 tire
2443 477 2739 541 coeperunt,
2791 464 2915 523 non'
2947 468 3015 523 de
3052 467 3389 537 baptismatis
3435 475 3531 523 aut
3571 466 3692 523 Iidei
3729 476 3886 527 trans.

622 591 729 647 quo
748 587 912 644 opere
932 578 989 626 et
1010 574 1425 639 pnesumptores
1445 581 1505 621 se
1525 574 1580 620 et
1595 556 1930 621 damnabiles
1950 578 2204 635 compro-

620 663 835 729 barunt,
857 676 978 719 cum
1008 658 1260 715 Ecclesiae
1290 657 1576 713 universali
1600 657 1774 714 sciant
1798 655 2082 727 placuisse,
2109 671 2210 713 nec

620 756 673 811 in
695 754 827 825 ipsis
854 751 1121 808 haereticis
1150 749 1487 821 baptismatis
1513 748 1716 805 violare
1738 750 2013 805 virtutem.
2034 748 2208 818 Hujus

621 845 844 901 haeresis
871 842 1172 914 principem
1201 842 1428 910 legimus
1464 841 1730 897 Donatum
1765 858 1778 893 :
1809 840 1902 911 qui
1929 840 1997 896 de
2024 839 2210 896 Numi-

620 937 707 992 dia
731 936 955 993 veniens
982 933 1380 1003 Carthaginem,
1398 939 1453 988 et
1478 939 1665 987 contra
1684 930 2027 1011 Gmcilianum
2055 930 2237 987 Chri-.

621 1031 689 1087 sti
716 1029 961 1085 dividens
987 1016 1221 1099 plebem,
1245 1026 1541 1095 adjungens
1568 1025 1670 1080 sibi
1699 1024 1936 1095 ejusdem
1968 1024 2213 1081 factionis

622 1122 925 1192 episcopos,
959 1129 984 1156 κ
1012 1117 1335 1188 Majorinum
1368 1116 1598 1181 nomine
1639 1116 1692 1169 in
1736 1132 1830 1170 sua
1878 1122 2032 1186 parte
2054 1114 2214 1197 ‘apud

622 1216 1002 1284 Carthaginem
1032 1211 1299 1269 ordinavit
1327 1200 1659 1280 episcopum.
1692 1210 1788 1264 Cui
1816 1208 2080 1278 Majorino
2108 1208 2214 1264 Do-

621 1316 780 1364 natus
820 1306 956 1360 alius
1002 1305 1059 1359 in
1105 1303 1293 1360 eadem
1341 1302 1604 1358 divisione
1643 1302 1940 1357 successit:
1972 1301 2064 1370 qui
2102 1302 2217 1357 elo-

627 1399 850 1469 quentia
890 1412 987 1453 sua
1026 1397 1105 1452 sic
1143 1391 1482 1451 conﬁrmavit
1508 1394 1650 1449 hanc
1673 1392 1940 1458 haeresim,
1970 1400 2028 1446 ut
2064 1391 2218 1446 multi

625 1490 937 1544 existiment
963 1487 1031 1543 de
1059 1487 1175 1557 ipso
1214 1486 1394 1556 potius
1432 1485 1741 1541 Donatistas
1768 1484 2000 1541 .initium
2042 1484 2215 1538 hisre-

624 1597 749 1638 seos
793 1580 1161 1651 assumpsisse.
1209 1578 1436 1651 Exstant
1479 1578 1640 1635 hodie
1693 1579 1889 1649 scripta
1935 1577 2082 1647 ejus,
2127 1577 2217 1633 ubi

627 1672 656 1713 ῒι
680 1674 937 1745 probatur
975 1672 1028 1726 in
1069 1671 1334 1727 Trinitate
1361 1677 1550 1726 contra
1578 1670 1736 1725 tidem
1763 1670 2083 1726 catholicam
2123 1685 2216 1724 su-

625 1766 876 1836 scepisse.
908 1763 978 1817 Et
994 1763 1239 1833 quamvis
1268 1762 1429 1817 unius
1448 1763 1768 1817 substantiae
1785 1762 1929 1816 dicat
1956 1761 2008 1815 in
2039 1760 2218 1814 Trini-

2315 564 2593 634 gressiene
2619 577 2741 625 sese
2761 563 2831 617 ab
2851 545 3093 616 Ecclesia
3122 558 3487 615 absciderunt.

3020 650 3183 709 LXX.
3312 703 3318 713 ,

2383 748 2846 820 Septuagesimum
2873 744 3122 803 haeresim
3149 741 3607 798 Priscillianorum
3635 741 3772 813 apud
3798 743 3879 799 Ili-

2314 836 2512 913 spanos
2550 839 2913 896 Priscillianus
2970 837 3164 906 legitur
3213 836 3518 891 inchoasse.
3576 833 3644 889 Hi
3696 835 3881 891 annuas

2314 934 2507 991 divina
2532 939 2738 988 natura:
2764 929 3052 987 allirmant.
3086 928 3230 996 Quas
3256 926 3324 983 ad
3351 941 3583 996 agonem
3620 927 3881 997 quemdam

2315 1032 2671 1099 spontaneum
2701 1026 2755 1080 in
2785 1024 2944 1080 terris
2971 1021 3351 1087 exercendum,
3377 1035 3477 1091 per
3503 1027 3713 1090 septem
3737 1019 3881 1074 ccelos

2317 1130 2373 1178 et
2404 1136 2502 1193 per
2538 1119 2798 1192 quosdam
2823 1116 3086 1188 gradatim
3123 1115 3309 1171 dicunt
3343 1112 3675 1170 descendere
3700 1113 3876 1183 princi-

2317 1221 2494 1285 patus,
2538 1217 2595 1267 et
2630 1211 2685 1266 in
2731 1210 3024 1279 malignum
3055 1207 3363 1279 principem
3399 1206 3680 1283 incurrere
3723 1220 3753 1259 a
3792 1218 3881 1274 quo

2319 1307 2479 1363 istum
2508 1306 2764 1361 mundum
2792 1303 2990 1359 factum
3018 1302 3226 1364 volunt,
3250 1307 3413 1369 atque
3440 1300 3510 1354 ab
3537 1299 3648 1353 hoc
3672 1298 3879 1368 principe

2319 1414 2418 1471 per
2444 1397 2656 1452 diversa
2683 1394 2862 1450 carnis
2898 1408 3127 1464 corpora
3155 1392 3431 1448 seminari.
3462 1389 3724 1445 Asserunt
3740 1389 3879 1445 etiam

2319 1488 2571 1544 fatalibus
2594 1486 2768 1543 stellis
2794 1485 3042 1542 homines
3078 1484 3376 1552 colligatos,
3409 1483 3694 1553 ipsumque
3716 1496 3880 1553 corpus

2324 1587 2567 1636 nostrum
2606 1576 2901 1635 secundum
2945 1574 3231 1632 duodecim
3270 1575 3421 1643 signa
3453 1573 3579 1631 caeli
3610 1586 3725 1628 esse
3755 1586 3878 1627 com-

2321 1664 2578 1745 positum.
2610 1672 2838 1729 Prorsus
2866 1671 3006 1727 sicut
3034 1669 3070 1725 ii
3100 1669 3193 1738 qui
3227 1665 3598 1722 Mathematici
3639 1665 3780 1733 vulgo
3802 1679 3878 1737 ap-

2323 1772 2611 1843 pellantur,
2643 1764 2978 1825 constituuut
3014 1766 3071 1820 in
3106 1764 3285 1835 capite
3318 1762 3565 1825 arietem,
3610 1767 3800 1813 taurum
3833 1759 3877 1814 ia

627 1866 741 1913 tate
781 1857 954 1912 Deum
1000 1855 1235 1919 Patrem,
1279 1836 1460 1910 tamen
1509 1853 1771 1923 majorem
1819 1853 1977 1918 Filio,
2026 1851 2220 1907 Filium
2248 1862 2301 1923 Β
2323 1836 2552 1929 Lenaee,
2582 1836 2824 1931 geminos
2870 1860 2927 1915 in
2972 1857 3231 1921 humeris,
3271 1866 3524 1910 cancrum
3571 1852 3630 1906 in
3674 1859 3870 1922 pectore,

625 1947 886 2017 majorem
914 1947 1119 2018 Spiritu
1155 1954 1346 2001 sancto
1380 1944 1701 2001 conﬁrmare
1734 1944 1979 1999 tentavit.
2020 1942 2127 1999 Sed
2164 1944 2219 1999 in

624 2041 770 2097 hunc
808 2055 1051 2096 errorem
1092 2039 1214 2095 ideo
1256 2039 1437 2095 nullus
1471 2038 1540 2094 de
1577 2038 1777 2108 populo
1805 2037 1921 2107 ejus
1963 2037 2217 2102 attendit,

622 2134 750 2203 quia
790 2133 896 2187 alia
939 2140 1059 2188 erat
1104 2131 1331 2187 intentio
1378 2114 1521 2185 inter
1568 2136 1770 2201 partes.
1803 2128 1869 2183 Hi
1896 2128 2134 2184 haeretici
2164 2129 2217 2183 in

623 2227 871 2298 partibus
914 2225 1082 2280 Italia:
1126 2224 1399 2281 Monteses
1446 2224 1805 2295 appellantur,
1858 2222 1911 2276 in
1961 2222 2219 2278 interiore

624 2317 808 2375 Africa
852 2317 1213 2384 Parmeniani,
1246 2319 1300 2372 in
1338 2316 1768 2385 Carthaginiensi
1801 2315 2111 2370 Donatistae.
2160 2313 2218 2368 In

626 2412 909 2480 utriusque
935 2409 1195 2465 Numidiae.
1222 2409 1465 2480 partibus
1486 2409 1686 2463 habent
1712 2407 1878 2462 veluti
1905 2406 2217 2471 monachos,

626 2516 764 2571 quos
790 2500 1264 2556 Circumcelliones
1290 2516 1563 2567 vocamus,
1589 2508 1828 2569 agrestes
1847 2507 1904 2553 et
1931 2498 2253 2579 audacissi-o

627 2606 747 2649 mos
774 2593 1080 2649 daemonum
1107 2592 1334 2648 famulos
1357 2610 1370 2657 ;
1398 2593 1491 2663 qui
1520 2608 1626 2647 non
1656 2593 1828 2647 solum
1852 2592 1905 2645 in
1929 2591 2065 2646 alios
2084 2592 2221 2646 acri-

628 2694 715 2743 ter
742 2685 987 2753 saeviunt,
1017 2700 1206 2741 verum
1244 2684 1407 2740 etiam
1454 2684 1555 2741 sibi
1602 2685 1732 2756 ipsis
1770 2684 1955 2740 miseri
2001 2684 2220 2739 omnino

627 2794 738 2835 non
785 2785 1033 2849 parcunt.
1075 2775 1210 2832 Nam
1248 2791 1346 2847 per
1390 2782 1594 2832 mortes
1633 2776 1831 2840 varias,
1882 2774 2223 2842 maximeque

626 2870 1068 2943 pracipitiorum,
1117 2879 1172 2926 et
1217 2885 1499 2941 aquarum,
1532 2878 1591 2931 et
1614 2870 1836 2938 ignium,
1867 2884 1987 2925 sese
2016 2868 2222 2923 interli-

628 2977 755 3018 cere
786 2954 1136 3028 consuerunt,
1162 2969 1217 3018 et
1246 2962 1314 3016 ad
1339 2963 1482 3017 hunc
1504 2962 1707 3017 exitum
1737 2978 1805 3016 ex
1833 2968 2064 3030 utroque
2085 2976 2223 3017 sexu

628 3064 861 3126 quantos
906 3055 1181 3125 potuerint
1224 3055 1503 3111 seducunt.
1548 3046 1850 3123 Aliquando
1895 3054 2057 3108 etiam
2085 3069 2223 3123 quos

631 3145 935 3202 invenerint
969 3152 1162 3214 rogant
1190 3153 1248 3201 ut
1276 3147 1343 3201 ab
1376 3147 1455 3201 eis
1496 3145 1828 3211 occidantur,
1861 3154 2090 3200 mortem
2119 3145 2221 3199 nisi

2324 1963 2380 2011 et
2398 1962 2592 2010 caatera
2625 1951 2940 2008 nominatim
2967 1950 3118 2019 signa
3140 1954 3517 2019 percurrentes
3543 1943 3616 1998 ad
3636 1943 3829 2014 plantas,
3847 1958 3872 1997 a

2322 2048 2476 2117 signo
2502 2045 2700 2101 Christi
2728 2044 2799 2099 ad
2834 2044 2987 2112 signa
3026 2053 3048 2081 ο
3080 2039 3341 2108 astrologi
3377 2039 3749 2107 migraverunt.
3773 2034 3873 2092 Hac

2323 2146 2379 2193 et
2406 2137 2511 2192 alia
2540 2135 2780 2192 fabulosa
2809 2141 2865 2190 et
2890 2148 3030 2189 vana
3075 2133 3246 2189 multa
3283 2130 3621 2200 conﬁngunt.
3652 2128 3872 2185 Uxoress

2323 2232 2450 2286 viris
2477 2244 2613 2300 quas
2641 2228 2920 2300 potuerint
2946 2233 3220 2297 separant.
3243 2223 3449 2295 Carnes
3474 2223 3617 2279 sicut
3640 2220 3873 2287 Maniclzei

2323 2323 2549 2393 fugiunt.
2583 2321 2936 2393 Apdcryphas
2961 2319 3121 2375 simul
3148 2326 3271 2375 cum
3311 2316 3588 2374 canonicis
3621 2313 3869 2399 Scripturis

2324 2416 2611 2486 accipiunt,
2652 2422 2708 2469 et
2748 2415 2801 2468 in
2848 2420 3040 2468 sensus
3087 2427 3215 2467 suos
3256 2407 3645 2479 allegorisando
3675 2420 3871 2462 conver-

2324 2515 2464 2562 tunt.
2499 2506 2817 2561 Trinitatem
2842 2510 3047 2570 autem,
3091 2503 3230 2558 sicut
3275 2500 3592 2567 Sabelliani,
3622 2500 3771 2569 ipsum
3787 2496 3870 2551 sibi

2325 2597 2558 2661 Patrem,
2592 2597 2766 2665 ipsum
2792 2594 2895 2650 sibi
2922 2594 3137 2661 Filium,
3171 2593 3349 2663 ipsum
3377 2590 3480 2647 sibi
3521 2596 3749 2644 sanctum
3773 2584 3867 2656 Spi-

2322 2690 2484 2746 ritum
2507 2688 2850 2746 conﬁtentur.
3136 2672 3142 2677 ”

3021 2777 3207 2832 LXXI.

2395 2872 2855 2943 Septuagesimum
2897 2880 2953 2926 et
2995 2864 3222 2940 primum
3252 2867 3503 2923 haeresim
3532 2863 3779 2932 Adelofagi
3802 2878 3866 2916 Ill-

2324 2965 2604 3030 ohoarunt,
2628 2964 2866 3018 dicentes
2886 2977 2995 3019 non
3014 2961 3214 3019 debere
3235 2961 3311 3015 ita
3330 2960 3513 3017 cibum
3533 2972 3730 3017 sumere
3745 2953 3869 3009 Chri-

2326 3056 2581 3121 stianum,
2607 3066 2665 3109 ut
2692 3055 2759 3109 ab
2799 3055 2906 3109 alio
2942 3054 3190 3109 videatur
3227 3054 3354 3110 dum
3395 3052 3645 3109 comedit.
3684 3049 3744 3103 Et
3777 3048 3869 3102 hac

2325 3150 2441 3205 sola
2466 3164 2628 3204 causa
2656 3164 2751 3204 eos
2778 3147 2844 3201 ab
2873 3146 3115 3202 Ecclesia
3141 3158 3395 3216 separare
3420 3144 3749 3215 dignoscitur.
3775 3138 3868 3193 Tri-

630 3238 859 3295 fecerint
884 3238 1293 3295 comminantes.
1336 3236 1491 3304 Quod
1534 3246 1853 3303 verumest,
1900 3238 2082 3294 multis
2110 3237 2219 3293 Do-
2242 3242 2295 3310 α
2325 3242 2551 3295 nitatem
2590 3240 2735 3296 enim
2778 3230 3019 3307 ejusdem
3053 3236 3366 3293 substantiae
3403 3234 3727 3291 conﬁtentur.
3754 3229 3869 3297 Ege-

629 3333 951 3389 natistarum
970 3326 1255 3401 displicent
1283 3330 1419 3399 tales
1449 3348 1462 3382 :
1495 3330 1588 3385 sed
1611 3330 1714 3384 hoc
1738 3330 1925 3396 verbo,
1958 3345 2064 3383 non
2088 3345 2223 3399 ope-

629 3438 711 3480 re.
741 3423 879 3479 Nam
896 3422 943 3479 si
961 3437 1091 3477 vere
1114 3421 1479 3492 displicerent,
1512 3422 1697 3490 utique
1725 3421 1920 3476 talibus
1948 3436 2056 3476 non
2078 3432 2222 3476 com-

630 3516 988 3582 municarent,
1033 3516 1125 3584 qui
1176 3530 1274 3585 per
1320 3522 1492 3571 totum
1539 3514 1724 3570 orbem
1771 3512 2027 3569 Ecclesiis
2066 3514 2223 3569 unius

629 3606 901 3662 Caeciliani
919 3610 1122 3663 crimen
1151 3608 1470 3677 impingunt.
1493 3604 1624 3661 Nam
1647 3615 1702 3661 et
1722 3606 1861 3662 inter
1887 3621 1945 3660 se
1973 3604 2223 3675 frequens

632 3706 714 3755 ter
761 3699 995 3753 habuere
1048 3699 1283 3754 dissidia.
1332 3699 1572 3768 Denique
1620 3698 1760 3769 apud
1812 3698 2220 3767 Carthaginem,

492 3816 509 3824 -
538 3824 543 3827 ν
631 3790 965 3860 temporibus
990 3790 1292 3847 Heracliani
1315 3791 1546 3858 comitis,
1572 3807 1693 3846 cum
1718 3791 2074 3846 Maximianus
2093 3806 2225 3847 con-

630 3890 714 3937 tra
758 3881 1106 3953 Primianum,
1150 3883 1218 3939 ab
1258 3882 1497 3953 ejusdem
1550 3884 1750 3939 erroris
1795 3891 2010 3939 centum
2055 3880 2224 3938 ferme

632 3976 898 4046 episcopis
946 3976 1243 4041 ordinatus,
1277 3968 1321 4030 a‘
1342 3977 1561 4044 reliquis
1603 3976 1854 4031 trecentis
1882 3974 2067 4030 decem
2111 3974 2223 4045 epi-

628 4069 807 4139 scopis
852 4069 946 4139 qui
993 4069 1323 4125 ordinationi
1374 4068 1491 4137 ejus
1543 4069 1768 4124 crimina
1823 4067 2219 4137 impingebant,

629 4159 821 4216 fuisset
863 4160 1164 4224 damnatus,
1210 4160 1393 4215 docuit
1432 4161 1688 4229 populum
1726 4160 1817 4229 qui
1856 4174 1979 4213 eum
2024 4174 2221 4230 seque—

630 4249 810 4316 batur,
840 4251 1003 4305 etiam
1028 4259 1181 4304 extra
1210 4237 1502 4304 Ecclesiam
1541 4238 1657 4303 dari
1702 4264 1861 4318 posse
1897 4251 2222 4320 baptismum

630 4340 849 4395 Christi.
879 4339 1139 4409 Denique,
1166 4341 1471 4409 quicunque
1500 4348 1593 4395 aut
1626 4356 1658 4394 a
1686 4336 1958 4397 Primiano
1990 4341 2059 4395 ad
2105 4341 2221 4396 Ma-

629 4430 923 4486 ximianum
951 4431 1103 4497 abiit,
1133 4440 1225 4487 aut
1253 4447 1283 4485 a
1313 4429 1635 4486 Maximiano
1654 4431 1722 4486 ad
1742 4430 2087 4501 Primianum,
2114 4450 2223 4489 non

629 4530 714 4578 est
756 4523 954 4578 iterum
1002 4524 1305 4594 baptizatus
1333 4524 1400 4578 ab
1438 4539 1505 4595 eo
1532 4524 1625 4594 qui
1653 4532 1844 4579 contra
1890 4526 2221 4581 voluntatem

2327 3340 2455 3389 runt
2481 3342 2605 3388 cum
2632 3332 2712 3388 eis
2734 3331 2975 3401 episcopi
3003 3329 3074 3386 de
3106 3326 3342 3399 Epheso.

3011 3415 3220 3475 LXXII.

2394 3513 2854 3585 Septuagesimam
2901 3521 2957 3568 et
3002 3511 3295 3568 secundam
3339 3511 3574 3567 ἣξει-θείω
3614 3508 3872 3564 Rbetoria-

2324 3622 2537 3671 norum,
2586 3622 2618 3661 a
2666 3606 2929 3662 Rbetorio
2979 3606 3287 3662 inchoatam
3332 3603 3583 3659 Philastro
3625 3602 3870 3656 scribente

2324 3700 2644 3755 invenimus.
2691 3698 2759 3754 Ili
2804 3699 2875 3754 ad
2918 3705 3125 3753 tantam
3168 3698 3448 3754 vanitatem
3475 3692 3694 3750 devoluti
3728 3696 3860 3756 sunt,

2323 3799 2385 3846 ut
2410 3792 2591 3847 dicant
2629 3806 2819 3848 omnes
2857 3792 3139 3849 haereticos
3181 3798 3327 3847 recte
3363 3787 3497 3860 apud
3532 3787 3694 3843 Deum
3730 3784 3874 3840 ince-

2322 3884 2471 3951 dere,
2498 3885 2623 3954 quia
2669 3886 2774 3941 hoc
2814 3886 2869 3940 in
2915 3900 3103 3940 eorum
3144 3880 3412 3940 mentibus
3451 3881 3623 3936 datum
3649 3886 3727 3934 est
3763 3877 3877 3933 :sic

2324 3976 2505 4031 colunt
2533 3977 2702 4033 Deum
2731 3978 2869 4034 sicut
2895 3985 3139 4049 possunt.
3171 3976 3339 4031 Error
3364 3989 3549 4032 eorum
3574 3972 3721 4028 nobis
3745 3969 3880 4027 vide-

2325 4076 2427 4122 tur'
2454 4068 2891 4139 reprehensibilis
2926 4087 2939 4122 :
2970 4067 3113 4139 apud
3148 4068 3319 4122 Deum
3366 4071 3569 4131 autem,
3610 4078 3703 4120 nec
3744 4075 3877 4117 error

2323 4169 2422 4227 est,
2454 4176 2553 4234 nec
2578 4160 2922 4232 vituperatio.
2953 4159 3021 4216 Hi
3059 4161 3165 4216 hoc
3191 4159 3459 4216 docentur
3476 4175 3508 4213 a
3533 4157 3647 4214 suis
3670 4153 3880 4211 doctori-

2321 4251 2443 4316 bus,-
2489 4262 2550 4307 ut
2594 4260 2793 4323 praeter
2819 4253 3019 4324 templa
3055 4260 3112 4308 et
3138 4258 3458 4324 synagogas,
3500 4250 3790 4316 ubicunque
3812 4245 3879 4300 ἰιι·⁸
3915 4234 3929 4311 ’.

2322 4353 2548 4399 vocatur
2597 4343 2841 4399 Christus
2890 4352 3050 4399 natus
3105 4360 3171 4399 ex
3220 4344 3459 4412 Virgine,
3510 4343 3790 4403 introeant,
3835 4340 3883 4393 et

2320 4435 2612 4506 participes
2639 4450 2698 4491 se
2723 4436 2921 4491 faciant
2948 4436 3344 4500 hatreticorum,

2386 4566 2403 4583 .
3000 4524 3229 4581 LXXIII.

628 4630 818 4671 eorum
844 4616 1126 4673 ordinatus
1153 4625 1256 4681 est,
1288 4617 1709 4687 comprobantur
1735 4619 1802 4674 ab
1829 4632 1897 4674 eo
1925 4632 2086 4688 quem
2108 4619 2213 4673 uti-
2238 4621 2293 4682 Π
2384 4618 2788 4689 Septuagesima
2815 4628 2871 4673 et
2900 4620 3057 4675 tertia
3077 4619 3298 4679 haeresis
3317 4625 3400 4675 est
3423 4616 3879 4689 Theoponitarum.

626 4722 731 4777 que
758 4707 1150 4774 damnaverunt
1195 4727 1207 4761 :
1240 4724 1348 4764 non
1378 4708 1652 4781 abjiciunt,
1686 4724 1793 4765 non
1824 4718 2072 4777 renuunt,
2106 4720 2213 4765 n‘nn

627 4809 837 4865 mutant
862 4801 1198 4871 baptismatis
1218 4800 1638 4867 sacramentum;
1664 4809 1719 4857 et
1740 4816 1835 4857 seu
1856 4817 1887 4855 a
1917 4799 2210 4865 Primiano,

627 4891 740 4949 sive
767 4907 799 4945 a
827 4889 1151 4949 Maximiano
1191 4894 1312 4963 quis
1350 4900 1441 4948 aut
1483 4893 1807 4967 baptizetur,
1851 4900 1943 4947 aut
1987 4892 2214 4949 clericus
2262 4932 2267 4935 ι

626 4981 923 5048 ordinetur,
971 4984 1123 5052 quasi
1170 4984 1236 5039 ab
1278 4999 1388 5039 uno
1434 4983 1632 5038 factum
1662 4984 1750 5048 sit,
1791 4998 1900 5038 non
1939 4998 1970 5037 a
2003 4982 2249 5040 duobus‘

624 5072 935 5143 contrariis;
968 5074 1022 5129 in
1050 5088 1111 5129 ea
1140 5064 1400 5144 dignitate
1444 5089 1547 5144 qua
1589 5074 1656 5129 ab
1702 5089 1811 5130 uno
1849 5074 2056 5130 venerit
2092 5076 2212 5145 quis

623 5166 690 5221 ad
719 5166 983 5232 alterum,-
1010 5177 1319 5238 perseverat
1348 5188 1358 5222 :
1392 5184 1500 5243 non
1530 5173 1770 5221 mutatur
1796 5167 2081 5238 baptisma,
2112 5184 2211 5224 nec
2246 5224 2249 5227 Α

621 5253 851 5342 dignitas
882 5258 1119 5326 tollitur;
1150 5259 1275 5328 quia
1305 5272 1410 5312 non
1438 5256 1506 5310 de
1533 5255 1876 5326 baptismatis
1897 5258 2208 5314 altercatio-

621 5363 709 5417 ne,
761 5350 860 5407 sed
904 5350 973 5406 de
1023 5351 1377 5407 ordinationis
1430 5350 1779 5417 contentione
1834 5348 1975 5407 facta
2019 5351 2208 5407 divisio

620 5443 1023 5515 comprobatur.
1055 5441 1135 5499 De
1159 5442 1429 5501 Caeciliani
1456 5443 1601 5497 enim
1628 5442 1968 5500 ordinatione
1995 5443 2206 5499 dissen-

1211 5569 1223 5577 ’
1266 5574 1293 5599 ο

670 5650 718 5704 ἰ
750 5664 904 5739 Apud
924 5665 1274 5739 Augustinum
1294 5681 1515 5739 quoque
1539 5663 1832 5737 Majorinus
1863 5662 2197 5729 nonninatur;

692 5683 718 5704 ι
750 5683 794 5720 Α
832 5683 904 5723 ua
924 5683 1274 5739 Augusunum
1294 5683 1401 5736 quo
1443 5683 1509 5722 ue
1539 5683 1718 5737 major.

623 5731 677 5794 in
707 5683 891 5793 codice
916 5746 1091 5792 autem
1122 5726 1371 5805 Augicnsi
1403 5683 1718 5805 glajuriuus.

694 5805 719 5844 ι’
747 5805 845 5863 Ms.
885 5808 1041 5878 Aug.,
1085 5805 1327 5877 probatur
1370 5808 1717 5877 integritatem
1738 5807 1819 5887 )(id
1848 5810 1931 5863 est
1954 5805 2200 5875 {crtassc,

1430 5970 1435 5973 λ
1462 5968 1527 5978 ·’⁸“⁴ο
1546 5971 1639 5983 ’νέκυι
1734 5978 1761 5984 ,,
1786 5975 1815 5986 ο

2317 4708 2383 4763 Hi
2416 4709 2601 4764 dicunt
2630 4710 2683 4763 in
2712 4708 2948 4774 Christo,
2978 4710 3105 4764 dam
3131 4718 3424 4780 pateretur,
3460 4710 3798 4766 Divinitatem
3819 4704 3883 4760 sic

2316 4801 2569 4867 doluisse,
2599 4801 2735 4857 sicut
2763 4808 2942 4872 poteSt
2970 4800 3154 4857 dolere
3183 4802 3360 4856 anima
3389 4800 3525 4856 dum
3563 4815 3756 4871 corpus
3777 4810 3882 4866 sap-

2314 4892 2489 4964 pliciis
2534 4894 2727 4962 agitur.
2770 4893 2847 4948 De
2883 4893 3080 4962 quibus
3119 4893 3196 4947 ait
3239 4889 3539 4961 Gregorius
3578 4893 3881 4963 episcopus:

2314 4985 2558 5044 Infelices
2586 4995 2642 5044 et
2669 4986 2853 5041 miseri
2892 4994 3007 5040 non
3032 4985 3233 5051 vident,
3268 4986 3322 5040 in
3358 4985 3672 5052 arboribus,
3698 4980 3883 5055 quando

2314 5077 2457 5135 ferro
2501 5078 2799 5146 caeduntur,
2839 5077 3011 5139 solem
3055 5078 3273 5148 quidem
3313 5092 3433 5134 esse
3475 5080 3532 5134 in
3582 5075 3883 5134 arboribus:

2313 5171 2554 5241 nunquid
2576 5187 2682 5226 non
2702 5170 2851 5227 dolet
2877 5169 3007 5231 solis
3028 5167 3301 5240 splendor,
3322 5178 3490 5242 quem
3517 5171 3729 5239 utique,
3752 5172 3886 5221 ante-
3937 5192 3946 5243 ι

2311 5279 2472 5334 quam
2500 5265 2569 5320 ad
2609 5265 2809 5333 lignum
2834 5264 3134 5335 perveniat,
3171 5263 3407 5334 priorem
3444 5262 3597 5341 ictus
3620 5260 3748 5318 ferri
3779 5270 3891 5314 con-

2311 5354 2503 5421 tingit?
2552 5354 2690 5410 Deus
2731 5340 3214 5433 ergo‘lux‘est,.,et
3253 5340 3538 5424 quomodo
3575 5353 3710 5410 cedi
3736 5352 3893 5422 ροιεδι

2311 5443 2432 5499 lux?
2460 5444 2593 5500 Nam
2617 5446 2764 5515 quod
2791 5447 2967 5502 auitas
2996 5448 3065 5503 sit
3090 5461 3214 5515 qua
3231 5446 3414 5503 doleat
3431 5446 3491 5502 in
3511 5454 3768 5517 corpore.
3784 5439 3901 5503 him.

2310 5662 2682 5740 defensionem)
2714 5672 2824 5741 ejus
2852 5679 3053 5741 contra,
3078 5680 3195 5725 etc.‘

2348 5796 2355 5801 .
2385 5754 2404 5777 ι’
2436 5740 2532 5796 Ms.
2561 5741 2721 5810 .\ug.,
2742 5740 3066 5811 'astrologiw.

2988 5965 3060 5975 ,μνη-ο
