4088 6346
198 330 294 400 613

649 336 1241 396 PREDES’I‘INATUS
1278 333 1428 393 SIVE
1465 330 2164 390 PRASDESTINATORUM
2204 329 2537 399 II/ERESIS,
2581 332 2730 389 ETC.
2774 330 2899 388 LIB.
2939 329 2982 387 ι.

3372 316 3478 387 6N

198 456 542 521 advertimus,
572 454 716 524 quod
745 453 1031 511 recedente
1058 453 1236 508 anima
1266 450 1335 507 de
1363 465 1613 521 corpore,
1638 448 1782 502 nulla
1813 450 1862 507 A
1889 451 2069 513 vetur;
2101 445 2216 501 haec
2244 452 2444 501 statuta
2488 448 2541 501 in
2588 449 2764 503 anima
2800 455 2945 514 sunt,
2973 462 3081 502 non
3111 446 3164 501 in
3204 447 3482 518 corporeis

196 556 374 622 potest
402 562 600 618 corpus
640 547 860 614 sentire,
892 561 993 602 nec
1020 544 1246 601 adversa
1277 558 1376 601 nec
1418 557 1695 619 prospera.
1726 539 1785 594 In
1887 535 2213 593 liniamentis
2254 538 2538 608 instructa,
2579 546 2633 595 et
2664 548 2815 596 tanto
2854 538 2974 610 plus
3015 538 3203 594 similis
3237 537 3347 593 Deo
3376 546 3477 604 est,

198 655 422 711 corpore
451 652 580 708 ergo
611 639 825 694 Domini
863 638 1034 693 nostri
1070 635 1198 693 Jesu
1227 632 1445 697 Christi,
1476 635 1652 688 anima
1688 632 1789 687 hu-

198 733 471 790 manitatis
515 732 684 788 sensit
710 746 873 803 quam
900 746 1025 805 cum
1065 744 1295 800 corpore
1340 727 1648 799 assumpsit,
1679 741 1786 781 non

197 827 306 897 ipse
333 825 426 895 qui
458 824 767 894 assumpsit,
797 824 936 880 sicut
963 839 1066 879 nec
1093 822 1174 879 sol
1200 822 1292 892 qui
1325 821 1377 877 in
1406 821 1600 876 arbore
1627 833 1788 889 quam

197 933 560 975 memoramus
586 912 763 972 illuxit
794 934 808 970 :
841 916 1003 972 etiam
1029 915 1076 971 si
1103 915 1231 972 solis
1258 914 1349 969 lux
1376 913 1432 967 in
1459 912 1651 968 arbore
1671 925 1792 982 pos-

197 1012 261 1085 sit
301 1027 337 1065 a
374 1011 697 1067 verberante
742 1008 974 1076 concidi,
1020 1009 1077 1063 in
1115 1006 1330 1064 Christo
1375 1005 1639 1062 Divinitas
1679 1020 1788 1058 non

195 1106 371 1177 possit
398 1120 429 1159 a
459 1104 735 1161 crueiante
761 1101 1033 1172 contingi;
1063 1102 1189 1173 quia
1234 1101 1364 1158 solis
1409 1100 1503 1155 lux
1542 1106 1790 1155 creatura

196 1208 303 1267 est,
334 1200 426 1255 hic
462 1208 645 1255 autem
681 1206 896 1256 creator
923 1198 1234 1268 agnoscitur
1260 1205 1319 1253 et
1347 1196 1625 1269 probatur.
1654 1191 1791 1249 Nam

193 1294 341 1365 quod
386 1293 569 1349 mima
618 1292 970 1349 humanitatis
1007 1291 1240 1349 senserit
1284 1290 1624 1362 passionem,
1675 1288 1792 1358 ipse

193 1384 455 1442 Dominus
496 1384 573 1439 ait
610 1383 680 1439 ad
724 1382 1019 1455 discipulos
1056 1398 1204 1450 suos,
1242 1381 1464 1438 dicens:
1491 1378 1677 1434 Tristis
1716 1386 1793 1432 est

193 1478 375 1551 animo
393 1493 509 1532 mea
532 1491 692 1547 usque
712 1475 782 1531 ad
806 1482 1024 1531 mortem
1053 1473 1233 1545 (Rati.
1264 1489 1413 1538 xxvi,
1435 1470 1549 1543 '58).
1574 1468 1641 1524 Et
1668 1468 1795 1525 hinc

193 1571 399 1628 dixisse
416 1569 651 1627 sufﬁciat
682 1588 696 1623 :
732 1567 1056 1625 accedamus
1081 1566 1153 1622 ad
1176 1565 1434 1636 reliquos.

878 1659 1110 1716 LXXIV.

262 1754 733 1826 Septuagesimam
787 1763 845 1811 et
897 1762 1145 1825 quartam
1201 1753 1449 1808 hatresim
1503 1749 1793 1807 Triscilidze

1889 639 2089 701 quanto
2120 630 2237 702 plus
2265 629 2379 687 haec
2415 644 2536 701 qua:
2571 631 2989 688 memoravimus
3023 629 3207 704 purius
3245 630 3481 702 pctuerit

1890 725 2156 781 obtinere.

2556 812 2811 874 LXXVII.

1964 911 2425 982 Septuagesimam
2472 920 2528 968 et
2550 913 2857 984 .septimam
2913 908 3155 971 haeresim
3210 912 3484 970 Ametritat

1850 1012 1853 1015 '
1892 1003 2259 1069 instituerunt,
2301 1004 2541 1060 dicentes
2596 1005 3015 1063 innumerabiles
3066 1023 3185 1064 esse
3232 1007 3482 1064 mundos.

1893 1095 2009 1152 Hoc
2037 1112 2132 1154 eos
2158 1096 2338 1153 dicere
2380 1114 2579 1154 novum
2608 1108 2781 1170 putat,
2811 1100 2905 1172 qui
2935 1116 3042 1155 non
3088 1100 3217 1170 legit
3245 1086 3486 1171 philoso—

1892 1190 2059 1260 plios;
2088 1190 2192 1247 hoc
2218 1190 2362 1246 enim
2392 1191 2520 1247 olim
2548 1192 2806 1262 aliquanti
2827 1193 3271 1264 philosophorum
3298 1193 3486 1249 dixere

1893 1282 2139 1349 gentiles.
2184 1280 2293 1338 Nos
2325 1289 2503 1337 autem
2544 1282 2765 1354 Moysen
2795 1299 2824 1338 a
2855 1283 2967 1340 Deo
2997 1285 3218 1340 missum
3258 1284 3486 1356 suscipi.

1893 1390 2015 1430 mus
2039 1392 2052 1427 :
2085 1383 2141 1429 et
2166 1371 2234 1428 de
2253 1372 2452 1429 mundo
2472 1374 2601 1446 quid
2627 1375 2922 1432 sentiamus
2942 1384 2997 1431 et
3024 1376 3151 1447 quid
3178 1375 3486 1443 credamus,

1896 1450 1972 1522 ab
1993 1467 2112 1539 ipso
2138 1465 2437 1523 didicimus.

2562 1552 2839 1612 LXXVIII.
3238 1624 3243 1627 _

1966 1671 2431 1742 Septuagesimam
2458 1679 2517 1727 et
2544 1679 2791 1731 octavam
2830 1671 3076 1729 haresim
3105 1672 3487 1746 Psychopneu-

1896 1779 2090 1820 mones
2117 1773 2469 1835 occuparunt,
2502 1764 2745 1820 dicentes
2783 1765 2990 1821 animus
3018 1767 3296 1823 hominum
3323 1769 3491 1825 bonas

174 1847 541 1904 incurrerunt
574 1865 587 1900 :
621 1848 713 1917 qui
756 1845 1052 1903 triformem
1098 1845 1271 1900 Deum
1308 1844 1381 1899 ita
1423 1851 1699 1910 asserunt,
1736 1849 1805 1897 ut‘

1907 1857 1953 1912 in
1992 1857 2211 1928 spiritus
2257 1857 2571 1927 angelorum
2623 1857 2867 1913 converti
2910 1876 2925 1913 :
2963 1858 3172 1914 animas
3222 1876 3349 1916 vero
3396 1861 3493 1916 ho-

195 1939 443 2010 quzedam
471 1953 596 2009 pars
620 1937 738 2008 ejus
765 1938 837 1993 sit
866 1935 1045 2002 Pater,
1077 1936 1323 2006 quedam
1346 1935 1528 2002 Filius,
1552 1933 1796 2004 quaedam

178 2032 435 2104 ‘Spiritus
460 2042 700 2099 sanctus,
744 2039 802 2088 et
839 2032 961 2086 hinc
999 2031 1070 2085 sit
1098 2029 1331 2085 Trinitas
1364 2029 1417 2084 in
1448 2029 1674 2084 unitate.
1719 2028 1798 2084 De

196 2126 396 2195 quibus
423 2125 502 2180 ait
528 2122 823 2192 Gregorius
854 2142 869 2175 :
900 2121 1145 2178 Infelices
1172 2129 1229 2175 et
1261 2122 1444 2177 miseri
1480 2137 1590 2176 non
1615 2120 1802 2176 vident

194 2218 326 2287 quia
354 2224 529 2273 totam
575 2216 747 2286 ipsam
784 2214 1103 2269 Trinitatem
1144 2212 1539 2283 blasphemant.
1572 2212 1690 2268 Non
1718 2219 1803 2266 est

192 2310 345 2365 enim
378 2309 540 2373 Deus,
574 2307 679 2362 nisi
713 2305 807 2376 qui
854 2306 908 2360 in
956 2304 1138 2374 seipso
1184 2302 1457 2373 perfectus
1490 2310 1591 2358 est.
1621 2300 1804 2358 Perfe-

194 2409 324 2457 ctus
351 2414 483 2469 ergo
523 2398 686 2454 Pater
712 2396 1011 2468 perfectum
1045 2410 1115 2451 ex
1143 2410 1203 2450 se
1222 2394 1411 2464 genuit
1437 2392 1649 2459 Filium,
1681 2408 1806 2466 per-

194 2496 380 2553 fectus
407 2511 476 2550 ex
513 2493 673 2548 Patre
700 2491 947 2563 procedit
984 2487 1219 2560 Spiritus
1257 2495 1495 2545 sanctus.
1520 2486 1673 2543 .Ecce
1704 2487 1805 2541 tria

192 2586 449 2659 perfecta
476 2600 585 2640 non
613 2584 818 2640 faciunt
849 2590 958 2637 tres
993 2582 1144 2646 deos,
1188 2580 1285 2638 sed
1322 2595 1505 2646 unum,
1542 2580 1668 2650 quia
1698 2595 1803 2636 una

130 2733 144 2743 ,
196 2684 296 2733 est
320 2676 521 2731 Deitas.
553 2674 671 2730 Non
700 2674 842 2730 enim
871 2674 1009 2730 sicut
1038 2681 1147 2729 tres
1176 2686 1438 2745 persona),
1464 2671 1543 2729 sic
1562 2679 1675 2727 tres
1696 2671 1815 2727 dei!

198 2773 390 2821 tates:
421 2766 517 2822 sed
544 2773 668 2820 sunt
689 2773 818 2830 tres,
848 2762 1024 2830 Pater,
1051 2772 1106 2819 et
1135 2763 1321 2830 Filius,
1346 2772 1401 2818 et
1420 2762 1651 2834 Spiritus
1678 2778 1804 2820 san-

193 2864 357 2924 ctus;
398 2857 493 2913 sed
522 2871 626 2912 una
654 2856 855 2921 Deitas,
884 2872 989 2912 una
1025 2855 1300 2925 maiestas,
1330 2870 1437 2911 una
1469 2856 1661 2923 virtus,
1696 2862 1800 2910 una

102 2973 115 2982 ο
193 2951 476 3018 voluntas,
508 2958 565 3005 et
589 2965 697 3005 una
723 2949 1021 3006 substantia
1049 2947 1373 3005 conﬁtenda.

277 3132 740 3205 Septuagesimam
769 3141 825 3187 et
852 3037 1112 3201 militi:
1141 3131 1388 3186 haeresim
1437 3129 1807 3199 Hydrotheitse

1899 1950 2106 2013 minum
2124 1950 2295 2006 malas
2322 1951 2377 2005 in
2405 1951 2629 2020 spiritus
2655 1950 2962 2007 daemonum
2990 1951 3205 2007 mutari.

2577 2082 2811 2140 LXXIX.
2904 2074 2911 2082 ’

1975 2218 2437 2289 Septuagesimam
2483 2225 2538 2272 et
2585 2232 2784 2273 nonam
2821 2219 3080 2274 haeresem
3110 2216 3138 2256 ι’
3163 2216 3497 2275 Adecerditze

1911 2322 1933 2351 ε
1963 2311 2460 2378 tenent,°dicentes
2497 2329 2508 2364 :
2540 2311 2757 2367 Christo
2801 2311 3149 2368 descendenti
3187 2310 3255 2365 ad
3298 2309 3501 2366 inferos

1906 2406 2081 2461 omnis
2126 2405 2429 2460 animarum
2473 2403 2762 2460 multitudo
2790 2405 3045 2472 occurrit,
3081 2412 3139 2460 et
3169 2404 3397 2460 credidit
3425 2403 3498 2469 ei,

1906 2502 1961 2549 et
1988 2494 2214 2549 liberata
2243 2502 2346 2551 est.

2586 2582 2797 2638 LXXX.

1974 2672 1999 2711 ἀ
2030 2672 2370 2743 Octogesima
2398 2674 2620 2731 haeresis
2648 2675 2779 2731 dicit
2807 2674 3004 2731 Filium
3051 2676 3149 2749 Dei
3187 2685 3375 2748 postea
3406 2693 3503 2748 ge-

1903 2767 2098 2835 nitum,
2132 2774 2321 2835 postea
2350 2781 2510 2836 quam
2540 2764 2713 2821 voluit
2741 2766 2929 2832 Pater;
2961 2769 3007 2823 si
3037 2768 3298 2824 noluisset
3317 2768 3498 2835 Pater,

1904 2876 2013 2915 non
2058 2860 2333 2927 genuisset
2373 2876 2387 2911 :
2423 2868 2563 2922 esto,
2606 2858 2961 2915 confiteamur
3005 2862 3265 2932 aequalem
3310 2862 3504 2918 Filium

1906 2951 2087 3025 Patri;
2114 2962 2175 3007 ut
2198 2952 2419 3021 aequalis
2447 2953 2535 3019 sit,
2558 2968 2666 3009 non
2697 2963 2779 3010 est
2808 2969 2896 3009 res
2923 2962 3148 3021 naturai,
3172 2955 3266 3013 sed
3293 2958 3499 3026 gratim.

1908 3042 2067 3097 Pater
2108 3044 2213 3099 hoc
2241 3043 2433 3110 voluit,
2471 3058 2536 3100 ac
2562 3059 2659 3115 per
2699 3045 2804 3100 hoc
2845 3053 3020 3101 totum
3058 3044 3236 3105 Patris
3261 3056 3362 3112 est,
3394 3064 3504 3104 non

1905 3133 2046 3189 Filii.
2080 3133 2188 3190 Nos
2216 3150 2248 3190 e
2276 3137 2550 3191 contrario
2588 3135 2817 3193 dicimus
2847 3122 3031 3193 {sicut
3067 3137 3188 3196 fons
3214 3154 3283 3194 ex
3311 3155 3378 3195 eo
3406 3153 3504 3209 ge-

193 3228 471 3291 fecerunt,
515 3241 711 3297 aquam
738 3224 910 3281 Deum
937 3224 1199 3289 dicentes,
1232 3239 1341 3278 non
1380 3225 1669 3279 habentem
1706 3238 1809 3279 nec
1832 3213 1882 3279 Β
1909 3228 2029 3283 nuit
2054 3226 2252 3283 ﬂumen
2282 3224 2353 3283 ex
2370 3243 2477 3299 quo
2503 3238 2602 3293 est,
2636 3231 2710 3285 ita
2739 3229 2899 3286 Pater
2927 3242 3087 3288 ex'eo
3104 3234 3292 3301 genuit
3312 3232 3507 3288 Filium

195 3319 418 3375 initium
446 3333 549 3375 nec
578 3317 761 3386 finem,
789 3316 977 3374 sordes
996 3316 1256 3383 lnentem,
1286 3325 1509 3386 peccata
1534 3316 1809 3372 dimitten-

196 3422 341 3477 tem,
393 3419 451 3468 et
503 3412 792 3469 habentem
845 3410 1105 3481 Spiritum
1155 3418 1422 3466 sanctum.
1473 3408 1622 3477 Quos
1662 3409 1808 3479 justo

196 3506 431 3561 damnat
471 3504 605 3560 ﬁdes
642 3504 915 3560 catholica
941 3503 1098 3573 quasi
1131 3518 1320 3568 crocos,
1353 3510 1408 3557 et
1429 3518 1540 3559 non
1564 3502 1809 3558 videntes

195 3613 408 3668 aquam
434 3597 631 3669 quibus
671 3595 942 3668 spurcitiis
986 3593 1171 3660 servit,
1203 3602 1279 3649 et'
1304 3600 1485 3665 potest
1524 3593 1667 3649 Deus
1693 3610 1809 3649 ser-

193 3692 343 3756 vire,
369 3691 564 3759 quibus
590 3690 754 3749 etiam
793 3687 1163 3759 squaloribus;
1212 3676 1307 3742 aut
1350 3686 1503 3757 cuius
1547 3687 1812 3742 momenti

203 3790 305 3839 est
330 3798 468 3854 aqua
488 3783 605 3838 sine
626 3782 1054 3839 consecratione.
1079 3780 1229 3834 Illam
1254 3795 1435 3836 sermo
1454 3780 1608 3835 vivus
1636 3777 1809 3835 viviﬁ-

198 3864 329 3939 cat,
357 3888 536 3930 sermo
562 3880 780 3928 sanctus
804 3870 1127 3931 sanctiﬁcat,
1161 3879 1219 3924 ut
1256 3876 1474 3926 sanctus
1501 3869 1731 3940 Spiritus
1758 3870 1812 3924 in

195 3982 280 4022 ea
296 3964 546 4031 dignetur
560 3963 825 4027 habitare,
848 3970 944 4016 aut
962 3968 1021 4014 ut
1044 3960 1214 4030 possit
1230 3960 1573 4015 credentibus
1590 3969 1813 4030 peccata

200 4050 498 4108 mundare.
529 4050 600 4105 Et
626 4051 723 4115 sic,
753 4050 1028 4119 quomodo
1062 4050 1260 4119 accipit
1286 4051 1397 4105 vim
1428 4050 1585 4119 huius
1611 4050 1689 4105 rei
1722 4066 1816 4120 per

200 4143 658 4202 benedictionem
703 4151 764 4198 ut
811 4142 983 4213 possit
1026 4141 1208 4199 omnia
1257 4141 1516 4199 mundare
1560 4150 1813 4214 peccata,

195 4253 325 4297 non
354 4245 536 4309 potest
559 4236 821 4292 mundare
844 4243 1068 4307 peccata
1093 4234 1211 4305 ejus
1230 4236 1323 4307 qui
1352 4233 1512 4290 fidem
1531 4250 1686 4290 suam
1705 4250 1815 4290 non

195 4349 281 4389 ex
304 4332 516 4400 integro
546 4331 696 4401 prius
715 4329 829 4385 Deo
857 4328 1149 4385 crediderit
1171 4327 1519 4384 olferendam.
1545 4328 1663 4383 Non
1684 4342 1815 4397 ergo

197 4440 314 4499 per
342 4423 521 4481 solum
538 4422 867 4487 abluentem,
900 4419 995 4476 sed
1016 4422 1188 4491 magis
1224 4437 1323 4492 per
1348 4419 1658 4477 credentem
1687 4420 1811 4492 Spi-

199 4518 356 4589 ritus
382 4523 601 4572 sanctus
640 4512 940 4569 infunditur
983 4513 1039 4568 in
1078 4513 1344 4580 homines,
1376 4521 1432 4571 ct
1466 4521 1811 4584 peccatorum

201 4608 378 4671 venia
405 4606 766 4664 condonatur.

350 4754 355 4759 .
901 4694 1131 4752 LXXVI.

285 4791 753 4864 Septuagesimum
783 4797 839 4846 et
862 4799 1071 4846 sextam
1095 4790 1342 4846 haeresim
1367 4790 1609 4846 fecerunt
1640 4798 1665 4827 ι
1696 4789 1809 4846 Ηοι

201 4886 585 4953 ωυιιοὶοηὶῑω,
616 4884 711 4956 qui
737 4884 921 4940 dicunt
947 4884 1001 4939 in
1030 4899 1259 4955 corpore
1286 4883 1520 4938 hominis
1540 4897 1659 4939 esse
1681 4883 1815 4938 ima-

199 4982 401 5052 ginem
442 4978 560 5047 Dei,
609 4992 718 5032 non
759 4976 813 5031 in
858 4975 1055 5030 anima.
1113 4973 1267 5029 Unde
1315 4972 1607 5043 Gregorius
1645 4992 1659 5026 :
1691 4990 1815 5029 cum

201 5076 400 5143 imago
430 5073 524 5128 Dei
554 5074 606 5128 in
638 5072 801 5128 rebus
829 5070 1038 5139 magnis
1064 5076 1123 5124 et
1146 5069 1333 5138 primis
1352 5083 1471 5137 quas
1494 5073 1619 5123 sunt
1640 5068 1697 5121 in
1725 5068 1820 5122 ho-

200 5167 367 5224 mine
414 5154 605 5220 deheat
651 5163 837 5235 quani,
883 5162 936 5216 in
985 5157 1267 5226 memoria,
1316 5159 1372 5213 in
1417 5156 1709 5223 intellectu,
1760 5159 1814 5212 in

201 5259 468 5323 scientia,
500 5266 557 5315 et
584 5257 638 5314 in
668 5256 775 5313 illis
800 5255 933 5312 locis
955 5250 1097 5315 unde
1123 5252 1289 5308 homo
1318 5250 1387 5307 ad
1414 5250 1673 5321 pietatem
1695 5267 1815 5309 mo~

290 5407 322 5437 ³
354 5397 413 5454 In
455 5398 599 5477 hunc
644 5396 820 5452 locum
854 5378 1072 5477 ividesi‘s
1118 5390 1464 5477 potelerium,
1512 5388 1582 5446 ad
1626 5384 1815 5447 Const.

201 5472 438 5542 Apost,
471 5468 564 5525 lib.
596 5480 665 5534 Vl,
696 5481 815 5536 cap.
850 5462 935 5529 IO,
969 5460 1081 5520 mit.
1103 5460 1161 5524 ,4.

290 5541 321 5582 δ
356 5538 452 5596 Ms.
480 5539 765 5601 Augiense,
789 5534 1120 5590 Adicerdilat.

291 5624 321 5653 α
354 5601 963 5679 ’Δδηκιρῧῑταιςριδρριριδ
1004 5605 1207 5679 lucrum
1256 5602 1447 5679 salutis
1486 5603 1541 5679 in
1582 5601 1813 5679 infprno.

207 5672 566 5747 Philastrius,
597 5672 786 5735 limes.
824 5672 933 5728 ΗΞ
958 5672 1106 5747 :‘Alii
1134 5682 1251 5747 sum
1272 5672 1501 5728 haeretici
1527 5672 1615 5747 qui
1637 5672 1819 5726 dicunt

208 5739 513 5811 Dominum
554 5739 609 5803 in
654 5749 910 5819 infernum
950 5739 1292 5819 descendisse,
1335 5749 1382 5798 et
1420 5739 1669 5819 nuntius
1689 5750 1822 5819 post

212 5806 447 5883 mortem
465 5822 623 5881 etiam
642 5806 828 5875 ibidem
848 5832 901 5872 se
923 5812 1205 5883 nuntiasse,
1229 5819 1284 5867 ut
1308 5812 1603 5883 conﬁtentes
1632 5806 1819 5868 ibidem

1911 3334 1979 3374 ex
2015 3335 2125 3391 quo
2164 3327 2248 3375 est
2280 3337 2294 3373 :
2326 3329 2381 3376 et
2421 3321 2561 3395 sicut
2602 3320 2722 3376 fons
2758 3338 2867 3377 non
2909 3322 3142 3378 volendo
3181 3331 3239 3377 et
3276 3324 3509 3379 nolendo

1909 3411 2094 3480 genuit
2128 3411 2369 3478 fluvium,
2413 3412 2509 3467 sed
2547 3412 2849 3481 gignendo;
2879 3414 2954 3468 ita
2990 3412 3149 3469 Pater
3189 3430 3298 3469 non
3325 3415 3512 3484 dispu-

1912 3506 2096 3572 tando,
2126 3515 2219 3560 aut
2256 3504 2509 3569 volendo,
2540 3513 2634 3558 aut
2680 3504 2935 3571 nolendo,
2987 3505 3079 3560 sed
3130 3507 3270 3562 sicut
3316 3515 3510 3562 natura

1911 3595 2076 3651 fontis
2124 3597 2228 3650 hoc
2272 3603 2471 3660 exstat,
2494 3602 2554 3648 ut
2581 3595 2650 3649 de
2682 3595 3019 3665 plenitudine
3042 3612 3138 3653 sua
3165 3590 3398 3664 emanet,
3434 3599 3509 3653 ita

1914 3684 2077 3742 Pater
2100 3687 2169 3743 de
2195 3685 2528 3758 plenitudine
2556 3701 2651 3742 sua
2681 3684 2961 3742 ell‘undens
2986 3687 3179 3744 Filium
3208 3690 3413 3757 genuit.
3442 3689 3519 3745 Et

1914 3777 2051 3833 sicut
2080 3776 2269 3833 ﬂuvius
2305 3778 2496 3835 circuit
2538 3785 2709 3834 totum
2738 3778 3015 3845 mundum,
3048 3787 3105 3835 et
3140 3794 3293 3835 mare
3328 3780 3512 3846 ingre-

1916 3868 2078 3933 ditur,
2109 3876 2165 3923 et
2194 3877 2369 3923 tamen
2396 3869 2463 3922 de
2491 3869 2611 3924 sinu
2639 3867 2802 3924 fontis
2831 3885 2939 3924 non
2965 3870 3170 3925 recedit.
3202 3889 3213 3923 :
3248 3870 3322 3924 ita
3350 3876 3407 3926 et
3431 3869 3518 3925 Fi-

1918 3959 2020 4013 lius
2066 3958 2134 4012 de
2182 3959 2303 4013 sinu
2354 3957 2531 4013 Patris
2582 3975 2857 4028 nunquam
2905 3959 3176 4026 discessit,
3228 3976 3329 4016 nec
3386 3972 3519 4021 tune

1917 4050 2137 4118 quando
2163 4066 2222 4104 sc
2251 4050 2552 4105 humiliavit
2587 4050 2761 4106 factus
2785 4051 3045 4107 obediens
3072 4052 3336 4122 usquead
3364 4068 3519 4110 mor-

1921 4150 2049 4196 tem.
2081 4141 2171 4197 Sic
2204 4156 2333 4210 ergo
2365 4143 2504 4199 inter
2534 4159 2634 4198 nos
2666 4159 2765 4215 per
2788 4146 3212 4215 assumptionem
3243 4148 3516 4218 apparuit,

1919 4232 2013 4289 sed
2043 4248 2139 4304 per
2166 4232 2501 4303 majestatem
2545 4251 2697 4291 suam
2735 4236 2805 4291 de
2852 4237 2972 4292 sinu
3019 4236 3196 4297 Patris
3234 4254 3511 4309 nunquam

1917 4326 2181 4383 discessit.
2230 4326 2296 4381 Ut
2339 4329 2482 4383 enim
2525 4330 2627 4385 hoc
2670 4328 2851 4396 fieret,
2896 4346 2998 4387 nec
3038 4332 3364 4402 possibilitas
3402 4332 3519 4391 Deo

1916 4415 2085 4475 defuit
2104 4435 2205 4487 nec
2234 4420 2500 4476 voluntas.
2535 4419 2713 4476 Unum
2741 4422 2933 4477 horum
2957 4424 3003 4478 si
3023 4422 3136 4480 Deo
3156 4424 3343 4494 defuit,
3374 4424 3517 4483 Deus

1918 4529 2041 4579 non
2067 4521 2248 4583 potest
2294 4515 2609 4584 nuncupari.
2656 4514 2758 4582 Qui
2807 4531 2951 4571 enim
2993 4531 3193 4573 nonum
3231 4534 3339 4575 non
3370 4519 3515 4587 vult,

1839 4594 1901 4657 ι)
1918 4608 2093 4663 malus
2120 4614 2232 4675 est;
2263 4608 2355 4677 qui
2385 4624 2492 4663 non
2524 4616 2705 4677 potest
2731 4609 2875 4677 quod
2899 4609 3013 4664 vult
3039 4609 3237 4677 facere,
3268 4612 3519 4682 omnipo-

1914 4708 2037 4773 tens
2080 4717 2190 4757 non
2238 4708 2339 4757 est.
2373 4700 2525 4757 lianc
2552 4701 2943 4772 blasphemiam
2972 4702 3292 4759 damnantes
3325 4702 3378 4756 in
3403 4702 3517 4758 ha:-

1912 4793 2084 4849 retico
2113 4808 2274 4863 quem
2298 4792 2552 4859 diximus,
2576 4792 2645 4846 ad
2672 4800 2899 4847 ceteros
2920 4792 3263 4849 accedamus.

2590 4920 2825 4977 LXXXI.

1992 5065 2387 5132 Octogesimam
2417 5069 2472 5115 et
2511 5060 2741 5132 primam
2779 5078 2889 5119 non
2928 5056 3173 5122 haeresim
3203 5081 3520 5123 accusamus

1927 5168 1949 5196 ο
1982 5156 2304 5221 Luciferum,
2329 5154 2423 5209 sed
2448 5150 3002 5228 schisma'arguimus.
3036 5157 3054 5198 ί
3079 5146 3386 5215 Οειὴοιῖοοε
3408 5158 3523 5226 qui-

1922 5252 2044 5307 dem
2073 5264 2172 5320 per
2195 5248 2394 5315 omnia,
2414 5245 2897 5313 sedLuciferianos
2918 5251 3164 5309 faciendo
3191 5247 3447 5321 popuios,
3469 5254 3527 5302 et

1921 5387 2264 5451 sanarentur.
2291 5374 2441 5441 lianc
2469 5384 2903 5451 observationem
2930 5386 3209 5451 acceptam
3228 5376 3488 5451 referimu

1920 5448 2194 5525 Cotclerio
2225 5455 2277 5510 in
2307 5456 2450 5510 notis
2478 5454 2543 5525 ad
2576 5446 2848 5525 Hermum,
2880 5452 3039 5507 simil.
3060 5446 3126 5515 '9,
3161 5449 3189 5520 δ
3222 5446 3307 5516 I6,
3332 5455 3464 5506 tom.
3494 5446 3515 5521 Ι

1923 5518 2027 5598 PP.
2064 5524 2329 5598 Apostol.,
2361 5542 2483 5598 pag.
2513 5520 2613 5598 {90
2643 5518 2942 5598 edit.§ler.
2972 5590 2975 5595 γ
3166 5518 3191 5598 ί
3290 5586 3295 5591 ἢ

1940 5646 1943 5651 .
1995 5597 2021 5637 δ
2053 5588 2147 5654 His
2186 5588 2383 5653 nomen
2410 5588 2466 5652 in
2495 5594 2741 5660 elencho,
2773 5590 3144 5661 Metagenetm;
3178 5588 3233 5646 in
3260 5588 3364 5650 me.
3394 5590 3518 5651 nul.

1931 5671 2068 5740 lum,
2085 5668 2261 5740 inquit
2287 5661 2624 5740 Sit'mondus:

2006 5711 2039 5726 ..
2090 5711 2261 5739 ...Ψεη
2287 5711 2624 5746 s.....-...._--
2704 5732 2713 5745 .

2005 5751 2026 5779 ο
2044 5711 2150 5795 ‘Ms.
2184 5738 2487 5807 Augiense,‘
2502 5750 2574 5807 tu
2588 5730 2847 5807 Lucifero.

2006 5810 2021 5849 ί
2056 5808 2155 5866 Ms.
2190 5798 2348 5874 ideiu,
2382 5802 2665 5859 catholicus
2692 5798 2917 5876 quidem.

2296 5945 2344 5972 κ
2372 5949 2545 5967 ἀομρα
2564 5955 2589 5961 ας
2610 5959 2679 5970 Δ...
2706 5966 2725 5972 ﬂ
