4088 6346
623 371 728 430 615

1607 356 1978 416 ANONYMUS
2016 359 2293 416 AUCTOR
2326 357 2866 416 PRAEDESTINATI.

3781 361 3870 418 616

622 485 908 547 dividendo
935 498 993 540 se
1019 467 1088 539 ab
1114 479 1374 547 Ecclesia,
1399 494 1429 534 a
1461 478 1563 534 ﬁde
1597 496 1692 534 sua
1725 488 1748 517 ⁸
1773 480 2006 535 charitas
2032 479 2213 534 cxclu-
2239 481 2293 542 Α
2317 479 2444 533 rari.
2497 479 2600 534 Sed
2649 479 2748 535 hos
2774 478 3138 550 disputatione
3158 477 3403 551 Origenis
3422 493 3614 551 magna
3633 492 3871 539 memorat

622 585 692 639 sit
717 602 728 636 :
755 582 966 641 dicente
995 575 1254 648 Apostolo
1279 593 1291 630 τ
1319 573 1379 630 Si
1408 574 1565 645 ﬁdem
1585 573 1801 626 habeam
1830 575 1904 625 ita
1932 581 1988 625 ut
2010 581 2206 627 montes

624 677 954 742 transferam,
983 671 1288 726 charitatem
1321 677 1491 722 autem
1518 683 1622 721 non
1653 665 1887 732 habeam,
1920 665 2053 719 nihil
2079 663 2208 719 mihi

620 767 828 838 prodest
859 765 899 836 (l
928 764 1048 819 Cor.
1080 780 1194 827 xm,
1223 763 1301 832 2).
1334 762 1646 820 Gloriantur
1663 761 1886 832 quidem
1914 776 1942 813 a
1969 759 2070 814 fide
2101 774 2208 814 non

618 859 862 914 deviasse
895 857 1026 914 :sed
1053 873 1160 912 non
1201 871 1426 928 parvum
1466 855 1667 910 crimen
1699 853 1970 922 arguimus
1997 867 2094 907 eos
2122 852 2207 906 in-

618 964 857 1013 currere,
876 950 967 1020 qui
989 964 1110 1004 cum
1138 947 1234 1003 Dei
1261 946 1498 1002 Ecclesia
1529 946 1798 1001 nblnerint
1840 945 2040 1000 habere
2079 944 2207 999 cha-

619 1042 854 1096 ritatem.

633 1135 640 1139 ’
1289 1130 1544 1185 LXXXII.

690 1225 1058 1284 Jovinianistae
1099 1241 1128 1280 a
1166 1223 1450 1284 Ioviniano
1477 1221 1708 1292 quodam
1745 1222 2127 1290 octogesimam
2157 1229 2212 1277 et

621 1319 912 1374 secundam
942 1317 1187 1372 haeresim
1217 1315 1507 1386 arripuisse
1545 1313 1744 1369 detecti
1771 1321 1912 1369 sunt.
1945 1313 2045 1380 Qui
2075 1313 2212 1368 sicut

621 1412 790 1466 Stoici
827 1409 1132 1481 philosophi
1159 1415 1369 1478 putant,
1399 1407 1549 1477 paria
1578 1405 1763 1461 dicunt
1801 1420 1919 1461 esse
1961 1405 2210 1460 universa

622 1513 844 1576 peccata
871 1522 883 1556 :
912 1519 1012 1558 nec
1037 1517 1196 1573 posse
1232 1516 1460 1570 peccare
1501 1500 1775 1555 hominem
1808 1499 2026 1554 lavacro
2052 1513 2209 1568 rege-

625 1595 920 1651 nerationis
953 1600 1196 1664 accepto,
1227 1608 1329 1647 nec
1368 1591 1568 1662 aliquid
1599 1590 1857 1661 prodesse
1893 1589 2096 1659 jejunia
2125 1589 2211 1644 vel

623 1704 652 1740 a
682 1687 814 1742 cibis
842 1685 1107 1756 aliquibus
1149 1684 1546 1738 abstinentiam.
1572 1682 1971 1751 -Virginitatem
2013 1687 2211 1734 sancta:

623 1780 804 1835 Mariae
831 1779 1130 1840 destruunt,
1161 1778 1403 1854 dicentes
1443 1793 1562 1832 eam
1601 1775 1861 1847 pariendo
1901 1774 2062 1829 fuisse
2094 1775 2210 1828 vio-

2310 586 2375 626 ex
2407 579 2560 641 parte
2591 580 2897 628 revocatos.

2963 661 3246 718 LXXXIV.

2377 752 2772 823 Octogesimam
2827 763 2882 810 et
2935 762 3182 824 quartam
3241 754 3502 811 haeresem
3559 753 3871 815 Helvidianos

2309 860 2605 917 occupasse
2660 847 2728 901 ab
2766 845 3016 902 Helvidio
3053 861 3438 902 memoramus.
3471 845 3573 914 Qui
3619 847 3689 901 ita
3731 851 3869 917 virgi-

2308 937 2465 992 nitati
2506 945 2706 992 sancta:
2734 935 2916 992 Mariae
2944 937 3341 1004 contradicunt,
3373 945 3435 993 ut
3480 953 3600 994 eam
3636 938 3802 996 dicant
3819 941 3874 996 de

2307 1029 2506 1101 Ioseph
2535 1041 2658 1100 post
2677 1030 3014 1086 nativitatem
3033 1028 3232 1085 Christi
3271 1030 3408 1085 alios
3437 1027 3578 1086 ﬁlios
3604 1031 3864 1100 peperisse.

2309 1122 2399 1178 lsti
2428 1123 2644 1194 quidem
2674 1137 2866 1193 nuper,
2910 1122 2963 1176 id
3015 1131 3098 1178 est
3144 1123 3244 1177 sub
3294 1121 3490 1178 Siricio
3536 1121 3864 1178 Romanorum

2311 1218 2549 1272 antistite
2578 1218 2683 1271 orti
2710 1223 2856 1282 sunt,
2889 1222 2944 1271 et
2972 1231 3070 1286 per
3112 1215 3319 1269 Italiam
3375 1223 3538 1286 atque
3589 1212 3775 1270 Gallias
3803 1215 3871 1270 di-

2311 1316 2569 1364 rexerunt
2613 1324 2740 1364 suos
2766 1308 3076 1378 discipulos.
3109 1305 3312 1362 Contra
3354 1307 3455 1362 hos
3473 1307 3686 1378 scripsit
3707 1305 3890 1364 Iliun--

2314 1416 2504 1471 nymus
2533 1398 2725 1454 doctor
2752 1399 2999 1468 egregius
3024 1397 3053 1437 ι’
3077 1398 3213 1454 duos
3244 1398 3428 1463 libros,
3453 1414 3592 1470 quos
3642 1399 3791 1455 lectos
3824 1398 3870 1459 it:

2312 1499 2554 1561 tempore
2581 1490 2738 1558 digna
2783 1504 2879 1544 eos
2907 1490 3282 1545 exsecratione
3312 1501 3334 1528 ο
3360 1489 3864 1546 anathematizabant.

2314 1581 2641 1653 Epiphanius
2694 1590 2873 1637 autem
2922 1591 3138 1647 noster,
3188 1589 3460 1637 scrutator
3512 1581 3868 1650 haereticorum,

2311 1675 2554 1730 scribens
2601 1681 2790 1729 contra
2830 1673 2932 1728 hos
2988 1673 3248 1738 libellum,
3301 1673 3393 1742 qui
3425 1673 3478 1727 in
3534 1672 3627 1726 illo
3665 1659 3866 1744 tempore

2314 1767 2453 1852 hanc
2493 1766 2843 1836 blasphemiis
2888 1765 3103 1835 plenam
3149 1765 3503 1821 assertionem
3545 1764 3868 1836 proferebant,

624 1872 804 1926 latam.
848 1870 1151 1939 Virginitati
1189 1870 1350 1924 etiam
1390 1867 1897 1931 sanctimonialium,
1932 1866 2213 1921 continen-
2240 1866 2290 1928 B
2316 1858 2788 1913 Antidicomarilas
2807 1872 2904 1913 eos
2931 1857 3143 1912 censuit
3164 1857 3447 1928 appellari.

623 1964 753 2018 tium
796 1963 1062 2026 castitati,
1109 1970 1165 2017 et
1202 1963 1330 2016 viris
1371 1961 1688 2030 eligentibus
1726 1959 1970 2015 caelibem
2009 1959 2210 2024 vitam,

621 2055 928 2125 conjugium
949 2061 1401 2130 castorurqatque
1425 2053 1657 2107 fidelium
1680 2051 1886 2106 meritis
1906 2051 2208 2118 adaequant;

623 2149 695 2202 ita
744 2157 802 2202 ut
847 2145 1087 2218 quaedam
1116 2146 1348 2214 virgines
1375 2160 1542 2200 sacrae
1581 2153 1848 2214 provectm
1873 2143 1984 2211 jam
2013 2140 2210 2206 aetatis,

622 2239 675 2293 in
706 2239 839 2295 urbe
868 2237 1112 2292 Romana
1140 2237 1233 2291 ubi
1261 2237 1374 2290 haec
1397 2235 1645 2298 docebat,
1669 2250 1736 2289 eo
1758 2233 1942 2288 audito
1968 2233 2212 2302 nupsisse

620 2332 886 2386 dicantur.
927 2329 1044 2385 Non
1090 2344 1220 2384 sane
1261 2329 1376 2399 ipse
1413 2326 1728 2382 Iovinianus
1754 2326 1840 2380 vel
1868 2320 2102 2380 habebat
2129 2323 2212 2378 vel

621 2425 821 2480 habere
868 2424 1084 2478 volebat
1129 2437 1351 2478 uxorem
1384 2439 1397 2474 :
1429 2420 1576 2492 quod
1621 2420 1820 2475 factum
1869 2435 1976 2473 non
2022 2417 2214 2472 futura!

621 2517 745 2569 vita:
771 2513 1110 2584 profuturum
1137 2513 1370 2579 dicebat,
1400 2512 1494 2567 sed
1518 2511 1770 2581 prtesenti
1799 2508 2084 2565 commodo
2119 2522 2215 2578 ap-

623 2605 877 2676 plicabat.
925 2604 1126 2661 Contra
1174 2605 1315 2660 hunc
1361 2603 1600 2673 suscepit
1641 2609 1858 2657 sanctus
1900 2601 2213 2655 Ambrosius

623 2698 1036 2754 Mediolanensis
1081 2698 1386 2770 episcopus,
1437 2696 1636 2767 quique
1685 2694 1852 2750 edidit
1903 2695 2099 2749 librum
2144 2693 2213 2748 ad

619 2791 942 2848 destruenda
994 2792 1172 2848 omnia
1229 2797 1534 2846 commenta
1586 2788 2027 2843 adinventionum
2073 2785 2209 2855 ejus.

621 2882 739 2950 Quo
771 2884 910 2938 lecto
940 2883 992 2938 in
1036 2883 1209 2938 media
1241 2881 1505 2946 Romana,
1538 2880 1594 2935 id
1627 2886 1708 2935 est
1736 2879 1963 2934 ecclesia
1992 2876 2212 2932 Latera~

621 2975 793 3040 nensi,
825 2991 928 3030 una
957 2990 1091 3030 voce
1119 2984 1174 3030 et
1211 2975 1442 3045 populus
1489 2972 1773 3042 Romanus.
1793 2977 1848 3026 et
1876 2970 2207 3037 sacerdotes,

620 3065 675 3119 in
716 3063 920 3120 eisdem
960 3063 1326 3119 Jovinianistis
1354 3071 1410 3118 et
1454 3065 1571 3133 ipso
1608 3063 1895 3118 Joviniano
1923 3063 2210 3118 anathema

618 3155 1003 3218 clamaverunt,
1052 3157 1105 3210 in
1154 3158 1267 3225 ipso
1315 3155 1467 3212 initio
1510 3157 1961 3225 Quadragesimaa,
2021 3163 2209 3212 sancto

620 3249 904 3305 Anastasio
949 3222 1202 3320 episcopo
1257 3249 1514 3305 antistite.
1539 3222 1800 3319 Denique
1849 3252 1900 3304 in
1947 3251 2061 3321 ipsa
2108 3267 2205 3306 au—
2231 3222 2279 3287 θ

620 3340 856 3396 thentica
898 3337 1234 3394 hebdomada
1280 3337 1514 3403 Paschae,
1545 3340 1744 3394 inventi
1779 3350 1904 3395 sunt
1930 3341 2210 3411 epulantes

618 3437 675 3484 et
696 3445 982 3500 porcorum
1010 3428 1260 3483 carnibus
1290 3429 1564 3483 trahentes
1608 3430 1852 3484 convivia
1886 3448 1898 3482 :
1932 3431 2005 3484 ita
2035 3439 2093 3484 ut
2118 3447 2207 3486 as-

619 3537 736 3575 sum
774 3537 998 3590 porcum
1025 3536 1190 3591 quem
1217 3521 1270 3574 in
1302 3535 1488 3575 mensa
1527 3537 1715 3576 eorum
1745 3523 2080 3589 invenerant,
2111 3539 2219 3594 po-_

619 3611 731 3681 puli
759 3611 898 3666 collo
939 3611 1056 3680 ejus
1103 3611 1509 3682 suspenderent,
1543 3621 1596 3668 et
1646 3614 1716 3668 ita
1757 3629 1878 3670 eum
1914 3631 2011 3686 per
2037 3624 2208 3672 totam

620 3703 891 3757 civitatem
946 3702 1183 3758 facerent
1229 3703 1474 3759 circuire.
1527 3703 1754 3775 Scripsit
1807 3707 1970 3761 etiam
2017 3716 2208 3763 contra

620 3792 720 3849 hos
759 3793 1115 3866 Hieronymus
1153 3795 1437 3866 presbyter
1473 3804 1654 3851 certos
1699 3797 1894 3863 libros;
1943 3815 2079 3868 quos
2117 3798 2210 3868 qui

531 3947 533 3949 ι
619 3885 828 3955 plenius
865 3885 1072 3954 legerit,
1116 3893 1171 3940 et
1216 3895 1415 3957 quanta
1455 3887 1595 3942 bona
1625 3888 1901 3955 virginitas
1941 3895 1995 3942 et
2035 3889 2218 3943 conti--

620 3977 803 4032 nentia
831 3984 885 4032 et
913 3977 1235 4032 abstinentia
1276 3978 1473 4034 habeat
1514 3979 1690 4044 discit,
1733 3987 1787 4034 et
1821 3986 2023 4049 quanta
2067 3979 2206 4033 mala

619 4069 857 4127 edacitas
883 4078 939 4126 et
965 4071 1176 4127 luxuria
1203 4073 1398 4127 habeat
1427 4073 1807 4142 perhorrescit.

1268 4161 1546 4217 LXXXIII.

643 4283 646 4286 ~
692 4254 1085 4325 Octogesimam
1123 4262 1178 4310 et
1225 4257 1438 4310 tertiam
1469 4257 1716 4312 haeresim
1763 4257 1816 4311 in
1865 4265 2022 4313 sexto
2069 4257 2208 4312 libro

623 4347 1088 4418 historiographus
1125 4356 1310 4411 noster
1348 4349 1499 4418 ponit
1553 4349 1850 4415 Eusebius,
1899 4365 2059 4419 quam
2110 4366 2212 4406 nec

622 4439 952 4512 Epiphanius
999 4440 1193 4496 alicubi
1243 4441 1576 4507 memoravit,
1623 4456 1722 4498 nec
1750 4439 2081 4514 Polycrates,
2110 4457 2212 4498 nec

623 4531 921 4596 Africanus,
953 4547 1056 4587 nec
1074 4530 1356 4596 Hesiodus,
1387 4548 1477 4601 qui
1498 4531 1685 4588 Graeco
1718 4548 1967 4588 sermone
1988 4533 2207 4588 univer-

2969 1948 3225 2004 LXXXV.

2385 2039 2778 2111 Octogesimam
2807 2051 2863 2097 et
2889 2042 3131 2112 quintam
3161 2042 3420 2097 hzeresem
3468 2041 3760 2098 Paterniani
3800 2043 3862 2098 in-

2315 2133 2539 2189 choasse
2565 2133 2832 2202 leguntur.
2861 2132 2926 2186 lli
2955 2132 3237 2188 inferiores
3264 2133 3485 2187 humani
3511 2134 3743 2205 corporis
3761 2149 3860 2204 parb

2314 2231 2397 2279 tes
2443 2240 2549 2278 non
2600 2240 2630 2278 a
2673 2224 2805 2290 Deo,
2856 2223 2949 2279 sed
2997 2239 3026 2276 a
3053 2223 3268 2278 diabolo
3298 2222 3466 2278 factas
3495 2225 3862 2295 opinanturzet

2315 2314 2554 2369 omnium
2597 2327 2665 2368 ex
2711 2314 2815 2368 illis
2868 2315 3112 2385 partibus
3166 2312 3488 2383 ﬂagitiorum
3519 2315 3862 2371 licentiamtrio

2315 2407 2541 2462 buentes
2570 2407 2929 2476 impurissime
2957 2408 3163 2462 vivunt.
3187 2406 3298 2462 Hos
3323 2407 3450 2462 dum
3481 2407 3714 2463 Damasus
3734 2408 3855 2463 dam-

2315 2506 2470 2556 naret
2497 2501 2788 2572 episcopus
2833 2500 3076 2556 detectos
3118 2500 3172 2553 in
3211 2499 3438 2564 scelere,
3488 2499 3768 2571 huiusmodi
3804 2499 3862 2554 de

2313 2595 2397 2649 his
2419 2596 2471 2649 in
2493 2593 2759 2650 relatione
2778 2609 2875 2648 sua
2898 2593 2964 2647 ad
2992 2592 3427 2648 Valentinianum
3449 2594 3699 2663 majorem
3723 2593 3862 2662 scrip-

2315 2687 2402 2752 sit,
2435 2686 2619 2742 dicens
2649 2705 2662 2740 :
2710 2686 2858 2741 Scire
2886 2687 3116 2740 volumus
3163 2685 3408 2755 pietatem
3452 2696 3686 2750 vestram,
3713 2683 3736 2722 δ
3782 2683 3860 2738 γε.

2313 2778 2584 2833 nustianos
2611 2780 2666 2831 in
2694 2779 2882 2832 scelere
2913 2777 3204 2846 turpissimo
3235 2775 3459 2831 delectos
3511 2776 3578 2829 ab
3619 2776 3857 2847 apostolira

2313 2858 2432 2925 sede
2455 2887 2567 2925 esse
2595 2870 2884 2925 damnatos.
2912 2868 3152 2935 Quorum
3173 2869 3336 2924 etiam
3358 2868 3715 2926 confessiones
3732 2865 3857 2923 siam!

2314 2961 2532 3017 direxit.
2589 2960 2791 3017 Contra
2848 2962 2947 3016 hos
2995 2969 3180 3031 postea
3231 2961 3315 3015 lex
3385 2962 3630 3033 specialis
3682 2975 3857 3030 egressa

2313 3062 2426 3117 est,
2469 3063 2528 3108 ut
2565 3053 2888 3122 ubicumque
2953 3061 3134 3108 essent
3188 3053 3410 3124 reperti,
3471 3053 3672 3110 vindice
3716 3050 3860 3122 gladio

2314 3155 2622 3214 agerentur.

2907 3245 2917 3252 '
2971 3235 3253 3291 LXXXVI.

2384 3331 2814 3387 Tertullianistas
2842 3331 2970 3386 olim
3019 3347 3050 3386 a
3089 3331 3285 3388 Sotere
3314 3347 3452 3402 papa
3474 3331 3706 3386 Romano
3729 3331 3857 3384 dam.

2311 3435 2468 3480 natos
2512 3425 2755 3493 legimus.
2803 3422 2914 3478 Cur
2966 3431 3146 3480 autem
3196 3425 3574 3492 octogesimam
3602 3432 3654 3478 et
3677 3431 3860 3477 sextam

2311 3534 2406 3574 eos
2426 3519 2682 3573 hzeresem
2704 3518 2947 3573 dicamus
2967 3518 3277 3588 arripuisse,
3312 3518 3428 3574 haec
3446 3532 3594 3574 causa
3616 3526 3709 3579 est,
3733 3514 3862 3584 quod

2309 3611 2554 3686 quaedam
2581 3609 2874 3666 Octaviana
2900 3611 3121 3666 veniens
3145 3627 3217 3666 ex
3246 3609 3438 3676 Africa,
3468 3608 3609 3678 cujus
3634 3607 3724 3671 vir,
3766 3605 3866 3660 He-

2310 3703 2519 3774 sperius
2547 3703 2786 3769 nomine,
2817 3701 3100 3757 videbatur
3126 3702 3246 3757 duci
3277 3699 3542 3768 Arbogasti
3571 3697 3712 3750 valde
3735 3711 3858 3749 con-

2304 3795 2540 3864 junctus,
2572 3795 2664 3864 qui
2695 3795 2857 3850 etiam
2887 3793 3027 3864 apud
3054 3793 3335 3848 Maximum
3356 3801 3624 3864 tyrannum
3643 3785 3859 3842 multum

2310 3889 2506 3960 potuit,”
2531 3889 2645 3944 hmo
2678 3898 2702 3926 θ
2725 3887 3018 3942 Octaviana
3047 3886 3268 3942 adduxit
3293 3899 3463 3941 secum
3479 3880 3753 3954 quemdam
3769 3886 3871 3932 ter-

2309 3981 2695 4050 giversatorem
2752 3989 3139 4049 versutumque
3194 3979 3506 4044 daemonem,
3535 3975 3621 4032 cui
3643 3973 3732 4028 vix
3756 3984 3873 4028 cen-

2309 4080 2424 4125 tum
2472 4081 2756 4127 occurrent
2799 4070 3106 4126 verbosanti
3155 4077 3318 4139 atque
3345 4070 3400 4125 in
3426 4067 3691 4124 hominem
3720 4062 3872 4136 conti-

2310 4165 2476 4219 denti.
2522 4164 2620 4220 Hic
2670 4180 2790 4220 cum
2820 4179 2878 4220 se
2922 4129 3296 4236 presbyterum
3329 4164 3531 4221 diceret
3557 4134 3873 4218 Tertulliaui-

2309 4266 2468 4325 stam,
2512 4260 2708 4314 meruit
2735 4275 2832 4330 per
2859 4275 3069 4315 sacrum
3097 4261 3357 4330 scriptum
3407 4266 3464 4314 ut
3490 4243 3594 4314 sibi
3621 4255 3876 4325 collegium

2311 4360 2464 4407 extra
2493 4369 2675 4408 muros
2707 4350 2864 4408 Urbis
2884 4354 3189 4410 fabricaret.
3219 4353 3376 4421 Quod
3403 4353 3535 4409 dum
3567 4354 3879 4425 impetrasset

2311 4453 2599 4516 atyranno
2654 4443 2906 4511 Maximo,
2957 4455 3270 4506 sanctorum
3317 4454 3635 4503 nostrorum
3683 4440 3881 4500 exclusit

2310 4536 2509 4601 locum,
2535 4537 2587 4591 id
2616 4546 2697 4592 est
2726 4537 2952 4593 duorum
2984 4539 3207 4594 fratrum
3229 4536 3477 4594 Processi
3509 4547 3566 4594 et
3587 4533 3881 4597 Martiniani,

621 4642 708 4682 sas
728 4627 960 4682 haereses
987 4613 1352 4681 describentes
1378 4625 1647 4680 volumina
1675 4629 1964 4682 multorum
2015 4627 2204 4684 condi-
2235 4609 2288 4672 Ῑ)
2313 4628 2497 4684 dicens
2525 4645 2620 4685 eos
2641 4628 2879 4702 Phryges
2906 4631 3089 4696 fuisse,
3122 4641 3178 4686 et
3198 4630 3319 4687 ideo
3339 4631 3483 4688 hanc
3513 4632 3691 4702 legem
3713 4628 3887 4684 tenuis-

620 4721 748 4777 dere
790 4721 1066 4776 librorum.
1100 4719 1157 4774 In
1185 4728 1338 4774 sexto
1368 4720 1565 4790 itaque,
1597 4729 1653 4774 ut
1696 4721 1826 4784 dixi,
1859 4721 1996 4777 libro
2023 4727 2205 4774 narrat

620 4812 882 4870 Eusebius
909 4827 1026 4869 esse
1052 4813 1105 4868 in
1128 4813 1322 4868 Arabia
1353 4813 1652 4880 haereticos,
1676 4829 1904 4883 quorum
1937 4815 2064 4884 quia
2113 4830 2207 4869 au-

579 4907 584 4913 .
620 4913 826 4958 ctorem
873 4920 980 4960 non
1021 4913 1303 4970 memorat,
1337 4921 1436 4961 nos
1462 4921 1748 4977 possumus
1773 4921 1867 4962 COS
1896 4920 2206 4975 nuncupare

621 4995 896 5052 Arabicos.
951 4995 1039 5062 Hi,
1084 4997 1275 5068 inquit,
1305 4998 1488 5054 dicunt
1515 4999 1722 5054 animas
1747 5015 1868 5055 cum
1890 4997 2209 5070 corporibus

619 5087 758 5142 mori
785 5094 948 5158 atque
971 5087 1210 5156 dissolvi,
1234 5097 1290 5144 et
1309 5089 1363 5143 in
1390 5089 1494 5144 line
1521 5090 1702 5146 saaculi
1742 5097 2026 5162 utrumque
2049 5105 2206 5161 repa-

689 5277 716 5306 ι
742 5265 840 5322 Ms.
869 5267 1030 5336 idem,
1062 5269 1368 5325 charitatem
1388 5267 1626 5323 exclusit.

689 5337 716 5378 δ
755 5337 872 5394 Non
919 5341 1073 5406 duos,
1131 5340 1227 5396 sed
1267 5354 1431 5393 unum
1472 5340 1686 5409 scripsit
1726 5338 1913 5396 doctor
1940 5341 2205 5395 maximus

618 5407 875 5481 adversus
903 5409 1222 5481 Helvidium,
1268 5417 1327 5464 ut
1365 5407 1611 5464 notatum
1630 5409 1891 5466 Vallarsio
1913 5412 1965 5465 in
1995 5410 2202 5481 praefat.

619 5481 687 5538 ad
699 5478 1090 5554 S._I1ieronymi
1104 5477 1552 5554 Operumtomum
1577 5481 1617 5554 l,
1638 5495 1759 5550 pag.
1790 5498 1935 5548 χχιιι,
1951 5477 2097 5536 num.
2115 5481 2203 5536 '53.

693 5561 718 5622 ξ
755 5551 1172 5622 his.gAug'iense,
1203 5552 1735 5622 anathematizabunt.

691 5618 717 5657 ἀ
757 5621 836 5676 De
865 5618 1197 5678 Veniutianis
1218 5623 1381 5678 verba
1411 5621 1537 5678 facit
1565 5621 1620 5676 S.
1648 5622 1992 5690 Augustinus,
2016 5624 2111 5678 lib.
2138 5622 2206 5678 de

622 5691 825 5768 ﬁgeres.
846 5709 966 5768 cap.
992 5692 1086 5768 $5,
1110 5700 1166 5749 et
1185 5693 1278 5768 l_ib.
1308 5711 1338 5768 γ
1362 5701 1549 5768 contra
1575 5691 1770 5768 Julian.
1813 5707 1933 5762 cap.
1957 5693 2021 5768 1,
2038 5709 2204 5768 num.

621 5761 711 5814 26.
737 5759 816 5815 Ex
846 5759 948 5818 hoc
973 5759 1154 5818 autem
1183 5762 1553 5819 Praedestinati
1598 5763 1719 5819 loco
1747 5759 1935 5818 censet
1957 5762 2212 5820 Baluzius

623 5828 979 5888 Yenustianos
999 5833 1163 5890 fuisse
1192 5851 1222 5889 a
1251 5835 1309 5889 S.
1333 5833 1565 5890 Damaso
1592 5833 1875 5890 damnatos
1901 5834 1954 5890 in
1983 5834 2213 5892 concilio

2310 4735 2387 4785 se,
2429 4736 2592 4792 quam
2624 4721 3020 4794 Tertullianus:
3063 4732 3226 4794 atque
3275 4724 3380 4780 hoc
3409 4724 3610 4780 ordine
3638 4739 3733 4796 per
3757 4734 3888 4777 occa-

2309 4813 2516 4868 sionem
2541 4822 2833 4886 martyrum
2853 4815 2946 4870 Dei
2963 4816 3218 4887 populum
3253 4815 3580 4872 seducebat.
3609 4817 3720 4873 Deo
3740 4824 3890 4870 autem

2323 4904 2632 4961 Theodosio
2673 4905 2924 4976 religioso
2955 4907 3194 4977 Augusto
3241 4908 3406 4963 dante
3429 4909 3743 4976 victoriam,
3771 4903 3895 4979 puni-

2311 4998 2737 5068 toque‘satellite
2767 4998 2984 5054 Maximi
3007 5001 3074 5055 de
3103 5000 3256 5070 cujus
3286 5017 3345 5056 se
3375 4999 3787 5057 Tertullianista
3811 5014 3893 5070 po-

2312 5100 2506 5148 testate
2523 5091 2781 5162 jactabat,
2807 5093 2989 5149 statim
3013 5091 3147 5163 fugit
3170 5109 3293 5149 cum
3322 5101 3585 5150 matrona
3615 5109 3738 5167 qua
3762 5103 3897 5148 vene-

2313 5269 2560 5325 Romano
2588 5284 2645 5335 ιι,
2673 5284 2816 5324 anno
2847 5267 2949 5322 567
2979 5274 3188 5324 coacto.
3221 5267 3434 5322 Videsis
3463 5257 3898 5326 Collect.concil.

2312 5349 2444 5395 tom.
2478 5340 2540 5404 ll,
2570 5355 2691 5411 pag.
2726 5338 2864 5394 1038
2895 5338 3193 5411 edit.i\len.
3226 5337 3713 5411 LablLCzeterum
3753 5335 3906 5411 dehis

2314 5407 2587 5480 haereticis
2620 5407 2890 5474 consulas,
2937 5410 2982 5464 si
3030 5410 3196 5480 lubet,
3243 5408 3798 5480 c_l.,Wesselingium,
3827 5407 3916 5480 lit»

2316 5478 2585 5554 Probabil.
2637 5482 2862 5554 cap.__i'5,
2920 5495 3042 5550 pag.
3103 5478 3205 5554 29;
3264 5478 3491 5554 Petrum
3549 5477 3838 5543 Horreum,
3867 5477 3910 5554 in

2319 5551 2541 5626 Misce".
2589 5548 2722 5626 crit:
2755 5552 2855 5626 lib.
2889 5548 2942 5626 ι,
2957 5548 3076 5622 cap.
3112 5551 3160 5626 '_7,
3193 5566 3304 5626 pp.‘
3333 5548 3473 5626 105,Δ
3497 5566 3714 5626 _seqq.;
3743 5558 3794 5626 et
3836 5548 3912 5626 qui

2321 5622 2376 5676 S.
2422 5622 2634 5677 Damasi
2663 5623 2860 5693 scripta
2907 5621 3091 5676 Romae
3119 5621 3259 5693 haud
3290 5622 3363 5675 ita
3385 5621 3614 5692 pridem
3642 5621 3911 5689 evulgavit.

2311 5693 2365 5747 in
2393 5693 2632 5764 ejusdem
2678 5692 2949 5764 pontificis
2996 5692 3378 5764 opusculorum
3421 5707 3494 5747 ac
3524 5701 3812 5763 gestorum
3838 5702 3914 5744 re-

2313 5760 2586 5835 censione,
2778 5763 2829 5827 7,
2864 5763 2894 5835 §
2924 5762 2974 5830 ὁ,
3000 5760 3124 5835 pag.
3160 5760 3249 5835 58.

2387 5845 2411 5872 ε
2452 5833 2576 5899 Ms.,
2601 5832 2842 5902 Octavia,
2867 5832 3184 5906 iluae'prius,
3220 5833 3542 5889 Octaviam.
3580 5832 3856 5893 Sirmond.
