4088 6346
236 348 336 408 61³1

698 337 1288 400 PREDESTINATUS
1323 336 1476 396 SWE
1513 326 2211 393 PREDESTINATORUM
2249 330 2590 400 HERESIS,
2631 330 2783 388 ETC.
2828 330 2954 387 LIB.
2997 330 3035 387 1.

3400 329 3505 390 618

237 469 340 528 rat,
370 475 472 516 nec
496 459 728 515 viventis
764 474 864 515 nec
891 457 1088 513 mortui
1117 471 1334 512 rumore
1374 460 1653 510 renovato.
1687 451 1820 506 Mar—
1846 460 1897 520 Α
1924 451 1992 506 ad
2013 465 2100 506 me
2128 451 2362 521 pertinet
2389 451 2456 506 de
2477 451 2562 505 his
2584 465 2704 520 qua:
2731 449 2949 519 objecit,
2981 447 3071 504 ubi
3100 461 3277 502 meum
3308 463 3504 504 nomen

237 562 417 626 tyrtun
471 568 690 608 suorum
743 551 888 606 Deus
933 548 1192 604 excubias
1220 547 1497 603 catholica:
1545 543 1821 600 festivitati

237 641 492 700 restituit.
552 641 913 698 Tertullianus
957 650 1137 695 autem
1166 639 1266 694 fuit
1311 638 1444 694 civis
1470 646 1525 692 ct
1545 636 1822 707 presbyter

238 731 691 802 Carthaginiensis
714 751 727 786 ε
751 732 1007 803 opuscula
1029 730 1462 800 eloquentissima
1481 736 1536 783 et
1564 727 1821 782 ferventia

239 825 291 880 in
317 824 632 881 defensione
658 824 823 880 edidit
845 825 1104 879 veritatis.
1131 822 1230 878 Hic
1256 823 1396 893 apud
1445 819 1821 888 Carthaginem

239 917 515 974 basilicam
543 918 747 980 habuit,
799 917 891 972 ubi
919 917 1102 987 populi
1132 915 1199 969 ad
1241 931 1362 969 eum
1409 911 1817 969 conveniebant.

241 1007 373 1076 Qua:
426 1009 645 1064 basilica
697 1024 865 1078 usque
911 1007 976 1061 ad
1033 1007 1307 1061 Aurelium
1364 1006 1674 1076 episcopum
1702 1004 1819 1057 fuit.

241 1101 450 1169 Agente
490 1102 632 1156 enim
661 1101 959 1168 Augustino
1003 1099 1331 1170 Hipponensi
1360 1099 1634 1167 episeopo,
1665 1104 1720 1150 et
1746 1111 1826 1150 ra-

242 1193 572 1248 tionabiliter
597 1208 718 1248 cum
747 1192 827 1247 eis
853 1192 1179 1263 disputante,
1201 1190 1447 1246 conversi
1474 1197 1614 1253 sunt,
1640 1186 1826 1242 Eccle-

241 1285 487 1355 siamque
533 1300 686 1340 suam
728 1293 924 1340 sancta:
946 1283 1198 1340 Ecclesia:
1226 1281 1588 1338 contulerunt.
1616 1278 1823 1334 Tertul-

241 1377 445 1433 lianum
483 1385 664 1432 autem
691 1377 953 1432 catholica
985 1375 1110 1430 hinc
1135 1372 1483 1444 reprehendit
1511 1371 1822 1436 auctoritas,

240 1467 388 1540 quod
415 1469 648 1522 animam
670 1483 736 1522 ex
762 1467 942 1522 anima
975 1467 1119 1520 nasci
1147 1466 1294 1531 dicit,
1324 1474 1378 1520 et
1405 1462 1643 1518 defendit
1670 1461 1824 1516 Mon-

239 1569 451 1626 tanum,
492 1567 547 1615 et
586 1557 841 1624 Priscam,
887 1565 941 1612 et
967 1556 1309 1611 Maximillam
1338 1565 1526 1612 contra
1558 1555 1716 1608 fidem
1738 1570 1829 1608 ca-

240 1653 520 1716 tholicam,
553 1660 610 1707 et
635 1659 822 1707 contra
853 1650 1195 1720 Apollonium
1224 1649 1535 1718 episcopum
1562 1643 1823 1718 Orientis,

239 1753 298 1802 et
319 1755 507 1801 contra
536 1743 782 1800 Soterem
805 1757 997 1813 papam
1026 1741 1174 1796 urbis
1202 1740 1408 1804 Romae,
1436 1746 1494 1793 ut
1516 1753 1675 1807 supra
1697 1736 1830 1791 dixi-

1925 551 2024 610 est,
2050 551 2106 598 et
2125 543 2327 598 crimen
2356 541 2608 596 alienum.
2643 541 2889 596 Tunc-illi
2928 540 3236 596 obtulerunt
3263 541 3313 595 ei
3343 540 3508 597 libros

1923 654 2070 703 suos,
2094 637 2185 693 ubi
2205 637 2434 702 dicebat,
2460 636 2629 705 ipsam
2652 635 2753 691 sibi
2773 635 3006 690 hominis
3025 642 3268 690 naturam
3298 635 3364 690 ad
3388 650 3510 704 per-

1925 733 2212 788 fectionem
2241 745 2401 802 posse
2447 727 2693 785 sufﬁcere
2727 747 2739 783 :
2771 731 2876 785 hoc
2927 738 3027 794 est,
3079 738 3283 785 tantam
3331 737 3512 801 potest

1926 826 2090 881 homo
2119 839 2374 880 exercere
2389 823 2674 893 justitiam,
2705 830 2765 877 ut
2803 824 2967 878 etiam
2994 824 3110 879 sine
3138 833 3362 894 peccato
3385 841 3510 896 pos-

1927 919 1996 973 sit
2039 932 2158 972 esse
2203 918 2248 972 si
2301 915 2448 970 velit.
2493 915 2662 969 Adam
2716 915 3000 970 mortalem
3030 915 3249 983 factum,
3279 917 3369 986 qui
3399 917 3512 970 sive

1925 1017 2197 1080 peccaret,
2222 1009 2336 1062 sive
2365 1023 2471 1062 non
2493 1014 2765 1078 peccaret,
2799 1015 2942 1062 esset
2971 1009 3278 1063 moriturus.
3313 1008 3402 1064 Sic
3427 1010 3513 1063 lex

1914 1101 2071 1155 misit
2091 1100 2158 1155 ad
2188 1114 2429 1168 regnum,
2463 1100 2599 1154 sicut
2623 1097 2932 1167 Evangelia.
2963 1098 3197 1156 Infantes
3239 1103 3289 1155 in
3322 1104 3513 1157 remis-

1926 1195 2134 1250 sionem
2156 1203 2502 1264 peccatorum
2529 1193 2880 1264 baptizandos
2890 1207 3010 1248 esse
3030 1193 3152 1248 ideo
3173 1197 3511 1261 conlitemur,

1925 1298 2150 1360 propter
2194 1288 2432 1356 regulam
2461 1287 2775 1342 universalis
2803 1285 3076 1343 Ecclesize.
3106 1286 3242 1341 Nihil
3284 1288 3518 1343 obfuisse

1928 1382 2112 1450 generi
2165 1383 2396 1435 humano
2441 1389 2722 1450 peccatum
2752 1378 2897 1434 Adze.
2929 1377 3118 1433 Omnia
3146 1379 3260 1434 haec
3300 1382 3519 1450 opposi-
3553 1363 3561 1366 ’

1929 1473 2136 1527 tionum
2159 1486 2352 1540 genera
2375 1470 2441 1525 ad
2464 1469 2821 1524 damnandum
2839 1469 3229 1537 objiciebantur
3241 1467 3516 1524 leestio.

1931 1563 2038 1619 Sed
2090 1565 2178 1619 ille
2205 1564 2416 1619 dicebat
2448 1564 2613 1617 multa
2659 1578 2778 1618 esse
2807 1563 2861 1616 in
2885 1562 2967 1616 his
2994 1578 3113 1632 qua:
3148 1571 3354 1618 teneret
3384 1561 3516 1617 fides

1933 1656 2066 1725 ejus,
2092 1663 2146 1709 et
2167 1662 2387 1724 propter
2407 1655 2521 1724 ipsa
2547 1661 2740 1708 cetera
2769 1653 3024 1707 damnare
3044 1668 3150 1707 non
3173 1669 3349 1724 posse.
3370 1652 3518 1708 Tunc

1935 1748 2002 1803 ad
2030 1747 2350 1803 relationem
2380 1761 2518 1817 pene
2544 1745 2784 1800 omnium
2813 1742 3063 1798 Afrorum
3117 1744 3515 1814 episcoporum,

239 1853 383 1902 Inus,
432 1837 559 1893 dum
613 1837 979 1908 Cataphryges
1017 1834 1299 1890 haereticos
1343 1833 1716 1900 detegeremus
1750 1848 1762 1882 :
1795 1845 1826 1882 a

1938 1855 2067 1912 papa
2089 1839 2432 1894 Innocentius
2451 1837 2853 1892 damnationem
2874 1843 2929 1890 et
2948 1834 3165 1903 Pelagio
3186 1843 3240 1888 et
3267 1834 3520 1890 Caelestio

238 1931 438 2002 quibus
456 1939 642 2002 postea
671 1930 893 1995 divisus,
925 1944 992 1983 ne
1013 1928 1164 2000 plebs
1191 1927 1432 1983 Montani
1459 1941 1656 1980 nomen
1705 1924 1830 1979 Ter-

240 2024 455 2080 tulliani
475 2022 747 2078 videretur
771 2021 1078 2084 excludere,
1105 2019 1279 2075 fundit
1300 2035 1329 2072 a
1351 2035 1410 2074 se
1431 2033 1645 2074 omnem
1671 2015 1831 2087 Phry-

240 2115 346 2186 gia:
407 2115 698 2170 vanitatem
762 2121 818 2167 et
867 2095 1387 2166 Tertullianistarum
1457 2108 1829 2164 conventicula

242 2206 561 2279 prapagavit
589 2223 602 2258 :
637 2204 768 2259 nihil
789 2212 970 2258 tamen
992 2203 1046 2256 in
1079 2200 1182 2256 fide
1214 2201 1459 2256 mutavit.
1503 2199 1636 2254 Nam
1666 2208 1722 2253 et
1748 2214 1834 2254 se-

242 2297 446 2353 cundas
473 2297 688 2367 nuptias
716 2293 1060 2359 condemnat,
1102 2303 1161 2346 ut
1204 2292 1454 2357 diximus,
1503 2291 1738 2344 animam
1767 2305 1834 2344 ex

245 2387 470 2442 traduce
492 2387 675 2441 venire
699 2384 910 2448 asserit,
938 2391 993 2437 et
1020 2399 1118 2439 nos
1139 2381 1434 2437 catholicos
1454 2379 1741 2453 Psychicos
1769 2381 1834 2434 ti-

247 2481 404 2536 tulat.
441 2478 760 2547 Ubicunque
787 2485 968 2532 autem
991 2476 1183 2545 legeris
1214 2475 1528 2531 Tertulliani
1553 2474 1832 2530 adversum

249 2566 560 2642 Psychicos,
591 2570 729 2625 scias
749 2583 872 2624 eum
893 2576 1081 2624 contra
1109 2567 1406 2623 catholicos
1425 2580 1602 2635 agere.

890 2659 1190 2716 LXXXVII.

327 2754 387 2809 In
425 2753 750 2824 octogesima
783 2761 837 2808 et
881 2753 1108 2823 septima
1137 2751 1328 2806 haeresi
1357 2751 1632 2806 Abeloitas
1659 2750 1834 2804 nomi-

249 2860 478 2902 namus:
520 2846 612 2915 qui
639 2860 761 2900 cum
808 2845 915 2899 sint
939 2845 1148 2915 priores
1171 2858 1312 2914 pene
1335 2842 1586 2897 omnibus
1615 2833 1831 2896 h’aereti-

247 2939 350 3005 cis,
406 2953 547 2993 nunc
572 2938 769 2993 nostris
797 2937 1129 3008 temporibus
1158 2935 1310 2990 finiti.
1345 2935 1434 2990 lsti
1459 2931 1544 2989 ex
1572 2934 1682 2988 lilio
1707 2933 1836 2986 Adae

248 3031 355 3086 sibi
398 3029 627 3086 nominis
653 3028 1039 3086 derivationem
1086 3036 1509 3099 assumpserant,
1542 3027 1596 3080 id
1644 3034 1744 3090 est,
1770 3025 1837 3080 ab

248 3122 388 3178 Abel
412 3121 686 3178 Abeloitas
712 3138 772 3178 se
800 3123 1067 3178 nominari
1087 3123 1393 3176 voluerunt.
1430 3120 1496 3174 Hi
1515 3134 1624 3174 non
1646 3120 1839 3198 misce:

1930 1930 2267 2001 conscripsit.
2318 1929 2396 1984 llli
2427 1937 2625 1994 autem,
2657 1928 2771 1982 sive
2810 1933 3098 1995 antequam
3139 1924 3522 1979 damnarentur

1931 2023 1998 2077 ab
2048 2023 2337 2077 universali
2392 2020 2660 2085 Ecclesia,
2720 2020 2834 2073 sive
2881 2027 3231 2088 posteaquam
3285 2016 3521 2071 damnati

1932 2122 2078 2177 sunt,
2133 2129 2238 2167 non
2284 2121 2634 2167 cessaverunt
2657 2112 2888 2166 scribere
2917 2126 3076 2180 posse
3106 2109 3379 2164 hominem
3408 2109 3524 2164 sine

1933 2211 2158 2275 peccato
2185 2219 2322 2268 esse,
2356 2211 2410 2256 et
2434 2202 2564 2256 nihil
2589 2180 3022 2256 obfuisse'Adam
3053 2202 3236 2271 generi
3267 2201 3522 2268 humano,

1934 2304 1991 2350 et
2044 2295 2216 2364 legem
2257 2295 2335 2350 sic
2379 2293 2588 2348 misisse
2617 2293 2683 2348 ad
2714 2306 2936 2361 regnum
2966 2294 3103 2348 sicut
3131 2291 3438 2362 Evangelia,
3473 2301 3525 2346 et

1935 2384 2167 2442 infantes
2220 2401 2327 2440 non
2382 2385 2504 2459 ideo
2546 2385 2912 2456 baptizandos,
2938 2387 3065 2455 quia
3096 2386 3294 2440 habere
3322 2386 3524 2456 possint

1935 2479 2196 2548 originale
2224 2486 2537 2548 peccatum;
2569 2486 2625 2532 et
2672 2486 2915 2532 naturam
2942 2486 3052 2532 tam
3101 2479 3239 2533 bene
3269 2478 3462 2533 factam
3495 2495 3522 2532 a

1938 2571 2068 2637 Deo,
2101 2579 2159 2625 ut
2187 2569 2287 2625 sibi
2317 2570 2431 2624 sola
2454 2569 2686 2624 sufficiat
2710 2570 2779 2624 ad
2802 2570 2905 2625 hoc
2928 2579 2987 2625 ut
3012 2572 3184 2641 possit
3204 2586 3389 2625 carere
3409 2571 3522 2640 pec-

1933 2672 2076 2721 cato.
2106 2661 2307 2718 Contra
2337 2664 2436 2718 hos
2456 2663 2692 2734 suscepit
2720 2663 2834 2718 sine
2863 2664 3125 2733 scriptura
3146 2664 3362 2734 quidam
3385 2663 3522 2717 C0n~

1935 2758 2164 2813 stantius
2193 2763 2472 2810 tractator.
2505 2753 2636 2808 Post
2660 2754 2804 2808 hunc
2832 2763 3032 2818 autem,
3075 2753 3290 2822 scripsit
3337 2761 3524 2810 contra

1937 2851 2038 2905 hos
2065 2857 2120 2903 et
2149 2847 2474 2914 Augustinus
2495 2844 2852 2914 Hipponensis
2879 2844 3164 2913 episcopus
3191 2850 3246 2897 et
3268 2842 3526 2912 Hierony-

1938 2956 2058 2994 mus
2107 2939 2391 3009 presbyter
2439 2945 2465 2974 ι
2522 2935 2832 2990 Bethleites.
2895 2933 3166 3004 Pelagiani
3222 2943 3400 2988 tamen
3433 2950 3526 2988 seu

1940 3029 2274 3094 leestiani,
2319 3027 2598 3083 catholica:
2645 3026 2787 3096 plebi
2815 3027 3066 3096 permixti
3097 3035 3242 3093 sunt,
3283 3027 3407 3095 quia
3437 3043 3526 3082 θι-

1943 3122 2161 3178 clesiam
2191 3121 2350 3176 aliam
2381 3136 2488 3175 non
2516 3120 2754 3175 habent:
2788 3128 2844 3174 et
2872 3119 2992 3175 ideo
3023 3120 3113 3174 ubi
3139 3122 3216 3175 eis
3263 3121 3526 3186 evenerit,

247 3213 451 3273 bantur
476 3216 750 3283 uxoribus,
782 3225 838 3270 et
884 3222 1064 3270 tamen
1093 3229 1202 3269 non
1231 3213 1426 3268 licebat
1461 3220 1622 3268 sectae
1649 3212 1749 3283 ipsi
1777 3220 1838 3267 ut
1862 3217 1908 3278 Ο
1939 3214 2371 3269 communionem
2401 3228 2508 3268 non
2536 3221 2786 3268 renuunt.
2830 3212 3023 3268 Dicunt
3049 3214 3194 3268 enim
3217 3214 3372 3268 unius
3398 3229 3526 3268 c0n~

247 3307 371 3364 sine
392 3307 647 3363 uxoribus
678 3307 936 3362 viverent.
968 3305 1083 3360 Mas
1102 3319 1231 3373 ergo
1261 3313 1316 3359 et
1342 3303 1559 3369 femina,
1589 3305 1689 3359 sub
1709 3320 1840 3359 con-

250 3400 496 3455 tinentiae
533 3397 870 3470 professione
913 3399 1072 3454 simul
1120 3398 1424 3454 habitantes
1447 3439 1461 3463 ,
1512 3413 1738 3468 puerum
1786 3404 1842 3452 et

246 3492 489 3565 puellam
522 3492 632 3548 sibi
673 3492 1020 3563 adaptabant,
1071 3492 1127 3546 in
1177 3491 1418 3561 ejusdem
1446 3490 1840 3561 coniunctionis

247 3591 414 3657 pacto
441 3600 776 3641 successores
794 3584 1022 3640 futuros.
1045 3583 1218 3640 Morte
1237 3585 1521 3655 praeventis
1539 3585 1841 3654 quibusque

247 3674 479 3744 singulis
525 3674 614 3730 alii
642 3677 1092 3746 subrogabantur,
1133 3677 1260 3732 dum
1290 3685 1470 3732 tamen
1499 3677 1607 3731 duo
1635 3677 1843 3732 duobus

248 3766 484 3838 disparis
509 3784 668 3824 sexus
698 3770 752 3823 in
781 3769 922 3824 illius
949 3769 1142 3824 domus
1177 3770 1436 3824 societate
1472 3768 1838 3824 succederent.

255 3854 527 3912 Utrolibet
549 3859 749 3928 quippe
803 3867 1026 3928 parente
1073 3859 1345 3925 defuncto,
1399 3861 1491 3914 uni
1538 3861 1841 3914 remanenti

250 3948 514 4016 usque-ad
530 3948 645 4016 ejus
660 3963 876 4017 quoque
891 3949 1096 4002 obitum
1110 3948 1203 4002 lilii
1217 3950 1542 4015 serviebant;
1557 3959 1680 4019 post
1694 3950 1844 4019 cujus

252 4045 513 4103 mortem,
537 4039 702 4093 etiam
727 4039 826 4108 ipsi
841 4053 1067 4108 puerum
1094 4047 1150 4094 et
1176 4035 1409 4109 puellam
1436 4041 1685 4094 similiter
1716 4039 1847 4096 ado-

253 4126 508 4196 ptabant.
536 4128 647 4185 Nec
670 4145 903 4199 unquam
925 4131 1004 4185 eis
1031 4130 1200 4185 defuit
1221 4132 1362 4186 unde
1391 4131 1728 4202 adoptarent,
1753 4147 1846 4202 ge-

251 4215 576 4290 nerantibys
595 4217 1012 4286 circumquaque
1034 4223 1244 4284 vicinis,
1261 4231 1316 4275 et
1337 4223 1477 4276 ﬁlios
1497 4239 1624 4277 suos
1655 4211 1846 4296 in0pes

249 4306 329 4364 ad
357 4323 507 4379 spem
535 4307 863 4363 hacreditatis
888 4309 1077 4364 alienae
1117 4311 1350 4366 libenter
1398 4312 1665 4369 dantibus.
1719 4315 1844 4373 Hmc

247 4401 375 4460 sola
415 4409 528 4456 erat
583 4401 725 4456 inter
772 4417 870 4456 nos
913 4409 1074 4471 atque
1130 4403 1251 4458 illos
1301 4405 1599 4460 distantia:
1657 4409 1843 4478 inquo

247 4503 475 4554 nostros
503 4495 818 4566 arguebant,
870 4497 942 4550 ita
987 4498 1180 4552 nonin
1229 4498 1344 4567 lege
1388 4508 1571 4555 nostra
1601 4505 1841 4559 exerceri

1943 3305 2191 3362 fessionis
2236 3321 2355 3360 esse
2381 3306 2434 3360 in
2463 3305 2564 3360 hac
2583 3314 2757 3375 parte,
2791 3305 2845 3358 in
2873 3320 2978 3374 qua
3008 3306 3329 3359 eucharistia
3359 3304 3528 3359 conli-

1936 3399 2078 3454 citur
2101 3417 2112 3451 :
2145 3397 2212 3453 de
2239 3397 2535 3468 quaastione
2564 3397 2707 3451 enim
2730 3397 2898 3458 aiunt,
2928 3411 3035 3448 non
3055 3394 3123 3448 de
3148 3395 3528 3451 communione

1941 3488 2313 3544 discernimur.
2345 3484 2453 3540 Pro
2476 3487 2580 3540 hoc
2599 3500 2754 3550 ausu,
2782 3492 2837 3538 et
2865 3499 2895 3537 a
2918 3485 3134 3548 nostris,
3158 3485 3204 3537 si
3232 3483 3529 3553 deprehen-

1941 3579 2158 3642 dantur,
2187 3577 2440 3647 periculis
2501 3576 2798 3644 subjacent,
2847 3583 2902 3629 et
2948 3589 2976 3628 a
3018 3576 3127 3630 suis
3173 3576 3530 3632 exsecrationi

1942 3670 2228 3726 habentur.
2255 3666 2465 3722 Habent
2493 3666 2636 3721 enim
2666 3675 2722 3722 et
2748 3667 3092 3737 presbyteros
3139 3675 3195 3723 et
3248 3669 3531 3738 episcopos

1944 3778 2090 3818 suos.
2121 3760 2241 3831 Ipse
2261 3768 2440 3816 autem
2465 3758 2712 3829 Pelagius
2741 3760 2815 3814 ita
2846 3760 2896 3814 in
2928 3761 3317 3815 commentario
3345 3777 3442 3814 suo
3464 3760 3532 3816 ad

1946 3852 2222 3910 Romanos
2249 3853 2465 3918 scribit;
2495 3851 2622 3906 dum
2651 3859 2834 3920 ageret
2861 3851 3007 3905 illum
3066 3851 3241 3906 locum
3295 3866 3403 3919 quo
3458 3853 3534 3905 ait

1947 3945 2269 4017 Apostolus:
2295 3944 2555 4010 Quoniam
2578 3961 2669 4015 per
2687 3961 2848 3998 unum
2867 3944 3125 3997 hominem
3150 3945 3204 3997 in
3225 3945 3359 3997 hunc
3385 3963 3534 3998 mun-

1949 4041 2072 4094 dum
2092 4047 2357 4110 peccatum
2380 4039 2612 4101 intravit,
2644 4046 2694 4091 et
2716 4054 2807 4109 per
2825 4046 3092 4108 peccatum
3112 4053 3282 4099 mors;
3309 4037 3361 4090 et
3383 4039 3458 4090 ita
3478 4039 3533 4092 in

1949 4149 2125 4186 omnes
2161 4117 2392 4185 homines
2432 4131 2754 4200 pertransiit,
2786 4131 2841 4183 in
2880 4146 2979 4199 quo
2999 4145 3174 4206 omnes
3195 4146 3534 4200 peccaverunt

1951 4225 2126 4297 (Rom.
2151 4242 2203 4290 ν,
2231 4223 2353 4296 12);
2392 4233 2613 4291 tangens
2659 4222 2988 4286 Ccelestium,
3021 4223 3113 4292 qui
3133 4231 3320 4277 contra
3351 4224 3534 4280 tradu-

1946 4332 2062 4373 cem
2086 4316 2290 4388 peccati
2321 4315 2521 4386 primus
2546 4315 2776 4385 scripsit,
2801 4314 2882 4370 his
2901 4315 3078 4370 verbis
3098 4316 3204 4369 ait:
3230 4315 3314 4382 Hi,
3338 4317 3528 4388 inquit,

1947 4409 2038 4478 qui
2066 4416 2251 4463 contra
2282 4407 2556 4461 traducem
2605 4407 2846 4473 veniunt,
2898 4407 2971 4460 ita
3021 4407 3164 4460 illam
3218 4409 3535 4478 impugnare

1946 4500 2225 4554 nituntur:
2280 4497 2336 4553 Si
2391 4498 2518 4554 Ada:
2557 4506 2837 4568 peccatum
2868 4498 3028 4553 etiam
3058 4514 3166 4553 non
3187 4501 3534 4570 peccantibus

247 4587 526 4662 coniugia,
561 4596 619 4642 ut
666 4596 720 4642 et
746 4587 838 4657 qui
867 4589 1076 4644 nubunt
1113 4597 1369 4659 tanquam
1416 4607 1522 4646 non
1580 4594 1842 4652 nubentes
1871 4592 1919 4652 Ι)
1945 4591 2134 4656 obfuit,
2168 4605 2296 4659 ergo
2351 4599 2406 4646 et
2444 4589 2642 4646 Christi
2679 4589 2848 4660 gratia
2872 4591 3035 4643 etiam
3059 4607 3166 4644 non
3191 4592 3537 4646 credentibus

246 4677 386 4737 sint.

890 4769 1214 4827 LXXXVIII.

328 4859 724 4930 Octogesimam
769 4868 824 4916 et
865 4870 1112 4918 octavam
1167 4864 1409 4920 hzeresim
1458 4866 1512 4919 in
1541 4864 1760 4934 Pelagio
1785 4883 1844 4922 se

243 4954 532 5011 invenisse
567 4952 722 5008 sedes
749 4954 1045 5022 apostolica
1071 4957 1169 5010 sub
1196 4970 1334 5026 papa
1363 4966 1551 5012 sancto
1578 4958 1843 5014 Innocen-

243 5047 337 5100 tio
368 5043 565 5108 docuit,
596 5043 723 5098 dum
777 5042 1063 5099 leestius
1116 5043 1315 5113 Pelagii
1353 5046 1648 5116 discipulus
1687 5048 1846 5117 apud

240 5135 640 5204 Carthaginem
693 5134 916 5190 doceret
966 5151 1124 5206 posse
1165 5136 1410 5192 homines
1457 5139 1574 5193 sine
1619 5147 1844 5208 peccato

239 5243 402 5290 esse,
431 5234 620 5282 natura
643 5226 744 5282 sibi
769 5223 1071 5283 sufﬁciente
1098 5229 1210 5284 sola
1254 5229 1505 5284 humana.
1551 5229 1768 5286 Restitit
1795 5234 1846 5288 ei

237 5320 480 5396 quidam
508 5317 759 5375 Paulinus
786 5319 1066 5385 diaconus,
1117 5319 1368 5378 defensor
1415 5331 1471 5377 et
1523 5332 1846 5393 procurator

237 5411 505 5468 ecclesia:
529 5410 935 5467 Mediolanensis
965 5431 977 5465 :
1019 5412 1212 5482 cuique
1241 5413 1294 5467 in
1340 5423 1606 5470 conventu
1662 5430 1844 5471 sacer-

239 5503 449 5559 dotum
478 5503 645 5552 multa
669 5504 903 5567 capitula
943 5503 1142 5573 objecit
1179 5513 1366 5560 contra
1409 5506 1566 5561 fidem
1616 5508 1842 5562 catholi-

241 5609 400 5658 cam,
434 5606 552 5661 qua:
577 5588 862 5647 leestius
885 5589 1139 5645 damnare
1162 5599 1418 5660 neglexit,
1465 5599 1649 5652 dicens
1677 5617 1690 5652 :
1722 5599 1840 5654 Non

331 5786 359 5817 ι
399 5773 500 5829 Ms.
527 5745 810 5840 Augiensc,
836 5769 1184 5825 Bethlemites.
1263 5784 1270 5792 '

509 5869 779 5931 Panos.
826 5863 990 5924 Lill.

1946 4685 2185 4756 prodest.
2207 4683 2423 4738 Addunt
2448 4683 2610 4738 etiam
2639 4684 2743 4737 hoc
2775 4701 2786 4734 :
2820 4681 2878 4738 Si
2907 4683 3205 4751 baptismus
3235 4682 3373 4734 tollit
3419 4683 3532 4735 ori-

1947 4778 2122 4845 ginale
2163 4776 2290 4830 illud
2317 4785 2617 4844 peccatum,
2649 4774 2716 4828 de
2755 4773 2962 4828 duobus
2991 4771 3275 4842 baptizatis
3302 4773 3412 4827 nati
3441 4773 3535 4830 de-

1945 4869 2074 4924 bent
2114 4871 2217 4924 hoc
2262 4884 2446 4923 carere
2466 4875 2687 4937 peccato
2714 4884 2725 4918 :
2757 4865 3029 4935 quomodo
3057 4865 3201 4920 enim
3229 4867 3447 4922 mittunt
3468 4868 3538 4924 ad

1949 4969 2196 5030 posteros
2224 4959 2367 5028 quod
2409 4959 2511 5027 ipsi
2550 4959 2603 5012 in
2655 4973 2714 5012 se
2752 4957 2972 5012 minime
3018 4958 3357 5015 habuerunt?
3386 4960 3531 5029 Haec,

1948 5051 2087 5106 sicut
2115 5051 2181 5104 ab
2211 5050 2327 5119 ipso
2349 5049 2567 5118 Pelagio
2595 5057 2719 5104 sunt
2761 5049 2957 5120 scripta
2986 5051 3279 5122 posuimus.
3325 5052 3400 5106 De
3429 5053 3534 5106 hoc

1948 5142 2131 5211 itaque
2156 5141 2302 5210 quod
2330 5141 2530 5196 dictum
2559 5149 2660 5206 est,
2688 5157 2846 5212 posse
2872 5141 3145 5200 hominem
3175 5145 3289 5199 sine
3310 5149 3536 5212 peccato

1949 5246 2086 5299 esse,
2110 5231 2380 5301 objectum
2409 5240 2490 5287 est
2510 5232 2613 5287 illis
2634 5233 2738 5288 ita:
2772 5232 2878 5288 Aut
2897 5242 3095 5304 potest,
3125 5242 3180 5287 et
3207 5231 3532 5300 adjutorium

1949 5340 2056 5381 non
2085 5326 2304 5394 quaerit;
2336 5333 2427 5380 aut
2455 5342 2561 5381 non
2591 5335 2788 5397 potest,
2820 5335 2875 5381 et
2903 5325 3224 5394 adjutorium
3247 5321 3454 5392 quaerit.
3486 5321 3533 5375 A

1948 5431 2288 5489 quocumque
2315 5418 2457 5472 enim
2486 5418 2743 5472 auxilium
2764 5417 3039 5486 quaaritur,
3073 5413 3201 5467 dicit
3221 5426 3279 5465 se
3307 5410 3359 5464 id
3387 5407 3533 5475 quod

1949 5510 2064 5564 vult
2091 5509 2268 5565 facere
2290 5510 2512 5580 implere
2543 5525 2648 5563 non
2670 5522 2829 5576 posse
2859 5523 2870 5556 :
2906 5503 3141 5565 alioquin
3164 5496 3401 5551 irrisorie
3430 5513 3532 5568 po-

1947 5601 2050 5658 scit
2072 5603 2160 5664 qui
2191 5611 2370 5666 potest
2399 5604 2501 5649 hoc
2524 5600 2668 5648 solus
2697 5605 2794 5658 pro
2818 5601 2926 5656 quo
2948 5586 3270 5655 adjutorium
3292 5591 3532 5658 postulat
