4140 6346
682 369 785 432 825

1688 355 2058 412 ANONYMUS
2097 350 2373 408 AUCTOR
2412 352 2954 412 PRsEDESTINATl.

3823 353 3912 410 σει

683 480 945 531 memorat
968 471 1134 524 Deum
1165 456 1364 521 dixisse
1402 474 1496 531 per
1523 456 1914 529 prmscicntiam
1937 467 2090 508 suam
2117 470 2131 505 :
2161 443 2259 502 Ja-
2282 452 2334 511 Α
2361 449 2657 508 destinatus
2695 453 2762 507 ad
2810 453 3167 523 apostolatum
3195 492 3209 517 ,
3255 445 3424 506 evasit
3470 447 3651 505 subito
3691 449 3910 507 universa

684 567 771 621 cob
794 565 969 630 dilexi,
998 560 1138 614 Esau
1159 566 1328 612 autem
1351 555 1472 610 odio
1489 551 1646 605 habui
1677 549 1852 621 (Rom.
1878 564 1951 613 ix,
1977 545 2088 616 15).
2121 543 2256 598 Cum

683 655 822 710 enim
871 650 1105 707 nondum
1153 648 1262 703 nati
1307 645 1575 708 fuissent,
1626 656 1725 696 nec
1772 636 1972 708 aliquid
2023 635 2258 705 egissent

682 755 704 780 ·
728 743 853 800 boni
879 741 960 796 vel
979 741 1106 796 mali
1127 738 1314 809 (Ibid.,
1342 736 1451 803 ll),
1477 750 1545 789 ex
1574 729 1911 804 praescientia
1932 728 2131 784 dictum
2153 733 2254 790 est,

683 834 820 904 quod
864 849 1000 889 unus
1036 833 1326 888 haberetur
1365 828 1489 884 odio
1513 868 1528 893 ,
1574 826 1710 880 alius
1753 829 2042 878 amaretur.
2062 819 2201 874 Rrec
2225 834 2255 873 a

683 927 834 983 nobis
862 925 1148 986 adiuventa
1177 939 1284 978 non
1313 929 1439 976 sunt
1472 938 1484 972 :
1511 933 1610 973 nec
1632 916 1858 972 dicimus
1887 911 2088 982 aliquid
2115 925 2255 982 prte-

681 1029 764 1076 ter
790 1034 949 1090 quam
977 1013 1366 1083 evangelizavit
1395 1009 1703 1080 Apostolus.
1739 1005 1842 1061 Per
1865 1001 2257 1076 praescientiam

684 1111 777 1165 Dei
806 1105 1332 1179 przcdestinationem
1375 1103 1487 1171 ipse
1516 1099 1709 1154 factam
1739 1101 2144 1152 commemorat.
2182 1092 2258 1147 D’e

685 1195 793 1249 Deo
808 1176 934 1264 ipse
955 1191 1084 1246 dicit
1110 1208 1122 1242 :
1156 1187 1296 1252 Quos
1315 1187 1528 1247 vocavit,
1553 1185 1644 1237 hos
1667 1179 2052 1252 prtedestinavit
2076 1176 2253 1245 (Rom.

683 1301 792 1349 vni,
824 1284 933 1352 30).
979 1281 1035 1336 Si
1073 1279 1465 1350 prmscientem,
1498 1283 1552 1330 et
1598 1271 2062 1343 praidestinantem
2089 1279 2144 1322 et
2169 1281 2262 1321 vo—

683 1384 913 1440 cantem,
945 1375 998 1428 in
1029 1370 1289 1442 Apostdlo
1319 1369 1514 1438 legitis,
1547 1367 1702 1422 nobis
1731 1373 1788 1420 ut
1814 1363 1940 1434 quid
1970 1359 2259 1431 impingitis

683 1467 887 1525 crimen
935 1465 1004 1520 ob
1047 1463 1150 1518 hoc
1195 1460 1336 1530 quod
1364 1459 1590 1514 dicimus
1635 1455 2042 1526 przedestinasse
2092 1452 2259 1506 Deum

683 1557 947 1621 homines,
977 1555 1089 1611 sive
1111 1555 1178 1608 ad
1202 1553 1482 1622 justitiam,
1515 1551 1628 1606 sive
1654 1549 1721 1604 ad
1750 1553 2050 1618 peccatum,
2082 1560 2150 1599 ne
2176 1543 2258 1598 vi-

685 1647 901 1703 deretur
929 1646 1041 1716 ipse
1071 1645 1169 1699 sibi
1204 1643 1356 1712 quasi
1389 1657 1493 1696 non
1524 1639 1750 1710 provide
1789 1638 1964 1692 facere
1993 1634 2255 1698 homines,

685 1741 774 1810 qui
799 1739 1033 1794 facerent
1061 1735 1206 1806 quod
1237 1735 1492 1790 nolebat?
1521 1733 1752 1788 Invictus
1778 1733 1920 1785 enim
1951 1730 2004 1782 in
2037 1744 2133 1783 sua
2160 1743 2259 1783 vo-

2358 546 2600 612 crimina,
2634 555 2687 601 et
2713 546 2778 600 ab
2817 543 3158 600 inferioribus
3183 542 3365 598 inferis
3395 542 3421 579 ά
3453 542 3520 598 ad
3543 541 3811 614 superiora
3836 560 3911 600 su-

2358 639 2630 710 periorum
2661 637 2921 694 ascendit.
2962 636 3160 692 Omnes
3201 637 3413 706 itaque,
3454 650 3592 706 quos
3620 633 3722 690 scit
3747 633 3908 703 dignos

2358 732 2532 787 salute
2566 730 2953 802 redemptionis
2976 745 3085 786 suae
3114 729 3273 795 Deus,
3315 729 3416 784 hos
3445 726 3512 783 ad
3551 726 3774 782 salutem
3798 741 3909 796 pne-

2358 824 2646 880 destinavit
2676 842 2688 877 :
2719 833 2776 880 et
2802 825 2903 880 hos
2930 832 3137 878 tantum
3162 823 3352 889 salvat,
3378 837 3516 892 quos
3539 835 3600 876 se
3627 819 3693 874 ad
3714 820 3907 874 salutem

2358 916 2770 986 pmdestinasse
2798 915 3100 984 cognoscit.
3131 911 3288 969 Salus
3321 913 3464 967 enim
3493 910 3592 965 Dei
3615 926 3724 966 non
3752 910 3908 965 volun-

2359 1007 2458 1061 tati
2495 1007 2730 1062 hominis
2758 1007 2954 1072 servit;
3002 1006 3117 1076 ipse
3151 1005 3293 1060 enim
3333 1005 3434 1060 scit
3475 1003 3564 1059 cui
3605 1001 3732 1073 quid
3759 1002 3904 1056 faciat.

2359 1098 2470 1155 Nec
2507 1101 2648 1155 enim
2679 1099 2950 1156 antecedit
2975 1099 3194 1154 humani
3229 1096 3435 1153 arbitrii
3462 1096 3688 1151 libertas
3718 1095 3904 1163 gratiam

2359 1190 2476 1257 Dei,
2509 1191 2602 1246 sed
2630 1191 2900 1246 antecedit
2936 1191 3107 1259 gratia
3134 1189 3230 1244 Dei
3257 1188 3473 1243 humani
3498 1188 3817 1242 voluntatem
3839 1202 3906 1240 aro

2359 1283 2523 1338 bitrii.
2553 1283 2704 1339 Vana
2731 1294 2813 1340 est
2829 1285 2971 1340 enim
2994 1292 3048 1339 et
3070 1283 3397 1340 infructuosa
3418 1282 3674 1338 voluntas
3695 1279 3901 1346 hominis,

2359 1383 2414 1432 et
2434 1392 2628 1433 vanum
2657 1385 2740 1432 est
2766 1378 3011 1432 humana:
3034 1376 3325 1432 voluntatis
3345 1374 3652 1434 arbitrium.
3681 1371 3819 1427 Errat
3833 1371 3902 1440 qui

2359 1483 2418 1524 se
2446 1476 2598 1539 putat
2636 1483 2736 1539 per
2762 1467 2814 1523 id
2840 1468 2984 1538 quod
3024 1467 3136 1523 vult
3155 1467 3355 1522 bonum
3385 1464 3675 1536 pervenire
3699 1461 3759 1516 ad
3782 1461 3903 1516 Chri-

2359 1569 2500 1616 stum
2523 1603 2538 1627 ,
2571 1578 2692 1616 cum
2727 1564 2842 1632 ipse
2869 1559 3115 1615 Christus
3141 1559 3282 1615 dicat
3315 1577 3326 1612 :
3361 1557 3530 1613 Nemo
3563 1559 3703 1612 venit
3727 1556 3788 1609 ad
3815 1572 3900 1618 nte,

2361 1656 2464 1708 nisi
2492 1671 2639 1726 quem
2669 1653 2830 1708 Pater
2859 1654 3136 1708 attraxerit
3166 1651 3342 1723 (Joan.
3373 1667 3446 1715 vl,
3476 1649 3590 1720 M).
3627 1648 3724 1715 Qui
3752 1646 3902 1701 melius

2363 1745 2548 1816 sapitis
2576 1761 2606 1799 a
2635 1744 2878 1811 Christo,
2910 1744 3071 1799 dicite
3099 1745 3142 1798 si
3174 1742 3428 1797 mentitus
3457 1748 3539 1795 est
3567 1738 3801 1794 Christus
3827 1757 3836 1791 :
3861 1747 3902 1793 et

684 1833 887 1893 luntate
922 1836 1202 1901 permanet
1231 1829 1371 1882 Deus
1395 1867 1410 1892 ,
1448 1842 1568 1880 cum
1608 1826 1770 1880 homo
1799 1823 2013 1879 assidue
2040 1836 2260 1893 supere-

2369 1837 2437 1892 ita
2465 1836 2676 1892 demum
2707 1836 2928 1910 asseri'te
2957 1851 3054 1890 nos
3080 1843 3267 1890 contra
3297 1832 3494 1889 Christi
3523 1831 3757 1900 regulam
3779 1830 3900 1884 istam

684 1933 789 1981 tur.
819 1923 874 1979 Si
904 1937 1032 1990 ergo
1061 1922 1316 1976 invictum
1346 1917 1675 1974 conﬁtemini
1713 1917 1898 1980 Deum,
1927 1913 2259 1970 conﬁtemini

683 2025 738 2072 et
769 2018 891 2081 hoc,
923 2014 1048 2084 quia
1086 2011 1230 2082 quod
1259 2026 1355 2065 eos
1384 2009 1551 2064 voluit
1589 2009 1677 2062 ille
1705 2007 1796 2076 qui
1829 2005 2085 2070 condidit,
2117 2003 2260 2059 aliud

682 2126 802 2166 esse
849 2124 956 2164 non
1003 2112 1246 2176 possunt.
1300 2102 1451 2158 Unde
1496 2101 1796 2168 colligimus
1841 2098 1978 2168 apud
2025 2098 2262 2152 animum

683 2203 710 2242 δ
740 2217 878 2272 quos
903 2200 1044 2254 Deus
1071 2198 1236 2253 semel
1274 2195 1668 2268 prmdestinavit
1696 2193 1763 2247 ad
1791 2193 1955 2247 vitam
1974 2232 1989 2258 ,
2026 2190 2189 2246 etiam
2215 2189 2263 2245 si

685 2295 974 2363 negligant,
1003 2291 1165 2346 etiam
1192 2290 1237 2344 si
1263 2296 1505 2360 peccent,
1529 2287 1691 2341 etiam
1721 2286 1764 2340 si
1787 2285 1977 2347 nolint,
2002 2282 2070 2338 ad
2098 2283 2262 2338 vitam

685 2386 1044 2458 perducentur
1089 2381 1241 2435 inviti
1288 2399 1300 2432 :
1351 2393 1486 2449 quos
1532 2384 1711 2432 autem
1759 2375 2154 2446 prmdestinavit
2198 2373 2264 2426 ad

686 2487 916 2534 mortem
939 2517 954 2541 ,
991 2474 1152 2528 etiam
1197 2472 1242 2527 si
1270 2478 1519 2535 currant,
1552 2470 1715 2524 etiam
1743 2469 1789 2522 si
1818 2467 2110 2530 festinent,
2151 2463 2267 2518 sine

686 2585 846 2627 causa
891 2567 1156 2622 laborant.
1203 2563 1313 2618 Nec
1360 2563 1464 2617 hoc
1509 2562 1625 2616 sine
1665 2559 1972 2627 magisterio
2019 2557 2268 2611 admittas

687 2661 949 2720 evidentis
977 2657 1227 2729 exempli.
1259 2655 1422 2711 Judas
1448 2654 1686 2726 quotidie
1715 2653 1936 2708 verbum
1967 2651 2091 2706 vitae
2126 2649 2270 2704 audi-

688 2755 799 2820 vit,
840 2751 1080 2822 quotidie
1118 2748 1344 2804 adhzesit
1385 2746 1612 2801 Domino
1635 2784 1650 2808 ,
1707 2743 1946 2812 quotidie
1984 2741 2270 2796 virtutibus

686 2852 1016 2915 occupatus,
1065 2839 1304 2917 quotidie
1353 2839 1525 2908 ipsum
1563 2836 1660 2890 Dei
1706 2834 1899 2890 Filium
1947 2834 2270 2888 monitorem

686 2937 890 2994 audivit
922 2954 934 2988 :
977 2942 1032 2990 et
1056 2933 1180 3004 quia
1222 2930 1632 3001 praedestinatus
1659 2936 1744 2982 est
1771 2927 1837 2982 ad
1866 2936 2097 2982 mortem
2116 2966 2132 2990 ,
2164 2941 2270 2980 uno

687 3031 798 3086 ictu
822 3028 999 3084 subito
1025 3026 1244 3082 interiit.
1279 3023 1472 3079 Saulus
1495 3020 1736 3091 quotidie
1772 3027 2106 3091 persecutor,
2136 3033 2274 3089 quo-

688 3122 818 3177 tidie
855 3120 1120 3191 lapidator
1155 3116 1603 3179 Christianorum,
1633 3112 1873 3186 quotidie
1901 3119 2141 3167 vastator
2168 3107 2272 3165 Ec-

688 3213 971 3270 elesiarum
1003 3227 1020 3265 :
1052 3216 1106 3265 et
1142 3209 1268 3278 quia
1295 3206 1705 3278 praedestinatus
1737 3203 1910 3260 estad
1947 3203 2131 3268 vitam,
2164 3217 2265 3257 uno

2375 3223 2648 3287 civitatem,
2692 3193 2745 3275 in
2792 3193 2975 3275 vanum
3013 3219 3352 3292 vigilaverunt
3397 3218 3484 3288 qui
3523 3214 3912 3269 custodiarum

687 3307 798 3364 ictu
819 3307 998 3362 subito
1022 3319 1119 3359 vas
1146 3301 1427 3358 electionis
1459 3307 1540 3355 est
1559 3298 1746 3354 factus.
1777 3298 1915 3367 Quid
1946 3313 2074 3368 ergo
2097 3307 2155 3354 tu
2180 3299 2273 3370 qui

685 3397 742 3454 in
764 3396 1002 3468 peccatis
1026 3407 1313 3466 permanes
1340 3391 1686 3460 expavescis?
1714 3393 1762 3448 si
1783 3400 1835 3447 te
1863 3391 2006 3444 Deus
2025 3389 2274 3458 dignatus

687 3497 790 3552 est,
820 3497 1038 3545 sanctus
1065 3489 1172 3544 eris
1199 3507 1212 3543 :
1245 3498 1338 3544 aut
1365 3489 1493 3559 quid
1519 3497 1576 3543 tu
1604 3487 1697 3559 qui
1726 3487 1780 3541 in
1804 3484 2090 3540 sanctitate
2115 3483 2268 3549 vivis,

687 3578 949 3634 sollicitus
974 3577 1216 3634 redderis
1247 3579 1400 3648 quasi
1429 3587 1521 3634 tua
1549 3586 1605 3635 te
1625 3575 1934 3633 sollicitudo
1955 3572 2273 3630 conservet?

686 3670 735 3725 si
763 3669 904 3724 Deus
946 3670 1218 3735 noluerit,
1262 3682 1284 3710 ο
1327 3686 1600 3742 nunquam
1645 3685 1885 3727 corrues.
1932 3666 2170 3736 Uterque
2205 3663 2272 3720 de

686 3756 802 3814 Deo
825 3760 1001 3814 securi
1028 3767 1221 3816 estote.
1257 3760 1507 3832 Nunquid
1536 3770 1594 3816 ιιι
1619 3761 1712 3831 qui
1741 3768 1956 3815 sanctus
1976 3773 2056 3823 es,
2087 3766 2143 3812 et
2161 3756 2272 3811 sol-

684 3848 864 3906 licitus
891 3865 949 3906 es
1000 3867 1070 3907 ne
1107 3866 1364 3917 corruas,
1397 3861 1453 3909 et
1497 3853 1583 3907 die
1625 3859 1895 3920 noctuque
1940 3848 2272 3904 orationibus

685 3942 836 4008 ades,
882 3945 1162 4014 occuparis
1197 3943 1437 4014 jejuniis,
1481 3951 1536 3998 et
1563 3942 1757 3998 divinis
1795 3931 2115 3996 lectionibus
2145 3938 2272 3993 dili-

683 4043 874 4103 genter
902 4038 1135 4104 insistis,
1165 4036 1631 4093 exhortationibus
1673 4050 1834 4092 vacas
1856 4076 1870 4100 ,
1907 4043 2068 4104 atque
2097 4033 2270 4088 omni-

683 4124 786 4181 bus
823 4128 1023 4182 sanctis
1063 4127 1255 4183 studiis
1287 4126 1530 4198 quotidie
1566 4128 1817 4182 immines
1839 4165 1854 4191 ,
1903 4124 2269 4194 nunquidnam

683 4223 781 4270 tuo
808 4217 913 4271 hoc
948 4217 1126 4272 studio
1169 4218 1345 4273 salvus
1392 4219 1532 4274 eris?
1587 4217 1838 4287 Nunquid
1881 4217 2122 4272 sanctior
2162 4215 2270 4281 eris

683 4300 842 4370 Juda,
873 4306 966 4373 qui
1009 4308 1217 4377 accepit
1261 4317 1586 4376 potestatem
1620 4307 1860 4362 inﬁrmos
1887 4307 2128 4371 curandi,
2157 4307 2268 4361 da:-

684 4397 868 4451 monia
909 4395 1158 4465 fugandi,
1201 4406 1444 4455 mortuos
1487 4400 1800 4463 suscitandi,
1837 4399 2077 4454 caleandi
2105 4415 2270 4469 super

683 4495 966 4556 serpentes
994 4497 1050 4543 et
1072 4489 1404 4559 scorpiones,
1429 4491 1633 4560 collega
1659 4491 2045 4561 apostolorum,
2068 4489 2265 4545 Christi

2365 1928 2542 1984 ﬁxisse
2569 1929 2909 1983 sententiam.
2934 1926 2988 1983 Si
3015 1927 3158 1982 enim
3178 1942 3361 1982 verum
3390 1925 3525 1980 dixit
3543 1923 3792 1982 Christus.
3819 1937 3899 1976 non

2364 2020 2620 2073 mentitur
2641 2017 2785 2088 quod
2813 2018 3041 2073 dicimus
3070 2017 3479 2088 praedestinatos
3508 2014 3655 2068 trahi
3678 2012 3738 2066 ad
3753 2012 3898 2074 vitam,

2364 2113 2489 2181 quia
2517 2112 2626 2166 vita
2657 2112 2769 2182 ipse
2787 2120 2887 2166 est.
2913 2110 3067 2178 Quod
3088 2111 3132 2166 si
3159 2111 3414 2179 ag’gravat
3436 2125 3531 2162 vos
3552 2107 3638 2162 vis
3662 2102 3898 2160 testimonii

2365 2205 2676 2273 evangelici,
2708 2204 2798 2273 qui
2823 2211 3012 2259 contra
3037 2211 3280 2258 nostram
3303 2201 3496 2256 venitis
3521 2199 3834 2260 sententiam,
3859 2203 3900 2248 et

2367 2313 2474 2354 non
2508 2298 2734 2369 potestis
2763 2297 3037 2366 aggravati
3066 2295 3305 2367 pondere
3325 2293 3609 2349 sententia:
3643 2291 3773 2346 nobis
3795 2289 3901 2343 dare

2365 2403 2683 2458 responsum
2703 2387 2894 2442 Saltem
2919 2386 3161 2455 Apostoli
3193 2385 3347 2440 nobis
3386 2383 3732 2438 definitionem
3756 2394 3896 2449 expo~
4059 2398 4062 2458 ς

2366 2482 2496 2547 nite,
2515 2481 2607 2550 qui
2622 2479 2768 2535 dicit.
2786 2477 2908 2535 Non
2929 2486 3004 2534 est
3023 2478 3256 2544 volentis,
3273 2495 3436 2550 neque
3455 2477 3714 2540 currentis,
3728 2471 3804 2527 sed
3819 2471 3901 2524 mia
4059 2487 4063 2514 ι

2367 2549 2584 2629 serentis
2612 2583 2688 2630 est
2708 2572 2807 2629 Dei
2829 2572 3004 2644 (Rom.
3035 2589 3108 2637 lx,
3145 2570 3256 2642 16).
3280 2549 3750 2638 Quantumcunque
3773 2565 3904 2633 igitur

2368 2667 2527 2722 studii
2547 2667 2628 2722 sui
2651 2667 2792 2721 vires
2808 2666 2874 2721 ad
2893 2664 3260 2721 aediﬁcandum
3281 2671 3496 2719 moveat
3516 2662 3741 2716 humana
3752 2655 3902 2713 volun-

2370 2766 2473 2825 tas,
2491 2774 2646 2814 casso
2667 2758 2958 2813 certamine
2974 2757 3179 2811 nititur.
3194 2755 3300 2810 Aut
3319 2755 3449 2824 quid
3463 2753 3776 2824 vigilantiam
3785 2763 3901 2805 suam
4055 2753 4062 2825 ί

2373 2783 2473 2825 “IS,
2491 2783 2646 2814 υἱιδδυ
2667 2783 2958 2813 υυηξιιιιιιιυ
2975 2783 3179 2811 ιιιιιιιιϊ.
3194 2783 3300 2810 nus
3319 2783 3449 2824 qusu
3466 2783 3776 2824 νιδιιᾱιιιιᾱω
3786 2783 3901 2805 auaui

2369 2859 2520 2922 putat
2538 2851 2770 2906 hominis
2795 2851 3050 2920 fragilitas
3062 2851 3276 2906 aeternis
3298 2849 3582 2904 desideriis
3598 2846 3900 2919 profuturam,
4055 2783 4070 2944 ι

2371 2957 2494 2995 cum
2523 2941 2787 3011 propheta
2827 2941 3163 2996 evidentibus
3201 2939 3467 2996 exclamet
3494 2936 3824 2998 documentis,
3848 2932 3904 2986 di-

2371 3048 2498 3090 cens
2517 3051 2529 3085 :
2551 3031 2670 3087 Nisi
2696 3032 2946 3088 Dominus
2967 3033 3299 3104 aediﬁcaverit
3325 3031 3557 3095 domum,
3588 3031 3638 3083 in
3660 3043 3824 3083 sanum
3840 3024 3906 3077 la-

2379 3127 2682 3182 boraverunt
2709 3127 2794 3198 qui
2823 3127 3228 3198 tediﬁcanteam.
3251 3121 3371 3178 Nisi
3390 3122 3642 3178 Dominus
3658 3117 3909 3175 custodierit
4081 3153 4083 3158 ς

2379 3223 2626 3262 ﬁnitarum
2692 3223 2744 3262 in
2792 3237 2974 3262 omnum
3013 3219 3352 3262 θήηίιιιιιρηιηί
3397 3218 3484 3262 nui
3523 3214 3800 3262 custodiunt
3822 3224 3912 3262 eam
4083 3164 4086 3262 i

2377 3313 2492 3385 (Ps.
2517 3330 2694 3379 cxxvr,
2723 3315 2770 3378 l,
2795 3311 2871 3382 2).
2898 3311 3032 3380 Quid
3055 3319 3137 3367 est
3155 3310 3294 3380 quod
3315 3318 3505 3366 contra
3523 3308 3725 3363 divinos
3743 3304 3912 3374 apices,

2374 3411 2429 3459 et
2464 3412 2651 3458 contra
2697 3403 3081 3459 conscientiam
3129 3417 3302 3468 suam,
3351 3407 3535 3470 sperat
3577 3413 3634 3453 se
3681 3393 3916 3466 quispiam

2371 3494 2711 3550 :edilicationi
2732 3493 2966 3557 studere,
2996 3509 3117 3549 cum
3139 3493 3220 3547 his
3240 3493 3407 3547 sacris
3434 3491 3666 3562 apicibus
3685 3489 3919 3544 doceatur

2373 3585 2654 3642 aediﬁcatio
2696 3586 2927 3641 hominis
2953 3601 3061 3638 non
3089 3599 3207 3640 esse
3240 3592 3404 3648 certa,
3435 3581 3528 3636 sed
3553 3579 3721 3634 vana?
3757 3574 3857 3630 Sed
3883 3573 3922 3629 si

2373 3688 2560 3734 contra
2586 3695 2684 3734 nos
2713 3679 2922 3742 venitis,
2948 3693 3055 3732 non
3081 3685 3269 3732 contra
3297 3682 3392 3730 nos
3411 3673 3604 3736 venitis,
3631 3668 3722 3724 sed
3740 3676 3919 3721 contra

2373 3786 2494 3826 eum
2523 3771 2613 3841 qui
2642 3770 2775 3825 dixit
2809 3789 2820 3823 ε
2847 3768 2966 3823 Nisi
3003 3767 3254 3823 Dominus
3279 3763 3591 3835 aediﬁcaverit
3616 3760 3836 3822 domum,
3864 3757 3919 3809 in

2371 3881 2559 3918 vanum
2588 3864 2949 3918 laboraverunt
2974 3863 3058 3934 qui
3088 3861 3348 3932 cedi/itaut
3373 3874 3498 3912 eam.
3538 3853 3656 3909 Nisi
3686 3852 3928 3908 Dominus

2373 3956 2670 4010 custodierit
2701 3957 2977 4020 civitatem,
3017 3956 3070 4007 in
3093 3969 3280 4008 uanum
3308 3951 3636 4023 vigilaveram
3663 3948 3748 4020 qui
3769 3952 3928 3998 custo-

2373 4049 2520 4102 diunt
2547 4064 2678 4101 eam.
2712 4045 2852 4115 Ergo
2897 4047 3085 4101 nesciit
3130 4046 3254 4116 quia
3282 4060 3391 4099 non
3439 4051 3558 4098 erat
3584 4041 3714 4096 utile
3748 4035 3930 4109 populo

2372 4139 2466 4194 Dei
2488 4141 2577 4208 qui
2607 4141 2720 4194 hmc
2748 4138 2874 4193 fecit
2901 4137 3083 4204 scribi,
3107 4145 3162 4191 et
3193 4151 3287 4207 per
3313 4143 3566 4206 posteros
3595 4121 3760 4196 natiue
3789 4123 3849 4178 ad
3875 4121 3927 4176 ﬁ-

2372 4243 2494 4283 nem
2514 4220 2837 4283 szeculorum
2860 4227 3050 4293 dirigi?
3070 4225 3176 4278 Vos
3203 4226 3381 4289 itaque
3400 4220 3494 4289 qui
3536 4221 3638 4274 ista
3668 4215 3931 4288 reprehen-

2371 4319 2513 4381 ditis,
2547 4318 2752 4372 auferte
2778 4318 2892 4371 htec
2918 4315 2985 4369 de
3011 4315 3147 4369 libro
3179 4312 3538 4379 Psalmorum,
3567 4311 3697 4382 quia
3723 4309 3933 4378 legentes

2370 4417 2424 4464 et
2456 4409 2746 4480 psallentes
2773 4409 2872 4462 hos
2908 4405 3220 4470 versiculos,
3251 4411 3308 4458 ut
3339 4403 3542 4469 dicitis,
3574 4400 3823 4458 aediﬁcari
3848 4415 3935 4454 non

2372 4508 2611 4572 possunt.
2661 4499 2768 4555 Sed
2809 4497 2935 4568 quid
2978 4505 3166 4568 putant
3197 4495 3281 4549 isti
3318 4509 3379 4549 se
3418 4495 3716 4549 voluntate
3761 4507 3848 4546 sua
3884 4488 3936 4543 ad

684 4577 1006 4646 discipulus;
1037 4586 1093 4633 et
1117 4586 1295 4634 tamen
1317 4581 1442 4648 quia
1480 4581 1887 4651 prm‘destinatus
1925 4594 2008 4640 est
2033 4584 2100 4638 ad
2130 4599 2265 4639 mor-

2369 4569 2597 4646 fructum
2635 4607 2795 4661 posse
2831 4588 3196 4644 :cdiﬁcationis
3231 4586 3526 4656 attingere,
3575 4603 3701 4642 cum
3731 4600 3826 4640 nec
3849 4583 3939 4652 ipse

684 4678 816 4736 tem,
847 4677 1078 4726 mortem
1096 4681 1355 4727 aeternam
1385 4674 1626 4730 invenit?
1651 4673 1814 4731 Cessa
1843 4677 1910 4732 de
1930 4687 2002 4742 te,
2025 4693 2058 4732 ο
2081 4678 2264 4744 homo,

683 4776 854 4829 cessa,
887 4763 1126 4832 inquam,
1171 4763 1240 4820 de
1280 4765 1478 4821 virtute
1525 4775 1616 4821 tua
1655 4783 1775 4823 esse
1802 4769 2078 4832 sollicitus,
2112 4779 2167 4825 et
2203 4771 2269 4825 de

683 4848 782 4905 Dei
804 4860 1013 4907 tantum
1033 4853 1244 4911 conﬁde
1265 4857 1539 4913 voluntate
1554 4872 1792 4914 securus.
1816 4859 1957 4915 Nihil
1978 4862 2120 4916 enim
2140 4837 2288 4918 boni.

684 4952 745 4998 tu
769 4944 882 5000 Deo
910 4947 1178 5004 obtinebis
1207 4949 1404 5014 invito;
1437 4950 1534 5006 sed
1561 4952 1606 5007 si
1635 4960 1690 5007 te
1717 4952 2023 5022 dignabitur
2045 4953 2188 5010 Deus
2210 4964 2269 5010 ut

682 5035 741 5091 in
781 5034 924 5092 bono
961 5053 1309 5109 permaneas,
1353 5042 1534 5098 salvus
1569 5043 1694 5099 eris.
1729 5044 1809 5100 Tu
1841 5059 2058 5117 quoque
2092 5049 2184 5118 qui
2212 5049 2266 5103 in

679 5135 907 5198 peccato
935 5127 1313 5200 desperatione
1336 5147 1475 5189 vana
1504 5137 1827 5203 concuteris,
1859 5136 2004 5194 disce
2035 5154 2067 5194 a
2097 5137 2266 5195 Paulo

681 5219 951 5289 apostolo,
983 5221 1106 5290 quis
1139 5237 1376 5292 unquam
1403 5240 1503 5296 par
1528 5227 1644 5296 ejus
1670 5230 1847 5298 potuit
1870 5231 2165 5288 sceleribus
2185 5233 2268 5287 in-

678 5311 887 5367 veniri?
903 5311 1150 5384 Nunquid
1171 5323 1229 5370 tu
1244 5316 1533 5386 aliquando
1553 5319 1736 5390 pejora
1759 5323 1982 5393 potuisti
2003 5339 2164 5395 quam
2178 5325 2266 5382 ille

678 5405 950 5461 commisit
992 5415 1309 5479 perpetrare
1335 5412 1597 5481 peccata?
1627 5411 1696 5468 Et
1733 5422 1914 5472 tamen
1937 5456 1954 5483 ,
1979 5418 2107 5488 quia
2134 5433 2268 5489 prae-

754 5603 900 5674 fbis.
924 5604 1210 5674 Augiense,
1242 5605 1364 5661 boni
1390 5616 1441 5662 et
1467 5615 1640 5662 muti.‘

753 5673 783 5712 δ
804 5673 901 5749 bis.
931 5673 1091 5749 idem,
1118 5677 1239 5748 quia
1259 5693 1383 5749 quos
1413 5677 1572 5744 Deus,
1591 5687 1694 5734 etc.

758 5753 782 5783 ο
811 5742 906 5798 Ms.
935 5744 1096 5811 idem,
1119 5742 1381 5818 nunquam
1408 5742 1580 5819 utique
1608 5765 1832 5806 corrues.
1861 5749 2046 5825 Utique
2065 5752 2130 5808 de
2153 5751 2264 5810 Deo

2369 4699 2466 4738 vas
2493 4683 2773 4736 electionis
2811 4697 2960 4736 suam
2999 4695 3058 4736 se
3095 4685 3299 4733 asserat
3337 4679 3599 4748 potuisse
3641 4678 3938 4732 voluntatem

2371 4774 2628 4844 implere?
2658 4774 2793 4828 Dicit
2814 4774 2955 4828 enim
2985 4773 3052 4827 de
3073 4787 3131 4827 se
3153 4771 3268 4842 ipso
3297 4770 3608 4839 Apostolus
3643 4791 3656 4825 :
3697 4768 3816 4824 Non
3835 4763 3942 4840 quod

2359 4865 2484 4920 'volo
2508 4863 2693 4920 bonum
2731 4865 2826 4918 hoc
2854 4881 2974 4936 ago,
3001 4863 3092 4917 sed
3115 4861 3250 4934 quod
3278 4861 3400 4915 nolo
3431 4862 3649 4916 malum
3689 4861 3817 4917 illud
3834 4859 3946 4931 facio

2373 4957 2550 5031 (Rom.
2582 4974 2672 5022 vn,
2703 4956 2813 5028 i9).
2855 4954 2911 5010 Si
2940 4971 3069 5026 ergo
3108 4955 3397 5025 Apostolus
3425 4955 3589 5023 quod
3620 4956 3740 5011 vult
3779 4955 3947 5010 bonum

2368 5050 2590 5120 implere
2621 5064 2726 5103 non
2757 5047 3026 5118 praevalet,
3068 5045 3340 5116 quomodo
3381 5045 3473 5100 isti
3526 5046 3726 5103 dicunt
3763 5061 3853 5116 per
3874 5057 3950 5096 vo.

2368 5141 2628 5198 luntatem
2675 5154 2830 5194 suam
2876 5138 2944 5193 ad
2990 5137 3220 5194 fructum
3267 5152 3327 5191 se
3357 5145 3381 5174 ο
3422 5140 3634 5204 gratia:
3664 5134 3982 5210 perveniret

2369 5233 2614 5305 Apostoli
2641 5233 2804 5287 verba
2840 5239 2982 5296 sunt,
3012 5238 3256 5285 nostrum
3285 5228 3417 5283 nihil
3448 5230 3831 5300 adiungimus.
3859 5229 3958 5298 lpse

2367 5325 2435 5380 de
2455 5341 2514 5380 se
2539 5323 2667 5379 dicit
2700 5342 2712 5377 :
2747 5321 2870 5377 Non
2897 5320 3034 5395 quod
3061 5321 3176 5377 volo
3206 5321 3395 5376 bonum
3423 5319 3532 5376 hoc
3563 5339 3696 5394 ago,
3733 5323 3822 5378 sed
3848 5317 3962 5393 quod

2366 5416 2488 5472 nolo
2511 5415 2702 5470 malum
2731 5414 2864 5469 illud
2886 5416 3041 5486 facio.
3068 5413 3135 5468 Et
3159 5429 3257 5469 nos
3275 5412 3544 5482 culpatis,
3571 5417 3707 5485 quia
3739 5417 3960 5471 dicimus,

2369 5621 2536 5670 uestri
2563 5627 2740 5667 estote.

2440 5680 2466 5722 ἀ
2499 5682 2594 5737 Ms.
2629 5682 2788 5746 idem,
2819 5681 2890 5734 ad
2915 5695 3140 5751 superna
3160 5680 3514 5749 superiorum.

2445 5764 2469 5792 ο
2499 5751 2596 5809 Ms.
2628 5752 2787 5818 idem,
2827 5768 2977 5823 posse
3002 5751 3190 5824 gratia:
3214 5751 3516 5822 pervenire.
