4140 6346
204 407 297 464 625

660 357 1248 459 anienem}:st
1284 399 1435 457 sm:
1470 395 2167 453 pnmnssrmronun
2205 396 2553 465 HERESIS,
2597 396 2749 454 ETC.
2792 397 2920 454 LIB.
2960 394 3029 454 η.

3371 397 3475 453 626

205 523 311 580 Non
355 524 620 576 vocantur
659 516 760 572 nisi
800 515 1202 586 praedestinati?
1233 523 1258 551 ⁸
1303 511 1586 582 Antecedit
1641 510 1785 564 enim
1813 515 1861 569 Α
1889 525 2091 582 ponere
2118 525 2277 580 posse
2313 509 2568 579 peccatis.
2615 507 2910 564 Excluditis
2937 507 3079 562 enim
3118 507 3343 575 gratiam
3377 521 3477 577 per
3512 535 3519 540 -

205 614 368 687 gratia
395 611 494 667 Dei
520 610 851 665 voluntatem
881 607 1133 661 hominis.
1166 604 1321 659 Prior
1348 611 1432 658 est
1457 602 1602 657 enim
1641 600 1782 655 Deus

206 706 251 760 in
270 703 418 758 bono
447 698 710 764 hominis;
741 698 904 752 homo
933 703 1134 761 autem,
1167 695 1330 750 etiam
1359 695 1405 748 si
1427 693 1663 763 optimus
1690 691 1779 756 sit,

205 795 251 850 in
271 792 422 848 omni
458 791 602 846 bono
629 789 722 843 vix
748 787 1068 843 novissimus
1103 786 1390 842 invenitur.
1424 785 1556 840 Date
1585 783 1785 854 primas

205 893 380 958 partes
402 883 534 945 Deo,
576 887 635 935 ut
655 879 958 950 superbiam
987 877 1259 933 evacuetis
1287 877 1598 931 humanam.
1627 872 1784 941 Quod

203 979 242 1035 si
269 974 553 1032 volueritis
599 973 926 1044 superbiam.
950 971 1154 1028 nutrire
1192 969 1512 1033 hominibus,
1563 975 1786 1038 apparet

203 1086 291 1125 vos
321 1068 534 1122 ruinam
575 1064 786 1134 generis
814 1063 1032 1119 humani
1061 1062 1392 1133 perquirere,
1425 1061 1554 1130 quia
1579 1057 1786 1114 docetis

202 1161 248 1216 in
275 1160 424 1215 bono
454 1172 620 1228 opere
664 1171 772 1210 non
802 1155 969 1210 Deum
1013 1153 1352 1219 antecedere,
1384 1152 1479 1208 sed
1507 1152 1784 1207 hominum

203 1253 530 1309 voluntatem
554 1268 567 1316 ;
592 1259 650 1304 ut
673 1249 774 1320 ipsi
793 1249 1078 1304 videantur
1097 1247 1266 1316 magis
1288 1247 1477 1311 Deum,
1501 1254 1561 1302 ut
1585 1246 1786 1302 bonum

201 1345 380 1410 faciat,
409 1343 521 1398 suis
547 1340 979 1410 suggestionibus
1021 1339 1336 1404 admonere,
1377 1340 1531 1409 quasi
1563 1340 1654 1410 qui
1678 1355 1786 1395 non

200 1436 400 1492 faceret
427 1435 628 1490 bonum
657 1433 759 1487 nisi
790 1433 890 1503 ipsi
920 1432 1200 1496 dixissent,
1233 1445 1355 1485 cum
1376 1438 1589 1486 constet
1616 1430 1786 1485 Deum

201 1529 344 1584 nullo
373 1535 709 1598 suggerente,
754 1525 899 1581 nullo
929 1533 1174 1596 rogante,
1207 1527 1347 1580 bona
1376 1525 1627 1580 omnibus
1655 1539 1788 1580 con-

199 1622 420 1676 donare.
453 1618 569 1674 Non
597 1619 739 1673 enim
768 1618 897 1673 dicit
935 1617 1245 1689 Apostolus,
1277 1633 1399 1672 cum
1437 1631 1784 1686 rogaremus;

198 1714 287 1770 sed
336 1729 454 1767 cum
500 1712 714 1775 inimici,
767 1711 955 1781 inquit,
985 1727 1228 1774 essemus,
1260 1708 1585 1764 reconciliati
1613 1723 1787 1761 sumus

198 1805 328 1870 Deo,
363 1821 470 1859 non
501 1818 598 1875 per
625 1803 962 1858 voluntatem
999 1809 1259 1866 nostram,
1291 1799 1387 1854 sed
1435 1816 1526 1870 per
1571 1807 1788 1852 mortem

1885 604 2186 658 libertatem
2217 601 2445 656 arbitrii.
2491 600 2596 654 Aut
2637 601 2782 655 enim
2825 600 2996 655 libero
3025 599 3249 654 arbitrio
3276 598 3476 654 libera-

1885 712 2022 759 mur,
2056 701 2150 749 aut
2180 693 2351 762 gratia
2382 691 2476 746 Dei
2503 691 2778 762 eripimnr.
2812 689 3002 760 Eligitc
3027 690 3157 760 quid
3183 691 3394 746 dicatis.
3418 689 3479 746 Si

1885 786 2071 856 gratia:
2113 793 2286 838 totum
2315 782 2591 845 dederitis,
2625 798 2790 838 unum
2812 783 3082 852 sapimus;
3117 782 3164 837 si
3192 782 3364 838 libero
3391 797 3480 836 ar-

1887 879 2068 942 bitrio,
2106 878 2288 933 sciatis
2316 893 2415 932 nos
2455 875 2607 931 vobis
2646 877 2954 931 consentire
2982 891 3089 932 non
3111 891 3291 946 posse.
3325 873 3481 932 Unde

1888 979 2067 1028 autem
2097 971 2173 1026 illi
2203 969 2377 1039 major
2405 969 2626 1024 libertas
2663 968 2869 1024 arbitrii
2911 969 2962 1022 in
2993 968 3156 1035 bono,
3200 969 3344 1025 unde
3389 969 3480 1025 isti

1887 1064 2066 1118 minor
2093 1069 2194 1124 est,
2218 1061 2316 1115 nisi
2345 1061 2471 1130 quia
2501 1061 2594 1115 Dei
2615 1059 3018 1130 dispensatione
3036 1062 3398 1117 t’censentur‘l'
3418 1059 3479 1116 In

1889 1155 1996 1210 alio
2019 1154 2162 1208 enim
2193 1160 2408 1206 tenuem
2429 1167 2488 1206 se
2516 1151 2735 1206 exhibet
2761 1151 2954 1220 gratia,
2986 1151 3039 1206 in
3069 1151 3176 1230 alio
3205 1152 3480 1207 abundan-

1890 1255 1997 1301 tem
2026 1255 2080 1301 et
2108 1247 2329 1315 largam,
2361 1253 2524 1316 prout
2553 1245 2667 1316 ipsa
2694 1245 2808 1299 vult
2835 1245 3028 1313 gratia,
3063 1261 3170 1301 non
3197 1254 3359 1316 prout
3379 1261 3481 1301 nos

1889 1341 2153 1404 volumus,
2179 1339 2270 1410 qui
2304 1355 2335 1393 a
2365 1337 2584 1394 factum
2613 1347 2808 1395 nostrae
2835 1339 3023 1394 ordine
3051 1339 3393 1396 recessimus.
3418 1337 3480 1393 In

1889 1441 2098 1489 tantum
2138 1419 2370 1501 denique
2406 1432 2648 1486 vitiatam
2691 1447 2788 1502 per
2822 1431 3321 1502 praavaricationem
3351 1430 3481 1486 Adin

1890 1527 2124 1582 hominis
2150 1535 2396 1580 naturam
2419 1525 2750 1594 agnovimus,
2776 1533 2834 1580 ut
2856 1527 3298 1583 instaurationem
3328 1541 3481 1582 suam

1891 1635 1991 1691 per
2016 1618 2288 1675 Christum
2321 1634 2428 1672 non
2458 1620 2511 1673 in
2541 1633 2618 1683 re,
2653 1617 2748 1672 sed
2778 1618 2831 1672 in
2855 1634 2950 1688 spe
2982 1619 3143 1690 luerit
3170 1625 3480 1684 consecuta,

1892 1715 2104 1770 dicente
2135 1713 2395 1784 Apostolo
2424 1731 2437 1766 :
2472 1711 2578 1782 Spe
2615 1712 2746 1767 salvi
2774 1712 2903 1783 [acti
2925 1729 3132 1776 sumus;
3167 1728 3283 1783 spes
3311 1718 3484 1766 autem

1891 1822 2006 1878 qua:
2031 1805 2250 1871 videtur,
2275 1822 2378 1860 non
2406 1813 2483 1858 est
2519 1819 2637 1874 spes
2661 1801 2837 1874 (Rom.
2862 1819 2971 1867 vm,
3003 1801 3115 1867 24).
3148 1801 3206 1857 Si
3235 1817 3363 1871 ergo
3388 1817 3484 1872 spe

195 1897 292 1967 ﬁlii
322 1897 436 1967 ejus
466 1893 643 1967 (Rom.
678 1910 730 1961 v,
764 1893 872 1964 l0).
919 1891 1022 1948 Ubi
1059 1901 1142 1948 est
1168 1905 1297 1960 ergo
1336 1891 1586 1945 voluntas
1614 1888 1788 1944 homi-

1894 1897 2081 1952 salvati
2112 1912 2313 1960 sumus,
2339 1895 2515 1950 adhuc
2546 1909 2659 1948 rem
2684 1894 2736 1948 in
2764 1893 3015 1964 praesenti
3045 1892 3241 1947 s'cculo
3264 1907 3372 1946 non
3394 1906 3485 1946 ac-

201 1989 325 2044 nis?
355 1989 572 2044 exclusa
606 1994 706 2044 est.
752 1987 964 2056 Quare?
983 1985 1012 2024 δ
1035 1986 1162 2054 quia
1193 2000 1301 2040 non
1344 1983 1521 2041 omnis
1547 1983 1638 2052 qui
1677 1981 1793 2036 vult

195 2081 313 2152 ipse
359 2068 634 2145 salvator;
683 2079 809 2148 quia
839 2079 883 2133 si
926 2077 1104 2132 omnis
1132 2076 1224 2144 qui
1271 2075 1432 2129 vellet
1469 2074 1788 2138 salvaretur,

196 2173 378 2227 nullus
423 2188 452 2226 a
492 2171 666 2226 salute
693 2175 906 2240 poterat
935 2167 1075 2222 efﬁci
1119 2167 1344 2221 alienus.
1375 2163 1562 2218 Omnis
1591 2163 1792 2218 etenim

194 2265 364 2320 homo
394 2264 592 2320 salvari
620 2263 752 2328 vult,
797 2261 890 2318 scd
938 2277 1048 2316 non
1089 2259 1264 2314 omnis
1303 2257 1542 2312 salvator
1578 2256 1742 2311 homo
1776 2274 1788 2308 :

191 2357 438 2412 salvatur
453 2363 632 2410 autem
655 2355 699 2410 is
719 2368 881 2423 quem
897 2350 1129 2406 voluerit
1145 2350 1284 2404 Deus
1300 2365 1315 2413 ;
1334 2351 1538 2417 utique,
1555 2349 1792 2416 inquam,

192 2448 241 2502 is
266 2463 430 2517 quem
452 2447 683 2502 voluerit
711 2430 873 2508 Deus,
898 2451 959 2498 ut
983 2442 1202 2497 exclusa
1230 2439 1465 2495 hominis
1491 2440 1789 2505 voluntate,

187 2556 355 2596 suam
387 2550 409 2578 °
447 2538 662 2608 plenam
691 2551 760 2591 ex
788 2535 998 2603 integro
1025 2533 1251 2603 gratiam
1281 2532 1602 2587 manifestet.
1635 2530 1792 2597 Quod

186 2631 239 2686 si
291 2631 526 2697 aliquem
553 2628 664 2682 vult
691 2627 833 2683 Deus
859 2627 1060 2706 bonum
1081 2640 1219 2690 esse,
1261 2632 1314 2680 et
1342 2624 1517 2679 bonus
1554 2639 1662 2678 non
1683 2630 1785 2687 est,

189 2735 338 2791 ergo
366 2723 529 2776 homo
552 2721 716 2777 vincit
746 2719 934 2775 Deum.
966 2719 1144 2774 Vincit
1171 2718 1315 2773 enim
1343 2717 1529 2784 Deum,
1571 2716 1618 2772 si
1648 2716 1789 2772 Deus

183 2812 328 2870 eum
356 2814 470 2868 vult
497 2828 616 2869 esse
643 2814 840 2868 bonum
871 2819 926 2866 et
952 2811 1127 2866 bonus
1148 2827 1255 2866 non
1279 2817 1379 2865 est.
1411 2808 1506 2864 Dei
1536 2823 1664 2878 ergo
1693 2824 1789 2864 vo-

183 2908 377 2962 luntas
407 2913 461 2960 et
479 2904 700 2961 effectus
728 2911 810 2960 est
834 2905 886 2959 in
908 2905 1053 2960 bono
1071 2903 1325 2959 hominis.
1350 2901 1467 2957 Non
1492 2902 1636 2956 enim
1663 2917 1787 2956 cum

184 3015 530 3070 rogaremus,
564 3013 739 3069 neque
770 3013 892 3054 cum
929 3006 1258 3070 peteremus,
1286 2995 1382 3051 sed
1414 2995 1544 3049 Cum
1568 2996 1788 3059 inimici,

182 3094 390 3164 inquit,
422 3109 664 3157 essemus,
711 3091 1033 3146 reconciliati
1078 3105 1253 3145 sumus
1300 3087 1413 3151 Deo
1443 3103 1534 3156 per
1570 3094 1790 3140 mortem

182 3183 296 3256 ﬁlii
326 3183 455 3254 ejus.
487 3181 621 3237 Cum
649 3189 833 3236 autem
863 3195 961 3250 pro
997 3179 1248 3234 omnibus
1285 3175 1514 3233 mortem
1551 3176 1645 3231 filii
1674 3176 1789 3246 ejus

1893 1989 2153 2058 cepimus.
2204 1986 2332 2041 Ideo
2373 1987 2606 2056 denique
2652 1985 2908 2055 haptizati
2954 1986 3146 2039 iterum
3199 1983 3485 2040 carnaliter

1891 2079 2299 2148 concupiscunt,
2328 2085 2383 2132 et
2412 2077 2532 2132 illos
2553 2084 2730 2131 motus
2750 2076 2994 2146 corporis
3021 2075 3328 2146 patiuntur;
3359 2075 3485 2145 quia

1893 2189 2008 2245 spe,
2035 2189 2140 2228 non
2162 2188 2221 2228 re
2244 2172 2523 2228 consecuti
2548 2177 2673 2226 sunt
2693 2169 3099 2225 instaurationis
3127 2169 3403 2224 auxilium.
3429 2168 3486 2224 Si

1893 2267 2036 2323 enim
2065 2282 2125 2322 re
2156 2265 2431 2322 consecuti
2457 2264 2701 2330 fuissent,
2737 2271 2859 2336 post
2895 2263 3232 2334 baptismatis
3258 2263 3485 2333 gratiam

1893 2377 2000 2417 non
2040 2368 2184 2417 esset
2220 2360 2429 2432 peccati
2467 2342 2796 2430 possibilitas
2839 2373 2938 2413 nec
2984 2356 3253 2412 voluntas.
3288 2354 3484 2412 Verum

1891 2453 2015 2523 quia
2047 2453 2214 2508 virtus
2232 2452 2570 2522 baptismatis
2599 2457 2749 2505 tanta
2777 2457 2878 2515 est,
2909 2456 2968 2504 ut
2994 2449 3240 2504 universa
3262 2455 3482 2520 peccata

1890 2543 2087 2608 deleat,
2120 2542 2404 2613 pullulatio
2434 2549 2612 2596 tamen
2643 2546 2990 2611 peccatorum
3014 2539 3354 2610 baptismatis
3378 2555 3481 2593 un-

1889 2637 1957 2692 da
1988 2653 2093 2692 non
2125 2636 2389 2701 abluitur;
2423 2635 2600 2690 inesse
2639 2633 2782 2689 enim
2822 2648 2922 2704 per
2962 2631 3134 2688 Adam
3173 2631 3483 2688 naturaliter

1889 2729 2229 2801 perdocetur.
2249 2728 2384 2782 Nam
2406 2727 2499 2781 illa
2519 2725 2762 2781 membra
2781 2739 2904 2794 quae
2923 2723 2977 2778 in
2991 2723 3332 2794 baptismatis
3350 2723 3484 2777 hora

1889 2820 2206 2875 confusione
2227 2825 2433 2881 carent,
2457 2824 2647 2886 postea
2667 2813 3043 2870 confusionem
3062 2813 3348 2882 recipiunt,
3377 2827 3485 2881 qua

1890 2912 2096 2966 evitant
2122 2909 2320 2978 ubique
2359 2913 2729 2977 conspectum,
2749 2912 2804 2960 et
2831 2911 3082 2974 quaerunt
3108 2901 3360 2975 pudendo
3399 2917 3487 2958 se-

1890 3010 2119 3057 cretum.
2151 3000 2280 3066 Quae
2309 2999 2452 3053 enim
2478 2998 2618 3053 Deus
2645 2997 2887 3052 membra
2915 2995 3134 3063 fecerat,
3163 2994 3486 3068 praevarica-

1890 3095 1968 3150 tio
1997 3096 2050 3149 in
2095 3093 2343 3166 pudenda
2389 3093 2676 3158 convertit,
2702 3100 2757 3148 et
2783 3091 3173 3148 non'dicuntur
3218 3092 3482 3157 membra,

1891 3188 1987 3244 sed
2007 3187 2273 3259 pudenda.
2297 3186 2425 3253 Quae
2447 3185 2693 3256 pudenda
2718 3185 2770 3239 in
2799 3192 2999 3256 puncto
3021 3184 3113 3239 illo
3140 3183 3481 3255 baptismatis

182 3274 395 3345 legitis,
427 3274 594 3329 miror
620 3271 894 3343 quomodo
923 3285 1111 3325 omnes
1141 3270 1470 3338 iutelligatis,
1507 3285 1626 3324 cum
1657 3284 1789 3339 pau-

1894 3283 2131 3339 membra
2156 3279 2307 3348 ﬁunt,
2331 3280 2427 3336 sed
2449 3296 2578 3336 mox
2606 3281 2800 3335 iterum
2821 3277 3070 3350 pudenda
3090 3276 3396 3333 efficiuntur
3414 3291 3484 3329 ex

181 3383 289 3445 cos
313 3365 400 3422 vix
421 3365 488 3420 ad
512 3365 741 3420 salutem
769 3363 1005 3420 cernatis
1032 3362 1313 3431 attingere.
1350 3361 1663 3432 Ubicunque
1691 3378 1788 3416 au-

181 3456 310 3514 tem
337 3474 525 3514 omnes
560 3457 754 3526 legitis,
787 3456 1110 3524 generaliter
1137 3471 1324 3510 omnes
1354 3455 1514 3510 vultis
1542 3453 1568 3491 ά
1591 3454 1788 3508 intelli-

181 3551 263 3619 gi,
306 3567 428 3605 cum
449 3565 638 3606 omnes
679 3565 820 3620 saepe
851 3565 949 3619 pro
979 3557 1130 3619 parte
1159 3547 1471 3603 doceantur.
1506 3546 1635 3600 Nam
1665 3561 1786 3601 cum

178 3643 396 3698 dicitur
426 3659 439 3695 :
475 3640 668 3694 Omnes
699 3640 1086 3694 declinaverunt
1111 3637 1228 3709 (Ps.
1257 3655 1347 3704 xu,
1369 3636 1448 3705 9.),
1473 3653 1581 3692 non
1607 3644 1788 3690 tamen

177 3748 392 3788 omnes
432 3731 856 3796 declinaverunt,
887 3738 941 3784 et
986 3727 1171 3784 Omnis
1214 3729 1364 3783 homo
1405 3726 1633 3781 mendax
1667 3724 1784 3794 (Ps.

174 3843 325 3890 cxv,
369 3824 479 3896 ll),
509 3841 618 3879 non
655 3831 837 3878 tamen
874 3823 1048 3877 omnis
1095 3823 1259 3877 homo
1289 3819 1542 3883 mendax,
1571 3817 1696 3887 quia
1724 3817 1793 3871 de

172 3915 440 3987 Quodam
487 3912 712 3981 legimus
755 3932 768 3965 :
815 3911 947 3966 Erat
977 3913 1127 3966 homo
1159 3927 1334 3964 verax.
1367 3909 1436 3963 Et
1464 3907 1595 3962 illud
1627 3926 1639 3959 :
1681 3906 1794 3959 Viri

171 4006 503 4067 mendaces,
531 4020 635 4058 non
661 4012 808 4057 erunt
840 4002 982 4056 illius
1009 4018 1296 4067 memores;
1325 4003 1423 4054 viri
1452 4009 1621 4054 autem
1648 4015 1794 4052 vera-

172 4113 280 4154 ces
318 4097 647 4149 inveniuntur
673 4096 728 4149 in
756 4109 816 4149 ea
849 4093 1035 4166 (Eccli.
1072 4111 1161 4158 xv,
1199 4093 1274 4166 8).
1309 4093 1440 4148 Pars
1469 4109 1598 4164 ergo
1627 4095 1797 4148 maxi-

171 4195 284 4246 ma
312 4200 505 4241 omnes
523 4183 731 4240 videtur
752 4186 1073 4255 signiﬁcare,
1101 4202 1225 4241 cum
1246 4187 1431 4254 utique
1455 4194 1668 4241 constet
1687 4202 1794 4240 non

170 4281 406 4339 debere
435 4289 622 4334 omnes
659 4274 906 4347 intelligi.
939 4276 1008 4332 Et
1042 4278 1148 4334 hoc
1194 4277 1380 4343 miror,
1412 4278 1556 4347 quod
1601 4278 1798 4334 clausis

175 4374 378 4434 oculis
407 4373 647 4427 transitis
672 4371 844 4428 hostis
870 4371 1110 4437 insidias,
1147 4387 1243 4426 vos
1282 4372 1375 4441 qui
1404 4371 1580 4427 dicitis
1606 4373 1796 4428 volun-

173 4465 374 4523 tatem
403 4461 638 4518 hominis
666 4462 868 4533 aliquid
906 4463 1186 4532 acquirere
1207 4477 1366 4532 posse
1399 4463 1610 4518 virtutis
1641 4481 1654 4515 :
1687 4477 1797 4518 non

176 4554 549 4613 attendentes
596 4562 809 4623 quanta:
855 4553 1022 4608 ruina:
1070 4553 1334 4610 castitatis
1381 4569 1478 4624 per
1522 4553 1795 4610 diabolum

1888 3375 2173 3442 membris;
2205 3391 2315 3430 non
2336 3372 2478 3429 enim
2507 3388 2588 3437 re,
2615 3371 2709 3427 sed
2735 3386 2831 3441 spe
2859 3368 3143 3425 instaurati
3171 3374 3315 3421 sunt.
3339 3365 3480 3420 Con-

1888 3468 2218 3540 cupiscentia
2257 3466 2400 3521 enim
2440 3464 2636 3529 carnis,
2674 3477 2794 3532 qua:
2841 3477 2939 3530 per
2977 3457 3483 3530 praevaricationem

1890 3558 2018 3614 Adae
2045 3565 2236 3627 regnat
2276 3559 2331 3611 in
2359 3569 2588 3624 corpore
2630 3561 2882 3621 tanquam
2911 3550 2998 3605 lex
3024 3549 3251 3620 peccati,
3285 3547 3483 3602 iterum

1891 3653 1991 3707 sibi
2017 3650 2253 3705 vindicat
2291 3649 2644 3718 baptizatum,
2670 3654 2953 3714 totumque
2979 3643 3212 3698 animum
3243 3640 3358 3711 ejus
3384 3655 3473 3696 co-

1891 3751 2052 3797 natur
2079 3749 2344 3796 evertere.
2369 3739 2494 3796 Haec
2512 3739 2654 3794 enim
2677 3737 2830 3793 radix
2849 3737 2989 3792 illius
3008 3736 3178 3806 plaga:
3197 3741 3298 3797 est,
3321 3747 3482 3801 quam

1893 3832 2138 3888 Christus
2166 3833 2412 3888 salvavit.
2437 3832 2674 3886 Salvavit
2702 3838 2882 3884 autem
2910 3829 3005 3892 sic,
3030 3827 3167 3881 sicut
3195 3824 3485 3895 Apostolus

1893 3925 2022 3980 dicit
2047 3943 2058 3977 :
2086 3924 2192 3994 Spe
2219 3925 2348 3977 salvi
2379 3924 2506 3995 facti
2532 3938 2729 3976 sumus.
2760 3919 2826 3974 Et
2849 3920 3002 3989 jubet
3028 3933 3128 3972 nos
3156 3917 3390 3971 animum
3417 3914 3487 3970 ad

1898 4018 2179 4072 invisibilia
2209 4015 2621 4085 contemplanda
2658 4012 2968 4076 transferre,
3002 4019 3102 4064 nec
3139 4008 3207 4064 de
3247 4008 3328 4063 his
3366 4021 3488 4076 qua:

1897 4108 2148 4166 videntur
2175 4106 2548 4178 praesumendo
2577 4119 2830 4161 corruere
2861 4122 2874 4157 :
2915 4111 2971 4158 et
2998 4101 3119 4156 ideo
3148 4099 3278 4155 dicit
3310 4116 3323 4152 :
3353 4098 3488 4170 Spes

1899 4210 2069 4254 autem
2096 4215 2210 4269 qua:
2237 4197 2454 4262 videtur,
2483 4207 2599 4265 spes
2622 4213 2727 4251 non
2753 4203 2850 4250 est.
2879 4194 2956 4249 Ne
2989 4191 3128 4248 forte
3155 4189 3489 4247 aestimaren-

1899 4298 1988 4347 tur
2012 4299 2108 4361 p’er
2127 4289 2451 4359 baptismum
2482 4290 2554 4343 ita
2585 4287 2701 4343 tolli
2729 4293 2970 4358 peccata,
3003 4291 3062 4339 ut
3090 4282 3252 4338 etiam
3281 4280 3490 4338 radices

1899 4384 2028 4454 ipsa:
2055 4391 2399 4453 peccatorum
2425 4382 2628 4452 pariter
2655 4380 2974 4436 evellantur.
3011 4377 3189 4433 Motus
3229 4376 3373 4432 enim
3401 4373 3492 4430 ille

1898 4475 2230 4546 pollutionis,
2255 4476 2345 4543 qui
2371 4489 2469 4544 per
2487 4472 2984 4544 praevaricationem
3005 4477 3254 4525 naturam
3274 4465 3488 4532 invasit,

1897 4568 1973 4623 ita
2000 4574 2246 4622 remanet
2273 4567 2327 4621 in
2346 4565 2639 4636 baptizato,
2663 4565 2802 4620 sicut
2829 4562 2984 4618 radix
3008 4559 3208 4631 capilli,
3232 4573 3357 4615 cum
3375 4555 3495 4611 fue-

180 4651 339 4706 ﬁam
385 4665 398 4700 ε
430 4653 739 4716 quantaque
778 4645 1004 4701 crimina
1034 4646 1500 4716 οοηουρίεοθηῑίεθν
1532 4647 1790 4713 “arium.
1820 4652 1872 4712 D
1897 4661 1968 4716 rit
1999 4660 2263 4716 novacula
2293 4661 2346 4714 in
2377 4658 2659 4729 superﬁcie
2687 4656 3008 4712 emundatus
3027 4663 3084 4708 et
3110 4668 3283 4707 rasus.
3317 4651 3493 4704 Rasus

179 4739 394 4797 livoris
417 4749 481 4792 ac
499 4735 751 4808 perfidiae,
776 4736 1017 4806 quotidie
1036 4743 1430 4807 perpetrentur.
1458 4737 1586 4805 Quae
1611 4739 1798 4808 utique

177 4833 232 4888 si
269 4829 557 4894 videretis,
584 4843 690 4883 non
719 4827 1084 4883 laboraremus
1107 4827 1264 4884 vobis
1291 4828 1576 4884 ostendere
1600 4830 1798 4884 damna

180 4925 490 4983 virtutum,
517 4927 572 4974 et
591 4918 844 4975 victorias
860 4918 1135 4974 vitiorum.
1159 4919 1216 4974 Si
1245 4920 1454 4988 integra
1481 4921 1625 4976 enim
1654 4928 1799 4976 esset

178 5017 430 5073 libertas
449 5015 674 5080 arbitrii,
695 5015 794 5069 ista
816 5030 924 5069 non
947 5013 1154 5070 ﬁerent.
1180 5013 1293 5068 Perr
1302 5014 1799 5084 praevaricationem

180 5111 397 5180 itaque
416 5109 577 5179 primi
604 5108 833 5164 hominis
858 5109 1020 5178 periit
1038 5109 1108 5162 ab
1136 5108 1442 5162 hominibus
1471 5107 1693 5162 libertas
1712 5122 1800 5160 ar-

177 5200 374 5258 bitrii.
408 5198 516 5255 Sed
541 5199 638 5256 vo's
665 5201 924 5255 hzeresem
954 5199 1298 5269 Pelagianam
1339 5200 1534 5254 iterum
1565 5213 1798 5255 renova-

179 5299 280 5364 tis,
319 5311 454 5353 cum
475 5295 650 5352 dicitis
675 5312 776 5367 per
803 5296 1108 5352 libertatem
1125 5294 1342 5360 arbitrii
1361 5295 1610 5352 homines
1637 5293 1799 5352 ﬁnem

262 5487 297 5550 fl
333 5475 442 5550 ψ.
468 5477 761 5550 Augiense,
785 5477 1041 5531 antecedit
1065 5479 1238 5550 gratia
1269 5477 1382 5533 Dei.

261 5549 298 5590 ι)
325 5546 506 5622 Abest
538 5551 710 5622 totum
730 5548 855 5622 hoc
879 5546 1090 5622 comma
1131 5548 1186 5601 in
1224 5564 1326 5603 ms.
1370 5549 1645 5618 Augiensi,
1678 5552 1801 5622 quia

177 5640 306 5681 non
340 5616 627 5688 ornnisgqui
659 5613 762 5688 vult
801 5611 911 5680 ipse
941 5611 1189 5688 salvatur.

265 5705 298 5733 c
347 5687 456 5743 Ms.
489 5682 890 5755 idem-plenam
925 5689 976 5735 et
1015 5682 1271 5754 integram
1307 5686 1534 5755 gratiam
1576 5685 1798 5756 manife-

177 5773 446 5888 “eth”.
491 5824 960 5896 idem,'intelligi;
997 5831 1059 5882 ut
1101 5831 1157 5882 et
1199 5825 1457 5895 irrogaret
1496 5842 1594 5896 pro
1647 5828 1795 5883 inro-

1905 4751 2048 4806 enim
2077 4759 2181 4818 est,
2205 4756 2266 4804 ut
2291 4748 2676 4804 emundaretur
2704 4748 2853 4801 locus
2879 4763 2890 4797 :
2925 4759 3034 4798 non
3055 4752 3140 4796 est
3167 4738 3490 4804 eradicatus,

1906 4858 1975 4896 ne
2001 4843 2225 4897 ulterius
2249 4847 2577 4893 nasceretur.
2600 4836 2656 4890 Si
2682 4837 2822 4889 enim
2849 4850 2917 4889 ex
2937 4833 3146 4901 integro
3171 4845 3268 4902 per
3291 4829 3494 4901 baptis-

1906 4949 2050 4988 mum
2079 4933 2258 4987 omnis
2282 4927 2735 5000 praevaricationis
2763 4926 2891 4981 Adae
2913 4925 3168 4993 fragilitas
3189 4924 3492 4989 tolleretur,

1907 5024 2162 5094 baptizati
2208 5036 2398 5076 omnes
2441 5019 2588 5074 nullo
2624 5019 2820 5074 caloris
2855 5026 3006 5073 motu
3055 5019 3396 5074 traherentur
3424 5017 3494 5072 ad

1908 5114 2155 5176 crimina,
2177 5111 2355 5166 nullus
2372 5108 2621 5167 sordibus
2641 5109 3009 5179 inquinaretur
3028 5109 3295 5170 humanis,
3320 5106 3498 5159 nullus

1908 5201 2356 5273 concupiscentia;
2375 5201 2594 5258 stimulo
2613 5211 2960 5273 pungeretur.
2983 5201 3090 5256 Sed
3118 5201 3242 5269 quia
3270 5212 3367 5268 spe
3391 5195 3498 5248 sal-

1907 5296 1962 5352 vi
1989 5294 2118 5351 facti
2142 5309 2346 5362 sumus,
2369 5295 2512 5366 quod
2533 5295 2709 5352 adhuc
2737 5311 2846 5352 non
2876 5294 3140 5355 videmus,
3165 5305 3265 5359 per
3287 5286 3498 5356 patien-

1906 5488 2081 5552 garet;
2108 5482 2332 5537 illiciens
2369 5498 2470 5554 pro
2506 5485 2776 5546 inliciens;
2804 5480 3202 5554 isubjicereyl’?
3224 5467 3493 5554 fulliceff.’

1907 5538 2150 5608 corruere
2177 5568 2276 5623 pro
2306 5538 2587 5612 conruere;
2623 5538 2838 5623 illustris
2879 5538 2979 5623 pro
3025 5538 3294 5622 inlustris;
3337 5538 3500 5623 colla:

1909 5631 2015 5673 tum
2062 5610 2653 5688 pro‘conlalumLe-tc.
2706 5615 2783 5688 Ac
2828 5610 2913 5667 vel
2950 5613 3055 5666 hoc
3083 5611 3201 5681 ipso
3230 5625 3299 5688 se
3317 5610 3498 5680 prodit

1905 5697 2037 5813 ἕως
2065 5679 2240 5759 major
2275 5679 2790 5744 codicis'llemcnsis
2817 5698 2927 5752 quo
2967 5679 3209 5737 usus'est
3246 5679 3492 5736 Sirmon-

1945 5777 2024 5813 US.
2635 5798 2642 5804 .

1945 5777 2024 5815 us.
2635 5798 2642 5804 .

1981 5840 2005 5866 ο
2033 5829 2091 5883 ln
2118 5845 2221 5885 ms.
2245 5829 2437 5884 eodem
2468 5833 2720 5882 censetur.
