  <div class='ocr_page' id='page_1' title='image "/cluster/home/n/w/nwhite01/storage/ocr_20150623/53/hvd.32044015471576/321.png"; bbox 0 0 4140 6346; ppageno 0'>
   <div class='ocr_carea' id='block_1_1' title="bbox 570 321 667 382">
    <p class='ocr_par' dir='ltr' id='par_1_1' title="bbox 570 321 667 382">
     <span class='ocr_line' id='line_1_1' title="bbox 570 321 667 382; baseline 0.01 -1"><span class='ocrx_word' id='word_1_1' title='bbox 570 321 667 382; x_wconf 72' lang='grc'><strong>831</strong></span> 
     </span>
    </p>
   </div>
   <div class='ocr_carea' id='block_1_2' title="bbox 1563 323 2828 384">
    <p class='ocr_par' dir='ltr' id='par_1_2' title="bbox 1563 323 2828 384">
     <span class='ocr_line' id='line_1_2' title="bbox 1563 323 2828 384; baseline -0.002 0"><span class='ocrx_word' id='word_1_2' title='bbox 1563 326 1934 384; x_wconf 82' lang='lat' dir='ltr'><strong>ANONYMUS</strong></span> <span class='ocrx_word' id='word_1_3' title='bbox 1974 325 2248 383; x_wconf 81' lang='lat' dir='ltr'><strong>AUCTOR</strong></span> <span class='ocrx_word' id='word_1_4' title='bbox 2285 323 2828 382; x_wconf 72' lang='lat' dir='ltr'><strong>PR/EDESTINATI.</strong></span> 
     </span>
    </p>
   </div>
   <div class='ocr_carea' id='block_1_3' title="bbox 3737 331 3858 392">
    <p class='ocr_par' dir='ltr' id='par_1_3' title="bbox 3737 331 3858 392">
     <span class='ocr_line' id='line_1_3' title="bbox 3737 331 3858 392; baseline 0.017 -3"><span class='ocrx_word' id='word_1_5' title='bbox 3737 331 3858 392; x_wconf 73' lang='grc'><strong>632</strong></span> 
     </span>
    </p>
   </div>
   <div class='ocr_carea' id='block_1_4' title="bbox 568 440 3854 523">
    <p class='ocr_par' dir='ltr' id='par_1_4' title="bbox 568 440 3854 523">
     <span class='ocr_line' id='line_1_4' title="bbox 568 440 3854 523; baseline 0.001 -19"><span class='ocrx_word' id='word_1_6' title='bbox 568 447 803 506; x_wconf 83' lang='lat' dir='ltr'><strong>civitatis</strong></span> <span class='ocrx_word' id='word_1_7' title='bbox 850 455 903 507; x_wconf 91' lang='lat' dir='ltr'><strong>in</strong></span> <span class='ocrx_word' id='word_1_8' title='bbox 940 469 1044 523; x_wconf 87' lang='lat' dir='ltr'><strong>qua</strong></span> <span class='ocrx_word' id='word_1_9' title='bbox 1085 450 1360 522; x_wconf 70' lang='lat' dir='ltr'><strong>prophetae</strong></span> <span class='ocrx_word' id='word_1_10' title='bbox 1397 447 1610 503; x_wconf 78' lang='lat' dir='ltr'><strong>fuerant</strong></span> <span class='ocrx_word' id='word_1_11' title='bbox 1635 445 1921 509; x_wconf 84' lang='lat' dir='ltr'><strong>interfecti,</strong></span> <span class='ocrx_word' id='word_1_12' title='bbox 1953 446 2149 501; x_wconf 89' lang='lat' dir='ltr'><strong>clamat</strong></span> <span class='ocrx_word' id='word_1_13' title='bbox 2177 449 2221 505; x_wconf 76' lang='grc' dir='ltr'>Α</span> <span class='ocrx_word' id='word_1_14' title='bbox 2253 440 2533 497; x_wconf 83' lang='lat' dir='ltr'><strong>Recedant</strong></span> <span class='ocrx_word' id='word_1_15' title='bbox 2558 456 2688 512; x_wconf 84' lang='lat' dir='ltr'><strong>ergo</strong></span> <span class='ocrx_word' id='word_1_16' title='bbox 2717 459 2855 499; x_wconf 91' lang='lat' dir='ltr'><strong>vana</strong></span> <span class='ocrx_word' id='word_1_17' title='bbox 2882 455 3198 516; x_wconf 88' lang='lat' dir='ltr'><strong>argumenta</strong></span> <span class='ocrx_word' id='word_1_18' title='bbox 3227 449 3533 505; x_wconf 83' lang='lat' dir='ltr'><strong>verborum.</strong></span> <span class='ocrx_word' id='word_1_19' title='bbox 3574 449 3718 506; x_wconf 83' lang='lat' dir='ltr'><strong>Nihil</strong></span> <span class='ocrx_word' id='word_1_20' title='bbox 3745 453 3854 510; x_wconf 81' lang='lat' dir='ltr'><strong>ha-</strong></span> 
     </span>
    </p>
   </div>
   <div class='ocr_carea' id='block_1_5' title="bbox 563 537 2144 614">
    <p class='ocr_par' dir='ltr' id='par_1_5' title="bbox 563 537 2144 614">
     <span class='ocr_line' id='line_1_5' title="bbox 563 537 2144 614; baseline -0.005 -18"><span class='ocrx_word' id='word_1_21' title='bbox 563 543 760 598; x_wconf 88' lang='lat' dir='ltr'><strong>tamin</strong></span> <span class='ocrx_word' id='word_1_22' title='bbox 806 544 1084 614; x_wconf 80' lang='lat' dir='ltr'><strong>prophetis</strong></span> <span class='ocrx_word' id='word_1_23' title='bbox 1127 557 1286 612; x_wconf 91' lang='lat' dir='ltr'><strong>quam</strong></span> <span class='ocrx_word' id='word_1_24' title='bbox 1341 541 1395 594; x_wconf 91' lang='lat' dir='ltr'><strong>in</strong></span> <span class='ocrx_word' id='word_1_25' title='bbox 1435 538 1738 607; x_wconf 85' lang='lat' dir='ltr'><strong>Evangeliis</strong></span> <span class='ocrx_word' id='word_1_26' title='bbox 1782 539 1894 592; x_wconf 86' lang='lat' dir='ltr'><strong>suis</strong></span> <span class='ocrx_word' id='word_1_27' title='bbox 1921 537 2144 592; x_wconf 88' lang='lat' dir='ltr'><strong>dicens:</strong></span> 
     </span>
    </p>
   </div>
   <div class='ocr_carea' id='block_1_6' title="bbox 560 628 2150 705">
    <p class='ocr_par' dir='ltr' id='par_1_6' title="bbox 560 628 2150 705">
     <span class='ocr_line' id='line_1_6' title="bbox 560 628 2150 705; baseline -0.008 -12"><span class='ocrx_word' id='word_1_28' title='bbox 560 638 872 702; x_wconf 78' lang='lat' dir='ltr'><strong>Jerusalem,</strong></span> <span class='ocrx_word' id='word_1_29' title='bbox 896 634 1184 689; x_wconf 79' lang='lat' dir='ltr'><strong>Jerusalem</strong></span> <span class='ocrx_word' id='word_1_30' title='bbox 1201 673 1214 698; x_wconf 93' lang='lat'><strong>,</strong></span> <span class='ocrx_word' id='word_1_31' title='bbox 1247 649 1360 705; x_wconf 72' lang='lat' dir='ltr'><strong>qua:</strong></span> <span class='ocrx_word' id='word_1_32' title='bbox 1382 631 1574 687; x_wconf 75' lang='lat' dir='ltr'><strong>occidis</strong></span> <span class='ocrx_word' id='word_1_33' title='bbox 1603 631 1876 702; x_wconf 73' lang='lat' dir='ltr'><strong>prophetas</strong></span> <span class='ocrx_word' id='word_1_34' title='bbox 1895 671 1908 694; x_wconf 95' lang='lat'><strong>,</strong></span> <span class='ocrx_word' id='word_1_35' title='bbox 1941 637 1990 682; x_wconf 85' lang='lat' dir='ltr'><strong>et</strong></span> <span class='ocrx_word' id='word_1_36' title='bbox 2015 628 2150 699; x_wconf 86' lang='lat' dir='ltr'><strong>lapi-</strong></span> 
     </span>
    </p>
   </div>
   <div class='ocr_carea' id='block_1_7' title="bbox 564 723 2151 802">
    <p class='ocr_par' dir='ltr' id='par_1_7' title="bbox 564 723 2151 802">
     <span class='ocr_line' id='line_1_7' title="bbox 564 723 2151 802; baseline -0.008 -16"><span class='ocrx_word' id='word_1_37' title='bbox 564 732 661 786; x_wconf 82' lang='lat' dir='ltr'><strong>das</strong></span> <span class='ocrx_word' id='word_1_38' title='bbox 686 747 772 786; x_wconf 84' lang='lat' dir='ltr'><strong>eos</strong></span> <span class='ocrx_word' id='word_1_39' title='bbox 798 730 885 802; x_wconf 81' lang='lat' dir='ltr'><strong>qui</strong></span> <span class='ocrx_word' id='word_1_40' title='bbox 913 728 982 782; x_wconf 85' lang='lat' dir='ltr'><strong>ad</strong></span> <span class='ocrx_word' id='word_1_41' title='bbox 1024 737 1070 781; x_wconf 85' lang='lat' dir='ltr'><strong>te</strong></span> <span class='ocrx_word' id='word_1_42' title='bbox 1098 727 1242 781; x_wconf 85' lang='lat' dir='ltr'><strong>missi</strong></span> <span class='ocrx_word' id='word_1_43' title='bbox 1271 734 1391 780; x_wconf 82' lang='lat' dir='ltr'><strong>sunt</strong></span> <span class='ocrx_word' id='word_1_44' title='bbox 1411 764 1424 788; x_wconf 94' lang='lat'><strong>,</strong></span> <span class='ocrx_word' id='word_1_45' title='bbox 1457 724 1651 796; x_wconf 86' lang='lat' dir='ltr'><strong>quoties</strong></span> <span class='ocrx_word' id='word_1_46' title='bbox 1679 723 1814 778; x_wconf 76' lang='lat' dir='ltr'><strong>volui</strong></span> <span class='ocrx_word' id='word_1_47' title='bbox 1841 737 2151 792; x_wconf 80' lang='lat' dir='ltr'><strong>congregare</strong></span> 
     </span>
    </p>
   </div>
   <div class='ocr_carea' id='block_1_8' title="bbox 562 812 2150 894">
    <p class='ocr_par' dir='ltr' id='par_1_8' title="bbox 562 812 2150 894">
     <span class='ocr_line' id='line_1_8' title="bbox 562 812 2150 894; baseline -0.008 -16"><span class='ocrx_word' id='word_1_48' title='bbox 562 823 702 894; x_wconf 78' lang='lat' dir='ltr'><strong>ﬁlios</strong></span> <span class='ocrx_word' id='word_1_49' title='bbox 725 829 868 886; x_wconf 83' lang='lat' dir='ltr'><strong>tuos,</strong></span> <span class='ocrx_word' id='word_1_50' title='bbox 910 821 1040 874; x_wconf 78' lang='lat' dir='ltr'><strong>sicut</strong></span> <span class='ocrx_word' id='word_1_51' title='bbox 1062 818 1262 891; x_wconf 85' lang='lat' dir='ltr'><strong>gallina</strong></span> <span class='ocrx_word' id='word_1_52' title='bbox 1287 825 1564 888; x_wconf 87' lang='lat' dir='ltr'><strong>congregat</strong></span> <span class='ocrx_word' id='word_1_53' title='bbox 1591 815 1756 887; x_wconf 88' lang='lat' dir='ltr'><strong>pullos</strong></span> <span class='ocrx_word' id='word_1_54' title='bbox 1785 829 1902 868; x_wconf 82' lang='lat' dir='ltr'><strong>suos</strong></span> <span class='ocrx_word' id='word_1_55' title='bbox 1933 812 2023 867; x_wconf 84' lang='lat' dir='ltr'><strong>sub</strong></span> <span class='ocrx_word' id='word_1_56' title='bbox 2053 812 2150 866; x_wconf 87' lang='lat' dir='ltr'><strong>alis</strong></span> 
     </span>
    </p>
   </div>
   <div class='ocr_carea' id='block_1_9' title="bbox 559 903 2145 980">
    <p class='ocr_par' dir='ltr' id='par_1_9' title="bbox 559 903 2145 980">
     <span class='ocr_line' id='line_1_9' title="bbox 559 903 2145 980; baseline -0.008 -12"><span class='ocrx_word' id='word_1_57' title='bbox 559 917 703 978; x_wconf 76' lang='lat' dir='ltr'><strong>suis,</strong></span> <span class='ocrx_word' id='word_1_58' title='bbox 729 921 779 968; x_wconf 87' lang='lat' dir='ltr'><strong>et</strong></span> <span class='ocrx_word' id='word_1_59' title='bbox 811 912 1023 968; x_wconf 75' lang='lat' dir='ltr'><strong>noluisti</strong></span> <span class='ocrx_word' id='word_1_60' title='bbox 1062 910 1275 980; x_wconf 84' lang='lat' dir='ltr'><strong>(Matth.</strong></span> <span class='ocrx_word' id='word_1_61' title='bbox 1304 925 1489 973; x_wconf 78' lang='lat' dir='ltr'><strong>xxxm,</strong></span> <span class='ocrx_word' id='word_1_62' title='bbox 1522 906 1650 978; x_wconf 78' lang='lat'><strong>57)?</strong></span> <span class='ocrx_word' id='word_1_63' title='bbox 1679 905 1924 968; x_wconf 74' lang='lat' dir='ltr'><strong>Noluisti,</strong></span> <span class='ocrx_word' id='word_1_64' title='bbox 1950 903 2145 974; x_wconf 79' lang='lat' dir='ltr'><strong>inquit,</strong></span> 
     </span>
    </p>
   </div>
   <div class='ocr_carea' id='block_1_10' title="bbox 557 995 2150 1078">
    <p class='ocr_par' dir='ltr' id='par_1_10' title="bbox 557 995 2150 1078">
     <span class='ocr_line' id='line_1_10' title="bbox 557 995 2150 1078; baseline -0.008 -16"><span class='ocrx_word' id='word_1_65' title='bbox 557 1005 708 1078; x_wconf 84' lang='lat' dir='ltr'><strong>quod</strong></span> <span class='ocrx_word' id='word_1_66' title='bbox 737 1005 879 1060; x_wconf 91' lang='lat' dir='ltr'><strong>volui</strong></span> <span class='ocrx_word' id='word_1_67' title='bbox 898 999 1158 1070; x_wconf 47' lang='lat' dir='ltr'><strong>;&#39;voluisti</strong></span> <span class='ocrx_word' id='word_1_68' title='bbox 1190 1001 1333 1071; x_wconf 88' lang='lat' dir='ltr'><strong>quod</strong></span> <span class='ocrx_word' id='word_1_69' title='bbox 1368 999 1533 1054; x_wconf 89' lang='lat' dir='ltr'><strong>nolui.</strong></span> <span class='ocrx_word' id='word_1_70' title='bbox 1568 996 1624 1052; x_wconf 92' lang='lat' dir='ltr'><strong>Si</strong></span> <span class='ocrx_word' id='word_1_71' title='bbox 1653 1011 1781 1066; x_wconf 90' lang='lat' dir='ltr'><strong>ergo</strong></span> <span class='ocrx_word' id='word_1_72' title='bbox 1811 996 1982 1051; x_wconf 79' lang='lat' dir='ltr'><strong>noluit</strong></span> <span class='ocrx_word' id='word_1_73' title='bbox 2010 995 2150 1050; x_wconf 88' lang='lat' dir='ltr'><strong>Deus</strong></span> 
     </span>
    </p>
   </div>
   <div class='ocr_carea' id='block_1_11' title="bbox 557 1089 2148 1166">
    <p class='ocr_par' dir='ltr' id='par_1_11' title="bbox 557 1089 2148 1166">
     <span class='ocr_line' id='line_1_11' title="bbox 557 1089 2148 1166; baseline -0.006 -15"><span class='ocrx_word' id='word_1_74' title='bbox 557 1096 710 1166; x_wconf 88' lang='lat' dir='ltr'><strong>quod</strong></span> <span class='ocrx_word' id='word_1_75' title='bbox 737 1097 813 1150; x_wconf 90' lang='lat' dir='ltr'><strong>illi</strong></span> <span class='ocrx_word' id='word_1_76' title='bbox 841 1096 1168 1160; x_wconf 88' lang='lat' dir='ltr'><strong>voluerunt,</strong></span> <span class='ocrx_word' id='word_1_77' title='bbox 1221 1101 1313 1147; x_wconf 89' lang='lat' dir='ltr'><strong>aut</strong></span> <span class='ocrx_word' id='word_1_78' title='bbox 1364 1100 1581 1147; x_wconf 90' lang='lat' dir='ltr'><strong>coactus</strong></span> <span class='ocrx_word' id='word_1_79' title='bbox 1629 1107 1658 1144; x_wconf 87' lang='lat' dir='ltr'><strong>a</strong></span> <span class='ocrx_word' id='word_1_80' title='bbox 1697 1089 2005 1161; x_wconf 88' lang='lat' dir='ltr'><strong>potentiore</strong></span> <span class='ocrx_word' id='word_1_81' title='bbox 2042 1089 2148 1143; x_wconf 88' lang='lat' dir='ltr'><strong>alio</strong></span> 
     </span>
    </p>
   </div>
   <div class='ocr_carea' id='block_1_12' title="bbox 563 1181 2145 1260">
    <p class='ocr_par' dir='ltr' id='par_1_12' title="bbox 563 1181 2145 1260">
     <span class='ocr_line' id='line_1_12' title="bbox 563 1181 2145 1260; baseline -0.006 -16"><span class='ocrx_word' id='word_1_82' title='bbox 563 1188 1092 1260; x_wconf 61' lang='lat' dir='ltr'><strong>praedestinationem</strong></span> <span class='ocrx_word' id='word_1_83' title='bbox 1129 1185 1434 1249; x_wconf 88' lang='lat' dir='ltr'><strong>constituit;</strong></span> <span class='ocrx_word' id='word_1_84' title='bbox 1485 1190 1576 1236; x_wconf 90' lang='lat' dir='ltr'><strong>aut</strong></span> <span class='ocrx_word' id='word_1_85' title='bbox 1613 1183 1659 1236; x_wconf 90' lang='lat' dir='ltr'><strong>si</strong></span> <span class='ocrx_word' id='word_1_86' title='bbox 1701 1183 1814 1251; x_wconf 92' lang='lat' dir='ltr'><strong>ipse</strong></span> <span class='ocrx_word' id='word_1_87' title='bbox 1850 1181 2145 1248; x_wconf 83' lang='lat' dir='ltr'><strong>constituit,</strong></span> 
     </span>
    </p>
   </div>
   <div class='ocr_carea' id='block_1_13' title="bbox 563 1275 2150 1349">
    <p class='ocr_par' dir='ltr' id='par_1_13' title="bbox 563 1275 2150 1349">
     <span class='ocr_line' id='line_1_13' title="bbox 563 1275 2150 1349; baseline -0.006 -10"><span class='ocrx_word' id='word_1_88' title='bbox 563 1282 885 1339; x_wconf 84' lang='lat' dir='ltr'><strong>calumniam</strong></span> <span class='ocrx_word' id='word_1_89' title='bbox 924 1279 1066 1337; x_wconf 74' lang='lat' dir='ltr'><strong>fecit.</strong></span> <span class='ocrx_word' id='word_1_90' title='bbox 1129 1279 1200 1334; x_wconf 84' lang='lat' dir='ltr'><strong>Ut</strong></span> <span class='ocrx_word' id='word_1_91' title='bbox 1227 1278 1354 1349; x_wconf 90' lang='lat' dir='ltr'><strong>quid</strong></span> <span class='ocrx_word' id='word_1_92' title='bbox 1394 1279 1538 1333; x_wconf 90' lang='lat' dir='ltr'><strong>enim</strong></span> <span class='ocrx_word' id='word_1_93' title='bbox 1586 1277 1714 1332; x_wconf 87' lang='lat' dir='ltr'><strong>dicit</strong></span> <span class='ocrx_word' id='word_1_94' title='bbox 1759 1276 2001 1330; x_wconf 86' lang='lat' dir='ltr'><strong>homini:</strong></span> <span class='ocrx_word' id='word_1_95' title='bbox 2035 1275 2150 1330; x_wconf 88' lang='lat' dir='ltr'><strong>Hoc</strong></span> 
     </span>
    </p>
   </div>
   <div class='ocr_carea' id='block_1_14' title="bbox 560 1368 2150 1444">
    <p class='ocr_par' dir='ltr' id='par_1_14' title="bbox 560 1368 2150 1444">
     <span class='ocr_line' id='line_1_14' title="bbox 560 1368 2150 1444; baseline -0.005 -13"><span class='ocrx_word' id='word_1_96' title='bbox 560 1375 709 1431; x_wconf 87' lang='lat' dir='ltr'><strong>volui</strong></span> <span class='ocrx_word' id='word_1_97' title='bbox 736 1375 877 1444; x_wconf 90' lang='lat' dir='ltr'><strong>quod</strong></span> <span class='ocrx_word' id='word_1_98' title='bbox 905 1373 1157 1436; x_wconf 89' lang='lat' dir='ltr'><strong>noluisti,</strong></span> <span class='ocrx_word' id='word_1_99' title='bbox 1204 1373 1249 1426; x_wconf 92' lang='lat' dir='ltr'><strong>si</strong></span> <span class='ocrx_word' id='word_1_100' title='bbox 1278 1373 1379 1427; x_wconf 88' lang='lat' dir='ltr'><strong>scit</strong></span> <span class='ocrx_word' id='word_1_101' title='bbox 1406 1387 1465 1426; x_wconf 91' lang='lat' dir='ltr'><strong>se</strong></span> <span class='ocrx_word' id='word_1_102' title='bbox 1493 1386 1615 1426; x_wconf 89' lang='lat' dir='ltr'><strong>eum</strong></span> <span class='ocrx_word' id='word_1_103' title='bbox 1647 1368 2052 1440; x_wconf 67' lang='lat' dir='ltr'><strong>prmdestinasse</strong></span> <span class='ocrx_word' id='word_1_104' title='bbox 2081 1384 2150 1423; x_wconf 90' lang='lat' dir='ltr'><strong>ne</strong></span> 
     </span>
    </p>
   </div>
   <div class='ocr_carea' id='block_1_15' title="bbox 559 1460 2148 1533">
    <p class='ocr_par' dir='ltr' id='par_1_15' title="bbox 559 1460 2148 1533">
     <span class='ocr_line' id='line_1_15' title="bbox 559 1460 2148 1533; baseline -0.004 -11"><span class='ocrx_word' id='word_1_105' title='bbox 559 1468 759 1522; x_wconf 84' lang='lat' dir='ltr'><strong>vellet?</strong></span> <span class='ocrx_word' id='word_1_106' title='bbox 801 1467 1104 1522; x_wconf 88' lang='lat' dir='ltr'><strong>Secundum</strong></span> <span class='ocrx_word' id='word_1_107' title='bbox 1145 1473 1376 1522; x_wconf 82' lang='lat' dir='ltr'><strong>vestram</strong></span> <span class='ocrx_word' id='word_1_108' title='bbox 1413 1463 1799 1533; x_wconf 83' lang='lat' dir='ltr'><strong>blasphemiam</strong></span> <span class='ocrx_word' id='word_1_109' title='bbox 1842 1460 2148 1517; x_wconf 82' lang='lat' dir='ltr'><strong>excluditur</strong></span> 
     </span>
    </p>
   </div>
   <div class='ocr_carea' id='block_1_16' title="bbox 555 1538 2150 1628">
    <p class='ocr_par' dir='ltr' id='par_1_16' title="bbox 555 1538 2150 1628">
     <span class='ocr_line' id='line_1_16' title="bbox 555 1538 2150 1628; baseline -0.004 -12"><span class='ocrx_word' id='word_1_110' title='bbox 555 1567 747 1624; x_wconf 56' lang='lat' dir='ltr'><strong>reatus</strong></span> <span class='ocrx_word' id='word_1_111' title='bbox 772 1560 1033 1622; x_wconf 89' lang='lat' dir='ltr'><strong>hominis,</strong></span> <span class='ocrx_word' id='word_1_112' title='bbox 1069 1538 1123 1613; x_wconf 83' lang='lat' dir='ltr'><strong>et</strong></span> <span class='ocrx_word' id='word_1_113' title='bbox 1164 1565 1388 1628; x_wconf 83' lang='lat' dir='ltr'><strong>apparet</strong></span> <span class='ocrx_word' id='word_1_114' title='bbox 1417 1556 1681 1612; x_wconf 82' lang='lat' dir='ltr'><strong>calumnia</strong></span> <span class='ocrx_word' id='word_1_115' title='bbox 1711 1556 1806 1610; x_wconf 90' lang='lat' dir='ltr'><strong>Dei</strong></span> <span class='ocrx_word' id='word_1_116' title='bbox 1833 1574 1844 1608; x_wconf 92' lang='lat'>:</span> <span class='ocrx_word' id='word_1_117' title='bbox 1878 1563 1931 1610; x_wconf 92' lang='lat' dir='ltr'><strong>et</strong></span> <span class='ocrx_word' id='word_1_118' title='bbox 1959 1556 2150 1626; x_wconf 91' lang='lat' dir='ltr'><strong>proba-</strong></span> 
     </span>
    </p>
   </div>
   <div class='ocr_carea' id='block_1_17' title="bbox 561 1647 2143 1720">
    <p class='ocr_par' dir='ltr' id='par_1_17' title="bbox 561 1647 2143 1720">
     <span class='ocr_line' id='line_1_17' title="bbox 561 1647 2143 1720; baseline -0.003 -15"><span class='ocrx_word' id='word_1_119' title='bbox 561 1658 654 1707; x_wconf 86' lang='lat' dir='ltr'><strong>tur</strong></span> <span class='ocrx_word' id='word_1_120' title='bbox 700 1652 954 1707; x_wconf 90' lang='lat' dir='ltr'><strong>innocens</strong></span> <span class='ocrx_word' id='word_1_121' title='bbox 1001 1651 1092 1720; x_wconf 91' lang='lat' dir='ltr'><strong>qui</strong></span> <span class='ocrx_word' id='word_1_122' title='bbox 1141 1650 1437 1718; x_wconf 87' lang='lat' dir='ltr'><strong>delinquit,</strong></span> <span class='ocrx_word' id='word_1_123' title='bbox 1487 1655 1542 1703; x_wconf 92' lang='lat' dir='ltr'><strong>et</strong></span> <span class='ocrx_word' id='word_1_124' title='bbox 1587 1647 1813 1718; x_wconf 90' lang='lat' dir='ltr'><strong>injustus</strong></span> <span class='ocrx_word' id='word_1_125' title='bbox 1854 1649 1944 1716; x_wconf 87' lang='lat' dir='ltr'><strong>qui</strong></span> <span class='ocrx_word' id='word_1_126' title='bbox 1973 1648 2143 1717; x_wconf 90' lang='lat' dir='ltr'><strong>punit.</strong></span> 
     </span>
    </p>
   </div>
   <div class='ocr_carea' id='block_1_18' title="bbox 558 1741 2148 1812">
    <p class='ocr_par' dir='ltr' id='par_1_18' title="bbox 558 1741 2148 1812">
     <span class='ocr_line' id='line_1_18' title="bbox 558 1741 2148 1812; baseline -0.003 -13"><span class='ocrx_word' id='word_1_127' title='bbox 558 1742 858 1799; x_wconf 86' lang='lat' dir='ltr'><strong>Dolendum</strong></span> <span class='ocrx_word' id='word_1_128' title='bbox 904 1744 1045 1797; x_wconf 90' lang='lat' dir='ltr'><strong>enim</strong></span> <span class='ocrx_word' id='word_1_129' title='bbox 1094 1750 1176 1797; x_wconf 90' lang='lat' dir='ltr'><strong>est</strong></span> <span class='ocrx_word' id='word_1_130' title='bbox 1222 1741 1466 1812; x_wconf 87' lang='lat' dir='ltr'><strong>peccanti</strong></span> <span class='ocrx_word' id='word_1_131' title='bbox 1510 1741 1692 1811; x_wconf 89' lang='lat' dir='ltr'><strong>potius</strong></span> <span class='ocrx_word' id='word_1_132' title='bbox 1716 1756 1874 1810; x_wconf 87' lang='lat' dir='ltr'><strong>quam</strong></span> <span class='ocrx_word' id='word_1_133' title='bbox 1906 1741 2148 1796; x_wconf 90' lang='lat' dir='ltr'><strong>irascen-</strong></span> 
     </span>
    </p>
   </div>
   <div class='ocr_carea' id='block_1_19' title="bbox 2250 533 3855 616">
    <p class='ocr_par' dir='ltr' id='par_1_19' title="bbox 2250 533 3855 616">
     <span class='ocr_line' id='line_1_19' title="bbox 2250 533 3855 616; baseline 0.01 -29"><span class='ocrx_word' id='word_1_134' title='bbox 2250 533 2381 588; x_wconf 80' lang='lat' dir='ltr'><strong>bent</strong></span> <span class='ocrx_word' id='word_1_135' title='bbox 2409 535 2630 591; x_wconf 90' lang='lat' dir='ltr'><strong>omnino</strong></span> <span class='ocrx_word' id='word_1_136' title='bbox 2668 552 2954 594; x_wconf 89' lang='lat' dir='ltr'><strong>commune</strong></span> <span class='ocrx_word' id='word_1_137' title='bbox 2992 543 3364 611; x_wconf 68' lang='lat' dir='ltr'><strong>praevaricatio</strong></span> <span class='ocrx_word' id='word_1_138' title='bbox 3401 543 3759 616; x_wconf 84' lang='lat' dir='ltr'><strong>delinquentis</strong></span> <span class='ocrx_word' id='word_1_139' title='bbox 3790 554 3855 603; x_wconf 76' lang='lat' dir='ltr'><strong>et</strong></span> 
     </span>
    </p>
   </div>
   <div class='ocr_carea' id='block_1_20' title="bbox 2251 626 3849 706">
    <p class='ocr_par' dir='ltr' id='par_1_20' title="bbox 2251 626 3849 706">
     <span class='ocr_line' id='line_1_20' title="bbox 2251 626 3849 706; baseline 0.01 -27"><span class='ocrx_word' id='word_1_140' title='bbox 2251 626 2654 697; x_wconf 72' lang='lat' dir='ltr'><strong>pnedestinatio</strong></span> <span class='ocrx_word' id='word_1_141' title='bbox 2692 629 3010 688; x_wconf 86' lang='lat' dir='ltr'><strong>vindicantis</strong></span> <span class='ocrx_word' id='word_1_142' title='bbox 3035 651 3048 686; x_wconf 91' lang='lat'><strong>:</strong></span> <span class='ocrx_word' id='word_1_143' title='bbox 3098 635 3223 703; x_wconf 87' lang='lat' dir='ltr'><strong>quia</strong></span> <span class='ocrx_word' id='word_1_144' title='bbox 3252 645 3530 706; x_wconf 90' lang='lat' dir='ltr'><strong>peccatum</strong></span> <span class='ocrx_word' id='word_1_145' title='bbox 3559 637 3614 694; x_wconf 93' lang='lat' dir='ltr'><strong>in</strong></span> <span class='ocrx_word' id='word_1_146' title='bbox 3643 639 3849 695; x_wconf 83' lang='lat' dir='ltr'><strong>volun-</strong></span> 
     </span>
    </p>
   </div>
   <div class='ocr_carea' id='block_1_21' title="bbox 2249 721 3849 796">
    <p class='ocr_par' dir='ltr' id='par_1_21' title="bbox 2249 721 3849 796">
     <span class='ocr_line' id='line_1_21' title="bbox 2249 721 3849 796; baseline 0.011 -25"><span class='ocrx_word' id='word_1_147' title='bbox 2249 724 2361 773; x_wconf 86' lang='lat' dir='ltr'><strong>tate</strong></span> <span class='ocrx_word' id='word_1_148' title='bbox 2408 721 2820 789; x_wconf 83' lang='lat' dir='ltr'><strong>transgressoris</strong></span> <span class='ocrx_word' id='word_1_149' title='bbox 2861 731 2975 792; x_wconf 90' lang='lat' dir='ltr'><strong>est,</strong></span> <span class='ocrx_word' id='word_1_150' title='bbox 3019 726 3421 796; x_wconf 72' lang='lat' dir='ltr'><strong>pnedestinatio</strong></span> <span class='ocrx_word' id='word_1_151' title='bbox 3460 738 3638 786; x_wconf 89' lang='lat' dir='ltr'><strong>autem</strong></span> <span class='ocrx_word' id='word_1_152' title='bbox 3668 731 3724 787; x_wconf 92' lang='lat' dir='ltr'><strong>in</strong></span> <span class='ocrx_word' id='word_1_153' title='bbox 3750 748 3849 788; x_wconf 81' lang='lat' dir='ltr'><strong>re-</strong></span> 
     </span>
    </p>
   </div>
   <div class='ocr_carea' id='block_1_22' title="bbox 2250 811 3850 898">
    <p class='ocr_par' dir='ltr' id='par_1_22' title="bbox 2250 811 3850 898">
     <span class='ocr_line' id='line_1_22' title="bbox 2250 811 3850 898; baseline 0.011 -32"><span class='ocrx_word' id='word_1_154' title='bbox 2250 811 2546 883; x_wconf 89' lang='lat' dir='ltr'><strong>demptoris</strong></span> <span class='ocrx_word' id='word_1_155' title='bbox 2573 821 2656 869; x_wconf 85' lang='lat' dir='ltr'><strong>est</strong></span> <span class='ocrx_word' id='word_1_156' title='bbox 2684 815 2933 872; x_wconf 87' lang='lat' dir='ltr'><strong>ordinata</strong></span> <span class='ocrx_word' id='word_1_157' title='bbox 2960 818 3177 876; x_wconf 85' lang='lat' dir='ltr'><strong>virtute.</strong></span> <span class='ocrx_word' id='word_1_158' title='bbox 3208 821 3326 878; x_wconf 91' lang='lat' dir='ltr'><strong>Non</strong></span> <span class='ocrx_word' id='word_1_159' title='bbox 3355 823 3499 879; x_wconf 90' lang='lat' dir='ltr'><strong>enim</strong></span> <span class='ocrx_word' id='word_1_160' title='bbox 3528 825 3670 882; x_wconf 88' lang='lat' dir='ltr'><strong>aliud</strong></span> <span class='ocrx_word' id='word_1_161' title='bbox 3701 843 3850 898; x_wconf 75' lang='lat' dir='ltr'><strong>prae-</strong></span> 
     </span>
    </p>
   </div>
   <div class='ocr_carea' id='block_1_23' title="bbox 2250 904 3852 989">
    <p class='ocr_par' dir='ltr' id='par_1_23' title="bbox 2250 904 3852 989">
     <span class='ocr_line' id='line_1_23' title="bbox 2250 904 3852 989; baseline 0.01 -30"><span class='ocrx_word' id='word_1_162' title='bbox 2250 904 2542 961; x_wconf 87' lang='lat' dir='ltr'><strong>destinavit</strong></span> <span class='ocrx_word' id='word_1_163' title='bbox 2585 908 2686 963; x_wconf 90' lang='lat' dir='ltr'><strong>iste</strong></span> <span class='ocrx_word' id='word_1_164' title='bbox 2728 909 2819 978; x_wconf 90' lang='lat' dir='ltr'><strong>qui</strong></span> <span class='ocrx_word' id='word_1_165' title='bbox 2868 911 3131 980; x_wconf 90' lang='lat' dir='ltr'><strong>condidit,</strong></span> <span class='ocrx_word' id='word_1_166' title='bbox 3171 914 3274 970; x_wconf 89' lang='lat' dir='ltr'><strong>nisi</strong></span> <span class='ocrx_word' id='word_1_167' title='bbox 3317 923 3376 970; x_wconf 92' lang='lat' dir='ltr'><strong>ut</strong></span> <span class='ocrx_word' id='word_1_168' title='bbox 3403 917 3694 973; x_wconf 87' lang='lat' dir='ltr'><strong>secundum</strong></span> <span class='ocrx_word' id='word_1_169' title='bbox 3721 919 3852 989; x_wconf 88' lang='lat' dir='ltr'><strong>ejus</strong></span> 
     </span>
    </p>
   </div>
   <div class='ocr_carea' id='block_1_24' title="bbox 2250 995 3851 1079">
    <p class='ocr_par' dir='ltr' id='par_1_24' title="bbox 2250 995 3851 1079">
     <span class='ocr_line' id='line_1_24' title="bbox 2250 995 3851 1079; baseline 0.011 -28"><span class='ocrx_word' id='word_1_170' title='bbox 2250 995 2413 1054; x_wconf 90' lang='lat' dir='ltr'><strong>homo</strong></span> <span class='ocrx_word' id='word_1_171' title='bbox 2442 1001 2613 1070; x_wconf 86' lang='lat' dir='ltr'><strong>possit</strong></span> <span class='ocrx_word' id='word_1_172' title='bbox 2641 1001 2823 1058; x_wconf 84' lang='lat' dir='ltr'><strong>vivere</strong></span> <span class='ocrx_word' id='word_1_173' title='bbox 2849 1004 3200 1062; x_wconf 86' lang='lat' dir='ltr'><strong>voluntatem.</strong></span> <span class='ocrx_word' id='word_1_174' title='bbox 3254 1008 3414 1066; x_wconf 73' lang='lat' dir='ltr'><strong>Nefas</strong></span> <span class='ocrx_word' id='word_1_175' title='bbox 3456 1017 3539 1066; x_wconf 91' lang='lat' dir='ltr'><strong>est</strong></span> <span class='ocrx_word' id='word_1_176' title='bbox 3578 1011 3750 1079; x_wconf 90' lang='lat' dir='ltr'><strong>enim,</strong></span> <span class='ocrx_word' id='word_1_177' title='bbox 3785 1021 3851 1069; x_wconf 76' lang='lat' dir='ltr'><strong>et</strong></span> 
     </span>
    </p>
   </div>
   <div class='ocr_carea' id='block_1_25' title="bbox 2252 1089 3849 1173">
    <p class='ocr_par' dir='ltr' id='par_1_25' title="bbox 2252 1089 3849 1173">
     <span class='ocr_line' id='line_1_25' title="bbox 2252 1089 3849 1173; baseline 0.013 -31"><span class='ocrx_word' id='word_1_178' title='bbox 2252 1089 2410 1145; x_wconf 83' lang='lat' dir='ltr'><strong>nimis</strong></span> <span class='ocrx_word' id='word_1_179' title='bbox 2430 1099 2512 1146; x_wconf 89' lang='lat' dir='ltr'><strong>est</strong></span> <span class='ocrx_word' id='word_1_180' title='bbox 2542 1093 2912 1162; x_wconf 91' lang='lat' dir='ltr'><strong>criminosum,</strong></span> <span class='ocrx_word' id='word_1_181' title='bbox 2945 1106 3005 1153; x_wconf 90' lang='lat' dir='ltr'><strong>ut</strong></span> <span class='ocrx_word' id='word_1_182' title='bbox 3032 1102 3380 1173; x_wconf 63' lang='lat' dir='ltr'><strong>praesumptio</strong></span> <span class='ocrx_word' id='word_1_183' title='bbox 3399 1102 3630 1159; x_wconf 87' lang='lat' dir='ltr'><strong>hominis</strong></span> <span class='ocrx_word' id='word_1_184' title='bbox 3645 1121 3718 1160; x_wconf 81' lang='lat' dir='ltr'><strong>ex</strong></span> <span class='ocrx_word' id='word_1_185' title='bbox 3740 1105 3849 1162; x_wconf 89' lang='lat' dir='ltr'><strong>Dei</strong></span> 
     </span>
    </p>
   </div>
   <div class='ocr_carea' id='block_1_26' title="bbox 2250 1182 3848 1268">
    <p class='ocr_par' dir='ltr' id='par_1_26' title="bbox 2250 1182 3848 1268">
     <span class='ocr_line' id='line_1_26' title="bbox 2250 1182 3848 1268; baseline 0.012 -32"><span class='ocrx_word' id='word_1_186' title='bbox 2250 1182 2502 1238; x_wconf 86' lang='lat' dir='ltr'><strong>credatur</strong></span> <span class='ocrx_word' id='word_1_187' title='bbox 2536 1186 3004 1254; x_wconf 74' lang='lat' dir='ltr'><strong>prtedestinatione</strong></span> <span class='ocrx_word' id='word_1_188' title='bbox 3028 1191 3377 1262; x_wconf 87' lang='lat' dir='ltr'><strong>descendere,</strong></span> <span class='ocrx_word' id='word_1_189' title='bbox 3403 1206 3458 1252; x_wconf 91' lang='lat' dir='ltr'><strong>et</strong></span> <span class='ocrx_word' id='word_1_190' title='bbox 3477 1197 3848 1268; x_wconf 86' lang='lat' dir='ltr'><strong>delinquentis</strong></span> 
     </span>
    </p>
   </div>
   <div class='ocr_carea' id='block_1_27' title="bbox 2249 1273 3851 1354">
    <p class='ocr_par' dir='ltr' id='par_1_27' title="bbox 2249 1273 3851 1354">
     <span class='ocr_line' id='line_1_27' title="bbox 2249 1273 3851 1354; baseline 0.014 -27"><span class='ocrx_word' id='word_1_191' title='bbox 2249 1273 2437 1330; x_wconf 89' lang='lat' dir='ltr'><strong>vitium</strong></span> <span class='ocrx_word' id='word_1_192' title='bbox 2484 1279 2866 1349; x_wconf 70' lang='lat' dir='ltr'><strong>prteordinatio</strong></span> <span class='ocrx_word' id='word_1_193' title='bbox 2903 1282 3065 1338; x_wconf 84' lang='lat' dir='ltr'><strong>futuri</strong></span> <span class='ocrx_word' id='word_1_194' title='bbox 3105 1284 3302 1354; x_wconf 89' lang='lat' dir='ltr'><strong>judicis</strong></span> <span class='ocrx_word' id='word_1_195' title='bbox 3344 1289 3656 1345; x_wconf 70' lang='lat' dir='ltr'><strong>aestimetur.</strong></span> <span class='ocrx_word' id='word_1_196' title='bbox 3686 1301 3710 1330; x_wconf 70' lang='grc' dir='ltr'><strong>ε</strong></span> <span class='ocrx_word' id='word_1_197' title='bbox 3733 1289 3851 1348; x_wconf 81' lang='lat' dir='ltr'><strong>0c-</strong></span> 
     </span>
    </p>
   </div>
   <div class='ocr_carea' id='block_1_28' title="bbox 2251 1373 3851 1452">
    <p class='ocr_par' dir='ltr' id='par_1_28' title="bbox 2251 1373 3851 1452">
     <span class='ocr_line' id='line_1_28' title="bbox 2251 1373 3851 1452; baseline 0.011 -28"><span class='ocrx_word' id='word_1_198' title='bbox 2251 1379 2473 1426; x_wconf 89' lang='lat' dir='ltr'><strong>currunt</strong></span> <span class='ocrx_word' id='word_1_199' title='bbox 2499 1373 2604 1429; x_wconf 91' lang='lat' dir='ltr'><strong>hoc</strong></span> <span class='ocrx_word' id='word_1_200' title='bbox 2631 1374 2772 1444; x_wconf 90' lang='lat' dir='ltr'><strong>loco,</strong></span> <span class='ocrx_word' id='word_1_201' title='bbox 2805 1385 2859 1432; x_wconf 91' lang='lat' dir='ltr'><strong>et</strong></span> <span class='ocrx_word' id='word_1_202' title='bbox 2886 1376 3069 1433; x_wconf 89' lang='lat' dir='ltr'><strong>dicunt</strong></span> <span class='ocrx_word' id='word_1_203' title='bbox 3100 1397 3112 1432; x_wconf 92' lang='lat'>:</span> <span class='ocrx_word' id='word_1_204' title='bbox 3145 1378 3250 1436; x_wconf 88' lang='lat' dir='ltr'><strong>Per</strong></span> <span class='ocrx_word' id='word_1_205' title='bbox 3275 1383 3666 1452; x_wconf 70' lang='lat' dir='ltr'><strong>praescientiam</strong></span> <span class='ocrx_word' id='word_1_206' title='bbox 3693 1385 3851 1441; x_wconf 85' lang='lat' dir='ltr'><strong>Deus</strong></span> 
     </span>
    </p>
   </div>
   <div class='ocr_carea' id='block_1_29' title="bbox 2251 1465 3847 1550">
    <p class='ocr_par' dir='ltr' id='par_1_29' title="bbox 2251 1465 3847 1550">
     <span class='ocr_line' id='line_1_29' title="bbox 2251 1465 3847 1550; baseline 0.011 -32"><span class='ocrx_word' id='word_1_207' title='bbox 2251 1465 2779 1535; x_wconf 83' lang='lat' dir='ltr'><strong>praedestinationem</strong></span> <span class='ocrx_word' id='word_1_208' title='bbox 2821 1486 2973 1526; x_wconf 89' lang='lat' dir='ltr'><strong>suam</strong></span> <span class='ocrx_word' id='word_1_209' title='bbox 3016 1474 3313 1530; x_wconf 88' lang='lat' dir='ltr'><strong>constituit.</strong></span> <span class='ocrx_word' id='word_1_210' title='bbox 3362 1475 3496 1530; x_wconf 89' lang='lat' dir='ltr'><strong>Nam</strong></span> <span class='ocrx_word' id='word_1_211' title='bbox 3530 1492 3666 1548; x_wconf 89' lang='lat' dir='ltr'><strong>quos</strong></span> <span class='ocrx_word' id='word_1_212' title='bbox 3695 1495 3847 1550; x_wconf 69' lang='lat' dir='ltr'><strong>prae-</strong></span> 
     </span>
    </p>
   </div>
   <div class='ocr_carea' id='block_1_30' title="bbox 2251 1555 3848 1636">
    <p class='ocr_par' dir='ltr' id='par_1_30' title="bbox 2251 1555 3848 1636">
     <span class='ocr_line' id='line_1_30' title="bbox 2251 1555 3848 1636; baseline 0.011 -28"><span class='ocrx_word' id='word_1_213' title='bbox 2251 1555 2372 1610; x_wconf 89' lang='lat' dir='ltr'><strong>sciit</strong></span> <span class='ocrx_word' id='word_1_214' title='bbox 2394 1557 2540 1612; x_wconf 93' lang='lat' dir='ltr'><strong>nullo</strong></span> <span class='ocrx_word' id='word_1_215' title='bbox 2566 1558 2728 1615; x_wconf 92' lang='lat' dir='ltr'><strong>modo</strong></span> <span class='ocrx_word' id='word_1_216' title='bbox 2757 1563 3017 1630; x_wconf 88' lang='lat' dir='ltr'><strong>converti,</strong></span> <span class='ocrx_word' id='word_1_217' title='bbox 3050 1565 3150 1621; x_wconf 90' lang='lat' dir='ltr'><strong>hos</strong></span> <span class='ocrx_word' id='word_1_218' title='bbox 3175 1567 3572 1636; x_wconf 75' lang='lat' dir='ltr'><strong>praedestinavit</strong></span> <span class='ocrx_word' id='word_1_219' title='bbox 3595 1569 3664 1625; x_wconf 89' lang='lat' dir='ltr'><strong>ad</strong></span> <span class='ocrx_word' id='word_1_220' title='bbox 3691 1587 3848 1627; x_wconf 86' lang='lat' dir='ltr'><strong>mor-</strong></span> 
     </span>
    </p>
   </div>
   <div class='ocr_carea' id='block_1_31' title="bbox 2251 1655 3850 1734">
    <p class='ocr_par' dir='ltr' id='par_1_31' title="bbox 2251 1655 3850 1734">
     <span class='ocr_line' id='line_1_31' title="bbox 2251 1655 3850 1734; baseline 0.01 -31"><span class='ocrx_word' id='word_1_221' title='bbox 2251 1657 2389 1716; x_wconf 90' lang='lat' dir='ltr'><strong>tem;</strong></span> <span class='ocrx_word' id='word_1_222' title='bbox 2424 1660 2478 1705; x_wconf 89' lang='lat' dir='ltr'><strong>et</strong></span> <span class='ocrx_word' id='word_1_223' title='bbox 2506 1667 2640 1720; x_wconf 92' lang='lat' dir='ltr'><strong>quos</strong></span> <span class='ocrx_word' id='word_1_224' title='bbox 2669 1655 2903 1724; x_wconf 63' lang='lat' dir='ltr'><strong>praesciit</strong></span> <span class='ocrx_word' id='word_1_225' title='bbox 2931 1657 3240 1714; x_wconf 91' lang='lat' dir='ltr'><strong>omnimodo</strong></span> <span class='ocrx_word' id='word_1_226' title='bbox 3272 1661 3542 1728; x_wconf 87' lang='lat' dir='ltr'><strong>converti,</strong></span> <span class='ocrx_word' id='word_1_227' title='bbox 3582 1662 3682 1718; x_wconf 89' lang='lat' dir='ltr'><strong>hos</strong></span> <span class='ocrx_word' id='word_1_228' title='bbox 3706 1679 3850 1734; x_wconf 64' lang='lat' dir='ltr'><strong>pm</strong></span> 
     </span>
    </p>
   </div>
   <div class='ocr_carea' id='block_1_32' title="bbox 2253 1744 3848 1826">
    <p class='ocr_par' dir='ltr' id='par_1_32' title="bbox 2253 1744 3848 1826">
     <span class='ocr_line' id='line_1_32' title="bbox 2253 1744 3848 1826; baseline 0.009 -29"><span class='ocrx_word' id='word_1_229' title='bbox 2253 1744 2546 1799; x_wconf 86' lang='lat' dir='ltr'><strong>destinavit</strong></span> <span class='ocrx_word' id='word_1_230' title='bbox 2575 1746 2640 1801; x_wconf 89' lang='lat' dir='ltr'><strong>ad</strong></span> <span class='ocrx_word' id='word_1_231' title='bbox 2665 1747 2850 1802; x_wconf 90' lang='lat' dir='ltr'><strong>vitam.</strong></span> <span class='ocrx_word' id='word_1_232' title='bbox 2885 1747 2910 1786; x_wconf 78' lang='grc' dir='ltr'>ἀ</span> <span class='ocrx_word' id='word_1_233' title='bbox 2944 1749 3231 1807; x_wconf 86' lang='lat' dir='ltr'><strong>Videamus</strong></span> <span class='ocrx_word' id='word_1_234' title='bbox 3260 1769 3400 1809; x_wconf 86' lang='lat' dir='ltr'><strong>nunc</strong></span> <span class='ocrx_word' id='word_1_235' title='bbox 3429 1754 3474 1808; x_wconf 89' lang='lat' dir='ltr'><strong>si</strong></span> <span class='ocrx_word' id='word_1_236' title='bbox 3503 1769 3610 1810; x_wconf 91' lang='lat' dir='ltr'><strong>non</strong></span> <span class='ocrx_word' id='word_1_237' title='bbox 3641 1754 3848 1826; x_wconf 88' lang='lat' dir='ltr'><strong>iniquis</strong></span> 
     </span>
    </p>
   </div>
   <div class='ocr_carea' id='block_1_33' title="bbox 557 1830 3846 1918">
    <p class='ocr_par' dir='ltr' id='par_1_33' title="bbox 557 1830 3846 1918">
     <span class='ocr_line' id='line_1_33' title="bbox 557 1830 3846 1918; baseline 0.005 -29"><span class='ocrx_word' id='word_1_238' title='bbox 557 1833 715 1901; x_wconf 87' lang='lat' dir='ltr'><strong>dum,</strong></span> <span class='ocrx_word' id='word_1_239' title='bbox 763 1835 887 1904; x_wconf 90' lang='lat' dir='ltr'><strong>quia</strong></span> <span class='ocrx_word' id='word_1_240' title='bbox 916 1835 1023 1888; x_wconf 93' lang='lat' dir='ltr'><strong>vim</strong></span> <span class='ocrx_word' id='word_1_241' title='bbox 1053 1849 1244 1903; x_wconf 88' lang='lat' dir='ltr'><strong>passus</strong></span> <span class='ocrx_word' id='word_1_242' title='bbox 1277 1841 1358 1888; x_wconf 88' lang='lat' dir='ltr'><strong>est</strong></span> <span class='ocrx_word' id='word_1_243' title='bbox 1386 1848 1416 1886; x_wconf 91' lang='lat' dir='ltr'><strong>a</strong></span> <span class='ocrx_word' id='word_1_244' title='bbox 1445 1832 1915 1902; x_wconf 68' lang='lat' dir='ltr'><strong>przedestinatione</strong></span> <span class='ocrx_word' id='word_1_245' title='bbox 1943 1830 2141 1897; x_wconf 89' lang='lat' dir='ltr'><strong>divina,</strong></span> <span class='ocrx_word' id='word_1_246' title='bbox 2177 1832 2221 1892; x_wconf 83' lang='grc' dir='ltr'><strong><em>Β</em></strong></span> <span class='ocrx_word' id='word_1_247' title='bbox 2251 1838 2564 1906; x_wconf 80' lang='lat' dir='ltr'><strong>ambagibus</strong></span> <span class='ocrx_word' id='word_1_248' title='bbox 2626 1839 2887 1909; x_wconf 87' lang='lat' dir='ltr'><strong>judicium</strong></span> <span class='ocrx_word' id='word_1_249' title='bbox 2943 1843 3038 1898; x_wconf 89' lang='lat' dir='ltr'><strong>Dei</strong></span> <span class='ocrx_word' id='word_1_250' title='bbox 3101 1844 3168 1899; x_wconf 92' lang='lat' dir='ltr'><strong>ad</strong></span> <span class='ocrx_word' id='word_1_251' title='bbox 3208 1845 3575 1916; x_wconf 69' lang='lat' dir='ltr'><strong>praajudicium</strong></span> <span class='ocrx_word' id='word_1_252' title='bbox 3615 1846 3846 1918; x_wconf 66' lang='lat' dir='ltr'><strong>justitia:</strong></span> 
     </span>
    </p>
   </div>
   <div class='ocr_carea' id='block_1_34' title="bbox 554 1925 2149 1998">
    <p class='ocr_par' dir='ltr' id='par_1_34' title="bbox 554 1925 2149 1998">
     <span class='ocr_line' id='line_1_34' title="bbox 554 1925 2149 1998; baseline -0.002 -15"><span class='ocrx_word' id='word_1_253' title='bbox 554 1941 680 1983; x_wconf 90' lang='lat' dir='ltr'><strong>cum</strong></span> <span class='ocrx_word' id='word_1_254' title='bbox 706 1935 888 1982; x_wconf 89' lang='lat' dir='ltr'><strong>rueret</strong></span> <span class='ocrx_word' id='word_1_255' title='bbox 917 1927 983 1982; x_wconf 89' lang='lat' dir='ltr'><strong>ad</strong></span> <span class='ocrx_word' id='word_1_256' title='bbox 1004 1927 1297 1998; x_wconf 63' lang='lat' dir='ltr'><strong>praecipitia</strong></span> <span class='ocrx_word' id='word_1_257' title='bbox 1327 1926 1630 1983; x_wconf 87' lang='lat' dir='ltr'><strong>criminum.</strong></span> <span class='ocrx_word' id='word_1_258' title='bbox 1669 1925 1784 1981; x_wconf 87' lang='lat' dir='ltr'><strong>Hoc</strong></span> <span class='ocrx_word' id='word_1_259' title='bbox 1812 1927 1954 1980; x_wconf 91' lang='lat' dir='ltr'><strong>enim</strong></span> <span class='ocrx_word' id='word_1_260' title='bbox 1981 1925 2149 1980; x_wconf 88' lang='lat' dir='ltr'><strong>voluit</strong></span> 
     </span>
    </p>
   </div>
   <div class='ocr_carea' id='block_1_35' title="bbox 554 2019 2140 2092">
    <p class='ocr_par' dir='ltr' id='par_1_35' title="bbox 554 2019 2140 2092">
     <span class='ocr_line' id='line_1_35' title="bbox 554 2019 2140 2092; baseline -0.002 -16"><span class='ocrx_word' id='word_1_261' title='bbox 554 2021 648 2092; x_wconf 92' lang='lat' dir='ltr'><strong>qui</strong></span> <span class='ocrx_word' id='word_1_262' title='bbox 692 2023 927 2087; x_wconf 87' lang='lat' dir='ltr'><strong>creavit;</strong></span> <span class='ocrx_word' id='word_1_263' title='bbox 975 2022 1067 2090; x_wconf 90' lang='lat' dir='ltr'><strong>qui</strong></span> <span class='ocrx_word' id='word_1_264' title='bbox 1120 2022 1264 2076; x_wconf 90' lang='lat' dir='ltr'><strong>enim</strong></span> <span class='ocrx_word' id='word_1_265' title='bbox 1310 2021 1542 2086; x_wconf 90' lang='lat' dir='ltr'><strong>creavit,</strong></span> <span class='ocrx_word' id='word_1_266' title='bbox 1580 2021 1694 2090; x_wconf 91' lang='lat' dir='ltr'><strong>ipse</strong></span> <span class='ocrx_word' id='word_1_267' title='bbox 1723 2019 2140 2090; x_wconf 50' lang='lat' dir='ltr'><strong>praedestinavit.</strong></span> 
     </span>
    </p>
   </div>
   <div class='ocr_carea' id='block_1_36' title="bbox 554 2111 2145 2180">
    <p class='ocr_par' dir='ltr' id='par_1_36' title="bbox 554 2111 2145 2180">
     <span class='ocr_line' id='line_1_36' title="bbox 554 2111 2145 2180; baseline -0.003 -12"><span class='ocrx_word' id='word_1_268' title='bbox 554 2111 710 2180; x_wconf 85' lang='lat' dir='ltr'><strong>Quod</strong></span> <span class='ocrx_word' id='word_1_269' title='bbox 739 2113 785 2168; x_wconf 89' lang='lat' dir='ltr'><strong>si</strong></span> <span class='ocrx_word' id='word_1_270' title='bbox 823 2114 897 2168; x_wconf 89' lang='lat' dir='ltr'><strong>ita</strong></span> <span class='ocrx_word' id='word_1_271' title='bbox 928 2122 1040 2180; x_wconf 90' lang='lat' dir='ltr'><strong>est,</strong></span> <span class='ocrx_word' id='word_1_272' title='bbox 1091 2119 1303 2168; x_wconf 84' lang='lat' dir='ltr'><strong>constat</strong></span> <span class='ocrx_word' id='word_1_273' title='bbox 1345 2129 1452 2168; x_wconf 91' lang='lat' dir='ltr'><strong>non</strong></span> <span class='ocrx_word' id='word_1_274' title='bbox 1483 2128 1637 2168; x_wconf 92' lang='lat' dir='ltr'><strong>suum</strong></span> <span class='ocrx_word' id='word_1_275' title='bbox 1664 2127 1781 2168; x_wconf 90' lang='lat' dir='ltr'><strong>esse</strong></span> <span class='ocrx_word' id='word_1_276' title='bbox 1810 2112 1998 2165; x_wconf 89' lang='lat' dir='ltr'><strong>vitium</strong></span> <span class='ocrx_word' id='word_1_277' title='bbox 2028 2127 2145 2166; x_wconf 80' lang='lat' dir='ltr'><strong>om-</strong></span> 
     </span>
    </p>
   </div>
   <div class='ocr_carea' id='block_1_37' title="bbox 519 2179 2145 2276">
    <p class='ocr_par' dir='ltr' id='par_1_37' title="bbox 519 2179 2145 2276">
     <span class='ocr_line' id='line_1_37' title="bbox 519 2179 2145 2276; baseline -0.001 -17"><span class='ocrx_word' id='word_1_278' title='bbox 519 2179 683 2260; x_wconf 33' lang='lat' dir='ltr'><strong>[nino</strong></span> <span class='ocrx_word' id='word_1_279' title='bbox 733 2204 822 2276; x_wconf 90' lang='lat' dir='ltr'><strong>qui</strong></span> <span class='ocrx_word' id='word_1_280' title='bbox 871 2213 1079 2275; x_wconf 85' lang='lat' dir='ltr'><strong>peccat.</strong></span> <span class='ocrx_word' id='word_1_281' title='bbox 1140 2204 1197 2260; x_wconf 93' lang='lat' dir='ltr'><strong>Si</strong></span> <span class='ocrx_word' id='word_1_282' title='bbox 1247 2219 1376 2274; x_wconf 87' lang='lat' dir='ltr'><strong>ergo</strong></span> <span class='ocrx_word' id='word_1_283' title='bbox 1424 2221 1531 2260; x_wconf 92' lang='lat' dir='ltr'><strong>non</strong></span> <span class='ocrx_word' id='word_1_284' title='bbox 1568 2220 1724 2259; x_wconf 90' lang='lat' dir='ltr'><strong>suum</strong></span> <span class='ocrx_word' id='word_1_285' title='bbox 1770 2203 1932 2258; x_wconf 88' lang='lat' dir='ltr'><strong>habet</strong></span> <span class='ocrx_word' id='word_1_286' title='bbox 1955 2204 2145 2257; x_wconf 79' lang='lat' dir='ltr'><strong>vitium</strong></span> 
     </span>
    </p>
   </div>
   <div class='ocr_carea' id='block_1_38' title="bbox 548 2297 2144 2368">
    <p class='ocr_par' dir='ltr' id='par_1_38' title="bbox 548 2297 2144 2368">
     <span class='ocr_line' id='line_1_38' title="bbox 548 2297 2144 2368; baseline 0 -16"><span class='ocrx_word' id='word_1_287' title='bbox 548 2297 775 2352; x_wconf 83' lang='lat' dir='ltr'><strong>&#39;omnino</strong></span> <span class='ocrx_word' id='word_1_288' title='bbox 803 2305 1024 2368; x_wconf 87' lang='lat' dir='ltr'><strong>peccat,</strong></span> <span class='ocrx_word' id='word_1_289' title='bbox 1051 2306 1106 2353; x_wconf 88' lang='lat' dir='ltr'><strong>et</strong></span> <span class='ocrx_word' id='word_1_290' title='bbox 1135 2306 1347 2353; x_wconf 89' lang='lat' dir='ltr'><strong>constat</strong></span> <span class='ocrx_word' id='word_1_291' title='bbox 1376 2313 1406 2351; x_wconf 93' lang='lat' dir='ltr'><strong>a</strong></span> <span class='ocrx_word' id='word_1_292' title='bbox 1425 2297 1573 2367; x_wconf 90' lang='lat' dir='ltr'><strong>justo</strong></span> <span class='ocrx_word' id='word_1_293' title='bbox 1604 2297 1714 2352; x_wconf 89' lang='lat' dir='ltr'><strong>Deo</strong></span> <span class='ocrx_word' id='word_1_294' title='bbox 1741 2305 1996 2352; x_wconf 87' lang='lat' dir='ltr'><strong>extranea</strong></span> <span class='ocrx_word' id='word_1_295' title='bbox 2025 2312 2144 2352; x_wconf 90' lang='lat' dir='ltr'><strong>esse</strong></span> 
     </span>
    </p>
   </div>
   <div class='ocr_carea' id='block_1_39' title="bbox 552 2387 2142 2459">
    <p class='ocr_par' dir='ltr' id='par_1_39' title="bbox 552 2387 2142 2459">
     <span class='ocr_line' id='line_1_39' title="bbox 552 2387 2142 2459; baseline 0.001 -17"><span class='ocrx_word' id='word_1_296' title='bbox 552 2387 803 2443; x_wconf 89' lang='lat' dir='ltr'><strong>universa</strong></span> <span class='ocrx_word' id='word_1_297' title='bbox 831 2404 950 2459; x_wconf 65' lang='lat' dir='ltr'><strong>quae</strong></span> <span class='ocrx_word' id='word_1_298' title='bbox 978 2389 1228 2455; x_wconf 89' lang='lat' dir='ltr'><strong>damnat,</strong></span> <span class='ocrx_word' id='word_1_299' title='bbox 1260 2389 1410 2458; x_wconf 88' lang='lat' dir='ltr'><strong>cujus</strong></span> <span class='ocrx_word' id='word_1_300' title='bbox 1440 2389 1706 2444; x_wconf 89' lang='lat' dir='ltr'><strong>invenitur</strong></span> <span class='ocrx_word' id='word_1_301' title='bbox 1734 2389 1951 2454; x_wconf 81' lang='lat' dir='ltr'><strong>factum,</strong></span> <span class='ocrx_word' id='word_1_302' title='bbox 1983 2387 2142 2458; x_wconf 80' lang='lat' dir='ltr'><strong>hujus</strong></span> 
     </span>
    </p>
   </div>
   <div class='ocr_carea' id='block_1_40' title="bbox 551 2479 2144 2553">
    <p class='ocr_par' dir='ltr' id='par_1_40' title="bbox 551 2479 2144 2553">
     <span class='ocr_line' id='line_1_40' title="bbox 551 2479 2144 2553; baseline 0.003 -20"><span class='ocrx_word' id='word_1_303' title='bbox 551 2479 857 2536; x_wconf 85' lang='lat' dir='ltr'><strong>invenietur</strong></span> <span class='ocrx_word' id='word_1_304' title='bbox 903 2496 1023 2537; x_wconf 88' lang='lat' dir='ltr'><strong>esse</strong></span> <span class='ocrx_word' id='word_1_305' title='bbox 1068 2490 1371 2552; x_wconf 91' lang='lat' dir='ltr'><strong>peccatum.</strong></span> <span class='ocrx_word' id='word_1_306' title='bbox 1427 2481 1581 2536; x_wconf 88' lang='lat' dir='ltr'><strong>Nulla</strong></span> <span class='ocrx_word' id='word_1_307' title='bbox 1603 2482 1744 2536; x_wconf 91' lang='lat' dir='ltr'><strong>enim</strong></span> <span class='ocrx_word' id='word_1_308' title='bbox 1772 2483 1908 2536; x_wconf 86' lang='lat' dir='ltr'><strong>ratio</strong></span> <span class='ocrx_word' id='word_1_309' title='bbox 1938 2483 2144 2553; x_wconf 90' lang='lat' dir='ltr'><strong>patitur</strong></span> 
     </span>
    </p>
   </div>
   <div class='ocr_carea' id='block_1_41' title="bbox 551 2572 2143 2646">
    <p class='ocr_par' dir='ltr' id='par_1_41' title="bbox 551 2572 2143 2646">
     <span class='ocr_line' id='line_1_41' title="bbox 551 2572 2143 2646; baseline 0.004 -20"><span class='ocrx_word' id='word_1_310' title='bbox 551 2578 614 2626; x_wconf 88' lang='lat' dir='ltr'><strong>ut</strong></span> <span class='ocrx_word' id='word_1_311' title='bbox 638 2572 727 2627; x_wconf 91' lang='lat' dir='ltr'><strong>ubi</strong></span> <span class='ocrx_word' id='word_1_312' title='bbox 756 2573 892 2628; x_wconf 87' lang='lat' dir='ltr'><strong>alter</strong></span> <span class='ocrx_word' id='word_1_313' title='bbox 921 2575 1334 2643; x_wconf 72' lang='lat' dir='ltr'><strong>pmdestinator</strong></span> <span class='ocrx_word' id='word_1_314' title='bbox 1361 2583 1462 2641; x_wconf 88' lang='lat' dir='ltr'><strong>est,</strong></span> <span class='ocrx_word' id='word_1_315' title='bbox 1496 2576 1570 2630; x_wconf 89' lang='lat' dir='ltr'><strong>ibi</strong></span> <span class='ocrx_word' id='word_1_316' title='bbox 1599 2576 1736 2631; x_wconf 87' lang='lat' dir='ltr'><strong>alter</strong></span> <span class='ocrx_word' id='word_1_317' title='bbox 1760 2577 2143 2646; x_wconf 62' lang='lat' dir='ltr'><strong>praevaricator</strong></span> 
     </span>
    </p>
   </div>
   <div class='ocr_carea' id='block_1_42' title="bbox 550 2664 2142 2738">
    <p class='ocr_par' dir='ltr' id='par_1_42' title="bbox 550 2664 2142 2738">
     <span class='ocr_line' id='line_1_42' title="bbox 550 2664 2142 2738; baseline 0.004 -19"><span class='ocrx_word' id='word_1_318' title='bbox 550 2679 670 2720; x_wconf 89' lang='lat' dir='ltr'><strong>esse</strong></span> <span class='ocrx_word' id='word_1_319' title='bbox 698 2664 936 2732; x_wconf 84' lang='lat' dir='ltr'><strong>dicatur;</strong></span> <span class='ocrx_word' id='word_1_320' title='bbox 970 2682 1070 2722; x_wconf 91' lang='lat' dir='ltr'><strong>nec</strong></span> <span class='ocrx_word' id='word_1_321' title='bbox 1090 2668 1280 2738; x_wconf 86' lang='lat' dir='ltr'><strong>recipit</strong></span> <span class='ocrx_word' id='word_1_322' title='bbox 1303 2669 1407 2724; x_wconf 91' lang='lat' dir='ltr'><strong>hoc</strong></span> <span class='ocrx_word' id='word_1_323' title='bbox 1420 2669 1548 2724; x_wconf 89' lang='lat' dir='ltr'><strong>boni</strong></span> <span class='ocrx_word' id='word_1_324' title='bbox 1571 2677 1625 2724; x_wconf 90' lang='lat' dir='ltr'><strong>et</strong></span> <span class='ocrx_word' id='word_1_325' title='bbox 1648 2669 1778 2738; x_wconf 89' lang='lat' dir='ltr'><strong>justi</strong></span> <span class='ocrx_word' id='word_1_326' title='bbox 1808 2670 2051 2738; x_wconf 66' lang='lat' dir='ltr'><strong>aaquitas,</strong></span> <span class='ocrx_word' id='word_1_327' title='bbox 2083 2679 2142 2725; x_wconf 91' lang='lat' dir='ltr'><strong>ut</strong></span> 
     </span>
    </p>
   </div>
   <div class='ocr_carea' id='block_1_43' title="bbox 548 2757 2138 2833">
    <p class='ocr_par' dir='ltr' id='par_1_43' title="bbox 548 2757 2138 2833">
     <span class='ocr_line' id='line_1_43' title="bbox 548 2757 2138 2833; baseline 0.005 -22"><span class='ocrx_word' id='word_1_328' title='bbox 548 2757 1078 2828; x_wconf 70' lang='lat' dir='ltr'><strong>prmdestinatidnem</strong></span> <span class='ocrx_word' id='word_1_329' title='bbox 1101 2775 1254 2815; x_wconf 91' lang='lat' dir='ltr'><strong>suam</strong></span> <span class='ocrx_word' id='word_1_330' title='bbox 1275 2761 1478 2817; x_wconf 89' lang='lat' dir='ltr'><strong>crimen</strong></span> <span class='ocrx_word' id='word_1_331' title='bbox 1501 2760 1661 2817; x_wconf 76' lang='lat' dir='ltr'><strong>faciat</strong></span> <span class='ocrx_word' id='word_1_332' title='bbox 1689 2762 1943 2817; x_wconf 90' lang='lat' dir='ltr'><strong>alienum.</strong></span> <span class='ocrx_word' id='word_1_333' title='bbox 1995 2762 2138 2833; x_wconf 86' lang='lat' dir='ltr'><strong>Ergo</strong></span> 
     </span>
    </p>
   </div>
   <div class='ocr_carea' id='block_1_44' title="bbox 549 2853 2138 2926">
    <p class='ocr_par' dir='ltr' id='par_1_44' title="bbox 549 2853 2138 2926">
     <span class='ocr_line' id='line_1_44' title="bbox 549 2853 2138 2926; baseline 0.004 -21"><span class='ocrx_word' id='word_1_334' title='bbox 549 2857 612 2905; x_wconf 86' lang='lat' dir='ltr'><strong>ut</strong></span> <span class='ocrx_word' id='word_1_335' title='bbox 625 2860 939 2922; x_wconf 83' lang='lat' dir='ltr'><strong>peccantem</strong></span> <span class='ocrx_word' id='word_1_336' title='bbox 956 2853 1150 2924; x_wconf 90' lang='lat' dir='ltr'><strong>punias</strong></span> <span class='ocrx_word' id='word_1_337' title='bbox 1179 2854 1405 2909; x_wconf 88' lang='lat' dir='ltr'><strong>ostende</strong></span> <span class='ocrx_word' id='word_1_338' title='bbox 1425 2855 1927 2926; x_wconf 84' lang='lat' dir='ltr'><strong>praedestinantem;</strong></span> <span class='ocrx_word' id='word_1_339' title='bbox 1959 2856 2026 2911; x_wconf 89' lang='lat' dir='ltr'><strong>da</strong></span> <span class='ocrx_word' id='word_1_340' title='bbox 2043 2872 2138 2911; x_wconf 92' lang='lat' dir='ltr'><strong>au-</strong></span> 
     </span>
    </p>
   </div>
   <div class='ocr_carea' id='block_1_45' title="bbox 543 2945 2137 3017">
    <p class='ocr_par' dir='ltr' id='par_1_45' title="bbox 543 2945 2137 3017">
     <span class='ocr_line' id='line_1_45' title="bbox 543 2945 2137 3017; baseline 0.004 -18"><span class='ocrx_word' id='word_1_341' title='bbox 543 2951 750 2999; x_wconf 88' lang='lat' dir='ltr'><strong>ctorem</strong></span> <span class='ocrx_word' id='word_1_342' title='bbox 768 2945 1274 3015; x_wconf 85' lang='lat' dir='ltr'><strong>praedestinationis,</strong></span> <span class='ocrx_word' id='word_1_343' title='bbox 1301 2956 1360 3002; x_wconf 92' lang='lat' dir='ltr'><strong>ut</strong></span> <span class='ocrx_word' id='word_1_344' title='bbox 1385 2949 1559 3017; x_wconf 92' lang='lat' dir='ltr'><strong>possis</strong></span> <span class='ocrx_word' id='word_1_345' title='bbox 1576 2946 1811 3016; x_wconf 90' lang='lat' dir='ltr'><strong>judicem</strong></span> <span class='ocrx_word' id='word_1_346' title='bbox 1833 2956 2137 3006; x_wconf 90' lang='lat' dir='ltr'><strong>monstrare</strong></span> 
     </span>
    </p>
   </div>
   <div class='ocr_carea' id='block_1_46' title="bbox 541 3036 2137 3113">
    <p class='ocr_par' dir='ltr' id='par_1_46' title="bbox 541 3036 2137 3113">
     <span class='ocr_line' id='line_1_46' title="bbox 541 3036 2137 3113; baseline 0.004 -23"><span class='ocrx_word' id='word_1_347' title='bbox 541 3036 773 3106; x_wconf 85' lang='lat' dir='ltr'><strong>peccati,</strong></span> <span class='ocrx_word' id='word_1_348' title='bbox 805 3037 932 3104; x_wconf 89' lang='lat' dir='ltr'><strong>quia</strong></span> <span class='ocrx_word' id='word_1_349' title='bbox 961 3053 1125 3091; x_wconf 89' lang='lat' dir='ltr'><strong>unum</strong></span> <span class='ocrx_word' id='word_1_350' title='bbox 1155 3039 1508 3108; x_wconf 90' lang='lat' dir='ltr'><strong>eumdemque</strong></span> <span class='ocrx_word' id='word_1_351' title='bbox 1529 3040 1814 3095; x_wconf 89' lang='lat' dir='ltr'><strong>ostendere</strong></span> <span class='ocrx_word' id='word_1_352' title='bbox 1844 3057 1952 3096; x_wconf 93' lang='lat' dir='ltr'><strong>non</strong></span> <span class='ocrx_word' id='word_1_353' title='bbox 1979 3051 2137 3113; x_wconf 90' lang='lat' dir='ltr'><strong>potes</strong></span> 
     </span>
    </p>
   </div>
   <div class='ocr_carea' id='block_1_47' title="bbox 542 3127 2137 3199">
    <p class='ocr_par' dir='ltr' id='par_1_47' title="bbox 542 3127 2137 3199">
     <span class='ocr_line' id='line_1_47' title="bbox 542 3127 2137 3199; baseline 0.009 -20"><span class='ocrx_word' id='word_1_354' title='bbox 542 3127 1016 3196; x_wconf 70' lang='lat' dir='ltr'><strong>prtedestinantem</strong></span> <span class='ocrx_word' id='word_1_355' title='bbox 1047 3138 1072 3165; x_wconf 74' lang='grc' dir='ltr'>α</span> <span class='ocrx_word' id='word_1_356' title='bbox 1104 3139 1266 3199; x_wconf 88' lang='lat' dir='ltr'><strong>atque</strong></span> <span class='ocrx_word' id='word_1_357' title='bbox 1297 3131 1662 3187; x_wconf 86' lang='lat' dir='ltr'><strong>damnantem.</strong></span> <span class='ocrx_word' id='word_1_358' title='bbox 1721 3133 1778 3188; x_wconf 92' lang='lat' dir='ltr'><strong>Si</strong></span> <span class='ocrx_word' id='word_1_359' title='bbox 1816 3137 1958 3190; x_wconf 92' lang='lat' dir='ltr'><strong>enim</strong></span> <span class='ocrx_word' id='word_1_360' title='bbox 1993 3135 2137 3192; x_wconf 90' lang='lat' dir='ltr'><strong>Deus</strong></span> 
     </span>
    </p>
   </div>
   <div class='ocr_carea' id='block_1_48' title="bbox 2251 1930 3846 2005">
    <p class='ocr_par' dir='ltr' id='par_1_48' title="bbox 2251 1930 3846 2005">
     <span class='ocr_line' id='line_1_48' title="bbox 2251 1930 3846 2005; baseline 0.009 -24"><span class='ocrx_word' id='word_1_361' title='bbox 2251 1930 2482 1984; x_wconf 90' lang='lat' dir='ltr'><strong>trahitis.</strong></span> <span class='ocrx_word' id='word_1_362' title='bbox 2543 1930 2685 2002; x_wconf 85' lang='lat' dir='ltr'><strong>Ergo</strong></span> <span class='ocrx_word' id='word_1_363' title='bbox 2733 1933 3055 1990; x_wconf 83' lang='lat' dir='ltr'><strong>adhucnon</strong></span> <span class='ocrx_word' id='word_1_364' title='bbox 3103 1945 3229 1991; x_wconf 89' lang='lat' dir='ltr'><strong>sunt</strong></span> <span class='ocrx_word' id='word_1_365' title='bbox 3273 1938 3442 1993; x_wconf 90' lang='lat' dir='ltr'><strong>creati</strong></span> <span class='ocrx_word' id='word_1_366' title='bbox 3484 1938 3752 2005; x_wconf 84' lang='lat' dir='ltr'><strong>homines,</strong></span> <span class='ocrx_word' id='word_1_367' title='bbox 3782 1947 3846 1996; x_wconf 78' lang='lat' dir='ltr'><strong>et</strong></span> 
     </span>
    </p>
   </div>
   <div class='ocr_carea' id='block_1_49' title="bbox 2242 2019 3844 2100">
    <p class='ocr_par' dir='ltr' id='par_1_49' title="bbox 2242 2019 3844 2100">
     <span class='ocr_line' id='line_1_49' title="bbox 2242 2019 3844 2100; baseline 0.008 -26"><span class='ocrx_word' id='word_1_368' title='bbox 2242 2019 2356 2090; x_wconf 89' lang='lat' dir='ltr'><strong>jam</strong></span> <span class='ocrx_word' id='word_1_369' title='bbox 2407 2039 2436 2075; x_wconf 90' lang='lat' dir='ltr'><strong>a</strong></span> <span class='ocrx_word' id='word_1_370' title='bbox 2481 2021 2629 2091; x_wconf 89' lang='lat' dir='ltr'><strong>justo</strong></span> <span class='ocrx_word' id='word_1_371' title='bbox 2674 2025 2787 2080; x_wconf 92' lang='lat' dir='ltr'><strong>Deo</strong></span> <span class='ocrx_word' id='word_1_372' title='bbox 2840 2026 3208 2097; x_wconf 71' lang='lat' dir='ltr'><strong>prcejudicium</strong></span> <span class='ocrx_word' id='word_1_373' title='bbox 3255 2031 3564 2100; x_wconf 87' lang='lat' dir='ltr'><strong>patiuntur?</strong></span> <span class='ocrx_word' id='word_1_374' title='bbox 3615 2030 3844 2088; x_wconf 77' lang='lat' dir='ltr'><strong>Videtur</strong></span> 
     </span>
    </p>
   </div>
   <div class='ocr_carea' id='block_1_50' title="bbox 2246 2111 3843 2194">
    <p class='ocr_par' dir='ltr' id='par_1_50' title="bbox 2246 2111 3843 2194">
     <span class='ocr_line' id='line_1_50' title="bbox 2246 2111 3843 2194; baseline 0.009 -29"><span class='ocrx_word' id='word_1_375' title='bbox 2246 2111 2376 2167; x_wconf 86' lang='lat' dir='ltr'><strong>mihi</strong></span> <span class='ocrx_word' id='word_1_376' title='bbox 2429 2115 2574 2183; x_wconf 92' lang='lat' dir='ltr'><strong>quod</strong></span> <span class='ocrx_word' id='word_1_377' title='bbox 2622 2116 2852 2172; x_wconf 89' lang='lat' dir='ltr'><strong>alterum</strong></span> <span class='ocrx_word' id='word_1_378' title='bbox 2889 2111 3043 2176; x_wconf 87' lang='lat' dir='ltr'><strong>vobis</strong></span> <span class='ocrx_word' id='word_1_379' title='bbox 3068 2129 3093 2158; x_wconf 75' lang='grc' dir='ltr'>ε</span> <span class='ocrx_word' id='word_1_380' title='bbox 3123 2121 3462 2177; x_wconf 88' lang='lat' dir='ltr'><strong>invenissetis</strong></span> <span class='ocrx_word' id='word_1_381' title='bbox 3491 2122 3657 2177; x_wconf 91' lang='lat' dir='ltr'><strong>Deum</strong></span> <span class='ocrx_word' id='word_1_382' title='bbox 3680 2165 3696 2189; x_wconf 92' lang='lat'><strong>,</strong></span> <span class='ocrx_word' id='word_1_383' title='bbox 3743 2124 3843 2194; x_wconf 87' lang='lat' dir='ltr'><strong>qui</strong></span> 
     </span>
    </p>
   </div>
   <div class='ocr_carea' id='block_1_51' title="bbox 2246 2207 3842 2282">
    <p class='ocr_par' dir='ltr' id='par_1_51' title="bbox 2246 2207 3842 2282">
     <span class='ocr_line' id='line_1_51' title="bbox 2246 2207 3842 2282; baseline 0.009 -24"><span class='ocrx_word' id='word_1_384' title='bbox 2246 2214 2356 2260; x_wconf 85' lang='lat' dir='ltr'><strong>tam</strong></span> <span class='ocrx_word' id='word_1_385' title='bbox 2387 2207 2581 2278; x_wconf 91' lang='lat' dir='ltr'><strong>impius</strong></span> <span class='ocrx_word' id='word_1_386' title='bbox 2609 2209 2697 2276; x_wconf 89' lang='lat' dir='ltr'><strong>sit,</strong></span> <span class='ocrx_word' id='word_1_387' title='bbox 2724 2219 2783 2264; x_wconf 91' lang='lat' dir='ltr'><strong>ut</strong></span> <span class='ocrx_word' id='word_1_388' title='bbox 2811 2226 2840 2265; x_wconf 91' lang='lat' dir='ltr'><strong>a</strong></span> <span class='ocrx_word' id='word_1_389' title='bbox 2865 2211 3182 2282; x_wconf 72' lang='lat' dir='ltr'><strong>prtejudicio</strong></span> <span class='ocrx_word' id='word_1_390' title='bbox 3209 2215 3595 2269; x_wconf 86' lang='lat' dir='ltr'><strong>circumveniat</strong></span> <span class='ocrx_word' id='word_1_391' title='bbox 3617 2215 3842 2272; x_wconf 86' lang='lat' dir='ltr'><strong>humani</strong></span> 
     </span>
    </p>
   </div>
   <div class='ocr_carea' id='block_1_52' title="bbox 2249 2299 3836 2368">
    <p class='ocr_par' dir='ltr' id='par_1_52' title="bbox 2249 2299 3836 2368">
     <span class='ocr_line' id='line_1_52' title="bbox 2249 2299 3836 2368; baseline 0.006 -16"><span class='ocrx_word' id='word_1_392' title='bbox 2249 2299 2462 2366; x_wconf 86' lang='lat' dir='ltr'><strong>generis</strong></span> <span class='ocrx_word' id='word_1_393' title='bbox 2487 2315 2739 2368; x_wconf 89' lang='lat' dir='ltr'><strong>massam,</strong></span> <span class='ocrx_word' id='word_1_394' title='bbox 2773 2311 2828 2356; x_wconf 88' lang='lat' dir='ltr'><strong>et</strong></span> <span class='ocrx_word' id='word_1_395' title='bbox 2849 2303 3086 2359; x_wconf 92' lang='lat' dir='ltr'><strong>nondum</strong></span> <span class='ocrx_word' id='word_1_396' title='bbox 3114 2306 3225 2360; x_wconf 90' lang='lat' dir='ltr'><strong>nati</strong></span> <span class='ocrx_word' id='word_1_397' title='bbox 3250 2305 3483 2361; x_wconf 89' lang='lat' dir='ltr'><strong>hominis</strong></span> <span class='ocrx_word' id='word_1_398' title='bbox 3509 2308 3691 2362; x_wconf 86' lang='lat' dir='ltr'><strong>merita</strong></span> <span class='ocrx_word' id='word_1_399' title='bbox 3720 2307 3836 2362; x_wconf 83' lang='lat' dir='ltr'><strong>dis-</strong></span> 
     </span>
    </p>
   </div>
   <div class='ocr_carea' id='block_1_53' title="bbox 2243 2391 3826 2467">
    <p class='ocr_par' dir='ltr' id='par_1_53' title="bbox 2243 2391 3826 2467">
     <span class='ocr_line' id='line_1_53' title="bbox 2243 2391 3826 2467; baseline 0.008 -24"><span class='ocrx_word' id='word_1_400' title='bbox 2243 2391 2529 2459; x_wconf 88' lang='lat' dir='ltr'><strong>pungendo</strong></span> <span class='ocrx_word' id='word_1_401' title='bbox 2574 2395 2866 2449; x_wconf 82' lang='lat' dir='ltr'><strong>constituat</strong></span> <span class='ocrx_word' id='word_1_402' title='bbox 2888 2437 2902 2462; x_wconf 94' lang='lat'><strong>,</strong></span> <span class='ocrx_word' id='word_1_403' title='bbox 2957 2411 3019 2452; x_wconf 91' lang='lat' dir='ltr'><strong>ac</strong></span> <span class='ocrx_word' id='word_1_404' title='bbox 3057 2397 3542 2467; x_wconf 73' lang='lat' dir='ltr'><strong>przedestinationis</strong></span> <span class='ocrx_word' id='word_1_405' title='bbox 3578 2415 3680 2454; x_wconf 68' lang='lat' dir='ltr'><strong>sue</strong></span> <span class='ocrx_word' id='word_1_406' title='bbox 3705 2401 3826 2455; x_wconf 88' lang='lat' dir='ltr'><strong>vin-</strong></span> 
     </span>
    </p>
   </div>
   <div class='ocr_carea' id='block_1_54' title="bbox 2244 2485 3831 2561">
    <p class='ocr_par' dir='ltr' id='par_1_54' title="bbox 2244 2485 3831 2561">
     <span class='ocr_line' id='line_1_54' title="bbox 2244 2485 3831 2561; baseline 0.008 -22"><span class='ocrx_word' id='word_1_407' title='bbox 2244 2485 2365 2540; x_wconf 93' lang='lat' dir='ltr'><strong>culo</strong></span> <span class='ocrx_word' id='word_1_408' title='bbox 2396 2485 2462 2540; x_wconf 91' lang='lat' dir='ltr'><strong>ad</strong></span> <span class='ocrx_word' id='word_1_409' title='bbox 2498 2489 2831 2556; x_wconf 90' lang='lat' dir='ltr'><strong>peccandum</strong></span> <span class='ocrx_word' id='word_1_410' title='bbox 2854 2492 3155 2561; x_wconf 83' lang='lat' dir='ltr'><strong>astringat;</strong></span> <span class='ocrx_word' id='word_1_411' title='bbox 3187 2501 3243 2548; x_wconf 90' lang='lat' dir='ltr'><strong>et</strong></span> <span class='ocrx_word' id='word_1_412' title='bbox 3280 2495 3368 2549; x_wconf 92' lang='lat' dir='ltr'><strong>cui</strong></span> <span class='ocrx_word' id='word_1_413' title='bbox 3408 2494 3579 2551; x_wconf 91' lang='lat' dir='ltr'><strong>adhuc</strong></span> <span class='ocrx_word' id='word_1_414' title='bbox 3628 2511 3831 2551; x_wconf 87' lang='lat' dir='ltr'><strong>conce-</strong></span> 
     </span>
    </p>
   </div>
   <div class='ocr_carea' id='block_1_55' title="bbox 2243 2577 3836 2658">
    <p class='ocr_par' dir='ltr' id='par_1_55' title="bbox 2243 2577 3836 2658">
     <span class='ocr_line' id='line_1_55' title="bbox 2243 2577 3836 2658; baseline 0.009 -29"><span class='ocrx_word' id='word_1_415' title='bbox 2243 2577 2357 2646; x_wconf 92' lang='lat' dir='ltr'><strong>ptio</strong></span> <span class='ocrx_word' id='word_1_416' title='bbox 2386 2593 2493 2632; x_wconf 91' lang='lat' dir='ltr'><strong>non</strong></span> <span class='ocrx_word' id='word_1_417' title='bbox 2517 2587 2599 2634; x_wconf 91' lang='lat' dir='ltr'><strong>est</strong></span> <span class='ocrx_word' id='word_1_418' title='bbox 2621 2619 2637 2645; x_wconf 94' lang='lat'><strong>,</strong></span> <span class='ocrx_word' id='word_1_419' title='bbox 2662 2579 2775 2650; x_wconf 91' lang='lat' dir='ltr'><strong>jam</strong></span> <span class='ocrx_word' id='word_1_420' title='bbox 2804 2581 2880 2635; x_wconf 90' lang='lat' dir='ltr'><strong>illi</strong></span> <span class='ocrx_word' id='word_1_421' title='bbox 2906 2593 3172 2654; x_wconf 73' lang='lat' dir='ltr'><strong>pneparet</strong></span> <span class='ocrx_word' id='word_1_422' title='bbox 3197 2594 3402 2641; x_wconf 77' lang='lat' dir='ltr'><strong>acterna</strong></span> <span class='ocrx_word' id='word_1_423' title='bbox 3433 2587 3723 2658; x_wconf 88' lang='lat' dir='ltr'><strong>supplicia;</strong></span> <span class='ocrx_word' id='word_1_424' title='bbox 3781 2595 3836 2643; x_wconf 87' lang='lat' dir='ltr'><strong>et</strong></span> 
     </span>
    </p>
   </div>
   <div class='ocr_carea' id='block_1_56' title="bbox 2242 2670 3836 2748">
    <p class='ocr_par' dir='ltr' id='par_1_56' title="bbox 2242 2670 3836 2748">
     <span class='ocr_line' id='line_1_56' title="bbox 2242 2670 3836 2748; baseline 0.01 -25"><span class='ocrx_word' id='word_1_425' title='bbox 2242 2670 2328 2724; x_wconf 91' lang='lat' dir='ltr'><strong>cui</strong></span> <span class='ocrx_word' id='word_1_426' title='bbox 2355 2670 2530 2726; x_wconf 92' lang='lat' dir='ltr'><strong>adhuc</strong></span> <span class='ocrx_word' id='word_1_427' title='bbox 2575 2689 2684 2728; x_wconf 94' lang='lat' dir='ltr'><strong>non</strong></span> <span class='ocrx_word' id='word_1_428' title='bbox 2733 2674 2880 2731; x_wconf 91' lang='lat' dir='ltr'><strong>dedit</strong></span> <span class='ocrx_word' id='word_1_429' title='bbox 2907 2676 3041 2732; x_wconf 88' lang='lat' dir='ltr'><strong>lucis</strong></span> <span class='ocrx_word' id='word_1_430' title='bbox 3070 2678 3226 2748; x_wconf 91' lang='lat' dir='ltr'><strong>hujus</strong></span> <span class='ocrx_word' id='word_1_431' title='bbox 3254 2681 3483 2737; x_wconf 89' lang='lat' dir='ltr'><strong>labentis</strong></span> <span class='ocrx_word' id='word_1_432' title='bbox 3525 2683 3836 2740; x_wconf 85' lang='lat' dir='ltr'><strong>transitoria</strong></span> 
     </span>
    </p>
   </div>
   <div class='ocr_carea' id='block_1_57' title="bbox 2242 2761 3835 2848">
    <p class='ocr_par' dir='ltr' id='par_1_57' title="bbox 2242 2761 3835 2848">
     <span class='ocr_line' id='line_1_57' title="bbox 2242 2761 3835 2848; baseline 0.009 -31"><span class='ocrx_word' id='word_1_433' title='bbox 2242 2779 2464 2820; x_wconf 89' lang='lat' dir='ltr'><strong>munera</strong></span> <span class='ocrx_word' id='word_1_434' title='bbox 2495 2807 2509 2832; x_wconf 91' lang='lat'><strong>,</strong></span> <span class='ocrx_word' id='word_1_435' title='bbox 2557 2761 2670 2836; x_wconf 88' lang='lat' dir='ltr'><strong>jam</strong></span> <span class='ocrx_word' id='word_1_436' title='bbox 2725 2769 2800 2823; x_wconf 91' lang='lat' dir='ltr'><strong>illi</strong></span> <span class='ocrx_word' id='word_1_437' title='bbox 2848 2780 3138 2842; x_wconf 88' lang='lat' dir='ltr'><strong>perpetuas</strong></span> <span class='ocrx_word' id='word_1_438' title='bbox 3177 2774 3522 2830; x_wconf 88' lang='lat' dir='ltr'><strong>tenebrarum</strong></span> <span class='ocrx_word' id='word_1_439' title='bbox 3569 2787 3835 2848; x_wconf 71' lang='lat' dir='ltr'><strong>przeparet</strong></span> 
     </span>
    </p>
   </div>
   <div class='ocr_carea' id='block_1_58' title="bbox 2240 2859 3862 2933">
    <p class='ocr_par' dir='ltr' id='par_1_58' title="bbox 2240 2859 3862 2933">
     <span class='ocr_line' id='line_1_58' title="bbox 2240 2859 3862 2933; baseline 0.009 -19"><span class='ocrx_word' id='word_1_440' title='bbox 2240 2875 2448 2930; x_wconf 59' lang='lat' dir='ltr'><strong>poenas.</strong></span> <span class='ocrx_word' id='word_1_441' title='bbox 2511 2859 2745 2928; x_wconf 85' lang='lat' dir='ltr'><strong>Quaerite</strong></span> <span class='ocrx_word' id='word_1_442' title='bbox 2788 2865 2974 2931; x_wconf 91' lang='lat' dir='ltr'><strong>vobis,</strong></span> <span class='ocrx_word' id='word_1_443' title='bbox 3028 2874 3085 2920; x_wconf 89' lang='lat' dir='ltr'><strong>ut</strong></span> <span class='ocrx_word' id='word_1_444' title='bbox 3131 2865 3272 2933; x_wconf 63' lang='lat' dir='ltr'><strong>dixti,</strong></span> <span class='ocrx_word' id='word_1_445' title='bbox 3307 2869 3539 2924; x_wconf 88' lang='lat' dir='ltr'><strong>alterum</strong></span> <span class='ocrx_word' id='word_1_446' title='bbox 3568 2871 3740 2926; x_wconf 89' lang='lat' dir='ltr'><strong>Deum</strong></span> <span class='ocrx_word' id='word_1_447' title='bbox 3769 2873 3862 2928; x_wconf 85' lang='lat' dir='ltr'><strong>de.</strong></span> 
     </span>
    </p>
   </div>
   <div class='ocr_carea' id='block_1_59' title="bbox 2243 2952 3834 3029">
    <p class='ocr_par' dir='ltr' id='par_1_59' title="bbox 2243 2952 3834 3029">
     <span class='ocr_line' id='line_1_59' title="bbox 2243 2952 3834 3029; baseline 0.009 -24"><span class='ocrx_word' id='word_1_448' title='bbox 2243 2965 2354 3020; x_wconf 93' lang='lat' dir='ltr'><strong>quo</strong></span> <span class='ocrx_word' id='word_1_449' title='bbox 2402 2952 2502 3006; x_wconf 90' lang='lat' dir='ltr'><strong>ista</strong></span> <span class='ocrx_word' id='word_1_450' title='bbox 2550 2953 2761 3010; x_wconf 88' lang='lat' dir='ltr'><strong>dicatis.</strong></span> <span class='ocrx_word' id='word_1_451' title='bbox 2822 2955 2955 3011; x_wconf 88' lang='lat' dir='ltr'><strong>Nam</strong></span> <span class='ocrx_word' id='word_1_452' title='bbox 3003 2952 3146 3014; x_wconf 89' lang='lat' dir='ltr'><strong>h&#39;unc</strong></span> <span class='ocrx_word' id='word_1_453' title='bbox 3192 2960 3338 3029; x_wconf 91' lang='lat' dir='ltr'><strong>pium</strong></span> <span class='ocrx_word' id='word_1_454' title='bbox 3402 2971 3457 3016; x_wconf 86' lang='lat' dir='ltr'><strong>et</strong></span> <span class='ocrx_word' id='word_1_455' title='bbox 3512 2962 3834 3020; x_wconf 89' lang='lat' dir='ltr'><strong>clementem</strong></span> 
     </span>
    </p>
   </div>
   <div class='ocr_carea' id='block_1_60' title="bbox 2244 3043 3833 3122">
    <p class='ocr_par' dir='ltr' id='par_1_60' title="bbox 2244 3043 3833 3122">
     <span class='ocr_line' id='line_1_60' title="bbox 2244 3043 3833 3122; baseline 0.008 -22"><span class='ocrx_word' id='word_1_456' title='bbox 2244 3043 2265 3083; x_wconf 67' lang='grc' dir='ltr'><em>τ</em></span> <span class='ocrx_word' id='word_1_457' title='bbox 2295 3054 2540 3101; x_wconf 90' lang='lat' dir='ltr'><strong>nostrum</strong></span> <span class='ocrx_word' id='word_1_458' title='bbox 2562 3064 2834 3118; x_wconf 90' lang='lat' dir='ltr'><strong>nunquam</strong></span> <span class='ocrx_word' id='word_1_459' title='bbox 2867 3050 2935 3104; x_wconf 91' lang='lat' dir='ltr'><strong>ad</strong></span> <span class='ocrx_word' id='word_1_460' title='bbox 2965 3051 3068 3106; x_wconf 92' lang='lat' dir='ltr'><strong>hoc</strong></span> <span class='ocrx_word' id='word_1_461' title='bbox 3095 3054 3487 3122; x_wconf 88' lang='lat' dir='ltr'><strong>provocabitis,</strong></span> <span class='ocrx_word' id='word_1_462' title='bbox 3523 3065 3580 3111; x_wconf 93' lang='lat' dir='ltr'><strong>ut</strong></span> <span class='ocrx_word' id='word_1_463' title='bbox 3607 3065 3634 3104; x_wconf 78' lang='grc' dir='ltr'>σ</span> <span class='ocrx_word' id='word_1_464' title='bbox 3657 3057 3833 3113; x_wconf 88' lang='lat' dir='ltr'><strong>saltim</strong></span> 
     </span>
    </p>
   </div>
   <div class='ocr_carea' id='block_1_61' title="bbox 2239 3139 3830 3212">
    <p class='ocr_par' dir='ltr' id='par_1_61' title="bbox 2239 3139 3830 3212">
     <span class='ocr_line' id='line_1_61' title="bbox 2239 3139 3830 3212; baseline 0.007 -16"><span class='ocrx_word' id='word_1_465' title='bbox 2239 3139 2588 3212; x_wconf 90' lang='lat' dir='ltr'><strong>blasphemiis</strong></span> <span class='ocrx_word' id='word_1_466' title='bbox 2609 3143 2806 3199; x_wconf 86' lang='lat' dir='ltr'><strong>vestris</strong></span> <span class='ocrx_word' id='word_1_467' title='bbox 2826 3153 3146 3211; x_wconf 89' lang='lat' dir='ltr'><strong>commotus,</strong></span> <span class='ocrx_word' id='word_1_468' title='bbox 3173 3148 3337 3201; x_wconf 88' lang='lat' dir='ltr'><strong>etiam</strong></span> <span class='ocrx_word' id='word_1_469' title='bbox 3356 3149 3506 3204; x_wconf 86' lang='lat' dir='ltr'><strong>vobis</strong></span> <span class='ocrx_word' id='word_1_470' title='bbox 3527 3151 3631 3206; x_wconf 90' lang='lat' dir='ltr'><strong>hoc</strong></span> <span class='ocrx_word' id='word_1_471' title='bbox 3650 3151 3830 3207; x_wconf 81' lang='lat' dir='ltr'><strong>faciat.</strong></span> 
     </span>
    </p>
   </div>
   <div class='ocr_carea' id='block_1_62' title="bbox 543 3220 3836 3315">
    <p class='ocr_par' dir='ltr' id='par_1_62' title="bbox 543 3220 3836 3315">
     <span class='ocr_line' id='line_1_62' title="bbox 543 3220 3836 3315; baseline 0.009 -43"><span class='ocrx_word' id='word_1_472' title='bbox 543 3225 734 3273; x_wconf 85' lang='lat' dir='ltr'><strong>auctor</strong></span> <span class='ocrx_word' id='word_1_473' title='bbox 763 3227 845 3273; x_wconf 90' lang='lat' dir='ltr'><strong>est</strong></span> <span class='ocrx_word' id='word_1_474' title='bbox 873 3220 1017 3273; x_wconf 91' lang='lat' dir='ltr'><strong>enim</strong></span> <span class='ocrx_word' id='word_1_475' title='bbox 1046 3220 1548 3289; x_wconf 68' lang='lat' dir='ltr'><strong>praedestinationis,</strong></span> <span class='ocrx_word' id='word_1_476' title='bbox 1582 3231 1637 3278; x_wconf 89' lang='lat' dir='ltr'><strong>et</strong></span> <span class='ocrx_word' id='word_1_477' title='bbox 1665 3241 1888 3295; x_wconf 90' lang='lat' dir='ltr'><strong>operum</strong></span> <span class='ocrx_word' id='word_1_478' title='bbox 1915 3235 2134 3283; x_wconf 89' lang='lat' dir='ltr'><strong>nostro-</strong></span> <span class='ocrx_word' id='word_1_479' title='bbox 2161 3221 2207 3283; x_wconf 92' lang='lat' dir='ltr'><strong>C</strong></span> <span class='ocrx_word' id='word_1_480' title='bbox 2239 3234 2372 3289; x_wconf 90' lang='lat' dir='ltr'><strong>Nam</strong></span> <span class='ocrx_word' id='word_1_481' title='bbox 2395 3235 2488 3305; x_wconf 90' lang='lat' dir='ltr'><strong>qui</strong></span> <span class='ocrx_word' id='word_1_482' title='bbox 2512 3252 2606 3292; x_wconf 90' lang='lat' dir='ltr'><strong>vos</strong></span> <span class='ocrx_word' id='word_1_483' title='bbox 2628 3238 2897 3306; x_wconf 89' lang='lat' dir='ltr'><strong>patienter</strong></span> <span class='ocrx_word' id='word_1_484' title='bbox 2918 3240 3131 3306; x_wconf 89' lang='lat' dir='ltr'><strong>tolerat,</strong></span> <span class='ocrx_word' id='word_1_485' title='bbox 3147 3242 3331 3297; x_wconf 91' lang='lat' dir='ltr'><strong>nescio</strong></span> <span class='ocrx_word' id='word_1_486' title='bbox 3346 3241 3459 3311; x_wconf 90' lang='lat' dir='ltr'><strong>jam</strong></span> <span class='ocrx_word' id='word_1_487' title='bbox 3475 3245 3562 3299; x_wconf 91' lang='lat' dir='ltr'><strong>cui</strong></span> <span class='ocrx_word' id='word_1_488' title='bbox 3585 3248 3836 3315; x_wconf 85' lang='lat' dir='ltr'><strong>peccanti</strong></span> 
     </span>
    </p>
   </div>
   <div class='ocr_carea' id='block_1_63' title="bbox 542 3313 2138 3391">
    <p class='ocr_par' dir='ltr' id='par_1_63' title="bbox 542 3313 2138 3391">
     <span class='ocr_line' id='line_1_63' title="bbox 542 3313 2138 3391; baseline 0.008 -27"><span class='ocrx_word' id='word_1_489' title='bbox 542 3325 662 3366; x_wconf 89' lang='lat' dir='ltr'><strong>rum</strong></span> <span class='ocrx_word' id='word_1_490' title='bbox 693 3313 807 3383; x_wconf 90' lang='lat' dir='ltr'><strong>ipse</strong></span> <span class='ocrx_word' id='word_1_491' title='bbox 837 3321 920 3368; x_wconf 89' lang='lat' dir='ltr'><strong>est</strong></span> <span class='ocrx_word' id='word_1_492' title='bbox 941 3313 1282 3381; x_wconf 86' lang='lat' dir='ltr'><strong>constitutor,</strong></span> <span class='ocrx_word' id='word_1_493' title='bbox 1330 3316 1597 3372; x_wconf 88' lang='lat' dir='ltr'><strong>ostendite</strong></span> <span class='ocrx_word' id='word_1_494' title='bbox 1636 3317 1799 3388; x_wconf 86' lang='lat' dir='ltr'><strong>alium</strong></span> <span class='ocrx_word' id='word_1_495' title='bbox 1829 3321 1922 3389; x_wconf 92' lang='lat' dir='ltr'><strong>qui</strong></span> <span class='ocrx_word' id='word_1_496' title='bbox 1948 3323 2138 3391; x_wconf 89' lang='lat' dir='ltr'><strong>puniat</strong></span> 
     </span>
    </p>
   </div>
   <div class='ocr_carea' id='block_1_64' title="bbox 539 3404 2136 3484">
    <p class='ocr_par' dir='ltr' id='par_1_64' title="bbox 539 3404 2136 3484">
     <span class='ocr_line' id='line_1_64' title="bbox 539 3404 2136 3484; baseline 0.008 -26"><span class='ocrx_word' id='word_1_497' title='bbox 539 3404 919 3476; x_wconf 65' lang='lat' dir='ltr'><strong>prmdestinata</strong></span> <span class='ocrx_word' id='word_1_498' title='bbox 949 3414 1200 3476; x_wconf 86' lang='lat' dir='ltr'><strong>peccata;</strong></span> <span class='ocrx_word' id='word_1_499' title='bbox 1233 3416 1326 3462; x_wconf 88' lang='lat' dir='ltr'><strong>aut</strong></span> <span class='ocrx_word' id='word_1_500' title='bbox 1352 3409 1396 3463; x_wconf 93' lang='lat' dir='ltr'><strong>si</strong></span> <span class='ocrx_word' id='word_1_501' title='bbox 1425 3411 1578 3479; x_wconf 90' lang='lat' dir='ltr'><strong>quasi</strong></span> <span class='ocrx_word' id='word_1_502' title='bbox 1603 3411 1781 3481; x_wconf 88' lang='lat' dir='ltr'><strong>justus</strong></span> <span class='ocrx_word' id='word_1_503' title='bbox 1811 3413 2008 3484; x_wconf 88' lang='lat' dir='ltr'><strong>injusta</strong></span> <span class='ocrx_word' id='word_1_504' title='bbox 2037 3416 2136 3470; x_wconf 92' lang='lat' dir='ltr'><strong>hu-</strong></span> 
     </span>
    </p>
   </div>
   <div class='ocr_carea' id='block_1_65' title="bbox 541 3497 2135 3574">
    <p class='ocr_par' dir='ltr' id='par_1_65' title="bbox 541 3497 2135 3574">
     <span class='ocr_line' id='line_1_65' title="bbox 541 3497 2135 3574; baseline 0.009 -25"><span class='ocrx_word' id='word_1_505' title='bbox 541 3497 688 3550; x_wconf 89' lang='lat' dir='ltr'><strong>mani</strong></span> <span class='ocrx_word' id='word_1_506' title='bbox 721 3499 901 3567; x_wconf 90' lang='lat' dir='ltr'><strong>operis</strong></span> <span class='ocrx_word' id='word_1_507' title='bbox 924 3497 1062 3554; x_wconf 81' lang='lat' dir='ltr'><strong>facta</strong></span> <span class='ocrx_word' id='word_1_508' title='bbox 1092 3500 1447 3569; x_wconf 90' lang='lat' dir='ltr'><strong>condemnat,</strong></span> <span class='ocrx_word' id='word_1_509' title='bbox 1481 3503 1638 3573; x_wconf 92' lang='lat' dir='ltr'><strong>hujus</strong></span> <span class='ocrx_word' id='word_1_510' title='bbox 1669 3504 1942 3574; x_wconf 84' lang='lat' dir='ltr'><strong>injustitiae</strong></span> <span class='ocrx_word' id='word_1_511' title='bbox 1972 3509 2135 3562; x_wconf 89' lang='lat' dir='ltr'><strong>alium</strong></span> 
     </span>
    </p>
   </div>
   <div class='ocr_carea' id='block_1_66' title="bbox 539 3586 2134 3668">
    <p class='ocr_par' dir='ltr' id='par_1_66' title="bbox 539 3586 2134 3668">
     <span class='ocr_line' id='line_1_66' title="bbox 539 3586 2134 3668; baseline 0.011 -30"><span class='ocrx_word' id='word_1_512' title='bbox 539 3586 1039 3657; x_wconf 83' lang='lat' dir='ltr'><strong>praedestinatorem</strong></span> <span class='ocrx_word' id='word_1_513' title='bbox 1089 3592 1373 3647; x_wconf 88' lang='lat' dir='ltr'><strong>ostendite.</strong></span> <span class='ocrx_word' id='word_1_514' title='bbox 1433 3593 1528 3648; x_wconf 88' lang='lat' dir='ltr'><strong>Cui</strong></span> <span class='ocrx_word' id='word_1_515' title='bbox 1575 3597 1718 3650; x_wconf 90' lang='lat' dir='ltr'><strong>enim</strong></span> <span class='ocrx_word' id='word_1_516' title='bbox 1763 3597 2011 3668; x_wconf 87' lang='lat' dir='ltr'><strong>displicet</strong></span> <span class='ocrx_word' id='word_1_517' title='bbox 2051 3600 2134 3655; x_wconf 81' lang='lat' dir='ltr'><strong>fa-</strong></span> 
     </span>
    </p>
   </div>
   <div class='ocr_carea' id='block_1_67' title="bbox 539 3683 2132 3751">
    <p class='ocr_par' dir='ltr' id='par_1_67' title="bbox 539 3683 2132 3751">
     <span class='ocr_line' id='line_1_67' title="bbox 539 3683 2132 3751; baseline 0.011 -20"><span class='ocrx_word' id='word_1_518' title='bbox 539 3683 719 3744; x_wconf 82' lang='lat' dir='ltr'><strong>ctum,</strong></span> <span class='ocrx_word' id='word_1_519' title='bbox 749 3693 1023 3748; x_wconf 88' lang='lat' dir='ltr'><strong>nunquam</strong></span> <span class='ocrx_word' id='word_1_520' title='bbox 1061 3684 1237 3751; x_wconf 90' lang='lat' dir='ltr'><strong>potuit</strong></span> <span class='ocrx_word' id='word_1_521' title='bbox 1265 3685 1332 3738; x_wconf 93' lang='lat' dir='ltr'><strong>ab</strong></span> <span class='ocrx_word' id='word_1_522' title='bbox 1362 3700 1428 3740; x_wconf 90' lang='lat' dir='ltr'><strong>eo</strong></span> <span class='ocrx_word' id='word_1_523' title='bbox 1458 3694 1517 3741; x_wconf 88' lang='lat' dir='ltr'><strong>ut</strong></span> <span class='ocrx_word' id='word_1_524' title='bbox 1538 3687 1691 3742; x_wconf 82' lang='lat' dir='ltr'><strong>ﬁeret</strong></span> <span class='ocrx_word' id='word_1_525' title='bbox 1713 3687 1739 3727; x_wconf 70' lang='grc' dir='ltr'>δ</span> <span class='ocrx_word' id='word_1_526' title='bbox 1762 3693 2132 3748; x_wconf 89' lang='lat' dir='ltr'><strong>constitutum.</strong></span> 
     </span>
    </p>
   </div>
   <div class='ocr_carea' id='block_1_68' title="bbox 537 3767 2134 3854">
    <p class='ocr_par' dir='ltr' id='par_1_68' title="bbox 537 3767 2134 3854">
     <span class='ocr_line' id='line_1_68' title="bbox 537 3767 2134 3854; baseline 0.011 -29"><span class='ocrx_word' id='word_1_527' title='bbox 537 3767 810 3841; x_wconf 80' lang='lat' dir='ltr'><strong>Perquem</strong></span> <span class='ocrx_word' id='word_1_528' title='bbox 852 3774 996 3829; x_wconf 91' lang='lat' dir='ltr'><strong>enim</strong></span> <span class='ocrx_word' id='word_1_529' title='bbox 1036 3777 1256 3831; x_wconf 90' lang='lat' dir='ltr'><strong>stultum</strong></span> <span class='ocrx_word' id='word_1_530' title='bbox 1288 3786 1395 3846; x_wconf 88' lang='lat' dir='ltr'><strong>est,</strong></span> <span class='ocrx_word' id='word_1_531' title='bbox 1447 3781 1490 3835; x_wconf 89' lang='lat' dir='ltr'><strong>si</strong></span> <span class='ocrx_word' id='word_1_532' title='bbox 1521 3782 1693 3852; x_wconf 87' lang='lat' dir='ltr'><strong>ipsum</strong></span> <span class='ocrx_word' id='word_1_533' title='bbox 1723 3785 2134 3854; x_wconf 70' lang='lat' dir='ltr'><strong>prmdeslinato-</strong></span> 
     </span>
    </p>
   </div>
   <div class='ocr_carea' id='block_1_69' title="bbox 539 3862 2135 3941">
    <p class='ocr_par' dir='ltr' id='par_1_69' title="bbox 539 3862 2135 3941">
     <span class='ocr_line' id='line_1_69' title="bbox 539 3862 2135 3941; baseline 0.012 -27"><span class='ocrx_word' id='word_1_534' title='bbox 539 3873 659 3915; x_wconf 88' lang='lat' dir='ltr'><strong>rem</strong></span> <span class='ocrx_word' id='word_1_535' title='bbox 687 3862 938 3918; x_wconf 90' lang='lat' dir='ltr'><strong>eumdem</strong></span> <span class='ocrx_word' id='word_1_536' title='bbox 966 3864 1337 3922; x_wconf 87' lang='lat' dir='ltr'><strong>damnatorem</strong></span> <span class='ocrx_word' id='word_1_537' title='bbox 1369 3885 1594 3941; x_wconf 90' lang='lat' dir='ltr'><strong>operum</strong></span> <span class='ocrx_word' id='word_1_538' title='bbox 1624 3874 1918 3930; x_wconf 84' lang='lat' dir='ltr'><strong>conﬁteris.</strong></span> <span class='ocrx_word' id='word_1_539' title='bbox 1950 3877 2135 3933; x_wconf 85' lang='lat' dir='ltr'><strong>Nullus</strong></span> 
     </span>
    </p>
   </div>
   <div class='ocr_carea' id='block_1_70' title="bbox 516 3951 2180 4036">
    <p class='ocr_par' dir='ltr' id='par_1_70' title="bbox 516 3951 2180 4036">
     <span class='ocr_line' id='line_1_70' title="bbox 516 3951 2180 4036; baseline 0.012 -31"><span class='ocrx_word' id='word_1_540' title='bbox 516 3951 685 4007; x_wconf 83' lang='lat' dir='ltr'><strong>enim</strong></span> <span class='ocrx_word' id='word_1_541' title='bbox 726 3961 834 4008; x_wconf 89' lang='lat' dir='ltr'><strong>tam</strong></span> <span class='ocrx_word' id='word_1_542' title='bbox 865 3956 1058 4026; x_wconf 91' lang='lat' dir='ltr'><strong>impius</strong></span> <span class='ocrx_word' id='word_1_543' title='bbox 1099 3973 1259 4027; x_wconf 91' lang='lat' dir='ltr'><strong>quam</strong></span> <span class='ocrx_word' id='word_1_544' title='bbox 1289 3961 1333 4015; x_wconf 91' lang='lat' dir='ltr'><strong>is</strong></span> <span class='ocrx_word' id='word_1_545' title='bbox 1362 3963 1453 4031; x_wconf 91' lang='lat' dir='ltr'><strong>qui</strong></span> <span class='ocrx_word' id='word_1_546' title='bbox 1483 3979 1596 4018; x_wconf 90' lang='lat' dir='ltr'><strong>rem</strong></span> <span class='ocrx_word' id='word_1_547' title='bbox 1631 3980 1662 4018; x_wconf 92' lang='lat' dir='ltr'><strong>a</strong></span> <span class='ocrx_word' id='word_1_548' title='bbox 1692 3981 1749 4019; x_wconf 91' lang='lat' dir='ltr'><strong>se</strong></span> <span class='ocrx_word' id='word_1_549' title='bbox 1799 3969 2132 4036; x_wconf 68' lang='lat' dir='ltr'><strong>praeordina-</strong></span> <span class='ocrx_word' id='word_1_550' title='bbox 2170 4015 2180 4024; x_wconf 93' lang='lat'><strong>.</strong></span> 
     </span>
    </p>
   </div>
   <div class='ocr_carea' id='block_1_71' title="bbox 536 4042 2133 4131">
    <p class='ocr_par' dir='ltr' id='par_1_71' title="bbox 536 4042 2133 4131">
     <span class='ocr_line' id='line_1_71' title="bbox 536 4042 2133 4131; baseline 0.014 -37"><span class='ocrx_word' id='word_1_551' title='bbox 536 4045 651 4094; x_wconf 80' lang='lat' dir='ltr'><strong>tam</strong></span> <span class='ocrx_word' id='word_1_552' title='bbox 679 4042 1001 4110; x_wconf 79' lang='lat' dir='ltr'><strong>exhorreat,</strong></span> <span class='ocrx_word' id='word_1_553' title='bbox 1036 4055 1090 4102; x_wconf 86' lang='lat' dir='ltr'><strong>et</strong></span> <span class='ocrx_word' id='word_1_554' title='bbox 1119 4049 1170 4102; x_wconf 89' lang='lat' dir='ltr'><strong>id</strong></span> <span class='ocrx_word' id='word_1_555' title='bbox 1199 4052 1387 4118; x_wconf 89' lang='lat' dir='ltr'><strong>puniat</strong></span> <span class='ocrx_word' id='word_1_556' title='bbox 1417 4053 1611 4108; x_wconf 86' lang='lat' dir='ltr'><strong>factum</strong></span> <span class='ocrx_word' id='word_1_557' title='bbox 1630 4097 1644 4121; x_wconf 91' lang='lat'><strong>,</strong></span> <span class='ocrx_word' id='word_1_558' title='bbox 1677 4057 1821 4126; x_wconf 92' lang='lat' dir='ltr'><strong>quod</strong></span> <span class='ocrx_word' id='word_1_559' title='bbox 1853 4059 1968 4129; x_wconf 90' lang='lat' dir='ltr'><strong>ipse</strong></span> <span class='ocrx_word' id='word_1_560' title='bbox 1996 4077 2133 4131; x_wconf 69' lang='lat' dir='ltr'><strong>prie-</strong></span> 
     </span>
    </p>
   </div>
   <div class='ocr_carea' id='block_1_72' title="bbox 538 4129 2132 4210">
    <p class='ocr_par' dir='ltr' id='par_1_72' title="bbox 538 4129 2132 4210">
     <span class='ocr_line' id='line_1_72' title="bbox 538 4129 2132 4210; baseline 0.014 -24"><span class='ocrx_word' id='word_1_561' title='bbox 538 4129 810 4187; x_wconf 87' lang='lat' dir='ltr'><strong>ordinavit</strong></span> <span class='ocrx_word' id='word_1_562' title='bbox 854 4142 914 4189; x_wconf 89' lang='lat' dir='ltr'><strong>ut</strong></span> <span class='ocrx_word' id='word_1_563' title='bbox 963 4136 1134 4192; x_wconf 83' lang='lat' dir='ltr'><strong>ﬁeret.</strong></span> <span class='ocrx_word' id='word_1_564' title='bbox 1177 4138 1288 4195; x_wconf 87' lang='lat' dir='ltr'><strong>Nisi</strong></span> <span class='ocrx_word' id='word_1_565' title='bbox 1331 4142 1374 4196; x_wconf 89' lang='lat' dir='ltr'><strong>si</strong></span> <span class='ocrx_word' id='word_1_566' title='bbox 1404 4142 1561 4210; x_wconf 79' lang='lat' dir='ltr'><strong>forte,</strong></span> <span class='ocrx_word' id='word_1_567' title='bbox 1597 4149 1777 4203; x_wconf 89' lang='lat' dir='ltr'><strong>animo</strong></span> <span class='ocrx_word' id='word_1_568' title='bbox 1809 4151 1876 4204; x_wconf 89' lang='lat' dir='ltr'><strong>ad</strong></span> <span class='ocrx_word' id='word_1_569' title='bbox 1906 4129 2132 4209; x_wconf 80' lang='lat' dir='ltr'><strong>meliora</strong></span> 
     </span>
    </p>
   </div>
   <div class='ocr_carea' id='block_1_73' title="bbox 537 4227 2133 4312">
    <p class='ocr_par' dir='ltr' id='par_1_73' title="bbox 537 4227 2133 4312">
     <span class='ocr_line' id='line_1_73' title="bbox 537 4227 2133 4312; baseline 0.016 -39"><span class='ocrx_word' id='word_1_570' title='bbox 537 4235 833 4289; x_wconf 89' lang='lat' dir='ltr'><strong>converso,</strong></span> <span class='ocrx_word' id='word_1_571' title='bbox 865 4227 1224 4284; x_wconf 86' lang='lat' dir='ltr'><strong>mutabilitate</strong></span> <span class='ocrx_word' id='word_1_572' title='bbox 1252 4233 1492 4299; x_wconf 90' lang='lat' dir='ltr'><strong>consilii,</strong></span> <span class='ocrx_word' id='word_1_573' title='bbox 1544 4237 1687 4303; x_wconf 86' lang='lat' dir='ltr'><strong>quod</strong></span> <span class='ocrx_word' id='word_1_574' title='bbox 1728 4240 1875 4307; x_wconf 91' lang='lat' dir='ltr'><strong>prius</strong></span> <span class='ocrx_word' id='word_1_575' title='bbox 1904 4241 2030 4296; x_wconf 83' lang='lat' dir='ltr'><strong>fecit</strong></span> <span class='ocrx_word' id='word_1_576' title='bbox 2052 4243 2133 4312; x_wconf 88' lang='lat' dir='ltr'><strong>ju-</strong></span> 
     </span>
    </p>
   </div>
   <div class='ocr_carea' id='block_1_74' title="bbox 538 4307 2132 4395">
    <p class='ocr_par' dir='ltr' id='par_1_74' title="bbox 538 4307 2132 4395">
     <span class='ocr_line' id='line_1_74' title="bbox 538 4307 2132 4395; baseline 0.018 -33"><span class='ocrx_word' id='word_1_577' title='bbox 538 4307 684 4364; x_wconf 90' lang='lat' dir='ltr'><strong>dicat</strong></span> <span class='ocrx_word' id='word_1_578' title='bbox 712 4323 832 4366; x_wconf 88' lang='lat' dir='ltr'><strong>esse</strong></span> <span class='ocrx_word' id='word_1_579' title='bbox 873 4315 1232 4372; x_wconf 89' lang='lat' dir='ltr'><strong>damnandum</strong></span> <span class='ocrx_word' id='word_1_580' title='bbox 1252 4359 1266 4383; x_wconf 97' lang='lat'><strong>,</strong></span> <span class='ocrx_word' id='word_1_581' title='bbox 1298 4323 1446 4390; x_wconf 91' lang='lat' dir='ltr'><strong>quod</strong></span> <span class='ocrx_word' id='word_1_582' title='bbox 1483 4327 1575 4392; x_wconf 92' lang='lat' dir='ltr'><strong>qui</strong></span> <span class='ocrx_word' id='word_1_583' title='bbox 1606 4329 1716 4395; x_wconf 82' lang='lat' dir='ltr'><strong>agit</strong></span> <span class='ocrx_word' id='word_1_584' title='bbox 1744 4330 1988 4387; x_wconf 85' lang='lat' dir='ltr'><strong>doctrina</strong></span> <span class='ocrx_word' id='word_1_585' title='bbox 2019 4307 2132 4392; x_wconf 80' lang='lat' dir='ltr'><strong>me-</strong></span> 
     </span>
    </p>
   </div>
   <div class='ocr_carea' id='block_1_75' title="bbox 531 4396 2130 4490">
    <p class='ocr_par' dir='ltr' id='par_1_75' title="bbox 531 4396 2130 4490">
     <span class='ocr_line' id='line_1_75' title="bbox 531 4396 2130 4490; baseline 0.017 -34"><span class='ocrx_word' id='word_1_586' title='bbox 531 4396 688 4456; x_wconf 81' lang='lat' dir='ltr'><strong>lioris</strong></span> <span class='ocrx_word' id='word_1_587' title='bbox 730 4401 1040 4473; x_wconf 90' lang='lat' dir='ltr'><strong>impellitur.</strong></span> <span class='ocrx_word' id='word_1_588' title='bbox 1084 4409 1186 4482; x_wconf 85' lang='lat' dir='ltr'><strong>Qui</strong></span> <span class='ocrx_word' id='word_1_589' title='bbox 1237 4427 1362 4467; x_wconf 88' lang='lat' dir='ltr'><strong>vero</strong></span> <span class='ocrx_word' id='word_1_590' title='bbox 1392 4415 1446 4469; x_wconf 91' lang='lat' dir='ltr'><strong>in</strong></span> <span class='ocrx_word' id='word_1_591' title='bbox 1487 4419 1888 4490; x_wconf 65' lang='lat' dir='ltr'><strong>omnipotentiae</strong></span> <span class='ocrx_word' id='word_1_592' title='bbox 1934 4427 2130 4484; x_wconf 90' lang='lat' dir='ltr'><strong>virtute</strong></span> 
     </span>
    </p>
   </div>
   <div class='ocr_carea' id='block_1_76' title="bbox 535 4494 2129 4583">
    <p class='ocr_par' dir='ltr' id='par_1_76' title="bbox 535 4494 2129 4583">
     <span class='ocr_line' id='line_1_76' title="bbox 535 4494 2129 4583; baseline 0.017 -36"><span class='ocrx_word' id='word_1_593' title='bbox 535 4494 811 4561; x_wconf 90' lang='lat' dir='ltr'><strong>consistit,</strong></span> <span class='ocrx_word' id='word_1_594' title='bbox 865 4504 920 4551; x_wconf 88' lang='lat' dir='ltr'><strong>et</strong></span> <span class='ocrx_word' id='word_1_595' title='bbox 953 4514 1055 4555; x_wconf 90' lang='lat' dir='ltr'><strong>nec</strong></span> <span class='ocrx_word' id='word_1_596' title='bbox 1099 4516 1282 4570; x_wconf 90' lang='lat' dir='ltr'><strong>parem</strong></span> <span class='ocrx_word' id='word_1_597' title='bbox 1310 4507 1492 4573; x_wconf 90' lang='lat' dir='ltr'><strong>novit,</strong></span> <span class='ocrx_word' id='word_1_598' title='bbox 1525 4526 1627 4565; x_wconf 90' lang='lat' dir='ltr'><strong>nec</strong></span> <span class='ocrx_word' id='word_1_599' title='bbox 1653 4515 1986 4583; x_wconf 89' lang='lat' dir='ltr'><strong>superiorem</strong></span> <span class='ocrx_word' id='word_1_600' title='bbox 2016 4535 2129 4574; x_wconf 90' lang='lat' dir='ltr'><strong>me-</strong></span> 
     </span>
    </p>
   </div>
   <div class='ocr_carea' id='block_1_77' title="bbox 535 4583 2209 4675">
    <p class='ocr_par' dir='ltr' id='par_1_77' title="bbox 535 4583 2209 4675">
     <span class='ocr_line' id='line_1_77' title="bbox 535 4583 2209 4675; baseline 0.019 -39"><span class='ocrx_word' id='word_1_601' title='bbox 535 4583 674 4664; x_wconf 87' lang='lat' dir='ltr'><strong>tuit,</strong></span> <span class='ocrx_word' id='word_1_602' title='bbox 705 4585 867 4642; x_wconf 89' lang='lat' dir='ltr'><strong>dicite</strong></span> <span class='ocrx_word' id='word_1_603' title='bbox 903 4590 1059 4646; x_wconf 90' lang='lat' dir='ltr'><strong>nobis</strong></span> <span class='ocrx_word' id='word_1_604' title='bbox 1102 4584 1632 4663; x_wconf 69' lang='lat' dir='ltr'><strong>pmdestinationem</strong></span> <span class='ocrx_word' id='word_1_605' title='bbox 1659 4618 1809 4658; x_wconf 89' lang='lat' dir='ltr'><strong>suam</strong></span> <span class='ocrx_word' id='word_1_606' title='bbox 1839 4622 1946 4675; x_wconf 92' lang='lat' dir='ltr'><strong>quo</strong></span> <span class='ocrx_word' id='word_1_607' title='bbox 1975 4626 2126 4665; x_wconf 91' lang='lat' dir='ltr'><strong>com-</strong></span> <span class='ocrx_word' id='word_1_608' title='bbox 2156 4599 2209 4658; x_wconf 83' lang='lat' dir='ltr'><strong>D</strong></span> 
     </span>
    </p>
   </div>
   <div class='ocr_carea' id='block_1_78' title="bbox 528 4674 2128 4768">
    <p class='ocr_par' dir='ltr' id='par_1_78' title="bbox 528 4674 2128 4768">
     <span class='ocr_line' id='line_1_78' title="bbox 528 4674 2128 4768; baseline 0.018 -40"><span class='ocrx_word' id='word_1_609' title='bbox 528 4674 767 4745; x_wconf 85' lang='lat' dir='ltr'><strong>pellente</strong></span> <span class='ocrx_word' id='word_1_610' title='bbox 813 4677 1125 4738; x_wconf 83' lang='lat' dir='ltr'><strong>damnavit?</strong></span> <span class='ocrx_word' id='word_1_611' title='bbox 1172 4687 1298 4756; x_wconf 91' lang='lat' dir='ltr'><strong>quia</strong></span> <span class='ocrx_word' id='word_1_612' title='bbox 1345 4689 1392 4744; x_wconf 93' lang='lat' dir='ltr'><strong>si</strong></span> <span class='ocrx_word' id='word_1_613' title='bbox 1437 4692 1806 4760; x_wconf 85' lang='lat' dir='ltr'><strong>praedestinati</strong></span> <span class='ocrx_word' id='word_1_614' title='bbox 1843 4674 2007 4768; x_wconf 89' lang='lat' dir='ltr'><strong>opera</strong></span> <span class='ocrx_word' id='word_1_615' title='bbox 2036 4717 2128 4758; x_wconf 90' lang='lat' dir='ltr'><strong>rea</strong></span> 
     </span>
    </p>
   </div>
   <div class='ocr_carea' id='block_1_79' title="bbox 525 4770 2123 4848">
    <p class='ocr_par' dir='ltr' id='par_1_79' title="bbox 525 4770 2123 4848">
     <span class='ocr_line' id='line_1_79' title="bbox 525 4770 2123 4848; baseline 0.019 -29"><span class='ocrx_word' id='word_1_616' title='bbox 525 4774 640 4833; x_wconf 82' lang='lat' dir='ltr'><strong>est,</strong></span> <span class='ocrx_word' id='word_1_617' title='bbox 665 4770 836 4825; x_wconf 88' lang='lat' dir='ltr'><strong>multo</strong></span> <span class='ocrx_word' id='word_1_618' title='bbox 863 4775 1036 4843; x_wconf 90' lang='lat' dir='ltr'><strong>magis</strong></span> <span class='ocrx_word' id='word_1_619' title='bbox 1065 4778 1498 4846; x_wconf 68' lang='lat' dir='ltr'><strong>praadestinantis</strong></span> <span class='ocrx_word' id='word_1_620' title='bbox 1527 4785 1796 4841; x_wconf 88' lang='lat' dir='ltr'><strong>ordinatio</strong></span> <span class='ocrx_word' id='word_1_621' title='bbox 1817 4790 2123 4848; x_wconf 90' lang='lat' dir='ltr'><strong>criminosa.</strong></span> 
     </span>
    </p>
   </div>
   <div class='ocr_carea' id='block_1_80' title="bbox 532 4856 2128 4950">
    <p class='ocr_par' dir='ltr' id='par_1_80' title="bbox 532 4856 2128 4950">
     <span class='ocr_line' id='line_1_80' title="bbox 532 4856 2128 4950; baseline 0.016 -36"><span class='ocrx_word' id='word_1_622' title='bbox 532 4856 594 4914; x_wconf 91' lang='lat' dir='ltr'><strong>Si</strong></span> <span class='ocrx_word' id='word_1_623' title='bbox 621 4861 764 4915; x_wconf 89' lang='lat' dir='ltr'><strong>enim</strong></span> <span class='ocrx_word' id='word_1_624' title='bbox 795 4863 839 4918; x_wconf 92' lang='lat' dir='ltr'><strong>is</strong></span> <span class='ocrx_word' id='word_1_625' title='bbox 867 4867 958 4934; x_wconf 90' lang='lat' dir='ltr'><strong>qui</strong></span> <span class='ocrx_word' id='word_1_626' title='bbox 987 4869 1399 4937; x_wconf 71' lang='lat' dir='ltr'><strong>przedestinatus</strong></span> <span class='ocrx_word' id='word_1_627' title='bbox 1427 4884 1536 4942; x_wconf 88' lang='lat' dir='ltr'><strong>est,</strong></span> <span class='ocrx_word' id='word_1_628' title='bbox 1577 4893 1676 4947; x_wconf 90' lang='lat' dir='ltr'><strong>per</strong></span> <span class='ocrx_word' id='word_1_629' title='bbox 1701 4882 2128 4950; x_wconf 70' lang='lat' dir='ltr'><strong>prmdestinatio-</strong></span> 
     </span>
    </p>
   </div>
   <div class='ocr_carea' id='block_1_81' title="bbox 531 4951 2129 5043">
    <p class='ocr_par' dir='ltr' id='par_1_81' title="bbox 531 4951 2129 5043">
     <span class='ocr_line' id='line_1_81' title="bbox 531 4951 2129 5043; baseline 0.018 -41"><span class='ocrx_word' id='word_1_630' title='bbox 531 4963 660 5005; x_wconf 88' lang='lat' dir='ltr'><strong>nem</strong></span> <span class='ocrx_word' id='word_1_631' title='bbox 687 4951 856 5022; x_wconf 86' lang='lat' dir='ltr'><strong>ipsam</strong></span> <span class='ocrx_word' id='word_1_632' title='bbox 883 4971 1006 5012; x_wconf 90' lang='lat' dir='ltr'><strong>reus</strong></span> <span class='ocrx_word' id='word_1_633' title='bbox 1036 4967 1146 5026; x_wconf 82' lang='lat' dir='ltr'><strong>est;</strong></span> <span class='ocrx_word' id='word_1_634' title='bbox 1190 4972 1394 5031; x_wconf 87' lang='lat' dir='ltr'><strong>quanto</strong></span> <span class='ocrx_word' id='word_1_635' title='bbox 1429 4968 1602 5036; x_wconf 83' lang='lat' dir='ltr'><strong>magis</strong></span> <span class='ocrx_word' id='word_1_636' title='bbox 1630 4969 1721 5025; x_wconf 88' lang='lat' dir='ltr'><strong>ille</strong></span> <span class='ocrx_word' id='word_1_637' title='bbox 1751 4972 1902 5040; x_wconf 90' lang='lat' dir='ltr'><strong>cujus</strong></span> <span class='ocrx_word' id='word_1_638' title='bbox 1929 4977 2129 5043; x_wconf 65' lang='lat' dir='ltr'><strong>prmde-</strong></span> 
     </span>
    </p>
   </div>
   <div class='ocr_carea' id='block_1_82' title="bbox 531 5039 2125 5129">
    <p class='ocr_par' dir='ltr' id='par_1_82' title="bbox 531 5039 2125 5129">
     <span class='ocr_line' id='line_1_82' title="bbox 531 5039 2125 5129; baseline 0.019 -37"><span class='ocrx_word' id='word_1_639' title='bbox 531 5039 754 5097; x_wconf 86' lang='lat' dir='ltr'><strong>stinatio</strong></span> <span class='ocrx_word' id='word_1_640' title='bbox 783 5042 921 5100; x_wconf 83' lang='lat' dir='ltr'><strong>facta</strong></span> <span class='ocrx_word' id='word_1_641' title='bbox 951 5057 1051 5112; x_wconf 89' lang='lat' dir='ltr'><strong>est,</strong></span> <span class='ocrx_word' id='word_1_642' title='bbox 1084 5060 1309 5108; x_wconf 88' lang='lat' dir='ltr'><strong>vocatur</strong></span> <span class='ocrx_word' id='word_1_643' title='bbox 1330 5055 1385 5110; x_wconf 95' lang='lat' dir='ltr'><strong>in</strong></span> <span class='ocrx_word' id='word_1_644' title='bbox 1413 5059 1668 5129; x_wconf 89' lang='lat' dir='ltr'><strong>culpam?</strong></span> <span class='ocrx_word' id='word_1_645' title='bbox 1701 5039 1902 5118; x_wconf 88' lang='lat' dir='ltr'><strong>Cavete</strong></span> <span class='ocrx_word' id='word_1_646' title='bbox 1920 5039 1945 5128; x_wconf 59' lang='grc' dir='ltr'><em>ξ</em></span> <span class='ocrx_word' id='word_1_647' title='bbox 1968 5067 2125 5122; x_wconf 88' lang='lat' dir='ltr'><strong>obsc-</strong></span> 
     </span>
    </p>
   </div>
   <div class='ocr_carea' id='block_1_83' title="bbox 532 5136 2124 5215">
    <p class='ocr_par' dir='ltr' id='par_1_83' title="bbox 532 5136 2124 5215">
     <span class='ocr_line' id='line_1_83' title="bbox 532 5136 2124 5215; baseline 0.019 -31"><span class='ocrx_word' id='word_1_648' title='bbox 532 5145 649 5198; x_wconf 88' lang='lat' dir='ltr'><strong>cro,</strong></span> <span class='ocrx_word' id='word_1_649' title='bbox 683 5149 751 5188; x_wconf 90' lang='lat' dir='ltr'><strong>ne</strong></span> <span class='ocrx_word' id='word_1_650' title='bbox 780 5136 893 5192; x_wconf 66' lang='lat' dir='ltr'><strong>haec</strong></span> <span class='ocrx_word' id='word_1_651' title='bbox 916 5140 1202 5198; x_wconf 90' lang='lat' dir='ltr'><strong>adulterini</strong></span> <span class='ocrx_word' id='word_1_652' title='bbox 1227 5149 1447 5204; x_wconf 89' lang='lat' dir='ltr'><strong>seminis</strong></span> <span class='ocrx_word' id='word_1_653' title='bbox 1468 5152 1668 5207; x_wconf 86' lang='lat' dir='ltr'><strong>zizania</strong></span> <span class='ocrx_word' id='word_1_654' title='bbox 1700 5165 1852 5211; x_wconf 90' lang='lat' dir='ltr'><strong>casto</strong></span> <span class='ocrx_word' id='word_1_655' title='bbox 1872 5156 2124 5215; x_wconf 72' lang='lat' dir='ltr'><strong>Ecclesia:</strong></span> 
     </span>
    </p>
   </div>
   <div class='ocr_carea' id='block_1_84' title="bbox 530 5224 2121 5323">
    <p class='ocr_par' dir='ltr' id='par_1_84' title="bbox 530 5224 2121 5323">
     <span class='ocr_line' id='line_1_84' title="bbox 530 5224 2121 5323; baseline 0.02 -44"><span class='ocrx_word' id='word_1_656' title='bbox 530 5224 770 5296; x_wconf 78' lang='lat' dir='ltr'><strong>dogmati</strong></span> <span class='ocrx_word' id='word_1_657' title='bbox 812 5244 1167 5304; x_wconf 82' lang='lat' dir='ltr'><strong>aspergantur</strong></span> <span class='ocrx_word' id='word_1_658' title='bbox 1192 5257 1204 5290; x_wconf 89' lang='lat'>:</span> <span class='ocrx_word' id='word_1_659' title='bbox 1248 5243 1372 5310; x_wconf 89' lang='lat' dir='ltr'><strong>quia</strong></span> <span class='ocrx_word' id='word_1_660' title='bbox 1399 5255 1685 5313; x_wconf 90' lang='lat' dir='ltr'><strong>peccatum</strong></span> <span class='ocrx_word' id='word_1_661' title='bbox 1712 5266 1821 5306; x_wconf 89' lang='lat' dir='ltr'><strong>non</strong></span> <span class='ocrx_word' id='word_1_662' title='bbox 1851 5268 1883 5305; x_wconf 89' lang='lat' dir='ltr'><strong>a</strong></span> <span class='ocrx_word' id='word_1_663' title='bbox 1913 5256 2121 5323; x_wconf 62' lang='lat' dir='ltr'><strong>prcede-</strong></span> 
     </span>
    </p>
   </div>
   <div class='ocr_carea' id='block_1_85' title="bbox 527 5319 2114 5408">
    <p class='ocr_par' dir='ltr' id='par_1_85' title="bbox 527 5319 2114 5408">
     <span class='ocr_line' id='line_1_85' title="bbox 527 5319 2114 5408; baseline 0.021 -37"><span class='ocrx_word' id='word_1_664' title='bbox 527 5319 764 5379; x_wconf 81' lang='lat' dir='ltr'><strong>stinante</strong></span> <span class='ocrx_word' id='word_1_665' title='bbox 810 5325 1073 5397; x_wconf 89' lang='lat' dir='ltr'><strong>dirigitur,</strong></span> <span class='ocrx_word' id='word_1_666' title='bbox 1123 5333 1218 5387; x_wconf 91' lang='lat' dir='ltr'><strong>sed</strong></span> <span class='ocrx_word' id='word_1_667' title='bbox 1264 5349 1318 5389; x_wconf 26' lang='lat' dir='ltr'><strong>ar</strong></span> <span class='ocrx_word' id='word_1_668' title='bbox 1350 5335 1694 5408; x_wconf 88' lang='lat' dir='ltr'><strong>delinquente</strong></span> <span class='ocrx_word' id='word_1_669' title='bbox 1745 5319 2114 5407; x_wconf 73' lang='lat' dir='ltr'><strong>committitur.</strong></span> 
     </span>
    </p>
   </div>
   <div class='ocr_carea' id='block_1_86' title="bbox 601 5499 1618 5582">
    <p class='ocr_par' dir='ltr' id='par_1_86' title="bbox 601 5499 1618 5582">
     <span class='ocr_line' id='line_1_86' title="bbox 601 5499 1618 5582; baseline 0.019 -30"><span class='ocrx_word' id='word_1_670' title='bbox 601 5510 629 5582; x_wconf 61' lang='grc' dir='ltr'>ξι</span> <span class='ocrx_word' id='word_1_671' title='bbox 667 5499 766 5582; x_wconf 53' lang='lat' dir='ltr'><strong>his.</strong></span> <span class='ocrx_word' id='word_1_672' title='bbox 801 5505 1086 5582; x_wconf 38' lang='lat' dir='ltr'><strong>Augiense,</strong></span> <span class='ocrx_word' id='word_1_673' title='bbox 1120 5517 1274 5582; x_wconf 82' lang='lat' dir='ltr'><strong>atque</strong></span> <span class='ocrx_word' id='word_1_674' title='bbox 1302 5523 1618 5582; x_wconf 81' lang='lat' dir='ltr'><strong>peccantem.</strong></span> 
     </span>
    </p>
   </div>
   <div class='ocr_carea' id='block_1_87' title="bbox 599 5569 1257 5640">
    <p class='ocr_par' dir='ltr' id='par_1_87' title="bbox 599 5569 1257 5640">
     <span class='ocr_line' id='line_1_87' title="bbox 599 5569 1257 5640; baseline 0.012 -18"><span class='ocrx_word' id='word_1_675' title='bbox 599 5569 626 5609; x_wconf 77' lang='grc' dir='ltr'><strong>ι)</strong></span> <span class='ocrx_word' id='word_1_676' title='bbox 675 5569 772 5624; x_wconf 88' lang='lat' dir='ltr'><strong>Ms.</strong></span> <span class='ocrx_word' id='word_1_677' title='bbox 805 5569 964 5640; x_wconf 83' lang='lat' dir='ltr'><strong>idem,</strong></span> <span class='ocrx_word' id='word_1_678' title='bbox 998 5569 1257 5630; x_wconf 68' lang='lat' dir='ltr'><strong>constitui.</strong></span> 
     </span>
    </p>
   </div>
   <div class='ocr_carea' id='block_1_88' title="bbox 531 5642 2114 5765">
    <p class='ocr_par' dir='ltr' id='par_1_88' title="bbox 531 5642 2114 5765">
     <span class='ocr_line' id='line_1_88' title="bbox 531 5642 2114 5765; baseline 0.016 -70"><span class='ocrx_word' id='word_1_679' title='bbox 531 5651 627 5765; x_wconf 55' lang='lat' dir='ltr'><strong>et:</strong></span> <span class='ocrx_word' id='word_1_680' title='bbox 666 5642 764 5697; x_wconf 85' lang='lat' dir='ltr'><strong>Ms.</strong></span> <span class='ocrx_word' id='word_1_681' title='bbox 801 5643 940 5699; x_wconf 88' lang='lat' dir='ltr'><strong>idem</strong></span> <span class='ocrx_word' id='word_1_682' title='bbox 987 5666 1000 5700; x_wconf 88' lang='lat'><strong>:</strong></span> <span class='ocrx_word' id='word_1_683' title='bbox 1042 5647 1104 5700; x_wconf 92' lang='lat' dir='ltr'><strong>ll.</strong></span> <span class='ocrx_word' id='word_1_684' title='bbox 1152 5647 1448 5706; x_wconf 67' lang='lat' dir='ltr'><strong>HBRETICI.</strong></span> <span class='ocrx_word' id='word_1_685' title='bbox 1503 5653 1792 5710; x_wconf 83' lang='lat' dir='ltr'><strong>Occurrunt</strong></span> <span class='ocrx_word' id='word_1_686' title='bbox 1841 5661 1935 5715; x_wconf 84' lang='lat' dir='ltr'><strong>hoc</strong></span> <span class='ocrx_word' id='word_1_687' title='bbox 1982 5665 2114 5731; x_wconf 90' lang='lat' dir='ltr'><strong>loco,</strong></span> 
     </span>
    </p>
   </div>
   <div class='ocr_carea' id='block_1_89' title="bbox 607 5748 637 5771">
    <p class='ocr_par' dir='ltr' id='par_1_89' title="bbox 607 5748 637 5771">
     <span class='ocr_line' id='line_1_89' title="bbox 607 5748 637 5771; baseline 0 0"><span class='ocrx_word' id='word_1_688' title='bbox 607 5748 637 5771; x_wconf 70' lang='grc'><strong>’9</strong></span> 
     </span>
    </p>
   </div>
   <div class='ocr_carea' id='block_1_90' title="bbox 599 5777 1801 5854">
    <p class='ocr_par' dir='ltr' id='par_1_90' title="bbox 599 5777 1801 5854">
     <span class='ocr_line' id='line_1_90' title="bbox 599 5777 1801 5854; baseline 0.017 -20"><span class='ocrx_word' id='word_1_689' title='bbox 599 5777 627 5819; x_wconf 69' lang='grc' dir='ltr'><strong><em>ἀ</em></strong></span> <span class='ocrx_word' id='word_1_690' title='bbox 665 5781 763 5839; x_wconf 83' lang='lat' dir='ltr'><strong>Ms.</strong></span> <span class='ocrx_word' id='word_1_691' title='bbox 798 5784 954 5851; x_wconf 85' lang='lat' dir='ltr'><strong>idem,</strong></span> <span class='ocrx_word' id='word_1_692' title='bbox 987 5788 1298 5849; x_wconf 73' lang='lat' dir='ltr'><strong>Cnuoucr.</strong></span> <span class='ocrx_word' id='word_1_693' title='bbox 1341 5794 1620 5852; x_wconf 73' lang='lat' dir='ltr'><strong>Videamus</strong></span> <span class='ocrx_word' id='word_1_694' title='bbox 1647 5815 1801 5854; x_wconf 85' lang='lat' dir='ltr'><strong>nunc.</strong></span> 
     </span>
    </p>
   </div>
   <div class='ocr_carea' id='block_1_91' title="bbox 2241 3329 3832 3406">
    <p class='ocr_par' dir='ltr' id='par_1_91' title="bbox 2241 3329 3832 3406">
     <span class='ocr_line' id='line_1_91' title="bbox 2241 3329 3832 3406; baseline 0.01 -26"><span class='ocrx_word' id='word_1_695' title='bbox 2241 3342 2349 3382; x_wconf 93' lang='lat' dir='ltr'><strong>non</strong></span> <span class='ocrx_word' id='word_1_696' title='bbox 2374 3337 2577 3398; x_wconf 88' lang='lat' dir='ltr'><strong>parcat.</strong></span> <span class='ocrx_word' id='word_1_697' title='bbox 2638 3329 2890 3396; x_wconf 88' lang='lat' dir='ltr'><strong>Quotidie</strong></span> <span class='ocrx_word' id='word_1_698' title='bbox 2925 3333 3080 3388; x_wconf 92' lang='lat' dir='ltr'><strong>nobis</strong></span> <span class='ocrx_word' id='word_1_699' title='bbox 3113 3333 3310 3403; x_wconf 91' lang='lat' dir='ltr'><strong>injuste</strong></span> <span class='ocrx_word' id='word_1_700' title='bbox 3333 3339 3613 3406; x_wconf 87' lang='lat' dir='ltr'><strong>agentibus</strong></span> <span class='ocrx_word' id='word_1_701' title='bbox 3632 3341 3832 3395; x_wconf 85' lang='lat' dir='ltr'><strong>subve-</strong></span> 
     </span>
    </p>
   </div>
   <div class='ocr_carea' id='block_1_92' title="bbox 2241 3423 3833 3490">
    <p class='ocr_par' dir='ltr' id='par_1_92' title="bbox 2241 3423 3833 3490">
     <span class='ocr_line' id='line_1_92' title="bbox 2241 3423 3833 3490; baseline 0.009 -14"><span class='ocrx_word' id='word_1_702' title='bbox 2241 3423 2338 3488; x_wconf 90' lang='lat' dir='ltr'><strong>nit,</strong></span> <span class='ocrx_word' id='word_1_703' title='bbox 2365 3430 2418 3477; x_wconf 90' lang='lat' dir='ltr'><strong>et</strong></span> <span class='ocrx_word' id='word_1_704' title='bbox 2443 3425 2834 3481; x_wconf 89' lang='lat' dir='ltr'><strong>recentioribus</strong></span> <span class='ocrx_word' id='word_1_705' title='bbox 2855 3428 3064 3484; x_wconf 88' lang='lat' dir='ltr'><strong>delictis</strong></span> <span class='ocrx_word' id='word_1_706' title='bbox 3086 3430 3311 3487; x_wconf 88' lang='lat' dir='ltr'><strong>subinde</strong></span> <span class='ocrx_word' id='word_1_707' title='bbox 3333 3436 3630 3490; x_wconf 88' lang='lat' dir='ltr'><strong>recentiora</strong></span> <span class='ocrx_word' id='word_1_708' title='bbox 3652 3436 3833 3490; x_wconf 90' lang='lat' dir='ltr'><strong>indul-</strong></span> 
     </span>
    </p>
   </div>
   <div class='ocr_carea' id='block_1_93' title="bbox 2240 3515 3832 3589">
    <p class='ocr_par' dir='ltr' id='par_1_93' title="bbox 2240 3515 3832 3589">
     <span class='ocr_line' id='line_1_93' title="bbox 2240 3515 3832 3589; baseline 0.011 -23"><span class='ocrx_word' id='word_1_709' title='bbox 2240 3515 2434 3581; x_wconf 84' lang='lat' dir='ltr'><strong>gentiae</strong></span> <span class='ocrx_word' id='word_1_710' title='bbox 2475 3531 2584 3570; x_wconf 72' lang='lat' dir='ltr'><strong>sua:</strong></span> <span class='ocrx_word' id='word_1_711' title='bbox 2616 3516 2759 3571; x_wconf 87' lang='lat' dir='ltr'><strong>dona</strong></span> <span class='ocrx_word' id='word_1_712' title='bbox 2805 3518 3058 3589; x_wconf 85' lang='lat' dir='ltr'><strong>largitur;</strong></span> <span class='ocrx_word' id='word_1_713' title='bbox 3100 3531 3154 3577; x_wconf 90' lang='lat' dir='ltr'><strong>et</strong></span> <span class='ocrx_word' id='word_1_714' title='bbox 3195 3539 3294 3579; x_wconf 87' lang='lat' dir='ltr'><strong>vos</strong></span> <span class='ocrx_word' id='word_1_715' title='bbox 3316 3524 3488 3581; x_wconf 88' lang='lat' dir='ltr'><strong>dicitis</strong></span> <span class='ocrx_word' id='word_1_716' title='bbox 3523 3527 3676 3581; x_wconf 81' lang='lat' dir='ltr'><strong>:Jam</strong></span> <span class='ocrx_word' id='word_1_717' title='bbox 3698 3537 3832 3584; x_wconf 86' lang='lat' dir='ltr'><strong>ante</strong></span> 
     </span>
    </p>
   </div>
   <div class='ocr_carea' id='block_1_94' title="bbox 2240 3603 3827 3688">
    <p class='ocr_par' dir='ltr' id='par_1_94' title="bbox 2240 3603 3827 3688">
     <span class='ocr_line' id='line_1_94' title="bbox 2240 3603 3827 3688; baseline 0.011 -31"><span class='ocrx_word' id='word_1_718' title='bbox 2240 3603 2423 3658; x_wconf 92' lang='lat' dir='ltr'><strong>mundi</strong></span> <span class='ocrx_word' id='word_1_719' title='bbox 2441 3607 2880 3664; x_wconf 89' lang='lat' dir='ltr'><strong>constitutionem</strong></span> <span class='ocrx_word' id='word_1_720' title='bbox 2904 3611 3208 3681; x_wconf 87' lang='lat' dir='ltr'><strong>indignatus</strong></span> <span class='ocrx_word' id='word_1_721' title='bbox 3220 3616 3371 3671; x_wconf 91' lang='lat' dir='ltr'><strong>nobis</strong></span> <span class='ocrx_word' id='word_1_722' title='bbox 3383 3634 3478 3687; x_wconf 88' lang='lat' dir='ltr'><strong>pro</strong></span> <span class='ocrx_word' id='word_1_723' title='bbox 3498 3617 3683 3673; x_wconf 77' lang='lat' dir='ltr'><strong>futuris</strong></span> <span class='ocrx_word' id='word_1_724' title='bbox 3695 3635 3827 3688; x_wconf 86' lang='lat' dir='ltr'><strong>pec-</strong></span> 
     </span>
    </p>
   </div>
   <div class='ocr_carea' id='block_1_95' title="bbox 2239 3695 3813 3776">
    <p class='ocr_par' dir='ltr' id='par_1_95' title="bbox 2239 3695 3813 3776">
     <span class='ocr_line' id='line_1_95' title="bbox 2239 3695 3813 3776; baseline 0.011 -29"><span class='ocrx_word' id='word_1_725' title='bbox 2239 3695 2376 3748; x_wconf 88' lang='lat' dir='ltr'><strong>catis</strong></span> <span class='ocrx_word' id='word_1_726' title='bbox 2409 3698 2811 3766; x_wconf 71' lang='lat' dir='ltr'><strong>prmdestinavit</strong></span> <span class='ocrx_word' id='word_1_727' title='bbox 2850 3705 3193 3759; x_wconf 90' lang='lat' dir='ltr'><strong>sententiam.</strong></span> <span class='ocrx_word' id='word_1_728' title='bbox 3245 3707 3300 3761; x_wconf 92' lang='lat' dir='ltr'><strong>ln</strong></span> <span class='ocrx_word' id='word_1_729' title='bbox 3324 3710 3561 3776; x_wconf 74' lang='lat' dir='ltr'><strong>przesenti</strong></span> <span class='ocrx_word' id='word_1_730' title='bbox 3584 3710 3813 3764; x_wconf 89' lang='lat' dir='ltr'><strong>sehlas-</strong></span> 
     </span>
    </p>
   </div>
   <div class='ocr_carea' id='block_1_96' title="bbox 2239 3787 3822 3862">
    <p class='ocr_par' dir='ltr' id='par_1_96' title="bbox 2239 3787 3822 3862">
     <span class='ocr_line' id='line_1_96' title="bbox 2239 3787 3822 3862; baseline 0.012 -23"><span class='ocrx_word' id='word_1_731' title='bbox 2239 3787 2618 3856; x_wconf 90' lang='lat' dir='ltr'><strong>phemantibus</strong></span> <span class='ocrx_word' id='word_1_732' title='bbox 2637 3793 2850 3847; x_wconf 90' lang='lat' dir='ltr'><strong>veniam</strong></span> <span class='ocrx_word' id='word_1_733' title='bbox 2877 3796 3094 3862; x_wconf 90' lang='lat' dir='ltr'><strong>tribuit;</strong></span> <span class='ocrx_word' id='word_1_734' title='bbox 3126 3806 3182 3852; x_wconf 91' lang='lat' dir='ltr'><strong>et</strong></span> <span class='ocrx_word' id='word_1_735' title='bbox 3205 3813 3293 3853; x_wconf 90' lang='lat' dir='ltr'><strong>vos</strong></span> <span class='ocrx_word' id='word_1_736' title='bbox 3312 3799 3480 3854; x_wconf 91' lang='lat' dir='ltr'><strong>dicitis</strong></span> <span class='ocrx_word' id='word_1_737' title='bbox 3505 3819 3518 3852; x_wconf 85' lang='lat'><strong>:</strong></span> <span class='ocrx_word' id='word_1_738' title='bbox 3542 3798 3659 3854; x_wconf 85' lang='lat' dir='ltr'><strong>Jam</strong></span> <span class='ocrx_word' id='word_1_739' title='bbox 3682 3809 3822 3858; x_wconf 80' lang='lat' dir='ltr'><strong>tunc</strong></span> 
     </span>
    </p>
   </div>
   <div class='ocr_carea' id='block_1_97' title="bbox 2239 3880 3836 3963">
    <p class='ocr_par' dir='ltr' id='par_1_97' title="bbox 2239 3880 3836 3963">
     <span class='ocr_line' id='line_1_97' title="bbox 2239 3880 3836 3963; baseline 0.011 -30"><span class='ocrx_word' id='word_1_740' title='bbox 2239 3880 2544 3949; x_wconf 91' lang='lat' dir='ltr'><strong>indignatus</strong></span> <span class='ocrx_word' id='word_1_741' title='bbox 2583 3891 2664 3940; x_wconf 91' lang='lat' dir='ltr'><strong>est</strong></span> <span class='ocrx_word' id='word_1_742' title='bbox 2688 3884 2717 3923; x_wconf 67' lang='grc' dir='ltr'><strong>ιι</strong></span> <span class='ocrx_word' id='word_1_743' title='bbox 2738 3896 2928 3942; x_wconf 89' lang='lat' dir='ltr'><strong>contra</strong></span> <span class='ocrx_word' id='word_1_744' title='bbox 2965 3899 3304 3959; x_wconf 87' lang='lat' dir='ltr'><strong>peccaturos,</strong></span> <span class='ocrx_word' id='word_1_745' title='bbox 3338 3901 3390 3946; x_wconf 89' lang='lat' dir='ltr'><strong>et</strong></span> <span class='ocrx_word' id='word_1_746' title='bbox 3421 3892 3836 3963; x_wconf 54' lang='lat' dir='ltr'><strong>praedestinavit</strong></span> 
     </span>
    </p>
   </div>
   <div class='ocr_carea' id='block_1_98' title="bbox 2238 3976 3839 4055">
    <p class='ocr_par' dir='ltr' id='par_1_98' title="bbox 2238 3976 3839 4055">
     <span class='ocr_line' id='line_1_98' title="bbox 2238 3976 3839 4055; baseline 0.009 -27"><span class='ocrx_word' id='word_1_747' title='bbox 2238 3989 2334 4029; x_wconf 88' lang='lat' dir='ltr'><strong>eos</strong></span> <span class='ocrx_word' id='word_1_748' title='bbox 2355 3976 2422 4030; x_wconf 88' lang='lat' dir='ltr'><strong>ad</strong></span> <span class='ocrx_word' id='word_1_749' title='bbox 2443 3985 2676 4033; x_wconf 90' lang='lat' dir='ltr'><strong>mortem</strong></span> <span class='ocrx_word' id='word_1_750' title='bbox 2693 4019 2707 4044; x_wconf 92' lang='lat'><strong>,</strong></span> <span class='ocrx_word' id='word_1_751' title='bbox 2742 3981 2958 4048; x_wconf 92' lang='lat' dir='ltr'><strong>quando</strong></span> <span class='ocrx_word' id='word_1_752' title='bbox 2993 3984 3163 4053; x_wconf 90' lang='lat' dir='ltr'><strong>prima</strong></span> <span class='ocrx_word' id='word_1_753' title='bbox 3193 3986 3502 4041; x_wconf 89' lang='lat' dir='ltr'><strong>liniamenta</strong></span> <span class='ocrx_word' id='word_1_754' title='bbox 3517 3988 3839 4055; x_wconf 84' lang='lat' dir='ltr'><strong>generatio-</strong></span> 
     </span>
    </p>
   </div>
   <div class='ocr_carea' id='block_1_99' title="bbox 2236 4067 3845 4145">
    <p class='ocr_par' dir='ltr' id='par_1_99' title="bbox 2236 4067 3845 4145">
     <span class='ocr_line' id='line_1_99' title="bbox 2236 4067 3845 4145; baseline 0.009 -26"><span class='ocrx_word' id='word_1_755' title='bbox 2236 4067 2321 4120; x_wconf 89' lang='lat' dir='ltr'><strong>nis</strong></span> <span class='ocrx_word' id='word_1_756' title='bbox 2367 4068 2616 4124; x_wconf 72' lang='lat' dir='ltr'><strong>humanze</strong></span> <span class='ocrx_word' id='word_1_757' title='bbox 2658 4069 2928 4126; x_wconf 84' lang='lat' dir='ltr'><strong>formavit.</strong></span> <span class='ocrx_word' id='word_1_758' title='bbox 2979 4072 3094 4128; x_wconf 89' lang='lat' dir='ltr'><strong>Jam</strong></span> <span class='ocrx_word' id='word_1_759' title='bbox 3125 4090 3254 4144; x_wconf 90' lang='lat' dir='ltr'><strong>ergo</strong></span> <span class='ocrx_word' id='word_1_760' title='bbox 3290 4084 3419 4132; x_wconf 89' lang='lat' dir='ltr'><strong>tunc</strong></span> <span class='ocrx_word' id='word_1_761' title='bbox 3439 4078 3545 4145; x_wconf 86' lang='lat' dir='ltr'><strong>egit</strong></span> <span class='ocrx_word' id='word_1_762' title='bbox 3565 4075 3845 4145; x_wconf 84' lang='lat' dir='ltr'><strong>judicium</strong></span> 
     </span>
    </p>
   </div>
   <div class='ocr_carea' id='block_1_100' title="bbox 2236 4157 3845 4239">
    <p class='ocr_par' dir='ltr' id='par_1_100' title="bbox 2236 4157 3845 4239">
     <span class='ocr_line' id='line_1_100' title="bbox 2236 4157 3845 4239; baseline 0.009 -28"><span class='ocrx_word' id='word_1_763' title='bbox 2236 4157 2438 4224; x_wconf 92' lang='lat' dir='ltr'><strong>mundi,</strong></span> <span class='ocrx_word' id='word_1_764' title='bbox 2465 4169 2752 4231; x_wconf 89' lang='lat' dir='ltr'><strong>antequam</strong></span> <span class='ocrx_word' id='word_1_765' title='bbox 2785 4164 2960 4234; x_wconf 92' lang='lat' dir='ltr'><strong>ipsum</strong></span> <span class='ocrx_word' id='word_1_766' title='bbox 3003 4167 3260 4222; x_wconf 91' lang='lat' dir='ltr'><strong>mundum</strong></span> <span class='ocrx_word' id='word_1_767' title='bbox 3299 4176 3578 4234; x_wconf 89' lang='lat' dir='ltr'><strong>statueret,</strong></span> <span class='ocrx_word' id='word_1_768' title='bbox 3619 4179 3676 4237; x_wconf 79' lang='lat' dir='ltr'><strong>ut</strong></span> <span class='ocrx_word' id='word_1_769' title='bbox 3716 4169 3845 4239; x_wconf 84' lang='lat' dir='ltr'><strong>jam</strong></span> 
     </span>
    </p>
   </div>
   <div class='ocr_carea' id='block_1_101' title="bbox 2234 4249 3848 4331">
    <p class='ocr_par' dir='ltr' id='par_1_101' title="bbox 2234 4249 3848 4331">
     <span class='ocr_line' id='line_1_101' title="bbox 2234 4249 3848 4331; baseline 0.009 -28"><span class='ocrx_word' id='word_1_770' title='bbox 2234 4260 2357 4320; x_wconf 90' lang='lat' dir='ltr'><strong>post</strong></span> <span class='ocrx_word' id='word_1_771' title='bbox 2383 4249 2539 4306; x_wconf 85' lang='lat' dir='ltr'><strong>ﬁnem</strong></span> <span class='ocrx_word' id='word_1_772' title='bbox 2556 4254 2735 4309; x_wconf 60' lang='lat' dir='ltr'><strong>saeculi</strong></span> <span class='ocrx_word' id='word_1_773' title='bbox 2758 4272 2865 4310; x_wconf 91' lang='lat' dir='ltr'><strong>non</strong></span> <span class='ocrx_word' id='word_1_774' title='bbox 2893 4257 3132 4312; x_wconf 90' lang='lat' dir='ltr'><strong>inveniat</strong></span> <span class='ocrx_word' id='word_1_775' title='bbox 3164 4259 3179 4295; x_wconf 83' lang='grc' dir='ltr'><strong>ί</strong></span> <span class='ocrx_word' id='word_1_776' title='bbox 3216 4273 3377 4328; x_wconf 90' lang='lat' dir='ltr'><strong>quem</strong></span> <span class='ocrx_word' id='word_1_777' title='bbox 3398 4261 3604 4331; x_wconf 90' lang='lat' dir='ltr'><strong>punire.</strong></span> <span class='ocrx_word' id='word_1_778' title='bbox 3652 4259 3848 4318; x_wconf 85' lang='lat' dir='ltr'><strong>Labo-</strong></span> 
     </span>
    </p>
   </div>
   <div class='ocr_carea' id='block_1_102' title="bbox 2234 4343 3851 4423">
    <p class='ocr_par' dir='ltr' id='par_1_102' title="bbox 2234 4343 3851 4423">
     <span class='ocr_line' id='line_1_102' title="bbox 2234 4343 3851 4423; baseline 0.008 -28"><span class='ocrx_word' id='word_1_779' title='bbox 2234 4358 2350 4397; x_wconf 90' lang='lat' dir='ltr'><strong>rem</strong></span> <span class='ocrx_word' id='word_1_780' title='bbox 2389 4343 2490 4397; x_wconf 89' lang='lat' dir='ltr'><strong>sibi</strong></span> <span class='ocrx_word' id='word_1_781' title='bbox 2527 4343 2665 4400; x_wconf 86' lang='lat' dir='ltr'><strong>forte</strong></span> <span class='ocrx_word' id='word_1_782' title='bbox 2693 4347 2864 4401; x_wconf 89' lang='lat' dir='ltr'><strong>voluit</strong></span> <span class='ocrx_word' id='word_1_783' title='bbox 2887 4350 3096 4414; x_wconf 88' lang='lat' dir='ltr'><strong>tollere,</strong></span> <span class='ocrx_word' id='word_1_784' title='bbox 3133 4360 3187 4405; x_wconf 93' lang='lat' dir='ltr'><strong>et</strong></span> <span class='ocrx_word' id='word_1_785' title='bbox 3219 4367 3288 4406; x_wconf 92' lang='lat' dir='ltr'><strong>ne</strong></span> <span class='ocrx_word' id='word_1_786' title='bbox 3311 4368 3420 4407; x_wconf 91' lang='lat' dir='ltr'><strong>non</strong></span> <span class='ocrx_word' id='word_1_787' title='bbox 3441 4361 3692 4407; x_wconf 88' lang='lat' dir='ltr'><strong>occurret</strong></span> <span class='ocrx_word' id='word_1_788' title='bbox 3712 4362 3851 4423; x_wconf 87' lang='lat' dir='ltr'><strong>post</strong></span> 
     </span>
    </p>
   </div>
   <div class='ocr_carea' id='block_1_103' title="bbox 2233 4435 3853 4514">
    <p class='ocr_par' dir='ltr' id='par_1_103' title="bbox 2233 4435 3853 4514">
     <span class='ocr_line' id='line_1_103' title="bbox 2233 4435 3853 4514; baseline 0.007 -25"><span class='ocrx_word' id='word_1_789' title='bbox 2233 4435 2374 4490; x_wconf 82' lang='lat' dir='ltr'><strong>facta</strong></span> <span class='ocrx_word' id='word_1_790' title='bbox 2401 4452 2492 4491; x_wconf 90' lang='lat' dir='ltr'><strong>sua</strong></span> <span class='ocrx_word' id='word_1_791' title='bbox 2541 4437 2786 4494; x_wconf 90' lang='lat' dir='ltr'><strong>homines</strong></span> <span class='ocrx_word' id='word_1_792' title='bbox 2827 4439 3101 4509; x_wconf 88' lang='lat' dir='ltr'><strong>judicare,</strong></span> <span class='ocrx_word' id='word_1_793' title='bbox 3154 4451 3279 4498; x_wconf 91' lang='lat' dir='ltr'><strong>ante</strong></span> <span class='ocrx_word' id='word_1_794' title='bbox 3304 4459 3400 4498; x_wconf 87' lang='lat' dir='ltr'><strong>eos</strong></span> <span class='ocrx_word' id='word_1_795' title='bbox 3429 4444 3853 4514; x_wconf 78' lang='lat' dir='ltr'><strong>pnedestinavit</strong></span> 
     </span>
    </p>
   </div>
   <div class='ocr_carea' id='block_1_104' title="bbox 2234 4526 3850 4604">
    <p class='ocr_par' dir='ltr' id='par_1_104' title="bbox 2234 4526 3850 4604">
     <span class='ocr_line' id='line_1_104' title="bbox 2234 4526 3850 4604; baseline 0.01 -26"><span class='ocrx_word' id='word_1_796' title='bbox 2234 4526 2300 4579; x_wconf 88' lang='lat' dir='ltr'><strong>ad</strong></span> <span class='ocrx_word' id='word_1_797' title='bbox 2331 4535 2579 4591; x_wconf 89' lang='lat' dir='ltr'><strong>mortem,</strong></span> <span class='ocrx_word' id='word_1_798' title='bbox 2627 4545 2788 4599; x_wconf 87' lang='lat' dir='ltr'><strong>quam</strong></span> <span class='ocrx_word' id='word_1_799' title='bbox 2843 4542 3156 4588; x_wconf 88' lang='lat' dir='ltr'><strong>crearentur</strong></span> <span class='ocrx_word' id='word_1_800' title='bbox 3183 4535 3249 4589; x_wconf 88' lang='lat' dir='ltr'><strong>ad</strong></span> <span class='ocrx_word' id='word_1_801' title='bbox 3299 4535 3481 4590; x_wconf 86' lang='lat' dir='ltr'><strong>vitam.</strong></span> <span class='ocrx_word' id='word_1_802' title='bbox 3514 4534 3583 4589; x_wconf 87' lang='lat' dir='ltr'><strong>Et</strong></span> <span class='ocrx_word' id='word_1_803' title='bbox 3622 4545 3850 4604; x_wconf 84' lang='lat' dir='ltr'><strong>tamen,</strong></span> 
     </span>
    </p>
   </div>
   <div class='ocr_carea' id='block_1_105' title="bbox 2231 4616 3858 4701">
    <p class='ocr_par' dir='ltr' id='par_1_105' title="bbox 2231 4616 3858 4701">
     <span class='ocr_line' id='line_1_105' title="bbox 2231 4616 3858 4701; baseline 0.012 -32"><span class='ocrx_word' id='word_1_804' title='bbox 2231 4616 2276 4670; x_wconf 86' lang='lat' dir='ltr'><strong>si</strong></span> <span class='ocrx_word' id='word_1_805' title='bbox 2300 4617 2413 4686; x_wconf 89' lang='lat' dir='ltr'><strong>ipse</strong></span> <span class='ocrx_word' id='word_1_806' title='bbox 2442 4621 2643 4674; x_wconf 89' lang='lat' dir='ltr'><strong>creavit</strong></span> <span class='ocrx_word' id='word_1_807' title='bbox 2670 4637 2806 4690; x_wconf 91' lang='lat' dir='ltr'><strong>quos</strong></span> <span class='ocrx_word' id='word_1_808' title='bbox 2835 4623 3234 4693; x_wconf 67' lang='lat' dir='ltr'><strong>praedestinavit</strong></span> <span class='ocrx_word' id='word_1_809' title='bbox 3279 4627 3348 4682; x_wconf 90' lang='lat' dir='ltr'><strong>ad</strong></span> <span class='ocrx_word' id='word_1_810' title='bbox 3375 4643 3594 4698; x_wconf 71' lang='lat' dir='ltr'><strong>poenas,</strong></span> <span class='ocrx_word' id='word_1_811' title='bbox 3622 4645 3858 4701; x_wconf 68' lang='lat' dir='ltr'><strong>praeve-</strong></span> 
     </span>
    </p>
   </div>
   <div class='ocr_carea' id='block_1_106' title="bbox 2233 4708 3856 4790">
    <p class='ocr_par' dir='ltr' id='par_1_106' title="bbox 2233 4708 3856 4790">
     <span class='ocr_line' id='line_1_106' title="bbox 2233 4708 3856 4790; baseline 0.012 -29"><span class='ocrx_word' id='word_1_812' title='bbox 2233 4708 2313 4762; x_wconf 91' lang='lat' dir='ltr'><strong>nit</strong></span> <span class='ocrx_word' id='word_1_813' title='bbox 2341 4711 2589 4765; x_wconf 88' lang='lat' dir='ltr'><strong>meritum</strong></span> <span class='ocrx_word' id='word_1_814' title='bbox 2612 4713 2918 4780; x_wconf 88' lang='lat' dir='ltr'><strong>occidendi;</strong></span> <span class='ocrx_word' id='word_1_815' title='bbox 2949 4719 3109 4786; x_wconf 87' lang='lat' dir='ltr'><strong>etqui</strong></span> <span class='ocrx_word' id='word_1_816' title='bbox 3131 4718 3308 4774; x_wconf 90' lang='lat' dir='ltr'><strong>adhuc</strong></span> <span class='ocrx_word' id='word_1_817' title='bbox 3337 4735 3446 4775; x_wconf 92' lang='lat' dir='ltr'><strong>non</strong></span> <span class='ocrx_word' id='word_1_818' title='bbox 3462 4721 3636 4790; x_wconf 67' lang='lat' dir='ltr'><strong>coepit</strong></span> <span class='ocrx_word' id='word_1_819' title='bbox 3648 4723 3856 4780; x_wconf 81' lang='lat' dir='ltr'><strong>vivere</strong></span> 
     </span>
    </p>
   </div>
   <div class='ocr_carea' id='block_1_107' title="bbox 2229 4802 3861 4882">
    <p class='ocr_par' dir='ltr' id='par_1_107' title="bbox 2229 4802 3861 4882">
     <span class='ocr_line' id='line_1_107' title="bbox 2229 4802 3861 4882; baseline 0.014 -28"><span class='ocrx_word' id='word_1_820' title='bbox 2229 4802 2550 4856; x_wconf 87' lang='lat' dir='ltr'><strong>sententiam</strong></span> <span class='ocrx_word' id='word_1_821' title='bbox 2573 4803 2686 4872; x_wconf 88' lang='lat' dir='ltr'><strong>jam</strong></span> <span class='ocrx_word' id='word_1_822' title='bbox 2713 4816 2926 4863; x_wconf 58' lang='lat' dir='ltr'><strong>atternm</strong></span> <span class='ocrx_word' id='word_1_823' title='bbox 2955 4810 3144 4864; x_wconf 90' lang='lat' dir='ltr'><strong>mortis</strong></span> <span class='ocrx_word' id='word_1_824' title='bbox 3172 4812 3395 4882; x_wconf 84' lang='lat' dir='ltr'><strong>accepit.</strong></span> <span class='ocrx_word' id='word_1_825' title='bbox 3415 4813 3532 4870; x_wconf 86' lang='lat' dir='ltr'><strong>Hoc</strong></span> <span class='ocrx_word' id='word_1_826' title='bbox 3557 4815 3723 4875; x_wconf 89' lang='lat' dir='ltr'><strong>Deus</strong></span> <span class='ocrx_word' id='word_1_827' title='bbox 3756 4837 3861 4877; x_wconf 87' lang='lat' dir='ltr'><strong>no-</strong></span> 
     </span>
    </p>
   </div>
   <div class='ocr_carea' id='block_1_108' title="bbox 2229 4895 3861 4983">
    <p class='ocr_par' dir='ltr' id='par_1_108' title="bbox 2229 4895 3861 4983">
     <span class='ocr_line' id='line_1_108' title="bbox 2229 4895 3861 4983; baseline 0.013 -37"><span class='ocrx_word' id='word_1_828' title='bbox 2229 4900 2340 4947; x_wconf 90' lang='lat' dir='ltr'><strong>ster</strong></span> <span class='ocrx_word' id='word_1_829' title='bbox 2367 4909 2640 4964; x_wconf 89' lang='lat' dir='ltr'><strong>nunquam</strong></span> <span class='ocrx_word' id='word_1_830' title='bbox 2673 4895 2796 4952; x_wconf 81' lang='lat' dir='ltr'><strong>fecit</strong></span> <span class='ocrx_word' id='word_1_831' title='bbox 2830 4918 2841 4951; x_wconf 89' lang='lat'>:</span> <span class='ocrx_word' id='word_1_832' title='bbox 2872 4901 2915 4954; x_wconf 91' lang='lat' dir='ltr'><strong>si</strong></span> <span class='ocrx_word' id='word_1_833' title='bbox 2949 4910 3124 4957; x_wconf 89' lang='lat' dir='ltr'><strong>vester</strong></span> <span class='ocrx_word' id='word_1_834' title='bbox 3163 4897 3247 4958; x_wconf 80' lang='lat' dir='ltr'><strong>est</strong></span> <span class='ocrx_word' id='word_1_835' title='bbox 3291 4904 3484 4973; x_wconf 90' lang='lat' dir='ltr'><strong>aliquis</strong></span> <span class='ocrx_word' id='word_1_836' title='bbox 3526 4907 3680 4966; x_wconf 86' lang='lat' dir='ltr'><strong>alius</strong></span> <span class='ocrx_word' id='word_1_837' title='bbox 3700 4951 3720 4976; x_wconf 93' lang='lat'><strong>,</strong></span> <span class='ocrx_word' id='word_1_838' title='bbox 3753 4913 3861 4983; x_wconf 87' lang='lat' dir='ltr'><strong>ipsi</strong></span> 
     </span>
    </p>
   </div>
   <div class='ocr_carea' id='block_1_109' title="bbox 2230 4987 3866 5064">
    <p class='ocr_par' dir='ltr' id='par_1_109' title="bbox 2230 4987 3866 5064">
     <span class='ocr_line' id='line_1_109' title="bbox 2230 4987 3866 5064; baseline 0.016 -25"><span class='ocrx_word' id='word_1_839' title='bbox 2230 4987 2361 5041; x_wconf 88' lang='lat' dir='ltr'><strong>istas</strong></span> <span class='ocrx_word' id='word_1_840' title='bbox 2403 4990 2643 5057; x_wconf 85' lang='lat' dir='ltr'><strong>irrogare</strong></span> <span class='ocrx_word' id='word_1_841' title='bbox 2678 4991 3057 5062; x_wconf 82' lang='lat' dir='ltr'><strong>blasphemias.</strong></span> <span class='ocrx_word' id='word_1_842' title='bbox 3084 4997 3159 5053; x_wconf 91' lang='lat' dir='ltr'><strong>De</strong></span> <span class='ocrx_word' id='word_1_843' title='bbox 3181 4999 3292 5055; x_wconf 92' lang='lat' dir='ltr'><strong>Deo</strong></span> <span class='ocrx_word' id='word_1_844' title='bbox 3314 5009 3496 5056; x_wconf 86' lang='lat' dir='ltr'><strong>autem</strong></span> <span class='ocrx_word' id='word_1_845' title='bbox 3527 5015 3744 5063; x_wconf 86' lang='lat' dir='ltr'><strong>nostro</strong></span> <span class='ocrx_word' id='word_1_846' title='bbox 3776 5009 3866 5064; x_wconf 90' lang='lat' dir='ltr'><strong>di-</strong></span> 
     </span>
    </p>
   </div>
   <div class='ocr_carea' id='block_1_110' title="bbox 2229 5077 3865 5167">
    <p class='ocr_par' dir='ltr' id='par_1_110' title="bbox 2229 5077 3865 5167">
     <span class='ocr_line' id='line_1_110' title="bbox 2229 5077 3865 5167; baseline 0.015 -37"><span class='ocrx_word' id='word_1_847' title='bbox 2229 5077 2302 5131; x_wconf 89' lang='lat' dir='ltr'><strong>cit</strong></span> <span class='ocrx_word' id='word_1_848' title='bbox 2351 5081 2652 5150; x_wconf 88' lang='lat' dir='ltr'><strong>propheta:</strong></span> <span class='ocrx_word' id='word_1_849' title='bbox 2708 5082 2833 5139; x_wconf 76' lang='lat' dir='ltr'><strong>Vir—o</strong></span> <span class='ocrx_word' id='word_1_850' title='bbox 2873 5103 2985 5162; x_wconf 86' lang='lat' dir='ltr'><strong>ego,</strong></span> <span class='ocrx_word' id='word_1_851' title='bbox 3035 5089 3160 5143; x_wconf 86' lang='lat' dir='ltr'><strong>dicit</strong></span> <span class='ocrx_word' id='word_1_852' title='bbox 3205 5090 3490 5159; x_wconf 76' lang='lat' dir='ltr'><strong>Dominus;</strong></span> <span class='ocrx_word' id='word_1_853' title='bbox 3538 5099 3682 5167; x_wconf 81' lang='lat' dir='ltr'><strong>quia</strong></span> <span class='ocrx_word' id='word_1_854' title='bbox 3739 5119 3865 5155; x_wconf 87' lang='lat' dir='ltr'><strong>cum</strong></span> 
     </span>
    </p>
   </div>
   <div class='ocr_carea' id='block_1_111' title="bbox 2227 5171 3866 5257">
    <p class='ocr_par' dir='ltr' id='par_1_111' title="bbox 2227 5171 3866 5257">
     <span class='ocr_line' id='line_1_111' title="bbox 2227 5171 3866 5257; baseline 0.017 -34"><span class='ocrx_word' id='word_1_855' title='bbox 2227 5171 2406 5226; x_wconf 68' lang='lat' dir='ltr'><strong>dixero</strong></span> <span class='ocrx_word' id='word_1_856' title='bbox 2425 5179 2682 5243; x_wconf 84' lang='lat' dir='ltr'><strong>peccatori</strong></span> <span class='ocrx_word' id='word_1_857' title='bbox 2708 5194 2723 5230; x_wconf 91' lang='lat'><em>:</em></span> <span class='ocrx_word' id='word_1_858' title='bbox 2751 5178 2922 5233; x_wconf 84' lang='lat' dir='ltr'><strong>Morte</strong></span> <span class='ocrx_word' id='word_1_859' title='bbox 2948 5184 3199 5251; x_wconf 84' lang='lat' dir='ltr'><strong>morieris,</strong></span> <span class='ocrx_word' id='word_1_860' title='bbox 3231 5196 3279 5240; x_wconf 87' lang='lat' dir='ltr'><strong>el</strong></span> <span class='ocrx_word' id='word_1_861' title='bbox 3300 5197 3539 5257; x_wconf 79' lang='lat' dir='ltr'><strong>peccator</strong></span> <span class='ocrx_word' id='word_1_862' title='bbox 3559 5209 3624 5244; x_wconf 83' lang='lat' dir='ltr'><strong>se</strong></span> <span class='ocrx_word' id='word_1_863' title='bbox 3659 5193 3866 5252; x_wconf 57' lang='lat' dir='ltr'><strong>abstu-</strong></span> 
     </span>
    </p>
   </div>
   <div class='ocr_carea' id='block_1_112' title="bbox 2224 5264 3868 5352">
    <p class='ocr_par' dir='ltr' id='par_1_112' title="bbox 2224 5264 3868 5352">
     <span class='ocr_line' id='line_1_112' title="bbox 2224 5264 3868 5352; baseline 0.018 -35"><span class='ocrx_word' id='word_1_864' title='bbox 2224 5264 2341 5318; x_wconf 82' lang='lat' dir='ltr'><strong>[erit</strong></span> <span class='ocrx_word' id='word_1_865' title='bbox 2379 5283 2411 5318; x_wconf 91' lang='lat' dir='ltr'><strong>a</strong></span> <span class='ocrx_word' id='word_1_866' title='bbox 2457 5269 2541 5320; x_wconf 82' lang='lat' dir='ltr'><strong>via</strong></span> <span class='ocrx_word' id='word_1_867' title='bbox 2570 5286 2663 5322; x_wconf 87' lang='lat' dir='ltr'><strong>sua</strong></span> <span class='ocrx_word' id='word_1_868' title='bbox 2693 5272 2852 5337; x_wconf 87' lang='lat' dir='ltr'><strong>mala,</strong></span> <span class='ocrx_word' id='word_1_869' title='bbox 2897 5283 2948 5327; x_wconf 83' lang='lat' dir='ltr'><strong>et</strong></span> <span class='ocrx_word' id='word_1_870' title='bbox 2975 5293 3006 5328; x_wconf 88' lang='lat' dir='ltr'><strong>a</strong></span> <span class='ocrx_word' id='word_1_871' title='bbox 3036 5278 3223 5333; x_wconf 85' lang='lat' dir='ltr'><strong>studiis</strong></span> <span class='ocrx_word' id='word_1_872' title='bbox 3249 5283 3356 5334; x_wconf 85' lang='lat' dir='ltr'><strong>suis</strong></span> <span class='ocrx_word' id='word_1_873' title='bbox 3396 5285 3684 5352; x_wconf 76' lang='lat' dir='ltr'><strong>pessimis,</strong></span> <span class='ocrx_word' id='word_1_874' title='bbox 3747 5293 3868 5346; x_wconf 68' lang='lat' dir='ltr'><strong>viro</strong></span> 
     </span>
    </p>
   </div>
   <div class='ocr_carea' id='block_1_113' title="bbox 2221 5357 3870 5442">
    <p class='ocr_par' dir='ltr' id='par_1_113' title="bbox 2221 5357 3870 5442">
     <span class='ocr_line' id='line_1_113' title="bbox 2221 5357 3870 5442; baseline 0.018 -34"><span class='ocrx_word' id='word_1_875' title='bbox 2221 5373 2336 5427; x_wconf 90' lang='lat' dir='ltr'><strong>ego,</strong></span> <span class='ocrx_word' id='word_1_876' title='bbox 2352 5357 2480 5412; x_wconf 86' lang='lat' dir='ltr'><strong>dicit</strong></span> <span class='ocrx_word' id='word_1_877' title='bbox 2498 5358 2772 5429; x_wconf 87' lang='lat' dir='ltr'><strong>Dominus,</strong></span> <span class='ocrx_word' id='word_1_878' title='bbox 2797 5366 2900 5420; x_wconf 84' lang='lat' dir='ltr'><strong>vita</strong></span> <span class='ocrx_word' id='word_1_879' title='bbox 2928 5369 3074 5436; x_wconf 82' lang='lat' dir='ltr'><strong>vivet,</strong></span> <span class='ocrx_word' id='word_1_880' title='bbox 3099 5379 3150 5426; x_wconf 85' lang='lat' dir='ltr'><strong>et</strong></span> <span class='ocrx_word' id='word_1_881' title='bbox 3169 5389 3273 5427; x_wconf 87' lang='lat' dir='ltr'><strong>non</strong></span> <span class='ocrx_word' id='word_1_882' title='bbox 3292 5377 3537 5430; x_wconf 82' lang='lat' dir='ltr'><strong>morietur</strong></span> <span class='ocrx_word' id='word_1_883' title='bbox 3557 5379 3626 5434; x_wconf 84' lang='lat' dir='ltr'><strong>in</strong></span> <span class='ocrx_word' id='word_1_884' title='bbox 3652 5384 3870 5442; x_wconf 70' lang='lat' dir='ltr'><strong>delicto</strong></span> 
     </span>
    </p>
   </div>
   <div class='ocr_carea' id='block_1_114' title="bbox 2289 5532 3284 5603">
    <p class='ocr_par' dir='ltr' id='par_1_114' title="bbox 2289 5532 3284 5603">
     <span class='ocr_line' id='line_1_114' title="bbox 2289 5532 3284 5603; baseline 0.017 -17"><span class='ocrx_word' id='word_1_885' title='bbox 2289 5537 2334 5603; x_wconf 64' lang='grc' dir='ltr'><strong>’ξ’</strong></span> <span class='ocrx_word' id='word_1_886' title='bbox 2375 5532 2473 5588; x_wconf 86' lang='lat' dir='ltr'><strong>Ms.</strong></span> <span class='ocrx_word' id='word_1_887' title='bbox 2507 5534 2668 5603; x_wconf 91' lang='lat' dir='ltr'><strong>idem,</strong></span> <span class='ocrx_word' id='word_1_888' title='bbox 2697 5541 3068 5600; x_wconf 80' lang='lat' dir='ltr'><strong>invenissemus</strong></span> <span class='ocrx_word' id='word_1_889' title='bbox 3096 5546 3284 5602; x_wconf 82' lang='lat' dir='ltr'><strong>Deum.</strong></span> 
     </span>
    </p>
   </div>
   <div class='ocr_carea' id='block_1_115' title="bbox 2307 5600 3905 5688">
    <p class='ocr_par' dir='ltr' id='par_1_115' title="bbox 2307 5600 3905 5688">
     <span class='ocr_line' id='line_1_115' title="bbox 2307 5600 3905 5688; baseline 0.017 -32"><span class='ocrx_word' id='word_1_890' title='bbox 2307 5600 2325 5639; x_wconf 72' lang='grc' dir='ltr'>ί</span> <span class='ocrx_word' id='word_1_891' title='bbox 2497 5600 2661 5688; x_wconf 75' lang='lat' dir='ltr'><strong>idem,</strong></span> <span class='ocrx_word' id='word_1_892' title='bbox 2687 5620 2932 5688; x_wconf 63' lang='lat' dir='ltr'><strong>nostrum</strong></span> <span class='ocrx_word' id='word_1_893' title='bbox 2951 5623 3120 5667; x_wconf 79' lang='lat' dir='ltr'><strong>tamen</strong></span> <span class='ocrx_word' id='word_1_894' title='bbox 3143 5600 3419 5688; x_wconf 67' lang='lat' dir='ltr'><strong>nunquam.</strong></span> <span class='ocrx_word' id='word_1_895' title='bbox 3555 5657 3558 5659; x_wconf 51' lang='grc' dir='ltr'>λ</span> <span class='ocrx_word' id='word_1_896' title='bbox 3737 5647 3740 5649; x_wconf 53' lang='grc' dir='ltr'>λ</span> <span class='ocrx_word' id='word_1_897' title='bbox 3811 5646 3826 5672; x_wconf 79' lang='lat' dir='ltr'><strong>v</strong></span> <span class='ocrx_word' id='word_1_898' title='bbox 3898 5623 3905 5628; x_wconf 62' lang='grc'><em>”</em></span> 
     </span>
    </p>
   </div>
   <div class='ocr_carea' id='block_1_116' title="bbox 2297 5673 2892 5740">
    <p class='ocr_par' dir='ltr' id='par_1_116' title="bbox 2297 5673 2892 5740">
     <span class='ocr_line' id='line_1_116' title="bbox 2297 5673 2892 5740; baseline 0.027 -22"><span class='ocrx_word' id='word_1_899' title='bbox 2297 5682 2324 5718; x_wconf 82' lang='lat' dir='ltr'><strong>s</strong></span> <span class='ocrx_word' id='word_1_900' title='bbox 2363 5673 2459 5726; x_wconf 84' lang='lat' dir='ltr'><strong>Ms.</strong></span> <span class='ocrx_word' id='word_1_901' title='bbox 2496 5675 2657 5740; x_wconf 87' lang='lat' dir='ltr'><strong>idem,</strong></span> <span class='ocrx_word' id='word_1_902' title='bbox 2687 5679 2892 5734; x_wconf 88' lang='lat' dir='ltr'><strong>saltem.</strong></span> 
     </span>
    </p>
   </div>
   <div class='ocr_carea' id='block_1_117' title="bbox 2294 5739 3205 5823">
    <p class='ocr_par' dir='ltr' id='par_1_117' title="bbox 2294 5739 3205 5823">
     <span class='ocr_line' id='line_1_117' title="bbox 2294 5739 3205 5823; baseline 0.024 -31"><span class='ocrx_word' id='word_1_903' title='bbox 2294 5739 2323 5816; x_wconf 49' lang='grc' dir='ltr'>ἐι</span> <span class='ocrx_word' id='word_1_904' title='bbox 2361 5741 2457 5823; x_wconf 53' lang='lat' dir='ltr'><strong>liis.</strong></span> <span class='ocrx_word' id='word_1_905' title='bbox 2489 5739 2654 5823; x_wconf 73' lang='lat' dir='ltr'><strong>idem,</strong></span> <span class='ocrx_word' id='word_1_906' title='bbox 2688 5758 2872 5804; x_wconf 85' lang='lat' dir='ltr'><strong>contra</strong></span> <span class='ocrx_word' id='word_1_907' title='bbox 2891 5765 3205 5823; x_wconf 84' lang='lat' dir='ltr'><strong>peccatores.</strong></span> 
     </span>
    </p>
   </div>
   <div class='ocr_carea' id='block_1_118' title="bbox 2298 5810 3070 5892">
    <p class='ocr_par' dir='ltr' id='par_1_118' title="bbox 2298 5810 3070 5892">
     <span class='ocr_line' id='line_1_118' title="bbox 2298 5810 3070 5892; baseline 0.026 -30"><span class='ocrx_word' id='word_1_908' title='bbox 2298 5812 2312 5847; x_wconf 61' lang='grc' dir='ltr'>ί</span> <span class='ocrx_word' id='word_1_909' title='bbox 2357 5810 2454 5869; x_wconf 88' lang='lat' dir='ltr'><strong>Ms.</strong></span> <span class='ocrx_word' id='word_1_910' title='bbox 2486 5813 2647 5882; x_wconf 84' lang='lat' dir='ltr'><strong>idem,</strong></span> <span class='ocrx_word' id='word_1_911' title='bbox 2678 5836 2827 5889; x_wconf 84' lang='lat' dir='ltr'><strong>quem</strong></span> <span class='ocrx_word' id='word_1_912' title='bbox 2853 5810 3070 5892; x_wconf 68' lang='lat' dir='ltr'><strong>puniret.</strong></span> 
     </span>
    </p>
   </div>
  </div>
