4140 6346
286 324 393 381 653

710 315 1303 379 PREDESTINATUS
1340 316 1492 373 SlVE
1531 313 2228 371 PRAEDESTINATORUM
2270 313 2621 383 HIERESIS,
2663 314 2810 370 ETC.
2853 314 2978 371 LIB.
3019 312 3107 370 Ill.

3467 318 3574 376 634

285 458 379 498 suo
407 440 544 513 quod
566 439 702 512 fecit.
729 436 796 492 Et
825 437 867 490 si
891 436 1064 490 dixero
1092 434 1272 504 justo:
1316 430 1438 484 Vita
1459 432 1610 493 vives,
1633 437 1682 482 et
1711 444 1877 482 reces—
1904 430 1954 490 Α
1980 425 2082 480 nisi
2113 433 2172 480 ut
2199 425 2515 496 simpliciter
2552 427 2889 482 ambulantes
2928 425 3237 498 exspolietis
3276 429 3573 490 catholicos

286 533 411 586 serit
448 539 563 602 post
595 530 704 584 haec
732 546 764 582 a
789 527 994 599 justitia
1019 542 1131 589 sua,
1165 524 1273 577 vivo
1311 539 1426 594 ego,
1454 521 1578 575 dicit
1609 519 1878 582 Dominus,

285 626 408 695 quia
436 632 602 678 morte
645 621 937 677 morietur:
989 629 1012 655 ⁸
1039 618 1259 689 justitia:
1303 618 1414 686 ejus
1463 630 1565 667 non
1595 610 1882 666 liberabunt

283 733 400 772 eunt
415 718 470 770 in
491 714 573 770 die
592 731 692 786 qua
704 712 969 767 recesserit
990 727 1021 763 a
1030 709 1236 782 justitia
1260 715 1308 760 et
1331 706 1508 778 fecerit
1528 705 1879 772 iniquitatem;

282 811 340 864 in
383 807 659 882 iniquitate
695 823 791 861 sua
835 805 1084 859 morietur
1134 800 1358 873 (Ezech.
1390 814 1572 863 χχχιιι,
1627 796 1695 850 l5
1722 795 1877 866 seq.).

284 904 449 959 Vides
472 911 713 958 nostrum
744 899 913 958 Deum
943 913 1011 952 ex
1031 904 1262 964 utroque
1283 894 1452 947 latere
1481 899 1534 945 et
1549 889 1750 959 justum
1770 903 1882 943 mo-

279 1012 435 1061 nere,
467 1009 536 1050 ne
561 1009 658 1066 per
676 991 1022 1048 securitatem
1048 993 1284 1050 corruat,
1310 991 1363 1039 et
1391 989 1730 1054 peccatorem
1755 979 1882 1034 allo-

279 1089 396 1158 qui,
426 1103 493 1142 ne
512 1085 541 1126 δ
563 1102 664 1158 pro
689 1083 1065 1156 desperatione
1110 1096 1217 1135 nou
1258 1086 1458 1146 surgat.
1485 1076 1540 1130 Si
1571 1075 1761 1130 alicubi
1783 1090 1879 1130 vos

279 1181 490 1252 legistis
514 1180 580 1236 de
600 1180 712 1234 Deo
744 1197 758 1232 :
789 1177 918 1233 Vivo
943 1191 1064 1246 ego,
1095 1173 1224 1229 dicit
1252 1172 1535 1235 Dominus,
1564 1169 1685 1239 quia
1715 1183 1877 1237 quem

281 1270 666 1344 praedestinavi
695 1268 761 1324 ad
793 1269 956 1322 vitam
986 1265 1130 1322 aliud
1157 1280 1266 1319 non
1297 1262 1430 1329 erit,
1464 1271 1519 1316 et
1546 1276 1705 1330 quem
1736 1274 1876 1330 prte-

280 1363 553 1420 destinavi
587 1361 654 1416 ad
684 1367 931 1424 mortem,
963 1358 1081 1412 sine
1107 1356 1270 1411 dubio
1315 1355 1602 1419 morietur;
1632 1352 1752 1420 quis
1783 1366 1880 1406 vos

279 1454 450 1510 ferret
479 1455 581 1508 ista
605 1453 901 1511 docentes?
931 1449 1068 1505 Ecce
1089 1456 1276 1504 contra
1297 1446 1621 1502 sententiam
1644 1452 1877 1499 vestram

279 1545 429 1600 Deus
457 1545 713 1614 loquitur,
749 1550 802 1597 et
833 1542 934 1612 ipsi
962 1540 1076 1595 Deo
1118 1540 1185 1594 de
1210 1554 1270 1594 se
1317 1537 1680 1615 testimonium
1729 1534 1877 1589 danti

279 1653 395 1695 non
425 1636 660 1694 creditis.
699 1635 809 1692 Nec
829 1634 1007 1706 justus
1034 1649 1255 1689 securus
1282 1633 1368 1698 sit,
1394 1633 1584 1700 inquit,
1617 1630 1662 1683 si
1691 1629 1879 1684 dixero

280 1729 334 1785 ei
356 1747 368 1781 :
396 1727 514 1782 Vita
535 1726 840 1796 vives,quia
862 1727 905 1780 si
929 1725 1212 1781 recesserit
1232 1739 1261 1777 a
1273 1723 1500 1792 justitia,
1524 1723 1576 1776 in
1599 1721 1877 1790 iniquitate

1987 521 2182 576 vestitu
2204 519 2486 586 deaurato,
2518 530 2573 577 et
2602 521 2836 594 induatis
2861 537 2956 577 eos
2982 523 3174 592 pannis
3199 522 3572 583 hereticorum

1983 613 2230 668 sordibus
2250 613 2442 683 plenis.
2472 613 2529 668 ιιι
2553 612 2829 669 Geneseos
2857 614 2993 670 libro
3020 614 3088 670 de
3108 614 3352 672 Rebecca
3371 617 3573 675 dictum

1983 715 2065 762 est
2099 725 2110 757 :
2154 705 2285 760 Duce
2310 715 2486 779 gentes
2511 715 2561 760 et
2582 706 2685 762 duo
2714 708 2890 778 populi
2915 708 2981 763 de
3022 719 3107 765 tuo
3133 719 3278 766 utero
3314 712 3570 782 prodient,

1983 808 2030 853 et
2051 801 2270 869 populus
2317 800 2560 871 papulum
2588 799 2868 870 superabit,
2912 812 2963 856 et
2985 803 3160 874 major
3186 805 3368 860 serviet
3387 806 3574 861 minori

1985 889 2138 962 (Gen.
2181 909 2306 958 xxv,
2337 891 2462 964 ‘25).
2497 889 2786 962 Prophetia
2814 906 2944 962 ergo
2995 909 3103 950 non
3148 894 3218 951 de
3264 896 3348 952 his
3375 905 3457 952 est
3482 900 3575 967 qtn'

1982 983 2273 1038 secundum
2301 999 2520 1039 carnem
2543 983 2920 1051 nascebantur,
2951 986 3046 1041 sed
3073 985 3141 1041 de
3162 987 3373 1044 duobus
3397 1004 3572 1060 popu-

1982 1077 2046 1133 lis
2069 1077 2374 1133 Judzcorum
2396 1085 2451 1134 et
2471 1079 2710 1147 gentium
2743 1094 2757 1132 :
2803 1078 2856 1132 in
2884 1093 2993 1148 quo
3028 1079 3202 1149 major
3227 1081 3458 1151 populus
3477 1079 3572 1136 Ju-

1981 1171 2217 1228 daeorum
2245 1173 2444 1228 serviet
2481 1173 2696 1238 minori,
2730 1172 2782 1228 id
2811 1180 2912 1238 est,
2943 1173 3202 1241 gentium.
3235 1173 3325 1248 Sic
3351 1175 3495 1230 enim
3519 1182 3576 1231 et

1980 1265 2222 1333 sequitur
2247 1265 2539 1335 Apostolus
2563 1283 2575 1318 :
2608 1266 2649 1318 Α
2679 1266 2999 1336 prcesciente,
3033 1265 3235 1336 inquit,
3256 1267 3448 1320 dictum
3476 1275 3570 1333 est,

1980 1357 2100 1428 quia
2122 1357 2293 1427 major
2321 1359 2504 1411 serviet
2523 1358 2712 1412 minori
2743 1356 2919 1427 (Rom.
2951 1373 3024 1422 ιχ,
3058 1356 3167 1428 12).
3199 1356 3271 1412 Ut
3306 1359 3432 1429 quid
3472 1359 3577 1415 hoc

1980 1447 2180 1514 dixisti,
2213 1464 2246 1504 ο
2275 1449 2431 1503 beate
2461 1447 2625 1504 Paule
2654 1449 2938 1520 apostolo?
2979 1457 3106 1520 peto
3135 1457 3195 1504 ut
3222 1450 3570 1520 respondeas.

1981 1539 2356 1609 Nunquidnam
2386 1548 2672 1611 propterea
2723 1540 2826 1595 hoc
2862 1541 3062 1606 dixisti,
3096 1548 3154 1595 ut
3173 1541 3576 1611 prwdestinatio

1980 1631 2347 1702 praejudicium
2379 1631 2664 1687 nascituris
2686 1632 2936 1688 aﬂ'erret?
2968 1633 3279 1704 Respondet
3319 1633 3392 1688 ita
3432 1633 3578 1704 Apo-

1980 1727 2149 1782 stolus
2182 1745 2193 1779 :
2245 1726 2360 1796 Ego
2388 1735 2611 1798 propter
2638 1727 2743 1782 hoc
2779 1727 2912 1792 dixi,
2939 1727 3111 1797 Major
3136 1730 3332 1784 serviet
3360 1730 3575 1797 minori,

280 1821 576 1886 morietur;
607 1827 661 1874 et
677 1834 796 1875 cum
823 1818 1051 1873 dixerim
1074 1816 1345 1888 peccatori
1369 1833 1380 1866 :
1411 1814 1581 1868 Morte
1607 1812 1872 1878 morieris,
1906 1825 1954 1884 Β
1980 1829 2038 1875 ιιι
2067 1821 2261 1876 electio
2290 1837 2357 1876 ex
2378 1821 2624 1890 gentibus
2655 1819 2824 1876 ﬂeret.
2856 1820 2997 1890 Ergo
3025 1821 3070 1876 si
3098 1823 3392 1892 prophetia:
3420 1822 3579 1892 hujus

283 1924 343 1971 et
371 1929 665 1971 conversus
710 1913 887 1979 fuerit,
916 1913 1041 1967 vivo
1070 1926 1192 1980 ego,
1223 1910 1354 1966 dicit
1381 1909 1654 1974 Dominus,
1689 1908 1881 1978 iniqui-

283 2015 458 2063 tatum
506 2006 622 2076 ejus
670 2022 777 2060 non
827 2003 1173 2068 recordabor,
1210 2002 1320 2056 vita
1365 2002 1525 2056 vivet.
1559 2000 1694 2055 Nolo
1737 1999 1881 2054 enim

285 2108 518 2158 mortem
547 2097 848 2163 morientis,
900 2104 1106 2149 tantum
1139 2102 1197 2147 ut
1245 2101 1589 2148 convertatur
1634 2100 1689 2145 et
1715 2091 1878 2145 vivat.

289 2203 314 2231 ε
347 2191 650 2246 Occurrunt
688 2188 845 2242 nobis
874 2189 1068 2242 iterum
1100 2185 1398 2240 clamantes
1436 2202 1449 2234 :
1488 2183 1604 2238 lloc
1634 2184 1688 2237 in
1715 2183 1885 2237 veteri

287 2282 405 2352 lege
427 2282 686 2351 scriptum
729 2287 834 2345 est,
871 2280 924 2334 in
957 2294 1099 2333 novo
1127 2285 1310 2331 autem
1332 2275 1622 2347 Apostolus
1648 2275 1846 2330 clamat
1871 2294 1882 2328 :

295 2375 441 2430 Vasa
469 2377 562 2429 ira:
591 2381 771 2445 aptata
819 2374 877 2426 in
905 2373 1172 2426 interitum
1196 2368 1382 2440 (Rom.
1416 2385 1496 2434 ιχ,
1528 2366 1650 2439 22),
1679 2364 1705 2404 ἀ
1747 2366 1889 2437 Ergo

289 2467 334 2523 si
390 2473 519 2520 ante
565 2465 856 2520 adventum
897 2462 1116 2533 pietatis
1155 2460 1329 2530 pietas
1364 2459 1476 2529 jam
1529 2457 1886 2523 exuberabat;

293 2565 498 2628 quanto
546 2556 720 2626 magis
748 2572 908 2621 nunc,
957 2554 1048 2610 ubi
1077 2555 1250 2625 pietas
1278 2553 1392 2624 ipsa
1420 2569 1518 2624 pro
1547 2553 1722 2622 impiis
1768 2567 1891 2607 sen-

297 2650 523 2706 tentiam
554 2649 842 2720 impietatis
882 2648 1116 2718 accepit,
1151 2654 1209 2701 ut
1263 2645 1456 2716 impios
1504 2661 1534 2700 a
1588 2652 1742 2700 reatu
1789 2659 1889 2700 suo

299 2743 622 2810 absolveret,
657 2751 711 2798 et
740 2759 834 2799 eos
856 2742 922 2797 ad
952 2741 1295 2810 indulgentiae
1317 2739 1540 2810 gratiam
1569 2738 1889 2794 revocaret?

298 2838 585 2894 Videamus
627 2853 756 2908 ergo
800 2854 926 2893 vasa
958 2837 1051 2892 irze
1079 2852 1188 2907 quo
1213 2836 1403 2892 ordine
1441 2843 1695 2907 aptentur
1726 2835 1780 2890 in
1807 2836 1890 2890 in-

297 2931 533 2987 teritum.
570 2930 705 2984 Audi
759 2930 1094 3002 Apostolum,
1151 2945 1257 2983 non
1313 2928 1408 2983 Dei
1455 2927 1894 2998 przeordinationi

295 3021 419 3086 hoc,
451 3020 542 3075 sed
563 3021 797 3076 hominis
823 3021 1162 3090 negligentia:
1194 3019 1277 3073 vel
1305 3019 1596 3088 diligentia:
1617 3018 1893 3088 applican-

293 3121 421 3169 tem.
453 3112 517 3166 In
548 3130 756 3186 magna,
808 3113 1008 3182 inquit,
1042 3113 1194 3167 domo
1242 3129 1348 3165 non
1386 3119 1508 3164 sunt
1536 3119 1733 3164 tantum
1772 3127 1895 3165 vasa

1984 1914 2298 1985 mysterium
2328 1913 2484 1968 nobis
2529 1913 2914 1984 interpretatur
2952 1913 3263 1985 Apostolus,
3294 1921 3352 1967 tu
3378 1915 3497 1983 quis
3521 1929 3580 1969 es

1983 2005 2075 2074 qui
2104 2005 2264 2060 aliter
2276 2020 2439 2074 quam
2469 2006 2779 2075 explanavit
2796 2006 2950 2061 nobis
2964 2006 3221 2076 magister
3235 2021 3394 2060 verus
3421 2005 3580 2060 istum

1985 2111 2202 2150 sensum
2247 2111 2508 2166 exponas,
2541 2111 2661 2151 cum
2690 2096 2888 2152 dictum
2920 2096 2986 2151 ab
3011 2111 3078 2151 eo
3121 2095 3266 2164 quod
3294 2097 3339 2150 si
3369 2095 3583 2166 angelus

1989 2187 2053 2240 de
2075 2187 2199 2241 caelo
2221 2187 2647 2258 evangelizaverit
2684 2186 2822 2242 vobis
2849 2196 3038 2257 prceter
3066 2203 3218 2258 quam
3258 2186 3582 2259 evangelica-

1990 2280 2154 2332 vimus
2182 2277 2341 2344 vobis,
2361 2279 2637 2333 anathema
2667 2280 2734 2332 sit
2757 2277 2899 2348 (Cal.
2930 2296 2967 2345 ι,
2993 2278 3090 2349 8)?

2061 2367 2148 2423 Ill.
2214 2367 2229 2406 ί
2281 2368 2582 2425 Occurrunt
2633 2370 2736 2425 hoc
2797 2371 2917 2425 loco
2972 2376 3234 2426 renovato
3291 2368 3584 2425 certamine

1994 2459 2238 2517 dicentes
2284 2479 2295 2512 :
2342 2459 2456 2514 Nos
2513 2479 2616 2516 non
2662 2463 2882 2516 dicimus
2922 2470 3114 2533 praeter
3159 2475 3313 2534 quam
3360 2478 3583 2533 evange-

1991 2553 2166 2606 lizavit
2203 2553 2496 2622 Apostolus.
2543 2552 2648 2607 Per
2692 2555 3073 2624 prwscientiam
3112 2552 3210 2607 Dei
3238 2553 3583 2625 pra'destina-

1993 2649 2181 2701 tionem
2212 2649 2404 2718 factum
2444 2648 2556 2718 ipse
2583 2656 2984 2712 commemorat;
3031 2647 3098 2702 de
3135 2645 3247 2700 Deo
3273 2647 3384 2716 ipse
3413 2645 3538 2699 dicit
3570 2663 3584 2699 :

1995 2737 2137 2804 Quos
2188 2741 2406 2804 vocavit,
2458 2740 2551 2792 hos
2604 2740 2990 2808 pra'destinavit
3044 2737 3221 2809 (Rom.
3285 2753 3410 2802 vm,
3461 2737 3584 2809 50).

1995 2830 2054 2886 Si
2097 2831 2450 2902 prwscientem
2495 2840 2545 2885 et
2589 2831 3072 2900 prcedestinantem,
3119 2840 3169 2883 et
3221 2838 3485 2884 vocantem
3533 2829 3587 2882 in

1996 2922 2243 2993 Apostolo
2298 2922 2500 2992 legitis,
2553 2921 2702 2974 nobis
2741 2929 2798 2973 ut
2852 2922 2975 2992 quid
3022 2921 3307 2992 impingitis
3357 2918 3587 2972 crimen!

2003 3013 2016 3063 i
2058 3014 2165 3067 Nos
2215 3013 2366 3068 vobis
2411 3013 2615 3067 crimen
2674 3029 2781 3067 non
2831 3013 3191 3084 impingimus,
3248 3011 3342 3066 sed
3393 3011 3592 3081 proba-

1999 3123 2135 3162 mus.
2187 3105 2312 3161 Sive
2352 3107 2494 3161 enim
2545 3122 2642 3161 vos
2671 3107 2872 3179 peritos
2909 3106 3119 3171 dicatis,
3167 3106 3438 3175 arguimus
3484 3120 3592 3162 non

294 3224 454 3260 aurea
477 3215 526 3260 et
555 3216 821 3278 argentea,
853 3206 946 3260 sed
975 3215 1026 3260 et
1061 3206 1231 3277 lignea
1257 3213 1307 3259 et
1345 3206 1559 3276 ﬁctilia;
1589 3215 1638 3259 et
1657 3206 1896 3278 quondam
1923 3207 1970 3273 C
1999 3201 2076 3256 sic
2103 3217 2291 3257 sensus
2320 3202 2647 3272 apostolicos
2678 3217 2773 3256 vos
2792 3201 2990 3257 debere
3018 3200 3331 3266 concidere;
3354 3200 3468 3254 sive
3495 3205 3590 3254 vos

293 3297 498 3370 quidem
539 3308 659 3351 sunt
684 3300 736 3352 in
787 3297 1053 3363 honorem,
1078 3297 1314 3368 quadam
1343 3307 1513 3351 autem
1551 3299 1604 3351 in
1631 3306 1894 3353 contume-

295 3391 440 3445 liam.
477 3389 537 3446 Si
577 3393 689 3463 quis
719 3408 840 3462 ergo
869 3390 1192 3444 mundaverit
1219 3393 1543 3461 semetipsum
1572 3390 1636 3444 ab
1674 3391 1773 3457 his,
1801 3393 1898 3445 erit

297 3499 388 3537 vas
412 3492 434 3520 ο
459 3485 512 3536 in
542 3483 736 3537 honore
760 3483 1157 3553 sanctiﬁcatum,
1198 3482 1322 3536 utile
1351 3482 1461 3536 Deo
1485 3483 1553 3536 ad
1579 3501 1729 3538 omne
1768 3500 1898 3554 opus

297 3575 485 3630 bonum
511 3586 749 3647 paratum
777 3578 793 3646 (
817 3575 860 3630 ll
892 3575 1024 3629 Tim.
1059 3577 1114 3641 ἡ,
1148 3573 1363 3645 20-92).
1399 3575 1538 3644 Ergo
1561 3592 1683 3630 vasa
1715 3583 1898 3646 aptata

299 3667 393 3721 ira!
415 3668 467 3722 iu
498 3668 806 3734 interitum,
835 3668 880 3722 si
928 3684 985 3723 se
1014 3668 1423 3723 emundaverint
1451 3670 1518 3722 ab
1548 3669 1639 3723 his‘
1657 3684 1757 3738 pro
1779 3668 1899 3736 qui-

245 3807 256 3823 ,
298 3755 398 3812 bus
440 3766 621 3828 aptata
652 3769 777 3814 sunt
826 3758 878 3812 in
925 3759 1198 3815 interitum
1218 3800 1232 3824 ,
1266 3767 1423 3814 erunt
1454 3774 1577 3813 vasa
1609 3759 1662 3812 in
1691 3759 1900 3813 honore

300 3851 655 3916 sanctilicata,
699 3860 753 3905 et
782 3851 894 3906 Deo
921 3852 1074 3905 utilia
1105 3851 1170 3905 ad
1201 3867 1361 3906 omne
1411 3865 1547 3920 opus
1574 3850 1773 3905 bonum
1802 3867 1901 3922 pa-

300 3948 446 4004 rata;
477 3941 773 3995 secundum
795 3942 938 4011 quod
961 3957 1121 4012 supra
1145 3942 1278 3996 dixit
1299 3943 1364 3996 ad
1386 3943 1705 4013 prophetam
1735 3961 1747 3995 :
1773 3943 1916 3997 Cum-

303 4032 522 4091 dixerim
553 4036 812 4103 peccatori
834 4051 852 4088 :
881 4034 1052 4088 Morte
1081 4037 1315 4089 morieris
1334 4035 1547 4106 (Ezech.
1567 4052 1752 4098 χχχιιι,
1785 4035 1896 4106 54),

303 4121 409 4177 hoc
437 4131 537 4188 cst,
565 4140 686 4178 cum
709 4125 936 4179 dixerim
955 4143 966 4177 :
985 4125 1104 4179 Eris
1125 4141 1220 4180 vas
1249 4133 1488 4196 aptatum
1506 4128 1573 4181 ad
1603 4127 1896 4189 interitum,

301 4220 356 4266 et
377 4213 463 4268 hic
503 4222 759 4284 peccator
786 4217 1118 4271 converterit
1155 4233 1214 4272 se
1243 4218 1310 4272 ab
1340 4217 1624 4286 iniquitate
1651 4233 1765 4282 sua,
1798 4218 1901 4272 hoc

299 4314 402 4372 est,
432 4323 552 4363 cum
583 4308 653 4362 sit
679 4324 772 4364 vas
821 4316 1064 4379 aptatum
1110 4309 1177 4364 ad
1223 4310 1528 4377 interitum,
1563 4310 1902 4365 mundaverit

297 4401 647 4471 semetipsum
679 4399 746 4456 ab
775 4401 878 4466 his,
915 4402 1018 4456 erit
1045 4417 1139 4455 vas
1168 4402 1221 4456 in
1251 4403 1456 4457 honore
1485 4402 1890 4456 sanctiﬁcatum.

296 4489 494 4547 Postea
521 4507 684 4561 quam
707 4492 833 4547 hinc
854 4508 949 4547 eos
977 4493 1336 4564 superaveris,
1363 4492 1429 4546 ad
1449 4494 1758 4549 obscuriora
1776 4495 1895 4549 loca

2002 3295 2241 3367 probetis
2271 3296 2566 3366 imperitos,
2602 3296 2940 3366 increpamus
2981 3311 3087 3350 non
3115 3296 3346 3349 scientes
3391 3309 3591 3364 przcsu~

2001 3407 2148 3447 mere
2177 3409 2284 3447 non
2329 3393 2546 3457 debere,
2593 3402 2648 3448 et
2688 3393 2804 3462 ejus
2827 3395 2906 3448 rei
2942 3395 3305 3462 magisterium
3328 3391 3590 3461 polliceri,

2000 3487 2152 3555 cujus
2182 3502 2456 3556 nunquam
2496 3486 2742 3542 voluistis
2783 3500 2900 3541 esse
2928 3485 3192 3554 discipuli.
3221 3483 3330 3539 Vos
3359 3483 3521 3549 enim,
3548 3482 3595 3538 si

2001 3579 2308 3633 voluissctis
2337 3578 2543 3632 discere
2569 3578 2736 3647 prius,
2770 3586 2823 3631 et
2845 3578 2922 3633 sic
2942 3577 3157 3642 docere,
3191 3577 3257 3631 ab
3287 3575 3404 3630 istis
3429 3576 3595 3630 inter-

2000 3668 2393 3739 prctationibus
2448 3667 2740 3735 fugientes,
2791 3684 2821 3722 a
2872 3668 2965 3722 Dei
3021 3669 3270 3738 atquitate
3323 3681 3595 3736 nunquam

2003 3759 2029 3798 ¹ι
2058 3760 2418 3824 reccsseratis,
2452 3776 2552 3815 nec
2575 3760 2825 3815 diceretis
2847 3761 2972 3832 quia
3001 3776 3105 3813 non
3135 3775 3325 3815 omnes
3350 3759 3596 3812 homines

2001 3852 2116 3906 vult
2137 3851 2316 3907 salvos
2343 3850 2476 3906 ﬁeri.
2504 3852 2793 3921 Apostolus
2815 3860 2993 3906 autem
3019 3851 3150 3918 legis
3164 3849 3369 3920 peritus
3389 3858 3591 3914 noster,

2003 3945 2254 3999 omnibus
2273 3961 2331 3998 se
2361 3945 2540 3999 omnia
2565 3944 2760 3998 factum
2789 3945 2936 4008 dicit,
2962 3951 3022 3997 ut
3050 3958 3238 3997 omnes
3259 3941 3598 3996 lucrifaceret

2001 4042 2318 4107 peccatores
2343 4037 2360 4103 (
2380 4035 2398 4088 Ι
2422 4035 2542 4088 Cor.
2578 4053 2649 4099 ιχ,
2674 4034 2785 4104 ΞΞ).
2811 4034 2930 4089 Jam
2977 4035 3120 4089 enim
3166 4033 3443 4096 didicerat,
3469 4023 3595 4101 quia

1961 4147 1971 4154 θ
2003 4127 2267 4181 conclusit
2295 4126 2436 4180 Deus
2459 4127 2638 4181 omnia
2671 4127 2722 4181 in
2756 4125 3147 4189 incredulitate,
3180 4133 3234 4179 et
3258 4124 3369 4177 vult
3390 4131 3447 4178 ut
3474 4139 3594 4178 om-

2005 4219 2160 4274 nibus
2185 4219 2508 4273 misereatur
2525 4219 2699 4289 (Rom.
2733 4235 2804 4283 χι,
2831 4217 2948 4286 32).
2975 4217 3237 4272 Didicerat
3264 4216 3405 4286 quod
3435 4231 3596 4270 omne

2001 4327 2064 4366 os
2091 4311 2314 4365 deberet
2359 4311 2585 4378 obstrui,
2637 4319 2691 4364 et
2739 4310 2982 4364 subditus
3015 4309 3238 4364 deberet
3276 4307 3388 4362 ﬁeri
3419 4307 3595 4361 omnis

2001 4401 2231 4457 mundus
2261 4402 2372 4457 Deo
2424 4401 2598 4474 (Rom.
2656 4419 2730 4466 ιιι,
2782 4400 2891 4470 l9),
2925 4408 2979 4456 et
3025 4400 3145 4455 ideo
3175 4399 3427 4454 dicebat:
3464 4397 3594 4451 Dico

2001 4505 2169 4549 autem
2195 4512 2287 4565 per
2315 4496 2538 4566 gratiam
2567 4511 2680 4564 qua:
2708 4493 2832 4547 data
2861 4503 2937 4548 est
2963 4492 3112 4556 mihi,
3143 4492 3375 4546 omnibus
3419 4491 3505 4562 qui
3541 4492 3596 4544 its

293 4584 698 4655 Scripturarum
727 4584 1061 4654 confugiunt,
1095 4593 1154 4640 ut
1176 4586 1432 4655 sagittent
1460 4586 1513 4640 in
1553 4587 1782 4642 obscuro
1812 4601 1899 4641 re-
1925 4595 1978 4656 D
2001 4588 2141 4642 vobis
2168 4596 2287 4640 sunt
2311 4585 2486 4656 (Rom.
2515 4603 2607 4651 xu,
2635 4587 2711 4656 5).
2746 4584 2812 4640 Ει
2841 4585 3037 4639 iterum
3072 4602 3083 4636 :
3109 4583 3454 4654 Corripientes
3477 4599 3590 4635 om-

294 4686 417 4734 ctos
445 4679 628 4734 corde.

323 4778 334 4788 '
370 4772 436 4828 11.
469 4770 488 4810 τ
519 4771 764 4838 Nescitis,
801 4773 1066 4844 inquiunt,
1091 4775 1211 4845 quia
1231 4773 1477 4842 scriptum
1499 4779 1607 4826 est:
1629 4771 1793 4826 Iacob
1813 4773 1895 4826 di-

306 4869 437 4934 lexi,
487 4866 629 4921 Esau
668 4876 837 4920 autem
890 4867 1009 4921 odio
1051 4867 1247 4920 habui?
1301 4865 1427 4919 Cum
1481 4867 1618 4919 enim
1666 4866 1895 4920 nondum

292 4963 410 5019 nati
439 4963 679 5034 fuissent,
727 4977 819 5014 uec
859 4960 1058 5032 aliquid
1094 4962 1318 5030 egissent
1368 4958 1488 5012 boni
1515 4959 1594 5010 vel
1634 4959 1780 5021 mali,
1830 4974 1893 5011 ea:
1932 5018 1940 5026 σ

293 5056 626 5129 prwscientia
672 5052 860 5108 dictum
887 5060 983 5115 est,
1019 5061 1075 5105 ut
1101 5068 1234 5105 unus
1274 5049 1545 5103 haberetur
1589 5050 1727 5112 odio,
1764 5051 1898 5102 alius

292 5153 586 5201 amaretur.
616 5155 642 5192 σ
668 5145 894 5199 Necesse
913 5143 1069 5197 nobis
1090 5143 1193 5197 erit
1223 5143 1274 5195 in
1305 5142 1409 5196 hoc
1438 5141 1578 5206 loco,
1603 5139 1670 5194 de
1695 5140 1898 5194 lumine

292 5255 468 5298 sacrm
489 5240 622 5308 legis
643 5235 1192 5308 interpretatiunculze
1212 5235 1370 5304 hujus
1394 5235 1574 5288 lumen
1592 5233 1896 5297 incendere,

293 5341 364 5389 ut
388 5332 710 5402 detegamini
739 5347 846 5386 non
875 5329 1018 5405 aliud
1048 5330 1101 5384 in
1131 5328 1374 5385 obscuris
1404 5327 1536 5382 locis
1558 5325 1696 5380 lxvos
1713 5323 1894 5395 ﬁgere,

380 5457 408 5486 ⁸
439 5445 537 5500 Ms.
569 5444 856 5515 Augiense,
873 5443 1080 5515 justitia
1100 5444 1210 5515 ejus
1233 5461 1336 5498 non
1356 5443 1592 5498 liberabit
1611 5459 1743 5496 eum.

377 5516 405 5557 δ
443 5516 540 5570 Ms.
568 5514 731 5578 idem,
761 5513 1319 5583 per’desperationem.

381 5599 403 5628 α
445 5585 542 5640 Ms.
577 5585 718 5640 idem
756 5599 768 5634 :
799 5581 887 5636 lll.
919 5581 1216 5639 Hienmmr.
1254 5584 1546 5638 Occurrunt
1583 5582 1754 5648 nobis,
1783 5591 1884 5639 etc.

373 5657 402 5696 ά
441 5657 538 5714 Ms.
565 5655 831 5725 Augiense
861 5670 873 5704 :
897 5651 1207 5709 Caruoucr.
1243 5653 1381 5714 Erao
1411 5655 1454 5708 si
1481 5662 1600 5707 ante
1619 5652 1891 5707 adventum

297 5728 532 5807 νίειαείρν
563 5736 666 5807 stc-

382 5812 406 5841 ⁸
445 5798 544 5855 Ms.
569 5797 735 5865 Idem,
758 5799 814 5852 in
832 5797 1092 5852 honorem.

2002 4693 2117 4732 nem
2140 4678 2416 4743 hominem,
2450 4686 2499 4731 et
2521 4677 2758 4732 docentes
2784 4676 3004 4748 (Coloss.
3041 4692 3077 4738 ι,
3108 4673 3220 4743 28).
3256 4672 3322 4726 Ει
3351 4674 3543 4726 iterum
3577 4691 3589 4726 :

2001 4769 2148 4825 Idem
2174 4770 2314 4824 Deus
2343 4771 2483 4824 dives
2529 4772 2583 4823 in
2632 4769 2867 4823 omnibus
2909 4766 3047 4821 vobis
3075 4765 3249 4834 (Rom.
3285 4781 3334 4828 x,
3368 4761 3484 4833 12).
3527 4759 3596 4817 Et

1998 4861 2191 4916 iterum
2219 4879 2230 4913 :
2261 4862 2517 4932 Apparuit
2547 4862 2717 4930 gratia
2740 4858 2836 4911 Dei
2867 4855 3102 4912 omnibus
3137 4855 3444 4920 hominibus,
3476 4871 3595 4909 eru-

2001 4953 2146 5006 diens
2177 4968 2271 5004 nos
2318 4960 2369 5004 et
2407 4950 2596 5003 docens
2631 4947 2756 5019 (Tit.
2788 4964 2844 5012 ιι,
2878 4946 2936 4999 ll
2967 4946 3004 5016 ),
3033 4955 3091 4999 ut
3117 4947 3183 5000 sit
3229 4947 3394 5001 omnis
3441 4945 3593 4999 homo

2000 5046 2256 5116 perfectus
2279 5044 2333 5096 in
2354 5040 2561 5095 Christo
2586 5039 2650 5112 (ll
2665 5037 2796 5094 Tim.
2814 5056 2890 5103 ιιι,
2911 5038 3018 5110 17).
3039 5037 3106 5093 Ει
3124 5039 3248 5108 quia
3276 5039 3479 5094 sciebat
3507 5032 3595 5088 Fi-

2004 5137 2133 5191 lium
2164 5135 2259 5189 Dei
2286 5150 2386 5205 pro
2417 5133 2665 5188 omnibus
2708 5141 2912 5199 natum,
2946 5148 3044 5202 pro
3072 5133 3319 5186 omnibus
3348 5140 3588 5197 passum,

2004 5230 2127 5285 ideo
2147 5229 2360 5295 clamat,
2391 5228 2576 5283 dicens
2605 5246 2615 5281 :
2653 5227 2766 5283 Hoc
2789 5227 3034 5298 placitum
3080 5234 3154 5278 est
3196 5237 3369 5276 coram
3402 5215 3589 5271 Salva-

2006 5333 2115 5377 tore
2161 5329 2335 5376 nostra
2365 5320 2498 5386 Deo,
2527 5321 2613 5390 qui
2653 5321 2755 5376 vult
2783 5337 2954 5375 omnes
2985 5317 3214 5370 homines
3261 5311 3426 5364 salvos
3453 5307 3612 5377 ﬁeri;

2080 5436 2099 5476 τ
2131 5437 2228 5493 Ms.
2261 5438 2333 5493 id.
2355 5455 2366 5491 :
2385 5436 2776 5507 lV.Ha::ne'nc1.
2796 5433 3047 5507 Nescitis,
3064 5423 3587 5507 inquiunt,quia,etc.

2074 5518 2100 5558 8
2139 5508 2237 5564 Ms.
2272 5510 2412 5565 idem
2439 5527 2451 5562 :
2485 5502 2796 5563 Carnorum.
2822 5502 3046 5556 Necesse
3065 5501 3210 5550 nobis
3225 5501 3341 5546 erit.
3599 5522 3641 5553 ,η

2074 5577 2103 5617 ¹λ
2142 5579 2244 5635 Ms.’
2268 5580 2431 5643 idem,
2463 5595 2548 5631 vos
2576 5577 2716 5697 ﬁeri,
2743 5574 2861 5624 nisi.

2081 5651 2096 5689 ί
2141 5651 2238 5697 Ms-
2264 5651 2403 5697 idem
2439 5667 2451 5697 :
2484 5647 2550 5697 ν.
2627 5656 2852 5697 ,επιετιιῑι

2081 5651 2096 5689 ί
2141 5651 2238 5706 Ms.
2263 5635 2451 5705 idem':
2484 5647 2550 5699 V.
2576 5635 2872 5697 Ημειιιιῑτιιῑι.
2892 5636 3179 5690 Occurrunt
3209 5635 3302 5688 hoc
3331 5635 3464 5706 loco,
3483 5645 3586 5693 etc.

2081 5723 2094 5771 l
2144 5705 2240 5775 Ms.
2265 5721 2441 5775 idem:
2473 5717 2786 5770 Cnnoucr.
2818 5707 2931 5762 Nos
2960 5705 3119 5776 vobis,
3150 5714 3251 5762 etc.

2083 5790 2112 5830 ι
2142 5792 2238 5846 Ms.
2275 5791 2436 5853 idem,
2469 5782 2799 5839 recesseritis.
