4140 6346
551 317 658 381 6δὸ

1539 312 1916 371 ANONYMUS
1955 313 2230 369 AUCTOR
2269 309 2810 368 PREDESTINATI.

549 429 600 477 et
620 423 676 476 in
717 419 1032 491 agnitionem
1059 413 1286 468 veritatis
1314 412 1488 469 venire
1518 409 1573 481 (l
1607 409 1741 465 Tim.
1767 398 1824 475 ll,
1856 411 1944 479 ὅ).
1984 409 2138 466 Unde
2164 413 2214 474 Δ
2241 411 2453 464 stinauit
2473 411 2768 480 conformes
2790 408 2908 479 fieri
2948 409 3195 482 imaginis
3223 407 3356 463 Filii
3381 407 3483 474 sui,
3526 415 3588 460 ut
3613 407 3684 464 sit
3735 409 3860 479 ipse

551 513 714 569 etiam
742 507 980 578 quotidie
1012 506 1166 561 nobis
1193 504 1243 558 in
1275 503 1581 573 Evangeliis
1607 503 1717 558 suis
1744 505 1858 573 ipse
1888 503 2145 558 Dominus

554 603 772 663 clamat,
803 598 987 654 dicata
1021 613 1031 647 :
1066 594 1250 650 Venite
1280 595 1348 648 ad
1371 579 1475 659 me,
1502 611 1677 649 omnes
1704 595 1792 665 qui
1819 593 2067 648 laboratis
2095 601 2145 648 et

551 695 752 754 onerati
769 694 914 756 estis,
937 698 986 746 et
1014 707 1107 761 ego
1136 703 1222 745 vos
1252 690 1571 760 requiescere
1600 689 1791 757 faciam
1822 687 2034 756 (Matth.
2069 704 2140 752 ιι,

549 787 670 857 28).
703 784 854 841 Unde
882 793 940 838 ut
965 782 1192 839 doceret
1218 796 1281 836 se
1305 782 1510 837 nullum
1541 781 1832 846 hominem,
1865 797 1894 833 a
1916 796 2012 834 sua
2039 780 2146 835 lar-

549 882 714 951 gitate
749 878 1034 949 repellere,
1067 885 1372 946 promptus,
1401 875 1655 940 liberalis,
1680 874 1978 939 abundans,
2011 888 2146 930 uun-

549 988 707 1044 quam
758 971 935 1026 minus
977 969 1196 1035 faciens,
1242 969 1488 1038 loquitur
1511 969 1564 1023 in
1593 967 1896 1037 Evangeliis
1924 968 2035 1023 suis
2061 966 2144 1023 di-

549 1079 678 1122 cens
711 1083 722 1118 :
752 1063 936 1118 Omnis
979 1063 1068 1136 qui
1095 1062 1222 1133 petit
1251 1062 1460 1132 accipit,
1492 1069 1542 1114 et
1570 1061 1656 1132 qui
1685 1062 1869 1132 quaerit
1917 1060 2140 1124 invenit,

549 1168 598 1214 et
616 1154 1358 1230 pulsanttaperietur(Matth.
1385 1170 1478 1217 vn,
1511 1153 1598 1224 8).
1631 1153 1764 1208 Nam
1793 1163 1848 1209 et
1869 1154 2145 1222 Scriptum

550 1250 756 1312 veteris
782 1248 1117 1305 Testamenti
1139 1262 1328 1303 omnes
1356 1246 1421 1301 ad
1448 1247 1770 1308 audiendum
1796 1255 1984 1316 gentes
2013 1246 2147 1300 invi-

552 1348 692 1407 taIIs,
723 1340 936 1396 dicebat
959 1357 972 1393 :
1002 1339 1190 1394 Audite
1216 1339 1344 1404 liceo,
1367 1341 1645 1408 omnesqui
1674 1338 1920 1392 habitatis
1949 1337 2141 1402 orbem,

553 1433 737 1504 quique
757 1433 1028 1502 terrigenas
1052 1439 1102 1485 et
1130 1430 1231 1502 filii
1257 1431 1538 1495 hominum,
1569 1431 1724 1485 simul
1754 1432 1807 1484 in
1826 1446 1987 1484 unum
2008 1430 2146 1484 dives

553 1530 602 1576 et
629 1537 825 1592 pauper
854 1521 981 1593 (Ps.
1017 1538 1200 1586 XLVIII,
1245 1521 1331 1590 ὅ).
1363 1520 1430 1574 Et
1478 1522 1598 1576 ideo
1649 1521 1787 1577 idem
1835 1521 2142 1591 Apostolus,

555 1613 743 1669 videns
771 1615 895 1684 quia
925 1628 1112 1669 omnes
1166 1614 1413 1668 homines
1440 1614 1555 1668 vult
1595 1613 1753 1677 Deus,
1812 1629 1917 1667 non
1966 1621 2146 1669 tamen

555 1721 744 1762 omnes
762 1705 1010 1760 homines
1037 1705 1204 1763 Deum
1230 1705 1437 1770 volunt,
1470 1705 1706 1760 futurum
1729 1705 1990 1774 judicium
2027 1719 2145 1760 me-

2245 503 2617 574 primogenitus
2641 502 2697 555 in
2713 501 2887 555 multis
2901 500 3146 572 fratribus
3173 501 3350 568 (Rom.
3376 514 3488 564 vui,
3513 497 3636 571 29).
3667 497 3858 554 λειάπί

2245 595 2389 651 enim
2412 609 2510 664 per
2536 593 2996 650 circumcisionem
3022 592 3113 646 lilii
3135 593 3361 647 Abrahae
3395 590 3678 654 docentur,
3714 605 3859 659 geu-

2245 697 2327 745 tes
2355 696 2535 744 autem
2564 703 2659 758 per
2705 687 3024 756 baptismum
3077 685 3170 739 lilii
3211 685 3306 739 Dei
3353 683 3508 750 ﬁunt,
3539 691 3593 738 et
3624 691 3714 738 est
3746 681 3859 737 illis

2246 781 2412 836 frater
2437 779 2831 850 primogenitus
2860 777 3028 832 Filius
3054 775 3171 831 Dei.
3211 774 3544 844 Unigenitus,
3597 776 3855 844 inquam,

2245 875 2554 945 specialiter
2574 873 2742 927 Filius
2761 871 2879 936 Dei,
2905 869 3074 925 frater
3100 867 3159 922 fit
3187 885 3374 924 eorum
3403 868 3494 937 qui
3515 867 3858 936 generaliter

2248 967 2340 1022 ﬁlii
2387 968 2480 1023 Dei
2528 967 2885 1036 adoptantur;
2917 963 3056 1019 unde
3098 973 3152 1017 et
3203 963 3333 1018 dicit
3371 961 3558 1042 Patri:
3594 958 3858 1016 Narrabo

2247 1075 2431 1115 nomen
2464 1068 2609 1114 tuum
2647 1056 2896 1130 fratribus
2928 1059 3052 1111 meis
3084 1057 3212 1126 (Ps.
3241 1072 3366 1132 ιιι,
3396 1053 3520 1126 25).
3548 1051 3663 1109 Hos
3721 1068 3858 1122 ergo

2246 1153 2484 1222 gentium
2513 1151 2740 1222 p0pulos
2766 1150 3015 1220 priesciit,
3067 1156 3125 1202 ut
3169 1147 3422 1213 diximus,
3454 1146 3598 1218 quod
3645 1145 3854 1202 Filium

2248 1261 2402 1301 suum
2421 1260 2582 1314 quem
2611 1243 2781 1299 Judaei
2815 1254 2836 1280 θ
2869 1241 3174 1298 cruciﬁxuri
3220 1249 3395 1306 erant,
3438 1241 3652 1295 sincero
3687 1237 3858 1296 corde

2214 1324 2602 1408 susciperent,
2650 1345 2706 1390 et
2748 1344 2806 1390 ut
2859 1334 3086 1390 decebat
3133 1333 3228 1387 Dei
3277 1332 3465 1386 Filium
3511 1331 3853 1387 adorarent:

2255 1429 2272 1468 ί
2288 1430 2434 1497 Quos
2453 1443 2582 1498 ergo
2609 1427 2859 1497 prtesciit,
2893 1435 2948 1480 et
2968 1426 3366 1496 pnedestinavit
3394 1423 3709 1480 conformes
3740 1424 3857 1480 fieri

2249 1523 2494 1590 imaginis
2523 1520 2640 1574 Filii
2663 1519 2765 1584 sui,
2786 1526 2845 1574 ut
2873 1518 3040 1573 Filius
3069 1517 3184 1586 eius
3213 1525 3355 1572 esset
3372 1517 3774 1585 primogenitus
3803 1515 3857 1572 ia

2247 1616 2430 1669 multis
2459 1614 2728 1679 ftatribus,
2761 1613 2860 1668 hos
2881 1611 3314 1683 prasdestinavit;
3337 1622 3475 1680 quos
3497 1617 3683 1664 autem
3713 1625 3857 1680 prae-

2249 1709 2553 1774 destinavit,
2601 1708 2699 1762 hos
2727 1707 2958 1762 vocavit.
3011 1715 3034 1752 8
3066 1706 3124 1759 Si
3180 1706 3478 1772 interrogas
3504 1703 3853 1774 Apostolum,

555 1811 772 1854 morsus
799 1796 1014 1862 clamat,
1057 1797 1244 1852 dicens
1278 1817 1289 1850 :
1323 1796 1515 1851 Omnes
1552 1815 1644 1852 nos
1685 1807 1885 1867 Oportet
1927 1797 2151 1868 manifeo
2182 1801 2225 1862 Β
2255 1803 2470 1875 quando
2493 1801 2910 1873 praedestinavit,
2952 1799 3082 1853 dicit
3113 1799 3206 1853 tibi
3233 1817 3244 1850 :
3277 1797 3426 1852 Tunc
3451 1798 3671 1866 quando
3722 1797 3856 1856 dixit

553 1889 686 1943 stari
706 1895 824 1943 ante
845 1882 1074 1943 tribunal
1099 1887 1312 1954 Christi,
1338 1897 1394 1942 ut
1423 1890 1636 1957 recipiat
1659 1878 2001 1960 unusquisque
2028 1906 2150 1959 pro-

552 1979 669 2049 pria
697 1980 949 2048 corporis,
979 1987 1132 2050 prout
1154 1981 1333 2050 gessit,
1357 1981 1460 2033 sive
1488 1979 1625 2032 bona
1645 1981 1750 2033 sive
1770 1980 1908 2033 mala
1931 1979 1996 2051 (ll
2027 1979 2147 2035 Cor.

552 2083 603 2135 ν,
629 2069 740 2140 10)ι
767 2067 918 2125 Unde
939 2078 995 2125 et
1023 2071 1298 2141 apostolus
1322 2071 1511 2126 Petrus
1543 2089 1556 2124 :
1591 2070 1793 2137 Gratia,
1828 2073 2020 2140 inquit,
2050 2072 2152 2128 Dei

553 2178 706 2234 super
751 2179 950 2230 omnes,
981 2170 1030 2217 et
1078 2165 1134 2218 in
1188 2163 1425 2220 omnibus
1454 2165 1613 2228 vobis.
1649 2163 1932 2236 Prophetas
1961 2180 2150 2220 omnes

552 2263 770 2320 vocant,
802 2255 1034 2325 apostoli
1063 2271 1252 2311 omnes
1295 2265 1509 2322 vocant,
1541 2255 1814 2312 Christum
1843 2273 2033 2313 omnes
2053 2273 2149 2312 vo-

552 2353 659 2412 cat,
692 2345 746 2400 in
776 2353 892 2400 toto
922 2347 1056 2402 orbe
1084 2355 1348 2406 terrarum
1373 2349 1682 2403 sacerdotes
1713 2348 1808 2403 Dei
1838 2349 2146 2404 innumera-

551 2437 690 2493 biles
719 2453 908 2494 omnes
934 2447 1128 2494 vocant
1175 2440 1242 2494 ad
1271 2442 1500 2508 gratiam
1538 2449 1593 2496 et
1630 2441 1698 2496 ad
1725 2442 2146 2498 misericordiam

555 2527 653 2584 Dei
680 2539 736 2585 et
760 2529 827 2584 ad
855 2531 1262 2600 indulgentiam.
1294 2531 1407 2587 Soli
1429 2533 1536 2588 duo
1561 2541 1656 2587 aut
1697 2541 1808 2588 tres
1829 2534 2146 2589 homuncio-

558 2635 676 2688 nes,
714 2636 915 2678 (χρειω)
941 2623 1204 2680 habentes
1227 2639 1341 2690 cor,
1364 2625 1709 2694 egrediuntur
1737 2643 1859 2690 cum
1898 2626 1982 2680 his
2003 2626 2149 2680 libris

557 2705 883 2784 apostatiois,
910 2731 1048 2785 quos
1071 2716 1172 2771 viri
1202 2719 1452 2774 catholici
1482 2733 1602 2774 esse
1647 2716 2034 2786 contingentes,
2062 2726 2146 2774 ιοι-

431 2870 456 2887 ς
555 2814 667 2861 tum
695 2808 980 2864 vulnerant
1006 2809 1262 2866 mundum
1295 2829 1307 2864 :
1339 2813 1532 2882 quibus
1559 2827 1759 2866 novum
1792 2825 1960 2880 genus
2005 2812 2148 2866 blas-

554 2900 782 2969 phemia:
803 2901 1138 2966 inducentes,
1163 2904 1351 2960 dicunt
1369 2905 1514 2974 quod
1541 2905 1683 2959 Deus
1710 2920 1818 2960 non
1839 2920 2028 2960 omnes
2056 2903 2149 2958 ho-

555 2993 726 3048 mines
753 2995 867 3048 vult
893 2997 1074 3052 salvos
1102 2997 1236 3061 ﬁeri,
1269 3005 1321 3052 et
1351 2999 1403 3051 in
1427 2999 1753 3066 agnitionem
1783 2999 2026 3052 veritatis
2051 3012 2144 3052 ve-

559 3083 702 3149 nire;
733 3092 895 3153 atque
924 3088 1082 3142 unius
1101 3088 1205 3142 loci
1224 3089 1602 3144 obscuritatem
1624 3091 1797 3160 passi;
1832 3099 1858 3127 ι
1880 3098 2029 3144 tanto
2059 3089 2140 3144 lu-

2257 1895 2481 1950 Ahrahaz
2515 1913 2525 1945 :
2562 1892 2624 1946 In
2649 1893 2844 1947 semine
2872 1901 2958 1945 tuo
2997 1888 3308 1945 luereditabo
3339 1905 3515 1944 omnes
3554 1898 3755 1961 gentes.
3790 1888 3854 1944 Et

2253 1987 2374 2044 ideo
2399 2001 2494 2056 per
2511 1985 2827 2055 prophetam
2858 1980 2884 2019 ¹ι
2911 1983 3041 2037 dicit
3065 2000 3077 2034 :
3109 1981 3296 2034 Audite
3322 1981 3449 2046 liwc,
3475 1996 3652 2036 omnes
3675 1987 3853 2052 gentes

2255 2081 2378 2150 (Ps.
2414 2096 2595 2143 XLVIII,
2626 2077 2712 2144 2).
2747 2077 2886 2130 Dicit
2915 2088 3044 2141 ergo
3083 2073 3280 2128 Judmis
3312 2092 3324 2126 :
3355 2073 3496 2127 Nihil
3525 2089 3726 2127 novum
3750 2089 3848 2127 vo-

2250 2171 2334 2226 bis
2355 2169 2600 2225 videatur
2628 2167 2818 2222 fecisse
2841 2165 3002 2230 Deus,
3026 2165 3116 2232 qui
3147 2163 3316 2219 voluit
3341 2165 3664 2234 promissum
3697 2165 3838 2233 patri

2251 2256 2439 2317 nos'tro
2469 2260 2697 2314 Abrahae
2724 2257 2997 2327 complere
3019 2255 3162 2324 quod
3202 2255 3544 2328 promiserat,
3575 2263 3632 2310 ut
3659 2256 3715 2310 in
3754 2272 3843 2311 se-

2251 2353 2394 2408 mine
2413 2350 2528 2420 ejus
2542 2349 2920 2405 hacreditentur
2935 2363 3122 2404 omnes
3133 2357 3338 2417 gentes.
3358 2346 3499 2418 Ergo
3517 2350 3634 2419 quia
3647 2365 3835 2405 omnes

2251 2454 2438 2514 gentes
2472 2443 2887 2514 pmdestinavit,
2913 2440 2926 2478 ί
2957 2457 3145 2496 omnes
3171 2451 3358 2510 gentes
3385 2442 3634 2499 conclusit
3659 2444 3714 2496 in
3744 2444 3832 2497 in—

2251 2536 2621 2594 credulitatem
2669 2541 2728 2588 ut
2776 2533 3025 2589 omnibus
3051 2533 3375 2588 misereatur
3424 2533 3596 2605 (Rom.
3619 2533 3838 2605 v.30).

2251 2627 2391 2696 Ergo
2406 2643 2544 2698 quos
2553 2625 2971 2698 praedestinavit,
2987 2626 3088 2680 bos
3101 2625 3334 2688 vocavit;
3349 2641 3487 2697 quos
3498 2627 3726 2691 vocavit,
3746 2627 3844 2682 bos

2245 2717 2578 2787 iustiﬁcavit,
2610 2719 2903 2775 auferendo
2934 2719 3184 2774 universa
3219 2725 3469 2789 peccata;
3502 2735 3637 2789 quos
3665 2729 3843 2775 autem

2244 2808 2573 2882 justiﬁcavit,
2587 2812 2732 2882 ipsos
2753 2807 3200 2878 etmagniticavit,
3222 2809 3273 2864 id
3295 2815 3398 2875 est,
3425 2809 3562 2865 filios
3579 2809 3675 2864 Dei
3698 2810 3839 2866 fecit.

2251 2905 2389 2973 Quid
2417 2920 2545 2974 ergo
2574 2912 2971 2958 murmurantes
3013 2903 3175 2966 estis,
3205 2918 3237 2956 o
3267 2901 3466 2966 Judzei,
3500 2904 3843 2974 prohibentes

2250 3012 2350 3057 nos
2367 3008 2554 3068 gentes
2574 2998 2812 3066 alloqui?
2844 2996 2905 3052 Si
2933 2996 3070 3051 Deus
3093 3015 3185 3067 pro
3214 2991 3382 3061 nobis,
3414 2998 3529 3067 quis
3549 3008 3734 3053 contra
3755 3016 3844 3056 nos

2251 3094 2428 3162 (Rom.
2453 3108 2560 3158 VIII,
2589 3091 2674 3157 51,
2695 3089 2890 3160 52)ἳί(1
2916 3099 3017 3154 est,
3043 3091 3170 3160 quid
3187 3091 3238 3145 in
3265 3106 3365 3144 nos
3393 3092 3604 3146 mittitis
3632 3109 3840 3159 manus,

559 3174 709 3242 mini,
725 3177 1220 3244 tamqueimmenso
1246 3180 1536 3248 splendori,
1567 3181 1910 3237 tenebrarum
1935 3197 2149 3237 suarum
2176 3186 2224 3247 C
2256 3193 2310 3241 et
2337 3188 2390 3241 in
2418 3186 2695 3257 apostolos
2714 3183 2809 3237 Dei
2830 3182 3136 3238 scandalum
3149 3183 3428 3252 patimini?
3450 3182 3507 3238 Si
3533 3186 3676 3239 enim
3706 3185 3843 3240 Deus

559 3266 744 3322 volunt
775 3268 970 3324 inferre
997 3271 1298 3339 caliginem.
1330 3271 1436 3327 Sed
1463 3275 1587 3343 quia
1627 3275 1719 3328 lux
1749 3275 1889 3329 lucet
1917 3275 1967 3328 in
1999 3284 2148 3332 tene-

555 3359 685 3426 bris,
732 3369 787 3416 et
843 3363 1078 3418 tenebrae
1130 3380 1250 3420 eam
1301 3382 1407 3422 non
1463 3367 1645 3422 valent
1692 3370 2150 3438 comprehendere

557 3447 737 3518 (Joan.
769 3469 806 3517 ι,
833 3450 916 3519 5),
944 3451 1170 3522 iuvante
1199 3454 1460 3522 Domino,
1489 3473 1556 3512 ex
1579 3458 1695 3526 ejus
1725 3461 1987 3514 thesauris
2009 3463 2150 3516 acci-

555 3544 782 3613 pientes,
816 3546 993 3602 loeum
1023 3563 1181 3616 quem
1205 3559 1396 3619 putant
1423 3551 1613 3607 bmresi
1643 3535 1754 3608 sua:
1773 3539 2146 3624 manum'por-

557 3635 730 3707 rigere
776 3638 803 3676 δ
834 3641 1253 3710 explanavimus.
1309 3641 1558 3698 Dicamus
1597 3662 1737 3700 nunc
1787 3655 1842 3700 et
1881 3646 1949 3701 de
2003 3663 2141 3717 pra:-

556 3727 776 3784 scientia
799 3731 944 3786 etde
967 3732 1457 3802 prmdestiuatione.
1482 3735 1728 3792 Praesciit
1757 3737 1897 3794 Deus
1928 3748 1983 3792 et
2013 3755 2150 3809 pra:-

555 3819 687 3874 dixit
707 3823 851 3890 quod
872 3824 928 3878 in
957 3826 1163 3880 semine
1191 3826 1441 3907 Abrahae,
1467 3829 1569 3885 hoc
1597 3839 1679 3885 est
1707 3831 1759 3884 in
1789 3830 2023 3898 Christo,
2054 3834 2151 3888 be-

555 3915 935 3972 nedicerentur
965 3933 1153 3974 omnes
1181 3929 1388 3987 gentes.
1423 3920 1575 3988 Quod
1615 3922 1740 3977 dum
1769 3925 1939 3991 fieret,
1984 3925 2148 3980 Judzei

541 4008 684 4061 satis
713 4010 940 4064 moleste
982 4011 1254 4066 serebant.
1283 4012 1419 4066 Nam
1459 4013 1580 4069 ideo
1622 4018 2150 4086 comprehendebant

553 4101 850 4168 apostolos,
901 4109 955 4155 et
984 4102 1036 4156 in
1081 4103 1340 4158 custodiis
1390 4106 1712 4170 retinebant,
1745 4109 1985 4164 dicentes
2027 4112 2145 4166 eis:

555 4185 904 4244 Prazdiximus
927 4190 1065 4246 vobis
1088 4210 1152 4246 ne
1171 4195 1526 4263 pradicaretis
1565 4198 1659 4250 hoc
1683 4217 1898 4266 nomen;
1929 4219 2016 4256 vos
2049 4220 2145 4256 au-

554 4284 656 4332 tem
688 4290 708 4316 ε
758 4282 992 4350 replestis
1039 4299 1214 4336 omnes
1257 4285 1496 4339 doctrina
1543 4293 1894 4362 vestra(Act.
1941 4311 1988 4358 γ,
2021 4294 2141 4365 9.8).

555 4369 846 4439 Apostolus
873 4379 1050 4426 autem
1080 4371 1299 4439 Paulus,
1322 4377 1508 4431 videns
1524 4375 1734 4435 Judaaos
1749 4381 1803 4435 in
1832 4398 1897 4437 eo
1917 4384 2147 4440 deficere

553 4462 698 4532 quod
727 4471 917 4532 gentes
946 4464 1233 4519 introirent
1278 4467 1344 4522 ad
1374 4467 1553 4535 ﬁdem,
1593 4480 1649 4525 et
1676 4475 2022 4530 excluderent
2047 4478 2143 4533 Ju-

2255 3279 2390 3334 Filio
2419 3295 2517 3333 suo
2555 3293 2662 3332 non
2690 3276 2950 3347 pepercit,
2971 3275 3061 3329 sed
3093 3290 3191 3344 pro
3214 3274 3465 3329 omnibus
3491 3277 3646 3331 nobis
3672 3277 3843 3332 tradi-

2252 3370 2330 3424 dit
2356 3386 2498 3434 eum,
2525 3373 2650 3424 nota
2672 3370 2787 3433 tibi,
2819 3367 3224 3432 Przudestinatc,
3247 3365 3378 3435 quid
3415 3366 3584 3422 dicat:
3611 3367 3721 3424 Sed
3745 3385 3844 3440 pro

2253 3463 2502 3521 omnibus
2525 3462 2742 3516 tradidit
2763 3477 2907 3516 eum.
2958 3460 3198 3516 Dicendo
3225 3476 3326 3530 pro
3349 3463 3598 3517 omnibus
3625 3464 3842 3519 tradidit

2253 3570 2398 3619 eum,
2424 3564 2477 3609 et
2504 3544 2700 3608 Judaais
2723 3555 3019 3624 amputavit
3047 3554 3357 3610 scandalum
3377 3594 3392 3617 ,
3417 3563 3472 3610 et
3487 3565 3730 3610 vestram
3755 3558 3840 3612 in-

2253 3647 2549 3702 tentionem
2571 3645 2818 3702 exclusit.
2849 3645 3014 3702 Miror
3041 3654 3219 3701 autem
3243 3646 3566 3716 prudentiam
3599 3656 3831 3701 vestram

2252 3741 2330 3796 sic
2346 3737 2541 3808 legisse
2556 3738 2731 3794 locum
2752 3738 2910 3793 istum
2927 3735 3089 3802 :Quos
3109 3736 3478 3808 prwdestinavit
3494 3735 3585 3789 IIos
3603 3737 3823 3799 vocavit,

2254 3839 2312 3885 ut
2353 3831 2422 3885 ad
2451 3846 2614 3885 unum
2657 3829 2976 3885 versiculum
3021 3829 3111 3900 qui
3167 3831 3217 3884 in
3243 3835 3361 3882 ante
3403 3835 3484 3880 est
3510 3827 3834 3882 timuissetis

2252 3923 2530 3978 accedere.
2581 3925 2596 3972 ι
2629 3922 2854 3989 Quando
2896 3922 3038 3975 enim
3070 3921 3290 3976 venistis
3341 3918 3405 3974 ad
3452 3919 3592 3974 hunc
3628 3919 3839 3984 locum,

2251 4016 2405 4086 quasi
2427 4014 2759 4070 satisfactum
2781 4023 3035 4084 putantes
3057 4014 3568 4078 intentionivestraa,
3596 4012 3848 4068 noluistis

2253 4109 2307 4162 in
2330 4117 2456 4162 ante
2477 4107 2542 4161 ad
2572 4108 2898 4162 versiculum
2941 4106 3035 4176 qui
3063 4122 3161 4161 vos
3183 4105 3544 4162 convincebat
3580 4104 3847 4173 mpicere,

2253 4202 2306 4257 id
2328 4210 2429 4266 est,
2460 4219 2554 4272 pro
2581 4200 2814 4255 omnibus
2836 4201 3052 4255 tradidit
3079 4217 3227 4267 eum;
3267 4201 3363 4256 sed
3405 4199 3671 4255 clausistis
3693 4199 3851 4254 codi-

2251 4310 2388 4360 cem,
2419 4302 2474 4349 et
2499 4295 2739 4366 cmpistis
2777 4294 3011 4348 clamare
3037 4311 3048 4344 :
3075 4292 3191 4347 Non
3228 4308 3419 4348 omnes
3440 4299 3600 4348 vocat
3618 4290 3762 4346 Deus
3781 4291 3851 4346 ad

2250 4386 2480 4455 gratiam
2510 4403 2684 4451 suam,
2718 4404 2823 4442 non
2848 4402 3039 4442 omnes
3067 4387 3293 4453 invitat;
3333 4394 3394 4442 et
3419 4385 3718 4442 dicentibus
3746 4400 3852 4440 no-

2251 4482 2410 4536 stris:
2438 4481 2580 4549 Ergo
2601 4497 2707 4537 non
2739 4497 2932 4536 omnes
2958 4482 3154 4537 vocat?
3174 4496 3272 4538 vos
3300 4480 3655 4553 respondistis
3683 4498 3695 4531 :
3725 4478 3850 4533 Non

554 4555 701 4645 dicos
725 4570 754 4608 a
782 4556 1062 4626 privilegio
1083 4557 1378 4630 Synagogaa
1399 4576 1496 4631 per
1510 4563 1844 4634 privilegium
1875 4567 2146 4638 Ecclesiae,
2179 4571 2225 4632 Ι)
2253 4590 2442 4629 omnes
2469 4580 2644 4629 vocat.
2678 4574 2970 4645 Stupentes
2998 4575 3182 4643 itaque
3214 4574 3385 4629 nostri
3424 4583 3590 4641 atque
3618 4571 3853 4626 anxiaa-

552 4644 846 4714 alloquitur
865 4663 959 4702 eos
987 4657 1045 4701 ut
1075 4665 1181 4704 non
1211 4653 1630 4719 contristentur,
1659 4655 1844 4712 dicens
1874 4660 1928 4722 (ι
1965 4661 2140 4718 Thess.

552 4752 611 4802 II,
645 4729 766 4807 l6):
801 4737 942 4804 Quid
990 4755 1133 4795 nunc
1158 4742 1452 4810 prohibetis
1492 4761 1588 4801 nos
1617 4749 1864 4816 gentibus
1893 4751 2037 4822 loqui
2081 4771 2146 4809 ne

551 4829 711 4886 salvae
743 4830 894 4898 ﬁant,
941 4849 1062 4888 cum
1092 4835 1276 4890 sciatis
1320 4837 1492 4893 Deum
1534 4840 1734 4897 dixisse
1760 4843 1827 4898 ad
1853 4845 2141 4914 Abraham,

550 4922 695 4991 quod
718 4925 773 4978 in
795 4927 987 4980 semine
1015 4934 1100 4981 tuo
1122 4927 1439 4985 hmeditabo
1457 4949 1634 4988 omnes
1654 4945 1826 5004 gentes
1845 4934 1998 5006 (Gen.
2015 4956 2143 5007 uti,

549 5016 616 5083 8;
645 5018 760 5072 Act.
793 5034 872 5083 ιιι,
900 5018 1032 5088 25)?
1061 5019 1300 5078 Pmsciit
1322 5025 1466 5079 enim
1505 5026 1677 5091 Deus,
1701 5026 1726 5064 ἀ
1756 5031 1900 5098 quod
1951 5031 2139 5090 Filium
2167 5021 2177 5031 ‘

548 5111 665 5180 ejus
693 5119 877 5168 essent
903 5116 1148 5182 negaturi
1168 5114 1356 5182 Judaei,
1389 5127 1444 5173 et
1472 5129 1653 5175 essent
1690 5124 1742 5177 ei
1777 5125 2014 5192 gentium
2043 5142 2140 5196 po-

546 5204 658 5274 puli
685 5204 963 5261 credituri.
988 5203 1058 5259 Et
1086 5206 1208 5262 ideo
1236 5209 1313 5262 ait
1342 5227 1353 5260 :
1389 5207 1528 5274 Quos
1558 5215 1804 5281 praxiit,
1831 5225 1881 5270 et
1924 5218 2131 5286 prado-

545 5383 1123 5550 mznAugiense,
1177 5389 1324 5474 tanto
1373 5419 1584 5488 tundite,
1637 5432 1842 5494 tamque
1883 5427 2134 5482 immenso

486 5532 506 5553 ’
573 5525 586 5550 ’
615 5551 641 5589 δ
809 5556 969 5621 idem,
1001 5560 1356 5628 explanemus.

616 5633 637 5695 ς
679 5622 774 5695 bis.
813 5627 970 5689 idem,
1004 5622 1208 5695 repletis
1238 5640 1401 5685 totum
1422 5635 1687 5688 mundum.

614 5692 637 5725 ά
678 5692 774 5769 μς.
811 5696 970 5769 idem,
1002 5692 1135 5766 quod
1158 5702 1325 5769 filium
1354 5720 1521 5757 suum.

616 5769 636 5794 '
677 5760 772 5815 Ms.
809 5765 968 5823 idem.
1003 5760 1390 5827 cruci/iterant.

2254 4675 2352 4729 tes,
2386 4681 2452 4719 eo
2480 4667 2623 4734 quod
2648 4666 2895 4719 audirent
2923 4666 3064 4734 quod
3104 4666 3282 4719 nullus
3305 4679 3540 4738 unquam
3565 4664 3853 4718 haeretico-

2252 4774 2369 4812 rum
2390 4757 2618 4821 dixerat,
2645 4759 3112 4824 interrogaverunt
3141 4757 3388 4828 peritiam
3403 4765 3640 4812 vestram
3668 4756 3834 4811 dicen

2251 4858 2368 4904 tes:
2396 4847 2550 4904 Unde
2589 4849 2827 4919 probatis
2855 4849 2980 4921 quia
3026 4865 3132 4904 non
3185 4864 3374 4906 omnes
3420 4859 3579 4906 vocat
3605 4849 3748 4904 Deus
3782 4851 3854 4904 ad

2251 4941 2488 5010 gratiam
2527 4943 2717 4996 suam?
2745 4941 2862 5011 Ipse
2887 4940 3030 4996 Deus
3062 4957 3170 4997 non
3204 4942 3316 4998 vult
3359 4956 3461 4996 eos
3501 4943 3732 4996 vocare?
3779 4959 3853 4996 an

2249 5033 2363 5086 vult
2391 5040 2446 5087 et
2475 5048 2584 5088 non
2607 5034 2823 5103 potest?
2849 5047 2915 5088 an
2949 5049 3056 5090 non
3085 5033 3397 5090 merentur?
3424 5023 3482 5086 Si
3519 5034 3633 5086 vult
3653 5043 3708 5086 et
3733 5049 3856 5086 non

2249 5134 2450 5196 potest,
2472 5127 2883 5198 blasphematur
2909 5128 3211 5198 impotens:
3237 5129 3283 5184 si
3304 5134 3487 5199 potest
3504 5135 3558 5181 et
3578 5140 3690 5181 non
3706 5127 3854 5188 vult,

2245 5217 2456 5276 videtur
2481 5219 2723 5288 iniquus;
2749 5221 2793 5274 si
2823 5219 2924 5289 ipsi
2955 5236 3062 5296 Iron
3084 5229 3391 5290 merentur,
3421 5233 3553 5290 ergo
3574 5218 3692 5287 jam
3719 5230 3852 5284 gra-

2317 5433 2336 5469 ί
2379 5430 2476 5553 ﬁs.
2506 5429 2646 5511 idem
2681 5448 2691 5481 :
2726 5428 2809 5484 VI.
2844 5427 3318 5553 HBBETK3.'%08
3339 5443 3484 5501 ergo,
3512 5433 3617 5483 etc.

2317 5514 2339 5549 ις
2432 5517 2476 5553 s.
2505 5497 2643 5553 Idem
2670 5517 2682 5552 :
2707 5489 3021 5553 CnnoucI.
3058 5491 3119 5553 Si
3140 5517 3194 5553 in
3275 5514 3453 5553 roaas.
3475 5503 3581 5552 etc.

2316 5514 2339 5549 ις
2379 5489 2476 5553 Ms.
2505 5497 2643 5553 idem
2670 5517 2682 5552 :
2707 5489 3021 5556 Gnaeum.
3058 5489 3581 5570 Siinlerroga's,'etc.

2312 5571 2339 5609 ιι
2381 5570 2480 5624 Ms.
2513 5570 2676 5632 idem,
2699 5570 2906 5623 dicitur.
3254 5597 3256 5599 >
3351 5598 3360 5606 -

2319 5641 2333 5679 ί
2379 5637 2478 5695 Ms.
2513 5639 2673 5705 idem,
2708 5656 2885 5693 omnes
2909 5641 3158 5694 conclusit
3179 5641 3230 5694 in
3257 5633 3643 5696 incredulitate.

2311 5711 2331 5762 t'
2377 5714 2475 5767 Ms.
2510 5709 2667 5774 idem,
2693 5709 2831 5784 quod
2859 5711 3012 5764 enim.
