4140 6346
376 290 477 344 637
825 289 1415 348 PREDESTINATUS
1452 289 1603 347 SIVE
1640 289 2346 346 PRJEDESTINATORUM
2390 291 2736 358 H/ERESIS,
2778 291 2925 350 ETC.
2970 295 3094 352 LIB.
3134 295 3222 353 ΙΠ.
3555 304 3662 364 058

375 407 449 460 tia
472 421 579 461 non
601 415 686 462 est
713 409 904 477 gratia,
955 418 1009 464 et
1051 426 1138 463 res
1167 411 1344 464 meriti
1369 411 1590 464 humani
1619 418 1702 464 est
1730 409 1965 472 vocatio,
1995 414 2045 469 Α
2077 409 2221 463 catio
2246 409 2609 480 delinquentis
2637 422 2692 466 et
2723 415 3122 484 praedestinatio
3150 419 3458 480 ulciscenus
3489 443 3504 480 :
3536 426 3663 497 quia

375 513 486 554 non
513 497 702 568 gratiae
749 497 844 555 Dei
879 519 890 553 :
923 499 966 556 si
1019 507 1199 557 autem
1225 503 1408 571 gratia:
1442 503 1536 556 Dei
1587 509 1689 567 est,
1723 510 1746 537 ἰ
1778 509 1832 556 et
1859 517 1968 555 non
2077 513 2356 574 peccatum
2383 503 2434 559 in
2466 516 2779 578 contemptu
2803 514 3212 581 transgressoris
3240 523 3342 580 est,
3376 517 3506 575 ultio
3532 536 3662 577 vero

377 591 557 646 meriti
583 587 842 661 hominis,
875 607 1065 650 omnes
1100 605 1275 680 vocat.
1314 595 1507 650 Omnes
1549 598 1688 650 enim
1730 610 1969 665 peccave—
2077 596 2131 650 in
2157 594 2352 665 judicis
2380 599 2634 667 aequitate
2681 603 2943 658 consistit.
2976 603 3170 662 Tollite
3199 608 3380 680 itaque
3402 611 3663 671 eduobus

375 687 496 774 runt
515 691 567 738 et
583 689 732 774 egent
757 685 926 757 gloria
963 681 1080 774 Dei,
1101 679 1172 740 ἰιι
1200 687 1329 741 dicit
1361 685 1651 758 Apostolus
1677 683 1862 758 (Rom.
1890 701 1967 750 ιιι,
2079 705 2263 752 unum,
2293 697 2385 744 aut
2420 686 2585 757 judici
2630 687 3157 761 praedestinationem
3188 708 3246 754 ut
3285 673 3524 772 probetis
3571 706 3660 774 ju-

2077 788 2238 846 stum,
2267 789 2359 835 aut
2387 781 2612 836 alterum
2637 781 2872 852 judicem
2921 783 3154 850 futurum
3193 768 3473 853 ostendite.
3507 768 3662 855 Nulla
3694 768 3707 820 ί

2079 874 2222 928 enim
2279 873 2486 928 ratione
2535 876 2883 932 constitutum
2940 897 3093 937 suum
3122 888 3320 955 poterit
3348 891 3538 959 punire
3568 892 3661 962 qui
3692 901 3699 914 '

372 773 500 844 33);
524 782 577 831 et
599 773 824 844 adjecit:
852 773 1140 848 Justiﬁcati
1163 781 1334 847 itaque
1355 779 1515 849 gratis
1545 779 1594 830 in
1611 777 1780 849 gratia
1809 777 1970 846 ipsius

371 868 425 920 itt
456 866 857 939 redemptionem
877 883 991 940 quae
1011 875 1088 922 est
1113 871 1167 922 in
1215 869 1420 923 Christo
1453 865 1640 936 (Ibid.,
1674 866 1796 933 24).
1833 861 1970 920 Ecce

373 960 560 1029 gratis,
593 965 721 1016 e'ece
748 968 802 1014 et
833 961 1150 1031 redemptio.
1199 961 1472 1015 Audenter
1527 959 1646 1014 dico
1681 977 1691 1011 :
1731 957 1829 1012 Ubi
1887 966 1971 1012 est

373 1053 724 1123 presumptio
752 1051 819 1109 de
840 1055 1034 1109 merito
1057 1056 1430 1119 humanitatis,
1453 1071 1560 1109 non
1589 1061 1670 1107 est
1693 1052 1862 1122 gratia
1889 1050 1971 1106 di-

371 1146 653 1214 vinitatis;
685 1149 865 1202 omnia
886 1151 1029 1203 enim
1053 1163 1170 1218 quae
1200 1151 1383 1216 gratia:
1415 1148 1507 1203 Dei
1532 1165 1650 1203 esse
1680 1148 1966 1212 credimus,

374 1238 584 1293 meritis
615 1239 812 1293 nostris
836 1240 1108 1309 applicare
1139 1251 1243 1294 non
1267 1256 1566 1312 possumus.
1596 1238 1735 1307 Ergo
1761 1239 1804 1293 si
1847 1253 1970 1307 gra-

377 1329 467 1384 tiae
512 1335 594 1385 est
643 1339 698 1385 et
727 1347 834 1386 non
869 1331 1066 1400 meriti,
1098 1333 1372 1402 quomodo
1401 1347 1497 1386 vos
1536 1331 1712 1386 dicitis
1761 1329 1972 1400 aliquos

377 1433 486 1476 non
507 1421 708 1487 voeari,
727 1421 851 1492 quia
873 1432 998 1478 sunt
1026 1423 1142 1494 ejus
1171 1425 1453 1478 vocatione
1483 1421 1716 1491 indigni?
1738 1421 1795 1476 Si
1825 1422 1968 1476 enim

377 1514 554 1569 nullus
582 1527 649 1568 ex
668 1529 767 1571 suo
789 1518 982 1571 merito
1003 1525 1248 1584 vocatur,
1272 1515 1364 1572 sed
1387 1534 1453 1572 ex
1475 1517 1618 1572 dono
1646 1515 1829 1585 gratim
1849 1513 1967 1581 Dei,

375 1611 433 1661 et
459 1603 596 1662 alius
625 1617 873 1676 vocatur,
906 1607 1042 1665 alius
1071 1619 1370 1676 recusatur,
1422 1625 1794 1680 personarum,
1829 1607 1972 1662 Deus

374 1703 777 1778 blaSphematur
826 1713 1098 1778 acceptor.
1155 1709 1466 1776 Arguunttir
1520 1708 1684 1761 etiam
1737 1703 1969 1778 apostoli

2074 963 2279 1032 judicat
2309 985 2318 1018 :
2352 966 2475 1035 quia
2506 965 2548 1020 si
2581 966 2778 1021 malum
2829 971 3285 1038 pucdestinationi
3315 979 3526 1037 dederis
3541 979 3656 1046 Dei,

2079 1055 2338 1113 voluntati
2369 1058 2601 1114 hominis
2632 1057 2759 1116 dare
2783 1073 2888 1116 non
2919 1066 3140 1133 poteris.
3167 1067 3276 1124 Aut
3303 1072 3445 1127 enim
3466 1087 3658 1130 accusa

2078 1159 2284 1206 reatum
2304 1151 2355 1206 in
2380 1153 2615 1215 homine,
2641 1162 2695 1207 et
2721 1154 2848 1207 tolle
2871 1166 2923 1209 te
2950 1153 2974 1192 ά
3001 1173 3029 1210 a
3052 1159 3386 1231 blasphemia
3409 1165 3502 1220 Dei
3529 1186 3541 1220 :
3568 1174 3661 1221 aut

2078 1241 2122 1297 si
2153 1242 2677 1312 prmdestinationem
2709 1260 2736 1298 a
2769 1245 2879 1301 Deo
2919 1249 3114 1303 asseris
3154 1256 3500 1311 constitutam
3541 1272 3662 1314 esse

2079 1335 2345 1408 peccanti,
2397 1343 2601 1392 reatum
2649 1337 2863 1408 quidem
2892 1343 3161 1410 peccatori
3193 1346 3379 1410 tulisti,
3407 1349 3500 1405 sed
3549 1348 3662 1408 Deo

2078 1428 2280 1482 crimen
2334 1427 2596 1498 impingis.
2628 1427 2785 1484 Certe
2815 1440 3092 1500 peccatum
3150 1445 3355 1491 eertum
3404 1448 3485 1495 est
3532 1439 3663 1496 nihil

2079 1515 2222 1573 aliud
2273 1535 2411 1584 esse,
2441 1535 2599 1588 quam
2637 1524 3127 1590 prmvaricationem
3158 1527 3408 1594 hominis,
3430 1531 3497 1586 "et
3523 1547 3661 1602 prte-

2079 1611 2497 1667 destinationem
2523 1612 2650 1666 nihil
2674 1611 2835 1679 aliud,
2855 1616 2956 1670 nisi
2972 1618 3362 1675 ordinationem
3386 1620 3499 1675 Dei.
3525 1622 3664 1690 Quo-

2082 1703 2245 1761 modo
2272 1720 2400 1774 ergo
2421 1714 2532 1760 tam
2560 1703 2768 1761 diversa
2808 1707 3024 1764 sibimet
3055 1719 3268 1780 tamque
3298 1716 3568 1770 contraria
3597 1713 3665 1772 ad

376 1797 494 1867 ejus
518 1795 635 1853 falsi
663 1803 826 1854 testes
849 1799 1046 1855 indicii.
1081 1797 1215 1854 Nam
1238 1797 1429 1854 beatus
1460 1797 1750 1869 Apostolus
1780 1796 1970 1853 Petrus
2000 1793 2048 1860 B
2077 1812 2239 1852 unam
2270 1795 2640 1868 compaginem
2671 1798 2850 1854 venire
2880 1808 3188 1869 potuerunt,
3218 1811 3276 1856 ut
3302 1804 3444 1872 quod
3465 1804 3664 1862 bonum

377 1891 573 1947 clamat
601 1907 614 1944 :
644 1889 710 1946 In
733 1893 968 1961 veritate,
990 1891 1185 1962 inquit,
1217 1892 1469 1962 comperi,
1501 1893 1620 1962 quia
1643 1909 1745 1944 non
1776 1899 1976 1961 estper-

376 1974 624 2040 sonarum
648 1987 877 2056 acceptio
908 1987 1045 2057 apud
1076 1983 1240 2040 Deum
1265 1984 1409 2056 (Act.
1458 2003 1512 2051 x,
1541 1983 1661 2055 Si);
1705 1990 1759 2038 et
1786 1983 1976 2038 beatus

377 2072 605 2132 Paulus:
626 2073 751 2131 Non
781 2083 858 2130 est
881 2075 1017 2130 enim
1044 2077 1628 2146 personantmncceptio
1651 2073 1788 2145 apud
1812 2073 1976 2127 Deum

379 2169 558 2239 (Rom.
580 2184 636 2234 ιι,
663 2167 772 2238 ii);
799 2175 852 2222 et
875 2170 1069 2223 iterum
1100 2167 1357 2224 Dominus
1387 2169 1515 2222 dicit
1541 2167 1608 2222 de
1637 2167 1806 2222 servis
1832 2187 1841 2219 :
1867 2163 1975 2219 Ea-

379 2259 518 2327 dem,
547 2259 740 2330 inQuit,
767 2261 922 2332 facite
944 2260 1048 2312 illis
1080 2259 1392 2312 remittentes
1417 2259 1834 2322 minos,scientes
1857 2257 1978 2330 quia

379 2361 428 2408 et
456 2360 620 2408 vester
647 2361 699 2407 et
734 2353 944 2408 illorum
967 2347 1105 2406 Deus
1148 2353 1200 2405 in
1231 2353 1366 2406 cretis
1397 2360 1491 2418 est,
1537 2361 1585 2406 et
1607 2370 1709 2406 non
1738 2359 1810 2407 est
1841 2353 1980 2422 apud

381 2443 529 2498 illum
542 2456 883 2513 personarum
903 2445 1130 2514 acceptio
1145 2441 1361 2515 (Ep/res.
1381 2461 1450 2510 γι,
1470 2443 1547 2515 9).
1565 2441 1619 2499 Si
1634 2457 1760 2513 ergo
1784 2445 1854 2498 ita
1873 2453 1974 2510 est,

383 2536 551 2590 immo
569 2536 696 2604 quia
723 2535 795 2589 ita
817 2544 918 2602 est,
944 2533 1084 2590 unde
1113 2536 1350 2606 probatis
1379 2535 1504 2608 quia
1535 2553 1640 2591 non
1663 2551 1850 2591 omnes
1878 2553 1974 2591 vo-
2011 2573 2016 2576 ι

386 2633 472 2681 cat
499 2623 565 2681 ad
593 2628 819 2697 gratiam
849 2641 1001 2682 suam
1019 2630 1045 2682 ἲ
1069 2635 1161 2684 aut
1188 2643 1347 2698 quem
1370 2645 1476 2684 non
1499 2629 1613 2684 vult
1637 2629 1866 2695 salvare,
1884 2630 1976 2699 qui

385 2729 486 2788 pro
499 2717 927 2790 crucifigentibus
941 2727 1061 2775 orat
1073 2721 1099 2775 ?
1111 2719 1168 2774 in
1191 2717 1291 2777 hac
1307 2720 1511 2777 haerese
1525 2722 1770 2778 diabolus
1793 2727 1970 2794 tyran-

386 2809 522 2866 nidis
541 2823 649 2866 sua:
661 2807 840 2874 furore
855 2815 1147 2881 grassatur,
1164 2819 1224 2867 ut
1237 2808 1419 2867 lethali
1436 2813 1590 2885 plaga
1611 2830 1746 2884 pene
1764 2816 1974 2869 univer-

384 2917 500 2959 sum
528 2903 773 2959 vulneret
807 2905 1081 2960 mundum.
1108 2902 1271 2960 infert
1301 2905 1500 2960 bellum
1535 2916 1779 2960 creatura
1802 2905 1975 2961 Crea-

383 2995 575 3062 tori,et
586 2993 714 3051 dicit
741 2997 914 3067 ipsum
936 2995 1346 3068 prmdestinasse
1367 2995 1512 3067 quod
1535 2998 1707 3066 punit,
1725 2997 1896 3067 ipsum
1921 3005 1979 3052 ut

383 3087 536 3145 ﬁeret
573 3089 916 3146 constituisse
945 3089 973 3128 ι’
1003 3089 1149 3158 quod
1178 3089 1472 3160 prohibuit.
1507 3087 1661 3156 Quod
1707 3103 1869 3159 quam
1909 3089 1979 3144 sit

2081 1888 2176 1943 Dei
2197 1895 2279 1943 est
2306 1887 2502 1944 malum
2532 1887 2762 1946 hominis
2790 1889 2900 1957 ﬁat,
2930 1900 2982 1945 et
3004 1891 3360 1961 delinquentis
3380 1896 3563 1950 vitium
3587 1896 3666 1952 di-

2083 1989 2235 2038 catur
2256 1981 2637 2053 placordinatio
2663 1981 3036 2053 prohibentis?
3065 1982 3196 2037 Illud
3219 1993 3400 2039 autem
3440 2002 3535 2040 cur
3559 2002 3667 2043 non

2085 2073 2454 2138 consideratis,
2483 2073 2573 2145 qui
2601 2073 3071 2144 prmdestinatione
3087 2071 3182 2130 Dei
3210 2077 3408 2145 putatis
3423 2071 3668 2134 homines

2085 2164 2391 2220 consentire
2419 2163 2692 2234 peccatis?
2721 2161 2890 2220 Omne
2945 2175 3092 2220 certe
3147 2176 3427 2238 peccatum
3476 2168 3669 2226 vultot

2084 2255 2355 2313 desiderat
2383 2257 2627 2313 diabolus
2654 2257 2768 2313 ﬁeri
2799 2278 2810 2311 :
2836 2268 2890 2314 et
2909 2257 3127 2314 creditis
3145 2257 3288 2332 quod
3321 2262 3668 2332 praedestina-

2086 2351 2286 2405 tionem
2317 2366 2471 2406 suam
2490 2347 2632 2407 Deus
2649 2347 2713 2404 ad
2734 2351 2932 2406 diaboli
2963 2350 3283 2407 desiderium
3312 2361 3367 2408 et
3394 2353 3460 2407 ad
3490 2353 3668 2412 homi-

2085 2443 2168 2498 nis
2216 2443 2489 2498 interitum
2546 2445 2760 2514 posuit,
2817 2454 2871 2500 et
2926 2445 3095 2500 voluit
3145 2445 3666 2515 prtedestinationem

2083 2551 2233 2590 suam
2264 2535 2466 2590 servire
2495 2535 2757 2592 voluntati
2785 2533 3080 2603 diabolicae,
3114 2546 3172 2592 ut
3205 2547 3226 2574 °
3257 2537 3322 2592 ad
3350 2538 3528 2592 libitus
3555 2539 3666 2594 dte-

2085 2643 2305 2682 monum
2332 2625 2594 2692 homines,
2626 2636 2752 2681 ante
2791 2619 3020 2697 proprize
3050 2627 3340 2683 voluntatis
3386 2628 3664 2694 meritum,

2085 2734 2211 2774 reos
2254 2715 2365 2788 jam
2404 2715 2675 2771 addiceret
2722 2709 2980 2772 inimico?
3013 2715 3280 2772 Hactenus
3310 2717 3666 2787 blasphemias

2081 2810 2242 2880 hujus
2271 2809 2375 2863 loci
2423 2808 2690 2863 detexisse
2719 2807 2967 2863 sufﬁciat.
3003 2803 3201 2863 Pavido
3230 2809 3372 2863 enim
3396 2807 3556 2863 corde
3584 2809 3666 2864 iu-

2084 2901 2348 2959 tolerabili
2374 2909 2606 2956 tremore
2627 2899 2838 2954 deﬁcio.
2871 2897 3152 2968 Octoginta
3183 2909 3237 2954 et
3274 2916 3466 2955 novem
3497 2901 3665 2955 labre-

2084 3013 2170 3052 ses
2193 2997 2244 3050 in
2268 2995 2441 3068 primo
2465 2990 2644 3050 libello
2673 2991 3120 3065 conscripsimus;
3151 2993 3352 3049 nullam
3383 2993 3454 3048 ita
3489 2992 3667 3049 humi:|

2085 3087 2242 3143 nibus
2271 3085 2337 3141 ad
2367 3087 2588 3143 crimina
2621 3083 2769 3144 frena
2792 3085 3001 3144 laxasse
3031 3087 3436 3159 conspeximus;
3467 3087 3666 3144 nullam

383 3179 604 3254 hnpium
627 3225 641 3250 ,
675 3197 943 3255 quamque
983 3186 1302 3256 sacrilegum
1328 3224 1344 3250 ,
1374 3183 1671 3255 quamlibet
1701 3185 1978 3260 imperitus
2003 3162 2052 3234 Β
2085 3183 2161 3238 sic
2189 3180 2550 3253 blasphemias
2576 3179 2626 3236 in
2653 3179 2820 3237 Deum
2852 3191 3183 3239 astruentem
3215 3181 3533 3242 invenimus.
3566 3181 3666 3238 Fa-

384 3285 662 3345 agnoscet.
694 3275 864 3330 Omne
893 3277 1036 3331 enim
1064 3283 1346 3347 peccatum
1375 3284 1504 3331 tunc
1532 3285 1810 3348 peccatum
1832 3283 1978 3335 recte

385 3366 597 3433 dicitur,
646 3379 766 3422 cum
796 3376 851 3422 et
879 3375 1061 3423 reatus
1091 3365 1454 3439 delinquentis
1490 3375 1544 3424 et
1571 3372 1794 3442 aequitas
1830 3371 1976 3443 judi-

386 3460 560 3515 camis
591 3459 921 3525 ostenditur;
953 3461 1076 3531 quia
1107 3461 1311 3531 peccati
1358 3461 1672 3533 supplicium
1724 3465 1980 3535 praecedit

386 3565 601 3621 semper
628 3550 878 3606 meritum
929 3549 1055 3606 facti
1082 3570 1094 3604 :
1128 3565 1278 3607 reum
1309 3562 1486 3608 autem
1521 3569 1678 3610 nemo
1698 3551 1842 3621 facit,
1876 3553 1979 3611 nisi

386 3659 510 3699 eum
531 3644 624 3713 qui
653 3644 828 3714 potuit
875 3643 1148 3700 declinare
1175 3654 1471 3716 peccatum.
1524 3643 1809 3702 Peccatum
1848 3661 1978 3716 ergo

389 3738 532 3791 inter
576 3737 1049 3806 pmdestinantem
1080 3745 1136 3791 et
1165 3741 1480 3807 operantem
1531 3735 1792 3802 discerne,
1827 3745 1884 3792 ut
1914 3735 1979 3792 il-

389 3830 494 3884 lius
522 3828 719 3884 factum
747 3828 948 3883 malum
978 3829 1086 3893 hic,
1110 3830 1264 3898 quasi
1295 3831 1526 3883 alienum
1557 3845 1586 3881 a
1617 3845 1696 3894 se,
1727 3836 1818 3883 aut
1838 3829 1981 3884 dam-

393 3926 510 3982 net,
537 3925 630 3972 aut
657 3919 910 3985 corrigat.
943 3919 985 3972 A
1002 3920 1149 3986 justo
1177 3930 1355 3972 autem
1384 3917 1495 3976 Deo
1526 3918 1698 3973 aliena
1720 3928 1843 3974 sunt
1866 3921 1982 3974 uni-

395 4021 552 4064 versa
580 4017 702 4078 qua
728 4009 965 4062 damnat.
995 4007 1148 4062 Unde
1177 4009 1222 4062 si
1252 4010 1652 4078 prmdestinatio
1682 4011 1732 4063 in
1763 4025 1985 4081 peccan-

301 4140 304 4142 -
396 4106 508 4155 tem
565 4099 882 4165 ostenditur,
915 4101 1047 4155 nihil
1099 4101 1246 4169 justo
1290 4098 1457 4169 judici
1488 4107 1742 4170 probatur
1787 4103 1986 4157 debere

396 4199 682 4261 peccator;
721 4189 845 4261 quia
896 4189 1049 4260 cujus
1096 4191 1353 4245 asseritur
1377 4189 1794 4261 praedestinatio,
1828 4191 1986 4263 hujus

393 4284 560 4339 etiam
606 4279 852 4354 operatio
898 4285 1299 4355 comprobatur.
1356 4294 1378 4324 ⁸
1411 4281 1701 4349 Videtisne,
1736 4285 1983 4352 obsecro,

393 4389 556 4447 quam
601 4379 839 4446 graviter
865 4375 1268 4448 blasphemetur
1295 4378 1376 4433 his
1405 4379 1789 4434 assertionibus
1810 4377 1988 4435 Deus?

393 4469 453 4526 8i
480 4472 623 4526 enim
652 4469 1140 4542 praedestinationis
1159 4470 1275 4540 ejus
1291 4472 1374 4526 vis
1400 4486 1466 4525 eo
1493 4487 1659 4540 usque
1681 4472 1980 4538 adducitur,

2084 3279 2221 3344 teor,
2262 3274 2280 3314 τ
2313 3273 2563 3332 catholici
2593 3276 2948 3342 confessores,
2981 3287 3229 3334 crescunt
3254 3278 3334 3333 eis
3364 3278 3414 3332 in
3446 3279 3545 3333 hac
3573 3275 3666 3332 de-

2081 3365 2325 3423 fensione
2345 3365 2707 3438 blasphemim.
2745 3361 2876 3422 Peto
2908 3367 3086 3436 itaque
3107 3378 3296 3423 vestra:
3331 3367 3450 3423 iidei
3474 3369 3668 3438 purita-

2085 3467 2214 3528 tem,
2250 3469 2308 3516 ut
2357 3455 2701 3514 dimicantem
2749 3475 2833 3513 me
2860 3460 3056 3514 vestris
3085 3461 3335 3530 precibus
3381 3460 3666 3530 adjuvetis,

2083 3558 2272 3607 contra
2302 3549 2399 3605 hos
2428 3557 2694 3620 agentem,
2727 3561 2954 3618 quorum
2985 3557 3095 3616 tota
3135 3552 3300 3606 verba
3330 3551 3668 3622 blasphemia;

2083 3648 2229 3696 sunt.
2261 3635 2473 3708 Fateor,
2509 3641 2745 3712 inquam,
2769 3642 3087 3709 charissimi,
3125 3643 3371 3699 universa
3399 3644 3502 3698 mei
3543 3658 3667 3698 cor-

2085 3735 2232 3810 poris
2260 3735 2499 3791 membra
2529 3744 2862 3806 torpescunt,
2889 3736 3097 3792 animus
3117 3733 3317 3800 deﬁcit,
3342 3733 3554 3789 auditus
3583 3735 3666 3788 in-

2085 3827 2322 3892 tremuit,
2357 3827 2518 3883 facies
2538 3825 2743 3898 pallore.
2770 3825 3054 3890 distabuit,
3091 3826 3405 3897 capillorum
3436 3838 3588 3892 seges
3617 3823 3670 3880 in

2086 3921 2287 3975 vertice
2318 3920 2487 3988 riget,
2541 3933 2691 3972 mens
2744 3917 2886 3972 intus
2934 3932 3054 3971 cum
3085 3918 3196 3972 suis
3243 3914 3478 3968 consiliis
3525 3920 3671 3972 metu

2087 4021 2378 4082 quassante
2404 4009 2601 4065 amicta
2628 4018 2729 4073 est,
2756 4007 2936 4080 lingua
2966 4010 3079 4078 ipsa
3101 4009 3155 4064 in
3186 4023 3285 4063 suo
3312 4007 3446 4061 atrio
3460 4005 3672 4062 moveri

2089 4121 2196 4160 non
2228 4103 2506 4176 praevalet;
2539 4099 2793 4172 quoniam
2824 4110 3011 4156 contra
3041 4117 3135 4156 eos
3161 4099 3446 4171 loquimur,
3477 4097 3566 4167 qui
3589 4095 3671 4152 di—

2087 4204 2217 4252 cunt
2247 4193 2411 4251 Deum
2458 4191 2657 4250 diaboli
2688 4191 2971 4252 voluntati.
2996 4191 3216 4248 servire.

2158 4281 2245 4340 IV.
2293 4284 2415 4341 Jam
2441 4288 2597 4349 enim,
2624 4285 2891 4354 inquiunt,
2921 4277 3308 4356 prcedestin‘avit
3335 4279 3478 4338 Deus
3509 4281 3672 4336 homi-

2090 4389 2199 4441 nes,
2227 4377 2331 4431 sive
2378 4375 2449 4430 ad
2477 4373 2758 4446 justitiam,
2795 4373 2902 4428 sive
2941 4373 3011 4432 ad
3050 4383 3353 4445 peccatum:
3385 4383 3436 4426 et
3478 4371 3672 4426 idcirco

2088 4467 2226 4540 quod
2251 4485 2335 4523 eos
2364 4467 2524 4521 voluit
2552 4483 2661 4521 esse
2690 4461 2774 4538 qui
2805 4461 3056 4531 condidit,
3085 4460 3230 4520 aliud
3268 4481 3379 4520 esse
3408 4480 3510 4517 non
3551 4479 3671 4532 pos—

396 4567 457 4617 ut
483 4562 601 4631 ejus
620 4562 832 4617 dicatur
853 4562 1302 4632 pmordinatione
1326 4574 1622 4634 peccatum,
1644 4563 1846 4619 fructus
1870 4579 1984 4618 ma—
2008 4546 2062 4610 D
2088 4568 2224 4612 sunt.
2240 4557 2372 4614 Cum
2396 4556 2812 4628 interrogaveris
2833 4567 2946 4624 eos,
2963 4564 3022 4610 ut
3042 4554 3169 4626 quid
3191 4563 3398 4610 tantum
3423 4553 3673 4623 blasphe-

396 4655 483 4709 ius
511 4669 618 4709 non
671 4654 772 4708 nisi
800 4667 867 4709 ex
913 4653 1072 4724 impia
1103 4653 1282 4710 radice
1309 4662 1640 4725 procreatur.
1700 4651 1815 4709 Erit
1856 4669 1984 4725 ergo

397 4747 693 4803 secundum
715 4746 1064 4802 manicbaeum
1095 4747 1230 4802 alius
1249 4745 1392 4803 Deus
1415 4749 1701 4814 malorum,
1733 4749 1868 4804 alius
1897 4750 1987 4803 bo-

400 4843 596 4894 norum
626 4853 640 4891 :
671 4845 731 4892 ut
754 4849 874 4908 quae
902 4836 1045 4893 bona
1066 4847 1210 4903 sunt,
1241 4840 1385 4894 bono
1414 4839 1773 4905 ascribantnr;
1801 4848 1855 4894 et
1869 4855 1987 4909 qua:

401 4931 542 4985 mala
563 4938 706 4995 sunt,
735 4929 928 4985 malo':
959 4945 1028 4985 ne
1069 4929 1346 4987 videamur
1372 4931 1525 5001 pejus
1553 4931 1859 4986 Manichaeis
1904 4933 1986 4985 in-

399 5023 636 5079 clamare
659 5023 1071 5092 blasphemiam,
1094 5035 1216 5078 cum
1239 5039 1403 5078 unum
1431 5023 1787 5092 eumdemque
1819 5023 1986 5078 Deum

400 5127 563 5185 quem
590 5116 794 5171 bouum
823 5113 1140 5170 conﬁtemur
1163 5121 1219 5169 et
1265 5115 1488 5184 justum,
1518 5116 1662 5168 hunc
1712 5114 1989 5183 prmdesti-

403 5223 563 5264 nasse
581 5209 763 5264 omnia
784 5208 988 5264 scelera
1008 5207 1354 5263 aestimemus.
1380 5205 1654 5262 Recedant
1675 5207 1834 5275 igitur
1854 5221 1990 5261 vana

401 5307 718 5369 argumenta
739 5299 1043 5356 verborum.
1073 5295 1215 5354 Nihil
1244 5298 1407 5354 habet
1431 5311 1716 5354 commune
1740 5299 1991 5369 praevari-

475 5491 504 5522 ι
541 5483 640 5539 his.
667 5484 954 5552 Augiense,
972 5493 1143 5537 etnon
1163 5483 1402 5538 hominis.

478 5555 504 5595 ι)
535 5554 633 5610 Ms.
664 5553 828 5615 idem,
856 5554 990 5621 quod
1014 5553 1266 5623 prohibet.

482 5637 502 5665 ο
535 5624 634 5680 Ms.
665 5623 828 5684 idem,
860 5622 1088 5688 videsne.

479 5689 505 5732 ἀ
663 5692 822 5766 idem,
853 5711 886 5747 a
914 5692 1252 5766 biasphemia.

485 5776 507 5803 ⁶
538 5765 636 5820 Ms.
663 5765 837 5828 Han,
854 5764 928 5818 ad
952 5762 1168 5817 titiam.

2090 4652 2209 4705 mia:
2255 4647 2549 4721 proferant.
2583 4645 2767 4701 dicunt
2814 4645 2939 4718 quia
2991 4639 3123 4700 dixit
3170 4645 3499 4714 Apostolus:
3533 4641 3673 4708 Quos

2091 4742 2495 4814 prardestinavit,
2529 4741 2620 4794 Iros
2642 4737 2837 4792 vocarit
2870 4735 3045 4808 (Rom.
3082 4753 3190 4798 vm,
3224 4733 3334 4801 50).

2162 4831 2489 4901 V.’lde0que
2529 4832 2696 4896 aiunt,
2730 4833 2753 4876 ε
2785 4846 2909 4898 quos
2938 4827 3096 4882 semel
3120 4821 3256 4881 Deus
3287 4825 3673 4899 prwdestinavit

2092 4929 2162 4981 ad
2189 4929 2365 4990 vitam,
2388 4926 2543 4978 etiam
2573 4924 2617 4976 si
2639 4923 2922 4994 negligant,
2945 4923 3101 4975 etiam
3129 4923 3172 4975 si
3193 4932 3420 4994 peccent,
3451 4924 3607 4976 etiam
3631 4921 3673 4973 si

2094 5019 2280 5081 nolint,
2308 5018 2378 5069 ad
2414 5019 2568 5070 vitam
2599 5013 2940 5086 perducentur
2967 5015 3110 5068 inviti
3134 5034 3149 5079 ;
3181 5032 3306 5085 quos
3338 5024 3509 5068 autem
3537 5027 3667 5081 pra:-

2092 5109 2369 5165 destinavit
2399 5107 2470 5162 ad
2493 5116 2727 5170 mortem,
2755 5106 2908 5160 etiam
2933 5106 2978 5160 si
3006 5116 3234 5172 currant,
3263 5109 3417 5160 etiam
3449 5101 3495 5154 si
3525 5101 3672 5170 festi-

2091 5211 2232 5267 nent,
2260 5203 2372 5256 sine
2391 5216 2550 5254 causa
2573 5195 2866 5253 laborant.ll
2883 5189 3013 5266 Quis
3041 5214 3148 5253 non
3176 5196 3375 5257 videat,
3405 5185 3550 5264 quod
3572 5187 3673 5242 hoc

2092 5297 2236 5352 dicto
2267 5293 2485 5350 tollatur
2525 5291 2828 5348 sollicitudo
2848 5291 3009 5362 justis
3038 5286 3259 5344 timendi
3297 5299 3367 5340 ne
3391 5287 3670 5345 corruant,

2175 5480 2191 5518 τ
2225 5477 2320 5534 Ms.
2353 5479 2512 5544 idem,
2540 5476 2785 5544 catholici
2812 5480 2988 5540 aperte
3012 5470 3351 5544 confessores:

2169 5559 2194 5598 Β
2350 5527 2997 5603 ίξίέιῆἐ-ἧηξηιειιέτισι,
3027 5527 3153 5607 quos
3188 5534 3348 5589 semet
3370 5527 3512 5589 Deus
3536 5553 3670 5606 ρνα-

2094 5623 2401 5683 destinavit,
2430 5628 2532 5674 etc.
2574 5682 2605 5689 _
2911 5675 2947 5689 Α
2995 5679 3004 5689 ο
3219 5676 3230 5686 ,

2165 5675 2196 5730 ii
2225 5675 2319 5746 liis.
2352 5675 2490 5743 idem
2522 5704 2534 5737 :
2566 5682 2875 5754 Gnaeum.
2905 5675 3033 5744 Quis
3054 5693 3156 5731 non
3184 5675 3376 5742 videat,
3406 5687 3507 5762 etc.
