4140 6346
489 287 595 393 sas
1364 345 1368 349 ν
1497 322 1873 380 ANONYMUS
1911 321 2188 378 AUCTOR
2229 324 2775 382 pannssrmm.
3255 300 3258 302 ⁷
3676 331 3791 387 δίο

491 457 549 505 et
575 444 947 520 peccatoribus
975 445 1282 512 amputetur
1318 437 1541 493 enectus
1571 437 1824 508 sperandi
1861 451 1931 491 ne
1961 451 2083 492 sur-
2110 437 2161 498 Α
2187 453 2331 503 ruas,
2363 446 2482 494 esto
2538 439 2823 506 sollicitus,
2855 439 2978 510 quia
3009 439 3348 496 adversarius
3374 446 3498 497 tuus
3525 441 3667 498 sicut
3693 444 3787 501 leo

493 543 656 612 gant?
675 537 954 594 Evasimus
974 532 1337 604 hlasphemias
1359 530 1484 596 Dei;
1509 530 1574 586 ad
1597 531 1778 585 ruinas
1807 529 2085 585 hominum

492 635 754 690 venimus.
785 630 842 686 Si
870 629 1011 685 enim
1033 627 1108 681 ita
1129 633 1231 689 est,
1251 631 1311 678 ut
1339 622 1706 692 unusquisque
1726 623 1829 677 hoc
1851 621 1920 676 sit
1939 618 2086 691 quod

492 726 899 798 pmdestinatus
927 730 1028 787 est,
1060 729 1236 776 cessat
1265 719 1371 778 lex,
1405 726 1582 774 cessat
1609 716 1880 780 sacerdos,
1909 723 2085 772 cessat

493 819 711 878 devotio
737 815 942 888 populi,
962 811 1227 869 clauditur
1255 810 1378 864 aula
1403 807 1658 877 coniugii,
1691 813 1982 862 evacuatur
2011 805 2085 859 si-

494 928 596 969 nus
627 909 905 974 Ecclesia,
934 906 1113 962 nullus
1140 919 1280 974 genu
1308 909 1497 957 curvat
1535 901 1668 965 Deo,
1707 899 1885 954 nullus
1911 899 2082 954 bene-

492 1003 819 1062 dictionibus
873 1000 1097 1056 inclinat
1141 1004 1341 1068 caput;
1383 993 1702 1050 clauduntur
1745 993 1926 1061 apices
1962 990 2081 1057 Dei,

491 1104 654 1168 atque
682 1094 928 1150 universa
962 1089 1120 1145 simul
1144 1088 1400 1143 virtutum
1429 1084 1605 1140 studia
1632 1089 1979 1139 evanescunt.

558 1189 647 1246 Vl.
685 1198 710 1226 ἰ
743 1184 1082 1252 Quantumvis
1108 1183 1264 1246 enim,
1309 1181 1490 1246 aiunt,
1532 1180 1818 1249 quicunque
1855 1176 2081 1242 studeat,

489 1294 540 1341 et
580 1302 612 1338 a
664 1281 766 1336 Dei
793 1278 1062 1343 Ecclesia,
1109 1285 1158 1329 et
1198 1293 1230 1328 a
1269 1274 1370 1328 Dei
1411 1272 1786 1337 sacerdotibus,
1831 1281 1881 1325 et
1928 1288 1960 1324 a
2005 1272 2084 1325 di-

487 1379 620 1443 vinis
669 1375 853 1430 studiis
907 1389 1009 1426 non
1051 1369 1276 1434 recedat,
1307 1370 1350 1421 si
1395 1367 1551 1421 semel
1600 1382 1714 1419 eum
1759 1364 1898 1418 Deus
1945 1381 2083 1435 pra:-

491 1469 770 1529 destinavit
801 1464 868 1518 ad
897 1472 1131 1527 mortem,
1173 1460 1346 1513 salvus
1381 1475 1489 1513 esse
1534 1475 1638 1512 non
1666 1457 1875 1527 poterit.
1915 1454 2084 1510 ludas

489 1559 717 1634 quotidie
764 1554 968 1610 verbum
1007 1555 1123 1606 vita:
1173 1551 1386 1614 audivit,
1435 1549 1665 1622 quotidie
1704 1548 1925 1603 adlucsit
1975 1546 2085 1602 Do-

489 1655 652 1715 mino,
698 1649 929 1722 quotidie
975 1644 1246 1700 virtutibus
1301 1651 1602 1713 occupatus,
1635 1643 1864 1712 quotidie
1915 1643 2083 1709 ipsum

493 1743 692 1798 Filium
720 1741 822 1795 Dei
847 1740 1150 1794 monitorem
1172 1736 1369 1790 audivit
1401 1752 1419 1788 :
1451 1746 1499 1788 et
1527 1737 1649 1801 quia
1678 1734 2084 1805 prazdestinatus

2190 531 2407 599 rugiens
2434 531 2624 586 circuit
2671 547 2919 602 quaerens
2957 540 3016 587 ut
3058 539 3365 588 transvoret
3393 532 3437 604 (ι
3465 531 3586 588 Pet.
3613 551 3667 600 v,
3699 535 3782 606 8).

2187 621 2303 678 Hoc
2330 630 2508 678 autem
2533 623 2679 694 quod
2706 624 2900 679 cecidit
2924 623 3109 688 Judas,
3139 640 3251 679 non
3295 633 3453 694 putes
3482 624 3650 681 fuisse
3681 628 3757 681 im
3775 655 3790 668 -

2186 715 2401 786 pietatis
2427 717 2554 783 Dei;
2599 732 2772 787 neque
2800 718 2944 772 enim
2976 718 3115 774 Deus
3144 718 3294 773 illum
3321 718 3493 774 voluit
3520 735 3790 775 essemao

2186 809 2386 877 lignum
2423 827 2433 862 :
2466 808 2561 864 sed
2585 809 2710 878 quia
2742 809 2825 866 fur
2845 818 2981 877 erat,
3011 817 3066 865 et
3093 811 3301 867 loculos
3328 811 3561 867 habebat
3592 811 3781 884 (Joan.

2187 917 2278 966 xu,
2311 901 2386 972 6),
2411 910 2465 956 et
2493 910 2611 958 erat
2641 903 2693 956 in
2723 902 2887 957 corde
2916 902 3032 972 ejus
3054 903 3208 958 radix
3237 905 3480 960 omnium
3507 905 3785 962 malorum

2183 993 2406 1048 avaritia
2440 993 2481 1064 (l
2515 993 2647 1047 Tim.
2677 1010 2748 1058 vr,
2781 993 2888 1064 10),
2921 994 3043 1049 ideo
3095 996 3300 1051 corruit
3349 997 3550 1062 miser,
3576 1005 3630 1052 et
3656 1013 3782 1054 cre-

2185 1087 2303 1156 puit
2352 1087 2560 1142 medius
2592 1087 2731 1158 (Act.
2775 1103 2811 1153 1,
2848 1086 2958 1158 l8),
2989 1088 3082 1158 qui
3125 1094 3274 1143 tanta
3303 1089 3442 1145 dona
3471 1089 3650 1145 divina
3679 1106 3784 1147 ne-

2185 1178 2370 1247 glexit,
2393 1179 2503 1247 qui,
2535 1177 2745 1233 medico
2773 1186 3060 1249 praesente,
3089 1179 3312 1254 vulnera
3341 1195 3436 1235 sua
3466 1197 3576 1236 non
3601 1182 3785 1239 solum

2187 1285 2294 1325 non
2337 1285 2547 1332 curare,
2581 1269 2672 1324 sed
2702 1269 2867 1324 etiam
2898 1278 3250 1338 augmentare
3277 1270 3501 1326 studuit.
3542 1271 3601 1325 In
3643 1288 3785 1343 pec-

2186 1369 2306 1417 cato
2332 1361 2475 1416 enim
2504 1359 2652 1416 Iudae
2684 1378 2778 1418 vos
2807 1363 2952 1432 ipsos
2976 1361 3184 1431 judices
3229 1362 3482 1432 petimus.
3525 1363 3604 1418 Ita
3632 1364 3787 1423 enim

2189 1470 2302 1520 vos,
2331 1453 2554 1523 juvante
2582 1454 2818 1521 Christo,
2848 1453 3247 1520 concludimus,
3281 1462 3340 1509 ut
3387 1471 3486 1511 vos
3515 1455 3665 1527 ipsos
3713 1472 3787 1515 ex

2185 1553 2367 1600 vestro
2386 1546 2588 1615 judicio
2617 1547 2903 1617 superetis.
2937 1547 2994 1601 ln
3020 1556 3244 1617 peccato
3284 1545 3435 1602 Iuda:
3461 1547 3667 1617 grande
3696 1556 3787 1606 est

2185 1638 2548 1706 sacrilegium,
2581 1639 3002 1708 incomparabile
3050 1637 3280 1702 facinus,
3310 1635 3516 1694 crimen
3545 1638 3787 1696 immen-

2187 1747 2327 1786 sum.
2360 1730 2530 1786 Dicite
2561 1732 2738 1797 nobis,
2763 1731 2848 1786 cui
2878 1731 3041 1786 vultis
3069 1730 3173 1786 hoc
3193 1731 3396 1785 crimen
3420 1731 3651 1787 ascribi?
3677 1731 3787 1804 Ipsi

489 1845 566 1890 est
586 1835 655 1888 ad
675 1841 910 1898 mortem,
943 1849 1045 1885 uno
1070 1832 1175 1884 ictu
1196 1829 1366 1883 subito
1395 1829 1613 1882 interiit.
1643 1827 1837 1881 Saulus
1859 1828 2086 1898 quotidie
2114 1828 2162 1889 Β
2189 1823 2339 1879 Iuda:
2369 1823 2634 1888 traditori,
2667 1840 2733 1878 an
2765 1822 2877 1878 Deo
2906 1822 3378 1893 prmdestinatori?
3405 1822 3482 1888 Si,
3511 1823 3656 1893 quod
3679 1824 3786 1881 dici

487 1937 798 1999 persecutor,
837 1924 1065 1996 quotidie
1101 1923 1364 1994 lapidator
1394 1919 1830 1984 Christianorum,
1855 1921 2084 1991 quotidie

486 2028 715 2076 vastator
763 2016 1124 2071 Ecclesiarum
1152 2024 1201 2069 et
1230 2016 1351 2086 quia
1379 2013 1782 2084 praedestinatus
1811 2021 1889 2066 est
1916 2011 1985 2065 ad
2010 2013 2085 2066 vi-

486 2117 615 2177 tam,
643 2127 746 2163 uno
794 2111 898 2162 ictu
945 2106 1112 2162 subito
1167 2123 1256 2160 vas
1303 2105 1566 2160 electionis
1597 2113 1673 2158 est
1721 2106 1910 2175 factus.
1947 2101 2085 2167 Quid

483 2221 628 2275 ergo,
660 2202 926 2270 inquiunt,
947 2210 1000 2254 tu
1022 2203 1109 2272 qui
1124 2201 1178 2254 in
1198 2200 1422 2270 peccatis
1442 2214 1735 2270 permanes,
1753 2199 2088 2268 expavescis?

487 2294 550 2348 Si
580 2302 627 2346 te
654 2289 796 2345 Deus
820 2289 1145 2360 dignabitur,
1171 2296 1386 2342 sanctus
1415 2289 1552 2351 eris;
1575 2295 1664 2339 aut
1693 2285 1820 2358 quid
1851 2295 1900 2339 tu
1919 2287 2007 2356 qui
2029 2287 2084 2340 in

489 2386 770 2440 sanctitate
800 2385 944 2448 vivis,
975 2381 1225 2436 sollicitus
1273 2381 1546 2434 redderis?
1576 2379 1637 2435 Si
1667 2378 1810 2433 Deus
1841 2379 2081 2446 noluerit,

486 2491 749 2547 nunquam
769 2490 997 2528 corrues.
1054 2471 1276 2542 Uterque
1296 2470 1359 2524 de
1387 2471 1497 2524 Deo
1525 2471 1691 2524 securi
1716 2478 1896 2524 estote.
1929 2469 2087 2524 Nun-

486 2567 610 2639 quid
650 2574 705 2619 tu
750 2567 838 2636 qui
867 2574 1080 2620 sanctus
1110 2581 1183 2629 es,
1210 2572 1279 2618 .et
1306 2562 1558 2617 sollicitus
1593 2580 1647 2616 es
1676 2581 1740 2617 ne
1770 2581 2006 2628 corruas,
2036 2571 2087 2618 et

485 2662 570 2715 die
598 2668 848 2730 noctuque
876 2657 1196 2714 orationibus
1225 2657 1368 2723 ades,
1388 2659 1658 2727 occuparis
1673 2658 1910 2728 jejuniis,
1935 2669 1984 2712 et
2006 2658 2087 2713 di-

485 2753 616 2808 vinis
660 2749 962 2806 lectionibus
1016 2750 1295 2822 diligenter
1350 2751 1586 2813 insistis,
1638 2749 2085 2804 exhortationibus

483 2826 635 2898 vacas
656 2851 810 2912 atque
838 2841 1078 2896 omnibus
1108 2841 1304 2895 sanctis
1336 2841 1524 2895 studiis
1554 2841 1783 2911 quotidie
1827 2843 2081 2909 immines,

483 2939 713 3010 nunquid
760 2946 847 2992 tua
895 2939 1157 2993 voluntate
1187 2939 1358 2991 salvus
1388 2937 1532 2991 eris?
1573 2935 1824 3008 Nunquid
1853 2939 2084 2993 sanctior

482 3032 584 3085 eris
608 3029 772 3095 Iuda,
797 3031 885 3101 qui
906 3029 1106 3098 accepit
1125 3035 1430 3098 potestatem
1458 3027 1695 3097 inﬁrmos
1717 3029 1956 3092 curandi,
1981 3027 2084 3082 da:-

485 3123 662 3176 monia
711 3121 950 3192 fugandi,
992 3129 1222 3174 mortuos
1276 3120 1582 3184 suscitandi,
1641 3119 1880 3174 calcandi
1928 3139 2082 3192 super

2189 1917 2342 1989 pejus
2383 1925 2664 1987 peceatum
2696 1925 2778 1972 est
2806 1933 2966 1986 quam
3014 1918 3117 1972 hoc
3145 1917 3292 1988 quod
3329 1915 3494 1973 Judas
3517 1919 3785 1984 exerunt,

2184 2011 2290 2065 hoc
2318 2017 2598 2081 peccatum
2639 2009 2735 2064 Dei
2765 2010 3228 2080 praedestinatoris
3253 2025 3374 2065 esse
3403 2012 3800 2081 probaveritis,

2184 2101 2377 2165 fateor,
2427 2101 2658 2168 vicistis;
2691 2101 2735 2154 si
2761 2110 2942 2156 autem
2992 2101 3158 2172 ipsius
3186 2099 3337 2156 Juda:
3365 2110 3449 2157 est
3478 2103 3782 2168 traditoris,

2185 2195 2428 2252 defensio
2450 2202 2633 2250 nostra
2657 2195 2867 2265 accepit
2889 2195 3122 2266 palmam
3155 2212 3167 2247 :
3213 2210 3322 2249 non
3348 2195 3495 2249 enim
3523 2194 3665 2250 Deus
3694 2196 3782 2266 ip-

2185 2303 2303 2343 sum
2333 2287 2495 2342 talem
2525 2287 2608 2341 vel
2660 2285 3079 2357 praedestinavit,
3111 2285 3196 2340 vel
3225 2286 3388 2342 talem
3418 2301 3538 2341 esse
3584 2286 3770 2342 voluit.

2186 2382 2546 2438 Defendamus
2575 2396 2705 2450 ergo
2725 2389 2971 2436 sanctum
3000 2388 3055 2435 et
3076 2379 3486 2435 immaculatum
3509 2396 3536 2434 a
3551 2379 3769 2437 crimine

2186 2475 2502 2540 Dominum;
2534 2490 2603 2528 ne
2633 2488 2793 2544 quem
2825 2473 2914 2527 ille
2945 2472 3165 2528 tradidit
3210 2488 3309 2543 per
3336 2472 3612 2528 avaritiam
3631 2512 3647 2538 ,
3671 2488 3776 2529 nos

2187 2585 2285 2640 per
2324 2568 2645 2638 injustitiam
2699 2581 3045 2632 accusemus;
3073 2573 3130 2620 et
3165 2565 3420 2643 tollentes
3459 2566 3659 2621 crimen
3687 2563 3782 2620 Ju-

2187 2660 2286 2726 die,
2320 2659 2604 2715 Dominum
2627 2673 2880 2715 vocemus
2909 2658 2962 2711 in
2984 2658 3218 2728 culpam.
3261 2655 3319 2711 Si
3339 2656 3482 2712 enim
3513 2657 3634 2712 ideo
3659 2657 3785 2714 talis

2187 2753 2412 2819 exstitit,
2455 2753 2580 2821 quia
2632 2751 2795 2805 talem
2843 2751 2992 2804 illum
3049 2749 3191 2804 Deus
3218 2749 3642 2820 praedestinavit,
3673 2766 3786 2807 non

2186 2847 2311 2917 quia
2342 2847 2458 2917 ipse
2489 2846 2746 2915 neglexit,
2774 2845 2948 2916 ipsum
2977 2843 3196 2915 quidem
3225 2842 3517 2898 liberamus
3537 2844 3606 2898 ab
3635 2843 3784 2900 omni

2185 2938 2425 3010 pondere
2452 2938 2710 3002 criminis,
2741 2945 2796 2993 et
2848 2937 3100 2993 tollentes
3143 2951 3246 2992 nos
3294 2935 3364 2990 ab
3406 2936 3785 3006 increpatione

2192 3031 2473 3086 traditoris
2502 3029 2758 3096 hominis,
2791 3028 3250 3099 prmdestinatoris
3271 3027 3369 3083 Dei
3397 3028 3656 3083 astutiam
3685 3044 3783 3084 ac-

2186 3138 2458 3188 cusamus,
2489 3123 2580 3192 qui
2609 3122 2762 3194 quasi
2795 3121 3024 3176 voluerit
3049 3121 3354 3192 apostolum
3397 3120 3536 3188 fieri,
3568 3131 3629 3177 ut
3658 3138 3782 3179 eum

483 3222 744 3286 serpentes
798 3223 847 3267 et
867 3213 1188 3284 scorpiones,
1233 3213 1436 3283 collega
1482 3211 1857 3280 apostolorum,
1888 3212 2084 3267 Christi
2109 3196 2156 3262 C
2186 3228 2254 3269 ex
2276 3214 2524 3285 apostolo
2552 3213 2757 3270 faceret
2793 3213 3139 3280 traditorem;
3170 3229 3332 3284 quem
3358 3214 3518 3284 quasi
3549 3214 3780 3271 voluerit

482 3308 794 3379 discipulus;
818 3315 868 3360 et
891 3304 1062 3360 lumen
1083 3307 1204 3377 quia
1225 3305 1627 3376 prtcdestinatus
1656 3311 1729 3358 est
1751 3305 1821 3357 ad
1841 3313 2077 3370 mortem,

481 3407 696 3455 mortem
725 3407 973 3454 aeternam
1014 3398 1245 3453 invenit?
1292 3397 1451 3452 Cessa
1479 3415 1591 3452 esse
1619 3398 1896 3465 sollicitus,
1931 3407 1982 3452 et
2019 3399 2082 3453 de

483 3493 583 3548 Dei
633 3501 743 3548 esto
793 3493 1058 3548 voluntate
1106 3509 1350 3559 securus;
1401 3494 1650 3564 quoniam
1680 3495 1726 3546 si
1755 3502 1805 3547 te
1833 3494 2083 3566 dignatur

482 3583 624 3638 Deus
651 3591 706 3637 ut
728 3601 1052 3654 permaneas,
1078 3592 1286 3637 sanctus
1307 3584 1428 3637 eris.
1460 3586 1525 3636 At
1550 3592 1603 3636 tu
1627 3586 1714 3656 qui
1743 3593 1983 3656 peccator
2003 3602 2076 3651 cs,

482 3675 623 3730 disce
654 3692 687 3728 a
729 3673 898 3727 Paulo
928 3675 1182 3745 apostolo.
1220 3673 1469 3746 Nunquid
1497 3684 1551 3727 tu
1583 3677 1866 3748 aliquando
1896 3679 2081 3748 pejora

480 3766 672 3837 poteris
713 3764 1031 3820 committere
1058 3779 1212 3836 quam
1242 3763 1331 3817 ille
1353 3761 1644 3819 commisit?
1668 3774 1718 3820 et
1747 3775 1922 3821 tamen
1957 3770 2080 3839 quia

480 3859 886 3930 praedestinatus
917 3867 996 3913 est
1021 3858 1091 3912 ad
1132 3857 1502 3930 apostolatum,
1548 3860 1708 3912 evasit
1763 3859 1929 3915 subito
1957 3862 2078 3915 uni-

479 3969 627 4006 versa
653 3961 884 4024 peccata,
909 3961 957 4007 et
973 3951 1039 4007 ab
1065 3951 1404 4026 inferioribus
1426 3953 1735 4025 inferiorum
1757 3954 1827 4008 ad
1855 3971 2080 4026 superna

375 4058 382 4064 λ
478 4044 801 4113 superiorum
845 4044 1100 4098 ascendit.
1129 4042 1158 4083 ὶ)
1191 4041 1290 4098 Hic
1319 4051 1402 4098 est
1431 4044 1607 4099 omnis
1635 4060 1842 4100 summa
1870 4046 2078 4102 consilii

433 4136 442 4142 ’
477 4138 676 4204 vestri;
707 4139 834 4192 hinc
882 4138 1130 4208 decipitis
1184 4139 1461 4204 mundum,
1493 4139 1620 4195 hinc
1657 4142 1954 4210 penetralis
1981 4141 2079 4196 do-

477 4242 617 4292 mos,
643 4234 696 4281 et
717 4227 1002 4297 captivatis
1031 4228 1377 4282 mulierculas
1394 4236 1648 4284 oneratas
1676 4232 1932 4300 peccatis,
1957 4247 2076 4300 qua:

477 4316 948 4372 circumducuntur
962 4317 1124 4371 variis
1144 4318 1444 4383 desideriis,
1471 4334 1685 4388 semper
1712 4321 2002 4389 discentes,
2022 4333 2077 4379 et

476 4421 748 4477 nunquam
773 4405 838 4461 ad
861 4407 1141 4462 scientiam
1168 4404 1265 4462 Dei
1288 4409 1666 4478 pervenientes
1688 4411 1751 4482 (ll
1774 4411 1905 4466 Tim.
1924 4430 1998 4477 ιιι,
2019 4414 2070 4480 6,

475 4493 798 4567 7).Juvante
819 4498 1000 4566 itaque
1014 4497 1264 4562 Domino,
1283 4499 1505 4569 spiritus
1527 4499 1615 4554 ille
1643 4502 1736 4569 qui
1770 4513 1791 4541 ο
1817 4502 2073 4559 falsorum

2183 3309 2398 3363 elevare
2427 3307 2495 3362 ad
2535 3308 2723 3372 coelos,
2758 3315 2816 3363 ut
2861 3323 2984 3363 eum
3035 3323 3103 3362 ex
3157 3307 3267 3362 alto
3315 3306 3589 3376 jactaret;
3619 3324 3778 3378 quem

2183 3401 2334 3470 quasi
2391 3401 2625 3455 voluerit
2670 3401 2937 3456 daemonia
2985 3400 3201 3470 ejicere,
3235 3408 3296 3456 ut
3323 3416 3449 3457 eum
3474 3400 3776 3458 daemonum

2183 3491 2418 3546 traderet
2438 3493 2715 3562 potestati.
2744 3490 2884 3558 Quid
2905 3507 3086 3548 moras
3108 3492 3464 3547 innectimus?
3481 3501 3606 3548 ante
3645 3509 3772 3547 ocu-

2182 3585 2263 3639 los
2303 3592 2512 3639 vestros
2538 3591 2797 3655 utrosque
2827 3585 3058 3650 habetis,
3095 3601 3128 3641 ο
3150 3585 3333 3640 'noStri
3363 3587 3610 3656 temporis
3652 3593 3762 3639 tra-

2181 3685 2435 3741 ctatores,
2456 3691 2671 3731 servum
2692 3683 2747 3730 et
2775 3676 3085 3742 Dominum,
3114 3677 3421 3747 Magistrum
3445 3685 3498 3730 et
3520 3677 3751 3746 discipu-

2181 3769 2310 3835 lum,
2337 3770 2505 3826 Deum
2533 3770 2733 3825 bonum
2762 3779 2818 3826 et
2838 3771 3112 3826 hominem
3141 3758 3334 3826 malum
3353 3789 3365 3824 :
3388 3787 3549 3826 unum
3593 3787 3751 3827 accu-

2181 3871 2296 3918 sate
2347 3877 2507 3932 quem
2556 3863 2736 3918 vultis.
2771 3863 2828 3918 Si
2873 3864 3042 3919 Deum
3071 3864 3568 3940 praedestinantem,
3598 3863 3764 3920 ludas

2182 3952 2433 4008 immunis
2460 3962 2576 4019 est;
2610 3954 2654 4009 si
2676 3952 2866 4008 Judam
2890 3955 3210 4022 tradentem,
3238 3957 3441 4012 crimen
3461 3955 3576 4026 ejus
3600 3957 3773 4013 Deum

2181 4047 2594 4117 prmdestinasse
2650 4042 2849 4104 docbre
2905 4049 3124 4104 minime
3171 4051 3456 4120 poteritis,
3502 4051 3623 4120 quia
3672 4050 3781 4108 Dei

2181 4137 2583 4209 prmdestinatio
2612 4139 2755 4194 bona
2783 4149 2884 4206 est,
2917 4138 3067 4196 Judze
3114 4150 3295 4197 autem
3341 4142 3560 4197 traditio
3608 4143 3778 4198 mala.

2181 4229 2360 4284 Bonus
2390 4243 2518 4298 ergo
2549 4245 2660 4284 rem
2693 4231 2892 4286 bonam
2939 4231 3084 4298 fecit,
3113 4234 3238 4304 quia
3268 4233 3472 4288 malum
3501 4249 3786 4304 nunquam

2179 4319 2371 4377 fecisse
2419 4323 2719 4378 credendus
2761 4332 2861 4379 est.
2893 4324 2959 4378 Et
2987 4326 3031 4380 si
3062 4327 3464 4397 prmdestinatio
3496 4327 3590 4383 Dei
3633 4328 3787 4385 bona

2180 4424 2280 4480 est,
2314 4424 2368 4470 et
2409 4413 2556 4471 Judae
2609 4417 2822 4473 traditio
2866 4419 3118 4488 pessima,
3153 4421 3230 4474 rei
3259 4419 3415 4474 make
3442 4419 3595 4476 Judze
3619 4431 3681 4478 et
3709 4425 3792 4480 rei

2178 4510 2333 4564 bona:
2360 4509 2454 4564 Dei
2484 4513 2774 4566 convenire
2801 4528 2908 4568 non
2930 4513 3124 4582 potuit.
3159 4512 3498 4583 lmpossibile
3526 4523 3616 4570 est
3638 4517 3793 4572 enim

473 4605 666 4647 senum
695 4589 983 4645 adversum
1033 4589 1340 4646 Susannam
1391 4593 1664 4660 agentium
1707 4595 1865 4650 scidit
1893 4602 2071 4652 consi-
2098 4578 2154 4639 D
2180 4603 2415 4656 tenebris
2438 4611 2493 4658 et
2522 4603 2728 4672 lumini,
2764 4606 2908 4661 bono
2949 4614 3003 4661 et
3031 4605 3195 4671 malo,
3225 4607 3349 4660 vitae
3379 4614 3436 4661 et
3465 4609 3663 4676 morti,
3696 4626 3796 4667 ve-

473 4680 561 4745 lia,
595 4681 680 4736 hic
720 4681 940 4752 Spiritus
963 4698 1107 4738 nunc
1134 4698 1233 4739 vos
1265 4683 1471 4739 dividet
1498 4684 1785 4742 adversum
1813 4690 2073 4745 immacu-

471 4770 638 4825 latam
665 4773 760 4827 Dei
788 4769 1088 4830 Ecclesiam
1115 4774 1250 4830 falsa
1280 4783 1596 4834 tractantes.
1630 4778 1698 4834 Et
1725 4781 1863 4835 sicut
1898 4781 1974 4834 illi
2005 4782 2072 4837 de

471 4877 567 4918 sua
596 4862 698 4917 sibi
728 4866 1071 4920 accusatione
1125 4867 1330 4922 inventi
1383 4877 1510 4924 sunt
1538 4870 1685 4939 pleni
1715 4870 1960 4938 fallaciis,
1995 4874 2068 4927 ila

470 4968 568 5009 vos
597 4970 664 5009 ex
692 4956 883 5009 vestris
914 4957 1065 5012 vobis
1110 4961 1543 5028 oppositionibus
1570 4962 1875 5018 abscedetis
1908 4979 2067 5034 supe-

368 5036 376 5044 ’
468 5045 591 5100 rati.
615 5046 738 5117 Ipsa
767 5047 952 5116 itaque
980 5050 1146 5104 verba
1173 5051 1401 5107 dicimus
1442 5054 1585 5108 inter
1613 5055 1764 5110 initia
1795 5072 1915 5126 quae
1958 5059 2061 5128 ipsi

467 5135 696 5203 dixistis,
727 5137 823 5193 sed
851 5139 1008 5194 aliter
1037 5142 1348 5196 eorumdem
1377 5146 1666 5200 verborum
1714 5148 1876 5203 linem
1905 5151 2057 5204 colli-

465 5221 656 5288 gimus.
692 5220 929 5278 Dicimus
959 5225 1102 5280 enim
1145 5225 1332 5295 justo:
1363 5227 1524 5284 Certe
1570 5229 1733 5287 Judas
1782 5217 2058 5306 apostolus

465 5312 583 5377 luit,
617 5323 672 5370 et
700 5331 732 5370 a
761 5314 961 5372 Christi
1013 5320 1251 5389 vestigiis
1282 5337 1389 5376 non
1437 5326 1690 5391 recessit,
1724 5343 1790 5381 ex
1821 5345 1916 5384 ore
1944 5330 2061 5399 ejus

465 5403 554 5460 die
582 5415 854 5480 noctuque
881 5413 1106 5468 consilia
1135 5413 1324 5469 salutis
1366 5417 1596 5488 accepit,
1625 5419 1777 5488 signa
1803 5422 2058 5479 virtutum

468 5501 738 5566 exercuit,
762 5510 818 5557 et
845 5505 1094 5560 universa
1142 5507 1375 5562 obtinuit
1425 5511 1761 5581 apostolatus
1793 5514 2056 5583 insignia;

469 5597 527 5644 et
551 5597 732 5650 tamen
758 5598 885 5666 quia
914 5601 1189 5670 negligens
1217 5601 1334 5671 fuit,
1367 5605 1583 5661 cecidit.
1637 5605 1812 5677 Vigila
1841 5624 1908 5663 ne
1937 5626 2057 5666 cor-

542 5715 570 5782 f
625 5709 725 5764 Ms.
787 5712 1052 5782 Augiense
1102 5737 1115 5772 :

542 5717 570 5790 ξι
625 5717 725 5764 Ms.
787 5717 1052 5782 Augiense
1102 5737 1115 5772 :
1165 5717 1298 5774 Vlll.
1355 5721 1655 5781 liensum.
1703 5723 2054 5789 Quantumvis

470 5793 630 5847 enim,
653 5786 758 5836 etc.

2175 4693 2321 4747 ritati
2353 4701 2406 4748 et
2433 4695 2738 4762 mendacio,
2789 4696 2949 4752 simul
2999 4696 3201 4753 habere
3229 4699 3597 4754 consortium.
3637 4701 3795 4758 Red-

2175 4788 2362 4841 dentes
2392 4800 2520 4855 ergo
2550 4786 2699 4843 Juda:
2729 4789 2829 4843 soli
2856 4798 3138 4858 peccatum
3168 4807 3326 4846 suum
3353 4806 3420 4846 ex
3451 4791 3704 4863 integro,
3740 4803 3800 4852 et

2173 4877 2285 4934 Deo
2315 4879 2576 4935 honorem
2622 4882 2891 4952 aequitatis
2917 4897 3029 4936 sua:
3057 4883 3462 4953 integerrimum
3507 4887 3796 4945 exhiben-

2175 4977 2273 5034 tes,
2308 4971 2463 5026 nohis
2506 4987 2724 5042 quoque
2749 4974 2957 5029 reddite
2984 4975 3227 5031 osculum
3257 4976 3570 5033 charitatis.
3607 4977 3801 5039 Labo-

2171 5067 2303 5120 ratis
2333 5066 2478 5120 enim
2524 5082 2665 5120 vano
2711 5069 3028 5134 certamine,
3062 5070 3153 5138 qui
3209 5085 3308 5139 per
3333 5069 3527 5124 Judam
3593 5089 3803 5131 omnes

2171 5168 2483 5229 peccatores
2538 5161 2808 5215 excusatis
2843 5157 3024 5232 atque
3080 5161 3390 5229 defenditis,
3438 5163 3546 5219 Dei
3602 5179 3798 5225 autem

2166 5251 2432 5320 justitiam
2478 5253 2765 5307 accusatis.
2816 5253 2967 5308 Nunc
3011 5255 3287 5310 veniamus
3328 5256 3396 5310 ad
3447 5260 3801 5328 magistrum

2169 5344 2368 5400 bonum
2399 5353 2454 5399 et
2473 5359 2601 5398 vere
2628 5345 3000 5404 beatissimum
3030 5345 3276 5412 Paulum,
3307 5357 3362 5403 et
3389 5358 3584 5405 amota
3624 5357 3800 5424 tergi-
3841 5329 3849 5369 ί

2171 5434 2490 5491 versationis
2519 5435 2749 5502 insania,
2781 5438 2927 5506 quod
2955 5454 3139 5494 verum
3185 5448 3240 5495 et
3270 5441 3549 5508 integrum
3594 5449 3797 5516 negari

2169 5542 2278 5583 non
2317 5535 2515 5598 potest,
2541 5529 2894 5599 explicemus.
2922 5529 3084 5585 Aliud
3111 5539 3212 5597 est,
3246 5532 3364 5587 zelo
3385 5491 3636 5591 malitia:
3663 5491 3798 5610 Ser.
3841 5491 3863 5615 ί

2168 5617 2322 5687 sequi
2351 5619 2583 5688 aliquem
2613 5619 2977 5685 innocentem,
3010 5621 3151 5677 sicut
3179 5621 3306 5678 fecit
3326 5621 3482 5689 Cain,
3517 5626 3686 5686 aliud
3709 5639 3800 5688 est

2243 5730 2267 5768 ι»
2289 5730 2386 5803 llis.
2421 5732 2561 5803 idem
2596 5752 2606 5786 :
2638 5732 2951 5792 Cunnum.
2988 5737 3090 5791 llic
3109 5746 3185 5794 est
3213 5741 3404 5803 omnis,
3425 5747 3538 5797 etc.
3613 5759 3616 5762 ’

2247 5812 2268 5839 ι
2301 5800 2399 5856 Ms.
2425 5802 2584 5868 idem,
2620 5806 2883 5870 {amorum
2910 5819 3125 5864 senum.‘
