4140 6346
343 347 446 408 ui

800 346 1390 407 PRABDESTINATUS
1425 347 1578 405 SIVE
1617 339 2316 403 PREDESTINATORUM
2356 343 2705 414 HERESIS,
2744 344 2898 402 ETC.
2942 342 3069 402 LIB.
3107 341 3195 402 ιιι.

3521 339 3626 404 διε

346 463 466 520 zelo
487 461 584 518 Dei
613 463 882 534 persequi,
906 463 1043 518 sicut
1069 461 1196 518 fecit
1216 461 1366 517 Elias
1385 479 1412 528 ;-
1433 475 1532 516 nec
1550 460 1728 516 solum
1759 473 1938 530 perat.~
1962 460 2124 523 A‘tes
2178 457 2505 513 vindemiam
2561 458 2803 525 Domini,
2862 455 2994 513 Elia:
3062 457 3243 513 animo
3297 457 3626 514 devastaret.

346 563 505 610 cutus
531 561 632 621 est,
658 552 754 609 sed
791 554 952 609 etiam
979 553 1035 608 in
1058 562 1352 624 conspectu
1376 567 1476 608 suo
1502 551 1730 607 multum
1761 567 1935 622 popu-

349 647 458 702 lum
480 646 659 716 gladio
671 645 830 716 jussit
851 645 1043 702 occidi.
1069 645 1204 702 Cain
1225 660 1390 700 unum
1412 644 1630 710 occidit,
1662 652 1718 699 et
1735 651 1936 698 mterna

346 739 696 796 damnatione
721 739 974 810 punitur;
997 738 1143 795 Elias
1170 740 1372 796 multos
1399 739 1616 806 occidit,
1647 746 1702 794 et
1728 737 1796 792 ad
1823 736 1940 806 glo-

343 832 484 888 riam
512 832 721 904 rapitur
746 831 1148 902 sempiternam.
1186 831 1304 888 Non
1336 847 1487 902 ergo,
1522 831 1664 886 sicut
1713 844 1810 884 vos
1837 843 1939 899 pu-

346 923 495 987 tatis,
520 921 655 978 Cain
696 923 934 978 imitatus
961 930 1043 978 est
1070 920 1268 977 Paulus
1313 940 1326 976 :
1356 923 1450 977 sed
1479 922 1595 976 zelo
1625 920 1718 975 Dei
1747 920 1940 973 ductus

347 1013 523 1070 Eliam
543 1021 760 1070 secutus
781 1022 882 1072 est.
911 1013 1070 1069 Dicas
1093 1012 1317 1069 forsitan
1345 1031 1357 1065 :
1395 1011 1544 1067 Unde
1573 1012 1678 1066 hoc
1705 1009 1940 1081 probas?

349 1106 497 1178 Lege
526 1108 593 1162 ad
613 1106 835 1163 Galatas
863 1108 1111 1162 eumdem
1139 1108 1241 1163 sibi
1268 1107 1632 1163 testimonium
1661 1105 1941 1176 perhiben-

350 1205 482 1265 tem,
511 1206 673 1268 atque
691 1197 956 1253 dicentem
984 1215 996 1251 :
1027 1196 1406 1268 Persequebar,
1432 1195 1622 1266 inquit,
1646 1193 1942 1248 Ecclesium

352 1288 479 1356 Dei,
510 1298 559 1344 et
588 1290 955 1361 expugnabam
1008 1288 1155 1343 illam
1203 1305 1355 1361 super
1409 1287 1598 1342 multos
1649 1294 1942 1341 catetaneos

356 1398 503 1437 meos
547 1382 604 1436 in
632 1397 818 1454 genere
857 1397 1006 1446 meo;
1037 1380 1413 1444 abundantius,
1447 1381 1641 1450 inquit,
1673 1378 1945 1433 wmulator

359 1475 618 1530 exsistens
635 1482 977 1545 paternarum
1001 1491 1236 1528 mearum
1257 1474 1602 1528 traditionum
1625 1470 1767 1542 (Gal.
1802 1469 1944 1535 “1'5,

359 1565 472 1638 ﬂ).
505 1565 755 1636 Nunquid
777 1582 883 1622 non
899 1566 1150 1623 omnibus
1171 1566 1452 1621 catholicis
1473 1574 1660 1620 notum
1677 1572 1760 1619 est
1779 1563 1949 1617 Deum

360 1658 710 1716 Hebraeorum
761 1658 904 1714 hunc
929 1673 1047 1714 esse
1102 1655 1317 1723 Patrem
1346 1657 1557 1712 Domini
1600 1656 1768 1710 nostri
1819 1652 1948 1708 Jesu

359 1746 599 1804 Christi?
625 1747 794 1814 Quem
835 1761 964 1818 ergo
991 1747 1344 1804 defendebat?
1376 1745 1591 1801 Patrem
1620 1746 1737 1800 sine
1764 1743 1947 1808 dubio,

2040 549 2212 606 Servo
2241 549 2423 618 itaque
2449 548 2615 616 bono,
2647 564 2747 620 pro
2790 548 3005 605 Domini
3055 550 3136 605 sui
3183 549 3336 604 vinea
3364 549 3627 619 vigilanti,

2039 657 2197 698 servo
2235 641 2352 696 zelo
2383 639 2506 696 tidei
2553 641 2918 711 persequenti,
2967 654 3127 697 servo
3172 639 3344 696 Eliam
3373 639 3627 706 imitanti,

2041 749 2200 791 servo
2246 735 2300 789 in
2330 733 2566 789 tenebris
2621 732 2939 802 ignorantia:
2984 750 3086 805 pro
3114 735 3342 791 veritate
3381 735 3628 802 certanti,

2041 813 2199 884 servo
2246 828 2332 883 cui
2360 842 2419 882 se
2446 827 2652 907 sciebat
2691 827 2892 882 dixisse
2923 836 2982 882 ut
3009 843 3109 898 pro
3147 829 3375 883 veritate
3403 833 3633 884 certaret

2043 935 2211 989 usque
2248 918 2314 973 ad
2353 924 2583 973 mortem
2630 935 2642 970 :
2687 917 2951 972 laboranti
2999 932 3149 988 ergo,
3193 927 3249 974 et
3295 919 3349 974 in
3403 918 3634 974 obscuro

2048 1025 2069 1052 ο
2091 1013 2211 1068 tidei
2238 1013 2598 1083 persequenti,
2614 1020 2669 1068 et
2694 1013 2954 1068 nescienti
2981 1013 3123 1083 quod
3147 1015 3261 1084 ipse
3291 1021 3434 1069 esset
3452 1012 3636 1067 Domi-

2042 1123 2142 1160 nus
2170 1121 2315 1172 suus,
2348 1120 2508 1174 quem
2538 1105 2760 1175 putabat
2811 1105 3086 1160 inimicum
3127 1105 3339 1159 Domini
3367 1105 3469 1170 sui,
3509 1118 3636 1158 suc-

2043 1200 2210 1256 currit
2235 1199 2452 1254 dicens:
2473 1199 2722 1265 Quiesce,
2751 1213 2852 1268 ego
2881 1214 3000 1253 sum
3021 1198 3281 1254 Dominus
3304 1208 3445 1254 tuus.
3479 1197 3638 1254 Modo

2047 1302 2102 1347 tu
2133 1293 2248 1362 ipse
2273 1292 2453 1361 judica
2473 1291 2540 1346 de
2563 1299 2616 1346 te
2637 1292 2775 1362 ipso.
2799 1290 2856 1345 Si
2879 1291 3156 1348 introieris
3176 1291 3228 1346 in
3259 1293 3469 1346 vineam
3493 1300 3639 1346 tuam

2047 1391 2228 1449 nocte,
2266 1384 2504 1453 nunquid
2524 1384 2685 1438 homo
2714 1391 2838 1438 tuus
2860 1390 2951 1438 aut
2981 1398 3168 1438 servus
3197 1392 3336 1448 tuus,
3362 1384 3415 1438 iu
3445 1384 3640 1438 obscu-

2049 1491 2110 1530 ro
2157 1474 2334 1529 noctis
2372 1473 2500 1527 dum
2529 1480 2582 1528 te
2611 1474 2858 1538 senserit,
2911 1481 2966 1527 et
2995 1474 3220 1543 emperit
3272 1473 3458 1527 venire
3487 1481 3545 1526 ut
3587 1478 3642 1526 te

2049 1565 2494 1636 comprehendat,
2537 1565 2624 1620 dic
2650 1565 2800 1628 mihi,
2849 1565 3096 1632 obsecro,
3138 1565 3422 1620 veritatem
3463 1561 3644 1634 profer

2053 1673 2121 1714 ex
2147 1672 2244 1713 ore
2270 1665 2395 1724 tuo;
2439 1656 2528 1712 dic
2554 1656 2707 1722 mihi,
2749 1656 2988 1724 nunquid
3021 1663 3185 1722 taces,
3217 1665 3273 1710 et
3298 1654 3567 1726 permittis
3595 1661 3646 1708 ts

2054 1749 2228 1805 teneri
2259 1749 2326 1804 ab
2355 1764 2443 1816 eo,
2490 1762 2652 1820 quem
2692 1747 2893 1818 probas
2921 1747 3048 1816 quia
3101 1763 3207 1802 non
3237 1749 3378 1812 zelo,
3413 1762 3518 1802 non
3549 1745 3646 1800 ini-

360 1842 487 1912 (lilia
516 1840 824 1898 sacerdotes
845 1842 928 1896 Sili
955 1842 1006 1896 ei
1024 1841 1271 1897 dixerant
1295 1841 1440 1894 hunc
1479 1854 1587 1894 non
1617 1853 1735 1893 esse
1756 1836 1948 1891 Filium
1981 1840 2026 1901 Β
2052 1841 2272 1898 micitiis
2300 1840 2621 1897 facientibus
2649 1847 2704 1894 te
2743 1838 3104 1909 persequitur,
3129 1838 3225 1892 sed
3240 1846 3307 1893 se
3337 1836 3648 1901 defendens,

361 1934 460 1989 Dei
485 1949 647 2004 quem
668 1933 1062 1990 cruciﬁxerant.
1082 1933 1323 1988 Credens
1354 1933 1537 2000 itaque
1564 1930 1669 1998 legi
1690 1945 1819 1995 suae,
1842 1944 1952 1984 cre-

362 2026 498 2083 dens
521 2024 891 2082 sacerdotibus
929 2024 1022 2079 Dei
1052 2024 1179 2088 vivi,
1213 2023 1422 2092 accepit
1463 2023 1530 2076 ab
1557 2021 1636 2076 eis
1677 2019 1951 2090 epistolas,

361 2127 424 2174 ut
443 2133 672 2190 pergens
699 2115 1018 2172 Damascum
1047 2115 1114 2169 ad
1141 2127 1460 2186 synagogas,
1491 2113 1700 2167 vinctos
1729 2109 1955 2165 adduce

363 2219 450 2267 ret
477 2210 812 2266 Christianos
842 2208 979 2280 (Act.
1004 2223 1080 2272 ιι,
1099 2206 1178 2276 ‘2).
1205 2205 1655 2260 Prudentissimus
1683 2205 1766 2259 vir
1794 2213 1957 2272 atque

362 2301 809 2373 sapientissimus,
840 2299 933 2368 qui
979 2298 1184 2353 sciebat
1227 2311 1287 2352 se
1317 2296 1433 2351 zelo
1473 2295 1568 2350 Dei
1614 2309 1794 2364 agere,
1841 2295 1958 2350 sine

365 2394 533 2450 dubio
557 2393 840 2448 videbatur
861 2391 910 2445 ei
936 2389 1088 2459 quod
1111 2389 1358 2444 inimicos
1395 2387 1493 2443 Dei
1519 2395 1952 2458 persequeretur.

366 2483 476 2540 Pro
505 2483 607 2538 fide
635 2484 778 2538 enim
800 2483 916 2549 Dei,
937 2489 993 2537 et
1018 2496 1115 2552 pro
1137 2481 1367 2537 veritate
1387 2481 1651 2536 currebat.
1676 2479 1792 2535 Non
1814 2481 1957 2535 enim

368 2573 565 2628 Filium
584 2571 682 2628 Dei
704 2587 822 2630 esse
847 2571 1135 2627 Dominum
1161 2569 1346 2626 Iesum
1373 2569 1643 2625 Christum
1675 2569 1954 2635 didicerat,

370 2665 466 2721 sed
489 2664 826 2720 seductorem
872 2675 929 2719 et
970 2664 1314 2734 deceptorem
1343 2662 1527 2733 populi
1567 2662 1669 2727 sui,
1713 2677 1744 2716 a
1789 2661 1957 2731 magi-

369 2757 496 2815 stris
524 2757 635 2812 suis
663 2765 718 2812 et
744 2772 773 2810 a
803 2755 1171 2811 sacerdotibus
1209 2755 1322 2810 suis
1348 2761 1407 2808 ut
1435 2753 1697 2818 audierat,
1723 2753 1955 2808 aestima-

368 2849 480 2906 bat.
505 2849 752 2903 Animum
774 2849 956 2917 itaque
983 2845 1133 2911 Elite,
1167 2862 1275 2902 non
1304 2845 1438 2901 Cain
1458 2844 1682 2910 habens,
1706 2858 1834 2912 erga
1855 2859 1956 2899 no-

366 2955 466 2996 vos
493 2940 729 2996 cultores
773 2939 867 2995 Dei
913 2939 1126 2995 fortiter
1157 2939 1458 3000 insistebat,
1491 2946 1546 2992 et
1574 2938 1827 3006 ignorans
1849 2937 1960 2991 cri-

366 3031 512 3088 mina
539 3047 639 3102 pro
685 3031 972 3087 virtutibus
997 3032 1306 3088 exercebat.
1354 3029 1499 3084 Deus
1531 3038 1730 3095 autem,
1781 3027 1961 3084 cordis

368 3122 643 3194 inspector
665 3131 722 3177 et
743 3121 867 3177 ﬁdei
893 3122 1307 3192 contemplator,
1340 3120 1468 3174 fecit
1494 3135 1616 3174 eum
1654 3110 1961 3174 misericor-

2054 1936 2182 1992 dum
2227 1942 2284 1992 te
2309 1935 2542 1990 aestimat
2571 1933 2764 1996 furem,
2795 1941 2848 1986 te
2889 1932 3064 2001 ipsum
3092 1945 3192 2000 pro
3233 1937 3286 1984 te
3314 1931 3432 1999 ipso
3467 1943 3650 1997 perse-

2055 2027 2274 2096 quitur?
2302 2025 2438 2081 Huic
2483 2025 2575 2079 tali
2601 2039 2761 2079 servo
2789 2031 2845 2078 et
2869 2023 2987 2077 laus
3015 2022 3244 2076 debetur
3271 2028 3325 2076 et
3353 2020 3651 2091 prmmium.

2055 2117 2320 2186 Denique,
2377 2132 2501 2172 cum
2531 2115 2733 2170 dixeris
2780 2116 2830 2169 ei
2872 2113 3218 2185 persequenti
3272 2122 3324 2166 te
3373 2121 3428 2165 et
3456 2111 3654 2165 volenti

2058 2216 2376 2281 percutere:
2398 2207 2582 2273 Cessa,
2613 2221 2714 2275 ego
2744 2221 2860 2261 sum
2891 2204 3141 2260 dominus
3166 2213 3320 2270 tuus;
3348 2204 3527 2257 statim
3563 2202 3656 2255 ab-

2055 2301 2204 2371 jecto
2227 2299 2366 2354 fuste
2387 2299 2455 2354 de
2478 2314 2641 2354 manu
2673 2313 2788 2362 sua,
2821 2306 3171 2368 prosternens
3200 2310 3260 2350 se
3302 2294 3527 2366 pedibus
3547 2292 3653 2347 tuis

2060 2394 2273 2448 veniam
2303 2392 2542 2462 postulat
2569 2390 2915 2460 ignorantiae;
2948 2398 3108 2459 atque
3145 2389 3236 2443 illa
3266 2389 3399 2443 hora
3439 2387 3543 2441 hoc
3572 2385 3653 2439 fa-

2060 2487 2168 2543 ciet
2189 2486 2333 2556 quod
2359 2486 2408 2540 ei
2439 2484 2779 2555 praeceperis.
2811 2483 2890 2538 Ita
2913 2497 3042 2552 ergo
3070 2488 3200 2536 tunc
3220 2480 3412 2535 beatus
3433 2477 3648 2544 Paulus,

2061 2579 2258 2634 missus
2300 2596 2334 2630 a
2370 2576 2740 2631 sacerdotibus
2789 2573 2905 2641 Dei,
2951 2573 3064 2643 jam
3111 2571 3317 2627 meritis
3346 2569 3659 2642 apostolicis

2061 2669 2270 2742 plenus,
2300 2684 2395 2722 vas
2424 2667 2705 2723 electionis
2733 2674 2850 2722 erat
2883 2664 3125 2719 :habens
3154 2665 3292 2718 intra
3322 2677 3382 2717 se
3410 2661 3656 2731 spiritum

2065 2761 2216 2828 Elite,
2251 2762 2696 2833 persequebatur,
2739 2767 2799 2813 ut
2827 2760 2877 2813 ei
2916 2758 3220 2820 videbatur,
3252 2755 3496 2810 inimicos
3524 2753 3658 2821 legis

2063 2855 2181 2920 Dei,
2211 2864 2267 2910 et
2293 2870 2453 2924 quem
2484 2854 2709 2924 putabat
2737 2868 2858 2907 esse
2886 2851 3056 2906 furem
3086 2851 3257 2904 vinea:
3295 2848 3506 2902 Domini
3551 2847 3652 2913 sui,

2065 2949 2181 3019 ipse
2201 2955 2317 3002 erat
2346 2947 2490 3001 Deus
2517 2961 2666 3000 suus.
2714 2943 3028 2999 Patiebatur
3067 2943 3209 2997 enim
3241 2949 3472 3004 noctem,
3505 2937 3657 3007 cujus

2066 3040 2116 3095 ei
2147 3039 2438 3094 obscurum
2480 3036 2684 3092 fecerat
2718 3035 3062 3091 incredulitas
3089 3033 3448 3088 sacerdotum.
3477 3028 3660 3085 Justus

2065 3145 2196 3185 vero
2225 3127 2484 3184 Dominus
2533 3129 2586 3182 in
2637 3128 2739 3183 hac
2787 3128 2901 3198 ipsa
2941 3127 3040 3182 sibi
3072 3125 3467 3196 persecutione,
3500 3136 3662 3192 quam

369 3215 510 3271 diam
572 3215 854 3281 invenire,
896 3214 1022 3286 quia
1067 3213 1426 3283 ignorantiam
1476 3211 1592 3280 eius
1650 3210 1958 3267 innocentia
1989 3220 2035 3284 C
2065 3222 2183 3292 ipse
2222 3222 2530 3293 patiebatur
2563 3236 2663 3291 pro
2715 3235 2810 3276 sua
2861 3219 3088 3289 justitia,
3122 3217 3511 3288 complacebat,
3540 3213 3664 3284 quia

371 3307 779 3378 comprobabat.
819 3306 970 3362 Unde
995 3307 1100 3361 hoc
1123 3305 1453 3378 probamus?
1484 3304 1601 3376 Ipse
1629 3305 1762 3360 dicit
1791 3304 1857 3359 ad
1881 3303 1964 3359 Ti-

371 3401 646 3456 motheum
678 3418 691 3453 :
725 3398 849 3464 Fui,
879 3398 1086 3468 inquit,
1117 3405 1423 3469 persecutor
1451 3405 1501 3452 et
1526 3397 1849 3468 injuriosus;
1874 3397 1964 3450 sed

371 3491 784 3545 misericordiam
811 3497 1116 3544 consecutus
1137 3505 1271 3555 sum,
1295 3488 1418 3558 quia
1445 3488 1699 3559 ignorans
1730 3487 1848 3558 feci.
1879 3486 1964 3541 Vi-

373 3583 469 3638 des
507 3596 637 3652 ergo
668 3581 795 3653 quia
816 3581 907 3637 ubi
936 3581 1238 3651 ignorantia
1267 3588 1350 3635 est
1367 3622 1381 3647 ,
1415 3580 1611 3634 invidia
1635 3594 1742 3634 non
1773 3579 1892 3633 est?
1920 3578 1968 3632 Α

309 3752 314 3754 _
373 3675 576 3748 justitia
597 3675 741 3731 enim
768 3673 867 3729 Dei
896 3673 1166 3743 ignoranti
1192 3671 1440 3728 doctrina
1471 3670 1728 3736 traditur;
1772 3669 1967 3724 scienti

373 3781 508 3824 vero
550 3776 606 3821 et
643 3765 1012 3822 contemnenti
1063 3764 1300 3820 dictatur
1345 3762 1635 3818 sententia.
1690 3759 1844 3816 Unde
1871 3775 1970 3829 per

378 3861 670 3916 obscurum
721 3859 1038 3927 ignorantia:
1087 3856 1368 3910 ambulans
1415 3853 1630 3920 Paulus,
1659 3851 1886 3924 putabat
1911 3865 1972 3907 se

379 3950 656 4006 inimicum
675 3947 889 4002 Domini
916 3948 998 4002 sui
1023 3946 1273 4017 persequi
1301 3964 1314 3998 :
1344 3944 1567 4000 ardebat
1596 3953 1623 3982 ι
1652 3945 1704 3998 in
1726 3959 1974 4014 persecu-

383 4039 556 4103 tione,
589 4037 715 4105 quia
753 4037 968 4107 placere
987 4037 1218 4090 Domino
1245 4036 1422 4090 bonus
1444 4034 1673 4089 famulus
1701 4034 1970 4089 studebat.

385 4126 504 4185 Non
531 4128 874 4198 quiescebat,
907 4126 1137 4193 furebat,
1168 4126 1528 4182 abundantius
1555 4126 1802 4182 omnibus
1831 4126 1974 4180 zela-

385 4227 476 4275 tor
503 4219 770 4275 exsistens
799 4226 1145 4290 paternarum
1177 4218 1546 4273 traditionum.
1595 4218 1834 4285 Quorum
1877 4233 1976 4288 pa-

385 4320 528 4372 trum
553 4328 749 4384 gerens
777 4315 992 4370 zelum?
1020 4314 1137 4369 sine
1165 4312 1329 4368 dubio
1359 4313 1609 4380 Abrahte,
1642 4321 1697 4367 et
1724 4312 1891 4378 Isaac,
1923 4322 1979 4368 et

384 4405 592 4463 Jacob?
618 4414 675 4462 et
701 4406 791 4476 qui
819 4406 1012 4460 horum
1042 4405 1216 4471 Deus;
1247 4405 1363 4460 sine
1390 4404 1554 4460 dubio
1583 4403 1743 4459 Pater
1765 4403 1977 4460 Domini

385 4496 559 4556 nostri
585 4494 714 4552 Jesu
753 4493 970 4550 Christi.
1004 4494 1146 4563 Ergo
1177 4495 1301 4550 huic
1330 4495 1546 4565 placere
1589 4495 1808 4551 studens
1833 4537 1846 4563 ,
1879 4512 1974 4567 pu-

2067 3315 2184 3387 ipse
2238 3315 2460 3371 dederat
2517 3313 2690 3382 legem
2719 3328 2880 3382 quam
2930 3312 3018 3366 ille
3066 3311 3333 3366 servabat.
3384 3306 3500 3361 Non
3529 3319 3659 3372 ergo

2071 3409 2227 3481 quasi
2246 3424 2600 3480 personarum
2631 3414 2886 3475 acceptor
2913 3391 3265 3473 apprehendit
3295 3399 3567 3453 nolentem
3607 3405 3665 3452 et

2071 3498 2200 3555 fecit
2227 3499 2522 3562 volentem,
2570 3493 2927 3566 apprehendit
2978 3491 3246 3546 infidelem
3275 3498 3331 3545 et
3382 3488 3508 3544 fecit
3538 3487 3668 3543 lide—

2072 3595 2202 3661 lem,
2236 3590 2591 3663 apprehendit
2620 3588 2891 3644 inimicum
2932 3594 2988 3640 et
3032 3583 3159 3640 fecit
3198 3583 3446 3650 amicum,
3476 3596 3669 3653 appre-

2075 3683 2266 3740 hendit
2286 3683 2486 3738 malum
2517 3689 2572 3736 et
2600 3679 2726 3736 fecit
2751 3680 2952 3734 bonum
2987 3695 2999 3731 :
3031 3677 3123 3732 sed
3153 3692 3305 3731 suum
3352 3674 3582 3739 fidelem,
3612 3682 3668 3728 et

2074 3789 2174 3844 pro
2202 3788 2262 3827 se
2291 3771 2625 3826 laborantem
2656 3770 2963 3838 alloquitur,
2996 3775 3051 3822 et
3079 3766 3206 3822 dicit
3238 3785 3249 3819 :
3285 3764 3424 3828 Quid
3443 3781 3524 3817 me
3553 3780 3670 3833 per-

2075 3867 2301 3936 sequeris
2325 3865 2459 3936 (Act.
2484 3879 2560 3928 rx,
2588 3861 2681 3931 4)?
2702 3861 2770 3914 At
2798 3861 2886 3914 ille
2925 3860 3038 3928 ipsa
3061 3858 3226 3912 verba
3255 3870 3374 3924 qua:
3412 3854 3588 3909 solent
3616 3854 3670 3908 in

2076 3957 2309 4010 obscuro
2324 3953 2428 4008 dici
2442 3953 2516 4006 ait
2535 3970 2547 4005 :
2566 3949 2697 4015 Quis
2721 3967 2795 4015 es,
2819 3949 3044 4002 Domine
3059 3947 3111 4018 (Ι
3118 3946 3249 4016 bid.)
3263 3948 3286 4000 ?
3302 3945 3632 3999 etDominus
3651 3962 3665 3998 ε

2077 4046 2192 4118 Ego
2215 4061 2327 4100 sum
2345 4044 2375 4097 J
2383 4061 2498 4099 esus
2522 4041 2833 4097 Nazarenus
2861 4057 3008 4113 quem
3040 4049 3089 4092 tu
3111 4039 3428 4110 persequeris
3459 4035 3670 4107 (lbid.).

2078 4137 2274 4193 Statim
2303 4135 2492 4201 credit,
2525 4133 2814 4202 statimque
2842 4131 3095 4186 transfert
3123 4145 3181 4186 se
3210 4144 3238 4182 a
3280 4127 3565 4200 Synagoga
3605 4124 3671 4180 ad

2079 4227 2397 4291 Ecclesiam,
2431 4242 2539 4281 non
2567 4223 2826 4280 mutando
2865 4222 3171 4288 Dominum,
3204 4220 3299 4276 sed
3350 4221 3524 4290 ipsum
3554 4233 3674 4273 esse

2082 4335 2242 4390 quem
2273 4333 2486 4388 semper
2523 4317 2690 4372 coluit
2709 4313 3068 4384 agnoscendo.
3100 4312 3217 4367 Non
3249 4312 3315 4366 ab
3336 4310 3442 4365 alio
3464 4309 3575 4364 Deo
3605 4308 3672 4362 ad

2081 4415 2307 4469 alterum
2359 4411 2530 4466 Deum
2558 4411 2846 4476 veniendo,
2895 4408 2990 4464 sed
3037 4403 3454 4463 eumdem'esse
3504 4405 3671 4460 Deum

2080 4519 2241 4574 quem
2263 4518 2476 4573 semper
2495 4502 2758 4567 coluerat,
2789 4498 3211 4570 comprobando.
3245 4497 3362 4553 Non
3391 4497 3458 4551 ab
3480 4494 3670 4550 inlide-

391 4589 540 4643 tabat
571 4602 630 4643 se
650 4586 767 4656 ejus
796 4586 1006 4656 insequi
1041 4587 1348 4652 inimicum;
1376 4602 1569 4657 passus
1591 4588 1974 4644 obscuritatem
2003 4591 2054 4652 D
2080 4595 2233 4650 litate
2261 4594 2328 4648 ad
2353 4594 2512 4649 ﬁdem
2545 4593 2830 4656 veniendo,
2864 4591 2957 4647 sed
2988 4592 3156 4661 ipsam
3185 4590 3343 4644 ﬁdem
3373 4604 3533 4657 quam
3553 4588 3676 4655 jure

389 4679 734 4736 sacerdotum
762 4693 980 4734 suorum
1001 4718 1016 4744 ,
1048 4679 1243 4748 quibus
1267 4678 1400 4747 legis
1431 4678 1626 4734 divina:
1653 4680 1880 4750 imperio
1907 4679 1972 4732 ti-

389 4767 516 4824 dem
543 4783 697 4823 suam
746 4768 1110 4824 testimonium
1155 4768 1406 4824 dantibus
1452 4769 1759 4825 exhibebat.
1790 4769 1977 4825 Omni-

390 4860 493 4916 bus
521 4866 710 4915 notum
737 4869 820 4915 est
848 4860 977 4930 quid
1006 4859 1203 4916 habeat
1228 4861 1548 4916 obscuritas.
1589 4860 1839 4932 Nunquid
1866 4877 1976 4918 non

392 4953 511 5024 ipse
539 4968 669 5008 usus
694 4969 794 5009 nos
819 4953 1023 5024 poterit
1060 4953 1290 5010 educere
1318 4955 1662 5010 obscuritatis
1690 4955 1828 5010 hanc
1860 4970 1980 5011 esse

392 5052 662 5111 naturam,
692 5051 754 5098 ut
797 5051 984 5099 notum
1031 5050 1086 5099 et
1116 5044 1376 5113 ignotum,
1407 5053 1687 5114 parentem
1721 5054 1777 5100 et
1803 5054 1983 5101 extra—

394 5148 580 5201 neum,
607 5134 781 5190 civem
802 5142 859 5189 ει
877 5135 1184 5199 barbarum,
1213 5149 1322 5188 uno
1345 5135 1510 5189 modo
1537 5143 1664 5190 ante
1691 5137 1878 5192 oculos
1905 5135 1986 5191 af-

397 5225 578 5294 ferat,
627 5226 721 5296 qui
767 5227 870 5282 nisi
911 5226 1124 5282 locutus
1170 5225 1350 5290 fuerit,
1381 5227 1502 5295 quis
1530 5227 1620 5282 ille
1666 5229 1734 5282 sit
1773 5229 1986 5299 penitus

399 5318 527 5372 sciri
556 5332 664 5374 non
693 5319 928 5388 poterit?
973 5317 1072 5374 Hic
1111 5332 1259 5388 ergo,
1290 5318 1442 5373 velut
1482 5317 1658 5375 bonus
1684 5327 1868 5376 custos
1906 5321 1989 5376 vi-

400 5426 520 5466 neas
575 5411 787 5468 Domini
833 5413 1059 5469 sabaoth
1107 5412 1299 5468 domus
1353 5411 1517 5468 Israel
1545 5455 1560 5480 ,
1615 5415 1762 5469 velut
1814 5414 1991 5472 bonus

403 5499 436 5542 ι’
475 5504 712 5571 circitor,
763 5505 1099 5575 apprehenso
1144 5505 1338 5561 baculo
1361 5546 1375 5570 ,
1428 5520 1526 5578 per
1571 5516 1790 5562 noctem
1838 5510 1991 5578 igno-

405 5597 596 5653 rantia:
646 5597 981 5664 circumibat,
1018 5605 1078 5651 ut
1120 5613 1469 5667 quoscunque
1504 5599 1768 5655 inveniret
1805 5601 1985 5672 legen-

483 5709 634 5779 fhls.
662 5707 947 5779 Augiense,
978 5708 1032 5761 in
1059 5709 1484 5779 persecutionem.

484 5777 518 5823 δ
543 5778 644 5836 Is.
675 5777 842 5847 idem,
867 5777 1133 5834 circuitor.

2081 4686 2361 4751 habuerat,
2405 4684 2748 4755 possidendo.
2777 4682 2962 4736 Justus
2990 4695 3117 4748 ergo
3157 4680 3415 4733 Dominus
3461 4693 3674 4732 servum

2083 4773 2238 4836 suum
2263 4780 2534 4848 cognovit,
2563 4777 2859 4832 secundum
2880 4774 3023 4843 quod
3048 4775 3161 4842 ipse
3185 4771 3472 4842 Apostolus
3494 4771 3562 4826 ad
3585 4770 3675 4826 Ti-

2084 4873 2360 4926 motheum
2390 4869 2518 4924 dicit
2550 4887 2563 4923 ε
2597 4868 2869 4938 Cognoscit
2892 4865 3146 4919 Dominus
3185 4866 3270 4936 qui
3299 4874 3418 4919 sunt
3457 4867 3568 4937 ejus
3609 4863 3674 4934 (ll

2089 4963 2224 5018 Tim.
2257 4973 2314 5028 ιι,
2349 4960 2457 5031 56).
2496 4959 2590 5014 His
2617 4966 2796 5012 autem
2825 4972 2962 5026 quos
2990 4956 3136 5012 videt
3162 4973 3268 5012 non
3317 4957 3556 5012 veritatis
3583 4955 3679 5010 de-

2092 5057 2353 5119 fensione,
2385 5053 2479 5107 sed
2525 5065 2677 5106 vanae
2703 5050 2888 5119 gloria:
2927 5057 2983 5104 et
3011 5049 3304 5120 cupiditate
3334 5049 3530 5117 aliqua,
3564 5045 3679 5112 ejus

2093 5163 2154 5204 se
2181 5161 2367 5203 servos
2386 5159 2504 5201 esse
2526 5144 2815 5213 jactantes,
2832 5143 3030 5198 clamat
3057 5144 3134 5198 eis
3160 5143 3342 5198 dicens
3375 5159 3387 5192 :
3422 5137 3682 5190 Discedite

2095 5259 2128 5295 a
2156 5258 2254 5306 me,
2278 5241 2399 5310 quia
2418 5256 2522 5294 non
2543 5239 2660 5294 novi
2687 5256 2774 5294 ros
2796 5236 3010 5311 (Matth.
3048 5254 3135 5302 vn,
3181 5235 3293 5304 23).
3327 5232 3523 5285 Verum
3552 5227 3697 5296 quid,

2097 5340 2301 5389 stamus
2329 5333 2381 5387 in
2410 5333 2514 5388 hoc
2534 5332 2672 5398 loco,
2697 5347 2819 5387 cum
2844 5347 2952 5385 non
2981 5329 3154 5383 solum
3178 5325 3275 5378 has
3302 5319 3522 5388 injurias
3545 5318 3684 5388 Apo-
3753 5329 3762 5338 ‘

2097 5425 2240 5482 stolo
2269 5425 2535 5495 irrogetis,
2569 5434 2626 5478 ut
2651 5423 2840 5478 dicatis
2868 5435 2991 5476 eum
3022 5416 3246 5471 invitum
3271 5417 3526 5473 tractum,
3549 5423 3677 5464 cum

2100 5516 2170 5572 ad
2190 5533 2352 5571 unam
2379 5533 2566 5573 vocem
2596 5514 2785 5583 legatis
2819 5525 2941 5565 eum
2969 5509 3036 5561 de
3064 5520 3123 5560 se
3150 5502 3418 5557 dicentem
3451 5517 3463 5553 :
3496 5499 3557 5556 Si
3585 5517 3684 5556 no-

2100 5610 2208 5664 lens
2232 5612 2326 5665 ltoc
2355 5628 2472 5682 ago,
2504 5605 2822 5677 dispensatio
2850 5600 2975 5654 mihi
2996 5596 3190 5652 credita
3205 5604 3315 5661 est;
3344 5595 3389 5650 si
3409 5603 3580 5651 autem
3597 5609 3687 5653 vo-

2169 5731 2190 5760 ⁸
2217 5719 2313 5775 Με.
2349 5720 2510 5780 idem,
2533 5714 2689 5784 ﬁdem
2718 5707 3040 5781 persequenti
