4140 6346
505 332 614 398 M5

1507 321 1880 386 ANONYIUS
1920 315 2198 380 AUCTOR
2237 313 2782 376 PBIEDESTINATI.

3697 313 3808 368 6-H

510 452 622 518 lens
642 451 737 514 hoc
765 466 881 522 ego,
913 425 1196 510 mercedem
1224 441 1423 518 accipio
1447 439 1490 510 (Ι
1511 438 1632 500 Cor.
1663 457 1736 507 rx,
1765 429 1876 512 i7).
1903 437 2100 498 Exclu-
2129 435 2182 508 Α
2207 433 2395 492 luetati
2425 436 2648 496 hominis
2673 435 2848 492 serui'.
2882 429 3003 504 Ipse
3041 431 3180 492 enim
3207 431 3306 488 scit
3341 431 3427 488 cui
3451 429 3576 504 quid
3617 433 3804 502 furiat.

511 544 624 610 [ille
657 557 782 608 eum
819 557 850 598 ει
895 536 1144 598 mercede
1197 549 1314 600 sua.
1370 543 1426 594 et
1475 533 1638 594 dicite
1675 550 1688 588 :
1723 532 1858 600 Quia
1911 530 2102 592 nolens

512 638 620 706 hoc
667 635 780 704 suis
831 634 1030 694 invitus
1079 637 1260 694 tentus
1286 667 1302 695 ,
1343 627 1544 688 invitus
1595 633 1834 692 tractus,
1887 639 1998 686 non
2044 631 2102 686 tu

514 726 725 794 curris;
755 739 932 794 neque
977 722 1124 786 enim
1161 721 1230 777 de
1253 737 1415 784 cursu
1445 727 1536 780 tuo
1567 717 1802 789 proﬁcis,
1845 722 1964 774 esto
1987 714 2101 784 jam

511 833 750 884 securus.
769 815 920 874 Scias
947 821 1022 888 te,
1055 813 1219 874 etiam
1257 812 1304 874 si
1332 811 1568 870 volueris
1584 823 1812 880 peccare
1839 822 1950 864 non
1975 821 2101 878 pos-

513 925 598 974 se.
645 907 730 974 Ad
769 909 885 974 haec
929 907 1084 964 vobis
1113 906 1229 975 ipse
1269 903 1562 975 respondet
1595 921 1606 956 :
1641 901 1754 974 Ego
1793 903 1870 958 sic
1925 916 2098 968 curro,

513 1019 620 1062 non
665 1002 814 1074 quasi
854 1001 912 1056 in
957 1000 1212 1062 incertum
1244 997 1429 1068 (Ibid.,
1461 996 1549 1067 96.)
1577 1015 1594 1064 ;
1623 1013 1716 1068 ego
1759 995 1987 1067 quotidie
2027 995 2105 1066 {e-

511 1095 670 1160 stino,
701 1101 751 1154 et
777 1093 843 1148 ad
871 1091 1104 1156 brevium
1121 1106 1357 1160 superare
1377 1089 1660 1146 uocationis
1686 1087 1937 1150 extendar
1959 1085 2105 1157 (Phi-

513 1184 644 1258 lipp.
675 1200 752 1254 in,
803 1181 914 1254 id).
945 1179 1016 1240 Et
1041 1180 1160 1238 licet
1199 1177 1331 1240 nihil
1360 1178 1488 1234 mihi
1509 1177 1744 1238 conscius
1756 1177 1874 1242 sim,
1899 1175 1990 1230 sed
2031 1183 2108 1234 ta—

517 1291 636 1336 men
664 1291 768 1334 non
793 1275 849 1336 in
891 1273 984 1330 hoc
999 1273 1322 1344 justiﬁcatus
1349 1288 1466 1328 sum
1495 1269 1538 1342 (Ι
1566 1269 1682 1324 Cor.
1717 1287 1788 1336 iv,
1817 1269 1895 1340 4).
1928 1266 2106 1324 Nolite

517 1380 694 1426 errare
724 1382 740 1430 ς
771 1363 918 1420 Deus
961 1380 1066 1420 non
1089 1362 1341 1440 irridetur
1381 1361 1524 1436 (Gal.
1565 1377 1637 1432 vr,
1672 1360 1746 1430 7).
1777 1360 1891 1430 Ego
1939 1359 2100 1432 enim,

515 1455 622 1522 nisi
642 1457 698 1522 in
711 1455 930 1526 jejuniis
957 1453 1140 1516 multis
1161 1454 1426 1520 institere,
1448 1460 1502 1510 et
1521 1467 1866 1514 maceravero
1887 1465 2104 1506 carnem

517 1561 716 1612 meam,
753 1555 810 1608 et
835 1545 1080 1608 servituti
1121 1543 1424 1610 tradidero,
1455 1545 1570 1616 ipse
1608 1543 1870 1614 reprobus
1908 1540 2109 1606 efﬁciat

521 1636 564 1710 (l
593 1637 712 1698 Cor.
737 1655 808 1710 ix,
833 1635 944 1708 27).
969 1634 1013 1692 Ο
1041 1636 1356 1704 magistrum
1383 1635 1611 1696 bonum!
1639 1651 1673 1690 o
1695 1635 1996 1708 sapientem
2021 1650 2107 1691 ar-

520 1727 828 1798 chitectum,
862 1734 917 1788 et
969 1727 1236 1792 bonorum
1284 1726 1526 1782 omnium
1571 1723 1986 1790 instructorem!
2017 1720 2108 1780 Sic

2203 523 2318 584 Nec
2343 528 2482 584 enim
2511 529 2769 588 antecedit
2811 524 3256 590 arbitriiiibertas
3285 525 3512 596 gratiam
3541 522 3672 590 Dei,
3713 523 3806 578 sed

2202 619 2460 676 antesedit
2500 622 2670 692 gratia
2699 617 2800 674 Dei
2827 614 3124 674 libertatem
3149 613 3378 672 arbitrii.
3409 613 3438 654 δ
3469 613 3596 670 Haec
3623 621 3806 670 vestra

2204 710 2406 780 scripta
2428 718 2576 776 sunt,
2605 717 2786 766 vestra
2813 717 2940 766 sunt
2968 706 3132 772 dicta,
3161 706 3306 762 veris
3351 705 3488 764 falsa
3509 706 3806 776 permixta.

2205 799 2622 870 Respondemus
2651 800 2720 856 ad
2747 799 2979 870 singula.
3003 797 3060 854 Si
3087 813 3276 860 omnes
3301 813 3442 868 quos
3479 797 3587 858 scit
3613 797 3806 866 dignos

2205 901 2384 960 vocat,
2416 907 2545 963 ergo
2589 906 2782 948 omnes
2812 889 3147 956 adsalutem
3195 888 3632 958 praedestinavit,
3681 889 3808 958 quia

2207 999 2397 1042 omnes
2441 983 2682 1054 quotidie
2721 996 2920 1040 vocare
2959 996 3066 1036 non
3115 989 3312 1042 cessat.
3339 979 3400 1038 Si
3449 981 3552 1046 hos
3597 987 3810 1038 tantum

2207 1077 2398 1144 salvat,
2431 1092 2568 1148 quos
2606 1092 2664 1134 se
2693 1075 3106 1148 praedestinasse
3133 1074 3430 1144 cognoscit,
3461 1085 3590 1142 ergo
3619 1087 3810 1128 ornares

2207 1167 2617 1240 praedestinavit
2645 1165 2710 1226 ad
2739 1165 2994 1234 salutem,
3025 1165 3148 1234 quia
3189 1164 3430 1222 omnium
3455 1162 3716 1220 Dominus
3753 1169 3814 1218 et

2209 1259 2448 1322 salvator
2473 1266 2572 1320 est.
2603 1257 2660 1314 Si
2689 1263 2835 1312 salus
2863 1257 2957 1312 Dei
2999 1270 3108 1320 non
3135 1255 3401 1314 voluntati
3439 1253 3674 1318 hominis
3711 1254 3814 1308 ob-

2215 1359 2501 1422 temperat,
2529 1350 2624 1410 sed
2649 1349 2910 1420 anticipat
2941 1347 3113 1418 gratia
3140 1345 3236 1408 Dei
3265 1346 3600 1410 voluntatem
3626 1345 3812 1406 homi—

2212 1443 2323 1516 nis;
2348 1440 2612 1500 ostendite
2637 1441 2794 1500 nobis
2807 1439 2930 1512 quis
2945 1439 3138 1512 nolens
3157 1445 3478 1500 consecutus
3503 1438 3574 1494 sit
3601 1436 3814 1510 baptis-

2215 1533 2376 1590 matis
2405 1537 2746 1588 sacrosancta
2777 1531 3052 1604 mysteria,
3076 1541 3132 1586 et
3159 1538 3346 1602 postea
3373 1530 3536 1602 cmpit
3567 1543 3668 1598 per
3691 1543 3814 1598 gra-

2215 1626 2348 1688 tiam
2371 1625 2509 1684 velle
2530 1623 2676 1693 quod
2704 1623 2904 1689 noluit;
2947 1631 3038 1684 aut
3059 1623 3180 1692 quis
3205 1637 3438 1692 unquam
3465 1621 3658 1680 nolens
3685 1635 3816 1690 ego-

2215 1717 2288 1778 rit
2309 1717 2700 1788 pmiriteiitiatn,
2725 1721 2779 1770 et
2809 1722 3000 1786 postea
3019 1729 3180 1784 quam
3209 1713 3590 1778 reconciliatus
3611 1723 3712 1782 est,
3735 1715 3816 1774 sic

520 1819 742 1884 fabricat
769 1817 1078 1894 Ecclesiam,
1104 1820 1196 1892 qui
1217 1819 1332 1880 vult
1349 1819 1656 1889 exemplum
1673 1818 1859 1880 salutis
1888 1815 2102 1882 utier-re.
2142 1823 2190 1886 Β
2215 1809 2380 1880 cmpit
2409 1817 2531 1880 post
2553 1808 2934 1876 indulgentiam
2955 1807 3236 1878 pmnitere,
3263 1807 3390 1864 Dure
3419 1807 3534 1870 isne
3561 1821 3649 1866 res
3685 1817 3814 1870 sunt

519 1912 638 1970 Non
667 1912 941 1984 resupinat
965 1913 1179 1972 animos
1207 1911 1260 1976 in
1305 1913 1450 1970 bono
1491 1927 1652 1974 cursu
1690 1918 2017 1982 satageutes,
2046 1917 2107 1965 ut

520 2012 708 2082 putent
737 2020 796 2060 se
823 2005 896 2068 ita
941 2003 1011 2066 ad
1041 2003 1210 2066 Deum
1239 2005 1553 2078 pervenire,
1585 2012 1644 2066 ut
1671 2004 1740 2060 ab
1769 2002 1962 2066 animis
1997 2003 2109 2066 suis

519 2099 710 2162 tollant
734 2098 970 2166 studium
997 2097 1244 2170 placendi
1271 2097 1407 2164 Deo,
1437 2105 1494 2154 et
1521 2097 1700 2160 dicant
1727 2115 1740 2156 :
1769 2096 1890 2154 Non
1915 2096 1964 2152 ei
1986 2096 2106 2166 pla-

519 2191 757 2256 cebimus
781 2191 848 2250 de
869 2200 1056 2252 nostro
1083 2192 1280 2258 studio,
1305 2191 1436 2262 quid
1455 2190 1766 2254 studemus?
1787 2206 1898 2248 non
1915 2190 1968 2246 ei
1993 2189 2110 2260 plar

519 2284 762 2350 eebimus
787 2283 856 2340 de
885 2291 1070 2342 nostro
1091 2299 1270 2350 cursu,
1303 2282 1430 2354 quid
1458 2283 1758 2344 currimus?
1789 2298 1898 2338 non
1921 2282 1974 2336 ei
1995 2280 2110 2352 pla-

520 2374 758 2436 cebimus
785 2375 852 2430 de
899 2383 1086 2432 nostra
1109 2376 1410 2442 voluntate,
1439 2375 1568 2444 quid
1599 2375 1880 2436 volumus?
1909 2389 2020 2430 non
2060 2373 2110 2436 ei

519 2465 852 2538 placebimus
871 2466 938 2522 de
967 2477 1152 2534 nostra
1179 2467 1480 2536 vigilantia,
1509 2468 1640 2536 quid
1662 2467 1978 2535 vigilamus?
2001 2483 2114 2530 non

521 2559 574 2626 ei
599 2559 928 2630 placebimus
970 2559 1040 2620 de.
1087 2567 1270 2616 nostra
1299 2561 1564 2626 oratione,
1595 2561 1724 2630 quid
1771 2563 2026 2628 oramus?
2067 2562 2116 2618 si

521 2643 882 2722 prmdestinati
908 2665 1092 2706 sumus
1118 2649 1190 2714 ad
1231 2651 1422 2718 vitam,
1465 2651 1690 2720 reprobi
1731 2667 1840 2706 non
1887 2652 2108 2710 erimus.

523 2737 640 2806 Hoc
681 2740 970 2796 excludens
1021 2741 1206 2798 Petrus
1252 2742 1530 2814 apOStolus
1575 2742 1774 2798 clamat
1817 2761 1830 2794 :
1875 2741 2113 2816 Vigilate,

522 2833 642 2904 quia
665 2832 989 2890 aduersarius
1017 2843 1181 2890 vester
1207 2836 1340 2890 sicut
1363 2834 1440 2890 (eo
1455 2834 1662 2908 rugiens
1691 2834 1872 2890 circuit
1895 2833 2118 2904 aliquem

523 2931 746 2982 uestrum
771 2931 1099 2980 transvorare
1129 2925 1382 2996 festinans
1411 2923 1456 2994 (Ι
1481 2923 1600 2980 Pet.
1628 2941 1680 2988 v,
1705 2923 1866 2994 8).Et
1893 2931 2116 2994 aposto-

523 3013 608 3076 lus
636 3012 830 3076 Paulus
875 3033 886 3066 :
932 3013 1112 3070 Nolite
1160 3017 1451 3074 consentire
1491 3014 1731 3084 operibus
1781 3014 2116 3086 infructuosis

526 3105 882 3172 tenebrarum;
913 3108 1080 3180 magis
1109 3116 1280 3164 autem
1296 3115 1342 3162 et
1373 3108 1664 3178 redarguite
1689 3105 1901 3180 (Epeos.
1927 3123 1976 3172 v,
2002 3106 2116 3180 ll).

2213 1901 2402 1962 salutis
2431 1902 2678 1956 humana:
2703 1899 3022 1958 sacriﬁcium
3044 1907 3100 1958 et
3117 1897 3405 1964 confessio.
3423 1897 3532 1966 Sed
3550 1907 3605 1956 et
3623 1899 3800 1960 volun-

2212 1995 2352 2056 tario
2380 1991 2746 2054 sacriﬁcamus
2771 1991 2905 2060 Deo,
2929 2001 2984 2062 et
3007 1991 3312 2056 voluntarie
3337 1991 3670 2058 conﬁtemur.
3699 1991 3793 2048 Sa-

2213 2085 2505 2152 criﬁcium,
2531 2100 2641 2156 quo
2665 2085 2926 2156 sanguine
2955 2084 3158 2142 Christi
3187 2083 3522 2152 rediminlnt‘.
3543 2091 3604 2146 et
3629 2084 3814 2146 later-is
3895 2125 3900 2130 -

2215 2177 2335 2250 ejus
2364 2177 2506 2238 unda
2535 2175 2930 2248 perfundimur;
2960 2175 3230 2244 confessio
3252 2189 3402 2242 vero.
3425 2189 3535 2246 qua
3551 2173 3788 2236 conﬂten

2218 2280 2302 2332 tes
2329 2285 2590 2336 errorem,
2631 2271 2826 2324 iterum
2871 2284 3144 2332 meremur
3187 2268 3400 2336 veniam
3444 2273 3820 2338 peccatorum.

2217 2363 2364 2436 Ergo
2391 2364 2524 2426 duas
2553 2364 2686 2420 istas
2713 2364 2952 2433 species,
2986 2379 3121 2434 quas
3155 2363 3301 2424 solas
3333 2362 3534 2424 scimus
3575 2361 3823 2422 humano

2217 2457 2406 2528 generi
2433 2471 2594 2526 posse
2641 2469 2980 2522 succurrere,
3007 2469 3144 2524 quas
3189 2454 3320 2522 dicit
3345 2464 3564 2512 sanctus
3593 2453 3822 2522 spiritus

2223 2548 2527 2610 voluntarie
2556 2543 2702 2614 ﬁeri;
2729 2546 3002 2602 videamus
3039 2553 3250 2612 utrum,
3281 2553 3342 2608 ut
3377 2559 3475 2602 vos
3502 2543 3714 2610 dicitis,
3757 2543 3822 2600 ab

2221 2642 2441 2706 homine
2477 2641 2762 2710 exigantur
2792 2639 2978 2704 invito,
3005 2653 3074 2696 an
3115 2653 3148 2694 a
3171 2637 3476 2696 voluntario
3511 2635 3816 2705 ﬂagitentui

2224 2734 2504 2802 obsequio.
2539 2732 2595 2788 Si
2616 2733 2683 2790 ab
2709 2731 2880 2796 invito
2901 2739 2957 2788 et
2979 2747 3009 2786 a
3039 2731 3276 2798 nolente,
3305 2731 3496 2788 damus
3514 2729 3671 2786 vobis
3700 2745 3816 2788 ma-

2225 2843 2346 2894 nus,
2373 2827 2601 2892 vicistis;
2623 2825 2668 2882 si
2695 2841 2728 2880 a
2757 2825 3129 2882 consentiente
3153 2832 3212 2880 et
3231 2839 3262 2886 a
3283 2822 3629 2886 desiderante
3657 2831 3820 2892 atque

2223 2918 2461 2984 volente,
2508 2933 2804 2974 consensus
2853 2917 3096 2980 veritatis
3138 2915 3286 2972 dedit
3331 2915 3485 2978 nobis
3535 2915 3819 2972 victoriam

2223 3029 2324 3084 per
2353 3014 2634 3074 Dominum
2681 3021 2924 3072 nostrum
2951 3010 3132 3070 losum
3177 3009 3472 3068 Christum.
3500 3008 3818 3070 Voluntaria

2225 3109 2370 3164 enim
2415 3104 2778 3164 sacriﬁcamus
2826 3105 2970 3172 Deo,
3016 3113 3071 3160 et
3099 3102 3419 3168 conﬁtemur
3447 3101 3652 3164 nomini
3679 3101 3817 3170 eius.

525 3193 722 3264 Nolite,
755 3197 944 3268 inquit,
978 3199 1303 3264 consentire,
1337 3197 1500 3256 Vides
1521 3213 1842 3262 consensum
1873 3207 2122 3256 nostrum
2151 3193 2199 3258 Ε
2227 3201 2486 3270 quoniam
2509 3201 2686 3256 bonus
2715 3209 2818 3258 est.
2867 3231 2872 3234 -

528 3301 690 3358 quam
720 3296 875 3344 caute
897 3287 1187 3344 informat?
1216 3287 1330 3346 Scit
1369 3289 1510 3352 enim
1541 3305 1638 3360 per
1666 3305 1988 3352 consensum
2015 3305 2118 3356 no-

525 3385 670 3444 trum
716 3395 1149 3454 unumquemque
1197 3381 1394 3450 decipi,
1437 3396 1871 3454 unumquemque
1901 3381 2115 3444 salvari.

526 3469 860 3536 ﬂorisensum
889 3481 1070 3536 autem
1098 3473 1240 3537 dico,
1273 3474 1328 3528 in
1357 3487 1463 3544 quo
1491 3474 1858 3532 consentimus
1885 3471 2130 3552 medico,

530 3562 743 3632 quinos
764 3565 930 3632 gratis
959 3581 1148 3632 curare
1176 3566 1366 3628 volens
1393 3566 1592 3626 clamat
1612 3567 1680 3624 ad
1709 3582 1808 3622 nos
1828 3562 2070 3638 qdotidie
2100 3584 2111 3619 :

537 3653 717 3716 Venite
744 3656 809 3710 ad
835 3673 914 3734 me
931 3699 946 3724 ,
976 3675 1152 3713 omnes
1173 3661 1262 3730 qui
1289 3660 1538 3722 laboratis
1565 3669 1616 3716 et
1641 3663 1842 3722 onerati
1871 3663 2022 3727 estis,
2066 3673 2118 3716 et

526 3762 619 3818 ego
649 3762 734 3812 vos
757 3748 1070 3820 remiescere
1100 3750 1527 3820 faciammath.
1563 3768 1636 3816 lu,
1666 3751 1778 3818 28).
1807 3751 1932 3808 Ideo
1961 3752 2117 3814 audis

527 3849 834 3906 vocantem,
881 3849 940 3896 ut
987 3851 1041 3898 te
1093 3843 1354 3904 exhibeas
1382 3843 1818 3913 respondentem.
1869 3843 1967 3904 Hic
2021 3846 2114 3914 qui

528 3931 724 3994 clamat
753 3941 810 3990 ut
838 3949 1026 3990 omnes
1065 3936 1134 3990 ad
1179 3949 1302 3992 eum
1329 3937 1568 4002 veniant,
1601 3937 1868 4006 ignoravit
1913 3936 2114 4000 doctri-

527 4039 649 4086 nam
677 4035 932 4090 vestram.
951 4027 1082 4084 Nam
1113 4045 1220 4090 non
1250 4028 1456 4084 diceret
1475 4047 1486 4082 :
1504 4029 1686 4090 Venite
1705 4029 1773 4084 ad
1797 4046 1878 4086 me
1903 4047 2112 4094 omnes;

525 4114 622 4174 sed
648 4114 851 4172 diceret
881 4136 892 4169 :
919 4117 1150 4174 Veniant
1180 4119 1246 4178 ad
1277 4135 1364 4174 me
1392 4120 1486 4190 qui
1509 4129 1636 4178 sunt
1657 4121 2020 4189 prmdestinati
2047 4121 2112 4176 ad

525 4206 775 4270 salutem,
807 4217 864 4262 ut
901 4210 1205 4276 salventur,
1241 4211 1494 4266 recedant
1521 4227 1554 4264 a
1585 4227 1670 4266 me
1698 4213 1790 4280 qui
1819 4223 1944 4276 sunt
1971 4228 2111 4284 prm-

526 4296 778 4362 destinati
807 4299 874 4354 ad
899 4311 1128 4358 mortem
1169 4310 1227 4358 ut
1273 4304 1582 4372 puniantur.
1614 4303 1722 4366 Sed
1749 4321 1858 4360 non
1897 4305 1970 4360 ita
2010 4313 2110 4370 est,

529 4399 590 4448 ut
617 4391 718 4464 ipsi
742 4392 966 4448 docetis.
995 4392 1166 4450 Homo
1188 4395 1352 4462 enim,
1376 4395 1420 4450 si
1441 4410 1762 4452 consensum
1790 4412 1944 4452 suum
1969 4411 2000 4450 a
2025 4412 2113 4452 vo-

526 4483 746 4538 catione
794 4483 892 4540 Dei
919 4486 1264 4560 subtraxerit,
1309 4487 1469 4556 perit.
1519 4486 1754 4544 Medicus
1794 4489 1880 4544 hic
1931 4497 2114 4544 noster

2303 3291 2430 3348 Vlli.
2468 3303 2488 3330 ο
2522 3290 2646 3346 Non
2693 3293 2768 3348 ita
2813 3299 2908 3354 est,
2941 3289 3189 3362 inquiunt
3221 3306 3233 3338 :
3285 3286 3442 3348 Vana
3465 3296 3543 3346 est
3571 3296 3622 3346 et
3645 3287 3816 3356 infru-

2223 3395 2402 3448 ctuosa
2425 3387 2659 3442 saturitas
2689 3384 2930 3448 hominis,
2961 3397 3148 3442 uanum
3174 3389 3252 3436 est
3279 3381 3522 3440 humanae
3543 3379 3814 3438 voluntatis

2221 3478 2514 3534 arbitrium.
2548 3473 2576 3522 β
2605 3475 2662 3534 Si
2695 3476 2763 3532 ad
2783 3474 3246 3546 comparationem
3271 3471 3465 3532 divina
3489 3473 3672 3541 statim
3703 3470 3812 3528 hoc

2221 3569 2490 3634 diceretis,
2521 3585 2684 3624 unum
2711 3569 3032 3626 diceremus.
3063 3565 3181 3622 Non
3229 3565 3372 3624 enim
3401 3565 3678 3624 humanam
3707 3577 3804 3616 vo—

2221 3659 2482 3718 luntatem
2529 3659 2722 3716 divinae
2771 3659 2958 3728 gratim
3001 3656 3400 3727 prmponinms:
3433 3653 3606 3714 omnia
3645 3650 3789 3704 enim

2221 3765 2344 3820 qum
2389 3752 2530 3806 bona
2578 3759 2721 3816 sunt,
2769 3767 2878 3808 non
2921 3750 3128 3806 homini
3174 3743 3503 3818 superbienti.
3543 3741 3634 3804 sed
3670 3739 3785 3800 Deo

2223 3843 2544 3903 ascribimus
2572 3841 2870 3900 miserenti.
2900 3840 3018 3898 Non
3048 3849 3228 3900 tamen
3253 3839 3364 3896 hac
3397 3835 3646 3897 dicentes,
3680 3832 3794 3888 hoc

2227 3950 2514 4006 possumus
2535 3936 2714 3992 dicere
2731 3933 2876 4003 quod
2899 3948 2995 3988 vos
3019 3941 3076 3992 et
3093 3931 3271 3988 dicitis
3289 3937 3344 3984 et
3367 3926 3592 3988 scribitis
3611 3941 3626 3978 :
3646 3921 3806 3984 Vana

2220 4027 2468 4084 voluntas
2495 4033 2578 4082 est
2602 4026 2854 4082 hominis.
2881 4024 2988 4080 Nos
3031 4032 3212 4080 autem
3253 4021 3480 4096 dicimus
3511 4036 3524 4070 :
3549 4015 3814 4076 Voluntas

2219 4119 2456 4178 hominis
2483 4133 2590 4174 non
2615 4125 2701 4174 est
2727 4133 2896 4182 vana;
2917 4116 3043 4184 quia
3069 4116 3116 4172 si
3135 4129 3274 4172 vana
3295 4119 3400 4178 est,
3421 4125 3522 4168 nec
3533 4107 3818 4180 praemittit!

2219 4219 2576 4280 consequetur
2608 4209 2788 4276 digna,
2821 4223 2922 4264 nec
2959 4207 3281 4278 supplicium
3309 4211 3548 4262 meretur
3573 4197 3818 4266 indigna-

2219 4302 2328 4360 Sed
2357 4317 2426 4356 ne
2455 4309 2566 4356 tam
2607 4300 2830 4362 hebetes
2859 4299 2992 4364 sitis,
3027 4307 3084 4360 ut
3111 4313 3182 4352 ne
3211 4293 3534 4366 negligenda
3579 4305 3686 4358 nec
3733 4306 3828 4354 atl-

2217 4395 2414 4456 diendo
2445 4395 2546 4452 ista
2573 4409 2698 4464 qua:
2727 4393 3018 4452 asserimus
3059 4390 3428 4459 cognoscatis,
3457 4389 3532 4446 ite
3557 4401 3692 4450 cum
3731 4399 3828 4444 ea-

2220 4485 2562 4548 techumenis
2585 4493 2640 4540 et
2665 4500 2786 4542 eum
2817 4483 3203 4556 pmnitentibus
3231 4480 3448 4545 vestris,
3475 4479 3544 4534 ad
3571 4479 3830 4540 omnium

523 4574 693 4642 gratis
725 4575 944 4646 quidem
975 4583 1146 4642 curat,
1177 4577 1274 4632 sed
1305 4578 1534 4648 imperat
1563 4579 1979 4648 observantiam,
2011 4581 2114 4648 Qui
2143 4565 2199 4636 υ
2223 4575 2588 4642 Ecclesiarum
2628 4572 2948 4645 pontiﬁces:
2983 4583 3040 4656 et
3077 4574 3124 4632 si
3150 4571 3394 4636 videritis
3437 4585 3534 4626 eos
3575 4569 3832 4630 uolanti-

519 4678 634 4721 non
679 4664 838 4720 fuerit
885 4666 1268 4732 salvatus,_aut
1299 4675 1583 4738 vocantem
1635 4671 2112 4740 contempsit,‘aut

525 4755 838 4816 invitantem
883 4760 1080 4826 renuit,
1109 4768 1202 4814 aut
1229 4760 1298 4816 ab
1327 4761 1412 4826 his
1450 4777 1570 4834 quae
1597 4761 1646 4816 ei
1673 4762 1942 4822 abstinere
1988 4772 2112 4832 sunt

524 4849 776 4912 mandata
801 4852 1056 4920 neglexit.
1088 4851 1205 4908 Hoc
1254 4869 1354 4910 nos
1382 4852 1612 4910 dicimus
1637 4854 1706 4922 de
1747 4855 1958 4912 medico
1985 4871 2111 4927 per-

522 4940 688 4998 l‘ecto.
719 4941 826 5002 Vos
849 4943 980 5011 quid
1002 4945 1215 5002 dicitis?
1241 4945 1416 5002 Dicite
1439 4946 1586 5016 quod
1613 4947 1772 5004 vultis
1804 4964 1819 5002 :
1852 4948 1896 5002 si
1927 4948 2110 5018 lauda-

524 5032 591 5088 tis
621 5031 908 5098 medicum,
937 5043 992 5088 et
1020 5035 1248 5106 culpatis
1275 5045 1566 5108 aegrotum,
1595 5038 1878 5100 ostenditis
1915 5039 2110 5104 medici

521 5123 852 5194 diligentiam
880 5133 936 5180 et
963 5127 1342 5195 negligentiam
1372 5130 1698 5198 aegrotantis.

593 5215 701 5280 Vll.
733 5215 850 5276 Non
881 5217 988 5274 hoc
1011 5217 1222 5284 dicitis,
1253 5218 1346 5284 sed
1375 5219 1480 5280 hoc
1525 5219 1702 5276 dicitis
1727 5221 1872 5290 quod
1901 5221 2110 5286 habetis

519 5307 574 5370 in
595 5306 819 5368 fallaciae
853 5317 1044 5374 vestra:
1071 5309 1256 5364 libello
1285 5311 1670 5382 conscriptum.
1705 5322 1728 5349 ο
1763 5313 1952 5368 Omnes
1980 5331 2108 5388 quos

518 5397 610 5454 εδει
631 5396 815 5474 dignos
842 5399 1010 5462 salute
1039 5399 1405 5472 redemptionis
1428 5418 1536 5456 sua:
1561 5401 1725 5470 Deus,
1751 5403 1843 5458 hos
1872 5404 1940 5458 ad
1966 5405 2108 5462 salu-

519 5493 622 5556 tent
643 5489 1028 5558 prwdestinavit
1041 5509 1058 5556 ;
1086 5491 1178 5546 hos
1216 5501 1420 5552 tantum
1447 5493 1634 5558 salvat,
1661 5509 1782 5561 quos
1803 5509 1856 5548 se
1880 5495 1946 5548 ad
1966 5495 2108 5552 salu-

519 5582 620 5644 tem
657 5581 1051 5658 prcedestinasse
1077 5585 1363 5656 cognoscit.
1409 5583 1568 5640 Salus
1591 5583 1729 5638 enim
1769 5583 1867 5638 Dei
1896 5603 2000 5642 non
2028 5606 2108 5646 vo-

589 5699 616 5770 ξ
645 5691 742 5770 ξε.
761 5691 1056 5770 ᾼᾳεὶεηεεὶε
1071 5694 1162 5754 1X.
1182 5695 1480 5770 ﬂagellat.
1502 5696 1698 5760 Omnes
1719 5715 1848 5770 quos
1877 5705 1994 5767 scit,
2012 5711 2118 5758 etc.

587 5757 618 5798 ι
653 5757 752 5816 Ms.
783 5757 924 5817 idem
955 5782 970 5816 :
1000 5757 1468 5822 Carnottcnﬂmc
1495 5757 1698 5830 uestra.
1729 5757 1840 5824 etc.

2215 4670 2320 4732 bus
2345 4669 2574 4737 gratiam
2601 4667 2938 4738 baptismatis
2967 4665 3200 4728 tradere.
3231 4671 3326 4722 aut
3353 4661 3684 4722 nolentibus
3713 4675 3835 4731 pro-

2217 4761 2458 4824 nitentis
2485 4761 2760 4830 imponere
2787 4773 3035 4826 manum,
3079 4757 3262 4816 sciatis
3301 4771 3402 4812 vos
3445 4769 3570 4812 esse
3637 4755 3840 4816 catho-

2215 4855 2368 4916 licos.
2395 4853 2490 4910 Sin
2515 4869 2648 4910 vero
2669 4869 2770 4910 nec
2789 4851 3125 4923 baptismatis
3151 4849 3382 4919 gratiam
3401 4848 3520 4904 ausi
3545 4857 3698 4906 sunt
3723 4857 3842 4906 trs-

2215 4945 2344 5012 dere
2369 4946 2474 5008 nisi
2501 4959 2686 5002 veram
2719 4954 2774 5000 et
2815 4945 3082 5011 integram
3109 4940 3520 5011 exploraverim
3561 4941 3842 4998 volunta-

2216 5047 2348 5105 tem.
2382 5053 2482 5096 nec
2509 5053 2726 5096 manum
2769 5039 3050 5108 imponens
3077 5035 3360 5107 pmnitenti
3389 5035 3494 5090 nisi
3525 5037 3847 5094 confessio-

2217 5144 2343 5188 nem
2391 5128 2746 5186 voluntariam
2787 5125 3112 5193 ostendenti,
3157 5125 3288 5195 quid
3341 5125 3574 5182 numiui
3639 5136 3848 5184 vestrae

2217 5222 2455 5284 vanitate
2473 5221 2690 5282 attracti
2707 5219 2882 5278 dicitis
2899 5220 3006 5276 hoc
3033 5218 3155 5276 loco
3181 5235 3194 5270 :
3219 5215 3506 5274 Anteeedit
3527 5221 3730 5286 gratia
3751 5233 3850 5276 vo-
3903 5213 3908 5216 ’

2217 5314 2516 5378 luntatem?
2543 5311 2718 5380 Major
2741 5310 2960 5381 quidem
2982 5317 3066 5370 est
3093 5309 3266 5378 gratia
3291 5308 3390 5366 Dei
3425 5323 3608 5378 quam
3641 5310 3856 5366 volun-

2215 5415 2298 5462 tas
2337 5405 2602 5470 hominis;
2625 5403 2722 5462 sod
2749 5404 2896 5473 prior
2941 5410 3026 5458 est
3053 5403 3300 5460 voluntas
3341 5401 3444 5458 hoc
3491 5400 3636 5458 loco
3679 5417 3856 5473 quam

2212 5499 2405 5568 gratia.
2425 5496 2522 5554 illa
2543 5497 2738 5560 merito
2757 5495 3029 5566 pratcedit,
3047 5496 3162 5554 hac
3179 5494 3390 5558 ordine.-
3413 5491 3552 5556 Scio
3573 5493 3702 5554 hoc
3723 5496 3856 5552 loco

2212 5603 2346 5660 quas
2366 5588 2592 5652 nebulas
2613 5587 2831 5646 soleatis
2841 5588 3218 5656 ignorantibus
3243 5586 3502 5648 excitare.
3521 5593 3592 5640 et
3625 5589 3856 5650 calum-

2303 5714 2325 5743 c
2365 5701 2462 5758 Ms.
2506 5701 2644 5756 idem
2672 5719 2684 5754 :
2718 5698 2786 5760 Χ.
2818 5699 3117 5758 Haemon.
3151 5699 3370 5756 Nonita
3393 5707 3490 5768 est,
3527 5711 3660 5758 etc.

2305 5772 2331 5810 ἀ
2369 5771 2470 5827 Ms.
2499 5773 2640 5827 idem
2667 5791 2679 5824 :
2705 5771 3012 5828 Garnoucr.
3049 5771 3112 5828 Si
3137 5771 3206 5830 ad
3225 5771 3738 5844 “unum
3761 5781 3866 5832 etc
