4140 6346
271 353 376 412 M5

721 345 1307 404 PRJEDESTINATUS
1343 345 1495 404 SIVE
1533 342 2228 402 PR‘DESTINATORUM
2272 345 2615 416 amassis,
2657 345 2810 403 ETC.
2855 347 2984 404 LIB.
3022 347 3108 402 lli.

269 469 424 524 niese
457 463 764 519 calliditatis
803 465 1013 532 ingenio
1062 465 1113 518 in
1151 465 1253 519 hac
1289 480 1423 520 voce
1463 466 1687 534 garrire.
1719 463 1858 520 Ecce
1884 471 1932 528 Α
1960 480 2060 520 nos
2098 481 2128 518 a
2157 466 2485 522 cruciatibus
2511 476 2725 524 metu»
2763 472 2955 528 montis
2981 471 3235 529 auferret.
3273 470 3543 530 Damam

271 557 452 615 dicunt
485 574 498 610 :
529 554 684 610 Prior
712 564 794 610 est
836 558 1086 612 voluntas
1132 573 1291 628 quam
1334 559 1524 627 gratia.
1554 557 1662 614 Nos
1693 559 1744 612 in
1774 559 1857 613 his

219 642 227 651 ”
263 649 476 705 duobus
505 647 638 703 locis
665 647 888 704 dicimus
914 649 1152 720 priorem
1193 650 1524 708 voluntatem
1545 665 1707 721 quam
1731 665 1856 720 gra-

267 743 417 808 tiam,
450 741 506 796 in
533 741 871 812 baptismatis
901 745 1316 810 consecutione,
1347 753 1402 801 et
1448 747 1501 800 in
1532 746 1859 816 pmnitentiaz

264 835 653 901 conversione;
685 843 745 892 ut
771 850 880 910 non
909 844 1092 892 vestro
1117 839 1348 894 consilio
1388 839 1538 896 ducti
1588 841 1853 906 homines,

264 927 526 997 incipiant
561 930 832 988 declinare
861 949 956 989 cor
975 951 1131 990 suum
1162 936 1227 990 ad
1269 935 1603 992 excusandas
1631 952 1857 993 excusa-

263 1018 444 1074 tiones
475 1021 529 1076 in
568 1025 806 1091 peccatis
836 1025 971 1097 (Pa.
1003 1043 1125 1094 cn,
1156 1026 1254 1098 4);
1286 1028 1413 1082 dum
1443 1043 1580 1083 unus
1608 1029 1736 1083 dicit
1762 1047 1773 1082 :
1800 1028 1855 1085 Si

256 1114 376 1168 vult
403 1114 563 1174 Deus.
607 1118 787 1172 veniet
815 1119 881 1174 ad
909 1135 998 1175 me
1037 1120 1366 1191 indulgentia
1398 1130 1773 1192 peccatorum;
1807 1132 1863 1179 et

257 1204 306 1259 si
329 1204 565 1261 voluerit
593 1223 680 1262 me
702 1209 756 1264 in
787 1225 1011 1266 numero
1032 1213 1208 1281 gregis
1237 1213 1319 1268 sui
1349 1212 1545 1269 addere
1591 1214 1854 1281 Christus,

257 1294 378 1352 lict.
429 1296 570 1353 Huic
615 1299 844 1357 dicimus
874 1320 887 1354 :
935 1302 1045 1358 Nisi
1073 1304 1308 1359 volueris
1336 1321 1402 1360 ex
1435 1313 1547 1361 toto
1576 1307 1739 1362 corde
1766 1315 1859 1363 tuo

261 1387 508 1456 credere,
541 1406 650 1445 non
681 1390 749 1446 ad
781 1401 834 1447 te
862 1395 1043 1449 veniet
1093 1394 1418 1465 indulgentia
1439 1437 1452 1461 ,
1484 1411 1658 1467 neque
1687 1399 1857 1466 gratia

261 1480 400 1546 haec,
435 1489 493 1536 ut
532 1483 710 1552 gregis
735 1483 901 1539 divini
930 1486 1200 1556 particeps
1230 1486 1344 1542 tias.
1375 1487 1503 1542 Item
1533 1489 1587 1542 in
1615 1489 1858 1558 peccatis

259 1561 707 1640 permanantibus
731 1573 775 1628 si
805 1574 1051 1630 dicatur:
1077 1575 1452 1633 Ptenitentiam
1479 1579 1621 1647 agite
1636 1578 1854 1649 (Matth.

259 1677 341 1730 tu,
365 1663 432 1730 ﬂ;
464 1679 533 1727 tv,
561 1664 686 1736 Π),
720 1676 746 1704 ι
777 1668 1174 1738 appropinquat
1227 1684 1445 1738 regnum
1477 1670 1604 1736 Dei;
1638 1671 1689 1724 hi
1737 1686 1857 1724 cum

1955 557 2024 612 de
2053 556 2195 626 ligno
2212 558 2390 614 crucia
2418 559 2620 628 lignum
2645 562 3115 632 concupiscentiae,
3145 564 3333 634 pandit
3350 565 3548 621 immeo

1959 647 2166 702 culatas
2193 662 2384 704 manus
2417 665 2517 720 pro
2542 653 2793 712 manibus
2825 654 3236 712 incontinenter
3275 656 3543 723 extensis;

1958 756 2059 809 pro
2105 743 2558 813 concupiscentia
2601 754 2761 813 gustu
2811 761 2935 802 esca
2987 748 3126 803 tellis
3169 749 3448 820 accipitur,
3491 758 3545 806 et

1963 849 2108 889 mors
2137 835 2256 889 vita:
2284 851 2381 905 pro
2413 837 2520 890 vita
2549 839 2740 892 mortis
2759 838 3006 896 infertur.
3031 841 3195 897 Nobis
3225 844 3368 898 enim
3400 843 3543 910 vicit,

1961 939 2070 982 non
2099 926 2219 981 sibi.
2253 925 2478 998 Semper
2505 929 2648 984 enim
2683 930 2798 999 ipse
2828 931 3300 990 victoriosissimus
3319 933 3438 1000 fuit,
3467 941 3544 988 est

1960 1027 2016 1074 et
2039 1019 2248 1075 futurus
2270 1027 2372 1074 est.
2414 1019 2520 1075 Sed
2541 1021 2666 1090 quia
2692 1037 2790 1077 nos
2815 1038 3004 1078 omnes
3033 1024 3086 1078 in
3112 1024 3282 1079 Adam
3310 1024 3544 1095 perdidi-

1960 1125 2080 1166 mus
2097 1111 2260 1166 vitam
2283 1119 2339 1165 et
2365 1111 2690 1182 paradisum,
2717 1128 2814 1182 per
2835 1110 3107 1170 Christum
3135 1123 3192 1169 et
3218 1116 3544 1185 paradisum,

1959 1212 2015 1259 et
2041 1203 2206 1258 vitam
2260 1211 2537 1270 aeternam,
2596 1212 2651 1258 et
2701 1203 3044 1274 adoptionem
3095 1203 3323 1261 ﬁliorum
3352 1206 3468 1272 Dei,
3495 1215 3546 1262 et

1959 1309 2183 1364 regnum
2227 1295 2610 1365 consequimur
2656 1296 3062 1366 sempiternum;
3114 1296 3228 1352 Hoc
3276 1298 3547 1354 loco~eum

1965 1388 2054 1457 qui
2083 1389 2214 1442 dicit
2247 1406 2259 1440 :
2294 1388 2573 1444 Antecedit
2604 1390 2849 1445 voluntas
2899 1391 3130 1446 hominis
3177 1391 3404 1459 gratiam
3431 1389 3546 1457 Dei,

1965 1493 2314 1534 exsecramur
2364 1481 2729 1536 vehementer.
2764 1481 2853 1536 Sic
2882 1491 3061 1537 tamen
3101 1496 3460 1546 exsecramur,
3494 1490 3546 1536 ut

1963 1570 2207 1624 dicamus
2231 1570 2342 1638 jam
2389 1587 2456 1625 ex
2487 1579 2728 1641 tempore
2756 1573 3021 1642 passionis
3060 1581 3116 1626 et
3141 1571 3548 1628 resurrectionis

1967 1665 2097 1718 etin
2147 1664 2316 1718 eteius
2363 1665 2710 1726 ascensionis,
2740 1681 2848 1734 quo
2887 1665 2996 1734 jam
3039 1667 3206 1732 gratia
3255 1667 3308 1719 in
3352 1662 3548 1719 mundo

255 1755 540 1809 dixerint:
569 1755 627 1810 Si
657 1757 797 1812 Deus
825 1758 1076 1828 dignatur
1103 1760 1236 1815 dare
1263 1761 1475 1816 veniam
1516 1761 1772 1831 peccatis,
1807 1761 1859 1816 in
1894 1776 1939 1834 Β
1965 1754 2155 1811 diffusa
2185 1766 2286 1819 est.
2342 1765 2398 1810 et
2435 1757 2488 1810 in
2528 1757 2734 1826 gremio
2776 1756 3026 1813 Ecclesia:
3054 1757 3165 1812 haec
3203 1758 3343 1812 dona
3372 1759 3549 1813 omnia

265 1854 540 1916 potestate
577 1847 694 1916 ejus
737 1857 849 1915 est;
899 1851 981 1905 his
1021 1852 1247 1906 dicimus
1281 1870 1292 1904 :
1328 1851 1439 1906 Nisi
1485 1852 1766 1906 volueritis
1793 1867 1861 1906 ex

269 1947 391 1996 toto
417 1941 580 1995 corde
609 1951 787 2001 vestro
809 1945 1182 2013 ptenitentiam
1205 1959 1386 2014 agere,
1427 1946 1494 2000 ad
1517 1961 1613 2000 vos
1653 1945 1746 1999 Dei
1775 1945 1860 1999 in-

264 2032 543 2101 dulgentia
572 2049 843 2102 nunquam
873 2036 1120 2103 attinget.
1135 2035 1192 2094 ln
1209 2037 1292 2091 his
1315 2049 1443 2104 ergo
1457 2037 1663 2094 duabus
1689 2036 1865 2091 causis

261 2124 533 2180 dicimus:
568 2126 851 2182 Antecedit
891 2129 1142 2183 voluntas
1189 2129 1424 2184 hominis
1473 2131 1698 2198 gratiam
1749 2130 1863 2184 Dei.

264 2215 418 2272 Hanc
444 2218 614 2288 ipsam
646 2233 832 2274 rursus
851 2220 1189 2274 voluntatem
1219 2221 1456 2275 hominis
1477 2221 1702 2275 dicimus
1721 2236 1859 2291 quo-

264 2308 430 2362 modo
453 2308 722 2362 antecedit
737 2309 910 2376 gratia
925 2308 1022 2363 Dei
1039 2326 1054 2362 :-
1069 2310 1195 2379 quia
1211 2325 1318 2366 non
1333 2311 1556 2366 haberet
1570 2311 1673 2366 hoc
1691 2311 1861 2380 ipsum

265 2401 428 2465 velle,
449 2401 548 2455 nisi
565 2399 886 2470 Unigenitus
905 2402 1080 2467 nobis,
1099 2403 1168 2457 de
1194 2403 1334 2458 coelo
1358 2403 1600 2468 veniens,
1617 2404 1864 2459 omnibus

261 2492 536 2546 ofﬁcinam
565 2508 676 2546 suae
721 2491 906 2560 gratiae
953 2502 1264 2549 resorasset.
1298 2493 1531 2549 Veniens
1559 2495 1702 2549 enim
1758 2510 1857 2564 pro

267 2584 524 2638 omnibus
552 2584 860 2639 hominibus
885 2599 1073 2655 passus
1097 2595 1199 2641 est.
1221 2585 1366 2655 Ergo
1384 2587 1488 2642 hoc
1507 2586 1697 2642 ordine
1716 2602 1854 2656 prae-

270 2675 418 2729 cedit
438 2676 608 2744 gratia
655 2676 753 2732 Dei
793 2678 1124 2733 voluntatem
1153 2679 1404 2734 hominis.
1447 2680 1599 2746 Quod
1629 2680 1748 2738 ideo
1777 2681 1855 2734 di-

265 2767 464 2832 cimus,
514 2774 572 2822 ut
617 2769 824 2824 duobus
873 2770 1139 2840 capitibus
1190 2787 1288 2826 vos
1335 2772 1702 2828 erciudamns.
1753 2772 1855 2840 Qui

268 2855 416 2914 enim
447 2859 622 2916 dicitis
655 2881 668 2914 :
700 2861 980 2918 Anteeedit
1006 2865 1177 2932 gratia
1219 2865 1570 2931 voluntatem,
1598 2867 1738 2922 bene
1765 2882 1854 2921 so-

267 2950 430 3017 natis,
464 2951 556 3006 sed
608 2953 747 3008 male
776 2954 1070 3023 percutitis.
1103 2954 1231 3010 ideo
1258 2957 1404 3011 enim
1428 2957 1606 3011 dicitis
1640 2975 1652 3008 :
1688 2957 1855 3011 Ante-

265 3041 412 3096 cedit
446 3043 618 3111 gratia
661 3043 1010 3109 voluntatem,
1046 3053 1104 3098 ut
1142 3045 1304 3101 homo
1344 3062 1446 3101 nec
1475 3046 1694 3115 incipiat
1721 3045 1858 3101 velle

267 3133 492 3199 bonum,
523 3133 618 3189 sed
643 3139 922 3205 ekspectet
967 3144 1025 3194 ut
1053 3138 1319 3202 trahatur,
1359 3146 1637 3207 exspectet
1665 3147 1725 3198 ut
1752 3154 1852 3193 no-

268 3223 388 3281 lens
416 3225 505 3280 ﬁat
531 3219 737 3292 bonus;
770 3234 826 3282 et
854 3210 972 3282 cum
1001 3228 1072 3281 sit
1117 3229 1320 3294 malus,
1349 3228 1492 3284 dicat
1532 3248 1542 3282 :
1575 3229 1719 3285 Deus
1752 3231 1854 3287 hoc

268 3318 402 3384 vult,
450 3319 577 3388 quia
628 3320 797 3388 gratia
841 3319 958 3388 ejus
1001 3319 1068 3373 ad
1107 3335 1194 3376 me
1247 3335 1354 3376 non
1383 3323 1605 3377 accedit.
1650 3322 1759 3378 Nos
1799 3325 1852 3378 in

268 3408 377 3463 ista
417 3408 539 3464 loco
567 3418 622 3464 et
650 3409 807 3464 vobis
833 3417 888 3464 et
935 3394 1010 3465 illi
1058 3411 1151 3480 qui
1197 3413 1304 3468 hoc
1342 3412 1490 3476 dicit,
1522 3414 1854 3470 occurrimus

269 3496 514 3553 dicentes
557 3516 568 3550 :
602 3498 886 3554 Antecedit
911 3501 1161 3556 voluntas
1206 3502 1438 3558 hominis
1464 3505 1690 3572 gratiam
1735 3502 1849 3560 Dei.

270 3585 390 3644 Non
429 3589 573 3643 enim
619 3589 754 3652 dixit
791 3590 1050 3647 Dominus
1083 3611 1097 3646 :
1128 3592 1417 3664 Accipietis
1454 3596 1622 3664 prius,
1677 3603 1732 3650 et
1776 3597 1855 3651 sic

272 3682 471 3753 petite;
504 3683 785 3739 invenietis
813 3685 980 3755 prius,
1011 3693 1066 3740 et
1078 3687 1166 3741 ‘sic
1183 3688 1433 3754 quasrite;
1466 3688 1740 3757 aperietur
1758 3704 1855 3743 vo-

273 3771 540 3844 bispniua,
571 3782 627 3830 et
653 3776 732 3831 sic
757 3772 998 3846 pulsate;
1029 3777 1127 3832 sed
1164 3778 1301 3832 dixit
1332 3796 1345 3830 :
1373 3777 1540 3832 Potite
1575 3788 1625 3838 et
1651 3777 1856 3832 dabitur

274 3865 434 3929 vobis,
458 3869 670 3936 quiat-ite
693 3876 744 3928 et
772 3870 1058 3934 invenietis,
1091 3853 1380 3939 pulsate.“
1417 3871 1674 3940 aperietur
1693 3868 1851 3924 vobis.

275 3955 462 4011 Omnis
490 3960 628 4010 enim
664 3961 750 4030 qui
778 3962 903 4028 petit
952 3962 1140 4031 accipit
1184 3960 1399 4032 (lauit.
1430 3978 1522 4027 vn,
1579 3962 1629 4027 Ἰ,
1661 3961 1738 4030 8).
1768 3960 1856 4016 Di-

279 4047 452 4103 cendo
479 4049 664 4114 omnis,
693 4049 1002 4116 generalem
1029 4065 1246 4110 causam
1285 4052 1532 4118 instituit,
1565 4062 1619 4106 et
1667 4053 1863 4121 praede-

279 4137 585 4193 stinationis
609 4153 720 4193 suae
739 4139 1126 4209 specialitatem
1147 4143 1376 4197 exclusit
1401 4160 1413 4196 :
1445 4151 1501 4197 et
1527 4143 1754 4198 dicendo
1775 4145 1861 4214 qui

276 4229 406 4300 petit
424 4231 630 4299 accipit,
662 4231 899 4300 priorem
926 4232 1260 4290 voluntatem
1306 4234 1557 4300 hominis,
1579 4251 1739 4304 quam
1767 4235 1864 4290 do-

273 4332 409 4374 num
430 4319 617 4388 gratia
639 4320 1046 4377 demonstravit.
1080 4321 1147 4378 Et
1174 4332 1350 4380 tamen
1384 4325 1442 4382 iit
1494 4327 1643 4396 prior
1672 4326 1860 4380 volun-

1963 1846 2156 1901 divinte
2181 1847 2368 1915 gratiae
2410 1847 2704 1914 collocata;
2735 1849 2827 1918 qui
2877 1864 2984 1903 non
3014 1849 3310 1903 cucurrerit
3347 1849 3415 1903 ad
3450 1850 3549 1905 ista

1963 1947 2113 1993 tanta
2142 1937 2282 1993 dona
2318 1938 2431 2004 Dei,
2475 1947 2533 1995 et
2567 1940 2701 2010 ipse,
2746 1955 2852 1994 non
2904 1939 3109 1994 vadens
3153 1939 3220 1993 ad
3261 1937 3550 1996 Ecclesium

1966 2030 2082 2096 Dei,
2109 2040 2388 2101 exspectet
2407 2041 2466 2086 ut
2493 2033 2559 2086 ad
2590 2035 2762 2103 ipsum
2792 2034 2970 2087 veniat
2999 2032 3238 2088 Ecclesia
3268 2032 3383 2098 Dei,
3416 2033 3550 2090 dici-

1969 2139 2087 2180 mus
2119 2125 2259 2177 hunc
2288 2125 2554 2180 insanum.
2588 2125 2645 2179 in
2687 2127 2792 2180 hoc
2820 2127 2939 2180 loco
2965 2126 3191 2180 dicimus
3217 2127 3301 2184 his
3339 2134 3394 2180 et
3435 2127 3550 2181 tali-

1968 2216 2069 2271 bus
2103 2213 2324 2269 :Gratia
2353 2214 2470 2279 Dei,
2503 2217 2705 2286 absque
2739 2231 3089 2286 personarum
3117 2217 3452 2287 acceptione,
3497 2217 3547 2272 in

1970 2306 2174 2374 gremio
2215 2314 2294 2361 est
2323 2307 2586 2362 collocata
2614 2306 2896 2372 Ecclesiae;
2941 2309 2987 2363 si
3015 2308 3136 2377 quis
3177 2324 3294 2363 eam
3326 2308 3551 2364 voluerit

1969 2414 2230 2470 quaerere,
2259 2400 2498 2467 invenit;
2529 2402 2573 2455 si
2601 2402 2721 2470 quis
2746 2402 2814 2458 ad
2856 2417 2976 2456 eam
3005 2403 3316 2474 pulsaverit,
3345 2404 3551 2474 aperie-

1972 2501 2059 2548 tur
2102 2493 2184 2559 ei;
2246 2493 2552 2549 nolentibus
2598 2503 2777 2549 autem
2802 2532 2817 2557 ,
2849 2503 2939 2549 aut
2983 2495 3162 2566 lapide
3210 2495 3548 2562 volentibus,

1971 2586 2142 2653 gratia
2219 2585 2399 2639 divina
2477 2600 2584 2639 non
2637 2586 2847 2651 datur;
2907 2586 3200 2642 secundum
3285 2588 3335 2640 id
3407 2587 3550 2657 quod

1968 2676 2242 2748 Philippus
2283 2677 2560 2748 apostolus
2627 2677 2756 2733 dicit
2816 2678 3042 2748 spadoni
3087 2697 3100 2730 :
3161 2679 3226 2732 Si
3267 2679 3432 2732 credit
3486 2695 3550 2732 ea:

1966 2777 2075 2825 toto
2097 2770 2252 2824 corde
2274 2778 2382 2836 tuo,
2406 2770 2522 2824 licet
2547 2778 2605 2822 ut
2633 2770 2910 2839 baptizari:
2939 2769 3074 2838 (Act.
3108 2785 3218 2833 vni,
3249 2767 3361 2839 ὅτ).
3394 2769 3544 2823 Velie

1969 2860 2112 2914 enim
2165 2867 2410 2913 nostrum
2460 2875 2568 2913 non
2637 2859 2863 2914 exclusit
2907 2859 3080 2926 gratia
3125 2899 3139 2923 ,
3207 2858 3301 2913 sed
3355 2859 3545 2912 incita-

1969 2949 2082 3013 vit,
2137 2957 2193 3002 et
2240 2949 2597 3002 dormientem
2645 2947 2886 3016 quotidie
2943 2948 3146 3002 excitat
3193 2948 3545 3003 voluntatem.

1965 3037 2085 3092 Jam
2113 3051 2244 3108 ergo
2272 3039 2441 3107 gratia
2462 3040 2659 3110 posita,
2683 3039 2823 3094 sicut
2850 3039 3108 3109 scriptum
3130 3047 3232 3107 est,
3273 3040 3327 3094 in
3371 3039 3547 3096 medio

1963 3139 2120 3187 terrai
2167 3133 2364 3188 clamat
2397 3152 2409 3187 :
2447 3131 2630 3188 Venite
2674 3131 2887 3204 (latglt.
2941 3149 3012 3199 ιι,
3061 3131 3178 3203 28),
3236 3133 3323 3187 hic
3369 3148 3548 3189 sermo

1961 3227 2054 3283 Dei
2083 3228 2339 3298 anticipat
2367 3189 2710 3292 venientcm‘;
2736 3189 2925 3296 petite,
2972 3226 3060 3282 hic
3086 3189 3264 3282 sermo
3294 3225 3550 3294 anticipat

1959 3320 2287 3390 petiturum;
2347 3319 2590 3390 qumrite,
2643 3318 2730 3372 hic
2767 3332 2945 3372 sermo
2992 3317 3250 3385 anticipat
3290 3316 3544 3384 quaesitu—

1959 3392 2113 3479 rum;
2173 3414 2402 3484 pulsate,
2449 3413 2537 3467 hic
2581 3426 2758 3466 sermo
2805 3409 3068 3478 anticipat
3104 3409 3455 3478 pulsaturum.
3489 3406 3549 3462 Si

1960 3505 2237 3576 qumsierit
2280 3505 2444 3558 homo
2479 3511 2535 3556 et
2575 3502 2857 3566 invenerit,
2899 3499 3086 3568 gratia:
3130 3499 3226 3553 Dei
3263 3504 3378 3563 est;
3421 3498 3545 3568 quia

1963 3596 2105 3653 Deus
2134 3595 2378 3652 invitavit
2412 3601 2471 3648 ut
2497 3606 2785 3661 quaereres,
2818 3591 2960 3645 Deus
2990 3589 3114 3644 fecit
3153 3596 3212 3644 ut
3239 3589 3542 3645 invenires:

1963 3687 2010 3739 si
2041 3701 2149 3739 non
2172 3685 2468 3753 quaesieris,
2497 3697 2596 3738 nec
2627 3683 2900 3747 invenies;
2936 3683 3040 3742 hoc
3068 3681 3222 3737 liberi
3243 3680 3448 3736 arbitrii
3473 3681 3548 3742 tui

1963 3781 2065 3830 est.
2097 3773 2324 3828 Tantam
2344 3774 2486 3828 enim
2514 3771 2679 3827 habes
2701 3771 2857 3826 liberi
2886 3771 3092 3826 arbitrii
3114 3775 3461 3839 potestatem,
3491 3775 3551 3826 ut

1964 3871 2020 3919 et
2045 3872 2329 3920 vocantem
2356 3863 2644 3924 Dominum
2665 3872 2814 3919 tuum
2832 3871 3179 3918 contemnere
3208 3861 3546 3931 pmvaleres.

1963 3956 2281 4025 Quicunque
2307 3972 2435 4026 ergo
2459 3957 2714 4022 salvatur,
2743 3956 2928 4024 gratiae
2966 3955 3060 4009 Dei
3098 3962 3202 4020 est,
3230 3954 3324 4023 qui
3350 3959 3409 4007 ut
3432 3951 3547 4007 vel-

1964 4049 2046 4104 les
2073 4049 2342 4115 instituit;
2373 4050 2466 4118 qui
2495 4055 2549 4104 et
2586 4065 2682 4119 per
2703 4048 3014 4118 prophetas,
3047 4053 3101 4101 et
3129 4061 3226 4115 per
3257 4059 3337 4108 se,
3369 4050 3426 4098 et
3452 4056 3548 4123 per

1966 4140 2241 4210 apostolos
2268 4154 2396 4196 suos
2423 4139 2664 4209 quotidie
2691 4147 2747 4194 te
2774 4140 2962 4196 invitat
3001 4145 3058 4194 ut
3081 4137 3252 4202 velis;
3285 4136 3330 4192 si
3359 4134 3542 4196 volite-

1965 4231 2040 4286 ris
2066 4239 2121 4286 et
2149 4231 2398 4296 audieris,
2421 4245 2544 4300 qua;
2571 4232 2712 4287 bona
2732 4239 2858 4287 sunt
2885 4239 3042 4286 terra:
3068 4230 3214 4288 illius
3227 4238 3430 4285 caterua
3456 4242 3546 4286 stt-.-

1963 4322 2176 4392 scipies.
2208 4320 2350 4390 Ergo
2379 4329 2434 4376 et
2459 4321 2604 4390 quod
2641 4323 2722 4377 vis
2747 4322 2844 4377 Dei
2870 4330 2971 4386 est,
3008 4329 3062 4377 et
3100 4319 3246 4391 quod
3277 4319 3418 4390 petis
3448 4317 3545 4386 Dei

273 4415 360 4468 tas
389 4409 621 4466 hominis
646 4425 809 4481 quam
830 4414 1018 4481 gratia,
1045 4413 1102 4467 tit
1128 4423 1184 4469 et
1209 4416 1358 4485 prior
1385 4416 1477 4471 Dei
1502 4419 1673 4486 gratia
1699 4432 1858 4486 quam
1892 4403 1940 4463 D
1965 4422 2065 4478 est,
2098 4420 2154 4467 et
2179 4413 2324 4482 quod
2361 4415 2710 4484 consequeris
2744 4413 2840 4472 Dei
2883 4422 2983 4480 est,
3015 4413 3138 4484 quia
3168 4413 3224 4468 in
3251 4411 3353 4472 hac
3395 4419 3548 4481 parte

272 4499 544 4556 voluntas.
578 4501 694 4558 Non
725 4503 867 4557 enim
895 4520 995 4559 nos
1016 4505 1208 4561 ivimus
1236 4506 1305 4561 ad
1332 4506 1588 4563 Sanctum
1617 4518 1860 4578 peccato-

269 4603 386 4656 res,
418 4591 514 4650 sed
540 4591 608 4646 ad
652 4601 968 4662 peccatores
993 4595 1224 4660 Sanctus
1250 4597 1492 4664 advenit;
1524 4614 1626 4655 nec
1650 4615 1748 4656 nos
1774 4616 1862 4658 ro-

269 4683 520 4754 gavimus
554 4692 612 4739 ut
640 4685 867 4751 veniret,
897 4687 992 4741 sed
1040 4704 1146 4746 non
1189 4698 1406 4758 rogatus
1434 4689 1682 4757 advenit;
1724 4699 1780 4750 et
1804 4699 1864 4748 ut

267 4775 593 4832 ascenderet
619 4775 686 4831 ad
717 4777 883 4834 Deum
903 4778 1086 4844 homo,
1115 4777 1257 4836 Deus
1283 4780 1561 4840 descendit
1589 4781 1656 4836 ad
1686 4783 1858 4840 homi-

267 4881 431 4931 nem;
463 4867 756 4928 exinanivit
807 4883 886 4934 se,
929 4878 989 4926 ut
1017 4887 1114 4934 nos
1143 4873 1403 4942 repleret;
1436 4874 1734 4934 humiliavit
1779 4890 1858 4942 se,

266 4965 340 5013 ut
364 4973 463 5021 nos
492 4958 753 5022 exultaret
775 4977 790 5025 ;
813 4959 1016 5031 pauper
1036 4962 1208 5022 factus
1226 4971 1328 5028 est,
1357 4973 1414 5020 ut
1437 4980 1536 5022 nos
1563 4965 1756 5024 divites
1785 4964 1862 5020 fa-

266 5056 456 5114 ceret;
475 5050 665 5118 esuriit
683 5050 838 5120 panis
857 5051 1028 5118 vivus,
1059 5054 1120 5110 ut
1145 5069 1243 5112 nos
1281 5054 1556 5120 reticeret;
1587 5055 1718 5120 sitiit
1744 5053 1864 5114 fons

266 5139 554 5208 perennis.
582 5147 644 5206 lii
669 5155 769 5202 eos
785 5140 965 5202 aridos
983 5141 1224 5204 ωθιωιυᾱ
1247 5151 1302 5200 et
1327 5145 1516 5208 aeterni
1540 5145 1701 5202 fontis
1721 5145 1863 5212 unda

268 5229 624 5302 Ρθῐΐωιιίὶθεβι
652 5249 665 5285 :
700 5240 878 5298 tentus
904 5242 1006 5301 est,
1039 5243 1100 5294 ut
1139 5251 1238 5300 nos
1265 5235 1690 5306 dimitteremur;
1734 5238 1864 5308 liga-

267 5331 367 5382 tus
395 5331 494 5392 est,
526 5332 586 5388 ut
613 5339 712 5390 nos
739 5325 1108 5394 salvaretur;
1138 5328 1387 5386 venditus
1414 5336 1516 5395 est,
1549 5337 1608 5386 ut
1634 5345 1735 5388 nos
1771 5345 1860 5388 re-

269 5413 537 5482 dimeret;
561 5416 801 5485 spineam
828 5433 1084 5473 coronam
1111 5420 1319 5490 accepit
1349 5420 1402 5474 in
1430 5423 1625 5492 capite,
1661 5431 1721 5477 ut
1749 5422 1861 5492 spi-

275 5521 381 5562 nas
408 5517 464 5562 et
489 5509 718 5565 tribulos
750 5511 936 5579 prima!
960 5511 1351 5570 maledictionis
1379 5515 1638 5588 eriperet;
1669 5531 1866 5588 exspo-

275 5597 444 5672 ιὶειμιβ
465 5606 570 5685 est;
592 5606 654 5672 ut
678 5596 780 5672 nos
804 5599 1052 5669 vestiret;
1082 5601 1137 5672 in
1179 5617 1338 5672 cruce
1365 5619 1655 5676 suspensus
1682 5612 1782 5675 est.
1805 5615 1867 5662 ιιι

360 5778 391 5811 ⁸
424 5767 528 5828 Is.
557 5770 849 5842 Angiensc,
875 5771 1314 5844 appropinquabit
1333 5775 1495 5830 enim

1960 4504 2216 4574 anticipat
2242 4506 2414 4574 gratia
2434 4507 2792 4564 voluntatem.
2815 4505 3063 4564 Nescires
3078 4506 3222 4566 enim
3241 4503 3370 4574 quid
3394 4502 3546 4568 velis.

1962 4598 2063 4653 nisi
2093 4605 2144 4653 te
2172 4599 2288 4668 ipse
2315 4607 2370 4655 et
2391 4614 2489 4670 per
2516 4615 2575 4656 se
2597 4609 2652 4655 et
2676 4615 2773 4670 per
2799 4615 2925 4656 suos
2963 4605 3202 4663 vocaret,
3227 4605 3284 4653 ct
3311 4604 3370 4652 ut
3395 4603 3550 4665 pete-

1963 4705 2074 4755 res,
2103 4698 2158 4745 et
2203 4691 2437 4760 qualiter
2473 4700 2708 4762 peteres,
2761 4691 3033 4748 edoceret.
3084 4689 3142 4746 Si
3181 4689 3254 4744 ita
3292 4695 3394 4750 cat,
3423 4684 3548 4753 quid

1961 4799 2106 4840 nunc
2135 4783 2391 4842 faciemus
2416 4785 2484 4841 de
2517 4793 2572 4840 te
2599 4785 2693 4854 qui
2730 4799 2838 4839 non
2871 4784 3056 4853 petis?
3083 4781 3226 4836 Deus
3258 4786 3313 4838 te
3341 4777 3543 4846 noluit,

1959 4884 2056 4931 aut
2083 4883 2142 4930 tu
2168 4876 2387 4932 noluisti
2433 4877 2643 4932 Deum?
2688 4875 2828 4930 Deus
2876 4883 2932 4928 te
2973 4872 3148 4930 noluit
3174 4872 3377 4934 bonum
3421 4885 3552 4942 ope-

1962 4967 2092 5030 rari,
2125 4973 2217 5023 aut
2251 4975 2310 5022 tu
2341 4966 2560 5024 noluisti
2609 4967 2812 5022 bonum
2857 4965 3120 5034 operari?
3158 4963 3300 5028 Deus
3345 4971 3400 5019 te
3449 4979 3548 5020 no-

1969 5057 2066 5114 luit
2093 5072 2215 5115 esse
2237 5058 2462 5128 justum,
2492 5066 2584 5114 aut
2612 5067 2670 5112 tu
2705 5057 2922 5117 noluisti
2951 5074 3068 5118 esse
3091 5057 3314 5128 justus?
3341 5056 3469 5114 ideo
3498 5062 3552 5112 te

1963 5147 2257 5218 interrogo,
2308 5165 2342 5205 o
2391 5150 2727 5208 sanctissime
2769 5149 3194 5221 pmdestinator,
3247 5158 3304 5214 ut
3328 5161 3493 5212 unum
3521 5159 3551 5206 6

1964 5237 2174 5300 duobus
2212 5238 2398 5300 facias.
2465 5243 2570 5300 Aut
2623 5243 2768 5300 enim
2821 5242 3078 5308 fateberis
3134 5250 3187 5295 te
3233 5237 3404 5301 vinci,
3461 5240 3552 5288 aut

1967 5329 2137 5388 Deum
2188 5333 2566 5406 blasphemare
2606 5337 2961 5398 convinceris.
3002 5334 3060 5388 Si
3110 5332 3252 5388 enim
3289 5325 3554 5398 permittis

1970 5432 2024 5480 te
2050 5425 2211 5492 vinci,
2243 5426 2328 5481 dic
2357 5427 2636 5483 nobiscum
2669 5446 2682 5480 :
2711 5427 2885 5482 Homo
2913 5425 3084 5478 noluit
3111 5423 3332 5481 bonum,
3357 5424 3411 5470 et
3431 5414 3554 5469 idae

1971 5516 2144 5572 malus
2173 5526 2285 5586 est;
2317 5519 2443 5590 quia
2471 5521 2518 5576 si
2563 5519 2795 5584 voluerit
2817 5521 3001 5584 petere
3029 5509 3241 5565 dabitur
3283 5507 3334 5561 ei
3382 5505 3553 5579 gratia

1971 5607 2089 5667 Dei.
2119 5609 2256 5668 Cum
2275 5612 2382 5669 hoc
2408 5611 2626 5677 dixeris.
2665 5609 2761 5672 das
2784 5619 2975 5672 manus
3001 5599 3343 5670 fraternitati,
3378 5606 3433 5662 et
3458 5613 3552 5674 pel
