4140 6346
605 317 708 374 6ιῖ

1609 310 1984 368 ANONYMUS
2021 309 2296 368 AUCTOR
2336 306 2877 365 PRIEDESTINATI.

3793 307 3902 366 648

604 433 964 491 reverentiam
995 440 1048 488 te
1075 431 1273 488 Deitati
1307 431 1591 488 concilias.
1633 431 1691 487 Si
1719 440 1902 488 autem
1941 431 2144 488 dixeris“
2182 449 2196 484 :
2228 441 2275 497 Α
2305 427 2332 467 ά
2373 427 2514 496 Quid
2556 437 2738 486 autem
2779 444 2926 484 nunc
2970 428 3116 486 dicat
3157 427 3296 486 liber
3339 416 3760 489 Pradestinatus
3799 445 3901 486 au,-

603 523 731 584 ldeo
756 525 927 580 malus
947 531 1050 592 est,
1081 525 1208 593 quia
1225 523 1369 580 Deus
1395 524 1500 580 hoc
1527 523 1718 591 voluit,
1747 539 1855 580 non
1883 523 2009 595 quia
2032 523 2195 578 homo

604 619 810 684 noluit,
844 616 1090 689 probaris
1115 616 1519 688 blasphemasse
1557 615 1749 684 Deum,
1794 630 1956 685 quem
1997 613 2193 669 malum

602 710 742 765 velle
785 707 1090 775 conﬁrmas,
1132 717 1188 764 et
1234 724 1458 766 necesse
1486 710 1592 764 erit
1628 717 1689 764 ut
1732 709 2194 778 blasphemantem

602 801 772 858 Deum
820 801 1238 857 anathematizet
1285 799 1548 858 Ecclesia.

673 894 763 949 IX.
807 894 1056 950 Dicamus
1079 910 1222 950 nunc
1246 909 1365 964 quae
1393 903 1690 964 sequuntur
1719 894 1840 948 libri
1871 893 2034 947 vestri
2064 891 2195 946 falsa

601 995 928 1044 commenta.
955 995 978 1022 ει
1010 985 1168 1039 Errat
1198 987 1284 1057 qui
1312 1003 1367 1040 se
1394 994 1542 1056 putat
1563 984 1782 1040 valendo
1813 983 2001 1037 bonum
2022 999 2198 1053 perite-

601 1081 716 1134 nire
743 1078 811 1131 ad
840 1075 1122 1142 Christum,
1155 1093 1270 1130 cum
1295 1078 1404 1148 ipse
1432 1075 1670 1130 Christus
1690 1076 1830 1130 dicat
1858 1093 1874 1129 :
1909 1073 2080 1129 Nemo
2109 1092 2196 1129 ve-

600 1171 677 1226 nit
703 1171 771 1226 ad
801 1187 900 1232 me,
932 1170 1035 1223 nisi
1065 1185 1217 1241 quem
1245 1167 1408 1222 Pater
1433 1169 1709 1222 attraxerit
1746 1166 1925 1239 (Joan.
1969 1183 2038 1233 γι,
2079 1165 2196 1236 44).

605 1261 708 1326 Qui
731 1262 915 1316 melius
938 1278 971 1314 a
986 1260 1190 1314 Christo
1211 1261 1417 1331 sapitis,
1439 1260 1594 1313 dicite
1615 1261 1660 1314 si
1688 1260 1928 1313 mentitus
1943 1267 2017 1314 est
2047 1258 2199 1312 Chri-

600 1362 732 1420 stus,
761 1364 810 1406 et
830 1354 904 1406 ita
933 1353 1139 1406 demum
1166 1353 1382 1405 asserite
1411 1368 1506 1406 nos
1535 1361 1713 1406 contra
1741 1349 1934 1404 Christi
1965 1351 2199 1422 regulam

599 1448 757 1502 istam
784 1444 812 1483 ι)
841 1445 1022 1515 fixisse
1057 1445 1385 1498 sententiam.
1425 1443 1487 1498 Si
1522 1444 1663 1496 enim
1689 1459 1861 1496 verum
1889 1443 2022 1496 dixit
2057 1440 2200 1496 Chri-

598 1547 742 1603 stus,
786 1554 888 1592 non
959 1537 1238 1590 mentimur
1303 1535 1438 1606 quod
1500 1534 1720 1588 dicimus
1802 1533 2198 1604 praedestinatos

602 1630 738 1684 trahi
789 1629 856 1682 ad
905 1630 1087 1694 vitam,
1150 1629 1271 1698 quia
1321 1629 1424 1682 vita
1479 1627 1588 1697 ipse
1629 1635 1727 1681 est.
1765 1637 1784 1665 ο
1813 1626 1930 1682 Non
1977 1635 2060 1681 est
2102 1642 2200 1682 no-

599 1734 725 1776 vum
799 1721 947 1776 vocis
993 1734 1128 1775 sono
1177 1718 1351 1788 decipi
1403 1734 1561 1789 posse
1623 1718 1833 1773 stultos.
1887 1715 1977 1772 Sic
2033 1732 2202 1773 vanus

2297 521 2431 577 dite.

2369 613 2435 669 Χ.
2482 611 2633 679 Quod
2659 615 2707 670 si
2727 622 2978 688 aggravat
3004 631 3092 670 vos
3112 614 3188 670 vis
3221 615 3502 671 testimonii
3517 616 3825 689 evangelici,
3851 623 3901 669 et

2297 723 2402 762 non
2430 707 2643 778 potestis
2675 702 2951 778 agg'ravati
2987 706 3217 778 pondere
3259 708 3530 763 sententia
3574 705 3724 763 nobis
3772 707 3900 762 dare

2297 816 2602 870 responsum
2623 841 2638 864 ,
2687 799 2872 853 saltem
2916 800 3152 870 Apostoli
3199 799 3348 854 nobis
3376 800 3657 872 explanate
3683 807 3900 854 senten-

2299 892 2446 954 tiam,
2479 892 2566 963 qui
2592 891 2719 944 dicit
2748 907 2766 944 :
2798 889 2923 946 Non
2944 898 3018 944 est
3043 890 3259 945 volentis
3286 907 3447 961 neque
3491 891 3773 957 currentis,
3806 890 3899 946 sed

2298 985 2584 1039 miserentis
2605 993 2680 1038 est
2699 982 2797 1038 Dei
2818 982 2996 1055 (Rom.
3022 1001 3094 1050 rx,
3121 983 3230 1053 lli).
3258 993 3282 1022 ο
3312 983 3421 1040 Nos
3440 992 3495 1040 et
3524 983 3898 1054 evangelicum

2301 1076 2668 1132 testimonium
2713 1075 2857 1130 veris
2901 1075 3290 1131 assertionibus
3323 1074 3343 1114 ⁸
3375 1075 3790 1143 declaravimus,
3845 1083 3900 1131 et

2299 1167 2459 1222 istam
2486 1167 2631 1223 beati
2660 1165 2812 1222 Pauli
2840 1168 3163 1222 sententiam
3205 1167 3443 1223 evidenti
3486 1167 3901 1223 maniiestamus

2301 1257 2581 1313 instinctu.
2613 1255 2768 1313 Prius
2814 1265 2995 1313 tamen
3025 1266 3265 1313 vestrum
3305 1273 3525 1313 sensum
3567 1258 3900 1328 delegimus,

2302 1359 2359 1405 ut
2387 1366 2482 1405 cur
2522 1366 2553 1404 a
2596 1351 2749 1406 vobis
2788 1359 3117 1422 usurpentur
3162 1357 3346 1406 sancta
3394 1351 3706 1407 testimonia
3745 1351 3903 1406 dete-

2301 1452 2530 1504 stentur.
2551 1444 2727 1499 Vultis
2754 1444 2898 1500 enim
2921 1452 2980 1498 ut
3004 1459 3164 1500 nemo
3194 1443 3322 1500 velit
3347 1445 3570 1513 bonum,
3585 1460 3750 1501 nemo
3771 1459 3902 1499 cur-

2302 1547 2384 1594 rat
2412 1539 2478 1594 ad
2504 1539 2724 1606 bonum,
2747 1538 2843 1594 sed
2867 1537 3012 1593 dicat
3034 1538 3089 1592 in
3117 1538 3278 1594 corde
3316 1554 3415 1594 suo
3440 1556 3453 1592 :
3485 1538 3901 1606 Quantumcun-

2301 1645 2407 1700 que
2452 1630 2647 1697 velim,
2688 1638 3166 1699 quantumcunque
3213 1645 3425 1684 curram
3450 1669 3465 1695 ,
3512 1630 3648 1685 nihil
3696 1629 3898 1701 poterit

2302 1722 2559 1794 prodesse
2586 1721 2808 1787 volenti,
2831 1721 2964 1776 nihil
2989 1721 3191 1791 poterit
3210 1721 3466 1791 prodesse
3491 1721 3751 1777 currenti.
3777 1719 3895 1779 Non

601 1815 780 1878 Arius,
803 1823 1020 1871 secutus
1045 1815 1192 1870 vocis
1217 1829 1450 1879 sonum;
1482 1813 1612 1868 dicit
1657 1811 1795 1868 Filio
1826 1810 2043 1867 Patrem
2078 1811 2195 1882 ejus
2224 1821 2274 1883 Β
2298 1825 2382 1873 est
2409 1816 2553 1872 enim
2593 1815 2828 1871 volentis
2864 1829 3042 1884 neque
3087 1815 3354 1870 currentis
3375 1856 3390 1881 ,
3440 1813 3534 1870 sed
3584 1814 3892 1870 miserentis

598 1922 720 1962 esse
748 1906 1032 1976 majorem.
1065 1905 1132 1960 Et
1160 1906 1264 1961 hoc
1290 1905 1421 1960 dicit
1454 1905 1628 1971 nobis,
1659 1903 1806 1974 quod
1843 1903 2020 1960 dicitis
2046 1918 2144 1959 vos
2176 1921 2188 1956 :

597 1997 656 2054 Si
686 1997 786 2068 ipsi
818 1998 927 2052 lilio
967 1997 1204 2061 creditis,
1233 1998 1408 2066 ipsum
1455 1995 1654 2051 audite.
1703 1993 1844 2056 Dicit
1890 1995 2032 2051 enim
2070 1995 2192 2068 quia

597 2089 762 2147 Pater
786 2090 954 2162 major
982 2100 1063 2144 me
1091 2097 1167 2144 est
1197 2088 1376 2160 (Joan.
1411 2105 1520 2154 xxv,
1547 2087 1662 2158 28).
1693 2086 1854 2143 Vocis
1879 2103 2074 2143 sonum
2100 2087 2193 2157 qui

597 2182 844 2250 attendit,
898 2183 1038 2238 sicut
1065 2181 1387 2238 Arianorum
1416 2181 1630 2244 haeresi,
1673 2180 1751 2236 sic
1772 2178 2191 2236 Przedestinato-

597 2287 716 2331 rum
737 2274 961 2329 vanitati
989 2273 1350 2343 coniungitur.
1374 2272 1504 2340 Quis
1532 2273 1675 2328 enim
1707 2273 1912 2328 nesciat
1935 2289 2045 2328 non
2066 2288 2192 2343 pos-

597 2383 660 2424 se
674 2367 858 2422 venire
871 2365 938 2420 ad
951 2365 1165 2430 Filium,
1186 2367 1287 2420 nisi
1307 2381 1468 2434 quem
1486 2373 1640 2436 pater
1651 2365 1972 2420 attraxerit?
1989 2364 2191 2420 Tamen

599 2467 727 2514 ante
769 2473 932 2527 quam
962 2457 1066 2512 loci
1105 2457 1258 2512 istius
1286 2457 1558 2512 occultum
1596 2457 1912 2528 mysterium
1954 2473 2052 2527 per
2091 2472 2191 2511 nos

599 2549 860 2607 Dominus
873 2548 1197 2614 manifestet,
1225 2563 1444 2604 sensum
1463 2557 1703 2604 vestrum
1725 2548 2040 2616 delegimus.
2063 2546 2190 2603 Ideo

601 2643 746 2700 enim
774 2642 951 2698 dicitis
974 2642 1077 2696 hoc
1105 2641 1494 2705 testimonium,
1547 2648 1605 2694 ut
1643 2639 1822 2697 nullus
1859 2639 2061 2695 monita
2104 2655 2191 2694 sa-

599 2734 878 2793 cerdotum
907 2733 1146 2790 studiosa
1173 2742 1309 2789 'aure
1337 2732 1613 2802 suscipiat,
1655 2731 1834 2787 nullus
1881 2730 2096 2787 festinet
2123 2731 2191 2786 ad

599 2830 786 2890 matris
811 2828 1066 2885 Ecclesiae
1089 2828 1372 2896 gremium,
1398 2835 1453 2881 et
1481 2826 1710 2881 duorum
1743 2832 2188 2881 testamentorum

606 2921 851 2977 aberibus
891 2920 1194 2985 coalescat;
1246 2933 1436 2974 omnes
1479 2916 1688 2986 fugiant
1721 2917 1939 2972 domum
1984 2915 2102 2982 Dei,
2134 2924 2190 2970 et

614 3014 722 3082 luis
751 3011 818 3066 ad
846 3012 991 3082 quod
1018 3011 1250 3067 voluerit
1291 3010 1480 3078 vitium
1521 3017 1835 3080 occupetur,
1871 3016 2190 3078 exspectans

613 3102 820 3176 (nando
850 3104 1028 3157 mittat
1053 3118 1270 3158 manum
1275 3111 1445 3198 pater
1473 3101 1540 3157 de
1569 3101 1738 3168 coelis,
1769 3110 1828 3156 ut
1855 3117 1978 3156 eum
2009 3101 2188 3156 trahat

605 3195 826 3256 ,nvitum
874 3201 930 3249 et
956 3194 1229 3249 nolentem
1256 3191 1419 3262 a'tque
1459 3191 1934 3258 contradicentem,
1981 3201 2037 3246 et
2082 3207 2190 3247 non

601 3286 1033 3343 consentientem
1077 3285 1242 3341 faciat
1287 3286 1518 3342 electum
1549 3293 1604 3340 et
1649 3292 1911 3340 sanctum.
1945 3283 2072 3339 Haec
2100 3298 2192 3340 ve-

598 3387 708 3436 stra
737 3379 985 3441 assertio,
1015 3384 1363 3447 vestrumque
1391 3376 1813 3446 deprehenditur
1838 3375 2051 3444 dogma.
2083 3376 2192 3432 Nos

598 3479 780 3527 autem
822 3469 1051 3546 dicimus
1121 3469 1267 3539 quod
1321 3471 1566 3539 quamvis
1625 3472 1933 3539 quicunque
1975 3479 2191 3526 sanctus

598 3563 700 3630 sit,
760 3564 851 3619 ille
897 3564 967 3618 sit
1017 3563 1333 3634 apostolus,
1389 3563 1478 3619 ille
1524 3564 1595 3618 sit
1633 3571 1876 3635 martyr,
1917 3563 2006 3619 ille
2058 3579 2189 3634 pro-

597 3656 761 3729 pheta
807 3655 908 3722 sit,
941 3655 1031 3710 ille
1070 3657 1140 3710 sit
1169 3655 1376 3724 justus,
1431 3656 1572 3711 vires
1600 3667 1714 3711 non
1737 3656 1901 3711 habet
1943 3657 2191 3726 proprias

595 3754 656 3802 ut
683 3746 750 3802 ad
778 3743 1048 3802 Christum
1078 3746 1349 3802 ascendat.
1378 3746 1559 3807 (Solus
1605 3748 1749 3802 enim
1797 3748 2056 3803 Dominus
2091 3764 2190 3804 sua

595 3839 790 3895 virtute
817 3855 916 3910 pro
944 3853 1040 3894 sua
1071 3838 1282 3894 Deitate
1311 3838 1552 3894 ascendit
1582 3839 1634 3892 in
1684 3839 1852 3904 caelos
1873 3881 1886 3905 ,
1939 3848 1994 3894 et
2040 3840 2191 3896 sedet

594 3928 662 3986 ad
689 3929 968 3985 dexteram
1009 3927 1204 3984 Patris.
1238 3927 1494 3996 Quamvis
1520 3943 1651 3998 ergo
1681 3930 1910 4000 quisque
1953 3931 2024 3985 sit
2065 3946 2190 3986 san-

593 4031 730 4100 ctus,
761 4023 1006 4093 quamvis
1032 4025 1236 4078 amicus
1265 4023 1359 4078 Dei
1390 4024 1476 4090 sit,
1511 4039 1619 4078 non
1645 4025 1808 4088 habet
1830 4025 1971 4080 vires
2000 4040 2188 4080 ascen-

593 4115 753 4172 dendi
775 4117 828 4171 in
853 4117 1040 4173 caelos.
1067 4117 1135 4170 Et
1159 4117 1284 4186 quia
1314 4117 1480 4172 Filius
1501 4118 1632 4173 dicit
1660 4117 1808 4172 Patri
1842 4137 1852 4171 :
1887 4118 2052 4173 Pater
2073 4123 2186 4174 volo

591 4216 648 4262 ut
676 4207 766 4260 ubi
792 4223 924 4273 sum,
965 4215 1015 4261 et
1058 4209 1147 4260 isti
1176 4210 1280 4261 sint
1328 4224 1527 4261 mecum
1557 4207 1739 4279 (Joan.
1773 4225 1898 4272 xvn,
1934 4209 2042 4279 14),
2087 4225 2184 4265 ex-

591 4300 824 4372 planans
849 4300 1192 4356 concordiam
1222 4299 1446 4355 Deitatis
1473 4301 1549 4354 ait
1573 4319 1584 4353 :
1621 4299 1792 4355 Nemo
1817 4305 1953 4356 venit
1983 4304 2053 4355 ad
2081 4319 2180 4370 me,

591 4389 648 4448 id
675 4399 758 4446 est
783 4391 982 4446 virtute
1010 4406 1105 4446 sua
1133 4405 1292 4447 nemo
1323 4398 1502 4463 potest
1529 4392 1714 4447 venire
1743 4393 1809 4447 ad
1831 4408 1935 4448 me.
1962 4393 2077 4448 Non
2101 4402 2185 4449 est

592 4487 739 4543 enim
767 4487 1037 4542 sanctitati
1064 4487 1298 4541 hominis
1326 4487 1582 4556 possibile
1612 4487 1936 4544 ascendendi
1970 4489 2038 4542 ad
2063 4505 2178 4556 me,

2297 1919 2380 1967 est
2402 1909 2527 1980 Dei.
2559 1907 2670 1964 Nos
2697 1915 2876 1962 autem
2903 1906 3194 1961 asserimus
3220 1906 3492 1961 neminem
3520 1906 3752 1975 gratiam
3798 1905 3891 1962 Dei

2295 2002 2591 2073 consequi,
2639 2001 2741 2056 nisi
2782 2000 2876 2068 qui
2919 2013 2988 2054 ex
3033 1996 3138 2054 ﬁde
3183 1997 3480 2054 cucurrerit
3512 2015 3525 2050 :
3557 2012 3721 2067 quam
3764 1997 3887 2052 dum

2295 2096 2456 2152 fuerit
2477 2101 2816 2158 consecutus,
2841 2090 3084 2162 Aposmli
3106 2090 3324 2146 monitis
3343 2089 3660 2161 prohibetur
3677 2089 3884 2144 extolli.

2294 2189 2412 2245 Non
2437 2189 2582 2243 enim
2623 2183 2917 2242 secundum
2964 2197 3180 2238 cursum
3218 2191 3275 2238 et
3315 2179 3606 2238 secundum
3635 2181 3882 2236 volunta-

2294 2289 2404 2336 tem
2429 2296 2602 2344 suam,
2633 2277 2842 2348 accepit
2868 2277 3098 2346 gratiam
3127 2274 3243 2330 Dei.
3291 2271 3494 2329 Cursus
3532 2272 3670 2328 enim
3699 2279 3758 2328 et
3785 2287 3878 2327 vo-

2293 2374 2472 2428 luntas
2501 2372 2638 2442 ejus,
2670 2370 2917 2441 quamvis
2946 2371 3001 2425 in
3029 2382 3225 2438 magno
3253 2368 3381 2434 sint,
3416 2366 3647 2438 quamvis
3669 2365 3726 2419 in
3756 2381 3870 2419 am-

2292 2465 2383 2537 plo
2413 2465 2538 2530 sint,
2571 2472 2754 2518 tamen
2774 2477 3082 2518 mensuram
3111 2461 3346 2526 habent,
3380 2459 3479 2516 Dei
3505 2468 3672 2514 autem
3699 2459 3873 2529 gratia

2293 2573 2600 2615 mensuram
2631 2573 2739 2612 non
2766 2557 2949 2612 habet.
2976 2554 3045 2610 Et
3084 2555 3226 2621 ideo,
3258 2554 3384 2609 dum
3426 2554 3588 2609 etiam
3630 2552 3696 2607 ad
3726 2568 3880 2608 coro-

2294 2667 2418 2706 nam
2449 2649 2758 2720 pervenerit
2799 2649 2995 2717 justus,
3046 2662 3155 2702 non
3202 2645 3535 2716 permittitur
3576 2645 3633 2698 in
3666 2659 3770 2698 sua
3798 2660 3880 2698 co-

2291 2759 2425 2800 rona
2447 2742 2650 2798 extolli.
2677 2741 2815 2797 Dicit
2840 2742 2984 2796 enim
3000 2739 3234 2810 Spiritus
3257 2745 3482 2794 sanctus
3505 2756 3519 2790 :
3547 2734 3647 2802 Qui
3671 2747 3881 2792 coronat

2291 2847 2358 2903 te,
2392 2852 2498 2891 non
2529 2836 2582 2888 in
2611 2835 2806 2889 merito
2836 2841 2950 2898 tuo,
2983 2831 3078 2887 sed
3105 2833 3160 2886 in
3189 2829 3554 2886 misericordia
3583 2847 3678 2884 sua
3716 2841 3767 2884 et
3791 2832 3881 2883 mi-

2291 2929 2552 2984 seratione
2581 2943 2676 2981 sua
2709 2925 2829 2998 (Ps.
2861 2941 2951 2992 cu,
2983 2923 3061 2996 4).
3097 2922 3253 2979 Unde
3279 2931 3336 2978 et
3375 2923 3670 2992 Apostolus
3707 2941 3721 2976 :
3757 2922 3883 2987 Quid

2298 3022 2478 3087 habes,
2513 3021 2707 3090 inquit,
2733 3019 2870 3092 quod
2890 3035 2995 3074 non
3016 3017 3303 3088 accepisti?
3334 3014 3485 3081 Quod
3530 3018 3576 3070 si
3623 3016 3884 3086 accepisti,

2289 3113 2414 3184 quid
2436 3112 2678 3184 gloriaris
2705 3111 2851 3183 quasi
2877 3126 2983 3164 non
3012 3109 3276 3179 acceperis
3304 3107 3348 3179 (ι
3376 3105 3587 3174 Cor.lv,
3623 3106 3720 3177 7)?
3755 3105 3886 3175 Ergo

2219 3199 2267 3264 C
2296 3220 2512 3260 cursum
2540 3219 2696 3259 suum
2723 3211 2779 3258 et
2806 3202 3140 3258 voluntatem
3168 3215 3322 3255 suam
3368 3199 3437 3253 ad
3476 3200 3583 3255 hoc
3628 3197 3884 3260 extendit,

2298 3306 2358 3352 ut
2385 3297 2654 3367 acciperet
2678 3311 2710 3349 a
2737 3295 3004 3360 donante;
3036 3292 3238 3348 donum
3266 3300 3448 3347 autem
3477 3307 3575 3362 pro
3599 3291 3773 3360 gratia
3794 3288 3889 3343 do-

2295 3391 2475 3446 nantis
2502 3389 2903 3460 supergreditur
2921 3387 3172 3443 meritum
3194 3385 3508 3442 laborantis.
3532 3385 3620 3441 Sic
3638 3393 3720 3440 est
3741 3384 3889 3440 enim

2294 3481 2434 3537 velle
2462 3489 2708 3536 nostrum
2734 3481 2876 3535 inter
2898 3495 2999 3534 nos
3025 3487 3082 3534 et
3106 3478 3294 3543 Deum,
3319 3479 3456 3534 sicut
3475 3486 3556 3533 est
3577 3477 3712 3530 inter
3731 3489 3892 3529 men-

2294 3573 2566 3629 dicantem
2591 3580 2755 3642 atque
2782 3573 3096 3626 donantem.
3125 3569 3221 3624 Ille
3242 3571 3422 3640 itaque
3445 3568 3533 3638 qui
3553 3567 3712 3622 donat
3734 3565 3891 3621 elee-

2293 3680 2595 3736 mosynam,
2630 3665 2742 3719 vult
2769 3663 3018 3719 omnibus
3041 3661 3207 3728 dare,
3255 3662 3300 3717 si
3339 3659 3547 3730 quidem
3574 3657 3654 3712 hic
3678 3663 3886 3711 noster

2295 3759 2518 3828 largitor
2537 3757 2721 3828 gratia:
2742 3757 2941 3812 clamat
2958 3755 3202 3826 quotidie
3223 3773 3236 3808 :
3272 3752 3441 3807 Venite
3458 3750 3528 3803 ad
3542 3765 3633 3812 me,
3653 3763 3873 3801 omnes.

2293 3851 2358 3906 Et
2383 3853 2578 3908 iterum
2613 3870 2625 3904 :
2659 3850 2830 3906 Petite
2858 3859 2908 3905 et
2937 3843 3596 3921 αοάρίειίεΝθὼὶςηιὶε,
3622 3841 3893 3896 cucurrit

2291 3944 2556 4015 quispiam
2585 3957 2804 4013 egenus,
2847 3951 2904 3997 et
2930 3957 2962 3996 a
3001 3941 3241 3996 donante
3283 3936 3504 4008 accepit,
3534 3931 3900 4003 acceptisque

2290 4034 2491 4091 divitiis
2513 4034 2679 4104 coepit
2699 4048 2819 4088 esse
2846 4032 3086 4103 locuples
3112 4032 3205 4101 qui
3234 4030 3409 4085 fuerat
3439 4041 3631 4098 egenus
3661 4033 3730 4080 et
3754 4039 3906 4096 pau-

2289 4142 2388 4197 per
2422 4144 2434 4179 :
2466 4125 2596 4196 quid
2626 4140 2770 4180 nunc
2795 4124 3036 4180 dicturus
3065 4124 3191 4178 est?
3219 4121 3334 4192 Ego
3361 4120 3429 4176 de
3455 4118 3639 4174 labore
3664 4131 3807 4173 meo
3831 4116 3910 4171 di-

2289 4234 2384 4274 ves
2411 4233 2548 4284 sum,
2580 4218 2705 4286 quia
2734 4217 2918 4282 volui,
2961 4216 3088 4285 quia
3116 4213 3374 4270 cucurri?
3416 4210 3533 4266 Non
3577 4209 3694 4266 hoc
3734 4209 3908 4275 dicit;

2288 4309 2384 4366 sed
2425 4309 2555 4364 dicit
2588 4327 2600 4361 :
2638 4306 2752 4378 Ego
2795 4307 2927 4362 nihil
2955 4322 3053 4378 pro
3083 4305 3280 4361 merito
3311 4301 3603 4358 voluntatis
3633 4315 3792 4357 mere
3820 4310 3914 4356 aut

2287 4419 2476 4460 cursus
2504 4402 2630 4468 mei,
2657 4400 2862 4471 aliquid
2897 4401 3099 4455 habere
3136 4399 3226 4454 me
3251 4405 3434 4454 certus
3459 4409 3618 4461 sum;
3652 4394 3766 4451 sed
3797 4393 3914 4464 ejus

2285 4506 2368 4552 est
2398 4503 2569 4552 totum
2598 4494 2783 4564 gratiae
2807 4494 2899 4562 qui
2927 4493 3168 4548 donavit.
3192 4489 3260 4543 Et
3288 4490 3395 4545 hoc
3418 4487 3563 4543 dicto
3597 4495 3808 4558 potest
3835 4486 3918 4542 di-

589 4578 682 4634 ubi
709 4577 872 4634 sedeo
901 4577 966 4632 ad
995 4577 1273 4633 dexteram
1303 4576 1476 4633 Patris
1493 4619 1508 4644 ,
1561 4579 1660 4633 nisi
1706 4594 1866 4648 quem
1913 4578 2075 4634 Pater
2101 4589 2184 4634 at-
2211 4588 2261 4650 D
2287 4603 2412 4644 cere
2440 4601 2564 4642 cum
2591 4585 2854 4656 Apostolo
2885 4599 3028 4650 vere,
3056 4583 3183 4653 quia
3211 4598 3319 4636 non
3347 4588 3428 4635 est
3453 4578 3722 4646 volentis,
3753 4595 3920 4653 neque

587 4670 830 4726 traxerit.
867 4668 1018 4726 Unde
1047 4670 1100 4724 in
1131 4670 1289 4725 unius
1314 4686 1544 4742 persona
1573 4671 1749 4726 omnis
1769 4678 1940 4726 castus
1959 4680 2176 4726 sancto-

587 4779 709 4820 rum
737 4765 866 4820 dicit
890 4764 1002 4820 Deo
1034 4783 1047 4817 :
1083 4763 1314 4818 Tenuisti
1342 4780 1555 4818 manum
1582 4764 1850 4819 dexteram
1883 4781 2051 4818 meam
2074 4807 2088 4831 ,
2121 4767 2177 4819 in

587 4855 849 4910 voluntate
876 4865 965 4910 tua
991 4857 1254 4910 deduxisti
1295 4873 1394 4922 me,
1423 4865 1472 4910 et
1494 4873 1610 4910 cum
1655 4857 1822 4929 gloria
1851 4858 2174 4927 assumpsisti

587 4964 668 5002 me
690 4947 808 5018 (Ps.
840 4965 1005 5016 Lxxn,
1035 4949 1147 5022 24).
1183 4948 1336 5006 Unde
1365 4958 1420 5006 et
1449 4949 1646 5020 adjecit
1672 4969 1684 5004 :
1717 4948 1980 5015 Quoniam
2006 4953 2092 5024 qui
2120 4968 2176 5006 se

585 5041 736 5113 longe
763 5042 963 5114 faciunt
1016 5059 1048 5096 a
1093 5051 1179 5109 te,
1219 5043 1457 5115 peribunt
1485 5043 1672 5114 (Ibid.,
1716 5042 1829 5114 27).
1861 5043 1979 5100 Non
2018 5044 2171 5114 dixit,

584 5149 722 5206 quos
753 5143 809 5191 tu
839 5136 998 5206 longe
1026 5135 1158 5192 facis
1178 5152 1208 5191 a
1237 5145 1322 5204 te;
1354 5137 1448 5193 sed
1477 5139 1567 5209 qui
1608 5154 1667 5194 se
1713 5139 1875 5210 longe
1912 5140 2116 5195 faciunt
2143 5155 2174 5195 a

583 5235 656 5294 te,
684 5230 954 5300 peribunt,
979 5229 1271 5287 ostendens
1291 5246 1399 5286 non
1429 5230 1496 5286 de
1523 5231 1617 5288 Dei
1645 5233 2017 5290 exsecratione
2034 5273 2049 5299 ,
2080 5233 2174 5289 sed

582 5319 648 5375 de
676 5323 1022 5394 elongatione
1061 5323 1296 5380 hominis
1317 5366 1332 5392 ,
1366 5325 1568 5380 homini
1618 5326 1891 5382 interitum
1931 5329 2166 5383 evenire.

651 5557 677 5624 ξ*
705 5545 804 5624 Ms.
833 5549 1100 5624 Augiense
1133 5547 1264 5624 :er.
1298 5550 1598 5607 HEBETICI.
1627 5549 1791 5614 Errat
1819 5554 1926 5624 qui,
1958 5561 2063 5609 etc.

645 5615 676 5660 δ
705 5617 802 5691 his.
836 5615 997 5691 idem,
1029 5622 1246 5691 ﬁnxisse
1275 5625 1600 5677 sententiam.

653 5697 679 5760 ξ
709 5687 806 5760 his.
836 5690 974 5760 idem
1009 5687 1363 5748 :Cnnoucr.
1399 5691 1523 5748 Non
1551 5701 1629 5747 est
1655 5710 1858 5758 novum,
1888 5701 1993 5748 etc.

653 5753 684 5798 ⁴
719 5757 818 5814 Ms.
850 5757 992 5816 idem
1021 5761 1171 5816 :Xll.
1201 5762 1499 5819 lixae-nm.
1519 5764 1656 5832 Quid
1673 5753 1854 5820 autem,
1873 5780 2009 5820 nunc
2029 5765 2173 5820 dicat

2287 4681 2564 4745 currentis,
2589 4679 2680 4734 sed
2700 4681 2992 4734 miserentis
3025 4686 3109 4732 .est
3151 4676 3252 4731 Dei
3283 4673 3460 4748 (Rom.
3493 4689 3576 4741 Ix,
3616 4674 3749 4748 16).
3785 4675 3923 4731 Ecce

2283 4772 2517 4829 diximus
2544 4773 2612 4828 de
2642 4773 2745 4828 isto
2792 4773 2885 4844 qui
2930 4772 3102 4828 voluit
3152 4777 3207 4826 et
3250 4769 3528 4835 cucurrit,
3591 4770 3747 4840 quia
3778 4778 3927 4826 tanta

2282 4876 2409 4925 sunt
2437 4869 2579 4925 dona
2606 4869 2721 4936 Dei,
2752 4876 2811 4925 ut
2839 4877 2895 4924 et
2922 4884 3139 4925 cursum
3175 4867 3410 4924 hominis
3453 4873 3512 4921 et
3554 4869 3928 4925 voluntatem

2281 4971 2557 5035 superent.
2588 4961 2789 5019 Cursus
2817 4963 2960 5018 enim
3001 4971 3057 5017 et
3101 4951 3336 5016 studium
3379 4959 3668 5029 hominis,
3707 4964 3823 5020 nisi
3853 4964 3926 5019 in-

2280 5055 2544 5111 visibilius
2571 5053 2668 5109 Dei
2711 5039 3242 5122 a‘dminiculis'juvati
3274 5049 3497 5116 fuerint,
3532 5062 3926 5110 evanescunt.

2280 5148 2414 5205 Nam
2435 5157 2490 5204 et
2512 5147 2801 5218 Apostolus
2826 5155 3104 5203 certamen
3132 5145 3334 5200 bonum
3364 5151 3633 5212 certans,
3691 5156 3756 5204 et
3806 5161 3930 5203 cur-

2281 5257 2400 5298 sum
2428 5255 2829 5308 consummans,
2854 5247 2910 5295 et
2937 5236 3099 5295 ﬁdem
3126 5251 3354 5294 servans
3371 5275 3386 5302 ,
3419 5242 3480 5292 et
3504 5235 3649 5307 iam
3681 5249 3933 5296 tantumi-

2281 5331 2446 5388 modo
2487 5348 2747 5388 coronam
2777 5337 3099 5402 exspectans
3129 5328 3195 5400 (ll
3243 5327 3376 5384 Tim.
3428 5343 3524 5395 tv,
3595 5331 3702 5404 7),
3758 5333 3931 5392 dicit:

2275 5553 2402 5610 liber
2416 5555 2850 5622 Praedestinatus,
2872 5564 2978 5611 etc.
3129 5603 3136 5609 .

2349 5635 2372 5702 ς
2413 5627 2509 5702 pls.
2537 5627 2677 5702 idem
2714 5646 2726 5680 :
2757 5625 3075 5702 Ciruotrcr.
3102 5623 3221 5682 Nos
3249 5633 3298 5681 et
3318 5628 3718 5702 evangelium,
3753 5644 3873 5694 etc.

2351 5696 2370 5736 ί
2413 5697 2510 5755 Ms.
2543 5698 2704 5770 idem,
2731 5697 3134 5754 dectarabimus.
