4140 6346
338 269 447 326 ειει

791 225 1377 332 pmnss'rmsrns
1414 275 1585 334 srvs-
1605 225 2306 336 runns'rmuonuu
2343 275 2680 346 sanans,
2712 275 2862 332 nrc.
2906 276 3030 345 un,
3071 274 3156 333 ιιι.

3504 275 3610 332 650

339 384 524 441 Gratia
549 384 650 440 Dei
673 403 786 440 sum
810 389 866 442 id
903 390 1037 461 quod
1074 406 1186 444 sum
1218 389 1261 461 (Ι
1292 389 1412 444 Cor.
1443 406 1538 457 xv,-
1563 389 1674 461 ιο).
1725 389 1792 444 Et
1819 391 1919 445 ite-
1944 392 1995 452 Α
2024 399 2252 462 petram,
2284 409 2403 462 quae
2436 410 2535 450 nec
2561 401 2864 459 ventorum,
2896 409 2997 448 nec
3029 391 3304 446 fluminum
3331 390 3613 462 dejiciatur

337 493 457 533 rum
483 478 639 534 nobis
665 478 795 534 dicit
816 498 828 532 :
847 478 1028 534 Gratia
1056 482 1186 536 salvi
1215 483 1344 554 facti
1371 483 1494 536 estis
1522 481 1740 554 (Ephes.
1764 497 1799 538 ιι
1817 521 1832 545 ,
1865 480 1916 548 5,

335 567 420 639 8).
451 567 674 639 Magnus
703 569 883 626 infelix
929 580 1014 628 est
1052 572 1142 642 qui
1187 582 1340 644 putat
1367 573 1568 630 donum
1596 574 1692 631 Dei
1718 590 1779 631 se
1803 589 1920 629 me-

336 663 444 717 rito
468 669 579 717 sua:
608 665 870 734 consequi
890 665 1200 720 voluntatis.
1233 664 1403 723 Omne
1427 667 1628 722 donum
1658 666 1919 737 optimum

335 752 614 808 desursum
663 763 744 809 est
771 770 802 808 a
831 753 991 810 Patre
1034 756 1219 826 gloria:
1249 756 1385 828 (Jac.
1417 775 1454 821 ι,
1487 757 1574 828 l7)
1609 777 1620 810 :
1656 757 1786 812 nihil
1816 758 1925 811 vin-

335 847 576 902 dicamus
616 846 862 903 humanm
898 850 1386 937 potentizertotum
1426 849 1679 920 quidquid
1722 850 1921 904 bonum

334 950 436 1005 est,
467 941 564 996 Dei
586 942 966 1016 misericordia:
995 943 1346 1013 applicamus.
1397 942 1487 998 Sic
1517 950 1697 997 tamen
1742 942 1923 996 omnia

233 1113 238 1116 _
335 1033 477 1088 bona
505 1033 732 1089 dicimus
759 1033 856 1088 Dei
879 1035 997 1090 esse
1023 1033 1186 1101 dona,
1219 1044 1277 1090 ut
1305 1035 1484 1090 omnia
1511 1035 1649 1090 mala
1671 1050 1790 1106 qua:
1811 1035 1924 1103 agi-

337 1143 459 1202 mus
510 1136 707 1183 nostrae
765 1128 1098 1197 negligentia:
1130 1129 1498 1199 'imputemus.
1558 1127 1728 1183 Aliter
1778 1127 1922 1182 enim

335 1221 552 1274 veniam
602 1236 708 1275 non
756 1235 1056 1285 meremur,
1112 1220 1212 1275 nisi
1262 1235 1359 1276 nos
1402 1235 1530 1275 vere
1579 1219 1923 1274 ostendamus

335 1322 520 1367 nostra
541 1313 697 1384 culpa
744 1329 1018 1384 peccasse,
1060 1330 1167 1370 non
1203 1313 1509 1384 praajudicio
1536 1310 1827 1368 Creatoris.
1858 1311 1925 1366 Et

335 1404 476 1489 sicut
504 1403 737 1458 diximus
761 1404 828 1458 de
854 1405 1016 1469 bono,
1040 1405 1164 1474 quia
1189 1413 1361 1459 totum
1390 1405 1590 1459 bonum
1609 1403 1754 1475 quod
1783 1403 1925 1460 fece-

335 1495 426 1558 rit,
452 1495 548 1550 Dei
575 1505 656 1551 est
684 1497 896 1565 gratim;
931 1498 1002 1551 ita
1045 1497 1304 1566 quidquid
1340 1496 1541 1551 malum
1586 1494 1774 1551 fecerit
1815 1511 1925 1549 sua:

335 1589 567 1643 mstimet
595 1588 946 1658 negligentia}.
976 1587 1125 1644 Unde
1154 1589 1348 1644 clamat
1377 1587 1608 1659 Spiritus
1651 1594 1872 1643 sanctus
1907 1605 1920 1640 :

336 1679 401 1735 Si
429 1679 693 1735 volueritis
713 1689 763 1736 et
785 1682 1055 1736 audieritis
1085 1698 1183 1746 me,
1214 1682 1349 1736 bona
1371 1691 1524 1735 terra
1551 1681 1736 1744 edetis;
1761 1682 1805 1734 si
1829 1697 1924 1733 au-

2024 485 2255 556 impulsu
2280 486 2494 559 (Matth.
2527 505 2616 551 vn,
2638 487 2752 558 24).
2787 485 2928 556 Ergo
2957 502 3024 541 ne
3045 486 3099 540 in
3119 501 3315 540 vanum
3344 484 3612 541 mdilicant

2022 578 2332 634 sacerdotes
2371 576 2707 644 Ecclesiam;
2740 580 2793 633 in
2823 593 3018 633 vanum
3056 578 3296 646 vigilant,
3329 585 3388 632 ut
3427 578 3606 632 ovium

2023 670 2418 741 simplicitatem
2440 671 2688 740 luporum
2714 671 2980 726 morsibus
2994 670 3184 735 tollant
3199 671 3221 723 ?
3239 668 3305 722 Et
3336 667 3610 738 quomodo

2025 776 2213 816 omnes
2232 760 2516 815 hzereticos
2533 768 2737 814 aeterno
2753 761 3097 816 anathemate
3117 758 3372 815 ferientes
3391 771 3609 826 gregem

2023 851 2219 907 Christi
2246 851 2600 926 custodiunt?
2646 849 2854 920 Ubique
2893 851 3281 907 catholicorum
3321 859 3615 920 pascuntur

2025 960 2173 1009 oves,
2198 953 2252 1000 et
2267 943 2612 999 vernantibus
2638 959 2784 1014 pura:
2807 941 2926 998 fidei
2955 944 3191 1013 pascuis,
3212 951 3422 998 montes
3435 941 3614 1026 exsul-

2026 1045 2141 1091 tant
2155 1045 2215 1091 ut
2233 1037 2430 1091 arietes
2458 1044 2512 1090 et
2539 1035 2706 1091 colles
2726 1034 2871 1090 velut
2895 1035 3018 1103 agni
3038 1034 3216 1090 ovium
3234 1033 3351 1106 (Ps.
3371 1031 3610 1104 cxm,4).

2027 1126 2236 1198 Ubique
2267 1145 2298 1183 a
2323 1128 2450 1184 solis
2471 1136 2594 1184 ortu
2623 1141 2795 1196 usque
2830 1124 2899 1180 ad
2923 1141 3195 1190 occasum,
3231 1142 3366 1182 unus
3395 1140 3526 1196 grex
3555 1134 3612 1182 et

2025 1238 2164 1277 unus
2187 1229 2272 1276 est
2301 1229 2502 1290 pastor,
2527 1235 2558 1274 a
2586 1234 2695 1289 quo
2721 1218 2835 1289 lupi
2860 1214 3269 1283 interficiuntur,
3291 1221 3358 1273 ne
3387 1225 3618 1275 noceant

2024 1313 2176 1383 gregi
2211 1311 2342 1378 Dei;
2382 1321 2436 1367 et
2462 1309 2637 1366 adhuc
2667 1326 2774 1366 non
2804 1308 2997 1365 videtis
3019 1310 3430 1366 aediﬁcationem
3460 1311 3618 1366 boum
3661 1319 3700 1366 '.

2025 1405 2324 1461 voluntatis
2344 1419 2537 1459 vanam
2557 1419 2665 1458 non
2691 1419 2829 1467 esse,
2852 1401 2946 1458 sed
2968 1404 3206 1458 certam?
3224 1403 3475 1470 Quotidie
3497 1402 3619 1460 mdi—

2029 1496 2218 1552 ﬁcatur
2245 1495 2437 1550 domus
2457 1495 2551 1549 Dei
2574 1510 2671 1564 per
2699 1495 2922 1549 verbum
2949 1495 3170 1554 bonum.
3196 1509 3294 1564 per
3311 1493 3618 1564 exemplum

2031 1600 2301 1656 sanctum,
2324 1605 2423 1660 per
2448 1588 2682 1644 studium
2709 1588 2988 1657 optimum.
3014 1586 3263 1653 Quotidie
3291 1587 3490 1642 clamat
3517 1601 3617 1657 per

2029 1683 2351 1754 prophetam
2381 1680 2639 1735 Dominus
2666 1698 2678 1733 :
2711 1676 3002 1749 Ediﬁcate
3020 1677 3160 1732 vobis
3189 1679 3368 1733 domos
3397 1674 3616 1749 (Jerem'.

336 1780 436 1824 tem
473 1771 772 1839 nolueritis,
809 1772 1014 1844 gladius
1037 1790 1124 1826 vos
1144 1773 1392 1827 comedet.
1422 1771 1495 1826 0s
1542 1774 1678 1826 enim
1718 1772 1931 1828 Domini
1962 1766 2009 1828 Β
2036 1792 2186 1840 xxix,
2219 1773 2294 1844 5),
2340 1790 2448 1829 non
2495 1775 2668 1828 luteas
2711 1786 2834 1841 qua:
2874 1787 2906 1825 a
2945 1779 3104 1826 vento
3153 1779 3496 1838 moveantur,
3527 1768 3622 1828 sed

337 1860 562 1917 locutum
589 1873 665 1918 est
692 1863 802 1918 hwc
830 1863 980 1934 (Isa.
1005 1881 1041 1930 ι,
1073 1864 1190 1935 l9).
1230 1865 1333 1920 Per
1366 1865 1706 1920 occasionem
1754 1865 1936 1935 itaque

339 1954 468 2008 boni
499 1956 809 2023 testimonii,
842 1956 936 2011 sed
960 1957 1085 2010 mali
1108 1957 1435 2028 interpretis,
1459 1974 1555 2012 vos
1575 1957 1750 2014 dicitis
1784 1978 1794 2012 :
1828 1957 1938 2013 No-

345 2046 440 2103 lite
471 2048 626 2109 velle.
656 2051 782 2119 quia
819 2065 925 2104 non
955 2057 1038 2104 est
1069 2049 1322 2116 volentis;
1355 2059 1568 2106 sanctus
1601 2051 1831 2122 Spiritus
1851 2053 1935 2108 di-

339 2141 414 2196 cit
449 2141 543 2195 :Si
590 2142 888 2197 volueritis.
924 2141 1033 2196 Vos
1061 2141 1241 2196 dicitis
1273 2161 1284 2194 :
1338 2142 1514 2197 Nolite
1543 2159 1780 2207 currere,
1813 2146 1938 2214 quia

339 2249 448 2289 non
476 2243 559 2288 est
587 2234 884 2299 currentis;
917 2242 1133 2289 sanctus
1161 2234 1394 2304 Spiritus
1423 2247 1443 2270 "
1463 2235 1623 2290 dicit:
1653 2236 1858 2292 Currite
1884 2250 1940 2294 ut

339 2343 519 2381 omnes
548 2325 996 2398 comprehendatis
1017 2325 1069 2395 (ι
1100 2323 1216 2380 Cor.
1253 2342 1324 2391 Ix,
1359 2324 1478 2398 14).
1504 2327 1760 2382 Dominus
1784 2326 1941 2384 Jesus

340 2415 592 2472 Christus
619 2417 817 2472 clamat
849 2435 860 2469 :
895 2415 1105 2470 Currite
1132 2433 1246 2470 cum
1275 2417 1436 2470 lucem
1483 2417 1715 2484 habetis,
1753 2436 1818 2474 ne
1853 2437 1938 2474 eos

345 2507 574 2562 tenebrat
615 2507 1057 2578 comprehendant
1097 2506 1390 2572 (Joan.xu,
1419 2506 1531 2577 '55).
1564 2507 1763 2563 Dantes
1809 2525 1938 2578 ergo

345 2596 505 2650 vobis
533 2597 834 2668 repudium,
879 2605 1066 2654 sancto
1116 2597 1339 2668 Spiritui
1368 2598 1718 2653 adhzeremus.
1750 2599 1938 2656 Melius

346 2696 426 2741 est
452 2690 609 2754 enim,
631 2697 692 2743 ut
715 2689 842 2744 dicit
868 2690 1143 2760 apostolus
1184 2691 1372 2745 Petrus
1398 2709 1409 2742 :
1440 2690 1464 2728 ι’
1489 2687 1751 2745 Obaudire
1771 2694 1937 2765 magis

345 2777 457 2833 Deo
487 2797 639 2852 quam
677 2781 965 2835 hominibus
1005 2780 1156 2852 (Act.
1189 2799 1242 2849 v,
1274 2780 1393 2852 29).
1429 2781 1626 2838 Verum
1655 2783 1784 2853 quid
1824 2785 1939 2854 agi-

342 2874 505 2927 mus?
531 2889 716 2928 rursus
753 2873 820 2928 ad
866 2873 1052 2945 pejora
1079 2885 1380 2931 vestrorum
1410 2878 1605 2934 crescit
1648 2876 1843 2947 dogma
1871 2877 1938 2932 li-

342 2964 584 3032 brorum,
620 2966 672 3020 in
701 2967 896 3037 quibus
923 2968 1135 3037 legitur.
1650 2953 1663 2963 ’

411 3055 501 3112 Xl.
525 3069 544 3094 ο
564 3055 1024 3131 Quantumcunque
1051 3062 1208 3114 studii
1225 3063 1304 3115 sui
1326 3063 1457 3116 vires
1479 3063 1548 3116 ad
1574 3063 1942 3134 aediﬁcandum

2035 1881 2157 1937 qua:
2184 1874 2439 1922 maneant
2486 1866 2540 1921 in
2569 1863 2898 1926 soliditatem
2941 1871 3126 1933 petrae.
3181 1862 3291 1918 Sed
3323 1863 3475 1917 vobis
3521 1864 3623 1918 ista

2037 1961 2216 2016 omnia
2244 1975 2364 2030 quae
2385 1959 2638 2025 diximus,
2671 1958 2853 2013 inania
2881 1955 3132 2012 videntur
3158 1965 3212 2010 et
3245 1971 3398 2009 vana.
3433 1955 3624 2010 Dicunt

2037 2055 2181 2108 enim
2211 2053 2332 2108 libri
2352 2051 2516 2108 vestri
2555 2069 2568 2104 :
2602 2048 2914 2121 ﬁdiﬁcatio
2939 2048 3162 2102 hominis
3200 2064 3304 2102 non
3347 2055 3423 2100 est
3455 2053 3619 2111 certa,

2037 2144 2129 2199 sed
2158 2161 2310 2198 vana.
2342 2143 2421 2198 Ab
2450 2142 2602 2198 initio
2631 2156 2822 2196 omnes
2848 2139 3020 2195 sancti
3048 2137 3455 2193 aedificationem
3483 2151 3625 2191 men-
3665 2193 3674 2199 _

2039 2237 2185 2292 tibus
2211 2236 2574 2292 contulerunt.
2609 2233 2771 2290 Verbi
2799 2248 2981 2296 causa,
3015 2231 3217 2303 primus
3238 2229 3370 2285 Abel
3397 2225 3627 2284 aedifica-

2040 2329 2119 2383 vit
2160 2327 2421 2398 justitiam
2447 2368 2462 2393 ,
2512 2325 2628 2382 Noe
2673 2325 3066 2390 innocentiam,
3121 2323 3392 2392 Abraham
3420 2320 3626 2385 tidem,

2039 2417 2191 2475 Isaac
2218 2417 2561 2482 sacrificium,
2603 2415 2773 2472 Jacob
2812 2415 3161 2471 ambitionem
3204 2429 3383 2470 rerum
3418 2420 3631 2469 sancta-

2038 2528 2178 2575 rum,
2221 2510 2420 2581 Joseph
2445 2508 2840 2572 castimoniam,
2870 2505 3082 2578 Moyses
3129 2506 3518 2569 sacerdotium,
3547 2501 3630 2558 Je-

2037 2619 2131 2658 sus
2151 2602 2290 2656 ﬁlius
2315 2599 2461 2655 Nave
2479 2599 2841 2655 constantiam
2865 2598 3051 2665 animi,
3074 2595 3244 2652 David
3265 2596 3630 2652 defensionem

2039 2693 2224 2765 populi
2255 2693 2371 2769 Dei,
2404 2693 2660 2748 Salomon
2709 2691 3050 2761 sapientiam,
3092 2688 3326 2744 Joannes
3359 2689 3631 2758 pmniten-

2041 2787 2194 2840 tiam.
2226 2783 2337 2838 llos
2369 2784 2596 2853 carptim
2626 2781 2697 2836 de
2743 2782 2927 2836 multis
2964 2781 3401 2844 memoravimus,
3439 2787 3498 2833 ut
3535 2795 3632 2850 per

2041 2878 2142 2932 hos
2168 2884 2393 2930 caeteros
2437 2889 2576 2942 quos
2602 2872 2863 2938 siluimus,
2897 2870 2964 2925 ad
2993 2871 3306 2927 memoriam
3335 2886 3487 2925 suam
3543 2855 3632 2925 re-

2043 2984 2263 3033 vocans,
2295 2968 2468 3022 lector
2496 2967 2732 3036 inquirat
2777 2973 3082 3021 utrumnam
3128 2964 3375 3020 homines
3412 2963 3632 3019 fuerint.

2045 3059 2104 3116 Si
2133 3060 2379 3115 homines
2409 3056 2643 3125 fuerunt,
2681 3056 2954 3127 quomodo
2997 3056 3181 3112 dicunt
3227 3056 3349 3111 libri
3397 3072 3584 3113 eorum
3617 3073 3633 3109 :

340 3162 537 3207 moveat
564 3153 792 3208 humana
812 3154 1071 3218 uoluntas,
1105 3172 1250 3209 casso
1281 3157 1561 3210 certamine
1599 3157 1810 3223 nititur;
1853 3169 1945 3213 aut
1969 3141 2016 3206 Ο
2049 3150 2356 3207 ίΕόίίὶωιίο
2393 3150 2625 3206 hominis
2668 3166 2776 3206 non
2827 3158 2908 3206 est
2933 3158 3102 3216 certa,
3133 3149 3224 3205 sed
3253 3150 3434 3204 vana?
3484 3146 3634 3203 Unde

340 3244 463 3316 quid
481 3244 809 3316 vigilantiam
837 3262 984 3300 suam
1012 3255 1160 3315 putat
1189 3247 1414 3301 hominis
1443 3248 1707 3320 fragilitas
1737 3251 1944 3305 attemis

339 3337 613 3393 desideriis
641 3341 994 3410 profuturam,
1025 3356 1140 3393 cum
1159 3339 1409 3410 propheta
1437 3339 1756 3396 evidentibus
1770 3341 1944 3408 excla-

340 3440 443 3485 met
471 3430 812 3496 documentis,
858 3432 1034 3486 dicens
1083 3449 1102 3486 :
1152 3430 1275 3486 Nisi
1316 3431 1572 3488 Dominus
1611 3435 1943 3506 aediﬁcaverit

343 3521 645 3587 deunum,in
674 3540 865 3577 vanum
887 3522 1346 3595 laboraveruntqui
1365 3525 1628 3596 mdiﬁcant
1651 3545 1785 3581 eam.
1821 3526 1946 3584 Nisi

284 3600 302 3610 “
343 3610 596 3670 Dominus
623 3615 925 3670 custodierit
965 3617 1240 3693 civitatem,
1284 3618 1337 3670 in
1371 3634 1559 3672 vanum
1603 3618 1945 3690 ‘uigilaverunt

341 3708 429 3776 qui
482 3708 776 3766 custodiunt
803 3725 921 3762 eam
971 3709 991 3782 (
1022 3709 1117 3763 Ps.
1149 3726 1339 3777 cxxvl,
1373 3709 1472 3779 l)?
1517 3709 1654 3774 Quid
1680 3721 1756 3763 est
1807 3709 1944 3782 quod

341 3809 523 3852 contra
553 3799 754 3855 divinos
783 3802 992 3872 apices,
1038 3809 1086 3853 et
1135 3810 1319 3855 contra
1375 3787 1742 3854 conscientiam
1797 3817 1945 3853 suam

344 3901 514 3960 sperat
537 3909 590 3945 se
612 3894 870 3961 quispiam
899 3893 1243 3962 tediﬁcutioni
1280 3893 1504 3958 studere,
1538 3910 1654 3946 cum
1684 3894 1762 3946 his
1781 3894 1944 3946 sacris

345 3983 548 4035 nucibus
575 3984 822 4036 doceatur
842 3985 1126 4054 aediﬁcatio
1155 3986 1382 4040 hominis
1412 4003 1517 4040 non
1537 4002 1648 4040 esse
1668 3996 1828 4051 certa,
1856 3987 1946 4040 sed

347 4073 522 4125 vana?
547 4071 573 4110 ἀ
619 4072 799 4127 Primo
829 4075 1068 4129 omnium
1093 4091 1298 4144 quaero,
1341 4090 1502 4146 quam
1540 4075 1945 4130 tedilicatiouem

341 4148 558 4217 dicatis.
594 4164 649 4218 Si
681 4164 746 4219 de
775 4166 1052 4222 caementis
1093 4174 1148 4221 et
1181 4167 1295 4222 luto
1325 4167 1502 4237 agitis,
1530 4183 1652 4222 cum
1682 4166 1949 4238 Egyptiis

343 4255 447 4309 ista
475 4264 721 4312 tractato.
747 4256 854 4312 Nos
874 4265 1056 4312 autem
1077 4258 1183 4314 hoc
1210 4258 1332 4314 loco
1360 4258 1773 4315 aedificationem
1795 4259 1945 4316 verbi

343 4344 440 4401 Dei
485 4346 851 4416 intelligimus.
896 4347 1135 4404 Verbum
1187 4356 1367 4404 autem
1416 4349 1512 4405 Dei
1563 4350 1617 4404 in
1660 4358 1774 4406 toto
1814 4351 1946 4405 orbe

343 4448 608 4495 terrarum
630 4457 660 4495 a
682 4440 778 4495 Dei
808 4441 1179 4498 sacerdotibus
1198 4441 1267 4497 ad
1291 4441 1702 4498 aedificationem
1726 4444 1820 4498 Dei
1843 4442 1944 4499 Ec-

2047 3247 2254 3315 agimus
2282 3261 2426 3300 nunc
2477 3243 2911 3300 conclusionibus
2960 3243 3241 3299 catholicis
3279 3243 3481 3297 dictum
3524 3243 3634 3296 hae-

2045 3339 2353 3394 reticorum.
2407 3338 2512 3391 Aut
2571 3352 2679 3392 non
2725 3336 2943 3390 fuerunt
2984 3335 3251 3398 homines,
3301 3334 3428 3402 quia
3454 3340 3634 3392 manet

2045 3431 2327 3486 aedificatio
2364 3444 2584 3493 eorum;
2629 3434 2720 3481 aut
2748 3426 2826 3480 illi
2853 3426 3100 3482 homines
3126 3424 3372 3491 fuerunt,
3405 3433 3460 3479 et
3505 3424 3635 3480 isto-

2045 3540 2165 3580 rum
2213 3522 2441 3578 assertio
2476 3520 2711 3575 evanuit.

2119 3614 2233 3669 Xll.
2282 3624 2305 3651 °
2350 3612 2464 3668 Sed
2504 3614 2550 3666 si
2598 3620 2778 3667 contra
2825 3623 2919 3667 nos
2963 3610 3181 3676 venitis,
3223 3609 3497 3680 inquiunt,
3531 3625 3636 3664 non

2048 3718 2229 3764 contra
2287 3723 2381 3761 nos
2444 3705 2624 3760 venitis
2647 3745 2662 3767 ,
2733 3704 2824 3758 sed
2883 3712 3065 3759 contra
3119 3719 3235 3756 eam
3295 3703 3379 3772 qui
3448 3702 3636 3754 dixit:

2051 3799 2172 3854 Nisi
2221 3798 2474 3853 Dominus
2519 3798 2852 3868 ardiﬁcaverit
2882 3797 3108 3861 domum,
3158 3797 3213 3848 in
3271 3810 3454 3848 uanum
3495 3792 3636 3848 tabo-

2048 3900 2293 3969 rarerunt
2330 3892 2414 3963 qui
2455 3889 2716 3959 aedificant
2762 3903 2896 3940 eam.
2945 3885 3015 3939 Et
3049 3903 3066 3939 :
3100 3883 3220 3938 Nisi
3266 3883 3518 3938 Dominus
3549 3901 3636 3936 cu-

2049 3982 2284 4036 stodierit
2325 3981 2614 4042 civitatem,
2667 3979 2720 4030 in
2767 3993 2955 4031 vanum
3009 3975 3369 4030 laboraverunt
3410 3977 3494 4046 qui
3546 3992 3636 4028 cu-

2051 4074 2278 4129 stodiunt
2319 4088 2432 4126 eam
2464 4069 2579 4141 (Ps.
2615 4086 2804 4133 cxxvr,
2839 4067 2912 4139 l).
2969 4067 3107 4140 Ergo
3149 4068 3328 4121 nesciit
3365 4067 3486 4139 quia
3535 4085 3637 4121 non

2049 4176 2161 4221 erat
2194 4166 2319 4219 utile
2357 4167 2543 4236 populo
2589 4162 2685 4216 Dei
2715 4163 2801 4234 qui
2841 4161 2951 4216 ha’c
2980 4163 3100 4234 fecit
3139 4159 3324 4225 scribi,
3365 4168 3415 4213 et
3443 4161 3514 4213 ad
3545 4177 3636 4232 po—

2049 4269 2214 4314 steros
2235 4274 2393 4330 usque
2420 4257 2487 4310 ad
2513 4257 2671 4328 ﬁnem
2690 4254 2867 4309 διεσαιὶ
2894 4253 3084 4324 dirigi?
3121 4251 3222 4311 Vos
3242 4253 3414 4323 itaque
3426 4253 3511 4323 qui
3535 4253 3636 4306 ista

2048 4349 2440 4423 reprehenditis,
2479 4349 2679 4418 auferte
2717 4345 2824 4400 hwc
2861 4344 2923 4398 de
2961 4343 3092 4398 libro
3122 4341 3473 4409 Psalmorum,
3515 4345 3636 4416 quia

2049 4446 2272 4516 legentes
2303 4451 2353 4496 et
2379 4441 2662 4512 psallentes
2691 4439 2785 4492 hos
2808 4438 3108 4502 versiculos,
3144 4443 3200 4489 ut
3238 4435 3431 4502 dicitis,
3468 4435 3637 4505 (edifi-

338 4535 522 4590 clesiis
565 4536 866 4592 exhibetur.
901 4535 1086 4592 Vanus
1130 4545 1213 4593 est
1258 4550 1388 4606 ergo
1426 4553 1606 4594 sermo
1636 4536 1942 4608 pontificis?
1970 4529 2022 4588 Ι)
2049 4537 2160 4590 cari
2187 4552 2290 4590 non
2315 4542 2548 4605 possunt.
2604 4529 2636 4608 τ’
2657 4531 2765 4586 Nos
2792 4529 2992 4584 dictum
3029 4528 3307 4598 prophetae
3333 4527 3631 4593 laudamus,

340 4617 519 4684 inanis
546 4628 831 4684 doctrina?
860 4630 1018 4686 inane
1045 4631 1316 4686 studium?
1337 4630 1404 4686 Et
1426 4632 1472 4686 si
1501 4646 1639 4686 vana
1672 4617 1939 4687 est'mdiﬁ-

337 4723 487 4776 catio
530 4721 688 4792 hujus
716 4723 928 4793 operis,
961 4732 1019 4778 ut
1049 4723 1179 4792 quid
1207 4722 1275 4778 ab
1304 4722 1567 4793 Apostolo
1607 4723 1938 4793 imperatur?

339 4811 483 4867 Dicit
505 4812 646 4866 enim
670 4810 868 4868 Paulus
907 4813 1184 4883 apostolus
1217 4831 1230 4867 :
1261 4811 1554 4885 {Edi/icate
1588 4805 1935 4868 alterutrum:

339 4907 517 4959 omnia
553 4907 818 4966 vestraad
845 4908 1247 4977 aedificationem
1274 4909 1407 4979 ﬁant
1437 4907 1493 4980 (l
1517 4907 1667 4965 Thes.
1713 4925 1766 4973 v,
1801 4909 1864 4963 ll
1884 4908 1929 4980 ).

338 4998 414 5054 Et
442 5001 666 5056 iterum:
703 5002 771 5056 Ut
799 5004 1004 5072 sapiens
1033 5003 1341 5056 architectus
1372 5003 1766 5074 fundamentum
1790 5003 1939 5072 posui

343 5094 542 5166 (lCor.
574 5097 825 5166 xiv,-26).
861 5095 921 5151 Si
967 5098 1082 5168 quis
1131 5095 1515 5166 supermdiﬁcat
1560 5109 1720 5164 supra
1743 5093 1938 5165 funda-

340 5197 569 5242 mentum
586 5188 700 5252 hoc,
723 5205 924 5253 aurum,
940 5197 1233 5259 argentum,
1262 5187 1461 5259 lapides
1474 5187 1749 5259 pretiosos,
1774 5185 1938 5256 ligna,

343 5283 543 5353 fenum,
557 5283 820 5353 stipulam,
833 5281 1234 5354 uniuscujusque
1254 5297 1383 5352 opus
1402 5279 1550 5352 quale
1573 5281 1662 5345 sit,
1673 5279 1810 5352 ignis
1823 5295 1943 5347 pro-

339 5370 486 5427 babit
499 5372 541 5444 (Ι
557 5371 676 5427 Cor.
703 5389 778 5439 ιιι,
795 5372 991 5443 10-12).
1019 5371 1087 5428 Et
1099 5373 1360 5430 Dominus
1376 5375 1429 5428 in
1444 5371 1740 5442 Evangelio
1755 5370 1941 5426 laudat

339 5463 521 5520 virum
554 5466 870 5538 sapientem,
916 5466 1042 5535 quia
1083 5465 1310 5522 aediﬁcat
1334 5465 1553 5524 domum
1591 5479 1745 5521 suam
1774 5479 1942 5536 super

417 5635 446 5665 ⁸
476 5625 572 5680 Ms.
605 5627 892 5694 Augiense,
913 5627 1038 5680 dicit
1076 5628 1150 5680 sic
1185 5628 1393 5682 currite.

417 5697 448 5739 '-
483 5696 582 5769 Ms.
615 5698 776 5769 idem,
799 5694 1217 5769 o_b_ed_ire_magis.
1347 5768 1350 5769 ν
1835 5738 1842 5742 .

417 5779 452 5813 ο
480 5766 582 5829 Ms.
610 5767 753 5823 idem
778 5785 793 5821 :
821 5765 957 5821 Xlll.
984 5765 1283 5824 Hnnirtcr.
1321 5768 1798 5837 Quantumcunque,
1826 5772 1934 5824 etc.

633 5864 906 5925 Panos.
939 5858 1110 5934 ωιι.

2045 4627 2368 4698 probamus,
2420 4621 2761 4690 conﬁtemur,
2807 4619 3188 4676 confirmamus
3233 4627 3288 4673 et
3333 4619 3630 4687 psallimus,

2043 4728 2203 4789 atque
2259 4719 2362 4773 hoc
2428 4716 2617 4772 ordine
2673 4712 2967 4770 secundum
3018 4711 3257 4779 regulam
3312 4711 3633 4766 catholicam

2039 4811 2410 4881 explanamus.
2456 4806 2535 4861 Ab
2578 4804 2750 4870 initio,
2800 4812 2858 4857 ut
2899 4802 3150 4867 diximus,
3181 4817 3213 4856 a
3250 4810 3438 4858 sancto
3467 4802 3633 4859 Abele

2035 4902 2182 4972 justo
2198 4914 2365 4968 usque
2385 4897 2452 4952 ad
2473 4895 2782 4951 Zachariam
2799 4902 2854 4948 et
2872 4891 3156 4959 Joannem,
3188 4909 3378 4950 omnes
3400 4894 3631 4950 aedifica-

2048 4999 2236 5046 verunt
2265 4989 2504 5051 domum,
2533 5001 2641 5040 non
2670 4984 2966 5050 caementis,
2999 4992 3058 5038 ut
3098 4983 3347 5051 diximus,
3380 4985 3474 5040 sed
3505 5000 3625 5038 san-

2043 5087 2143 5141 ctis
2169 5081 2450 5152 exemplis.
2476 5079 2860 5135 Verumtamen
2889 5078 2991 5133 nisi
3013 5078 3268 5135 Dominus
3295 5076 3452 5132 Iesus
3474 5075 3632 5130 Chri-

2043 5189 2159 5236 stus
2184 5177 2436 5240 venisset,
2469 5182 2522 5230 et
2549 5174 2664 5244 ipse
2690 5172 3004 5229 :edilicasset
3029 5173 3248 5228 domum
3276 5171 3416 5225 hanc
3443 5168 3498 5220 in
3526 5179 3631 5233 qua

2044 5273 2122 5328 illi
2149 5271 2546 5335 laboraverunt,
2579 5267 2632 5322 in
2661 5282 2857 5322 vanum
2887 5267 3265 5322 laboraverant
3287 5262 3379 5330 qui
3405 5255 3632 5314 adifica-

2043 5369 2232 5420 verant
2258 5375 2396 5416 eam.
2429 5325 2562 5415 Nam
2591 5367 2647 5416 et
2671 5360 2954 5430 vigilanter
2981 5356 3291 5410 institerunt
3317 5348 3465 5420 gregi
3489 5365 3504 5401 :
3535 5325 3676 5428 sed:

2043 5457 2146 5515 nisi
2166 5456 2422 5513 Dominus
2433 5454 2588 5512 Iesus
2607 5453 2854 5510 Christus
2873 5466 3024 5506 suam
3046 5444 3346 5503 custodiam
3365 5440 3634 5501 exhibuis-

2111 5616 2140 5658 ἀ
2167 5618 2267 5675 Ms.
2296 5619 2467 5674 idem:
2499 5617 2810 5671 Cunoucr.
2845 5611 3025 5664 Primo
3038 5608 3282 5683 omnium
3300 5624 3496 5683 qum,
3517 5614 3649 5671 σιω

2116 5701 2140 5730 ⁸
2170 5691 2268 5745 Ms.
2303 5689 2442 5744 idem
2475 5706 2487 5739 :
2521 5683 2658 5738 XIV.
2691 5683 2989 5736 Ηιειιετιοι.
3026 5681 3134 5735 Sed
3153 5679 3216 5744 si,
3249 5679 3356 5737 etc.

2122 5761 2140 5801 τ
2174 5760 2273 5818 Ms.
2305 5760 2449 5817 idem
2481 5775 2494 5811 :
2525 5753 2838 5815 Cunoucr.
2874 5749 2990 5809 Nos
3012 5752 3226 5822 dictum,
3253 5763 3361 5810 etc.

2989 5847 3065 5910 21
