4140 6346
610 257 707 315 851

1563 256 1839 312 AUCTOR
1877 254 2252 312 ANONYMUS
2288 254 2818 314 PMDESTINATI

3763 253 3868 308 65$

606 390 708 442 set,
735 379 784 430 in
808 391 998 431 vanum
1044 374 1419 432 laboraverunt
1456 379 1820 434 custodientes
1858 394 1997 434 eum.
2032 377 2183 433 Unde
2211 387 2264 444 Α
2287 377 2398 433 suis
2425 377 2717 434 sceleribus
2739 375 2947 441 reddat,
2973 390 3072 430 nec
3091 372 3304 431 studeat
3331 372 3597 443 quispiam
3619 373 3866 434 ﬂantibus

605 474 760 526 etian-
789 471 1052 539 -t--;:quitm':
1080 469 1147 523 In
1171 486 1354 523 vanum
1389 479 1462 524 est
1497 470 1633 525 vobis
1657 481 1777 526 ante
1792 473 1956 527 lucem
1975 490 2184 546 surgere

2281 453 2469 525 lavare
2493 469 2662 526 oculis
2689 469 2832 540 quod
2861 466 3362 537 concupiscentibus
3397 465 3712 534 inquinavit,
3747 480 3864 519 cum

605 563 719 633 (Ps.
743 580 835 617 GM
853 578 917 628 vi,
938 561 1015 632 2).
1037 561 1152 617 Lux
1165 564 1305 618 enim
1322 563 1563 620 Christus
1574 581 1692 621 esse
1705 575 1798 621 eta
1821 568 2114 638 prophetis,
2129 576 2184 622 et
2286 562 2470 618 audiat
2495 562 2644 619 illum
2671 577 2766 617 vas
2793 560 3092 627 electionis,
3124 560 3272 615 illum
3291 559 3604 627 magistrum
3632 557 3862 612 omnium

601 659 668 710 ab
695 656 1064 724 evangeiistis,
1096 665 1150 710 et
1175 655 1242 710 ab
1270 652 1873 728 apostolis‘declaratur.
1898 657 2182 729 Propheta:

2285 657 2667 723 Ecclesiarum,
2701 672 2809 712 non
2831 655 3030 711 bonum
3061 654 3202 724 quod
3235 652 3466 708 voluisse
3489 667 3549 707 se
3581 660 3860 718 memorat,

599 764 728 818 ergo
757 765 943 804 omnes
970 755 1097 803 ante
1124 747 1296 804 lucem
1325 758 1689 815 surrexerunt,
1733 750 1785 804 id
1826 759 1908 806 est
1932 759 2058 805 ante
2087 765 2183 805 na—
2283 750 2380 808 sed
2427 751 2623 806 malum
2671 750 2816 820 quod
2871 748 3107 804 noluisse
3161 762 3218 801 se
3265 745 3458 802 asserit
3505 753 3858 816 perpetrasse.

597 842 861 896 tivitatem
890 839 1107 895 Christi.
1151 839 1244 895 His
1270 841 1321 894 in
1351 857 1545 896 vanum
1576 841 1675 896 fuit
1701 849 1827 898 ante
1854 843 2027 912 lucem
2055 858 2179 897 sur-

595 947 760 1003 gere;
793 949 899 987 non
939 932 1082 987 enim
1112 941 1402 1002 potuerunt
1443 943 1654 989 noctem
1684 935 2011 1004 patientibus
2039 936 2178 990 veri-

595 1015 762 1082 tatem
812 1025 1116 1081 ostendere.
1167 1024 1273 1080 Sed
1325 1027 1468 1080 venit
1518 1027 1607 1080 lux
1633 1065 1646 1090 ,
1712 1036 1766 1080 et
1820 1027 2179 1082 manifestavit

595 1120 807 1175 oceulta
833 1119 1174 1174 tenebrarum
1201 1137 1212 1172 :
1246 1127 1299 1172 et
1330 1127 1454 1174 tunc
1483 1119 1697 1174 demum
1741 1120 1858 1175 laus
1895 1121 2060 1192 ccepit
2087 1137 2175 1176 es-

593 1227 654 1268 se
681 1213 970 1280 unicuique
998 1227 1028 1265 a
1060 1211 1190 1266 Deo.
1221 1210 1328 1265 Nisi
1354 1226 1481 1280 ergo
1511 1212 1625 1282 ipse
1659 1213 1893 1268 venisset
1913 1221 1968 1267 et
2011 1212 2175 1267 aedili-

593 1313 770 1364 casset
816 1297 1052 1368 domum,
1099 1303 1151 1357 in
1197 1319 1389 1357 vanum
1428 1305 1807 1359 laboraverant
1851 1302 2176 1362 aediﬁcantes

591 1413 733 1456 eam.
761 1397 911 1451 Nunc
938 1411 1066 1466 ergo
1092 1398 1216 1466 quia
1246 1398 1391 1450 venit
1421 1406 1476 1452 et
1500 1395 1780 1452 zediﬁcavit
1807 1398 2044 1464 domum,
2060 1399 2174 1468 jam

593 1511 702 1551 non
725 1496 777 1548 in
811 1508 1002 1548 vanum
1042 1491 1286 1545 laborant
1333 1491 1422 1559 qui
1461 1490 1725 1546 aediﬁcant
1761 1509 1898 1547 eam.
1933 1492 2002 1547 Et
2047 1495 2172 1562 quia

591 1587 744 1641 vienit
769 1593 828 1638 ut
856 1583 1117 1638 custodiat
1141 1582 1432 1647 civitatem,
1462 1582 1573 1651 jam
1598 1599 1705 1637 non
1730 1585 1783 1638 in
1814 1601 2007 1639 vanum
2038 1587 2172 1654 vigi-

589 1677 704 1732 lant
723 1677 812 1745 qui
841 1673 1148 1730 custodiunt
1176 1689 1314 1727 eam.
1357 1671 1424 1726 Et
1462 1675 1588 1742 quia
1616 1675 1707 1729 lux
1735 1678 1899 1741 venit,
1933 1687 1987 1731 et
2032 1678 2174 1733 lucet

2283 841 2582 912 Aperuistis
2609 850 2810 912 portas,
2844 856 2951 895 non
2975 838 3215 919 justitiae,
3240 839 3334 894 sed
3364 837 3664 908 iniquitatis
3693 837 3863 892 omni-

2283 935 2383 992 bus
2404 935 2731 1001 hominibus,
2755 943 2812 989 et
2836 949 2903 990 ex
2934 933 3114 988 verbis
3141 933 3386 1004 Apostoli
3413 921 3603 987 contra
3629 930 3863 1000 Aposto-

2280 1027 2394 1084 lum
2428 1028 2571 1085 bella
2613 1027 2945 1097 sumpsistis,
2983 1021 3244 1081 volentes
3273 1039 3392 1081 esse
3431 1022 3708 1093 magistri,
3751 1036 3863 1077 cum

2283 1137 2555 1191 nunquam
2601 1121 2763 1176 fuisse
2786 1135 2884 1177 vos
2924 1118 3216 1188 discipulos
3243 1116 3556 1182 ostendatis,
3591 1123 3647 1171 et
3674 1128 3864 1186 sonum

2280 1215 2475 1272 litteras
2515 1215 2855 1270 attendentes
2891 1213 2994 1284 ipsi
3035 1212 3188 1267 vobis
3235 1211 3411 1265 subito
3461 1208 3709 1279 ccepistis
3757 1221 3863 1260 esse

2278 1308 2547 1365 doctores.
2572 1305 2710 1374 Quid
2733 1322 2876 1361 nunc
2903 1304 3145 1370 iacimus,
3175 1303 3488 1373 qui-vestras
3505 1297 3863 1371 blasphemias

2282 1415 2387 1456 non
2430 1400 2722 1454 duramus?
2773 1397 2831 1453 Si
2873 1397 3227 1458 tacuerimus,
3276 1409 3375 1450 vos
3410 1391 3674 1448 videmini
3730 1398 3862 1472 recte

2277 1491 2501 1559 dixisse,
2529 1507 2631 1546 nec
2651 1491 2827 1546 solum
2855 1489 3076 1554 dixisse,
3109 1486 3204 1542 sed
3231 1486 3397 1542 etiam
3425 1484 3734 1555 scripsisse.
3765 1480 3862 1536 Lo-

2278 1584 2514 1655 quimur,
2561 1582 2785 1653 juvante
2824 1581 3072 1644 Domino,
3105 1579 3370 1648 fugientes
3413 1577 3640 1648 gloriam
3692 1573 3862 1630 homi-

2281 1691 2429 1742 num,
2463 1676 2673 1730 nescios
2701 1675 2979 1740 docentes,
3013 1672 3284 1728 studiosos
3313 1671 3660 1735 instruentes,
3699 1666 3860 1722 scien-

587 1771 645 1825 in
664 1768 919 1834 tenebris,
944 1767 1054 1836 jam
1086 1784 1190 1822 non
1216 1769 1270 1823 in
1301 1785 1493 1823 vanum
1525 1778 1648 1824 ante
1678 1771 1850 1826 lucem
1874 1773 2157 1841 surgimus.
2201 1785 2242 1842 Β
2277 1778 2362 1826 tes
2381 1767 2736 1834 laetiticantes,
2754 1783 2853 1823 vos
2879 1767 3211 1836 detegentes.
3238 1765 3517 1835 Scriptum
3547 1762 3669 1817 libri
3707 1759 3859 1816 vestri

587 1861 651 1917 Et
687 1863 810 1931 quia
843 1859 997 1930 panis
1034 1861 1228 1915 lmtitiae
1273 1860 1339 1924 de
1361 1861 1498 1916 coelo
1545 1862 1857 1929 descendit,
1903 1865 2012 1933 jam
2060 1881 2167 1919 non

583 1955 969 2010 manducamus
1017 1970 1210 2024 panem
1255 1954 1475 2009 doloris.
1508 1955 1645 2011 Hinc
1666 1957 1806 2010 enim
1845 1959 2087 2027 sequitur
2116 1960 2166 2012 in

583 2047 792 2120 psalmo
814 2047 1125 2102 versiculus.
1161 2046 1289 2111 Vos,
1324 2048 1517 2116 inquit,
1566 2057 1589 2084 ιι
1613 2049 1667 2102 in
1696 2065 1891 2103 vanum
1933 2061 2056 2106 ante
2085 2052 2166 2106 lu-

472 2174 482 2183 -
583 2136 969 2208 eemsurgitis,
1014 2139 1107 2208 qui
1163 2139 1501 2193 manducatis
1548 2155 1741 2209 panem
1788 2141 2011 2196 doloris.
2060 2141 2168 2196 Nos

583 2240 763 2308 autem
789 2231 882 2301 qui
912 2246 1019 2286 non
1060 2230 1446 2286 manducamus
1470 2247 1664 2301 panem
1693 2233 1914 2299 doloris,
1946 2235 2040 2289 sed
2070 2251 2165 2305 pa-

582 2339 705 2380 nem
734 2325 940 2391 salutis,
977 2323 1299 2380 mdilicemus
1349 2324 1568 2380 domum
1607 2335 1848 2380 nostram
1885 2343 2048 2398 super
2074 2344 2168 2399 pe-

582 2425 741 2482 tram,
773 2427 826 2472 et
853 2418 1133 2485 vigilemus
1161 2425 1538 2487 exspectantes
1574 2419 1885 2487 Dominum,
1917 2423 2042 2490 quia
2072 2439 2168 2478 ne-

581 2509 778 2563 scimus
814 2508 953 2562 diem
991 2523 1163 2577 neque
1199 2509 1386 2563 horam
1430 2508 1642 2579 (Matth.
1680 2527 1802 2576 xxv,
1836 2511 1946 2582 ‘15).
1977 2513 2167 2568 Beatus

581 2599 668 2654 ille
693 2616 884 2663 servus,
926 2617 1071 2671 quem
1105 2600 1226 2653 dum
1252 2601 1442 2654 venerit
1469 2599 1720 2655 Dominus
1754 2601 1900 2674 (Luc.
1937 2621 2026 2670 xu,
2051 2604 2162 2673 '57),

582 2691 844 2746 invenerit
892 2691 1219 2760 vigilantem.
1254 2689 1312 2745 Si
1353 2691 1579 2758 videtur,
1630 2695 1946 2751 accedamus
1976 2697 2044 2752 ad
2077 2713 2166 2752 re--

580 2781 740 2852 ﬁqua.
1931 2789 1938 2792 ’

647 2872 782 2954 XIII.
798 2873 824 2912 b
841 2873 946 2930 Sed
966 2875 1088 2947 quid
1107 2885 1291 2947 putant
1307 2879 1395 2932 isti
1411 2894 1466 2933 se
1483 2880 1743 2934 voluntate
1753 2895 1847 2933 sua
1862 2880 1930 2933 ad
1945 2883 2165 2952 fructum

582 2966 940 3034 wdiﬁcationis
980 2970 1269 3040 attingere,
1318 2987 1432 3024 cum
1478 2988 1570 3025 nec
1611 2973 1721 3042 ipse
1768 2989 1854 3026 vas
1901 2975 2165 3028 electionis

580 3072 726 3109 suam
754 3067 953 3110 asserat
983 3061 1296 3115 voluntatem
1323 3063 1537 3132 implere
1562 3066 1832 3134 potuisse?
1861 3064 2001 3120 Dicit
2028 3069 2166 3122 enim

2275 1870 2378 1929 est,
2421 1877 2572 1932 quae,
2615 1861 2759 1932 quod
2802 1859 2954 1931 pejus
3001 1868 3116 1924 est,
3168 1859 3320 1914 vobis
3363 1855 3729 1911 morientibus
3775 1851 3855 1906 illa

2273 1972 2383 2011 non
2437 1955 2693 2022 moritur,
2739 1961 2794 2008 et
2835 1953 2901 2008 ad
2959 1951 3278 2006 evertendos
3322 1951 3567 2005 incautos
3609 1955 3853 2015 tanquam

2273 2063 2467 2103 cancer
2498 2048 2682 2117 serpit.
2721 2046 3008 2100 Videamus
3029 2044 3153 2114 quid
3176 2051 3435 2111 sequatur
3464 2041 3647 2106 libera
3676 2044 3849 2092 vestra

2273 2141 2510 2194 vanitate
2546 2139 2902 2208 conscriptus.
2946 2147 2968 2174 ε
2995 2135 3228 2206 Apostoli
3257 2133 3411 2207 verba
3448 2138 3595 2194 sunt,
3625 2136 3854 2184 nostrum

2273 2232 2402 2286 nihil
2447 2232 2798 2304 adjungimus.
2835 2230 2956 2302 Ipse
3001 2230 3066 2283 de
3111 2246 3165 2282 se
3193 2228 3365 2282 dicit:
3398 2224 3521 2279 Non
3567 2224 3709 2296 quod
3750 2221 3854 2277 volo

2273 2326 2462 2381 bonum
2508 2326 2604 2380 hoc
2657 2342 2786 2397 ago,
2837 2325 2925 2379 sed
2962 2322 3097 2395 quod
3144 2322 3264 2376 nolo
3311 2321 3505 2374 malum
3547 2318 3681 2372 illud
3726 2316 3854 2388 facio

2274 2419 2462 2492 (Ibid).
2497 2421 2514 2458 ί
2548 2421 2706 2475 Arius
2735 2420 2789 2474 in
2819 2419 2979 2474 tertio
3015 2418 3151 2472 libro
3181 2432 3280 2472 suo
3310 2415 3636 2485 epigramma
3667 2411 3851 2482 hujus-

2272 2515 2417 2572 modi
2451 2516 2648 2586 posuit,
2677 2515 2862 2569 dicens
2897 2532 2908 2566 :
3406 2549 3408 2551 ›

2347 2599 2485 2661 XIV.
2508 2606 2617 2662 Nos
2642 2607 2806 2662 verba
2837 2604 2956 2658 Filii
2980 2604 3076 2658 Dei
3106 2601 3430 2672 accepimus,
3455 2609 3512 2655 et
3535 2612 3666 2653 vera
3690 2595 3853 2653 credi-

2271 2717 2410 2764 mus,
2433 2714 2560 2754 vera
2585 2699 2747 2754 etiam
2776 2696 3112 2753 conﬁtemur.
3140 2695 3259 2766 ipse
3285 2693 3416 2750 dicit
3443 2711 3455 2746 :
3488 2690 3647 2746 Pater
3684 2689 3853 2758 major

2272 2810 2359 2849 me
2397 2802 2498 2860 est,
2531 2803 2586 2848 et
2619 2811 2630 2846 :
2660 2791 2773 2862 Ego
2813 2802 2867 2846 et
2894 2790 3060 2846 Pater
3099 2803 3259 2844 unum
3288 2801 3492 2852 sumus,
3525 2785 3650 2854 quia
3677 2795 3777 2851 ego
3803 2782 3850 2836 in

2273 2884 2452 2952 Patre,
2481 2892 2535 2949 et
2558 2882 2719 2938 Pater
2744 2883 2797 2944 in
2821 2897 2926 2937 me.
2969 2881 3152 2936 Noluit
3197 2879 3408 2948 legere;
3454 2876 3684 2945 jungere
3710 2873 3846 2928 enim

2267 2977 2445 3047 potuit
2465 2976 2572 3031 duo
2602 2976 2724 3039 ista,
2751 2973 2804 3029 id
2833 2982 2933 3042 est,
2966 2972 3129 3028 Pater
3150 2971 3318 3041 major
3343 2986 3425 3024 me
3453 2976 3552 3036 est,
3583 2976 3640 3022 et
3667 2964 3850 3038 Ego-et

2270 3072 2432 3127 Pater
2459 3069 2619 3126 unum
2662 3087 2877 3136 sumus;
2926 3078 2980 3124 et
3008 3069 3134 3124 dum
3181 3067 3283 3121 ista
3312 3064 3420 3121 d‘uo
3455 3063 3744 3133 iunxisset,
3776 3061 3852 3114 in-

581 3145 646 3198 άε
673 3163 726 3199 δε
756 3147 865 3216 ipso
892 3149 1166 3218 Αροεεοιαε
1191 3167 1206 3203 -'
1240 3149 1293 3203 Ν
1297 3169 1366 3205 οη
1391 3154 1526 3224 quod
1565 3155 1676 3209 volo
1705 3157 1894 3210 bonum
1925 3158 2019 3212 hoc
2042 3176 2161 3231 ago,
2192 3171 2238 3234 C
2268 3173 2490 3220 venerat
2520 3151 2716 3218 Filium
2758 3161 2991 3216 hominis
3028 3167 3084 3215 et
3109 3157 3300 3213 Filium
3345 3155 3462 3210 Dei.
3493 3151 3685 3208 Omnia
3713 3150 3851 3206 enim

580 3236 671 3290 sed
709 3237 846 3308 quod
884 3239 1004 3294 nolo
1045 3241 1237 3294 malum
1266 3242 1396 3294 illud
1430 3245 1568 3314 facio
1620 3244 1798 3317 (Rom.
1844 3263 1932 3313 vn,
1964 3246 2071 3317 l9).
2104 3246 2166 3303 Si
2205 3277 2207 3279 ι

584 3345 702 3400 ergo
724 3331 998 3400 Apostolus
1021 3333 1156 3404 quod
1185 3335 1288 3388 vult
1312 3334 1502 3389 bonum
1521 3337 1736 3405 implere
1762 3355 1866 3394 non
1896 3342 2162 3411 praevalet,

579 3420 835 3488 quomodo
855 3424 941 3475 isti
970 3423 1148 3477 dicunt
1187 3442 1279 3494 per
1305 3425 1621 3482 voluntatem
1649 3446 1799 3483 suam
1832 3431 1902 3484 ad
1945 3433 2166 3503 fructum

580 3528 636 3565 se
657 3531 807 3582 posse
836 3517 1022 3584 gratia:
1048 3519 1330 3586 pervenire.
1364 3530 1384 3557 ο
1426 3519 1711 3590 Nunquam
1740 3523 1956 3578 lestinat
1985 3524 2052 3578 ad
2077 3540 2165 3580 ve-

583 3605 746 3671 niam,
779 3609 867 3675 qui
898 3609 1112 3677 longum
1142 3611 1255 3664 vult
1283 3626 1402 3666 esse
1430 3614 1573 3681 quod
1599 3623 1804 3684 peccat.
1833 3617 1905 3669 Da
1930 3617 2159 3683 veniam,

581 3698 837 3766 magister
862 3701 1118 3768 gentium,
1143 3717 1464 3771 quaesumus,
1489 3722 1557 3760 ne
1581 3722 1681 3762 nos
1705 3710 1991 3779 participes
2021 3711 2162 3781 inju-

579 3791 781 3845 riarum
810 3801 1020 3848 tuarum
1043 3810 1161 3851 esse
1203 3797 1504 3866 permittas.
1538 3799 1822 3856 Videamus
1868 3818 1996 3870 ergo
2034 3805 2163 3874 quid

577 3885 792 3940 volebat
821 3889 1110 3958 Apostolus
1135 3897 1190 3944 et
1224 3889 1403 3945 facere
1434 3907 1543 3946 non
1572 3893 1806 3958 valebat,
1850 3897 2052 3966 etquid
2080 3907 2162 3954 est

574 3977 718 4046 quod
740 3979 1034 4046 cogebatur
1059 3980 1237 4035 facere
1260 3983 1404 4053 quod
1445 3983 1686 4039 nolebat.
1719 3982 1943 4040 Volebat
1975 4003 2158 4045 verum

576 4068 760 4137 loqui,
819 4071 1034 4124 mentiri
1091 4081 1270 4126 autem
1326 4075 1542 4143 penitus
1585 4091 1696 4151 non
1745 4078 1983 4144 volebat;
2028 4095 2158 4151 ergo

575 4159 951 4213 mentiebatur.
984 4160 1213 4216 Volebat
1257 4143 2005 4238 pudicitiam,’impudicitiam
2035 4143 2158 4243 pevr-

574 4249 856 4314 horrebat;
921 4265 1048 4319 ergo
1099 4254 1456 4322 polluebatur.
1515 4257 1742 4314 Volebat
1791 4272 2154 4334 contemptum

573 4340 777 4406 mundi,
819 4344 1200 4399 cxsecrahatur
1243 4362 1458 4402 omnem
1504 4350 1732 4417 gloriam
1770 4355 1980 4421 smculi;
2025 4372 2154 4426 ergo

571 4433 899 4498 cenodoxus,
957 4433 1007 4487 id
1037 4445 1118 4489 est
1165 4438 1337 4493 inanis
1383 4440 1568 4508 gloriae
1607 4445 1830 4513 cupidus
1868 4448 2147 4505 existebat.

2271 3257 2640 3327 passibilitatis
2661 3270 2881 3326 genera,
2913 3269 2942 3308 a
2966 3252 3176 3308 Deitate
3203 3249 3431 3316 sublata,
3464 3248 3565 3305 soli
3592 3245 3727 3303 Filio
3754 3246 3851 3300 δο-

2269 3349 2427 3402 minis
2457 3356 2707 3418 poterant
2731 3347 3036 3403 convenire.
3054 3344 3196 3400 Deus
3223 3343 3369 3399 enim
3406 3356 3508 3398 nec
3528 3341 3722 3404 minor,
3749 3350 3852 3392 nec

2267 3441 2442 3510 major
2459 3447 2558 3506 est,
2589 3440 2680 3495 scd
2711 3440 2815 3494 hoc
2838 3447 2921 3496 est
2946 3437 3090 3508 quod
3119 3443 3202 3492 est
3229 3434 3373 3491 idem
3401 3447 3634 3504 semper,
3661 3443 3851 3486 carens

2237 3533 2621 3598 incremento,
2670 3547 2860 3587 carens
2899 3531 3242 3587 detrimento.
3273 3529 3554 3597 Nunquam
3595 3537 3850 3595 augmen-

2266 3623 2432 3679 tando
2460 3622 2689 3694 proﬁcit,
2723 3638 2997 3693 nunquam
3023 3619 3206 3678 deﬁcit
3239 3620 3550 3684 minuendo;
3593 3616 3690 3671 sed
3713 3623 3846 3670 ante

2265 3719 2446 3774 omnia
2474 3718 2617 3788 idem
2636 3719 2729 3790 qui
2750 3726 2872 3790 post
2891 3717 3092 3782 omnia,
3116 3717 3241 3772 etin
3261 3711 3496 3770 omnibus
3523 3706 3826 3780 praeteritis.

2262 3811 2618 3882 praesentibus
2645 3817 2700 3868 et
2725 3811 2918 3868 futuris
2960 3807 3295 3866 immutabilis
3336 3809 3663 3876 perseverat.
3701 3797 3836 3855 Haec

2261 3906 2418 3977 quasi
2462 3905 2520 3960 in
2565 3905 2672 3959 alio
2718 3919 2883 3976 opere
2909 3903 3052 3959 dicta
3099 3905 3226 3958 sint.
3262 3895 3665 3957 laboravimus
3689 3892 3846 3947 enim

2261 3995 2715 4052 anathemabilem
2755 3994 2942 4050 Arium
2989 3995 3043 4049 in
3072 3994 3219 4050 tertii
3268 3991 3387 4047 libri
3427 3989 3510 4045 sui
3534 3988 3711 4060 capite
3735 3987 3854 4042 hoc

2259 4087 2478 4154 dixisse,
2521 4087 2710 4144 ordine
2735 4101 2844 4159 quo
2870 4085 3243 4142 Praedestinati
3271 4084 3520 4139 dixerunt
3551 4100 3565 4134 :
3602 4079 3857 4154 Apostoli

2259 4182 2425 4238 verba
2459 4173 2606 4248 sunt,
2649 4188 2892 4238 nostrum
2940 4180 3069 4234 nihil
3099 4177 3432 4244 addidimus;
3481 4176 3597 4247 ipse
3622 4173 3752 4229 dicit
3779 4172 3856 4230 de

2257 4287 2317 4329 se
2349 4292 2360 4326 :
2395 4271 2521 4328 Non
2540 4273 2676 4347 quod
2695 4273 2808 4328 volo
2837 4271 3024 4327 bonum
3053 4271 3146 4324 hoc
3167 4287 3285 4342 ago,
3314 4269 3407 4324 sed
3445 4267 3582 4340 quod
3619 4262 3706 4321 odi
3726 4280 3854 4319 ma-

2256 4367 2363 4420 lum
2390 4367 2485 4421 hoc
2526 4367 2662 4438 facio
2703 4365 2916 4439 (Ibid).
2971 4363 3214 4419 Vestram
3266 4376 3410 4416 nunc
3451 4360 3856 4428 interrogamus

2254 4458 2623 4530 prudentiam;
2672 4459 2989 4531 Apostolum
3016 4458 3242 4527 legimus
3281 4457 3480 4512 dixisse
3513 4473 3526 4510 :
3568 4453 3692 4512 Vivo
3739 4473 3855 4512 ast-

569 4519 853 4624 Postrenio
887 4523 1101 4624 volebat
1147 4529 1555 4624 omne—bonum.
1591 4549 1752 4588 omne
1781 4545 1955 4591 autem
2004 4543 2147 4609 quod
2176 4557 2228 4616 Ι)
2254 4519 2505 4622 iem,'jam
2525 4519 2627 4606 non
2647 4519 2760 4624 ego,
2786 4553 2905 4606 vivit
2925 4567 3041 4605 vero
3068 4519 3121 4604 in
3152 4567 3232 4604 me
3261 4548 3529 4615 Christus;
3569 4549 3706 4622 quod
3744 4565 3856 4604 ast-

565 4620 650 4667 est
679 4615 876 4668 malum
907 4617 1227 4672 omnimodis
1247 4621 1599 4689 exhorrebat;
1632 4624 1765 4679 nihil
1793 4642 1920 4696 ergo
1948 4630 2147 4686 bonum

566 4708 709 4775 quod
738 4710 951 4764 volebat
975 4709 1264 4780 Apostolus
1305 4716 1650 4784 operabatur,
1695 4719 1786 4774 sed
1817 4735 1976 4776 omne
2004 4725 2147 4794 quod

563 4806 648 4851 est
677 4802 1057 4867 nequissimum
1074 4808 1454 4873 perpetrabat.
1485 4807 1672 4863 Dicitis
1699 4812 1840 4865 enim
1867 4832 1878 4866 :
1912 4815 2051 4870 Dicit
2078 4818 2146 4874 de

559 4903 618 4943 se
645 4890 759 4958 ipso
790 4891 1074 4961 Apostolus
1107 4914 1119 4948 :
1152 4894 1275 4952 Non
1296 4900 1432 4970 quod
1451 4901 1564 4956 volo
1587 4901 1776 4957 bonum
1796 4906 1889 4959 hoc
1910 4925 2026 4980 ago,
2051 4912 2144 4966 sed

562 4983 758 5037 malum
785 4988 920 5056 quod
950 4989 1068 5042 nolo
1089 4991 1218 5044 illud
1237 4995 1373 5063 facio
1399 4994 1609 5068 (Ibid.).
1641 4997 1914 5057 Videtisne
1933 5045 1945 5069 ,
1981 5005 2139 5061 obse-

557 5090 670 5140 cro,
701 5078 752 5131 in
782 5092 886 5146 qua
917 5078 941 5115 ι¹
969 5081 1422 5151 blasphemiorum
1452 5088 1608 5145 fovea
1629 5108 1802 5149 caecus
1830 5111 2019 5154 sensus
2045 5116 2138 5157 ve-

2251 4651 2354 4698 tem
2380 4644 2598 4699 nuncin
2627 4662 2782 4698 carne
2803 4645 2930 4708 vivo,
2961 4645 3017 4697 in
3045 4644 3150 4714 ﬁde
3177 4644 3288 4698 vivo
3317 4641 3418 4698 Dei
3458 4639 3599 4713 (Gal.
3628 4657 3685 4708 n,
3713 4640 3852 4714 20).

2248 4737 2388 4806 Quid
2410 4755 2551 4793 nunc
2572 4737 2785 4794 dicitis?
2805 4737 3048 4793 Carnalis
3066 4744 3183 4792 erat
3197 4737 3282 4792 vir
3300 4737 3418 4804 iste,
3447 4751 3514 4790 an
3529 4730 3855 4807 'spiritalis?

2245 4827 2303 4885 Si
2332 4829 2576 4885 dixeritis
2630 4830 2880 4893 carnalis,
2933 4830 3358 4897 convincemini;
3415 4828 3609 4886 clamat
3635 4828 3800 4884 enim
3838 4850 3855 4886 :

2248 4920 2381 4978 Vivo
2405 4921 2517 4992 jam
2547 4937 2654 4978 non
2685 4937 2804 4992 ego,
2827 4922 2960 4976 vivit
2979 4937 3109 4978 vero
3137 4924 3191 4977 in
3220 4938 3307 4979 me
3327 4922 3588 4979 Christus.
3615 4919 3674 4978 Si
3701 4937 3860 4980 oon-

2243 5018 2520 5078 senseritis
2547 5017 2690 5086 quod
2739 5005 2994 5088 spiritalis
3040 5016 3219 5085 fuerit,
3251 5018 3530 5074 nobiscum
3559 5017 3729 5072 istum
3767 5018 3862 5075 lo-

2242 5125 2365 5167 cum
2391 5111 2765 5182 explanabitis.
2797 5109 2971 5183 Caput
2998 5113 3141 5168 enim
3170 5113 3274 5169 loci
3302 5111 3462 5182 hujus
3496 5111 3550 5166 in
3576 5110 3682 5166 hoc
3713 5127 3860 5168 ser-

551 5176 667 5225 s‘er
698 5179 790 5225 vos
838 5175 1137 5244 praecipites
1183 5178 1422 5235 dederit?
1465 5182 1779 5253 Apostolum
1827 5192 2136 5251 criminibus

555 5273 877 5333 occupatum
916 5266 1082 5324 fuisse
1105 5270 1263 5325 vultis
1292 5275 1574 5331 ostendere
1593 5319 1606 5344 ,
1641 5288 1700 5333 ut
1728 5296 1887 5336 nemo
1909 5301 1966 5340 se
2004 5302 2129 5356 pec-

507 5377 510 5382 -
551 5358 790 5410 calorem
822 5374 938 5414 esse
965 5362 1217 5432 suspiret,
1248 5380 1407 5421 nemo
1435 5368 1525 5422 imi
1549 5370 1726 5428 cordis
1752 5377 2007 5441 gemitum
2029 5394 2128 5448 pro

2239 5216 2402 5257 mone
2420 5203 2659 5273 reperies
2684 5202 2829 5272 quod
2855 5203 2973 5260 iniit
3005 5223 3017 5258 :
3042 5203 3248 5261 Scimus
3275 5206 3411 5277 quod
3447 5204 3534 5260 lex
3567 5203 3862 5274 spiritalis

2236 5301 2333 5357 est,
2357 5309 2450 5359 ego
2480 5301 2652 5348 autem
2675 5296 2902 5351 carnalis
2931 5313 3044 5352 sum
3073 5295 3249 5369 (Rom.
3283 5313 3373 5364 vn,
3405 5294 3514 5366 ιι).
3540 5293 3599 5369 Si
3629 5309 3863 5352 carna—

2236 5383 2301 5439 lis
2324 5399 2401 5450 es,
2437 5385 2594 5443 beate
2622 5385 2900 5486 Apostole,
2931 5391 3206 5460 quomodo
3235 5392 3414 5463 arguis
3441 5390 3710 5458 carnales,
3752 5393 3863 5449 di-

2305 5539 2332 5578 d
2371 5541 2470 5613 Ms.
2513 5545 2675 5613 idem,
2707 5509 3166 5613 blasphemiarum.

2230 5561 2348 5737 “Et
2509 5561 2675 5672 i3§$’
2707 5561 3276 5678 factum...
3342 5619 3573 5692 mea
3641 5561 3866 5681 .Vcrba

2218 5837 2227 5847 ο
2311 5753 2327 5792 τ
2369 5755 2467 5857 Ms.
2509 5756 2648 5816 idem
2681 5775 2695 5814 :
2726 5756 3038 5821 Carnouct.
3065 5762 3221 5821 Arius
3242 5764 3299 5823 in
3334 5765 3486 5824 tertio
3510 5761 3669 5835 libro,
3717 5775 3874 5828 etc-

586 5522 644 5596 ,ι
673 5514 1085 5600 ΜεκΑυείθηεε,
1111 5524 1168 5576 in
1204 5540 1389 5581 vanum
1416 5528 1709 5599 cedi/tentis,
1742 5530 1797 5584 in
1824 5549 2010 5590 vanum
2037 5538 2109 5590 vi-

544 5583 740 5651 am»,
773 5605 824 5644 in
856 5607 1041 5647 uanum
1066 5603 1186 5648 ante
1213 5595 1391 5651 lucem.
1776 5614 1778 5616 '

873 5608 1038 5632 mnum
1066 5608 1186 5632 ίιῃιρ
1214 5608 1371 5632 utrm
1776 5614 1778 5616 τ

615 5593 740 5691 βω,
773 5593 824 5667 iu
852 5607 1041 5666 canum
1066 5603 1186 5648 ante
1213 5595 1391 5652 lucem.
1517 5593 1527 5599 ’
1697 5593 1704 5596 ⁷
1776 5614 1778 5616 '

618 5731 641 5743 Δ
813 5673 952 5743 idem
981 5682 991 5714 :
1028 5662 1140 5743 ἓν.
1166 5664 1461 5743 Hancne}.
1494 5671 1602 5727 Sed
1630 5672 1752 5743 quid
1779 5684 2120 5742 putant,.etc.

618 5731 641 5760 ε
672 5723 766 5779 Ms.
810 5729 948 5784 idem
983 5751 994 5784 :
1026 5723 1334 5794 Csruouci.
1376 5723 2048 5815 Nunechiiié‘siiiéi,"e’tci
