4140 6346
263 309 370 367 853

723 274 1313 371 pmnssrtus'rus
1350 288 1500 367 sive
1537 276 2234 369 ιιιιιευεεῃιιίᾼνιεοιιυιι
2276 280 2609 365 smmis,
2652 284 2803 347 ssc.
2838 289 2945 345 us
2981 277 3111 370 ιιι.-

3428 286 3535 357 654

260 435 390 478 cens
421 437 436 473 :
469 412 540 473 Et
559 431 674 489 ego,
697 419 908 490 fratres,
935 432 1039 469 non
1053 411 1197 485 potui
1224 410 1364 501 vobis
1384 406 1714 501 loquiiquasi
1876 405 1927 464 Δ
1956 403 2076 501 situ,
2101 396 2214 501 scio
2244 408 2444 501 lignum
2483 418 2538 465 et
2575 410 2804 481 lapidem
2836 410 3005 468 Deum
3042 428 3294 501 essenon
3327 430 3488 501 pospe
3519 437 3533 474 :

260 509 521 581 rilalibus,
545 508 639 563 sed
676 509 822 581 quasi
869 503 1164 561 carnalibus
1196 501 1239 576 (l
1265 500 1386 556 Cor.
1422 517 1496 567 ιιι,
1531 499 1607 569 l).
1658 497 1727 553 Et
1755 498 1854 553 ite.»

200 592 207 605 ’
260 617 382 659 rum
417 620 429 655 :
464 599 593 656 Cum
619 600 839 667 dicatur,
858 599 1048 669 inquit,
1073 598 1127 651 in
1157 595 1295 651 vobis
1326 596 1467 649 zelus
1495 602 1545 648 et
1572 592 1850 667 contentio,

202 686 210 703 ³
261 710 438 752 nonne
462 693 701 749 carnales
728 694 851 748 estis
873 690 1063 765 (Ibid.,
1090 690 1181 761 3);
1212 698 1267 746 et
1295 688 1491 743 iterum
1524 706 1537 741 :
1572 685 1851 760 Quotqttot,

263 786 458 857 inquit,
474 785 739 857 spiritales
763 799 961 850 sumus,
978 783 1088 838 hwc
1109 783 1358 854 sapimus.
1378 779 1647 837 Docemur
1675 786 1854 835 autem

261 876 479 948 scriptis
501 874 625 942 tuis,
654 875 738 930 vir
758 872 876 940 Dei,
910 872 1054 945 quod
1098 888 1206 928 non
1254 872 1430 928 solum
1455 871 1572 941 ipse
1598 869 1857 941 spiritalis

263 966 451 1034 fueris,
476 974 532 1022 et
558 965 614 1021 in
628 973 773 1021 terra
796 965 1003 1036 positus
1019 963 1140 1034 jure
1159 962 1369 1019 diceres
1389 961 1856 1020 conversationem

265 1067 416 1115 tuam
442 1072 564 1115 esse
590 1058 646 1113 in
672 1056 852 1125 oculis;
883 1071 1069 1112 verum
1093 1056 1255 1111 etiam
1281 1055 1387 1112 hoc
1412 1055 1689 1122 docemur,
1712 1052 1858 1126 quod

264 1157 324 1204 et
362 1148 610 1219 discipuli
657 1149 737 1203 tui
766 1146 1035 1219 spiritales
1075 1145 1290 1203 fuerint.
1335 1147 1429 1202 Ais
1454 1146 1597 1201 enim
1624 1144 1690 1199 ad
1721 1160 1816 1200 eos
1842 1162 1855 1196 :

266 1240 333 1298 Si
357 1249 644 1313 preventus
664 1240 779 1314 quis
799 1241 954 1314 fuerit
972 1241 1029 1296 in
1051 1241 1222 1313 aliquo
1266 1240 1479 1307 delicto,
1502 1256 1609 1306 vos,
1633 1234 1721 1313 q'ui
1758 1238 1860 1309 spi—

266 1334 451 1390 ritales
476 1335 620 1400 estis,
650 1334 897 1405 corripite
918 1332 1214 1405 hujusmodi
1241 1334 1297 1387 in
1333 1333 1520 1404 spiritu
1560 1337 1859 1386 mansuetu-

266 1427 415 1483 dinis
433 1424 575 1499 (Gal.
618 1443 690 1494 vt,
730 1424 805 1497 l).
835 1424 973 1493 Quid
1002 1440 1131 1495 ergo
1159 1441 1299 1480 nunc
1335 1423 1489 1479 nobis
1530 1422 1664 1478 dicis
1697 1440 1709 1475 :
1739 1421 1859 1477 Sci-

268 1519 531 1594 Iutsquia
575 1519 659 1574 lex
705 1517 956 1592 spiritalis
985 1527 1081 1585 est,
1108 1533 1201 1589 ego
1254 1524 1425 1571 autem
1466 1514 1694 1569 carnalis
1748 1529 1863 1568 sum

270 1592 455 1686 (nan.
485 1628 577 1679 vn,
608 1611 742 1684 ll)?
768 1611 849 1666 Ad
899 1611 1012 1667 haec
1040 1611 1154 1683 ipse
1200 1609 1357 1667 nobis
1400 1608 1707 1678 dignabitur
1734 1607 1864 1663 dare

268 1708 631 1776 responsum:
660 1700 859 1758 Factus
897 1719 1010 1758 sum
1044 1701 1341 1758 carnalibus
1361 1703 1510 1775 quasi
1528 1702 1776 1763 carnalis,
1808 1705 1866 1753 ut

1955 495 2048 552 sed
2080 497 2237 553 video
2264 498 2425 555 aliam
2477 502 2651 571 legem
2687 512 2873 559 contra
2921 522 3137 562 sensum
3166 495 3344 566 meum
3373 526 3539 587 τερη-
3619 552 3635 573 ι

1954 598 2208 660 gnantem
2237 590 2343 661 legi
2377 594 2574 651 mentis
2602 611 2754 663 meae,
2804 613 2923 668 qua:
2950 598 3080 655 dicit
3123 610 3179 657 et
3208 602 3403 674 probat
3438 604 3540 675 bos

1956 678 2088 737 deos
2115 696 2239 761 esse
2262 698 2368 739 non
2396 700 2586 756 posse;
2631 697 2894 759 repugnat
2938 698 3117 747 tamen
3156 691 3241 748 lex
3278 693 3391 761 haec
3416 709 3539 752 car-

1956 770 2096 827 nalis
2137 770 2243 841 legi
2294 773 2488 829 mentis
2526 791 2679 839 mem,
2710 778 2980 848 captivum
3026 796 3113 855 me
3158 781 3305 838 ducit
3344 784 3397 841 in
3426 784 3543 855 lege

1956 864 2187 936 peccati,
2202 880 2337 943 .quze
2364 865 2451 921 lex
2483 883 2590 923 non
2612 869 2772 924 estin
2802 880 2984 927 mente
3017 888 3157 939 mea,
3190 873 3285 931 sed
3304 876 3359 930 in
3378 891 3548 933 mem-

1957 953 2070 1033 bris
2116 956 2270 1011 meis.
2329 955 2571 1029 Corpore
2623 960 2768 1015 enim
2818 961 3007 1029 ducor,
3070 966 3173 1020 ubi
3202 967 3385 1025 animo
3432 985 3542 1031 non

1958 1048 2261 1102 consentio.
2310 1045 2533 1121 Infelix,
2562 1066 2655 1121 ego
2688 1050 2878 1107 homo!
2919 1053 3035 1109 Non
3064 1055 3168 1113 hoc
3209 1057 3279 1115 de
3313 1074 3372 1115 se
3416 1059 3549 1117 dicit

1961 1136 2176 1194 Paulus.
2210 1137 2327 1194 Non
2356 1141 2499 1195 enim
2530 1150 2648 1196 erat
2677 1142 2883 1211 infelix,
2911 1145 3005 1200 sed
3036 1148 3225 1205 beatus
3252 1158 3308 1205 et
3328 1159 3547 1208 sanctus

1961 1238 2065 1286 est.
2092 1229 2309 1303 Infelix,
2350 1232 2541 1302 inquit,
2599 1251 2693 1305 ego
2732 1234 2916 1289 homo!
2943 1236 3055 1307 quis
3100 1255 3179 1292 me
3214 1239 3450 1297 liberabit
3479 1242 3547 1296 de

1962 1340 2177 1394 corpore
2208 1326 2388 1379 mortis
2418 1325 2618 1397 hujus?
2643 1328 2811 1397 gratia
2860 1324 2958 1381 Dei
3001 1347 3094 1401 per
3128 1329 3408 1395 Dominum
3453 1350 3546 1395 no-

1962 1424 2124 1471 strum
2152 1414 2331 1469 Iesum
2351 1413 2607 1471 Christum
2638 1415 2824 1489 (Ibid.,
2855 1416 2968 1490 24).
2996 1418 3189 1477 Veniet
3219 1438 3348 1493 ergo
3373 1425 3547 1507 gratia

1964 1506 2304 1578 baptismatis
2325 1508 2484 1573 sacri,
2511 1516 2565 1563 et
2592 1510 2862 1566 carnalem
2892 1511 3034 1568 hunc
3051 1512 3211 1570 faciet
3230 1506 3547 1587 spiritalem.

1968 1607 2023 1655 et
2061 1599 2426 1655 venundatum
2477 1600 2576 1654 sub
2604 1610 2827 1672 peccato
2874 1604 3098 1660 redimet
3135 1622 3165 1659 a
3195 1617 3453 1677 peccato;
3496 1618 3549 1664 et

1963 1691 2076 1764 jam
2098 1709 2209 1748 non
2236 1692 2365 1748 dicit
2395 1711 2407 1745 :
2432 1691 2586 1761 Quod
2616 1710 2814 1766 Operor
2841 1712 2947 1751 non
2970 1698 3229 1769 intelligo.
3263 1701 3379 1758 Non
3406 1704 3551 1779 enim

269 1811 367 1852 eos
388 1795 478 1869 qui
508 1804 531 1832 ι
557 1795 793 1851 carnales
813 1803 962 1850 erant
984 1794 1362 1867 lucrifacerem.
1387 1792 1612 1866 Aperuit
1630 1807 1691 1848 se
1711 1791 1866 1848 nobis
1894 1790 1944 1854 B
1969 1786 2115 1858 quod
2142 1784 2257 1843 odit
2293 1786 2491 1842 malum
2516 1786 2621 1841 hoc
2650 1789 2776 1857 agit,
2808 1789 2901 1865 sed
2928 1790 3071 1861 quod
3085 1791 3200 1849 vult
3222 1792 3421 1849 bonum
3450 1795 3553 1871 hoc

270 1889 498 1953 veritas,
528 1894 582 1942 et
607 1885 822 1943 fallacia
869 1894 953 1943 εει
982 1902 1012 1941 a
1041 1886 1271 1943 veritate
1300 1885 1538 1942 exclusa.
1572 1883 1867 1969 Personam

271 1976 460 2049 itaque
498 1977 730 2034 carnalis
770 1977 1001 2033 hominis
1026 1978 1079 2032 in
1110 1992 1169 2033 se
1198 1975 1458 2046 magister
1486 1976 1745 2048 spiritalis
1776 1990 1869 2032 ex-

273 2070 439 2140 cepit.
466 2067 534 2123 Et
574 2084 642 2125 ne
669 2069 824 2141 quasi
868 2068 1160 2139 iniuriosus
1205 2067 1400 2125 doctor
1439 2083 1470 2122 a
1494 2083 1554 2124 se
1582 2068 1872 2138 repelleret

275 2161 602 2229 auditorem,
634 2176 694 2217 se
722 2162 965 2231 increpat
992 2168 1053 2215 ut
1081 2160 1247 2215 alium
1274 2161 1529 2230 corrigat.
1570 2157 1724 2214 Unde
1767 2159 1873 2215 hoc

277 2255 452 2329 ipsum
479 2256 606 2312 alibi
644 2261 1055 2319 commemorat,
1086 2252 1312 2309 dicens:
1343 2253 1445 2307 Aut
1486 2253 1720 2327 nunquid
1762 2268 1877 2326 pec-

278 2360 452 2407 catum
483 2353 582 2423 feci
622 2365 704 2405 me
731 2347 1031 2414 humilium,
1071 2353 1129 2402 ut
1168 2358 1259 2402 vos
1311 2345 1618 2402 exaltemini
1658 2344 1723 2418 (ll
1751 2343 1871 2401 Cor.

285 2459 361 2511 xt,
394 2443 487 2516 7)?
513 2442 653 2511 Quid
687 2440 854 2511 ergo?
880 2438 1017 2515 Ego,
1057 2439 1249 2510 inquit,
1282 2437 1512 2494 carnalis
1541 2454 1694 2493 sum:
1724 2438 1751 2477 ιδ
1783 2438 1876 2509 qui

284 2544 343 2590 tu
360 2536 385 2588 1
408 2532 539 2605 Ego,
558 2531 749 2602 inquit,
774 2532 859 2604 qui
878 2530 1200 2587 venundatus
1219 2547 1333 2587 sum
1357 2529 1448 2586 sub
1469 2537 1676 2602 peccato
1695 2529 1872 2602 (Rom.

284 2640 386 2686 vn,
410 2621 523 2693 ιι).
565 2620 814 2692 Nunquid
844 2627 920 2688 tu,
970 2619 1249 2692 Apostole,
1286 2621 1625 2676 venundatus
1674 2635 1732 2676 es
1773 2620 1873 2676 sub

287 2721 535 2787 peccato,
577 2713 671 2784 qui
698 2714 846 2781 olim,
886 2710 1087 2769 Christi
1125 2714 1385 2783 sanguine
1426 2713 1753 2785 redemptus,
1786 2712 1872 2769 in-

288 2806 674 2864 numerabilem
712 2821 809 2877 per
832 2805 1107 2861 Christum
1133 2803 1247 2861 Deo
1270 2806 1529 2877 populum
1559 2806 1874 2877 redemisti?

284 2896 514 2954 Constat
531 2910 661 2966 ergo
682 2897 825 2967 quod
852 2913 962 2953 non
983 2913 1137 2953 suam
1165 2897 1476 2969 Apostolus,
1504 2898 1598 2954 sed
1630 2897 1871 2967 alterius,

284 2990 341 3047 id
363 2997 449 3047 est
483 2988 714 3046 carnalis
747 2989 865 3056 viri,
900 2989 1070 3046 voluit
1096 2990 1204 3046 hoc
1236 2989 1360 3046 loco
1396 3002 1417 3029 ο
1448 2989 1723 3046 declarare
1752 3006 1878 3062 pcr-

1969 1881 2150 1939 faciet.
2183 1876 2297 1936 Scit
2336 1881 2479 1936 enim
2506 1882 2759 1953 quoniam
2784 1883 2895 1953 jam
2932 1883 3140 1965 habitat
3163 1885 3217 1945 in
3247 1901 3410 1961 carne
3438 1887 3555 1959 eius

1970 1977 2193 2044 bonum,
2216 1976 2269 2033 id
2298 1984 2381 2033 est
2418 1974 2651 2048 Spiritus
2678 1984 2915 2043 sanctus,
2948 1958 3049 2071 per
3072 1958 3233 2057 quem
3257 1987 3313 2037 et
3340 1958 3480 2049 uelle
3504 1980 3556 2034 ei

1972 2067 2201 2138 adjacet,
2234 2077 2288 2123 et
2316 2068 2575 2141 perlicere
2604 2069 2841 2127 inveniet
2877 2067 2977 2147 pro
3015 2085 3112 2129 sua
3133 2071 3274 2145 bona
3311 2070 3557 2145 volutata

1973 2154 2045 2216 te;
2102 2158 2329 2237 Jamque
2381 2176 2602 2217 securus
2638 2169 2741 2225 est,
2780 2169 2836 2218 et
2878 2162 3285 2245 condelectatur
3320 2163 3425 2237 legi
3460 2162 3559 2220 Dei

1974 2253 2266 2311 secundum
2296 2253 2606 2325 interiorem
2627 2254 2920 2323 hominem,
2944 2256 3068 2333 quia
3090 2271 3199 2313 non
3227 2255 3374 2335 videt
3397 2256 3558 2327 aliam

1975 2345 2150 2415 legem
2175 2344 2229 2400 in
2251 2343 2505 2401 membris
2532 2345 2662 2402 suis.
2700 2343 2883 2403 Solam
2906 2346 3052 2407 enim
3089 2347 3263 2418 legem
3286 2345 3486 2413 Christi
3502 2349 3560 2406 in

1974 2454 2035 2495 se
2056 2437 2236 2503 habet,
2260 2453 2380 2509 qua:
2405 2454 2514 2494 non
2541 2446 2807 2511 repugnat
2834 2438 2940 2511 legi
2964 2439 3163 2501 mentis
3199 2440 3337 2513 ejus,
3368 2420 3425 2509 et
3447 2456 3559 2507 non

1975 2546 2097 2587 eum
2128 2529 2273 2586 ducit
2302 2530 2571 2602 captivum
2600 2532 2655 2588 in
2684 2531 2803 2604 lege
2830 2532 3057 2604 peccati,
3074 2531 3170 2591 sed
3188 2533 3415 2593 liberum
3436 2549 3559 2593 eum

1973 2623 2122 2680 ducit
2151 2622 2218 2678 ad
2252 2623 2418 2680 vitam
2456 2632 2733 2682 mternam.
2783 2623 2851 2685 Et
2873 2624 2988 2697 jam
3015 2642 3123 2684 non
3165 2625 3352 2685 infelix
3372 2627 3557 2694 homo,

1973 2715 2069 2773 sed
2101 2715 2231 2772 felix
2259 2731 2360 2787 ego
2389 2716 2574 2784 homo,
2602 2718 2728 2787 quia
2769 2717 2883 2773 hzec
2929 2718 3111 2773 omnia
3137 2702 3276 2772 mala
3310 2718 3476 2785 evasi,
3506 2723 3560 2785 et

1975 2810 2089 2866 hzec
2114 2810 2295 2864 omnia
2321 2809 2462 2865 bona
2505 2810 2702 2866 inveni.
2736 2804 2866 2876 Quis
2894 2817 3077 2864 autem
3104 2809 3209 2865 hoc
3258 2808 3388 2865 mihi
3426 2823 3561 2879 pra!-

1977 2903 2133 2968 stitit,
2162 2901 2209 2956 si
2237 2901 2466 2970 requiris
2491 2918 2505 2955 :
2534 2898 2722 2955 Gratia
2749 2898 2848 2956 Dei
2874 2914 2971 2975 per
3011 2899 3297 2957 Dominum
3317 2907 3561 2961 nostum)

1977 2991 2159 3049 Jesum
2182 2991 2474 3049 Christum.
2512 2990 2581 3047 Et
2608 3008 2678 3048 ne
2706 2998 3011 3049 remaneret
3033 2991 3387 3065 expositionis
3404 2991 3564 3077 hujus

284 3098 495 3141 sonam.
524 3082 620 3138 llle
656 3090 741 3139 est
774 3083 1116 3138 venundatus
1149 3083 1249 3137 sub
1276 3090 1521 3154 peccato,
1568 3081 1661 3152 qui
1704 3080 1879 3136 adhuc
1981 3086 2320 3157 ambiguitas,
2347 3102 2453 3158 qua
2480 3094 2763 3158 putaretur
2788 3086 3080 3161 Apostolus
3107 3086 3174 3142 de
3193 3102 3253 3144 se
3280 3086 3563 3149 istam

286 3176 486 3234 Christi
510 3175 769 3245 sanguine
798 3174 1110 3245 redemptus
1123 3189 1235 3229 non
1261 3181 1361 3239 est,
1394 3173 1487 3244 qui
1517 3173 1539 3209 ἀ
1565 3172 1739 3229 adhuc
1759 3188 1876 3228 car-
1905 3167 1951 3232 C
1981 3197 2058 3247 se,
2109 3181 2261 3253 ponit
2300 3181 2461 3239 verba
2500 3181 2831 3255 increpativo
2882 3181 3045 3243 modo
3086 3181 3331 3251 legenda,
3371 3182 3565 3252 quibus

287 3270 461 3336 nalis;
519 3277 577 3325 et
621 3269 744 3325 ideo
780 3268 977 3324 dicitur
1008 3286 1023 3319 :
1068 3264 1219 3332 Quod
1269 3283 1457 3339 aperor
1497 3284 1602 3325 non
1639 3258 1871 3343 intelligo

1980 3276 2056 3333 ait
2088 3294 2100 3330 :
2134 3274 2304 3349 Igitur
2329 3277 2439 3349 ipse
2464 3293 2559 3350 ego
2587 3284 2757 3333 mente
2783 3276 2950 3332 servio
2996 3275 3101 3346 legi
3139 3272 3258 3339 Dei,
3289 3290 3448 3330 carne
3471 3291 3564 3331 αιο

288 3363 472 3437 (Rom.
497 3380 585 3429 vn,
613 3361 727 3434 l5).
760 3360 878 3429 Non
907 3361 1052 3417 enim
1074 3354 1321 3433 intelligit
1334 3362 1705 3433 operationem
1725 3376 1878 3431 suam

289 3456 507 3530 gentilis
533 3463 721 3512 contra
750 3455 981 3511 salutem
1020 3469 1169 3511 suam
1208 3468 1357 3522 esse;
1388 3454 1629 3526 quilibet
1652 3454 1722 3510 sit
1748 3469 1879 3527 gen-

291 3548 423 3615 tilis,
479 3548 682 3604 bonum
724 3546 826 3603 sibi
872 3544 990 3604 vult
1025 3547 1331 3619 provenire,
1381 3539 1582 3604 bonum
1634 3547 1875 3618 adipisci,

295 3639 501 3696 bonum
528 3638 825 3711 possidere,
869 3640 1071 3696 bonum
1101 3639 1402 3710 aequirere,
1445 3640 1646 3697 bonum
1696 3639 1883 3694 salutis

297 3749 427 3801 sine,
446 3734 646 3790 bonum
674 3735 797 3790 vitm
819 3750 931 3791 suae
962 3752 975 3789 :
1003 3733 1099 3790 sed
1129 3750 1236 3789 non
1258 3733 1402 3805 quod
1423 3734 1531 3791 vult
1556 3734 1757 3791 bonum
1783 3734 1885 3799 hoc

300 3832 550 3890 exercet,
605 3826 701 3881 sed
766 3824 913 3895 quod
986 3824 1100 3880 odit
1154 3825 1355 3878 malum
1406 3824 1510 3879 hoc
1568 3822 1716 3878 facit.
1763 3820 1887 3878 Odit

304 3925 535 3972 mortem
578 3958 593 3982 ,
650 3914 745 3971 sed
798 3931 965 3986 opera
1012 3917 1202 3970 mortis
1267 3923 1527 3983 exercet;
1582 3915 1695 3971 odit
1747 3917 1888 3989 peri-

304 4009 485 4063 culum
512 4049 527 4074 ,
610 4008 702 4062 sed
756 4008 1003 4078 Operatio
1065 4008 1182 4078 ejus
1247 4010 1406 4081 plena
1464 4019 1546 4065 est
1608 4009 1888 4082 periculo;

311 4100 427 4157 odit
482 4100 663 4155 omnia
732 4102 894 4167 mala,
934 4102 1028 4157 sed
1084 4118 1203 4174 qua:
1269 4102 1381 4192 odit
1443 4104 1556 4159 haec
1617 4111 1890 4177 operatur.

310 4192 544 4262 Quare?
608 4193 731 4264 quia
779 4212 881 4261 non
921 4195 1121 4251 habitat
1173 4199 1227 4253 in
1274 4212 1430 4259 carne
1484 4214 1632 4264 mea,
1687 4197 1892 4267 inquit,

1981 3379 2082 3447 tem
2110 3369 2214 3441 legi
2241 3369 2437 3440 peccati
2482 3366 2668 3438 (Ibid.,
2700 3365 2814 3445 25).
2848 3364 3002 3420 Nihil
3042 3381 3165 3436 ergo
3213 3363 3565 3427 damnationis

1978 3442 2056 3515 est
2094 3462 2150 3514 in
2192 3458 2397 3514 Christo
2440 3456 2566 3513 Iesu
2596 3457 2673 3511 his
2721 3442 2805 3529 qui
2846 3454 3125 3510 secundum
3176 3470 3386 3510 carnem
3449 3468 3567 3511 αιι-

1982 3550 2162 3607 bulant
2205 3548 2393 3621 (Rom.
2442 3564 2551 3613 vut,
2604 3545 2701 3617 l).
2745 3545 2861 3615 lloc
2906 3553 3010 3613 est,
3053 3545 3100 3601 si
3145 3559 3271 3615 ego,
3314 3546 3407 3617 qui
3446 3561 3565 3605 sum

1983 3640 2274 3713 Apostolus
2296 3679 2312 3706 ,
2360 3638 2590 3695 carnalis
2629 3638 2946 3706 existimor,
2999 3637 3129 3695 nihil
3171 3638 3447 3697 habebunt
3473 3637 3568 3697 «ιιι

1984 3734 2275 3792 mnationis
2301 3734 2357 3791 hi
2400 3733 2492 3804 qui
2539 3732 2847 3789 carnaliter.
2866 3732 3088 3787 vivunt?
3116 3740 3173 3791 et
3200 3729 3394 3801 adiecit
3418 3748 3431 3783 :
3460 3728 3569 3784 Lex

1987 3841 2159 3886 autem
2177 3829 2391 3899 spiritus
2412 3834 2461 3881 et
2484 3828 2603 3881 vim
2623 3826 2855 3881 liberavit
2876 3832 2925 3878 te
2945 3841 2976 3877 a
3002 3824 3115 3895 lege
3136 3824 3333 3893 peccati
3352 3830 3402 3877 et
3432 3837 3573 3877 utor-

1989 3904 2377 3993 tis(1bid.,2).
2433 3917 2585 3977 Unde
2615 3918 2753 3973 etin
2780 3918 2887 3973 alio
2916 3918 3036 3973 loco
3064 3916 3195 3973 dicit
3238 3934 3250 3971 ;
3294 3915 3421 3971 Cum
3438 3913 3573 3975 servi

1992 3992 2177 4069 essetis
2213 4012 2428 4084 peccati,
2459 4010 2607 4065 liberi
2627 4010 2799 4081 fuistis
2812 4008 3052 4079 justitite.
3086 4004 3244 4063 Nunc
3263 4015 3432 4062 autem
3456 4007 3576 4064 libs-

1994 4105 2096 4159 rati
2113 4120 2143 4159 a
2164 4112 2392 4173 peccato,
2417 4102 2548 4157 servi
2565 4101 2691 4173 facti
2711 4102 2834 4159 estis
2856 4098 2955 4157 Dei
2990 4098 3169 4171 (Rom.
3187 4116 3258 4167 v1,
3288 4098 3403 4169 20).
3433 4099 3576 4158 Deus

1997 4203 2176 4252 autem
2204 4196 2260 4251 iu
2290 4211 2357 4251 eo
2379 4195 2445 4251 de
2470 4194 2706 4255 servitiis
2733 4194 2972 4251 omnium
3000 4193 3282 4263 gloriatur,
3312 4194 3438 4264 quia
3461 4208 3577 4251 ser-

310 4283 526 4353 bonum,
559 4286 611 4341 id
639 4294 738 4353 est,
774 4302 881 4343 non
926 4288 1129 4343 habitat
1164 4289 1215 4344 in
1252 4306 1339 4345 me
1367 4287 1511 4347 Deus
1536 4306 1711 4347 verus.
1755 4287 1899 4344 Nam
1998 4289 2126 4345 vitia
2152 4303 2272 4358 qum
2301 4287 2465 4343 habet
2492 4286 2651 4345 nullis
2697 4293 2954 4356 poterunt
2992 4284 3227 4343 servitiis
3253 4285 3576 4355 comparari.

306 4378 438 4433 uelle
463 4380 669 4451 adjacet
696 4379 840 4446 mihi,
865 4379 1033 4436 Deum
1058 4398 1244 4440 verum
1278 4400 1364 4440 me
1393 4385 1531 4441 velle
1561 4393 1768 4441 certum
1794 4390 1895 4450 est,

2002 4380 2261 4437 Universa
2291 4381 2436 4436 enim
2465 4380 2683 4435 servitia
2707 4379 2950 4436 coactiva
2990 4368 3317 4445 noscuniur;
3359 4376 3455 4433 Dei
3480 4390 3579 4434 au-

306 4472 405 4531 sed
436 4472 540 4529 hoc
568 4474 715 4544 quod
737 4472 862 4530 volo
885 4492 989 4529 non
1017 4475 1219 4532 invenio
1238 4475 1427 4550 (Ibid,
1460 4477 1571 4550 l8).
1600 4476 1900 4534 Occurrunt
1933 4547 1957 4550 ᾳ
2003 4487 2110 4533 tem
2149 4475 2389 4540 servitia,
2417 4473 2520 4531 nisi
2551 4472 2850 4531 voluntaria
2876 4470 3094 4537 iuerint,
3127 4478 3274 4527 stare
3321 4485 3429 4527 non
3459 4484 3580 4541 pos.

308 4564 460 4622 enim
502 4565 637 4620 mihi
672 4565 878 4621 homini
928 4567 1150 4633 carnali,
1200 4547 1403 4624 homini
1444 4547 1750 4639 venundato
1799 4569 1899 4625 sub
1922 4547 1978 4611 Β
2002 4578 2147 4638 sunt,
2171 4570 2463 4633 secundum
2492 4568 2597 4622 hoc
2622 4565 2769 4636 quod
2798 4565 3057 4636 scriptum
3086 4571 3203 4620 at:
3228 4562 3391 4618 Pater
3415 4561 3581 4617 ποιιά
3686 4562 3697 4569 “

306 4664 561 4743 peccato,
582 4657 792 4714 homini
828 4659 922 4730 qui
950 4659 1091 4735 quod
1120 4677 1315 4732 operor
1355 4679 1462 4718 non
1502 4663 1764 4733 intelligo,
1797 4663 1899 4720 ho-

2001 4682 2122 4729 nem
2152 4664 2311 4720 trahit
2358 4662 2595 4719 inuitum.
2652 4657 2802 4719 Unde
2845 4659 3107 4730 propheta
3153 4658 3345 4727 plenus
3382 4654 3586 4725 Spiritu

306 4749 450 4807 mini
488 4749 581 4821 qui
630 4765 737 4807 non
765 4750 911 4822 quod
942 4751 1295 4831 volabunum
1337 4753 1439 4809 hcc
1468 4769 1590 4825 ago,
1640 4753 1735 4829 sed
1756 4753 1902 4826 quod
2002 4764 2192 4814 sancto
2216 4756 2453 4811 clamat:
2486 4752 2569 4807 Ea:
2609 4752 2872 4807 uoluntate
2908 4766 3024 4804 mea
3053 4747 3337 4819 conﬁtebor
3363 4746 3587 4815 Domino

308 4841 447 4923 nolo
473 4841 675 4897 malum
714 4841 843 4899 illud
877 4842 1037 4911 facio,
1090 4845 1293 4903 homini
1323 4845 1374 4901 in
1405 4847 1559 4920 cujus
1587 4863 1750 4904 carne
1792 4862 1903 4903 non
2008 4850 2126 4921 (Ps.
2150 4843 2480 4917 xxvu,7).Et
2493 4838 3348 4909 iterum:Yoluntariesacrificabo
3361 4840 3453 4894 tibi
3470 4839 3587 4911 (Ps.

308 4933 531 4991 habitat
558 4933 789 5003 bonum;
822 4944 1112 4993 occurrunt
1141 4938 1271 4992 mihi
1318 4938 1421 4994 ista
1452 4941 1654 5006 omnia,
1697 4950 1755 4995 ut
1780 4955 1938 5013 ρετ-ι
2006 4959 2118 5008 Lm,
2136 4939 2214 5010 8).
2238 4938 2347 4995 Sed
2367 4938 2451 4992 his
2467 4935 2717 4993 omnibus
2746 4932 3002 4990 contrarii
3025 4932 3259 4988 'lihrum
3283 4935 3437 4990 nobis
3466 4948 3590 5004 pro-

309 5024 485 5081 licere
523 5025 725 5105 bonum
777 5043 883 5082 non
912 5027 1203 5083 inveniam.
1236 5027 1779 5095 Condelector°tamen
1806 5032 1871 5103 leg

1973 5045 1977 5062 ι
2008 5032 2187 5088 ierant
2216 5030 2373 5087 (secis
2416 5026 2728 5096 ambagibus
2756 5024 3145 5081 circumdatum
3168 5067 3183 5093 ,
3215 5034 3272 5082 et
3305 5027 3458 5096 quasi
3500 5040 3591 5078 nc-

307 5114 418 5171 Dei
446 5104 727 5172 secundum
749 5118 1045 5172 interiorem
1074 5119 1334 5197 hominem
1363 5118 1555 5192 (Ibid.,
1586 5120 1708 5193 22);
1742 5122 1796 5178 id
1827 5129 1914 5180 est
2013 5124 2183 5181 scium
2201 5104 2305 5185 sui,
2329 5121 2525 5177 iterum
2550 5118 2743 5176 eadem
2771 5125 3106 5190 repetentem
3128 5119 3590 5189 atquedicentem.

308 5202 551 5265 interior
586 5209 750 5266 homo
788 5224 942 5266 meus
984 5210 1037 5265 in
1075 5225 1184 5293 quo
1232 5218 1315 5267 est
1366 5211 1675 5293 intellectus
1714 5229 1907 5285 ~meus,
2087 5208 2204 5269 XV.
2241 5211 2259 5251 ί
2294 5210 2421 5267 Νοιι
2462 5221 2713 5268 uocantur
2749 5212 2854 5267 nisi
2900 5210 3287 5283 prodestinati;
3339 5203 3591 5260 antecedit

308 5296 728 5359 condelectatur
764 5301 869 5372 legi
911 5301 1027 5366 Dei,
1068 5288 1189 5372 qua:
1216 5302 1348 5359 dicit
1389 5288 1554 5371 unum
1584 5312 1640 5361 et
1667 5306 1912 5367 invisibi-
2014 5307 2153 5367 enim
2172 5306 2346 5378 gratia
2385 5305 2480 5361 Dei
2508 5306 2823 5361 voluntatem
2861 5303 3121 5367 hominis;
3164 5301 3310 5371 Ρτίθν
3344 5305 3421 5350 ⁸⁸³
3460 5294 3593 5379 ε”δηί

272 5391 430 5467 dem
469 5390 642 5450 Deum
686 5391 885 5477 debere
918 5394 1165 5452 adorari.
1199 5392 1455 5465 Quamvis
1503 5396 1649 5457 enim
1677 5400 1911 5461 carnalis
2015 5398 2156 5457 Deus
2182 5399 2395 5456 inbono
2422 5398 2669 5465 hominis,
2710 5397 2866 5453 homo
2906 5404 3079 5450 atem
3096 5396 3152 5448 in
3171 5392 3314 5446 omni
3353 5386 3594 5443 honoris

399 5558 429 5622 9
462 5548 566 5622 ξι
606 5551 891 5622 Δυκίειιεθρ
919 5553 1160 5608 Μηδία
1184 5564 1322 5610 Sunt-
2019 5558 2191 5612 sarnis
2217 5564 2313 5622 est,
2342 5564 2392 5611 et
2416 5556 2533 5611 ideo
2561 5556 2688 5609 dicit
2716 5552 2852 5622 quod
2876 5566 3079 5622 operor.

399 5619 430 5661 ³
459 5617 777 5695 ξρηεέκσίιίε
801 5621 888 5695 ¹ἓ⁴⁷
909 5692 918 5695 _
1052 5691 1065 5695 ,
2096 5638 2119 5665 ι’
2158 5626 2255 5682 Ms.
2298 5617 2461 5692 idem,
2493 5624 2682 5695 librum
2702 5617 2937 5695 [iteretici
2964 5617 3132 5695 nobis.

408 5690 570 5747 ε·ὶίε.
611 5684 773 5758 idem,
803 5691 1081 5747 declarari.
1444 5746 1449 5749 _
1528 5730 1532 5735 ι

2097 5696 2117 5735 τ
2149 5697 2248 5755 Ms.
2281 5697 2421 5755 idem
2449 5684 2467 5750 Ξ
2502 5693 2684 5753 ινιι..
2701 5691 3000 5748 unum.
3045 5684 3170 5747 Non
3194 5697 3444 5746 uocantur
3480 5689 3605 5759 nisi,

403 5760 438 5799 ἀ
471 5760 573 5817 II.
609 5758 773 5831 idem,
815 5760 983 5818 adhuc
1010 5765 1238 5829 carnalis
1264 5765 1382 5847 ideo
1411 5764 1601 5843 dicitur
1620 5764 1744 5841 quia
1773 5765 1925 5835 filius
2022 5777 2131 5824 etc.
2184 5792 2187 5799 ’
3490 5762 3497 5769 ’
