4140 6346
480 517 492 530 ε
584 486 892 546 novissimus
917 470 1192 536 invenitur.
1219 469 1348 524 Date
1368 468 1562 540 primas
1603 470 1776 534 partes

582 337 690 434 655

585 579 820 652 perbiam
839 569 1093 628 evacuetis
1113 566 1412 619 humanam.
1438 554 1588 621 Quod
1620 553 1665 608 si
1695 547 1956 652 volueritis
1993 559 2169 647 super-

585 636 726 726 biam
749 677 774 706 ι
805 665 1002 721 nutrire
1032 655 1341 720 hominibus,
1364 656 1582 724 apparet
1620 651 1709 701 vos‘
1727 644 1936 698 ruinam
1968 636 2170 726 generis

587 725 802 815 humani
823 753 1134 828 perquirere,
1157 748 1243 821 qui
1263 743 1458 828 docetis
1481 740 1536 794 in
1559 737 1691 793 bono
1707 747 1864 828 opere
1878 744 1985 828 non
2003 725 2172 780 Deum

585 820 908 911 antecedere,
927 820 1025 900 sed
1053 820 1278 896 hominis
1313 820 1646 894 voluntatem,
1669 835 1725 880 ut
1765 822 1865 896 ipsi
1901 820 2173 911 videantur

587 942 759 1014 magis
789 908 957 993 Deum
984 943 1040 989 ut
1063 931 1254 988 bonum
1300 927 1459 1001 faciat
1497 923 1602 978 suis
1631 908 2174 1014 suggestioniltushad-

588 1003 821 1096 monere,
853 1027 1001 1101 quasi
1028 1025 1114 1098 qui
1153 1038 1258 1078 non
1288 1022 1482 1093 faceret
1523 1015 1710 1068 bonum
1749 1009 1850 1064 nisi
1879 1006 1978 1078 ipsi
2004 1003 2179 1101 uixis-

592 1134 744 1188 sent;
918 1093 1117 1173 constet
1155 1113 1340 1176 Deum,
1369 1107 1512 1163 nullo
1540 1107 1864 1176 suggerente,
1904 1093 2045 1150 nullo
2086 1107 2174 1146 ro-

594 1223 769 1288 gante,
820 1211 958 1265 bona
997 1205 1171 1262 omnia
1202 1200 1493 1257 hominibus
1532 1194 1845 1250 condonare.
1876 1185 2001 1242 Non
2039 1184 2180 1240 enim

593 1287 724 1361 dicit
743 1302 1018 1374 Apostolus
1043 1315 1060 1352 :
1090 1296 1218 1352 Cum
1245 1307 1567 1366 rogaremus,
1595 1295 1646 1342 et
1665 1294 1967 1357 peteremus,
1998 1287 2047 1334 et
2063 1294 2179 1332 cur-

594 1412 844 1461 reremus,
874 1402 924 1447 et
951 1389 1302 1463 vigilaremus,
1326 1384 1440 1449 sed,
1465 1381 1594 1436 Cum
1613 1376 1811 1433 inimici
1839 1386 2084 1434 essemus,
2105 1384 2183 1422 re-

597 1459 860 1546 conciliati
879 1459 1055 1542 sumus
1081 1481 1228 1546 Deo;
1250 1495 1354 1534 non
1368 1493 1461 1548 per
1483 1473 1794 1529 voluntatem
1816 1473 2064 1528 nostram,
2090 1459 2181 1516 sed

597 1597 695 1653 per
712 1588 930 1636 mortem
955 1574 1084 1629 Filii
1111 1573 1222 1644 ejus
1255 1568 1434 1641 (Rom.
1466 1583 1518 1631 v,
1551 1562 1663 1633 10).
1706 1558 1805 1616 Ubi
1844 1566 1921 1653 est
1949 1556 2182 1653 voluntas

601 1644 871 1728 hominis?
900 1665 1112 1722 exclusa
1139 1670 1235 1718 est.
1268 1657 1394 1714 Non
1423 1672 1546 1729 ergo
1576 1653 1744 1710 omnis
1771 1651 1856 1722 qui
1876 1647 1982 1703 vult
2014 1644 2184 1700 salva-

597 1771 719 1828 tur;
741 1759 861 1833 quia
879 1758 929 1813 si
955 1755 1122 1812 omnis
1142 1754 1230 1827 qui
1267 1751 1418 1806 vellet
1445 1747 1755 1809 salvaretur,
1784 1740 1959 1796 nullus
1985 1743 2185 1810 poterat

1578 343 1860 405 AUCTOR
1896 331 2270 397 ANONYMUS
2309 321 2854 387 PREDESTINA'I‘I.

1816 456 1949 521 Deo,
1987 459 2046 507 ut
2072 467 2162 505 su-
2189 447 2243 508 A
2266 453 2361 501 est.
2393 445 2420 481 ά
2450 441 2589 510 Quid
2636 452 2764 508 ergo
2804 435 2911 492 hoc
2947 428 3070 489 loco
3113 421 3390 485 attenditis
3426 425 3560 521 vos?
3607 421 3872 521 Nunquid

2270 536 2564 592 luctantem
2589 529 2784 588 videtis
2811 526 2980 582 Deum
3015 531 3071 578 et
3098 521 3391 584 hominem,
3422 525 3482 572 ut
3509 515 3610 570 ista
3635 513 3873 570 dicatis?

3751 300 3866 364 656

2272 628 2330 686 Si
2351 628 2643 683 luctantem
2664 619 2940 684 videretis,
2973 623 3118 672 recte
3145 611 3238 668 uni
3261 609 3401 682 parti
3430 607 3719 664 victoriam
3759 614 3874 659 tra-

2273 719 2490 777 deretis.
2537 717 2690 772 Nunc
2734 718 2915 768 autem
2959 708 3085 778 quia
3137 704 3332 784 medici
3377 715 3624 757 normam
3675 708 3875 753 tenens

2276 811 2524 869 Salvator
2549 807 2848 870 hominum,
2879 802 2972 858 dat
2999 799 3222 864 monita,
3253 811 3362 852 non
3392 808 3502 851 suae
3528 789 3758 846 utilitati
3788 804 3877 844 ne-

2277 905 2529 969 cessaria,
2555 901 2650 959 sed
2677 907 2874 958 nostrae
2911 894 3070 952 saluti
3099 892 3268 957 utilia,
3298 888 3542 960 qumdam
3572 886 3693 942 fieri
3719 883 3876 954 jubet

2279 1006 2340 1054 ut
2366 997 2529 1051 vitam
2567 993 2832 1057 obtineas,
2863 987 3105 1059 quaedam
3134 985 3384 1056 prohibet
3413 980 3531 1036 fieri
3549 988 3610 1036 ut
3635 985 3877 1034 mortem

2281 1088 2495 1153 evadas,
2526 1087 2572 1142 si
2599 1083 2847 1149 audieris,
2893 1077 3180 1151 imputabis
3217 1074 3486 1132 Salvatori
3513 1070 3663 1144 quod
3692 1069 3874 1134 vives;

2281 1183 2328 1238 si
2357 1176 2765 1250 contempseris,
2790 1181 2896 1228 tua:
2922 1169 3197 1242 reputabis
3223 1166 3466 1238 ignaviae,
3489 1164 3619 1220 dum
3642 1162 3878 1232 «δωρεᾶς

2283 1271 2472 1328 mortis
2499 1269 2698 1326 sentire
2737 1272 3028 1332 tormenta.
3060 1260 3218 1328 Quod
3257 1258 3304 1314 si
3348 1267 3406 1312 tu
3449 1257 3599 1312 dicas
3639 1263 3878 1309 mortem

2283 1363 2468 1434 aegroti
2498 1359 2691 1416 medici
2712 1355 2978 1429 imperitia
3007 1353 3269 1418 evenisse,
3298 1365 3398 1406 nos
3418 1348 3682 1405 docemus
3710 1345 3880 1401 medi-

2285 1468 2410 1511 cum
2437 1467 2506 1508 ex
2531 1449 2676 1508 omni
2703 1455 2859 1519 parte
2888 1443 3204 1517 perfectum.
3235 1439 3292 1496 Si
3320 1448 3502 1495 autem
3528 1437 3741 1494 dixeris
3767 1435 3880 1506 ejus

2285 1545 2564 1602 voluntate
2596 1540 2786 1598 mortis
2833 1537 3108 1594 interitum
3143 1533 3473 1597 devolutum,
3510 1532 3628 1602 ipse
3655 1528 3764 1586 tibi
3784 1543 3879 1585 ex-

2287 1640 2516 1704 clamat,
2565 1636 2748 1692 dicens
2797 1653 2808 1687 :
2851 1631 2993 1688 Nolo
3037 1638 3255 1686 mortem
3304 1628 3593 1702 peccatoris
3639 1624 3878 1698 (Ezech.

2290 1747 2475 1798 xxxm,
2509 1730 2618 1802 II).
2651 1728 2822 1796 Quem
2850 1729 2897 1783 si
2935 1727 3269 1793 interrogare
3294 1722 3574 1787 merearis,
3606 1727 3664 1776 et
3694 1719 3879 1775 dicas:

551 1847 558 1850 ’
855 1849 990 1922 efﬁci
1015 1812 1235 1902 alienus.
1263 1842 1448 1898 Omnis
1466 1841 1640 1911 itaque
1668 1837 1819 1891 homo
1849 1832 2040 1888 salvari
2060 1829 2184 1894 vult,
2217 1831 2267 1894 Β
2290 1824 2349 1882 Si
2370 1827 2476 1882 hoc
2494 1839 2602 1879 non
2622 1823 2721 1890 vis,
2751 1819 2974 1877 ostende
2994 1817 3309 1922 qu‘id‘velis;
3337 1814 3689 1887 reSpondehit
3752 1812 3883 1870 Volo

596 1942 692 1999 sed
714 1957 820 1996 non
849 1940 1016 1996 omnis
1050 1936 1287 1992 solvatur
1311 1933 1484 1989 homo.
1517 1927 1763 1985 Salvatur
1789 1926 1924 1979 enim
1960 1924 2006 1976 is
2041 1935 2190 1993 quem

550 2070 553 2072 -
596 2035 820 2092 voluerit
841 2030 1005 2086 Deus.
1040 2027 1249 2101 Utique,
1278 2028 1511 2099 inquam,
1527 2023 1573 2076 is
1601 2035 1748 2093 quem
1785 2015 2005 2072 voluerit
2031 2013 2188 2078 Deus;

597 2137 659 2183 ut
678 2125 890 2182 exclusa
919 2122 1147 2178 hominis
1174 2119 1460 2181 votuntate,
1483 2130 1633 2171 suam
1667 2110 1878 2183 plenam
1903 2124 1968 2162 e1:
1987 2108 2190 2178 integro

600 2200 830 2290 gratiam
853 2215 1170 2287 manifestat.
1193 2210 1222 2250 ι’
1247 2210 1446 2266 Beatos
1465 2207 1586 2262 dico
1615 2203 1822 2276 priores
1845 2195 2193 2290 nostros,-qui

601 2287 818 2366 tantum
857 2305 1111 2362 facinoris
1157 2317 1314 2359 usum
1366 2298 1588 2354 minime
1634 2298 2018 2365 cognoverunt.
2063 2287 2195 2356 Quis

512 2426 518 2431 -
601 2414 850 2470 unquam
876 2397 1242 2467 suspicaretur
1268 2392 1336 2448 de
1376 2390 1540 2446 rebus
1566 2386 1725 2443 bonis
1766 2391 1953 2439 contra
1982 2381 2196 2437 bonita-

603 2499 721 2548 tem
748 2489 1034 2560 agendum,
1057 2495 1114 2543 et
1140 2492 1330 2542 contra
1358 2480 1622 2553 justitiam
1660 2476 1826 2532 armis
1861 2473 2083 2544 iustitia:
2114 2472 2195 2527 di-

606 2581 955 2654 micandum?
975 2581 1093 2637 Non
1121 2587 1406 2643 vocantur,
1439 2576 1632 2644 inquit,
1665 2571 1768 2626 nisi
1810 2569 2192 2641 prtedestinati.

606 2675 684 2736 Et
702 2692 801 2732 nos
827 2674 1106 2731 vobiscum
1127 2669 1393 2727 dicimus:
1426 2665 1542 2721 Non
1576 2673 1838 2722 vocantur
1863 2662 1965 2717 nisi
1992 2659 2198 2731 praede—

605 2768 818 2828 stinati.
846 2765 979 2821 Nam
1008 2763 1101 2834 qui
1129 2775 1321 2819 omnes
1349 2767 1544 2828 gentes
1585 2756 1748 2826 jussit
1787 2751 2062 2823 discipulis
2089 2748 2200 2805 suis

608 2867 675 2917 ut
692 2865 966 2934 vocarent,
1010 2857 1196 2912 dicens
1228 2872 1242 2908 :
1283 2851 1478 2908 Euntes
1518 2850 1779 2923 baptizate
1803 2862 1983 2902 omnes
2022 2855 2200 2917 gentes

609 2945 833 3023 (Matth.
865 2965 1050 3013 xxvm,
1082 2947 1160 3020 9),
1191 2961 1381 3002 omnes
1419 2945 1534 3015 ipse
1562 2952 1688 2998 ante
1717 2940 2007 2996 adventum
2046 2951 2200 2992 suum

609 3040 1038 3114 praedestinavit.
1069 3035 1269 3093 Omnes
1297 3050 1427 3105 ergo
1461 3043 1650 3105 gentes
1683 3030 2085 3104 praedestinavit
2133 3029 2202 3084 ad

610 3133 806 3200 vitam,
837 3131 965 3201 quia
993 3145 1180 3186 omnes
1207 3137 1396 3199 gentes
1419 3127 1634 3182 vocavit
1662 3125 1728 3180 ad
1756 3125 1940 3179 vitam.
1976 3122 2078 3190 Qui
2104 3137 2200 3176 ve-

2293 1926 2352 1974 ut
2371 1923 2723 1973 convertatur.
2743 1920 2799 1969 et
2824 1913 2988 1968 vivat.
3030 1909 3184 1966 Unde
3212 1907 3435 1964 facimus
3460 1916 3519 1963 et
3543 1921 3646 1962 nos
3671 1905 3882 1962 clausu-

2292 2010 2401 2066 lam
2426 2007 2747 2065 catholicam
2787 2005 2980 2062 vestris
3019 2004 3230 2060 astutiis
3259 2001 3586 2057 obvia-tem.
3619 1985 3881 2070 Si‘potest

2294 2101 2458 2156 homo
2497 2100 2610 2155 Deo
2638 2097 2858 2154 nolente
2901 2095 3214 2166 delinquere
3231 2136 3247 2161 ,
3271 2101 3476 2164 quanto
3503 2091 3674 2160 magis
3704 2099 3882 2162 potest

2295 2177 2408 2250 Deo
2437 2202 2652 2250 vonente
2677 2181 2886 2247 delictis
2907 2189 3064 2246 linem
3094 2187 3411 2259 imponere?
3439 2184 3495 2241 Si
3520 2192 3703 2256 potest
3721 2185 3881 2240 homo

2295 2286 2434 2342 velle
2460 2285 2604 2355 quod
2632 2284 2774 2340 Deus
2798 2299 2908 2339 non
2929 2282 3065 2347 vult,
3093 2288 3295 2351 quanto
3317 2279 3490 2347 magis
3515 2285 3689 2349 potest
3714 2276 3881 2332 homo

2296 2380 2437 2436 velle
2464 2377 2609 2448 quod
2639 2377 2780 2433 Deus
2815 2375 2968 2431 vult?
3009 2373 3070 2430 Si
3113 2379 3292 2445 potest
3319 2371 3485 2426 homo
3521 2368 3622 2424 Deo
3653 2367 3874 2423 nolente

2297 2466 2496 2541 perire,
2528 2475 2730 2539 quanto
2758 2467 2928 2536 magis
2958 2472 3137 2536 potest
3173 2462 3284 2520 Deo
3313 2462 3530 2518 volente
3564 2459 3784 2515 salvari?
3817 2457 3881 2516 Si

2298 2563 2476 2634 potuit
2521 2562 2685 2616 homo
2735 2561 2846 2616 Deo
2885 2559 3105 2616 nolente
3149 2557 3374 2628 implere
3411 2555 3742 2612 voluntatem
3768 2553 3886 2609 dia-

2299 2653 2431 2718 boli,
2461 2659 2665 2726 quanto
2711 2651 2882 2721 magis
2925 2657 3107 2720 potest
3151 2649 3264 2704 Deo
3291 2647 3510 2704 volente
3543 2647 3767 2718 implere
3790 2661 3886 2701 vo-

2302 2743 2563 2799 luntatem
2591 2743 2720 2798 Dei?
2749 2741 2807 2798 Si
2831 2741 3008 2814 potuit
3045 2741 3210 2796 homo
3240 2739 3771 2811 przedestinationem
3796 2737 3886 2793 Dei

2302 2854 2399 2896 sua
2445 2837 2784 2894 aversatione
2827 2842 3196 2901 contemnere,
3241 2840 3445 2904 quanto
3500 2833 3670 2900 magis
3714 2838 3886 2902 potest

2303 2929 2829 3002 praedestinationem
2880 2927 2977 2983 Dei
3026 2942 3122 2982 sua
3175 2926 3530 2982 conversione
3581 2922 3889 2995 complere?

2268 3086 2274 3091 ,
2303 3020 2448 3077 Dixit
2476 3020 2658 3090 itaque
2684 3019 2825 3076 Deus
2849 3037 2862 3072 :
2886 3017 3002 3074 Hoc
3021 3017 3166 3084 nolo,
3192 3015 3323 3072 illud
3345 3015 3498 3082 volo;
3523 3015 3577 3071 id
3597 3023 3701 3082 est,
3725 3014 3886 3072 dixit:

2304 3112 2442 3168 Nolo
2467 3119 2695 3167 mortem
2723 3109 3022 3177 morientis,
3045 3109 3169 3164 volo
3191 3115 3251 3164 ut
3276 3117 3626 3164 convertatur
3645 3116 3702 3164 et
3728 3107 3888 3162 vivat.

611 3222 761 3280 merit
782 3261 798 3287 ,
831 3219 1114 3292 imputabit
1140 3219 1333 3273 divina:
1357 3217 1656 3272 clementiae
1688 3213 2088 3285 prtedestinanti
2107 3226 2205 3283 pa-
2231 3212 2278 3276 c
2309 3203 2466 3272 Quod
2495 3204 2630 3258 dixit
2667 3203 2812 3270 volo,
2845 3203 2950 3259 hoc
2976 3202 3398 3274 prmdestinavit,
3429 3203 3561 3258 nihil
3586 3203 3729 3260 enim
3754 3217 3891 3273 pne-

611 3314 751 3372 riter
773 3319 828 3369 et
845 3311 1062 3369 vocanti
1087 3329 1100 3364 :
1124 3310 1214 3380 qui
1245 3315 1426 3365 autem
1453 3323 1562 3364 non
1581 3306 1811 3371 venerit,
1844 3306 2071 3375 imputet
2097 3317 2206 3358 suae

610 3404 958 3475 negligentia:
986 3401 1354 3459 contemnenti
1384 3400 1589 3472 pariter
1626 3405 1683 3455 et
1711 3398 1934 3454 nolenti.
1981 3396 2097 3451 Non
2125 3403 2208 3451 est

613 3497 765 3553 enim
811 3496 1006 3551 divinae
1052 3493 1540 3564 prmdestinationis
1588 3499 1649 3546 ut
1700 3489 1933 3545 hominis
1977 3487 2206 3558 perditio
2242 3536 2244 3539 .

616 3587 809 3653 ﬁeret;
837 3602 938 3642 nec
959 3585 1206 3642 voluntas
1231 3584 1324 3640 Dei
1349 3593 1450 3649 est,
1499 3581 1715 3654 quando
1737 3581 1938 3636 diaboli
1960 3580 2206 3635 voluntas

616 3675 896 3746 impletur.
921 3675 1155 3730 Inimic'e
1181 3675 1328 3730 enim
1373 3674 1474 3728 sibi
1504 3681 1630 3729 sunt
1675 3673 1791 3727 ista:
1828 3679 1884 3727 et
1922 3670 2207 3727 contraria:

612 3767 944 3835 voluntates,
975 3775 1031 3824 et
1059 3783 1166 3824 non
1189 3774 1369 3839 potest
1397 3781 1503 3821 una
1526 3764 1642 3820 fieri
1670 3766 1874 3835 absque
1893 3771 2207 3834 contemptu

613 3859 861 3916 alterius.
911 3859 1067 3928 Quod
1105 3860 1153 3915 si
1195 3875 1302 3915 non
1327 3860 1594 3914 vocantur
1621 3857 1786 3926 aliqui
1824 3855 1892 3911 ad
1917 3850 2102 3922 vitam,
2153 3855 2206 3909 in

612 3950 727 4012 illis
746 3953 838 4023 qui
878 3968 985 4009 non
1014 3959 1275 4008 vocantur
1314 3950 1514 4006 diaboli
1542 3948 1794 4004 voluntas
1828 3948 2107 4018 impletur.
2140 3944 2209 4000 Et

616 4045 792 4102 miror
811 4060 916 4114 qua
944 4043 1121 4100 fronte
1149 4043 1265 4113 ejus
1293 4043 1505 4098 intretis
1526 4039 1822 4098 Ecclesiam
1843 4055 2001 4109 quem
2028 4039 2208 4095 dicere

615 4149 732 4194 non
755 4136 956 4191 timetis
973 4135 1174 4191 diaboli
1197 4134 1463 4190 voluntati
1490 4134 1820 4203 subjectum;
1843 4133 2042 4188 diaboli
2063 4132 2205 4188 enim

614 4226 956 4282 voluntatem
978 4225 1202 4294 implere
1221 4224 1501 4294 probatur,
1520 4225 1613 4293 qui
1634 4241 1743 4280 non
1765 4224 1877 4278 vult
1903 4238 2091 4279 omnes
2105 4224 2206 4278 ho-

617 4316 796 4373 mines
823 4316 1132 4386 pertingere
1160 4315 1227 4370 ad
1253 4316 1503 4370 salutem.
1535 4316 1686 4371 Sicut
1714 4317 1859 4370 enim
1889 4317 1941 4370 in
1967 4317 2052 4371 his
2071 4331 2206 4386 quos

617 4408 741 4464 vult
787 4408 998 4462 salvare
1057 4423 1209 4462 suam
1266 4407 1506 4462 creditur
1559 4407 1890 4462 voluntatem
1941 4407 2204 4478 implere,

617 4498 782 4558 sicin
811 4499 925 4553 istis
953 4512 1090 4568 quos
1116 4513 1225 4554 non
1253 4498 1388 4564 vult,
1428 4497 1625 4552 diaboli
1653 4497 1902 4553 voluntas
1930 4498 2202 4568 impletur.

2306 3297 2598 3372 destinavit
2635 3297 2864 3364 invitus;
2895 3296 3041 3367 quod
3073 3296 3386 3364 dixit'nolo,
3417 3295 3680 3353 destituit.
3711 3296 3768 3351 Si
3795 3310 3893 3367 po-

2308 3399 2413 3447 test
2438 3391 2602 3446 homo
2627 3391 2767 3447 velle
2796 3397 2850 3446 et
2879 3389 3056 3452 facere
3073 3389 3218 3460 quod
3240 3373 3385 3445 Deus
3403 3405 3513 3445 non
3537 3389 3668 3454 vult,
3691 3397 3895 3458 quanto

2308 3484 2477 3554 magis
2505 3490 2684 3554 potest
2725 3491 2781 3539 et
2821 3483 2960 3538 velle
2989 3490 3044 3538 et
3087 3481 3268 3538 facere
3294 3481 3440 3552 quod
3477 3481 3616 3537 Deus
3639 3481 3788 3536 vult?
3815 3479 3896 3534 De

2307 3576 2610 3649 perditione
2637 3577 2726 3631 hic
2755 3575 2930 3645 agitur
2957 3575 3189 3630 hominis
3214 3583 3270 3630 et
3295 3574 3484 3630 salute.
3514 3573 3653 3629 Deus
3685 3572 3792 3626 vult
3833 3580 3894 3626 ut

2307 3669 2594 3734 salvemur,
2627 3667 2870 3723 diabolus
2897 3667 3010 3721 vult
3038 3676 3104 3742 ut
3124 3682 3415 3738 pereamus.
3460 3665 3516 3719 Si
3561 3672 3738 3734 potest
3764 3661 3890 3719 fieri

2308 3759 2540 3831 perditio
2585 3759 2818 3815 hominis
2853 3773 3015 3829 quam
3053 3759 3169 3814 vult
3210 3755 3458 3821 diabolus,
3506 3769 3600 3826 per
3638 3762 3883 3809 nostram

2309 3852 2719 3922 negligentiam;
2775 3859 2978 3921 quanto
3028 3851 3198 3921 magis
3246 3856 3420 3920 potest
3465 3845 3580 3902 ﬁeri
3634 3845 3896 3901 liberalia

2308 3943 2543 3999 hominis
2586 3958 2745 4014 quam
2791 3942 2907 3997 vult
2948 3940 3108 4008 Deus,
3141 3957 3240 4012 per
3283 3938 3612 4010 diligentiam
3645 3935 3802 3993 bona:
3836 3943 3903 3992 et

2310 4035 2635 4091 fidelissimte
2664 4034 2998 4091 voluntatis?
3629 4037 3635 4043 '

2379 4124 2540 4180 XVII.
2585 4135 2610 4163 ο
2652 4123 2760 4179 Sed
2815 4123 2945 4180 dicit
2997 4123 3133 4180 liber
3176 4131 3358 4179 vester
3398 4141 3412 4176 :
3457 4119 3721 4175 Autecedit
3768 4137 3906 4192 gra-

2309 4220 2382 4272 tia
2423 4217 2522 4272 Dei
2548 4217 2884 4291 _voluntatem
2937 4216 3179 4271 hominis.
3237 4213 3255 4253 τ
3298 4213 3410 4270 Nos
3459 4213 3683 4269 dicimus
3719 4230 3731 4266 :
3777 4210 3909 4268 Non

2307 4309 2482 4364 solum
2511 4307 2800 4374 antecedit,
2845 4306 2938 4364 sed
2976 4307 3138 4363 etiam
3181 4307 3428 4376 sequitur
3454 4305 3549 4360 Dei
3590 4305 3755 4374 gratia
3801 4303 3909 4360 bo-

2279 4393 2468 4458 'minis
2520 4402 2869 4458 voluntatem.
2921 4399 3076 4456 Prius
3113 4410 3292 4457 tamen
3347 4415 3508 4470 quam
3553 4398 3913 4456 ostendamus

2311 4493 2583 4565 quomodo
2612 4493 2898 4548 antecedat
2921 4501 2977 4548 et
3003 4492 3275 4564 quomodo
3303 4501 3576 4562 sequatur,
3606 4506 3702 4547 vos
3727 4506 3914 4562 expo-

617 4587 734 4647 Sed
756 4589 944 4644 bonus
970 4587 1113 4643 Deus
1150 4589 1325 4644 bonos
1363 4603 1480 4642 esse
1513 4587 1624 4642 vult
1648 4602 1863 4654 omnes;
1888 4596 1944 4643 et
1968 4588 2094 4644 hinc
2119 4604 2207 4643 er-
2234 4589 2289 4652 D
2312 4585 2489 4641 nimus
2512 4585 2639 4656 quid
2667 4584 2840 4640 velitis
2865 4583 3169 4640 ostendere.
3213 4583 3401 4646 Dicitis
3426 4584 3605 4653 itaque
3630 4601 3642 4635 :
3664 4582 3913 4638 Antece-

618 4694 805 4740 ποι-ειη
828 4680 1094 4752 patimini,
1137 4679 1262 4750 quia
1310 4693 1497 4734 omnes
1538 4693 1673 4750 quos
1715 4677 1888 4734 bonos
1926 4693 2044 4734 esse
2074 4679 2209 4746 vult,

618 4771 752 4830 boni
799 4787 906 4828 non
956 4779 1099 4827 sunt.
1151 4769 1348 4840 soletis
1384 4770 1526 4826 enim
1554 4771 1777 4846 dicere_:
1811 4769 1912 4837 Qui
1949 4786 2058 4826 non
2088 4779 2212 4826 sunt

619 4865 774 4932 boui,
810 4864 922 4920 Deo
965 4880 1061 4920 eos
1099 4880 1130 4918 a
1173 4879 1234 4919 se
1274 4863 1590 4935 repellente,
1621 4863 1748 4919 mali
1788 4870 1930 4929 sunt,
1957 4871 2015 4918 ut
2042 4863 2096 4918 hi
2120 4863 2210 4934 qui

619 4964 853 5029 peccant
889 4955 1172 5010 videantur
1212 4971 1321 5011 non
1363 4971 1462 5012 suo
1501 4956 1632 5012 vitio
1671 4971 1790 5012 esse
1818 4964 2120 5027 peccantes.
2155 4953 2211 5012 Si
2248 4956 2258 4971 ’

619 5059 757 5118 ergo
797 5046 922 5101 hinc
949 5061 1186 5102 errorem
1215 5048 1477 5118 patimini,
1508 5047 1654 5120 quod
1695 5047 1789 5104 Dei
1826 5047 2073 5122 voluntas
2101 5063 2208 5103 non

619 5136 933 5208 impleatur,
965 5152 1062 5192 cur
1088 5152 1198 5192 non
1225 5137 1398 5206 magis
1440 5137 1564 5194 hinc
1603 5138 1862 5208 judicium
1903 5140 2040 5194 detis
2083 5155 2211 5210 pec-

619 5229 893 5296 cantibus,
911 5242 1020 5298 quo
1048 5227 1298 5284 laudetur
1309 5227 1451 5285 Deus
1477 5229 1544 5285 de
1564 5245 1674 5286 suae
1693 5232 1950 5302 patientia
1974 5233 2207 5302 pietatis,

619 5329 680 5377 et
701 5321 952 5392 culpetur
979 5321 1144 5376 homo
1171 5320 1240 5375 de
1268 5320 1600 5391 impatientia
1627 5324 1858 5394 propriae
1883 5323 2211 5379 voluntatis?

696 5409 837 5468 XVI.
870 5422 894 5451 ε
925 5410 1111 5466 Dicitis
1135 5409 1456 5482 enim:Ergo
1483 5413 1635 5467 homo
1655 5415 1812 5468 vincit
1835 5413 2014 5468 Deum.
2044 5414 2211 5468 Vincit

624 5507 764 5563 enim
791 5507 979 5575 Deum,
1005 5509 1050 5563 si
1070 5506 1209 5564 Deus
1237 5525 1352 5563 eum
1374 5509 1477 5562 vult
1495 5523 1605 5562 esse
1630 5506 1834 5573 bonum,
1857 5517 1906 5561 et
1926 5508 2085 5562 bonus
2107 5523 2210 5561 non

699 5649 732 5710 ἒ
757 5640 855 5710 Ms.
889 5642 1153 5710 Augieuse
1186 5661 1199 5696 :
1222 5645 1422 5697 nutrire
1441 5643 1683 5696 hominis.

697 5707 732 5750 δ
757 5709 856 5765 Ms.
887 5707 1066 5766 idem:
1099 5711 1409 5771 Cnnoucr.
1437 5711 1623 5767 Beatos
1652 5711 1787 5776 dico,
1819 5717 1924 5763 etc.

705 5787 732 5817 ⁸
761 5777 860 5839 IIS.
893 5779 1036 5839 idem
1062 5799 1075 5835 :
1099 5780 1264 5839 XVIII
1283 5782 1582 5841 Ηλειιετιοι.
1603 5779 1790 5839 Dicitis
1800 5779 1960 5851 enim,
1979 5783 2086 5837 etc.

2311 4677 2389 4763 dit
2425 4679 2595 4748 gratia
2644 4677 2739 4733 Dei
2781 4677 3012 4734 hominis
3039 4677 3392 4744 voluntatem,
3423 4685 3484 4732 ut
3513 4676 3633 4732 dum
3662 4675 3916 4732 audierit

2311 4770 2474 4825 homo
2515 4777 2624 4823 tam
2659 4768 2872 4837 dignam
2920 4777 3140 4839 tamque
3167 4784 3350 4825 veram
3389 4769 3726 4834 sententiam,
3766 4767 3916 4824 illud

2311 4862 2457 4932 quod
2483 4863 2723 4931 sequitur
2761 4877 2868 4917 non
2908 4861 3171 4928 attendat,
3202 4861 3298 4919 sed
3325 4862 3479 4918 vobis
3505 4862 3921 4932 exponentibus

2313 4955 2552 5012 discatur
2579 4962 2638 5027 ut
2681 4963 2856 5009 cesset
2893 4954 3144 5010 voluntas
3167 4954 3430 5021 hominis;
3455 4953 3644 5009 nedum
3671 4956 3923 5023 ceperit

2313 5047 2470 5111 velle,
2503 5044 2674 5099 Deum
2701 5045 2938 5100 excitare
2965 5045 3212 5100 videatur
3239 5045 3292 5099 in
3316 5045 3519 5110 zelum;
3543 5052 3839 5114 exspectet
3863 5055 3926 5098 ut

2313 5137 2462 5209 prius
2487 5135 2657 5204 gratia
2696 5136 2879 5191 veniat
2905 5150 3027 5205 quae
3067 5137 3337 5191 nolentem
3369 5135 3563 5200 trahat,
3592 5145 3929 5204 qure'oogat

2315 5226 2695 5292 fastidientem,
2729 5241 2848 5297 quae
2871 5233 3053 5281 teneat
3088 5225 3398 5294 fugientem.
3428 5225 3705 5280 Volutetur
3735 5224 3930 5280 homo

2316 5320 2370 5375 in
2393 5333 2570 5384 emno,
2600 5305 2863 5373 efficiatur
2888 5318 2990 5373 faex
3027 5318 3352 5385 cloacarum,
3381 5327 3436 5372 et
3463 5318 3747 5373 criminum
3788 5333 3927 5388 ειη-ο

2315 5409 2513 5480 gitibus
2537 5407 2897 5478 demergatur,
2927 5418 2983 5464 et
3024 5409 3095 5463 sit
3135 5424 3356 5464 securus
3388 5424 3456 5464 ex
3492 5409 3637 5462 vitio.
3672 5406 3727 5460 Si
3765 5409 3934 5462 enim

2318 5500 2529 5559 venerit
2555 5499 2726 5569 gratia
2755 5499 3097 5565 antecedens,
3128 5501 3231 5556 erit
3259 5501 3422 5555 homo
3453 5497 3710 5554 recedens
3734 5513 3776 5554 a
3810 5500 3934 5554 cri-

2390 5636 2418 5681 ἀ
2448 5636 2547 5692 Ms.
2579 5633 2719 5688 idem
2754 5651 2766 5687 :
2795 5631 3106 5689 Cunnum.
3141 5633 3281 5698 Quid
3306 5649 3448 5703 ergo,
3472 5640 3577 5687 etc.
3769 5660 3777 5664 -

2395 5717 2418 5746 ε
2449 5705 2546 5761 Ms.
2580 5704 2719 5758 idem
2753 5703 2932 5758 :XIX.
2966 5705 3258 5760 ΗΑ-ςιιετιει.
3294 5702 3400 5759 Sed
3427 5703 3573 5766 dicit,
3603 5709 3715 5759 etc.

2396 5775 2414 5815 ί
2445 5777 2593 5833 Idem
2619 5793 2632 5830 :
2659 5772 2971 5832 Cunoucr.
3011 5774 3123 5832 Nos
3154 5776 3392 5842 dicimus,
3417 5783 3538 5830 etc.~
