4140 6346
1337 313 1384 321 ..-
1423 328 1434 332 _
1549 331 1572 336 ᾳ

285 396 385 451 657

729 395 1314 460 PRA‘IDESTINATUS
1349 404 1502 464 SWE
1539 409 1847 472 PBJEDEST

1946 417 2236 485 LATORUM
2274 423 2604 500 HERESIS,
2645 431 2798 492 ETC.
2841 435 2966 495 LIB.
3008 439 3094 497 lli.

3445 448 3550 506 658

281 512 446 567 mine.
499 509 616 566 Non
662 513 805 568 enim
845 515 991 585 prior
1035 519 1138 573 erit
1186 520 1348 576 homo
1395 523 1486 580 Dei
1528 531 1731 604 gratiae,
1773 522 1866 588 sed
1893 547 1940 595 Α
1970 553 2077 593 non
2119 540 2292 627 solum
2343 552 2469 600 tunc
2513 547 2688 604 dicam
2740 555 3092 610 antecessisse
3131 565 3375 627 gratiam,
3425 578 3549 619 cum

275 605 454 674 gratia
484 605 578 660 Dei
616 607 762 676 prior
806 609 909 662 erit
952 611 1184 668 hominis
1226 615 1508 674 voluntati.
1559 621 1867 682 Deteximus

277 694 387 752 hoc
409 705 646 751 vestrum
677 698 930 754 studium.
959 700 1108 758 Nunc
1136 714 1324 760 contra
1347 707 1450 764 hoc
1470 711 1596 781 quid
1617 714 1866 772 catholici

280 796 582 853 teneamus,
614 803 830 845 necesse
859 799 942 845 est
969 800 1027 846 ut
1045 792 1205 862 justis
1231 799 1616 856 assertionibus
1636 803 1864 860 demon-

276 887 531 936 stremus.
575 878 841 937 Memores
888 892 1062 939 estote
1105 887 1228 956 quia
1277 889 1549 946 vobiscum
1593 893 1860 953 dicimus:

278 972 562 1028 Antecedit
597 975 766 1042 gratia
814 975 913 1030 Dei
959 977 1193 1034 hominis
1231 982 1579 1040 voluntatem.
1625 987 1864 1045 Diximus

276 1065 462 1134 itaque
495 1082 508 1117 :
539 1063 608 1119 Et
649 1068 938 1135 antecedit,
985 1078 1039 1125 et
1085 1073 1343 1141 sequitur.
1395 1075 1696 1146 Antecedit,
1735 1082 1862 1151 quia

275 1170 385 1211 non
429 1156 753 1226 petentibus,
787 1174 895 1214 non
935 1163 1264 1230 rogantibus,
1317 1182 1422 1222 non
1467 1169 1628 1224 etiam
1673 1173 1861 1228 volen-

273 1248 420 1305 tibus
449 1247 624 1314 nobis,
661 1251 808 1305 venit
854 1251 1018 1308 Filius
1053 1253 1147 1313 Dei
1185 1258 1490 1317 universum
1536 1265 1788 1320 mundum
1827 1283 1860 1322 a

272 1345 454 1394 morte
500 1339 741 1409 eripere;
791 1349 845 1396 et
891 1350 950 1397 ut
987 1345 1301 1403 ascenderet
1347 1351 1413 1405 ad
1457 1351 1626 1408 Deum
1661 1355 1854 1424 homo,

269 1429 414 1484 sicut
435 1428 548 1499 jam
577 1430 826 1498 diximus,
858 1434 1001 1492 Deus
1029 1437 1305 1497 descendit
1331 1442 1397 1496 ad
1434 1444 1725 1523 hominem.
1755 1448 1860 1504 Ve-

271 1524 355 1578 nit
375 1524 604 1580 invitare
631 1526 928 1584 esurientes
957 1529 1024 1584 ad
1043 1531 1247 1603 epulas,
1263 1535 1521 1593 .sitientes
1543 1539 1609 1593 ad
1633 1540 1855 1608 fontem,

269 1617 502 1674 miseros
531 1616 599 1672 ad
625 1616 1009 1689 fortitudinem,
1033 1624 1309 1680 mendicos
1331 1627 1399 1681 ad
1424 1627 1654 1695 divitias,
1680 1633 1860 1690 tristes

267 1709 341 1764 ad
387 1709 644 1777 laetitiam,
684 1712 929 1780 venditus
966 1714 1032 1769 ad
1075 1717 1520 1788 redemptionem,
1569 1738 1754 1780 servos
1790 1725 1858 1781 ad

269 1802 596 1868 libertatem,
628 1805 868 1874 captivos
895 1806 963 1861 ad
991 1809 1251 1880 requiem.
1299 1809 1438 1866 Ecce
1467 1813 1570 1868 hoc
1611 1813 1731 1871 loco
1754 1816 1855 1872 do-

1970 619 2129 700 Deus,
2152 633 2366 706 adjungi
2387 637 2590 694 homini
2610 657 2718 698 non
2744 644 3079 716 dedignatus,
3109 619 3218 705 u‘on
3247 619 3553 723 petentibus

1967 723 2124 778 nobis
2147 725 2330 781 venire
2357 727 2606 796 dignatus
2633 741 2745 798 est;
2776 735 2872 790 sed
2915 746 2972 793 et
3003 755 3170 810 usque
3196 742 3356 800 hodie
3391 755 3549 802 ante-

1967 815 2113 871 cedit
2153 818 2402 874 voluntas
2443 821 2538 877 Dei
2583 825 2914 884 voluntatem
2963 831 3213 892 hominis.
3244 835 3370 892 Vult
3405 840 3548 895 enim

1967 918 2027 964 nt
2050 910 2336 979 salvemur,
2364 921 2420 970 et
2447 930 2548 972 nos
2587 918 2863 976 nolumus.
2887 923 2979 979 νω
3003 936 3181 983 autem
3204 930 3416 988 mihi~et
3441 932 3549 989 mei
3635 961 3654 974 ο

1966 1003 2244 1072 similibus,
2273 1007 2398 1076 quia
2426 1010 2664 1079 quotidie
2703 1016 2971 1072 antecedit
3000 1019 3301 1078 voluntates
3336 1034 3548 1085 nostras

1964 1103 2021 1151 et
2058 1099 2250 1166 gratia,
2297 1108 2353 1155 et
2397 1102 2661 1170 invitatio,
2693 1115 2749 1161 et
2774 1108 3022 1167 voluntas
3048 1113 3166 1181 Dei,
3194 1125 3250 1171 et
3281 1133 3544 1190 compun-
3647 1155 3652 1158 ν

1963 1189 2092 1257 ctio,
2119 1198 2176 1246 et
2199 1191 2483 1262 promissio
2509 1198 2687 1266 gaudii
2713 1202 3046 1272 sempiterni,
3076 1215 3132 1261 et
3159 1216 3334 1265 terror
3357 1189 3546 1267 :eterni

1961 1283 2227 1354 supplicii.
2257 1283 2508 1352 Quotidie
2535 1305 2665 1359 ergo
2709 1294 2965 1363 przecedit
3007 1297 3309 1356 voluntates
3335 1312 3546 1360 nostras

1961 1375 2132 1443 gratia
2160 1377 2274 1442 Dei,
2300 1379 2774 1440 innumerabilibus
2801 1383 2959 1457 plena
2987 1387 3251 1459 suﬁ‘ragiis
3281 1411 3294 1445 :
3325 1394 3422 1470 sed
3446 1411 3547 1451 no-

1961 1473 2072 1521 stra
2118 1469 2366 1547 voluntas
2406 1473 2650 1530 universa
2691 1476 2792 1532 ista
2831 1477 2927 1534 Dei
2950 1479 3090 1536 dona
3129 1493 3237 1539 non
3279 1469 3540 1556 seqmtnr.

1963 1571 1990 1599 ι
2015 1560 2154 1626 Quid
2176 1581 2298 1637 ergo
2317 1566 2442 1622 dicit
2467 1569 2596 1624 liber
2614 1574 2824 1628 uester?
2839 1579 3087 1653 prwcedit
3113 1580 3425 1636 voluntatem
3450 1581 3545 1635 lto-

1961 1656 2117 1710 minis
2156 1658 2392 1713 voluntas
2423 1658 2542 1715 Dei.
2574 1660 2603 1701 δ
2632 1661 2698 1718 Et
2724 1680 2823 1721 nos
2847 1667 2975 1738 quid
3003 1669 3270 1727 diximus?
3306 1680 3362 1728 et
3407 1689 3545 1743 prte-

1961 1746 2121 1813 cedit,
2147 1756 2202 1802 et
2229 1751 2490 1820 sequitur.
2522 1751 2660 1820 Quid
2687 1769 2818 1826 ergo
2855 1758 3214 1818 laboravimus
3240 1763 3540 1834 loquentes,

1960 1839 2086 1906 quia
2106 1855 2203 1895 vos
2233 1845 2603 1901 tantummodo
2633 1849 2878 1917 praecedit
2903 1849 3103 1919 dicitis,
3131 1857 3362 1925 sequitur
3387 1856 3546 1912 dene-

269 1910 454 1951 cemus
473 1896 618 1966 quod
639 1899 908 1954 antecedit
927 1902 1098 1970 gratia
1126 1902 1220 1958 Dei
1242 1903 1573 1961 voluntatem
1601 1907 1852 1966 hominis.
1882 1915 1934 1977 Β
1959 1896 2115 1998 imis.
2139 1931 2319 2002 Ipsum
2339 1896 2524 1992 auge};

269 1984 440 2014 Nn...)
465 1986 733 2014 ..:.l...........
783 1993 1046 2014 ..-......-J_
1089 1993 1279 2014 :.-_,-__
1315 1995 1355 2014 2,,
1375 2012 1386 2014 _
1403 2011 1417 2014 -
1499 2013 1534 2014 η
1625 2008 1638 2014 -

268 1984 440 2042 Nunc’
465 1986 737 2046 videamus
780 1993 1052 2062 quomodo
1089 1993 1284 2050 iterum
1314 1995 1425 2066 ipsa
1455 2008 1710 2067 sequatur
1736 2017 1856 2071 qua:

267 2089 633 2136 antecesserat
653 2083 1045 2152 subsequendo.
1078 2085 1262 2142 Gratia
1293 2090 1435 2143 cnim
1464 2106 1583 2160 quae
1611 2101 1857 2148 anteces-

173 2173 183 2184 ‘
267 2169 358 2237 sit,
389 2171 622 2227 ostendit
647 2173 774 2242 quid
802 2182 974 2244 petas,
1005 2192 1164 2247 quem
1193 2187 1364 2249 petas,
1397 2189 1454 2235 et
1487 2177 1719 2251 qualiter
1755 2201 1854 2255 pe-

267 2270 383 2330 tas;
415 2265 648 2321 ostendit
667 2266 795 2336 quid
822 2282 1051 2336 quaeras,
1082 2271 1312 2339 qualiter
1338 2289 1567 2344 quaaras,
1592 2277 1682 2334 ubi
1708 2293 1850 2347 quaa-
1905 2285 1907 2288 ’

267 2370 388 2422 ras;
417 2357 655 2412 ostendit
673 2359 798 2430 quid
821 2360 1020 2429 pulses,
1047 2361 1136 2416 ubi
1166 2365 1366 2434 pulses,
1389 2369 1620 2436 qualiter
1642 2372 1850 2441 pulses;

267 2453 323 2501 et
343 2447 412 2502 ab
437 2447 537 2503 hac
560 2448 811 2518 indagine
831 2450 1034 2530 nullum
1055 2453 1300 2510 exclusit.
1321 2456 1434 2512 Non
1453 2459 1626 2516 solum
1648 2463 1852 2521 nullum

237 2539 514 2602 ,exclusit,
559 2541 656 2596 sed
700 2543 863 2596 etiam
900 2553 1122 2602 cunctos
1161 2549 1532 2608 universaliter
1558 2555 1800 2612 invitavit
1831 2577 1845 2611 :

270 2627 456 2683 Omnis
489 2633 628 2684 enim
664 2633 748 2704 qui
773 2635 898 2704 petit
937 2638 1140 2708 accipit,
1164 2648 1215 2692 et
1241 2641 1328 2711 qui
1354 2644 1536 2711 quierit
1556 2645 1766 2710 invenit,
1797 2656 1849 2701 et

267 2721 498 2791 pulsanti
535 2727 792 2793 aperietur
832 2727 1045 2798 (Matt/1.
1080 2747 1168 2794 vn,
1215 2733 1288 2803 7).
1329 2733 1396 2788 Et
1435 2736 1626 2792 iterum
1665 2739 1842 2796 dixit:

265 2809 519 2884 Nunquid
541 2816 683 2886 ﬁlius
727 2819 773 2875 si
806 2821 934 2890 petit
973 2838 1158 2892 partem
1195 2825 1396 2896 p‘atrem
1421 2845 1589 2897 suum,
1623 2833 1848 2904 lapidem

259 2905 488 2975 porriget
511 2908 598 2960 ei?
623 2917 712 2961 aut
740 2911 786 2964 si
819 2913 1014 2981 piscem
1049 2917 1272 2985 petierit,
1300 2923 1532 2994 nunquid
1557 2936 1848 2996 serpentem

258 2996 487 3066 porriget
514 2999 598 3051 ei?
636 2999 697 3054 Si
734 3017 855 3072 ergo
897 3021 1004 3071 vos,
1045 3023 1161 3061 cum
1189 3011 1305 3063 sitis
1334 3014 1480 3076 mali,
1511 3018 1672 3071 nostis
1709 3017 1848 3073 bona

258 3084 385 3138 data
415 3087 541 3142 dare
567 3090 691 3158 ﬁliis
721 3095 926 3161 vestris,
958 3109 1152 3168 quanto
1191 3102 1356 3172 magis
1391 3103 1552 3158 Pater
1581 3117 1741 3162 vester
1759 3111 1848 3181 qui

254 3176 314 3229 in
358 3178 494 3233 caelis
537 3190 634 3246 est,
679 3182 821 3237 dabit
856 3186 996 3240 bona
1023 3190 1306 3258 petentibus
1334 3209 1389 3247 se
1430 3194 1613 3264 (Ibid,
1647 3176 1846 3270 9-H)?

1958 2021 2156 2087 dicitis,
2198 2031 2255 2078 ut
2294 2025 2457 2082 homo
2504 2028 2560 2083 in
2603 2029 2916 2087 criminibus
2961 2035 3170 2104 positus
3212 2036 3351 2091 velle
3387 2053 3543 2094 suum

1957 2111 2122 2167 faciat
2140 2114 2436 2183 quiescere,
2465 2127 2521 2174 et
2559 2129 2835 2191 exspectet
2862 2132 2921 2178 ut
2946 2125 3128 2180 veniat
3150 2126 3218 2182 ad
3245 2142 3368 2182 eum
3397 2129 3547 2200 prior

1957 2204 2152 2273 gratia,
2175 2222 2244 2262 ne
2271 2208 2494 2279 incipiat
2513 2212 2653 2268 velle
2678 2229 2833 2269 suum
2860 2215 3191 2288 anteponere
3215 2221 3401 2289 gratia:
3423 2220 3539 2277 Dei.

1957 2293 2069 2350 Nos
2106 2305 2288 2352 autem
2333 2301 2585 2358 catholici
2630 2304 2746 2361 haec
2787 2321 3147 2376 exsecramur,
3185 2318 3241 2366 et
3269 2311 3494 2368 dicimus
3525 2333 3540 2368 :

1955 2385 2240 2444 Antecedit
2279 2393 2450 2460 gratia
2500 2395 2832 2454 voluntatem
2880 2400 3155 2457 hominum
3209 2404 3542 2462 ostendendo

1955 2479 2122 2536 vitam
2149 2491 2404 2540 teter-nam
2445 2488 2499 2544 in
2544 2505 2651 2560 qua
2695 2490 3048 2563 delectentur,
3085 2497 3416 2555 ostendendo
3456 2499 3540 2555 in-

1953 2573 2202 2631 cendium
2229 2580 2613 2651 sempiternum
2643 2584 2696 2640 in
2718 2600 2827 2655 quo
2855 2596 3180 2656 terreantur,
3204 2599 3264 2648 ut
3289 2608 3320 2647 a
3347 2591 3539 2663 pecca-

1952 2672 2133 2722 torum
2186 2668 2631 2730 delectationibus
2683 2687 3024 2735 revocentur.
3082 2681 3393 2747 Antecedit,
3453 2685 3538 2738 in-

1950 2771 2133 2827 quam,
2154 2761 2394 2830 quotidie
2417 2765 2587 2833 gratia
2615 2760 2923 2826 voluntatés
2949 2780 3191 2828 nostras:
3214 2773 3308 2828 sed
3329 2781 3536 2838 nostra,
3582 2790 3583 2793 ‘

1949 2843 2094 2918 quod
2122 2857 2204 2906 est
2231 2851 2403 2921 pejus,
2427 2856 2677 2911 voluntas
2705 2873 2814 2914 non
2841 2861 3100 2930 sequitur.
3132 2862 3261 2918 Inde
3288 2871 3372 2918 est
3393 2864 3537 2934 quod

1950 2939 2140 2996 flemus
2185 2951 2425 3009 orantes,
2464 2948 2729 3014 gemimus
2772 2951 3116 3021 pmnitentes,
3147 2953 3274 3024 quia
3320 2962 3536 3012 antece-

1950 3030 2168 3088 dentem
2205 3049 2314 3090 nou
2355 3039 2647 3107 sequimur,
2679 3040 2996 3100 invitantem
3038 3046 3449 3115 contemnimus,
3481 3055 3537 3103 et

1950 3138 2128 3195 neque
2154 3125 2516 3186 blandientem
2545 3139 2751 3203 patrem
2772 3143 2833 3190 ut
2859 3137 2954 3192 ﬁlii
2981 3138 3328 3208 honoramus,
3361 3157 3536 3214 neque

1950 3225 2240 3275 terrentem
2278 3219 2555 3279 dominum
2596 3227 2846 3284 timemus
2871 3238 2935 3285 ut
2971 3232 3133 3288 servi.
3180 3230 3333 3289 Unde
3369 3235 3532 3290 etiam

1784 3265 1795 3270 -
1953 3265 2240 3275 -----..-.....
2279 3265 2555 3279 -.............
2598 3265 2846 3284 ...μυηηω
2875 3265 2935 3285 ι..
2971 3265 3133 3288 om...
3183 3265 3333 3289 υιιυῦ
3369 3265 3532 3290 σιω-ιι

255 3265 570 3390 Temnist
593 3275 983 3390 “iique-ficu
1008 3295 1145 3390 (ξτεξζ
1365 3284 1475 3340 dm
1501 3287 1554 3342 ίη
1580 3293 1845 3362 superiori
1867 3288 1919 3356 ο
1941 3307 2064 3380 ipse
2091 3311 2158 3366 ad
2188 3327 2288 3368 nos
2315 3314 2554 3385 loquitur
2593 3333 2691 3388 per
2723 3321 3041 3390 prophetam
3073 3341 3086 3375 :
3118 3321 3289 3378 Filius
3314 3325 3535 3380 honorat

254 3359 399 3423 loco,
431 3363 554 3431 quia
568 3367 864 3438 .antecedit
903 3372 1075 3439 gratia
1102 3372 1200 3431 Dei
1227 3376 1558 3435 voluntatem
1587 3359 1838 3453 hominis,

252 3452 330 3507 ita
358 3470 501 3510 nunc
529 3472 738 3513 mecum
766 3461 853 3516 dic
883 3462 934 3516 in
965 3464 1070 3522 isto
1110 3466 1252 3536 loco,
1294 3473 1564 3529 antecedit
1591 3452 1842 3537 voluntas

252 3543 486 3601 hominis
507 3550 733 3618 gratiam
761 3552 886 3620 Dei;
914 3571 1020 3612 non
1041 3561 1418 3630 superbiendo,
1447 3567 1540 3621 sed
1568 3570 1836 3638 petendo;

248 3650 361 3689 non
405 3639 735 3706 extollendo,
776 3643 869 3699 sed
909 3649 1232 3716 quaerendo;
1281 3669 1389 3709 non
1439 3657 1714 3724 luctando,
1743 3661 1839 3716 sed

247 3728 532 3796 pulsando.
584 3731 692 3789 Nisi
736 3735 880 3790 enim
923 3753 988 3794 ex
1029 3740 1132 3795 ﬁde
1165 3743 1414 3812 voluerit,
1453 3749 1630 3803 nullus
1658 3752 1710 3805 ei
1737 3752 1835 3806 ba-

247 3819 532 3888 ptismatis'
561 3823 761 3880 donum
808 3829 995 3894 gratia:
1043 3831 1236 3887 divina:
1275 3836 1542 3905 impertit;
1588 3841 1710 3907 nisi,
1756 3843 1837 3898 in-
1905 3843 1910 3848 ’

243 3923 434 3977 quam,
473 3927 542 3965 ex
584 3911 687 3967 ﬁde
736 3917 965 3972 voluerit
992 3920 1232 3988 credere,
1280 3941 1390 3980 non
1430 3929 1534 3982 erit
1567 3933 1836 4006 particeps

246 3998 618 4066 indulgentiae;
649 4003 751 4056 nisi
770 4018 839 4058 ex
862 4006 964 4062 ﬁde
988 4009 1391 4080 desideraverit,
1423 4018 1491 4071 ad
1517 3998 1719 4076 donum
1740 3998 1836 4080 Dei

245 4089 534 4158 pervenire
562 4107 670 4146 non
697 4097 916 4164 poterit.
948 4098 1006 4154 Si
1036 4102 1178 4156 enim
1207 4105 1275 4160 ad
1308 4104 1575 4165 Christum
1615 4115 1836 4172 veniens

242 4176 445 4258 dixerit
472 4182 687 4250 gentilis
719 4203 732 4238 :
764 4185 900 4243 Nolo
927 4189 1219 4261 baptizari,
1247 4195 1508 4268 baptizari
1538 4219 1646 4260 non
1674 4215 1832 4278 pote-

237 4268 338 4324 rit.
363 4269 421 4325 Si
450 4273 516 4327 ad
544 4276 876 4344 paenitentia:
904 4281 1135 4338 fructum
1163 4285 1476 4358 delinquens
1501 4268 1720 4352 veniens
1747 4298 1832 4354 di-

135 4376 149 4388 ·
233 4360 386 4415 xerit
426 4379 442 4417 :
482 4362 621 4420 Nolo
666 4370 1022 4440 reconciliari,
1078 4380 1410 4435 reconciliari
1452 4400 1560 4440 non
1608 4391 1826 4458 poterit.

235 4449 514 4524 Utrosque
541 4457 892 4517 sacerdotalis
919 4479 1144 4521 censura
1171 4473 1459 4542 examinat,
1483 4449 1677 4545 quibus
1697 4481 1830 4538 nihil

231 4546 425 4616 gratia:
461 4548 709 4607 conferre
751 4557 1029 4624 prtevalet,
1073 4560 1176 4616 nisi
1216 4565 1615 4634 integerrimam
1642 4587 1709 4627 ex
1733 4589 1829 4630 ore

229 4654 429 4696 eorum
447 4641 692 4699 didicerit
711 4648 1041 4706 voluntatem
1068 4671 1081 4706 :
1104 4664 1197 4709 aut
1221 4658 1266 4712 si
1293 4674 1454 4716 ausus
1475 4673 1575 4731 est,
1608 4682 1704 4721 vos
1726 4668 1828 4738 ipsi
1853 4661 1906 4722 D

227 4733 567 4802 cognoscite.
600 4734 771 4807 Majas
797 4741 998 4810 aliquid
1030 4745 1290 4803 dicamus.
1321 4749 1377 4804 Si
1406 4753 1569 4809 etiam
1596 4733 1822 4814 inlirmi-
1868 4775 1873 4782 ‘

226 4823 363 4879 tatis
388 4825 470 4881 vis
507 4831 768 4887 sermonis
796 4833 1001 4895 auferat
1027 4826 1354 4910 facultatem,
1391 4848 1692 4926 nullatenus
1725 4869 1824 4924 po-

225 4917 364 4972 terit
391 4921 590 4976 tacenti
611 4925 796 4992 gratia:
824 4927 918 4983 Dei
947 4932 1101 5000 copia
1124 4935 1434 4993 ministrari.
1461 4917 1653 4998 Mentis
1678 4917 1821 5002 enim

221 5011 506 5066 secretum
544 5014 646 5068 nisi
686 5015 876 5085 linguzn
914 5021 1242 5080 internuntio
1285 5028 1442 5083 fuerit
1470 5032 1816 5104 declaratum,

220 5103 494 5171 consequi
522 5119 632 5159 non
660 5107 858 5163 valebit
884 5112 1130 5178 gratiam.
1155 5114 1320 5172 Corde
1345 5123 1480 5176 enim
1497 5103 1733 5182 creditur
1753 5130 1830 5184 at!

215 5193 510 5266 justitiam,
551 5212 640 5250 ore
677 5209 843 5254 autem
871 5203 962 5272 ﬁet
1005 5208 1258 5278 confessio
1294 5213 1364 5264 ad
1390 5214 1608 5270 salutem
1639 5218 1818 5289 (Rom.

220 5300 282 5350 x,
320 5283 434 5352 10).
466 5287 688 5346 Dicente
715 5307 843 5361 ergo
876 5294 1101 5352 Domino
1127 5317 1138 5351 :
1167 5299 1350 5360 Omnis
1374 5309 1461 5377 qui
1487 5313 1613 5380 petit
1632 5283 1821 5386 accipit

185 5406 190 5410 ι
221 5377 450 5450 (Matth.
473 5398 564 5451 vn,
599 5383 672 5455 7),
706 5389 1023 5454 antecedere
1050 5393 1263 5457 videtur
1291 5377 1536 5460 voluntas
1562 5377 1814 5476 petentis,

1945 3409 2164 3472 patrem,
2187 3414 2237 3458 et
2260 3422 2434 3460 servus
2455 3408 2596 3462 timet
2616 3409 2898 3464 dominum.
2924 3411 2988 3466 Si
3006 3411 3260 3468 Dominus
3279 3431 3372 3485 ego
3397 3432 3529 3480 sum,

1943 3493 2030 3546 ubi
2055 3504 2136 3548 est
2159 3495 2313 3549 timor
2337 3493 2522 3550 meus?
2551 3496 2614 3550 Si
2641 3507 2806 3566 pater,
2836 3498 2925 3552 ubi
2945 3508 3022 3554 est
3040 3501 3207 3556 honor
3229 3519 3368 3558 meus
3390 3503 3531 3575 (Ma-

1943 3583 2082 3637 lactt.
2114 3601 2151 3649 ι,
2182 3584 2274 3654 6)?
2303 3584 2702 3656 lnterrogamus
2741 3605 2902 3645 nunc.
2936 3588 3152 3662 Aliquid
3180 3594 3346 3662 exigit
3372 3611 3404 3650 a
3431 3612 3530 3651 no-

1941 3667 2025 3728 bis
2053 3674 2379 3730 antecedens
2406 3677 2596 3745 gratia,
2634 3694 2702 3733 an
2747 3695 2854 3735 non
2896 3681 3094 3751 exigit?
3132 3685 3322 3754 procul
3365 3685 3528 3742 dubio

1941 3765 2125 3834 exigit.
2157 3765 2294 3834 Quid
2323 3769 2526 3838 exigit?
2564 3770 2668 3827 hoc
2694 3772 2879 3841 utique
2905 3774 3050 3843 quod
3077 3775 3178 3844 ipsi
3207 3774 3397 3842 dicitis,
3427 3792 3526 3831 vo-

1941 3855 2201 3912 luntatem
2223 3859 2412 3927 ipsam.
2447 3859 2590 3930 Ergo
2613 3864 2884 3918 antecedit
2909 3866 3100 3932 gratia.
3131 3865 3270 3932 Quid
3297 3874 3380 3922 est
3405 3881 3528 3935 gra-

1943 3945 2053 4000 tia?
2091 3956 2148 4002 ut
2185 3950 2330 4017 quod
2372 3951 2610 4020 petieris,
2657 3953 2826 4022 gratis
2862 3955 3113 4024 accipias.
3153 3954 3221 4010 Et
3266 3955 3387 4012 ideo
3417 3974 3525 4015 non

1939 4036 2074 4092 dixit
2106 4057 2117 4090 :
2151 4039 2324 4094 Emite
2348 4049 2404 4095 et
2424 4041 2642 4098 dabitur
2668 4043 2840 4109 vobis,
2869 4045 2964 4100 sed
2998 4063 3010 4098 :
3041 4044 3213 4102 Petite
3238 4056 3294 4104 et
3312 4048 3527 4105 dabitur

1938 4127 2110 4184 vobis.
2152 4129 2221 4184 Et
2263 4131 2405 4188 unde
2451 4136 2688 4203 apertius
2739 4135 2960 4192 fratrum
3017 4139 3330 4210 simplicitas
3380 4142 3527 4223 hunc

1935 4235 2153 4277 sensum
2190 4234 2466 4292 agnoscat,
2507 4226 2740 4298 aliquam
2773 4229 3173 4287 similitudinem
3212 4232 3520 4291 oﬁeramus.

1935 4313 2162 4372 Ostensa
2201 4324 2284 4373 est
2325 4316 2603 4376 Salomoni
2647 4322 2912 4393 sapientia
2941 4342 2953 4377 :
2986 4339 3114 4381 ecce
3151 4327 3352 4394 gratia;
3391 4328 3521 4397 quid

1934 4420 2075 4463 nunc
2093 4408 2237 4468 dicat
2257 4410 2343 4465 cui
2362 4419 2576 4468 ostensa
2597 4422 2698 4480 est,
2731 4415 2906 4485 ipsum
2928 4413 3272 4474 Salomonem
3293 4418 3519 4489 loquens

1932 4508 2042 4557 tem
2071 4503 2332 4558 ausculta.
2359 4505 2596 4573 Amator,
2627 4507 2817 4579 inquit,
2843 4511 3013 4580 factus
3041 4527 3154 4566 sum
3179 4514 3362 4584 forma:
3381 4513 3515 4584 ejus,

1931 4602 1981 4647 et
2007 4594 2140 4649 hanc
2165 4596 2378 4667 quasiui
2405 4615 2669 4654 assumere
2691 4601 2837 4665 mihi,
2860 4609 2910 4656 et
2936 4602 3206 4657 currebam
3231 4612 3348 4675 post
3371 4622 3515 4670 eam;

1930 4703 1990 4742 eo
2019 4689 2186 4760 magis
2233 4689 2326 4744 illa
2363 4692 2638 4764 elongabat
2676 4712 2710 4748 a
2747 4711 2828 4748 me
2857 4694 3013 4770 (Sap.
3040 4713 3149 4762 vm,
3179 4696 3256 4769 2).
3282 4697 3400 4753 Non
3423 4699 3518 4755 tibi

1931 4779 2142 4835 videtur
2179 4782 2412 4852 puellam
2449 4784 2860 4854 pulcherrimam
2905 4785 3212 4842 illicientem
3239 4797 3294 4843 et
3320 4805 3517 4860 provo—

1931 4880 2143 4947 cantem
2165 4881 2460 4929 amatorem
2483 4875 2534 4929 in
2557 4879 2755 4931 cursu?
2778 4876 2846 4932 Ut
2871 4878 2998 4947 quid
3025 4895 3168 4937 nunc
3187 4881 3516 4940 voluerimus

1929 4943 2087 5029 hiljus
2126 4964 2353 5033 exempli
2407 4963 2583 5021 facere
2631 4943 2992 5024 mentionem?
3038 4970 3234 5030 Audite
3286 4977 3512 5045 gratiam

1931 5054 2042 5109 Dei.
2074 5053 2340 5111 Ponamus
2366 5056 2526 5112 ﬁliam
2553 5060 2740 5130 patris.
2773 5059 2922 5118 lianc
2942 5063 3072 5131 tibi,
3103 5081 3137 5120 ο
3166 5067 3347 5133 homo,
3375 5070 3514 5124 scias

1927 5145 2262 5202 evidentibus
2291 5147 2498 5204 indiciis
2528 5166 2558 5205 a
2591 5166 2689 5206 suo
2717 5144 2870 5222 patre
2897 5156 3313 5224 manifestatam,
3345 5167 3405 5212 ut
3431 5161 3510 5213 vi-

1926 5235 2055 5292 deas
2083 5245 2138 5294 et
2165 5249 2376 5295 amator
2399 5241 2647 5298 elﬁciaris
2676 5245 3084 5315 pulchritudinis
3107 5249 3238 5318 ejus.
3267 5249 3513 5303 Ostendit

1925 5329 2087 5383 etiam
2136 5338 2350 5398 quanta:
2401 5332 2508 5387 sint
2561 5335 2677 5404 ejus
2728 5336 2959 5404 divitiae,
3011 5347 3211 5409 quanta
3261 5338 3506 5405 dilectio,

1924 5432 2124 5492 quanta
2145 5423 2444 5491 all'abilitas,
2477 5423 2674 5498 quanta
2705 5427 2852 5485 ﬁdes.
2877 5429 2973 5484 Est
3000 5444 3128 5499 ergo
3155 5429 3396 5500 pulchra,
3427 5439 3510 5485 est

218 5479 286 5526 ut
333 5475 503 5542 possit
538 5479 761 5534 concedi
801 5484 1104 5551 petentibus
1143 5491 1312 5558 gratia
1356 5475 1717 5567 retribuentis.
1752 5502 1819 5558 Et

220 5577 296 5594 nn
333 5561 468 5594 την-ιη
496 5564 838 5594 n..-..........._
873 5582 919 5594 .-
955 5575 999 5594 2_
1036 5578 1049 5594 ι
1161 5581 1173 5594 ι
1341 5586 1352 5594 .
1375 5585 1388 5594 .
1691 5593 1698 5594 ,

2150 5475 2444 5491 η---η---τν
2519 5475 2674 5483 ------
2705 5475 2852 5485 ww.-
2877 5475 2973 5484 ---
3002 5475 3125 5499 ν-υ-
3157 5475 3396 5500 εντ’-ν···“·ν
3429 5475 3507 5485 νυ-

1946 5516 2090 5582 Iives,
2121 5526 2201 5574 est
2230 5518 2421 5587 lldelis,
2442 5475 2525 5576 esjt
2551 5523 2783 5593 sapiens,
2813 5530 2898 5576 est
2933 5524 3097 5577 etiam
3135 5524 3328 5578 summi
3366 5525 3507 5594 regis

219 5577 296 5617 ne
329 5561 468 5618 forte
495 5564 842 5625 ﬂuctuantem
873 5582 924 5628 te
952 5575 1005 5629 in
1036 5578 1138 5632 hoc
1161 5581 1280 5638 loco
1305 5585 1486 5641 videar
1512 5589 1812 5660 reliquisse,

213 5659 322 5732 qui
345 5675 505 5718 omne
525 5665 724 5723 bonum
745 5670 930 5740 gratite
961 5672 1166 5743 tribuis,
1191 5693 1296 5734 non
1325 5697 1534 5741 mecum
1567 5687 1809 5745 laboras:

301 5844 326 5872 ο
358 5829 455 5889 Ms.
481 5834 771 5904 Augiense:
792 5841 905 5898 XX.
927 5843 1218 5903 liensum.
1239 5847 1377 5915 Quid
1397 5875 1519 5928 ergo
1545 5857 1686 5926 dicit,
1703 5867 1802 5916 etc.

1923 5609 2047 5664 ﬁlia.
2074 5611 2222 5667 Hanc
2251 5613 2365 5678 tibi,
2391 5631 2424 5669 o
2449 5615 2632 5680 homo,
2655 5614 2722 5669 ad
2752 5615 2855 5668 hoc
2895 5621 3020 5670 ante
3048 5615 3234 5670 oculos
3262 5621 3382 5673 tuos
3410 5633 3504 5688 pa-

1921 5710 2003 5760 ter
2041 5707 2301 5772 exhibuit,
2329 5715 2387 5761 ut
2411 5712 2620 5761 amator
2647 5707 2764 5776 ejus
2795 5706 2965 5791 factus
2992 5715 3146 5780 petas
3172 5723 3293 5765 eam
3321 5709 3416 5767 tibi
3435 5712 3501 5770 in

1991 5862 2015 5900 δ
2048 5862 2142 5918 Ms.
2173 5865 2312 5921 idem
2345 5884 2354 5918 :
2383 5863 2692 5948 C.\1‘lﬁl0Ll‘CI.
2723 5863 2790 5947 Et
2821 5884 2914 5921 nos
2937 5871 3058 5943 quid
3087 5873 3333 5937 diximus,
3357 5885 3484 5941 etc.-
