4140 6346
1559 434 1856 491 AUGTOR‘
1872 428 2243 489 ANONYMUS
2280 425 2826 487 PREDESTINATI.
2882 440 2888 446 ‘
2986 474 2989 477 .

3735 418 3887 486 660'.

560 563 925 631 matrimonio,
957 564 1012 616 et
1038 572 1106 613 ex
1132 567 1198 613 ea
1226 554 1339 610 Deo
1361 553 1499 609 lilios
1524 552 1708 616 facias,
1738 552 1879 606 sicut
1905 548 2030 631 fecit
2057 545 2148 605 ille
2173 543 2228 602 A
2250 543 2471 601 dentem
2489 555 2545 602 et
2567 556 2883 618 sequentem
2904 547 3254 603 ostendimus.
3280 544 3581 613 Antecedit,
3606 546 3733 618 quia
3756 561 3853 602 vo-

562 628 656 736 qui
686 656 898 716 dicebat
929 671 943 707 :
977 651 1039 707 Si
1076 648 1250 705 decem
1291 646 1458 702 millia
1485 646 1886 717 ρςεάαροςοηιηι
1913 628 2150 736 habeatis

561 733 619 812 iis
639 750 864 815 Christo,
890 762 995 802 non
1023 751 1197 803 tamen
1215 739 1469 796 habebitis
1493 738 1683 795 multos
1709 745 1916 808 patres;
1945 749 2071 790 nam
2092 733 2151 788 in

565 845 770 902 Christo
787 841 914 896 ὅθεν
953 852 1045 909 per
1071 832 1415 905 Euangelium
1439 848 1534 904 ego
1560 847 1650 886 uos
1670 829 1826 902 genui
1854 827 1899 896 (1
1928 826 2048 882 Cor.
2073 842 2149 891 tv,

486 976 505 989 .
565 935 675 1007 l5).
706 931 917 1002 Deque
946 926 1175 996 conjuge
1202 940 1303 980 nos
1329 924 1516 993 genuit
1552 922 1749 977 Paulus
1773 919 1925 976 Deo?
1964 919 2153 990 utique

563 1030 632 1086 de
657 1026 830 1097 gratia
856 1019 1087 1086 Christi,
1118 1018 1272 1089 cujus
1308 1023 1521 1071 amator
1547 1013 1743 1079 factus,
1775 1013 2025 1068 universa
2051 1025 2156 1082 pro

565 1133 751 1177 amore
785 1116 903 1186 ejus
945 1112 1133 1170 suavia
1186 1109 1386 1165 habere
1434 1121 1495 1163 se
1541 1106 1817 1162 asserebat
1868 1103 2151 1175 supplicia.

564 1211 712 1284 Cape
753 1222 884 1279 ergo
913 1222 945 1261 a
971 1204 1150 1261 carnis
1176 1199 1424 1271 exemplo
1455 1198 1913 1271 comparationem
1940 1196 2152 1269 puellae,

568 1313 627 1364 ut
650 1302 720 1361 ad
744 1315 963 1358 sensum
981 1296 1174 1353 melius
1198 1292 1493 1366 spiritalem
1518 1292 1768 1360 attingas.
1793 1288 1935 1359 Ergo
1956 1295 2039 1344 est
2057 1288 2157 1344 tibi

567 1408 784 1459 ostensa
815 1393 997 1468 puella
1031 1407 1063 1447 a
1088 1397 1243 1461 patre
1274 1406 1288 1443 :
1317 1401 1446 1444 ecce
1471 1385 1642 1456 gratia
1669 1384 1839 1455 patris
1865 1382 2159 1439 antecessit

570 1472 923 1551 voluntatem.
953 1484 1072 1542 Jam
1100 1492 1159 1540 tu
1182 1483 1359 1553 incipe
1385 1480 1543 1537 velle.
1567 1476 1797 1535 Ostensa
1817 1478 2004 1549 utique
2029 1486 2156 1546 grai-'-

570 1586 644 1644 tia
671 1584 790 1655 ejus
813 1581 908 1652 qui
937 1576 1190 1643 ostendit,
1220 1583 1279 1630 ut
1303 1579 1564 1646 quantum
1592 1580 1648 1627 te
1675 1584 1859 1626 amare
1884 1567 2032 1625 credi
2058 1568 2158 1624 de-

571 1682 697 1737 beat
739 1686 808 1733 ex
852 1675 959 1730 hoc
994 1656 1321 1736 consideres,
1370 1666 1495 1738 quia
1544 1671 1608 1720 ut
1647 1670 1704 1719 te
1742 1677 1899 1718 suum
1934 1662 2157 1729 faceret,

573 1770 736 1827 tiliam
764 1779 916 1822 suam
937 1763 1034 1819 tibi
1059 1759 1316 1827 ostendit,
1342 1757 1643 1830 pulchram,
1668 1755 1908 1821 divitem,
1942 1754 2160 1825 sapien~

572 1870 702 1929 tem,
725 1860 793 1915 ad
830 1859 937 1915 hoc
973 1864 1035 1911 ut
1060 1860 1268 1911 amator
1285 1852 1404 1922 eius
1422 1849 1647 1909 ell‘ectus
1663 1848 1838 1920 possis
1861 1861 1981 1903 eam
2009 1862 2162 1903 assu-

2255 645 2363 704 cat,
2389 638 2513 707 quia
2553 647 2830 711 provocat,
2853 641 2977 710 quia
3006 638 3196 695 invitat
3229 647 3290 695 ut
3314 639 3499 695 venias
3531 658 3544 692 :
3575 640 3847 711 sequitur,

2258 730 2383 799 quia
2424 730 2549 786 dum
2586 733 2818 797 veneris,
2870 739 2925 787 ct
2969 732 3224 796 volueris,
3276 738 3331 786 et
3368 730 3609 801 petieris,
3653 729 3851 786 donat.

2258 824 2547 881 Videamus
2570 840 2713 886 nunc
2730 840 2838 895 quo
2856 833 3033 881 vestra
3055 827 3242 897 pergat
3268 822 3514 879 intentio.
3539 822 3682 879 Dicit
3700 822 3853 880 enim

2259 916 2670 973 anathemabilis
2697 915 2833 973 liber
2860 934 2889 972 a
2918 926 3097 973 vestra
3130 927 3150 956 ο
3181 918 3419 973 vanitate
3447 915 3811 988 conscriptus.

2332 1007 2512 1065 XVIII.
2542 1010 2567 1046 ά
2597 1008 2720 1066 Non
2749 1011 2889 1065 enim
2913 1027 3031 1065 cum
3062 1024 3358 1082 rogaremus
3388 1026 3548 1081 neque
3573 1025 3689 1064 cum
3718 1017 3856 1081 pete.

2260 1114 2454 1169 remus,
2498 1101 2589 1156 sed
2631 1119 2749 1163 cum
2797 1103 2995 1157 inimici
3038 1118 3267 1157 essemus
3305 1103 3629 1158 reconciliati
3673 1121 3856 1160 sumus

2263 1190 2393 1257 Deo,
2426 1209 2531 1246 non
2578 1210 2669 1264 per
2706 1198 2938 1248 nostram
2986 1193 3323 1259 voluntatem,
3366 1191 3458 1248 sed
3500 1212 3592 1265 per
3633 1202 3857 1250 mortem

2262 1281 2396 1338 Filii
2439 1285 2567 1355 ejus.
2624 1294 2646 1320 ε
2695 1282 2900 1339 Jubetis
2943 1297 3072 1355 ergo
3119 1291 3180 1340 ut
3224 1299 3332 1339 non
3358 1269 3571 1353 rogent
3606 1284 3861 1341 homines

2264 1374 2432 1430 Deum
2487 1382 2546 1430 ut
2598 1376 3014 1432 reconcilientur
3075 1377 3157 1443 ei,
3226 1374 3321 1432 sed
3387 1376 3691 1433 emciantur
3754 1378 3866 1433 ini-

2266 1462 2390 1521 mici
2428 1465 2563 1534 ejus,
2599 1473 2658 1520 ut
2703 1467 2873 1537 possit
2914 1476 3060 1523 stare
3100 1468 3328 1539 apostoli
3368 1465 3520 1523 Pauli
3555 1468 3863 1536 sententia;

2269 1570 2444 1628 neque
2475 1558 2808 1613 voluntatem
2847 1573 2997 1615 suam
3029 1560 3191 1616 bonis
3226 1560 3431 1615 nisibus
3464 1559 3702 1625 tradant,
3730 1556 3877 1630 quia

2268 1648 2375 1705 hoc
2425 1649 2568 1718 quod
2621 1649 3042 1704 reconciliantur
3102 1648 3351 1706 homines
3401 1650 3546 1717 Deo,
3604 1649 3787 1707 dicitis
3849 1668 3865 1705 :

2269 1738 2415 1795 Dixit
2460 1756 2560 1797 nos
2625 1738 2915 1812 Apostolus
2979 1743 3318 1799 reconciliari
3379 1736 3531 1811 D'eo,
3592 1759 3700 1799 non
3765 1740 3867 1816 per

2268 1834 2603 1890 voluntatem
2669 1842 2925 1903 nostram,
2975 1835 3070 1893 sed
3112 1839 3211 1907 per
3264 1836 3495 1893 mortem
3524 1836 3666 1909 _Filii
3721 1836 3868 1908 ejus.

767 1952 863 2010 ubi
906 1951 964 2008 in
1007 1916 1375 2006 matrimoni-0,
1408 1944 1567 2002 Εοοθ
1617 1916 1789 2015 δέκα,
1840 1942 2168 2000 “mea.
2193 1930 2244 1991 Β
2270 1924 2416 1996 Ergo
2455 1926 2548 1997 qui
2595 1916 2857 1983 inimicus.
2882 1926 3043 1984 fuerit
3088 1927 3223 1995 Deo,
3272 1930 3387 2001 ipse
3432 1929 3869 2010 reconciliandus

577 2050 925 2110 voluntatem,
948 2057 1078 2101 ecce
1103 2041 1277 2113 gratia
1302 2038 1585 2096 stimulans
1602 2044 1812 2109 pectus,
1832 2048 1963 2091 ecce
1988 2034 2165 2104 gratia

575 2140 802 2197 illiciens
836 2142 1096 2200 mentem,
1128 2147 1255 2189 ecce
1293 2131 1462 2201 gratia
1503 2128 1747 2185 excitam
1781 2125 2160 2195 dormientem.

573 2231 713 2301 Quid
752 2242 899 2287 nunc
938 2225 1140 2297 jubetis
1179 2233 1239 2281 ut
1283 2223 1444 2279 faciat
1468 2229 1627 2293 pater
1658 2235 1769 2277 non
1797 2219 2025 2292 petenti,
2055 2233 2167 2274 non

576 2322 807 2395 roganti,
847 2328 961 2378 non
1007 2316 1429 2388 concupiscenti,
1476 2321 1532 2369 et
1569 2313 1804 2370 calorem
1850 2311 2051 2368 amoris
2087 2306 2168 2379 tui

578 2433 688 2475 non
714 2413 1057 2473 ostendenti?
1085 2410 1249 2466 Tollit
1271 2409 1433 2464 ﬁliam
1461 2421 1635 2474 suam,
1657 2413 1711 2462 et
1734 2406 1911 2476 jungit
1929 2419 2049 2461 eam
2070 2403 2169 2459 tibi

577 2508 805 2566 fastidiis
848 2499 1136 2575 occupato,
1185 2508 1279 2557 aut
1324 2500 1443 2555 aliis
1489 2499 1759 2555 amoribus
1805 2493 2171 2553 circumdato?

581 2601 700 2657 Non
728 2601 835 2655 hoc
876 2596 1024 2652 facit.
1067 2592 1175 2651 Sed
1201 2593 1305 2648 nisi
1330 2592 1605 2662 quaesieris
1633 2586 1752 2645 eain
1781 2597 1841 2645 ut
1867 2592 2167 2657 argentum,

581 2701 638 2751 et
658 2693 767 2750 nisi
793 2699 855 2747 ut
881 2691 1195 2746 thesaurum
1217 2684 1565 2754 vestigaveris
1592 2696 1734 2747 eam,
1762 2688 1817 2737 et
1842 2681 1945 2736 nisi
1973 2695 2040 2736 ex
2067 2679 2173 2736 ﬁde

584 2786 834 2852 volueris,
867 2795 924 2839 et
946 2782 1050 2838 nisi
1089 2798 1159 2837 ex
1205 2774 1309 2835 ﬁde
1336 2777 1654 2842 cucurreris,
1687 2784 1742 2831 et
1773 2776 1877 2831 ιιίὲὶ
1902 2782 2051 2831 tuam
2078 2776 2175 2831 Ve-

585 2891 698 2935 ram
726 2872 1073 2932 dilectionem
1100 2871 1422 2937 ostenderis,
1450 2884 1557 2925 non
1585 2872 1705 2924 eam
1744 2868 1966 2925 omnino
1991 2852 2173 2939 perci-

584 2970 717 3042 pies.
745 2966 989 3024 Suillciat
1029 2965 1142 3031 tibi,
1166 2963 1298 3034 'quia
1327 2977 1451 3019 cum
1476 2970 1539 3016 tu
1576 2960 1854 3018 mendicus
1880 2962 1977 3028 sis,
1999 2968 2054 3017 et
2081 2960 2174 3017 illa

588 3062 658 3118 sit
696 3059 865 3124 dives,
896 3058 1008 3113 suis
1037 3064 1093 3112 te
1119 3055 1320 3111 divitiis
1362 3054 1685 3123 locupletat;
1712 3052 1947 3122 degener
1974 3060 2050 3117 tu,
2084 3050 2176 3109 illa

586 3151 783 3210 smmi
803 3148 1017 3220 imperii
1044 3146 1170 3213 tilia;
1202 3153 1257 3201 et
1292 3158 1389 3201 sua
1429 3152 1485 3201 te
1517 3144 1880 3215 generositate
1904 3140 2173 3199 nobilitat.

587 3245 729 3317 Quid
772 3251 950 3301 autem
999 3242 1143 3298 dicat
1178 3246 1335 3311 pater
1378 3237 1494 3308 ejus
1533 3237 1866 3293 amatoribus
1906 3236 2026 3292 ﬁliae
2067 3250 2176 3292 sua:

2271 2028 2356 2077 est
2380 2020 2514 2086 Deo,
2557 2021 2672 2091 ipse
2701 2019 2993 2077 salvandus
3020 2020 3310 2078 secundum
3335 2023 3468 2078 vos?
3496 2020 3562 2078 Hi
3588 2022 3679 2093 qui
3708 2023 3869 2079 Cbri~

2271 2122 2413 2171 stum
2441 2112 2839 2193 cruciﬁgerunt,
2859 2113 2915 2167 hi
2935 2112 3177 2169 salvandi
3203 2121 3348 2180 sunt,
3373 2119 3427 2169 et
3448 2114 3540 2185 qui
3560 2108 3819 2169 dixerunt
3849 2134 3863 2169 :

2272 2207 2531 2263 Nolumus
2558 2208 2717 2272 hunc,
2741 2206 2844 2277 ipsi
2868 2213 2996 2261 sunt
3012 2204 3309 2261 liberandi?
3337 2204 3403 2260 Hi
3432 2214 3610 2262 autem
3639 2207 3732 2278 qui
3762 2207 3868 2263 ini‘

2240 2293 2250 2304 ’
2275 2300 2403 2357 mici
2448 2315 2556 2355 non
2585 2298 2835 2366 fuerunt,
2866 2296 2961 2353 sed
3003 2297 3188 2364 amici,
3231 2304 3287 2353 et
3313 2297 3601 2353 voluerunt
3627 2299 3862 2354 animam

2274 2406 2426 2449 suam
2454 2392 2510 2447 in
2531 2390 2716 2448 amore
2743 2390 2860 2461 ejus
2886 2405 3110 2461 ponere,
3144 2388 3200 2445 hi
3229 2398 3389 2445 erunt
3414 2390 3469 2445 in
3497 2392 3855 2447 exsecratione

2276 2486 2549 2542 Altissimo
2563 2486 2589 2540 τ
2636 2483 2883 2539 Probatis
2926 2498 3026 2539 vos
3072 2482 3322 2538 omnibus
3376 2481 3636 2538 haereticis
3678 2482 3860 2538 acrius

2275 2581 2670 2652 blasphemare,
2703 2579 2794 2649 qui
2823 2578 3066 2634 nolentes
3092 2584 3300 2632 rectum
3330 2572 3599 2631 tramitem
3636 2572 3865 2644 ingredi,

2277 2670 2603 2727 anfractibus
2622 2686 2719 2727 vos
2738 2670 2913 2741 plenis
2934 2667 3210 2725 erroribus
3234 2666 3549 2722 tradidistis.
3574 2665 3692 2722 Non
3722 2668 3866 2723 enim

2278 2746 2587 2821 inimicitias
2605 2772 2825 2820 nostras
2852 2762 2917 2817 ad
2946 2762 3116 2817 Deum
3141 2760 3431 2832 Apostolus
3447 2802 3461 2825 ,
3510 2758 3603 2815 sed
3630 2746 3867 2815 charita-

2278 2865 2389 2914 tem
2411 2858 2618 2913 invitat.
2645 2856 2784 2912 Dicit
2804 2838 3035 2924 namque
3055 2872 3067 2907 :
3088 2852 3427 2910 Commendat
3450 2855 3622 2927 itaque
3643 2854 3868 2908 charm»

2279 2963 2382 3008 tem
2407 2968 2553 3007 suam
2583 2950 2725 3006 Deus
2752 2951 2807 3005 in
2837 2949 3017 3015 nobis;
3038 2950 3283 3022 quoniam
3307 2949 3353 3003 si
3377 2964 3493 3002 cum
3511 2944 3714 3002 inimici
3741 2964 3869 3002 esse-

2281 3062 2430 3118 mus”
2458 3042 2781 3100 reconciliati
2827 3054 3005 3099 sumus
3049 3040 3161 3097 Deo
3202 3059 3293 3114 per
3336 3031 3552 3097 mortem
3580 3039 3712 3095 Filii
3740 3041 3867 3114 ejus,

2281 3140 2440 3196 multo
2470 3140 2635 3213 magis
2663 3137 2983 3195 reconciliati
3009 3135 3139 3192 salvi
3164 3137 3355 3191 erimus
3383 3134 3449 3190 ab
3476 3136 3559 3190 ira
3586 3153 3676 3208 per
3705 3134 3873 3207 ipsum

2283 3222 2461 3305 (Rom.
2488 3248 2539 3294 v,
2562 3229 2639 3299 8).
2683 3228 3036 3284 Commendat
3064 3241 3192 3297 ergo
3220 3220 3328 3287 hoc
3358 3222 3523 3305 op‘ere
3551 3226 3870 3281 cbaritatem

588 3308 848 3398 sollicitus
874 3336 1161 3404 diligenter
1182 3308 1430 3388 ausculta
1462 3349 1478 3384 :
1502 3327 1605 3395 Qui
1632 3328 1824 3402 diligit,
1855 3331 2044 3400 inquit,
2076 3348 2177 3403 pa-
2202 3308 2253 3375 0
2282 3338 2436 3379 suam
2465 3324 2518 3377 in
2540 3320 2715 3387 nob'is,
2740 3328 2800 3376 ut
2818 3319 2905 3376 vel
2930 3320 3008 3375 sic
3037 3322 3280 3375 amorem
3301 3326 3544 3375 nostrum
3574 3317 3625 3373 ei
3644 3334 3709 3373 ex
3735 3318 3871 3371 inte-

590 3441 722 3488 trent
768 3437 819 3485 et
865 3432 1088 3483 matrem
1124 3425 1240 3498 plus
1284 3426 1441 3498 quain
1481 3434 1581 3487 me,
1613 3438 1718 3478 non
1765 3430 1842 3478 est
1875 3436 1957 3478 me
1990 3422 2179 3496 dignus

592 3521 810 3595 (Matth.
839 3535 895 3586 x,
926 3518 1038 3589 57).
1069 3516 1187 3573 Non
1216 3515 1351 3571 dixit
1380 3534 1394 3570 :
1424 3514 1529 3584 Qui
1565 3521 1773 3587 pauper
1809 3522 1909 3580 est,
1953 3522 2043 3569 aut
2084 3515 2179 3584 qui

592 3614 845 3684 degener,
891 3613 984 3666 aut
1029 3610 1122 3681 qui
1168 3610 1333 3664 miser
1378 3616 1461 3664 est
1492 3627 1505 3662 :
1536 3604 1643 3664 sed’
1660 3608 1754 3677 qui
1779 3598 1950 3677 diligit
1979 3607 2181 3678 aliquid

592 3704 716 3779 plus
742 3717 906 3774 quam
934 3710 1040 3775 me,
1074 3715 1182 3761 non
1202 3707 1286 3754 est
1303 3713 1391 3754 me
1418 3699 1629 3768 dignus.
1647 3708 1671 3734 ³·
1689 3696 1733 3752 Ο
1759 3699 1930 3767 gratia
1960 3706 2180 3756 antece-

595 3797 728 3853 dens
755 3794 1086 3851 voluntatem
1102 3831 1118 3859 ,
1144 3801 1383 3847 amorem
1412 3791 1585 3845 solum
1613 3788 1889 3859 ﬂagitans!
1921 3791 1966 3846 Ο
1989 3793 2176 3857 homo,

596 3903 718 3945 ama
763 3893 820 3942 et
862 3884 1078 3956 accipe;
1108 3882 1201 3938 sed
1241 3883 1287 3937 si
1324 3896 1493 3950 amas,
1523 3880 1680 3938 factis
1724 3883 1965 3939 ostende.
1995 3881 2182 3941 Omnis

595 3980 687 4053 qui
714 3980 877 4042 amat,
919 3976 1051 4043 vult,
1084 3976 1249 4047 cupit,
1280 3984 1455 4045 rogat,
1487 3976 1685 4045 vigilat,
1716 3978 1901 4045 currit,
1944 3978 2181 4046 festinat,

594 4070 792 4140 satagit
828 4082 927 4142 per
952 4068 1176 4134 amicos,
1202 4066 1231 4105 ι)
1258 4082 1358 4137 per
1403 4076 1577 4134 natos,-
1623 4083 1724 4139 per
1749 4066 2055 4135 familiares,
2085 4065 2186 4139 p'er

595 4176 801 4228 servos,
967 4162 1047 4228 se.
1077 4160 1251 4230 ipsum
1298 4167 1619 4230 Opportune,
1661 4159 1989 4229 importune,
2028 4160 2186 4216 obse-

597 4240 949 4316 crationibus,
987 4248 1455 4318 promissibnibus,
1499 4248 1608 4303 lito
1644 4257 1826 4319 pacto,
1868 4252 2215 4324 integreque

600 4338 1165 4417 anicris‘iritliciouEt
1196 4332 1259 4395 ut
1285 4341 1533 4411 aperiam
1561 4341 1659 4396 tibi
1692 4342 1894 4408 oculos,
1929 4351 1985 4399 tu
2012 4346 2103 4415 qui
2132 4342 2214 4401 te'

599 4439 761 4505 putas
782 4432 1015 4488 invitum
1044 4430 1408 4486 etwhtiieu'tan
1448 4430 1632 4500 gratia:
1669 4432 1863 4487 divinae
1900 4450 2058 4505 posse
2093 4450 2185 4491 so-

600 4526 755 4595 ciari,
785 4525 917 4595 quid
938 4531 1022 4581 est
1043 4512 1432 4594 quodvquando
1459 4538 1579 4579 eam
1605 4524 1699 4579 dat
1716 4534 1892 4595 pater;
1920 4543 2017 4598 per
2043 4528 2191 4584 fami-

2285 3416 2382 3487 gro
2406 3413 2749 3479 conferendo,
2775 3408 3054 3468 videamur
3084 3410 3274 3467 saltem
3303 3409 3501 3466 amoris
3528 3416 3654 3465 voto
3677 3424 3871 3479 repen-

2283 3511 2411 3566 dere
2439 3508 2583 3579 quod
2611 3497 2814 3563 viribus
2834 3521 2941 3561 non
2965 3504 3226 3560 valemus.
3248 3501 3381 3558 Nam
3402 3496 3545 3571 quod
3572 3516 3669 3556 nos
3695 3498 3873 3568 diligit

2285 3598 2445 3668 Deus,
2478 3601 2632 3657 nobis
2660 3596 2909 3671 prodest;
2941 3614 3040 3653 nos
3060 3597 3104 3652 si
3126 3596 3391 3665 diligimus
3418 3594 3600 3657 Deum,
3633 3591 3707 3647 illi
3730 3607 3873 3660 pro-

2284 3693 2442 3749 desse
2471 3708 2577 3747 non
2605 3706 2911 3764 possumus.
2958 3688 3103 3744 Deus
3140 3687 3282 3743 enim
3309 3684 3495 3740 nullius
3522 3690 3669 3750 eget,
3700 3678 3861 3734 nullo

2284 3789 2586 3844 honorante
2631 3785 2967 3849 sublimatur,
3000 3781 3149 3837 nullo
3189 3782 3544 3853 contemnente
3571 3770 3849 3842 dejicitur.

2284 3880 2424 3950 Ergo
2451 3886 2512 3935 ut
2537 3877 2664 3950 quid
2695 3875 3038 3934 commendat
3066 3864 3372 3930 charitatem
3396 3874 3545 3923 suam
3572 3866 3625 3919 in
3650 3861 3868 3917 nobis?

2288 3972 2360 4031 Ut
2386 3975 2626 4030 dicamus
2665 3972 2849 4040 utique
2888 3989 2901 4023 :
2933 3960 2991 4024 Si
3020 3960 3143 4023 cum
3173 3962 3370 4022 inimici
3396 3973 3629 4016 essemus
3652 3954 3734 4010 ita
3764 3970 3880 4010 nos

2285 4068 2502 4134 dilexit,
2534 4074 2593 4122 ut
2619 4067 2782 4123 etiam
2812 4064 3029 4119 unicum
3071 4064 3227 4118 suum
3255 4074 3354 4131 pro
3398 4050 3579 4110 nostra
3625 4047 3887 4106 omnium

2284 4152 2564 4235 pateretur
2606 4160 2777 4215 salute
2816 4156 3073 4222 interﬁci;
3121 4160 3324 4226 quanto
3364 4148 3533 4217 magis
3568 4142 3888 4235 nuncijam

2287 4232 2665 4311 reconciliatos
2686 4251 2785 4307 sibi
2808 4250 2985 4306 salvos
3015 4246 3174 4303 faciet
3200 4247 3254 4301 in
3293 4243 3459 4310 vitam
3491 4232 3691 4311 ipsius?
3728 4234 3905 4293 Unde-

2289 4344 2581 4403 excludens
2626 4351 2857 4400 vestram
2917 4341 3203 4413 specialem
3250 4333 3619 4393 defensionem
3644 4373 3660 4400 ,
3718 4345 3893 4401 gene-
3992 4384 3999 4393 ,

2288 4436 2459 4493 ralem
2487 4436 2713 4506 gratiam
2742 4432 3055 4500 introduxit,
3086 4432 3269 4487 dicens
3294 4448 3307 4483 :
3333 4416 3753 4513 Considerantei
3777 4423 3891 4488 hoc,
3988 4434 3991 4437 λ

2290 4529 2427 4601 quod
2462 4546 2592 4583 unus
2618 4543 2712 4600 pro
2739 4526 2974 4582 omnibus
3007 4520 3237 4580 mortuus
3264 4528 3359 4575 est.
3393 4516 3459 4572 Et
3484 4512 3723 4601 adjecit:
3753 4512 3897 4587 Ergo

599 4616 766 4676 lieres
791 4632 921 4673 mos
946 4617 1122 4684 gratia
1142 4602 1485 4670 antecedens
1524 4616 1875 4686 exprimitur?
1901 4619 2191 4691 lnquiritur
2221 4688 2265 4691 _7
2293 4598 2469 4675 omnes
2498 4598 2687 4674 mortui
2714 4625 2862 4683 sunt;
2892 4618 3011 4687 quia
3041 4632 3132 4687 pro
3166 4610 3404 4667 omnibus
3434 4598 3685 4685 mortuus
3713 4613 3827 4671 est,
3847 4612 3900 4659 ut

601 4709 673 4766 ab
700 4724 768 4765 eo
794 4708 889 4780 qui
917 4721 1039 4763 eam
1066 4705 1281 4779 accipit,
1311 4706 1584 4776 quomodo
1612 4707 1811 4772 veniat,
1843 4710 1888 4763 si
1922 4688 2190 4769 abrenun-
2221 4688 2269 4747 Π
2293 4718 2343 4766 et
2369 4714 2454 4783 qui
2483 4710 2674 4775 vivunt,
2696 4709 2813 4782 jam
2837 4723 2939 4763 non
2961 4705 3058 4762 sibi
3085 4704 3274 4770 vivant,
3296 4698 3390 4757 sed
3410 4700 3455 4754 ei
3483 4694 3571 4772 qui
3595 4698 3703 4783 pro
3728 4694 3901 4783 omni-

603 4803 701 4858 tiet
738 4801 986 4858 omnibus
1012 4788 1287 4857 amoribus
1315 4800 1521 4865 mundi,
1552 4799 1801 4855 omnibus
1846 4805 2056 4873 pompis
2087 4805 2189 4860 ini-

604 4894 764 4959 mici;
794 4896 883 4966 qui
907 4897 1013 4952 nisi
1041 4896 1180 4953 velle
1200 4911 1355 4949 suum
1385 4894 1714 4965 expresserit
1732 4895 1928 4963 verbis,
1952 4900 2151 4969 nunqui

605 4901 764 4959 inici;
794 4901 883 4966 qui
907 4901 1013 4952 nisi
1041 4901 1180 4953 velle
1200 4911 1355 4949 suum
1385 4901 1714 4965 expresserit
1732 4901 1928 4963 verbis,
1952 4901 2200 5047 antiqui?

605 4983 764 5041 datur
788 4985 841 5041 ei
867 4987 1037 5053 gratia
1063 4994 1225 5056 quam
1252 4986 1537 5070 ppposcit?
1575 4984 1711 5051 Quid
1748 4999 1876 5055 ergo
1905 4988 2036 5054 vult,
2063 4992 2152 5059 qui

607 5075 873 5142 cucurrit,
899 5077 1025 5145 quid
1053 5078 1378 5132 desideravit
1418 5078 1620 5146 homo;l
1646 5078 1873 5147 gratiam
1895 5082 2186 5151 consequi;

606 5171 665 5221 et
689 5165 821 5234 quid
850 5165 1149 5236 promittit?
1177 5160 1787 5238 abrenuntio-omnihus
1832 5170 2043 5241 pompis
2079 5172 2195 5227 dia-
2220 5190 2225 5195 ’

606 5256 722 5314 buli
761 5265 817 5313 et
862 5256 1221 5328 voluptatibus
1247 5256 1381 5326 ejus.
1408 5256 1653 5314 Ostendit
1679 5274 1739 5314 se
1764 5260 1911 5316 nolle
1936 5263 2079 5331 quod
2109 5273 2202 5320 vo-

609 5349 729 5414 luit,
762 5357 819 5405 et
848 5349 1037 5419 incipit
1065 5348 1202 5405 velle
1228 5349 1374 5419 quod
1396 5350 1593 5414 noluit;
1630 5357 1685 5404 et
1728 5358 1856 5407 tunc
1878 5353 1986 5421 jam
2010 5357 2195 5423 gratiae

610 5441 895 5511 participio
914 5427 1101 5513 incipit
1128 5442 1402 5507 deiebtari,
1436 5455 1534 5512 per
1559 5442 1720 5511 quam
1741 5451 1797 5497 et
1815 5442 1962 5499 dives
1980 5454 2038 5500 et
2057 5449 2196 5516 regis

613 5531 753 5587 illius
778 5542 1137 5605 nuncupetur.
1167 5534 1308 5593 Ecce
1333 5538 1563 5605 gratiam
1588 5536 1689 5595 Dei
1714 5536 1884 5593 vobis
1899 5547 1957 5595 et
1982 5534 2197 5598 antece-

687 5701 713 5729 ⁸
741 5692 840 5815 ﬁs.
873 5694 1138 5763 Augiense
1171 5715 1183 5748 :
1207 5696 1290 5752 En
1316 5696 1489 5769 gratia
1513 5697 1841 5754 antecedens.

687 5758 717 5799 δ
797 5776 842 5815 s.
874 5756 1016 5815 idem
1045 5783 1133 5815 uer
1152 5774 1343 5815 notos-‘

687 5758 717 5799 δ
742 5756 842 5835 liis.
874 5756 1016 5835 idem
1044 5783 1133 5835 per
1152 5756 1343 5822 notos?

691 5841 715 5906 (ξ
737 5830 838 5906 ξε.
870 5830 1331 5906 ᾖᾲθωζιᾼυρηίεαεε
1358 5830 1628 5906 conﬁctas.

687 5898 719 5943 ⁸
744 5900 844 5959 Hs.
868 5898 1049 5958 idem:
1072 5903 1209 5961 XXI.
1243 5898 1538 5962 Ηιειιετὶοι.
1575 5906 1696 5963 Neu
1714 5909 1870 5971 enim,
1897 5914 2002 5964 etc.

2297 4772 2393 4859 bus
2409 4810 2638 4859 mortuus
2660 4772 2735 4857 est
2758 4794 2831 4872 (ll
2856 4799 2978 4855 Cor.
3000 4815 3052 4863 v,
3080 4796 3162 4861 ll,
3189 4793 3299 4864 15).
3326 4786 3576 4849 Occm't'it
3598 4772 3778 4845 nubis
3805 4782 3907 4844 hoc

2297 4897 2418 4950 loco
2431 4897 2665 4967 ,insanus
2694 4892 2829 4948 liber
2855 4900 3051 4955 vester,
3074 4896 3129 4944 et
3154 4888 3282 4942 dicit
3296 4877 3342 4957 ς’

2368 4984 2507 5040 XIX.
2537 4987 2557 5024 τ
2593 4984 2710 5051 Vos,
2735 4985 2925 5056 inquit,
2954 4980 3235 5053 ubicunque
3255 4992 3429 5033 omnes
3451 4968 3661 5045 legitis,
3691 4968 3911 5048 genere.

2296 5084 2414 5155 liter
2435 5081 2585 5136 vultis
2612 5080 2830 5152 intelligi
2844 5120 2857 5145 ,
2882 5094 2998 5133 cum
3017 5072 3193 5133 omnes
3218 5090 3353 5145 stupe
3372 5088 3467 5143 pro
3486 5078 3657 5141 parte
3684 5070 3911 5155 docean-

2298 5150 2399 5229 tur.
2431 5172 2565 5228 Nam
2588 5180 2726 5228 ‘cum
2767 5148 2962 5226 dicitur
2998 5187 3010 5222 :
3047 5165 3238 5222 Omnes
3285 5162 3698 5218 declinaverunt
3725 5163 3745 5236 (
3770 5148 3945 5216 Psal.‘

2301 5284 2409 5333 xm,
2443 5267 2527 5338 5);
2560 5282 2661 5321 non
2705 5274 2876 5319 tamen
2913 5279 3090 5318 omnes
3120 5259 3524 5315 declinaverunt.
3572 5236 3655 5310 Et
3686 5255 3702 5311 ὲ
3750 5252 3917 5312 omnis

2298 5360 2450 5413 homo
2484 5357 2708 5412 mendam
2743 5356 2856 5429 (Ps.
2895 5371 3015 5411 cxv.
3041 5346 3159 5424 ll);
3191 5369 3292 5407 non
3329 5358 3501 5404 tamen
3534 5340 3737 5406 omnis
3769 5350 3919 5406 homo

2299 5450 2540 5515 mendax,
2569 5453 2688 5523 quia
2725 5450 2939 5521 legimus
2978 5447 3041 5501 de
3067 5446 3328 5520 quodam:
3357 5441 3495 5497 Erat
3527 5436 3710 5499 hon‘to
3739 5460 3917 5499 uerax.

2298 5541 2448 5598 Pars
2470 5559 2588 5614 ergo
2614 5540 2841 5597 maxima
2862 5554 3037 5595 omnes
3064 5536 3263 5593 videtur
3283 5532 3627 5617 signiﬁcare,
3664 5554 3797 5594 cum
3823 5535 3922 5591 stti-

2367 5711 2395 5743 ⁸
2423 5701 2521 5759 Ms.
2553 5702 2693 5759 idem
2725 5699 3073 5758 :Caruoutn.
3096 5694 3464 5767 Jubetisergo,
3489 5701 3610 5751 etc.

2372 5772 2391 5811 τ
2423 5772 2521 5829 Ms.
2554 5774 2691 5829 idem
2726 5793 2737 5826 :
2765 5771 2927 5828 XXII.
2952 5770 3253 5828 HBRETICI.
3284 5765 3408 5829 Vos,
3440 5765 3658 5838 inquit,
3699 5772 3924 5829 ubicum-

2298 5860 2412 5915 que,
2437 5852 2541 5900 etc.
