4140 6346
327 349 423 422 661

794 308 1383 410 PREZDESTINATUS
1421 351 1571 409 SIVE
1609 348 2303 408 PRIi-ZDESTI'NATORUM
2345 355 2690 427 HERESIS,
2731 361 2882 418 ETC.
2929 308 3055 422 LID.
3087 367 3173 425 III.

3500 376 3606 437 66!

321 482 417 539 que
458 473 656 522 constet
702 482 803 520 non
856 483 1030 522 omnes
1077 467 1319 539 intelligi.
1356 476 1381 504 α
1412 466 1626 523 Nullum
1675 467 1727 520 in
1770 465 1909 520 libro
1939 469 1982 527 Α
2015 466 2097 521 sui
2121 466 2320 535 virtute
2349 486 2450 526 nos
2479 476 2650 540 unxit,
2683 484 2741 530 nt
2767 477 3057 546 luctantem
3085 490 3270 538 contra
3295 502 3396 541 nos
3423 489 3604 550 diabo.

319 566 503 624 vestro
533 559 709 614 locum
733 559 847 614 sine
869 559 1214 630 blasphemiis
1233 559 1552 615 invenimus.
1579 557 1707 614 Haec
1733 573 1910 614 asser-

319 651 394 721 tio
424 651 513 706 ubi
540 650 801 706 attendit?
833 650 902 706 Ut
931 652 1330 708 consentientes
1357 651 1511 706 vobis
1538 649 1722 707 dicant
1745 649 1906 704 Chri-

314 754 460 808 stum
488 763 594 803 non
631 763 732 817 pro
761 748 1006 804 omnibus
1051 764 1288 819 passum.
1339 749 1397 804 Si
1445 750 1548 805 hoc
1595 764 1702 804 non
1746 748 1908 802 vultis

314 841 573 912 intelligi,
605 855 736 910 ergo
765 857 872 897 non
904 858 1001 914 pro
1029 851 1184 912 parte
1209 843 1312 898 hoc
1345 843 1467 899 loco
1490 842 1778 912 Apostolus
1807 857 1906 896 no-

312 934 540 994 minavit
587 949 793 1004 omnes,
837 934 932 990 sed
961 949 1148 991 omnes
1194 936 1519 1004 generaliter
1564 934 1901 989 memoravit.

310 1025 580 1098 Corrigite
609 1042 739 1098 ergo
786 1029 980 1085 librum
1024 1038 1294 1097 vestrum,
1345 1029 1471 1101 quia
1517 1027 1764 1084 Christus
1803 1043 1903 1098 pro

309 1117 563 1190 omnibus
590 1136 783 1196 passus
811 1130 923 1192 est,
967 1121 1217 1177 omnibus
1264 1121 1569 1178 hominibus
1615 1121 1905 1176 subvenire

308 1212 550 1283 festinat.
585 1211 789 1286 Omnes
814 1220 1004 1284 vocat,
1034 1229 1224 1270 onmes
1248 1213 1451 1287 invitat.
1483 1231 1496 1267 ;
1541 1214 1634 1283 qui
1664 1213 1904 1268 salvatus

305 1302 491 1373 fuerit,
509 1305 796 1376 imputabit
814 1305 1114 1380 εει-τιιίεὲῡώ
1135 1307 1370 1372 vocanti,
1393 1306 1658 1370 invitanti,
1682 1321 1902 1360 succur-

306 1396 482 1466 renti;
525 1397 614 1468 qui
645 1413 753 1451 non
781 1398 1015 1453 salvatus
1041 1398 1228 1462 fuerit,
1264 1398 1547 1468 imputabit
1585 1397 1685 1452 sibi
1729 1397 1900 1466 negli-

305 1490 478 1560 genti,
507 1492 871 1546 contemnenti
905 1510 916 1559 ε
941 1492 1108 1547 ariter
1131 1500 1187 1547 et
1213 1491 1501 1548 deserenti.
1536 1490 1728 1546 Omnia
1756 1490 1901 1544 enim

307 1584 453 1653 bona
480 1584 639 1640 nobis
666 1599 697 1639 a
737 1583 949 1640 Domini
978 1586 1148 1655 gratia
1180 1586 1531 1656 conferuntur
1558 1584 1898 1656 petentibus;

305 1677 490 1732 omnia
518 1685 699 1733 autem
723 1677 864 1733 mala
886 1693 915 1732 a
937 1677 1154 1735 diabolo
1181 1678 1336 1734 nobis
1359 1679 1525 1732 Deum
1548 1685 1900 1750 contemnen-

305 1767 450 1826 tibus
473 1769 796 1840 irrogantur.
841 1769 957 1826 Non
988 1772 1129 1826 enim
1161 1772 1361 1842 poterit
1389 1777 1713 1842 potestatem
1744 1785 1898 1824 suam
1939 1779 1943 1784 ‘

2015 559 2124 615 lum
2152 561 2507 622 vinceremus.
2534 567 2700 624 Scuto
2727 571 2881 628 bona:
2903 575 3196 633 voluntatis
3217 596 3325 636 sua:
3353 599 3452 640 nos
3480 571 3602 644 sese

2011 664 2296 752 protegere
2319 661 2645 728 repromittit
2674 681 2686 714 :
2722 662 2822 727 Qui
2849 676 3043 736 sperat,
3076 670 3268 742 inquit,
3301 674 3355 730 in
3385 692 3483 742 me,
3508 695 3602 752 ego

2008 749 2236 806 liberabo
2261 767 2408 816 eum,
2447 761 2718 825 protegam
2759 774 2907 825 eum,
2958 763 3080 833 quia
3126 767 3361 835 cognovit
3412 749 3601 828 nomen

2011 859 2180 898 meum
2207 842 2382 916 (Psal.
2411 862 2506 911 xc,
2533 845 2598 899 I4
2617 848 2654 916 ).
2701 847 2852 907 Unde
2879 861 2934 910 et
2961 857 3206 925 superius
3235 860 3308 912 ait
3335 863 3596 931 propheta

2007 937 2075 993 de
2103 953 2170 993 eo
2197 955 2210 992 :
2237 936 2338 1002 Qui
2375 940 2575 994 habitat
2604 942 2659 996 in
2697 944 2960 1014 adjutorio
2989 949 3244 1006 Altissimi
3274 952 3469 1022 (Ibid.,
3500 955 3595 1026 I),

2005 1029 2152 1098 quod
2179 1045 2287 1085 non
2317 1047 2439 1086 eum
2469 1033 2637 1102 possit
2665 1035 2936 1104 invadere,
2963 1055 3062 1095 nec
3085 1044 3277 1111 sagitta
3305 1060 3424 1114 qua:
3453 1046 3598 1102 volat

2004 1135 2104 1189 per
2130 1120 2293 1185 diem,
2317 1138 2419 1180 nec
2446 1126 2717 1194 negotium
2740 1129 2881 1198 quod
2905 1133 3236 1201 perambulat
3262 1136 3313 1190 in
3337 1137 3595 1204 tenebris,

2004 1227 2105 1268 nec
2146 1215 2299 1270 ruina
2349 1225 2440 1271 aut
2486 1218 2808 1278 dmmonium
2852 1225 3224 1290 meridianum,
3277 1237 3330 1283 et
3377 1240 3594 1290 caetera.

2006 1301 2159 1358 Unde
2197 1305 2280 1361 his
2327 1307 2534 1364 indiciis
2579 1309 2886 1368 declaratur
2931 1313 3174 1372 diabolus
3222 1326 3348 1374 tunc
3393 1320 3594 1379 habere

2004 1394 2287 1462 virtutem,
2335 1413 2454 1452 cum
2501 1415 2600 1454 nos
2647 1401 2912 1460 invenerit
2958 1407 3309 1475 negligentes,
3342 1425 3462 1465 cum
3493 1428 3596 1468 nos

2002 1487 2270 1543 invenerit
2297 1488 2627 1548 dormientes
2657 1495 2708 1547 in
2739 1495 2861 1551 fide.
2893 1494 3076 1555 Omnis
3105 1501 3245 1554 enim
3277 1504 3366 1573 qui
3392 1518 3460 1557 ex
3491 1504 3596 1561 ﬁde

2001 1579 2309 1659 invocavgrit
2338 1599 2526 1638 nomen
2568 1584 2812 1654 Domini,
2857 1589 2938 1642 hic
2967 1591 3138 1646 salvus
3168 1595 3268 1647 erit
3289 1597 3305 1660 (
3326 1594 3477 1649 Rom.
3525 1613 3593 1662 x,

2003 1672 2121 1746 I5).
2173 1673 2370 1728 Verum
2417 1675 2545 1746 quid
2591 1677 2844 1746 prodest,
2896 1682 3038 1749 quod
3088 1683 3376 1740 humanum
3427 1702 3598 1756 genus

2002 1765 2336 1822 ostendimus
2364 1781 2462 1838 per
2490 1768 2585 1824 Dei
2615 1770 2898 1826 victoriam
2926 1788 2958 1827 a
3001 1773 3216 1830 diabolo
3262 1778 3508 1848 liberari,
3540 1783 3598 1838 et

305 1878 560 1920 exemere
603 1864 848 1920 diabolus
893 1865 946 1920 in
993 1864 1077 1920 his
1118 1866 1210 1934 qui
1259 1865 1451 1920 divinis
1496 1863 1898 1920 defensionibus
1930 1855 1977 1915 Β
2002 1877 2100 1916 suo
2132 1861 2261 1916 vitio
2290 1863 2538 1918 homines
2565 1865 2721 1935 capi?
2750 1864 2978 1922 Additur
3007 1867 3164 1924 nobis
3208 1869 3345 1924 alter
3380 1874 3628 1944 Opposi-_

305 1954 510 2012 vivunt.
533 1955 782 2026 Nunquid
813 1965 993 2027 potest
1019 1957 1121 2012 sibi
1139 1956 1405 2027 subjicere
1425 1956 1645 2012 victoris
1663 1955 1745 2011 sui
1769 1971 1896 2011 vasa

205 2109 208 2111 Α
305 2047 584 2117 captivus?
612 2045 812 2115 Nemo,
865 2048 1038 2118 inquit
1086 2049 1375 2132 Dominus,
1406 2049 1568 2102 intrat
1610 2049 1664 2101 in
1693 2047 1908 2102 domum

306 2143 476 2213 fortis,
505 2151 553 2197 et
582 2161 707 2198 vasa
737 2143 850 2214 ejus
881 2144 1109 2213 diripiet,
1134 2145 1237 2198 nisi
1256 2143 1401 2215 prius
1425 2145 1614 2213 fortem
1643 2143 1910 2213 ligaverit,

307 2244 354 2290 et
382 2246 504 2291 tunc
535 2255 660 2292 vasa
689 2237 803 2308 ejus
824 2238 1036 2308 diripiat
1059 2235 1276 2307 (Matth.
1303 2253 1393 2301 xu,
1418 2235 1531 2306 29).
1561 2234 1780 2290 Fortem
1807 2249 1905 2290 vos

305 2329 505 2400 ponitis
533 2329 835 2395 inimicum;
869 2327 963 2386 sed
995 2344 1093 2382 nos
1114 2328 1398 2396 religatum
1420 2336 1475 2381 et
1499 2326 1672 2382 crucis
1699 2333 1904 2396 tropaeo

307 2419 576 2478 credimus
625 2434 744 2476 esse
790 2418 1121 2488 subjectum;
1170 2417 1512 2482 insidiosum,
1546 2417 1639 2472 sed
1689 2417 1907 2473 insidias

309 2511 427 2581 ejus
471 2512 715 2572 detectas
763 2511 1114 2567 ostendimus.
1154 2495 1412 2580 'Nunquid
1463 2511 1617 2579 signo
1665 2510 1903 2566 victoriae

311 2605 578 2658 munitum
605 2605 918 2672 contingere
965 2605 1219 2676 praevalet
1247 2605 1452 2660 victus?
1481 2604 1718 2673 nunquid
1749 2613 1903 2659 scuto

313 2695 527 2754 Domini
547 2698 955 2766 circumdatum,
975 2707 1029 2753 et
1053 2700 1218 2764 lorica
1243 2697 1365 2753 fidei
1388 2698 1654 2763 indutum,
1672 2706 1727 2754 et
1745 2697 1898 2767 galea

310 2789 425 2858 spei
455 2798 507 2844 et
535 2789 722 2844 salutis
741 2791 1025 2854 munitum,
1050 2790 1186 2845 ictus
1206 2796 1430 2860 possunt
1454 2789 1709 2844 invadere
1736 2789 1900 2857 sagit-

308 2887 483 2934 tarum
516 2879 742 2951 (Ep/res.
775 2898 852 2946 vr,
889 2881 982 2945 16,
1013 2882 1146 2955 I7)?
1193 2864 1311 2938 Non
1365 2883 1594 2938 vincitur
1622 2900 1654 2937 a
1683 2883 1900 2940 diabolo
1932 2870 1937 2875 ’

307 2971 489 3039 homo,
516 2974 616 3028 nisi
637 2974 851 3043 quando
878 2991 908 3028 a
931 2991 1030 3031 suo
1053 2977 1335 3032 recesserit
1357 2976 1662 3043 defensore,
1691 2977 1904 3032 dicente

304 3060 566 3134 Apostolo
595 3082 606 3116 :
639 3064 845 3118 Subditi
872 3075 1032 3120 estote
1053 3067 1163 3122 Dea
1179 3085 1194 3132 ;
1219 3069 1442 3122 resistite
1469 3077 1642 3123 autem
1671 3067 1900 3136 diabolo,

307 3162 354 3209 et
382 3156 547 3228 fugiet
571 3173 604 3210 a
625 3157 765 3212 vobis
797 3156 934 3226 (Jac.
962 3176 1034 3221 ιν,
1060 3159 1142 3229 7).
1167 3160 1462 3215 invisibilis
1489 3162 1661 3218 hostis
1690 3171 1800 3228 est,
1835 3165 1902 3220 ab

2008 1955 2170 2009 tionis
2197 1955 2476 2010 articulus.
2509 1953 2529 1993 ί
2560 1955 2700 2011 Dicit
2729 1958 2870 2012 enim
2902 1958 3037 2013 liber
3063 1974 3252 2014 eorum
3279 1979 3290 2013 :

2076 2043 2216 2100 XXI.
2250 2046 2356 2101 Per
2388 2048 2874 2118 prmaricationem
2909 2050 3064 2120 primi
3103 2051 3329 2106 hominis
3357 2053 3509 2124 periit
3531 2055 3595 2108 ab

2006 2138 2301 2214 hominibus
2323 2139 2537 2194 libertas
2566 2138 2794 2195 arbitrii.
2821 2151 2848 2188 σ
2869 2139 2979 2196 Nos
2997 2149 3177 2196 autem
3207 2143 3434 2198 dicimus
3460 2162 3470 2196 :
3495 2144 3597 2200 Per

2005 2232 2506 2306 pmvaricationem
2525 2231 2681 2302 primi
2709 2232 2943 2288 hominis
2964 2233 3300 2289 manifestata
3331 2244 3413 2291 est
3439 2237 3597 2291 liber-

2008 2333 2093 2382 tas
2119 2325 2354 2391 arbitrii,
2383 2341 2506 2396 quae
2533 2326 2709 2397 potuit
2752 2327 3032 2384 hominem
3076 2327 3258 2384 facere
3287 2329 3426 2384 velle
3454 2329 3596 2399 quod

2006 2418 2150 2475 Deus
2177 2435 2285 2476 non
2316 2419 2443 2474 vult.
2478 2417 2536 2475 Si
2566 2433 2694 2490 ergo
2733 2421 2902 2491 .periit
2941 2421 3160 2476 libertas
3189 2421 3427 2486 arbitrii,
3458 2423 3597 2478 unde

2004 2529 2188 2570 sumus
2215 2513 2459 2569 homines
2487 2513 2834 2583 peccatores?
2859 2510 3086 2570 Aliunde
3111 2529 3219 2570 non
3249 2529 3432 2568 sumus
3472 2530 3596 2584 pec-

2003 2613 2235 2668 catores,
2269 2605 2370 2660 nisi
2399 2607 2525 2676 quia
2553 2606 2804 2661 volumus
2849 2605 2993 2677 quod
3041 2607 3182 2679 Deus
3229 2621 3336 2660 non
3367 2605 3511 2670 vult,
3544 2615 3597 2662 et

2003 2701 2254 2756 nolumus
2282 2699 2428 2769 quod
2475 2699 2618 2754 Deus
2666 2700 2810 2765 vult;
2859 2699 3246 2769 committimus
3292 2698 3436 2766 quod
3484 2697 3597 2755 ﬁeri

2003 2792 2272 2863 prohibet,
2291 2800 2346 2846 et
2372 2791 2550 2846 facere
2580 2791 2832 2846 nolumus
2851 2790 2996 2859 quod
3020 2790 3273 2859 praecepit
3293 2789 3594 2858 adimpleri.

2004 2881 2107 2938 Per
2133 2883 2261 2952 quid
2291 2883 2395 2936 hoc
2424 2890 2629 2935 tantum
2661 2881 2790 2945 mali
2836 2879 3089 2942 facimus,
3121 2881 3166 2934 si
3211 2879 3456 2934 nolentes
3485 2879 3598 2934 haec

2002 2977 2260 3033 facimus?
2291 2977 2440 3031 Alius
2467 2983 2551 3031 est
2578 2977 2670 3043 qui
2699 2989 2798 3045 per
2844 2990 2942 3030 nos
2989 2982 3273 3044 operatur;
3323 2973 3424 3044 ipsi
3467 2985 3598 3040 ergo

2005 3069 2192 3126 debuit
2219 3069 2308 3123 lex
2332 3067 2468 3133 dari,
2502 3083 2609 3123 non
2638 3068 2788 3122 mihi.
2837 3066 2955 3122 Non
2984 3067 3069 3122 lex
3100 3056 3482 3136 gladio'datur,
3530 3079 3598 3132 ne

2007 3160 2219 3218 occidat
2245 3161 2548 3226 hominem;
2581 3160 2675 3215 sed
2698 3159 2774 3214 illi
2796 3159 2956 3214 datur
2984 3159 3088 3225 lex,
3121 3158 3213 3227 qui
3244 3173 3340 3227 per
3362 3156 3597 3225 gladium

307 3248 562 3304 invisibili
592 3250 877 3307 defensore
905 3255 1283 3322 prosternitur.
1315 3253 1419 3310 Sed
1462 3257 1785 3313 contradicit
1812 3259 1899 3316 hic
1926 3239 1970 3300 Ε
2000 3254 2228 3325 jugulat.
2262 3253 2482 3308 Gladius
2510 3253 2672 3318 enim,
2699 3253 2812 3306 sive
2841 3251 3071 3316 occidat,
3097 3250 3209 3305 sive
3234 3265 3339 3303 non
3363 3248 3594 3313 occidat,

289 3339 473 3396 'etiam
495 3341 630 3396 liber
650 3351 831 3398 vester
853 3344 1090 3411 insanus,
1111 3354 1165 3401 et
1187 3362 1349 3403 ausus
1376 3357 1460 3404 est
1486 3348 1666 3406 dicere
1693 3359 1898 3407 tantum

309 3434 580 3491 diabolum
630 3452 820 3507 posse,
864 3445 919 3492 ut
961 3439 1206 3496 homines
1254 3441 1428 3497 trahat
1477 3443 1693 3508 invitos,
1737 3445 1900 3501 etiam

310 3528 408 3584 hos
451 3545 589 3600 quos
617 3528 862 3587 Christus
905 3548 1004 3588 suo
1051 3549 1243 3590 cruore
1289 3535 1558 3591 redimens
1607 3537 1717 3593 Deo
1761 3536 1900 3594 ﬁlios

310 3615 453 3674 fecit.

381 3709 497 3765 XX.
533 3711 562 3751 ι)
593 3712 782 3768 Dicitis
807 3734 824 3768 :
849 3713 1051 3772 Clausit
1078 3717 1242 3771 oculis
1271 3719 1537 3772 transistis
1563 3719 1726 3774 hostis
1773 3722 1901 3775 insi-

311 3805 428 3859 dias
455 3823 544 3861 vos
571 3809 657 3878 qui
687 3808 859 3862 dicitis
888 3809 1203 3864 voluntatem
1243 3811 1466 3866 hominis
1489 3811 1708 3881 aliquid
1753 3788 1903 3881 posse

312 3898 515 3949 virtutis
545 3899 830 3966 acquirere,
853 3915 959 3952 non
981 3899 1304 3952 attendentes
1329 3910 1524 3971 quanta
1547 3901 1738 3955 damna
1764 3901 1903 3956 Deus

315 3989 541 4060 quotidie
575 3999 594 4023 ε
627 3989 877 4058 patiatur,
909 3997 1114 4059 quanta:
1142 3991 1310 4044 ruina:
1338 3992 1592 4044 castitatis
1612 4009 1703 4061 per
1723 3991 1904 4046 diabo-

316 4078 424 4132 lum
465 4080 628 4149 ﬁant,
673 4087 973 4150 quantaeque
999 4080 1272 4134 criminum
1299 4077 1740 4152 cancupiscentiw.
1777 4082 1905 4147 Qum

313 4171 490 4243 utique
517 4171 563 4224 si
609 4171 878 4234 videretis,
912 4188 1016 4225 non
1045 4171 1404 4226 laboraremus
1450 4172 1591 4228 vobis
1635 4175 1905 4231 ostendere

311 4263 506 4318 damna
535 4264 800 4328 virtutum,
829 4272 879 4318 et
907 4265 1150 4319 victorias
1178 4265 1439 4320 vitiorum.
1468 4263 1492 4302 ἀ
1527 4266 1712 4331 Dicite,
1743 4269 1900 4324 obse-

311 4371 430 4422 cro,
460 4355 654 4410 damna
683 4371 803 4426 qua:
846 4356 987 4412 Deus
1014 4356 1256 4428 quotidie
1285 4360 1516 4429 patitur;
1546 4360 1760 4417 diabolo
1792 4364 1904 4418 vin-

309 4457 470 4505 cente
500 4449 615 4504 haec
655 4446 874 4519 patitur,
907 4464 976 4504 an
1005 4450 1224 4505 homine
1252 4454 1666 4508 contemnente?
1705 4452 1760 4508 Si
1789 4455 1904 4508 dia-

311 4540 438 4598 bolo
478 4543 726 4596 vincente
772 4542 980 4607 dicatis,
1014 4552 1035 4579 θ
1065 4543 1399 4614 blasphemia
1427 4553 1601 4602 vestra
1642 4546 1694 4600 in
1741 4555 1903 4616 caput

2005 3345 2146 3401 idem
2176 3354 2285 3412 est;
2318 3361 2418 3399 nec
2446 3344 2658 3399 laudem
2685 3343 2826 3398 enim
2856 3340 3184 3411 quiescendo
3210 3339 3468 3407 acquirit,
3500 3352 3598 3393 nec

2003 3436 2298 3494 occidendo
2324 3437 2536 3505 culpam
2559 3434 2803 3490 incurrit.
2823 3431 2879 3487 Si
2897 3446 3026 3500 ergo
3042 3439 3097 3484 et
3119 3446 3217 3483 nos
3243 3430 3470 3498 agimur,
3491 3443 3598 3482 non

2002 3532 2228 3600 agimus;
2247 3527 2450 3584 exclusi
2465 3542 2648 3582 sumus
2669 3541 2699 3578 a
2715 3524 2950 3595 peccatis
2966 3522 3092 3576 dum
3113 3521 3492 3589 delinquimus,
3511 3534 3599 3574 exs

2003 3623 2138 3677 clusi
2157 3636 2338 3676 sumus
2354 3635 2384 3672 a
2403 3619 2505 3673 fide
2539 3619 2665 3672 dum
2681 3616 2967 3672 credimus.
2988 3614 3124 3670 Ilinc
3159 3615 3338 3682 itaque
3357 3611 3597 3684 superati

2005 3713 2071 3768 ad
2099 3711 2422 3768 calumniam
2449 3716 2856 3765 convertuntur.
2890 3708 2978 3762 Ait
3000 3707 3140 3762 enim
3185 3706 3320 3760 liber
3361 3720 3547 3759 eorum
3575 3720 3595 3759 :

2006 3802 2031 3841 ³³
2055 3804 2106 3858 Η
2112 3819 2326 3859 wresem
2369 3803 2716 3875 Pelagianam
2757 3802 2942 3854 iterum
2970 3799 3249 3861 renovatis,
3281 3813 3395 3850 cum
3425 3796 3598 3850 dicitis

2006 3913 2095 3966 per
2123 3895 2412 3949 libertatem
2434 3893 2638 3947 arbitrii
2661 3893 2896 3944 homines
2916 3891 3074 3960 ﬁnem
3098 3903 3287 3958 ponere
3308 3903 3456 3956 posse
3479 3901 3596 3955 pec-

2006 3987 2136 4039 catis
2177 3983 2391 4055 (Matth.
2418 3999 2517 4045 vu,
2543 3982 2593 4046 7;
2625 3980 2784 4035 Joan.
2829 3997 2934 4044 xvr,
2958 3978 3071 4047 24).
3101 3976 3377 4044 Pelagium
3428 3977 3436 4010 ί
3490 3991 3596 4030 ιιοη

2008 4077 2136 4131 hinc
2165 4072 2543 4130 condemnavit
2570 4071 2830 4127 Ecclesia.
2861 4069 3056 4140 Objicit
3085 4068 3226 4123 enim
3274 4067 3323 4121 ei
3370 4065 3514 4134 quod
3543 4065 3597 4122 in

2009 4176 2215 4224 tantum
2243 4173 2618 4234 exaggerasset
2645 4164 2948 4218 libertatem
2978 4159 3218 4223 arbitrii,
3254 4166 3311 4213 ut
3332 4157 3424 4211 Dei
3448 4156 3597 4226 adju-

2007 4263 2216 4318 torium‘
2234 4267 2523 4320 recusaret,

2079 4354 2239 4410 XXII.
2274 4354 2382 4410 Nos
2409 4361 2587 4408 autem
2631 4351 2898 4406 dicimus:
2931 4346 3033 4402 Per
3061 4346 3361 4401 libertatem
3390 4341 3595 4400 arbitrii

2007 4458 2286 4523 peceatum
2316 4463 2474 4504 omne
2502 4444 2912 4508 committimus;
2962 4440 3030 4496 ab
3074 4439 3219 4496 omni
3249 4454 3428 4493 auum
3470 4451 3596 4506 peo-

2006 4553 2127 4600 cato
2174 4557 2272 4614 per
2317 4540 2414 4597 Dei
2454 4541 2681 4609 gratiam
2727 4537 3019 4592 liberamur
3059 4549 3322 4590 consensu
3363 4551 3456 4584 λείμ-
3487 4529 3591 4584 ‘rii.

310 4642 551 4689 vestrum
582 4632 940 4701 refundimus;
971 4635 1016 4691 si
1034 4632 1264 4692 homine
1287 4645 1684 4703 contemnente,
1720 4655 1898 4696 asser-
1928 4625 1982 4687 Ι)
2005 4637 2175 4693 Deum
2204 4644 2382 4691 autem
2412 4633 2641 4702 gratiam
2662 4646 2811 4686 suam
2835 4645 2943 4684 non
2971 4626 3280 4698 petentibus
3309 4641 3415 4676 non
3439 4624 3587 4685 dare,

311 4726 390 4781 tio
418 4734 602 4781 nostra
630 4726 909 4782 victoriam
939 4727 1102 4798 cepit.
1134 4727 1390 4784 Diabolus
1418 4730 1559 4784 enim
1591 4745 1693 4786 nec
1721 4733 1896 4788 domi-

311 4835 432 4884 nus,
467 4835 567 4876 nec
593 4827 824 4887 creator,
854 4836 956 4876 nec
998 4829 1154 4892 pater
1197 4829 1299 4878 est.
1331 4822 1476 4880 Deus
1522 4834 1702 4880 autem
1744 4826 1899 4882 nobis

307 4918 368 4968 et
387 4913 655 4980 dominus,
679 4921 735 4969 et
753 4924 988 4979 creator,
1011 4922 1066 4969 et
1084 4923 1239 4986 pater
1258 4931 1379 4972 esse
1397 4917 1665 4984 dignatur.
1690 4917 1899 4989 Corpus

307 5023 466 5062 suum
513 5007 1011 5063 victoriosissimum
1058 5016 1244 5064 nostro
1291 5010 1506 5079 corpori
1547 5011 1791 5075 sociavit,
1842 5020 1901 5066 ut

309 5099 552 5170 corporis
597 5099 766 5154 nostri
807 5097 1152 5167 fragilitatem
1193 5099 1522 5154 excluderet.
1574 5099 1897 5169 Sanguinem

305 5207 465 5246 suum
497 5199 681 5248 nostro
699 5191 946 5261 sanguini
971 5191 1202 5256 miscuit,
1227 5198 1284 5246 ut
1311 5189 1490 5247 fervor
1512 5193 1729 5260 genuini
1753 5195 1900 5249 calo-

304 5283 384 5338 ris
413 5284 714 5354 quiesceret
731 5284 914 5339 divino
937 5283 1195 5354 sanguine
1215 5290 1564 5355 temperatus.
1581 5282 1898 5342 Chrismatis

387 5491 413 5520 ⁸
440 5481 1226 5553 Ms..Augienseﬂicunoucr.
1264 5481 1482 5553 Nullum
1508 5487 1563 5538 in
1592 5485 1744 5552 libro,
1780 5494 1886 5542 etc.

345 5627 356 5638 ο
382 5553 409 5592 δ
441 5552 537 5638 hIs.
570 5547 710 5610 idem
743 5573 755 5606 :
789 5551 970 5606 XXIII.
1011 5549 1304 5608 Ηιειιετιει.
1333 5547 1538 5608 ’Πὶεὶιὶδ
1575 5555 1712 5609 enim
1732 5547 1892 5610 clau-

310 5633 385 5681 sis
437 5633 541 5680 etc.
1367 5639 1372 5644 -

388 5668 408 5733 ἶτ
444 5695 536 5750 Ms.
571 5695 729 5766 idem.
762 5696 991 5766 patiatur
1012 5693 1075 5744 ab
1097 5695 1386 5766 animarum
1407 5711 1547 5761 casu,
1570 5707 1782 5766 quanta.

382 5766 408 5802 ιι
442 5766 535 5821 Ms.
571 5765 706 5820 idem
735 5763 1081 5832 :Csruouct.
1113 5763 1283 5818 Dicite
1313 5766 1539 5830 obsecro,
1570 5763 1677 5820 etc.

389 5848 412 5875 ε
444 5835 539 5890 Ms.
572 5837 730 5903 idem,
765 5835 1136 5904 blasphemiam
1155 5844 1394 5890 vestram.
1442 5870 1448 5876 ι

2002 4745 2068 4785 ex
2111 4730 2214 4784 isto
2243 4728 2364 4783 loco
2394 4725 2673 4780 docuimus
2701 4721 2846 4790 quod
2875 4721 2990 4789 ipse
3031 4719 3105 4771 ait
3132 4735 3144 4768 :
3179 4715 3347 4770 Petite
3377 4721 3422 4765 et
3455 4711 3593 4765 acci-

2000 4821 2172 4892 pietis.
2205 4818 2493 4875 Ostensum
2522 4822 2605 4870 est
2633 4812 2790 4868 nobis
2820 4826 2925 4865 non
2949 4805 3251 4879 petentibus
3277 4805 3405 4874 quin
3436 4810 3592 4874 peta-

2003 4931 2151 4978 mus;
2182 4903 2458 4967 ostensum
2478 4916 2557 4962 est
2585 4905 2739 4960 nobis
2767 4919 2875 4958 non
2903 4899 3264 4972 quaerentibus
3293 4900 3419 4971 quid
3446 4914 3594 4969 qua:-

2002 5020 2212 5068 ramus;
2245 5002 2533 5057 ’ostensum
2581 5006 2666 5053 est
2714 4997 2868 5053 nobis
2921 5013 3029 5051 non
3080 4985 3410 5068 pulsantibut:
3465 4989 3593 5060 quid

2005 5097 2296 5168 pulsemus.
2329 5091 2386 5146 Si
2417 5090 2744 5146 uoluerimus
2772 5097 2988 5160 petere,
3020 5105 3127 5144 non
3158 5087 3481 5157 accipiemus
3498 5079 3592 5146 ;-si

2007 5189 2337 5246 uoluerimus
2365 5200 2632 5256 qumrere,
2657 5200 2772 5248 non,
2795 5184 3156 5247 inveniemus;
3188 5181 3233 5234 si
3260 5174 3593 5230 uoluerimus

2005 5285 2239 5357 pulsare,
2273 5298 2380 5338 non
2408 5281 2679 5352 aperietur
2718 5279 2893 5336 nobis.
2927 5277 3115 5333 Omnis
3159 5272 3295 5326 enim
3341 5266 3424 5337 qui
3465 5259 3592 5331 petit

2077 5485 2095 5524 ί
2129 5485 2226 5542 Ms.
2252 5487 2390 5543 idem
2421 5504 2432 5538 :
2460 5484 2640 5540 XXIV.
2666 5483 2964 5538 ﬂanmcr.
2989 5475 3131 5536 Dicit
3150 5472 3288 5527 enim
3307 5469 3456 5534 liber,
3477 5475 3583 5525 etc.

2074 5568 2098 5604 ε
2130 5556 2227 5613 Ms.
2260 5559 2397 5612 idem
2426 5576 2436 5609 :
2461 5556 2771 5623 CATHOLIQI.
2797 5550 2910 5604 Nos
2944 5559 3132 5623 autem,
3157 5550 3261 5623 etc.
3350 5607 3384 5623 ἡ
3424 5611 3434 5623 Ι
3509 5611 3521 5623 .

2072 5627 2102 5666 δ
2428 5607 2450 5678 -ε
2474 5607 2642 5677 XXV.
2689 5619 2985 5675 Hancne].
3040 5607 3297 5669 Hiems-im
3341 5607 3584 5683 Pelagia-

2000 5709 2404 5824 “?hifcidem
2431 5784 2442 5818 :
2475 5764 2783 5818 Caruoucr.
2823 5759 3090 5829 Pelagium
3119 5772 3241 5817 non,
3266 5762 3372 5809 etc.
