  <div class='ocr_page' id='page_1' title='image "/cluster/home/n/w/nwhite01/storage/ocr_20150623/53/hvd.32044015471576/337.png"; bbox 0 0 4140 6346; ppageno 0'>
   <div class='ocr_carea' id='block_1_1' title="bbox 585 381 690 438">
    <p class='ocr_par' dir='ltr' id='par_1_1' title="bbox 585 381 690 438">
     <span class='ocr_line' id='line_1_1' title="bbox 585 381 690 438; baseline 0 0"><span class='ocrx_word' id='word_1_1' title='bbox 585 381 690 438; x_wconf 80' lang='lat'><strong>665</strong></span> 
     </span>
    </p>
   </div>
   <div class='ocr_carea' id='block_1_2' title="bbox 1590 346 2851 432">
    <p class='ocr_par' dir='ltr' id='par_1_2' title="bbox 1590 346 2851 432">
     <span class='ocr_line' id='line_1_2' title="bbox 1590 346 2851 432; baseline -0.001 -2"><span class='ocrx_word' id='word_1_2' title='bbox 1590 373 1865 432; x_wconf 78' lang='lat' dir='ltr'><strong>AUCTOR</strong></span> <span class='ocrx_word' id='word_1_3' title='bbox 1904 346 2273 428; x_wconf 77' lang='lat' dir='ltr'><strong>ANONYMUS</strong></span> <span class='ocrx_word' id='word_1_4' title='bbox 2310 370 2851 431; x_wconf 53' lang='lat' dir='ltr'><strong>manusuam.</strong></span> 
     </span>
    </p>
   </div>
   <div class='ocr_carea' id='block_1_3' title="bbox 3752 376 3865 433">
    <p class='ocr_par' dir='ltr' id='par_1_3' title="bbox 3752 376 3865 433">
     <span class='ocr_line' id='line_1_3' title="bbox 3752 376 3865 433; baseline 0.018 -2"><span class='ocrx_word' id='word_1_5' title='bbox 3752 376 3865 433; x_wconf 62' lang='lat'><strong>665</strong></span> 
     </span>
    </p>
   </div>
   <div class='ocr_carea' id='block_1_4' title="bbox 583 466 3864 568">
    <p class='ocr_par' dir='ltr' id='par_1_4' title="bbox 583 466 3864 568">
     <span class='ocr_line' id='line_1_4' title="bbox 583 466 3864 568; baseline -0.001 -16"><span class='ocrx_word' id='word_1_6' title='bbox 583 498 790 567; x_wconf 83' lang='lat' dir='ltr'><strong>accipit,</strong></span> <span class='ocrx_word' id='word_1_7' title='bbox 834 502 882 550; x_wconf 85' lang='lat' dir='ltr'><strong>et</strong></span> <span class='ocrx_word' id='word_1_8' title='bbox 926 496 1012 566; x_wconf 89' lang='lat' dir='ltr'><strong>qui</strong></span> <span class='ocrx_word' id='word_1_9' title='bbox 1057 496 1237 566; x_wconf 71' lang='lat' dir='ltr'><strong>quierit</strong></span> <span class='ocrx_word' id='word_1_10' title='bbox 1285 493 1503 557; x_wconf 84' lang='lat' dir='ltr'><strong>invenit,</strong></span> <span class='ocrx_word' id='word_1_11' title='bbox 1545 500 1592 546; x_wconf 86' lang='lat' dir='ltr'><strong>et</strong></span> <span class='ocrx_word' id='word_1_12' title='bbox 1640 490 1871 563; x_wconf 76' lang='lat' dir='ltr'><strong><em>pulsanti</em></strong></span> <span class='ocrx_word' id='word_1_13' title='bbox 1907 489 2166 561; x_wconf 85' lang='lat' dir='ltr'><strong>aperietur</strong></span> <span class='ocrx_word' id='word_1_14' title='bbox 2180 487 2246 568; x_wconf 62' lang='grc' dir='ltr'><strong>Α</strong></span> <span class='ocrx_word' id='word_1_15' title='bbox 2271 494 2353 542; x_wconf 90' lang='lat' dir='ltr'><strong>tas</strong></span> <span class='ocrx_word' id='word_1_16' title='bbox 2381 488 2524 544; x_wconf 90' lang='lat' dir='ltr'><strong>enim</strong></span> <span class='ocrx_word' id='word_1_17' title='bbox 2551 466 2917 562; x_wconf 14' lang='lat' dir='ltr'><strong>perfectalpro</strong></span> <span class='ocrx_word' id='word_1_18' title='bbox 2950 476 3083 547; x_wconf 75' lang='lat' dir='ltr'><strong>facti</strong></span> <span class='ocrx_word' id='word_1_19' title='bbox 3123 504 3288 562; x_wconf 84' lang='lat' dir='ltr'><strong>opere</strong></span> <span class='ocrx_word' id='word_1_20' title='bbox 3315 506 3345 545; x_wconf 88' lang='lat' dir='ltr'><strong>a</strong></span> <span class='ocrx_word' id='word_1_21' title='bbox 3369 490 3515 561; x_wconf 96' lang='lat' dir='ltr'><strong>justo</strong></span> <span class='ocrx_word' id='word_1_22' title='bbox 3553 490 3737 560; x_wconf 78' lang='lat' dir='ltr'><strong>judice</strong></span> <span class='ocrx_word' id='word_1_23' title='bbox 3765 508 3864 548; x_wconf 82' lang='lat' dir='ltr'><strong>re-</strong></span> 
     </span>
    </p>
   </div>
   <div class='ocr_carea' id='block_1_5' title="bbox 584 570 2166 661">
    <p class='ocr_par' dir='ltr' id='par_1_5' title="bbox 584 570 2166 661">
     <span class='ocr_line' id='line_1_5' title="bbox 584 570 2166 661; baseline -0.003 -16"><span class='ocrx_word' id='word_1_24' title='bbox 584 591 798 661; x_wconf 75' lang='lat' dir='ltr'><strong>(Mattlt.</strong></span> <span class='ocrx_word' id='word_1_25' title='bbox 822 605 914 654; x_wconf 87' lang='lat' dir='ltr'><strong>vn,</strong></span> <span class='ocrx_word' id='word_1_26' title='bbox 935 588 1012 660; x_wconf 92' lang='lat'><strong>8).</strong></span> <span class='ocrx_word' id='word_1_27' title='bbox 1042 587 1283 643; x_wconf 88' lang='lat' dir='ltr'><strong>Libertas</strong></span> <span class='ocrx_word' id='word_1_28' title='bbox 1310 588 1491 657; x_wconf 92' lang='lat' dir='ltr'><strong>itaque</strong></span> <span class='ocrx_word' id='word_1_29' title='bbox 1514 597 1540 624; x_wconf 71' lang='grc' dir='ltr'>ι</span> <span class='ocrx_word' id='word_1_30' title='bbox 1572 570 1775 641; x_wconf 80' lang='lat' dir='ltr'><strong>arbitrii</strong></span> <span class='ocrx_word' id='word_1_31' title='bbox 1817 588 1889 641; x_wconf 86' lang='lat' dir='ltr'><strong>ita</strong></span> <span class='ocrx_word' id='word_1_32' title='bbox 1918 587 1971 640; x_wconf 92' lang='lat' dir='ltr'><strong>in</strong></span> <span class='ocrx_word' id='word_1_33' title='bbox 2010 584 2166 661; x_wconf 83' lang='lat' dir='ltr'><strong>nobis</strong></span> 
     </span>
    </p>
   </div>
   <div class='ocr_carea' id='block_1_6' title="bbox 583 677 2163 752">
    <p class='ocr_par' dir='ltr' id='par_1_6' title="bbox 583 677 2163 752">
     <span class='ocr_line' id='line_1_6' title="bbox 583 677 2163 752; baseline -0.003 -14"><span class='ocrx_word' id='word_1_34' title='bbox 583 685 743 751; x_wconf 86' lang='lat' dir='ltr'><strong>viget,</strong></span> <span class='ocrx_word' id='word_1_35' title='bbox 774 689 835 737; x_wconf 90' lang='lat' dir='ltr'><strong>ut</strong></span> <span class='ocrx_word' id='word_1_36' title='bbox 862 681 974 737; x_wconf 89' lang='lat' dir='ltr'><strong>Deo</strong></span> <span class='ocrx_word' id='word_1_37' title='bbox 999 688 1185 752; x_wconf 89' lang='lat' dir='ltr'><strong>posset</strong></span> <span class='ocrx_word' id='word_1_38' title='bbox 1211 680 1458 747; x_wconf 85' lang='lat' dir='ltr'><strong>obedire;</strong></span> <span class='ocrx_word' id='word_1_39' title='bbox 1492 681 1563 735; x_wconf 92' lang='lat' dir='ltr'><strong>ita</strong></span> <span class='ocrx_word' id='word_1_40' title='bbox 1591 680 1856 735; x_wconf 81' lang='lat' dir='ltr'><strong>inﬁrmata</strong></span> <span class='ocrx_word' id='word_1_41' title='bbox 1882 677 2040 737; x_wconf 76' lang='lat' dir='ltr'><strong>estin</strong></span> <span class='ocrx_word' id='word_1_42' title='bbox 2061 694 2163 733; x_wconf 92' lang='lat' dir='ltr'><strong>no-</strong></span> 
     </span>
    </p>
   </div>
   <div class='ocr_carea' id='block_1_7' title="bbox 579 774 2164 846">
    <p class='ocr_par' dir='ltr' id='par_1_7' title="bbox 579 774 2164 846">
     <span class='ocr_line' id='line_1_7' title="bbox 579 774 2164 846; baseline -0.003 -15"><span class='ocrx_word' id='word_1_43' title='bbox 579 776 679 843; x_wconf 85' lang='lat' dir='ltr'><strong>bis,</strong></span> <span class='ocrx_word' id='word_1_44' title='bbox 712 784 771 831; x_wconf 92' lang='lat' dir='ltr'><strong>ut</strong></span> <span class='ocrx_word' id='word_1_45' title='bbox 796 776 957 831; x_wconf 89' lang='lat' dir='ltr'><strong>etiam</strong></span> <span class='ocrx_word' id='word_1_46' title='bbox 1001 774 1175 846; x_wconf 91' lang='lat' dir='ltr'><strong>ipsum</strong></span> <span class='ocrx_word' id='word_1_47' title='bbox 1205 774 1370 830; x_wconf 92' lang='lat' dir='ltr'><strong>Deum</strong></span> <span class='ocrx_word' id='word_1_48' title='bbox 1394 775 1565 846; x_wconf 92' lang='lat' dir='ltr'><strong>possit</strong></span> <span class='ocrx_word' id='word_1_49' title='bbox 1603 782 1968 839; x_wconf 84' lang='lat' dir='ltr'><strong>contemnere,</strong></span> <span class='ocrx_word' id='word_1_50' title='bbox 1998 788 2028 826; x_wconf 90' lang='lat' dir='ltr'><strong>a</strong></span> <span class='ocrx_word' id='word_1_51' title='bbox 2056 776 2164 843; x_wconf 85' lang='lat' dir='ltr'><strong>quo</strong></span> 
     </span>
    </p>
   </div>
   <div class='ocr_carea' id='block_1_8' title="bbox 580 864 2165 940">
    <p class='ocr_par' dir='ltr' id='par_1_8' title="bbox 580 864 2165 940">
     <span class='ocr_line' id='line_1_8' title="bbox 580 864 2165 940; baseline -0.004 -17"><span class='ocrx_word' id='word_1_52' title='bbox 580 870 695 940; x_wconf 88' lang='lat' dir='ltr'><strong>ipsa</strong></span> <span class='ocrx_word' id='word_1_53' title='bbox 718 867 937 922; x_wconf 87' lang='lat' dir='ltr'><strong>libertas</strong></span> <span class='ocrx_word' id='word_1_54' title='bbox 960 873 1044 922; x_wconf 93' lang='lat' dir='ltr'><strong>est</strong></span> <span class='ocrx_word' id='word_1_55' title='bbox 1070 866 1214 922; x_wconf 89' lang='lat' dir='ltr'><strong>data.</strong></span> <span class='ocrx_word' id='word_1_56' title='bbox 1243 865 1375 934; x_wconf 65' lang='lat' dir='ltr'><strong>Quas</strong></span> <span class='ocrx_word' id='word_1_57' title='bbox 1398 867 1582 937; x_wconf 83' lang='lat' dir='ltr'><strong>utique</strong></span> <span class='ocrx_word' id='word_1_58' title='bbox 1603 866 1669 921; x_wconf 92' lang='lat' dir='ltr'><strong>ad</strong></span> <span class='ocrx_word' id='word_1_59' title='bbox 1697 867 1802 921; x_wconf 93' lang='lat' dir='ltr'><strong>hoc</strong></span> <span class='ocrx_word' id='word_1_60' title='bbox 1821 864 1947 922; x_wconf 83' lang='lat' dir='ltr'><strong>data</strong></span> <span class='ocrx_word' id='word_1_61' title='bbox 1974 872 2077 930; x_wconf 88' lang='lat' dir='ltr'><strong>est,</strong></span> <span class='ocrx_word' id='word_1_62' title='bbox 2106 871 2165 918; x_wconf 91' lang='lat' dir='ltr'><strong>ut</strong></span> 
     </span>
    </p>
   </div>
   <div class='ocr_carea' id='block_1_9' title="bbox 578 956 2166 1014">
    <p class='ocr_par' dir='ltr' id='par_1_9' title="bbox 578 956 2166 1014">
     <span class='ocr_line' id='line_1_9' title="bbox 578 956 2166 1014; baseline -0.003 0"><span class='ocrx_word' id='word_1_63' title='bbox 578 958 647 1014; x_wconf 95' lang='lat' dir='ltr'><strong>de</strong></span> <span class='ocrx_word' id='word_1_64' title='bbox 666 974 731 1014; x_wconf 90' lang='lat' dir='ltr'><strong>ea</strong></span> <span class='ocrx_word' id='word_1_65' title='bbox 752 958 898 1014; x_wconf 86' lang='lat' dir='ltr'><strong>solus</strong></span> <span class='ocrx_word' id='word_1_66' title='bbox 915 957 1162 1014; x_wconf 80' lang='lat' dir='ltr'><strong>diabolus</strong></span> <span class='ocrx_word' id='word_1_67' title='bbox 1181 965 1635 1014; x_wconf 84' lang='lat' dir='ltr'><strong>contemneretur.</strong></span> <span class='ocrx_word' id='word_1_68' title='bbox 1659 956 1717 1012; x_wconf 90' lang='lat' dir='ltr'><strong>Si</strong></span> <span class='ocrx_word' id='word_1_69' title='bbox 1739 956 1882 1012; x_wconf 91' lang='lat' dir='ltr'><strong>enim</strong></span> <span class='ocrx_word' id='word_1_70' title='bbox 1901 963 2166 1012; x_wconf 84' lang='lat' dir='ltr'><strong>cessasset</strong></span> 
     </span>
    </p>
   </div>
   <div class='ocr_carea' id='block_1_10' title="bbox 578 1050 2159 1123">
    <p class='ocr_par' dir='ltr' id='par_1_10' title="bbox 578 1050 2159 1123">
     <span class='ocr_line' id='line_1_10' title="bbox 578 1050 2159 1123; baseline -0.001 -18"><span class='ocrx_word' id='word_1_71' title='bbox 578 1051 799 1106; x_wconf 87' lang='lat' dir='ltr'><strong>libertas</strong></span> <span class='ocrx_word' id='word_1_72' title='bbox 826 1051 1031 1106; x_wconf 81' lang='lat' dir='ltr'><strong>arbitrii</strong></span> <span class='ocrx_word' id='word_1_73' title='bbox 1062 1067 1158 1122; x_wconf 91' lang='lat' dir='ltr'><strong>per</strong></span> <span class='ocrx_word' id='word_1_74' title='bbox 1178 1051 1680 1123; x_wconf 66' lang='lat' dir='ltr'><strong>pricvaricationem</strong></span> <span class='ocrx_word' id='word_1_75' title='bbox 1720 1052 1878 1122; x_wconf 88' lang='lat' dir='ltr'><strong>primi</strong></span> <span class='ocrx_word' id='word_1_76' title='bbox 1908 1050 2159 1115; x_wconf 87' lang='lat' dir='ltr'><strong>hominis,</strong></span> 
     </span>
    </p>
   </div>
   <div class='ocr_carea' id='block_1_11' title="bbox 577 1142 2161 1213">
    <p class='ocr_par' dir='ltr' id='par_1_11' title="bbox 577 1142 2161 1213">
     <span class='ocr_line' id='line_1_11' title="bbox 577 1142 2161 1213; baseline -0.002 -15"><span class='ocrx_word' id='word_1_77' title='bbox 577 1142 1053 1213; x_wconf 82' lang='lat' dir='ltr'><strong>cessassetutique</strong></span> <span class='ocrx_word' id='word_1_78' title='bbox 1090 1143 1210 1207; x_wconf 88' lang='lat' dir='ltr'><strong>lex,</strong></span> <span class='ocrx_word' id='word_1_79' title='bbox 1242 1158 1361 1212; x_wconf 77' lang='lat' dir='ltr'><strong>qua:</strong></span> <span class='ocrx_word' id='word_1_80' title='bbox 1407 1158 1514 1197; x_wconf 92' lang='lat' dir='ltr'><strong>non</strong></span> <span class='ocrx_word' id='word_1_81' title='bbox 1543 1150 1724 1213; x_wconf 84' lang='lat' dir='ltr'><strong>potest</strong></span> <span class='ocrx_word' id='word_1_82' title='bbox 1766 1143 1912 1212; x_wconf 87' lang='lat' dir='ltr'><strong>loqui</strong></span> <span class='ocrx_word' id='word_1_83' title='bbox 1954 1142 2055 1197; x_wconf 90' lang='lat' dir='ltr'><strong>nisi</strong></span> <span class='ocrx_word' id='word_1_84' title='bbox 2087 1142 2161 1196; x_wconf 91' lang='lat' dir='ltr'><strong>illi</strong></span> 
     </span>
    </p>
   </div>
   <div class='ocr_carea' id='block_1_12' title="bbox 576 1236 2161 1308">
    <p class='ocr_par' dir='ltr' id='par_1_12' title="bbox 576 1236 2161 1308">
     <span class='ocr_line' id='line_1_12' title="bbox 576 1236 2161 1308; baseline 0.002 -17"><span class='ocrx_word' id='word_1_85' title='bbox 576 1237 671 1305; x_wconf 88' lang='lat' dir='ltr'><strong>qui</strong></span> <span class='ocrx_word' id='word_1_86' title='bbox 711 1252 830 1292; x_wconf 91' lang='lat' dir='ltr'><strong>eam</strong></span> <span class='ocrx_word' id='word_1_87' title='bbox 857 1244 1038 1308; x_wconf 86' lang='lat' dir='ltr'><strong>potest</strong></span> <span class='ocrx_word' id='word_1_88' title='bbox 1078 1244 1133 1293; x_wconf 90' lang='lat' dir='ltr'><strong>et</strong></span> <span class='ocrx_word' id='word_1_89' title='bbox 1172 1248 1519 1293; x_wconf 87' lang='lat' dir='ltr'><strong>contemnere</strong></span> <span class='ocrx_word' id='word_1_90' title='bbox 1565 1245 1620 1293; x_wconf 90' lang='lat' dir='ltr'><strong>et</strong></span> <span class='ocrx_word' id='word_1_91' title='bbox 1665 1236 1867 1292; x_wconf 91' lang='lat' dir='ltr'><strong>audire.</strong></span> <span class='ocrx_word' id='word_1_92' title='bbox 1919 1236 2024 1292; x_wconf 90' lang='lat' dir='ltr'><strong>Sed</strong></span> <span class='ocrx_word' id='word_1_93' title='bbox 2052 1254 2161 1294; x_wconf 93' lang='lat' dir='ltr'><strong>non</strong></span> 
     </span>
    </p>
   </div>
   <div class='ocr_carea' id='block_1_13' title="bbox 577 1322 2158 1409">
    <p class='ocr_par' dir='ltr' id='par_1_13' title="bbox 577 1322 2158 1409">
     <span class='ocr_line' id='line_1_13' title="bbox 577 1322 2158 1409; baseline 0.003 -22"><span class='ocrx_word' id='word_1_94' title='bbox 577 1334 807 1388; x_wconf 85' lang='lat' dir='ltr'><strong>cessavit</strong></span> <span class='ocrx_word' id='word_1_95' title='bbox 834 1335 953 1401; x_wconf 91' lang='lat' dir='ltr'><strong>lex,</strong></span> <span class='ocrx_word' id='word_1_96' title='bbox 985 1336 1099 1391; x_wconf 86' lang='lat' dir='ltr'><strong>sive</strong></span> <span class='ocrx_word' id='word_1_97' title='bbox 1127 1336 1383 1391; x_wconf 88' lang='lat' dir='ltr'><strong>naturalis</strong></span> <span class='ocrx_word' id='word_1_98' title='bbox 1399 1364 1420 1402; x_wconf 87' lang='lat'><strong>,-</strong></span> <span class='ocrx_word' id='word_1_99' title='bbox 1447 1353 1543 1408; x_wconf 92' lang='lat' dir='ltr'><strong>per</strong></span> <span class='ocrx_word' id='word_1_100' title='bbox 1569 1352 1728 1409; x_wconf 88' lang='lat' dir='ltr'><strong>quam</strong></span> <span class='ocrx_word' id='word_1_101' title='bbox 1769 1322 1967 1408; x_wconf 77' lang='lat' dir='ltr'><strong>placuit</strong></span> <span class='ocrx_word' id='word_1_102' title='bbox 1997 1324 2158 1400; x_wconf 62' lang='lat' dir='ltr'><strong>Abel,</strong></span> 
     </span>
    </p>
   </div>
   <div class='ocr_carea' id='block_1_14' title="bbox 576 1421 2158 1498">
    <p class='ocr_par' dir='ltr' id='par_1_14' title="bbox 576 1421 2158 1498">
     <span class='ocr_line' id='line_1_14' title="bbox 576 1421 2158 1498; baseline 0.003 -21"><span class='ocrx_word' id='word_1_103' title='bbox 576 1421 783 1489; x_wconf 85' lang='lat' dir='ltr'><strong>Enoch,</strong></span> <span class='ocrx_word' id='word_1_104' title='bbox 814 1424 947 1489; x_wconf 91' lang='lat' dir='ltr'><strong>Noe,</strong></span> <span class='ocrx_word' id='word_1_105' title='bbox 973 1423 1098 1481; x_wconf 91' lang='lat' dir='ltr'><strong>Sem</strong></span> <span class='ocrx_word' id='word_1_106' title='bbox 1119 1434 1174 1480; x_wconf 92' lang='lat' dir='ltr'><strong>et</strong></span> <span class='ocrx_word' id='word_1_107' title='bbox 1200 1425 1412 1498; x_wconf 90' lang='lat' dir='ltr'><strong>Japhet,</strong></span> <span class='ocrx_word' id='word_1_108' title='bbox 1436 1426 1843 1489; x_wconf 81' lang='lat' dir='ltr'><strong>Melchisedech,</strong></span> <span class='ocrx_word' id='word_1_109' title='bbox 1869 1427 2158 1492; x_wconf 84' lang='lat' dir='ltr'><strong>Abraham,</strong></span> 
     </span>
    </p>
   </div>
   <div class='ocr_carea' id='block_1_15' title="bbox 574 1513 2162 1589">
    <p class='ocr_par' dir='ltr' id='par_1_15' title="bbox 574 1513 2162 1589">
     <span class='ocr_line' id='line_1_15' title="bbox 574 1513 2162 1589; baseline 0.004 -21"><span class='ocrx_word' id='word_1_110' title='bbox 574 1514 743 1579; x_wconf 85' lang='lat' dir='ltr'><strong>Isaac,</strong></span> <span class='ocrx_word' id='word_1_111' title='bbox 772 1513 960 1580; x_wconf 81' lang='lat' dir='ltr'><strong>Jacob,</strong></span> <span class='ocrx_word' id='word_1_112' title='bbox 990 1515 1186 1588; x_wconf 74' lang='lat' dir='ltr'><strong>Ioseph</strong></span> <span class='ocrx_word' id='word_1_113' title='bbox 1216 1529 1271 1573; x_wconf 90' lang='lat' dir='ltr'><strong>et</strong></span> <span class='ocrx_word' id='word_1_114' title='bbox 1297 1519 1496 1573; x_wconf 61' lang='lat' dir='ltr'><strong>caeteri.</strong></span> <span class='ocrx_word' id='word_1_115' title='bbox 1546 1518 1613 1573; x_wconf 86' lang='lat' dir='ltr'><strong>Hi</strong></span> <span class='ocrx_word' id='word_1_116' title='bbox 1659 1519 1996 1589; x_wconf 89' lang='lat' dir='ltr'><strong>placuerunt,</strong></span> <span class='ocrx_word' id='word_1_117' title='bbox 2028 1518 2162 1588; x_wconf 88' lang='lat' dir='ltr'><strong>legis</strong></span> 
     </span>
    </p>
   </div>
   <div class='ocr_carea' id='block_1_16' title="bbox 576 1608 2157 1681">
    <p class='ocr_par' dir='ltr' id='par_1_16' title="bbox 576 1608 2157 1681">
     <span class='ocr_line' id='line_1_16' title="bbox 576 1608 2157 1681; baseline 0 -18"><span class='ocrx_word' id='word_1_118' title='bbox 576 1608 763 1678; x_wconf 88' lang='lat' dir='ltr'><strong>utique</strong></span> <span class='ocrx_word' id='word_1_119' title='bbox 809 1609 1065 1664; x_wconf 86' lang='lat' dir='ltr'><strong>naturalis</strong></span> <span class='ocrx_word' id='word_1_120' title='bbox 1130 1610 1401 1666; x_wconf 86' lang='lat' dir='ltr'><strong>instinctu.</strong></span> <span class='ocrx_word' id='word_1_121' title='bbox 1477 1609 1709 1667; x_wconf 84' lang='lat' dir='ltr'><strong>Econtra</strong></span> <span class='ocrx_word' id='word_1_122' title='bbox 1756 1610 2157 1681; x_wconf 88' lang='lat' dir='ltr'><strong>displicuerunt,</strong></span> 
     </span>
    </p>
   </div>
   <div class='ocr_carea' id='block_1_17' title="bbox 576 1699 2158 1779">
    <p class='ocr_par' dir='ltr' id='par_1_17' title="bbox 576 1699 2158 1779">
     <span class='ocr_line' id='line_1_17' title="bbox 576 1699 2158 1779; baseline 0.003 -25"><span class='ocrx_word' id='word_1_123' title='bbox 576 1700 689 1755; x_wconf 86' lang='lat' dir='ltr'><strong>sive</strong></span> <span class='ocrx_word' id='word_1_124' title='bbox 715 1699 751 1755; x_wconf 91' lang='lat' dir='ltr'><strong>ii</strong></span> <span class='ocrx_word' id='word_1_125' title='bbox 780 1715 916 1779; x_wconf 82' lang='lat' dir='ltr'><strong>quos</strong></span> <span class='ocrx_word' id='word_1_126' title='bbox 944 1700 1127 1757; x_wconf 85' lang='lat' dir='ltr'><strong>diluvii</strong></span> <span class='ocrx_word' id='word_1_127' title='bbox 1155 1703 1439 1775; x_wconf 86' lang='lat' dir='ltr'><strong>charybdis</strong></span> <span class='ocrx_word' id='word_1_128' title='bbox 1466 1702 1630 1769; x_wconf 91' lang='lat' dir='ltr'><strong>bibit,</strong></span> <span class='ocrx_word' id='word_1_129' title='bbox 1671 1704 1784 1759; x_wconf 83' lang='lat' dir='ltr'><strong>sive</strong></span> <span class='ocrx_word' id='word_1_130' title='bbox 1818 1703 1855 1757; x_wconf 91' lang='lat' dir='ltr'><strong>ii</strong></span> <span class='ocrx_word' id='word_1_131' title='bbox 1884 1717 2021 1772; x_wconf 90' lang='lat' dir='ltr'><strong>quos</strong></span> <span class='ocrx_word' id='word_1_132' title='bbox 2048 1702 2158 1758; x_wconf 88' lang='lat' dir='ltr'><strong>sul-</strong></span> 
     </span>
    </p>
   </div>
   <div class='ocr_carea' id='block_1_18' title="bbox 575 1789 2158 1867">
    <p class='ocr_par' dir='ltr' id='par_1_18' title="bbox 575 1789 2158 1867">
     <span class='ocr_line' id='line_1_18' title="bbox 575 1789 2158 1867; baseline 0.003 -21"><span class='ocrx_word' id='word_1_133' title='bbox 575 1789 725 1847; x_wconf 88' lang='lat' dir='ltr'><strong>furea</strong></span> <span class='ocrx_word' id='word_1_134' title='bbox 754 1789 965 1847; x_wconf 87' lang='lat' dir='ltr'><strong>ﬂamma</strong></span> <span class='ocrx_word' id='word_1_135' title='bbox 995 1796 1344 1865; x_wconf 84' lang='lat' dir='ltr'><strong>consumpsit.</strong></span> <span class='ocrx_word' id='word_1_136' title='bbox 1388 1793 1498 1851; x_wconf 88' lang='lat' dir='ltr'><strong>Nec</strong></span> <span class='ocrx_word' id='word_1_137' title='bbox 1537 1795 1611 1850; x_wconf 91' lang='lat' dir='ltr'><strong>illi</strong></span> <span class='ocrx_word' id='word_1_138' title='bbox 1641 1796 1784 1851; x_wconf 91' lang='lat' dir='ltr'><strong>enim</strong></span> <span class='ocrx_word' id='word_1_139' title='bbox 1825 1795 2158 1867; x_wconf 89' lang='lat' dir='ltr'><strong>placuerant,</strong></span> 
     </span>
    </p>
   </div>
   <div class='ocr_carea' id='block_1_19' title="bbox 2265 584 3860 657">
    <p class='ocr_par' dir='ltr' id='par_1_19' title="bbox 2265 584 3860 657">
     <span class='ocr_line' id='line_1_19' title="bbox 2265 584 3860 657; baseline 0.001 -18"><span class='ocrx_word' id='word_1_140' title='bbox 2265 591 2513 655; x_wconf 88' lang='lat' dir='ltr'><strong>putatur;</strong></span> <span class='ocrx_word' id='word_1_141' title='bbox 2544 592 2600 640; x_wconf 91' lang='lat' dir='ltr'><strong>et</strong></span> <span class='ocrx_word' id='word_1_142' title='bbox 2618 585 2878 657; x_wconf 85' lang='lat' dir='ltr'><strong>implesse</strong></span> <span class='ocrx_word' id='word_1_143' title='bbox 2904 585 3101 641; x_wconf 91' lang='lat' dir='ltr'><strong>dicitur</strong></span> <span class='ocrx_word' id='word_1_144' title='bbox 3126 584 3306 639; x_wconf 87' lang='lat' dir='ltr'><strong>omnia</strong></span> <span class='ocrx_word' id='word_1_145' title='bbox 3329 624 3344 649; x_wconf 91' lang='lat'><strong>,</strong></span> <span class='ocrx_word' id='word_1_146' title='bbox 3377 584 3469 656; x_wconf 91' lang='lat' dir='ltr'><strong>qui</strong></span> <span class='ocrx_word' id='word_1_147' title='bbox 3497 584 3641 653; x_wconf 90' lang='lat' dir='ltr'><strong>quod</strong></span> <span class='ocrx_word' id='word_1_148' title='bbox 3658 586 3860 656; x_wconf 76' lang='lat' dir='ltr'><strong>potuit</strong></span> 
     </span>
    </p>
   </div>
   <div class='ocr_carea' id='block_1_20' title="bbox 2265 674 3860 748">
    <p class='ocr_par' dir='ltr' id='par_1_20' title="bbox 2265 674 3860 748">
     <span class='ocr_line' id='line_1_20' title="bbox 2265 674 3860 748; baseline 0.003 -20"><span class='ocrx_word' id='word_1_149' title='bbox 2265 674 2409 731; x_wconf 84' lang='lat' dir='ltr'><strong>fecit.</strong></span> <span class='ocrx_word' id='word_1_150' title='bbox 2432 675 2641 747; x_wconf 89' lang='lat' dir='ltr'><strong>Corpus</strong></span> <span class='ocrx_word' id='word_1_151' title='bbox 2668 678 2810 731; x_wconf 88' lang='lat' dir='ltr'><strong>enim</strong></span> <span class='ocrx_word' id='word_1_152' title='bbox 2836 676 3154 748; x_wconf 88' lang='lat' dir='ltr'><strong>prohibetur</strong></span> <span class='ocrx_word' id='word_1_153' title='bbox 3179 676 3247 731; x_wconf 89' lang='lat' dir='ltr'><strong>ab</strong></span> <span class='ocrx_word' id='word_1_154' title='bbox 3277 676 3709 747; x_wconf 81' lang='lat' dir='ltr'><strong>impossibilitate</strong></span> <span class='ocrx_word' id='word_1_155' title='bbox 3737 675 3860 745; x_wconf 91' lang='lat' dir='ltr'><strong>ejus</strong></span> 
     </span>
    </p>
   </div>
   <div class='ocr_carea' id='block_1_21' title="bbox 2265 768 3859 840">
    <p class='ocr_par' dir='ltr' id='par_1_21' title="bbox 2265 768 3859 840">
     <span class='ocr_line' id='line_1_21' title="bbox 2265 768 3859 840; baseline 0.001 -15"><span class='ocrx_word' id='word_1_156' title='bbox 2265 770 2377 836; x_wconf 85' lang='lat' dir='ltr'><strong>rei,</strong></span> <span class='ocrx_word' id='word_1_157' title='bbox 2420 769 2545 839; x_wconf 88' lang='lat' dir='ltr'><strong>quia</strong></span> <span class='ocrx_word' id='word_1_158' title='bbox 2593 769 2869 824; x_wconf 90' lang='lat' dir='ltr'><strong>arbitrium</strong></span> <span class='ocrx_word' id='word_1_159' title='bbox 2909 768 3072 824; x_wconf 87' lang='lat' dir='ltr'><strong>animi</strong></span> <span class='ocrx_word' id='word_1_160' title='bbox 3120 785 3229 825; x_wconf 91' lang='lat' dir='ltr'><strong>non</strong></span> <span class='ocrx_word' id='word_1_161' title='bbox 3275 775 3507 825; x_wconf 88' lang='lat' dir='ltr'><strong>tenetur.</strong></span> <span class='ocrx_word' id='word_1_162' title='bbox 3540 768 3693 826; x_wconf 85' lang='lat' dir='ltr'><strong>Nunc</strong></span> <span class='ocrx_word' id='word_1_163' title='bbox 3722 785 3859 840; x_wconf 88' lang='lat' dir='ltr'><strong>ergo</strong></span> 
     </span>
    </p>
   </div>
   <div class='ocr_carea' id='block_1_22' title="bbox 2268 861 3858 932">
    <p class='ocr_par' dir='ltr' id='par_1_22' title="bbox 2268 861 3858 932">
     <span class='ocr_line' id='line_1_22' title="bbox 2268 861 3858 932; baseline 0.002 -15"><span class='ocrx_word' id='word_1_164' title='bbox 2268 862 2397 932; x_wconf 90' lang='lat' dir='ltr'><strong>quid</strong></span> <span class='ocrx_word' id='word_1_165' title='bbox 2426 861 2555 917; x_wconf 89' lang='lat' dir='ltr'><strong>facit</strong></span> <span class='ocrx_word' id='word_1_166' title='bbox 2583 862 2789 930; x_wconf 84' lang='lat' dir='ltr'><strong>gratia?</strong></span> <span class='ocrx_word' id='word_1_167' title='bbox 2828 878 2935 917; x_wconf 85' lang='lat' dir='ltr'><strong>non</strong></span> <span class='ocrx_word' id='word_1_168' title='bbox 2966 861 3106 918; x_wconf 91' lang='lat' dir='ltr'><strong>tollit</strong></span> <span class='ocrx_word' id='word_1_169' title='bbox 3144 862 3367 917; x_wconf 89' lang='lat' dir='ltr'><strong>liberum</strong></span> <span class='ocrx_word' id='word_1_170' title='bbox 3397 862 3677 918; x_wconf 88' lang='lat' dir='ltr'><strong>arbitrium</strong></span> <span class='ocrx_word' id='word_1_171' title='bbox 3696 905 3712 930; x_wconf 93' lang='lat'><strong>,</strong></span> <span class='ocrx_word' id='word_1_172' title='bbox 3757 863 3858 920; x_wconf 85' lang='lat' dir='ltr'><strong>sed</strong></span> 
     </span>
    </p>
   </div>
   <div class='ocr_carea' id='block_1_23' title="bbox 2263 952 3855 1025">
    <p class='ocr_par' dir='ltr' id='par_1_23' title="bbox 2263 952 3855 1025">
     <span class='ocr_line' id='line_1_23' title="bbox 2263 952 3855 1025; baseline 0.003 -16"><span class='ocrx_word' id='word_1_173' title='bbox 2263 963 2447 1020; x_wconf 86' lang='lat' dir='ltr'><strong>curat,</strong></span> <span class='ocrx_word' id='word_1_174' title='bbox 2479 954 2573 1011; x_wconf 88' lang='lat' dir='ltr'><strong>sed</strong></span> <span class='ocrx_word' id='word_1_175' title='bbox 2619 952 2940 1025; x_wconf 79' lang='lat' dir='ltr'><strong>ampliﬁcat,</strong></span> <span class='ocrx_word' id='word_1_176' title='bbox 3009 955 3104 1011; x_wconf 88' lang='lat' dir='ltr'><strong>sed</strong></span> <span class='ocrx_word' id='word_1_177' title='bbox 3153 965 3357 1023; x_wconf 72' lang='lat' dir='ltr'><strong>ornat,</strong></span> <span class='ocrx_word' id='word_1_178' title='bbox 3391 956 3488 1012; x_wconf 89' lang='lat' dir='ltr'><strong>sed</strong></span> <span class='ocrx_word' id='word_1_179' title='bbox 3534 957 3753 1013; x_wconf 84' lang='lat' dir='ltr'><strong>instruit</strong></span> <span class='ocrx_word' id='word_1_180' title='bbox 3792 967 3855 1015; x_wconf 86' lang='lat' dir='ltr'><strong>et</strong></span> 
     </span>
    </p>
   </div>
   <div class='ocr_carea' id='block_1_24' title="bbox 2264 1044 3851 1117">
    <p class='ocr_par' dir='ltr' id='par_1_24' title="bbox 2264 1044 3851 1117">
     <span class='ocr_line' id='line_1_24' title="bbox 2264 1044 3851 1117; baseline 0.002 -13"><span class='ocrx_word' id='word_1_181' title='bbox 2264 1049 2483 1105; x_wconf 84' lang='lat' dir='ltr'><strong>exaltat.</strong></span> <span class='ocrx_word' id='word_1_182' title='bbox 2517 1044 2634 1105; x_wconf 82' lang='lat' dir='ltr'><strong>Non</strong></span> <span class='ocrx_word' id='word_1_183' title='bbox 2665 1058 2842 1105; x_wconf 90' lang='lat' dir='ltr'><strong>tamen</strong></span> <span class='ocrx_word' id='word_1_184' title='bbox 2873 1050 3166 1117; x_wconf 89' lang='lat' dir='ltr'><strong>nolentem,</strong></span> <span class='ocrx_word' id='word_1_185' title='bbox 3196 1051 3291 1108; x_wconf 90' lang='lat' dir='ltr'><strong>sed</strong></span> <span class='ocrx_word' id='word_1_186' title='bbox 3319 1052 3591 1108; x_wconf 89' lang='lat' dir='ltr'><strong>volentem</strong></span> <span class='ocrx_word' id='word_1_187' title='bbox 3620 1052 3851 1109; x_wconf 84' lang='lat' dir='ltr'><strong>exaltat.</strong></span> 
     </span>
    </p>
   </div>
   <div class='ocr_carea' id='block_1_25' title="bbox 2262 1141 3855 1208">
    <p class='ocr_par' dir='ltr' id='par_1_25' title="bbox 2262 1141 3855 1208">
     <span class='ocr_line' id='line_1_25' title="bbox 2262 1141 3855 1208; baseline 0.003 -12"><span class='ocrx_word' id='word_1_188' title='bbox 2262 1141 2372 1196; x_wconf 89' lang='lat' dir='ltr'><strong>Nisi</strong></span> <span class='ocrx_word' id='word_1_189' title='bbox 2400 1142 2543 1197; x_wconf 92' lang='lat' dir='ltr'><strong>enim</strong></span> <span class='ocrx_word' id='word_1_190' title='bbox 2573 1158 2640 1198; x_wconf 90' lang='lat' dir='ltr'><strong>ex</strong></span> <span class='ocrx_word' id='word_1_191' title='bbox 2669 1142 2773 1199; x_wconf 81' lang='lat' dir='ltr'><strong>ﬁde</strong></span> <span class='ocrx_word' id='word_1_192' title='bbox 2800 1143 3055 1208; x_wconf 87' lang='lat' dir='ltr'><strong>volueris,</strong></span> <span class='ocrx_word' id='word_1_193' title='bbox 3085 1151 3141 1199; x_wconf 92' lang='lat' dir='ltr'><strong>et</strong></span> <span class='ocrx_word' id='word_1_194' title='bbox 3166 1159 3234 1200; x_wconf 90' lang='lat' dir='ltr'><strong>ex</strong></span> <span class='ocrx_word' id='word_1_195' title='bbox 3262 1144 3366 1200; x_wconf 73' lang='lat' dir='ltr'><strong>(ide</strong></span> <span class='ocrx_word' id='word_1_196' title='bbox 3392 1145 3713 1208; x_wconf 86' lang='lat' dir='ltr'><strong>cucurreris,</strong></span> <span class='ocrx_word' id='word_1_197' title='bbox 3745 1145 3855 1201; x_wconf 85' lang='lat' dir='ltr'><strong>ali-</strong></span> 
     </span>
    </p>
   </div>
   <div class='ocr_carea' id='block_1_26' title="bbox 2261 1237 3857 1310">
    <p class='ocr_par' dir='ltr' id='par_1_26' title="bbox 2261 1237 3857 1310">
     <span class='ocr_line' id='line_1_26' title="bbox 2261 1237 3857 1310; baseline 0.001 -17"><span class='ocrx_word' id='word_1_198' title='bbox 2261 1245 2346 1293; x_wconf 89' lang='lat' dir='ltr'><strong>ter</strong></span> <span class='ocrx_word' id='word_1_199' title='bbox 2372 1253 2402 1292; x_wconf 92' lang='lat' dir='ltr'><strong>a</strong></span> <span class='ocrx_word' id='word_1_200' title='bbox 2428 1238 2598 1307; x_wconf 87' lang='lat' dir='ltr'><strong>gratia</strong></span> <span class='ocrx_word' id='word_1_201' title='bbox 2627 1238 2842 1295; x_wconf 90' lang='lat' dir='ltr'><strong>liberari</strong></span> <span class='ocrx_word' id='word_1_202' title='bbox 2871 1255 2978 1295; x_wconf 94' lang='lat' dir='ltr'><strong>non</strong></span> <span class='ocrx_word' id='word_1_203' title='bbox 3006 1240 3229 1310; x_wconf 88' lang='lat' dir='ltr'><strong>poteris.</strong></span> <span class='ocrx_word' id='word_1_204' title='bbox 3278 1237 3425 1295; x_wconf 85' lang='lat' dir='ltr'><strong>Certi</strong></span> <span class='ocrx_word' id='word_1_205' title='bbox 3470 1253 3600 1309; x_wconf 89' lang='lat' dir='ltr'><strong>ergo</strong></span> <span class='ocrx_word' id='word_1_206' title='bbox 3645 1238 3857 1296; x_wconf 70' lang='lat' dir='ltr'><strong>efﬁcia-</strong></span> 
     </span>
    </p>
   </div>
   <div class='ocr_carea' id='block_1_27' title="bbox 2260 1331 3855 1402">
    <p class='ocr_par' dir='ltr' id='par_1_27' title="bbox 2260 1331 3855 1402">
     <span class='ocr_line' id='line_1_27' title="bbox 2260 1331 3855 1402; baseline 0.001 -16"><span class='ocrx_word' id='word_1_207' title='bbox 2260 1347 2400 1398; x_wconf 90' lang='lat' dir='ltr'><strong>mur,</strong></span> <span class='ocrx_word' id='word_1_208' title='bbox 2431 1331 2577 1402; x_wconf 90' lang='lat' dir='ltr'><strong>quod</strong></span> <span class='ocrx_word' id='word_1_209' title='bbox 2603 1347 2703 1388; x_wconf 90' lang='lat' dir='ltr'><strong>nos</strong></span> <span class='ocrx_word' id='word_1_210' title='bbox 2727 1332 2897 1402; x_wconf 90' lang='lat' dir='ltr'><strong>gratia</strong></span> <span class='ocrx_word' id='word_1_211' title='bbox 2925 1349 3032 1389; x_wconf 90' lang='lat' dir='ltr'><strong>non</strong></span> <span class='ocrx_word' id='word_1_212' title='bbox 3071 1340 3285 1390; x_wconf 88' lang='lat' dir='ltr'><strong>recusat</strong></span> <span class='ocrx_word' id='word_1_213' title='bbox 3309 1333 3436 1389; x_wconf 89' lang='lat' dir='ltr'><strong>dum</strong></span> <span class='ocrx_word' id='word_1_214' title='bbox 3463 1331 3855 1402; x_wconf 81' lang='lat' dir='ltr'><strong>delinquimus,</strong></span> 
     </span>
    </p>
   </div>
   <div class='ocr_carea' id='block_1_28' title="bbox 2258 1422 3855 1497">
    <p class='ocr_par' dir='ltr' id='par_1_28' title="bbox 2258 1422 3855 1497">
     <span class='ocr_line' id='line_1_28' title="bbox 2258 1422 3855 1497; baseline 0.001 -18"><span class='ocrx_word' id='word_1_215' title='bbox 2258 1424 2354 1480; x_wconf 89' lang='lat' dir='ltr'><strong>sed</strong></span> <span class='ocrx_word' id='word_1_216' title='bbox 2383 1441 2481 1481; x_wconf 91' lang='lat' dir='ltr'><strong>nos</strong></span> <span class='ocrx_word' id='word_1_217' title='bbox 2507 1440 2817 1482; x_wconf 86' lang='lat' dir='ltr'><strong>recusamus</strong></span> <span class='ocrx_word' id='word_1_218' title='bbox 2843 1426 3071 1495; x_wconf 82' lang='lat' dir='ltr'><strong>gratiam</strong></span> <span class='ocrx_word' id='word_1_219' title='bbox 3089 1425 3307 1497; x_wconf 89' lang='lat' dir='ltr'><strong>quando</strong></span> <span class='ocrx_word' id='word_1_220' title='bbox 3336 1440 3642 1497; x_wconf 85' lang='lat' dir='ltr'><strong>peccamus.</strong></span> <span class='ocrx_word' id='word_1_221' title='bbox 3665 1422 3855 1480; x_wconf 84' lang='lat' dir='ltr'><strong>Unum</strong></span> 
     </span>
    </p>
   </div>
   <div class='ocr_carea' id='block_1_29' title="bbox 2260 1515 3860 1587">
    <p class='ocr_par' dir='ltr' id='par_1_29' title="bbox 2260 1515 3860 1587">
     <span class='ocr_line' id='line_1_29' title="bbox 2260 1515 3860 1587; baseline 0.001 -16"><span class='ocrx_word' id='word_1_222' title='bbox 2260 1516 2403 1571; x_wconf 90' lang='lat' dir='ltr'><strong>enim</strong></span> <span class='ocrx_word' id='word_1_223' title='bbox 2423 1516 2512 1572; x_wconf 90' lang='lat' dir='ltr'><strong>hic</strong></span> <span class='ocrx_word' id='word_1_224' title='bbox 2531 1531 2562 1572; x_wconf 92' lang='lat' dir='ltr'><strong>e</strong></span> <span class='ocrx_word' id='word_1_225' title='bbox 2581 1516 2792 1572; x_wconf 90' lang='lat' dir='ltr'><strong>duobus</strong></span> <span class='ocrx_word' id='word_1_226' title='bbox 2812 1532 3036 1572; x_wconf 87' lang='lat' dir='ltr'><strong>censura</strong></span> <span class='ocrx_word' id='word_1_227' title='bbox 3048 1517 3338 1587; x_wconf 88' lang='lat' dir='ltr'><strong>judicantis</strong></span> <span class='ocrx_word' id='word_1_228' title='bbox 3356 1515 3603 1582; x_wconf 90' lang='lat' dir='ltr'><strong>attendit,</strong></span> <span class='ocrx_word' id='word_1_229' title='bbox 3622 1525 3720 1573; x_wconf 90' lang='lat' dir='ltr'><strong>aut</strong></span> <span class='ocrx_word' id='word_1_230' title='bbox 3732 1531 3860 1586; x_wconf 79' lang='lat' dir='ltr'><strong>gra-</strong></span> 
     </span>
    </p>
   </div>
   <div class='ocr_carea' id='block_1_30' title="bbox 2259 1608 3856 1675">
    <p class='ocr_par' dir='ltr' id='par_1_30' title="bbox 2259 1608 3856 1675">
     <span class='ocr_line' id='line_1_30' title="bbox 2259 1608 3856 1675; baseline 0.001 -12"><span class='ocrx_word' id='word_1_231' title='bbox 2259 1609 2390 1664; x_wconf 90' lang='lat' dir='ltr'><strong>tiam</strong></span> <span class='ocrx_word' id='word_1_232' title='bbox 2399 1619 2759 1675; x_wconf 87' lang='lat' dir='ltr'><strong>recusantem,</strong></span> <span class='ocrx_word' id='word_1_233' title='bbox 2773 1610 3148 1666; x_wconf 85' lang='lat' dir='ltr'><strong>authominem</strong></span> <span class='ocrx_word' id='word_1_234' title='bbox 3160 1608 3613 1667; x_wconf 76' lang='lat' dir='ltr'><strong>contemnentem.</strong></span> <span class='ocrx_word' id='word_1_235' title='bbox 3628 1608 3687 1665; x_wconf 87' lang='lat' dir='ltr'><strong>Si</strong></span> <span class='ocrx_word' id='word_1_236' title='bbox 3699 1610 3856 1665; x_wconf 82' lang='lat' dir='ltr'><strong>enim</strong></span> 
     </span>
    </p>
   </div>
   <div class='ocr_carea' id='block_1_31' title="bbox 2260 1699 3854 1773">
    <p class='ocr_par' dir='ltr' id='par_1_31' title="bbox 2260 1699 3854 1773">
     <span class='ocr_line' id='line_1_31' title="bbox 2260 1699 3854 1773; baseline 0 -17"><span class='ocrx_word' id='word_1_237' title='bbox 2260 1701 2432 1771; x_wconf 88' lang='lat' dir='ltr'><strong>gratia</strong></span> <span class='ocrx_word' id='word_1_238' title='bbox 2476 1705 2772 1769; x_wconf 85' lang='lat' dir='ltr'><strong>recusavit,</strong></span> <span class='ocrx_word' id='word_1_239' title='bbox 2824 1703 3097 1759; x_wconf 90' lang='lat' dir='ltr'><strong>hominem</strong></span> <span class='ocrx_word' id='word_1_240' title='bbox 3126 1717 3157 1757; x_wconf 89' lang='lat' dir='ltr'><strong>a</strong></span> <span class='ocrx_word' id='word_1_241' title='bbox 3182 1709 3409 1773; x_wconf 88' lang='lat' dir='ltr'><strong>peccato</strong></span> <span class='ocrx_word' id='word_1_242' title='bbox 3437 1700 3665 1756; x_wconf 88' lang='lat' dir='ltr'><strong>liberum</strong></span> <span class='ocrx_word' id='word_1_243' title='bbox 3696 1699 3854 1756; x_wconf 89' lang='lat' dir='ltr'><strong>fecit.</strong></span> 
     </span>
    </p>
   </div>
   <div class='ocr_carea' id='block_1_32' title="bbox 2266 1790 3855 1867">
    <p class='ocr_par' dir='ltr' id='par_1_32' title="bbox 2266 1790 3855 1867">
     <span class='ocr_line' id='line_1_32' title="bbox 2266 1790 3855 1867; baseline -0.001 -20"><span class='ocrx_word' id='word_1_244' title='bbox 2266 1794 2513 1864; x_wconf 85' lang='lat' dir='ltr'><strong>Nunquid</strong></span> <span class='ocrx_word' id='word_1_245' title='bbox 2559 1795 2856 1867; x_wconf 87' lang='lat' dir='ltr'><strong>culpandus</strong></span> <span class='ocrx_word' id='word_1_246' title='bbox 2898 1800 2983 1850; x_wconf 90' lang='lat' dir='ltr'><strong>est</strong></span> <span class='ocrx_word' id='word_1_247' title='bbox 3018 1793 3111 1863; x_wconf 92' lang='lat' dir='ltr'><strong>qui</strong></span> <span class='ocrx_word' id='word_1_248' title='bbox 3138 1808 3247 1848; x_wconf 91' lang='lat' dir='ltr'><strong>non</strong></span> <span class='ocrx_word' id='word_1_249' title='bbox 3274 1790 3488 1863; x_wconf 89' lang='lat' dir='ltr'><strong>prandit</strong></span> <span class='ocrx_word' id='word_1_250' title='bbox 3531 1790 3672 1862; x_wconf 90' lang='lat' dir='ltr'><strong>apud</strong></span> <span class='ocrx_word' id='word_1_251' title='bbox 3721 1806 3855 1846; x_wconf 88' lang='lat' dir='ltr'><strong>eum</strong></span> 
     </span>
    </p>
   </div>
   <div class='ocr_carea' id='block_1_33' title="bbox 534 1865 3858 1956">
    <p class='ocr_par' dir='ltr' id='par_1_33' title="bbox 534 1865 3858 1956">
     <span class='ocr_line' id='line_1_33' title="bbox 534 1865 3858 1956; baseline 0 -18"><span class='ocrx_word' id='word_1_252' title='bbox 534 1880 539 1885; x_wconf 76' lang='grc'><em>’</em></span> <span class='ocrx_word' id='word_1_253' title='bbox 574 1899 677 1940; x_wconf 89' lang='lat' dir='ltr'><strong>nec</strong></span> <span class='ocrx_word' id='word_1_254' title='bbox 697 1886 784 1940; x_wconf 91' lang='lat' dir='ltr'><strong>isti</strong></span> <span class='ocrx_word' id='word_1_255' title='bbox 814 1885 1213 1956; x_wconf 88' lang='lat' dir='ltr'><strong>displicuerant,</strong></span> <span class='ocrx_word' id='word_1_256' title='bbox 1238 1888 1283 1942; x_wconf 93' lang='lat' dir='ltr'><strong>si</strong></span> <span class='ocrx_word' id='word_1_257' title='bbox 1304 1888 1392 1943; x_wconf 87' lang='lat' dir='ltr'><strong>lex</strong></span> <span class='ocrx_word' id='word_1_258' title='bbox 1416 1888 1679 1944; x_wconf 89' lang='lat' dir='ltr'><strong>naturalis</strong></span> <span class='ocrx_word' id='word_1_259' title='bbox 1704 1904 1814 1943; x_wconf 92' lang='lat' dir='ltr'><strong>non</strong></span> <span class='ocrx_word' id='word_1_260' title='bbox 1827 1865 2156 1955; x_wconf 77' lang='lat' dir='ltr'><strong>exstitisset,</strong></span> <span class='ocrx_word' id='word_1_261' title='bbox 2191 1865 2236 1926; x_wconf 70' lang='grc' dir='ltr'><strong>Β</strong></span> <span class='ocrx_word' id='word_1_262' title='bbox 2264 1886 2355 1955; x_wconf 89' lang='lat' dir='ltr'><strong>qui</strong></span> <span class='ocrx_word' id='word_1_263' title='bbox 2383 1901 2506 1941; x_wconf 90' lang='lat' dir='ltr'><strong>eum</strong></span> <span class='ocrx_word' id='word_1_264' title='bbox 2534 1901 2565 1940; x_wconf 90' lang='lat' dir='ltr'><strong>a</strong></span> <span class='ocrx_word' id='word_1_265' title='bbox 2594 1865 2693 1943; x_wconf 83' lang='lat' dir='ltr'><strong>suo</strong></span> <span class='ocrx_word' id='word_1_266' title='bbox 2739 1886 2987 1942; x_wconf 89' lang='lat' dir='ltr'><strong>convivio</strong></span> <span class='ocrx_word' id='word_1_267' title='bbox 3035 1884 3396 1949; x_wconf 87' lang='lat' dir='ltr'><strong>recusaverit;</strong></span> <span class='ocrx_word' id='word_1_268' title='bbox 3445 1891 3500 1939; x_wconf 87' lang='lat' dir='ltr'><strong>et</strong></span> <span class='ocrx_word' id='word_1_269' title='bbox 3526 1899 3635 1938; x_wconf 91' lang='lat' dir='ltr'><strong>non</strong></span> <span class='ocrx_word' id='word_1_270' title='bbox 3662 1882 3858 1954; x_wconf 88' lang='lat' dir='ltr'><strong>potius</strong></span> 
     </span>
    </p>
   </div>
   <div class='ocr_carea' id='block_1_34' title="bbox 573 1977 2158 2054">
    <p class='ocr_par' dir='ltr' id='par_1_34' title="bbox 573 1977 2158 2054">
     <span class='ocr_line' id='line_1_34' title="bbox 573 1977 2158 2054; baseline 0.003 -22"><span class='ocrx_word' id='word_1_271' title='bbox 573 1985 628 2033; x_wconf 90' lang='lat' dir='ltr'><strong>et</strong></span> <span class='ocrx_word' id='word_1_272' title='bbox 656 1977 875 2034; x_wconf 86' lang='lat' dir='ltr'><strong>libertas</strong></span> <span class='ocrx_word' id='word_1_273' title='bbox 903 1979 957 2034; x_wconf 91' lang='lat' dir='ltr'><strong>in</strong></span> <span class='ocrx_word' id='word_1_274' title='bbox 985 1980 1063 2035; x_wconf 93' lang='lat' dir='ltr'><strong>eis</strong></span> <span class='ocrx_word' id='word_1_275' title='bbox 1093 1980 1299 2035; x_wconf 90' lang='lat' dir='ltr'><strong>arbitrii</strong></span> <span class='ocrx_word' id='word_1_276' title='bbox 1327 1997 1434 2035; x_wconf 92' lang='lat' dir='ltr'><strong>non</strong></span> <span class='ocrx_word' id='word_1_277' title='bbox 1463 1978 1669 2036; x_wconf 82' lang='lat' dir='ltr'><strong>fuisset.</strong></span> <span class='ocrx_word' id='word_1_278' title='bbox 1710 1978 1846 2048; x_wconf 85' lang='lat' dir='ltr'><strong>Quid</strong></span> <span class='ocrx_word' id='word_1_279' title='bbox 1874 1995 2004 2051; x_wconf 87' lang='lat' dir='ltr'><strong>ergo</strong></span> <span class='ocrx_word' id='word_1_280' title='bbox 2044 1983 2158 2054; x_wconf 87' lang='lat' dir='ltr'><strong>agi-</strong></span> 
     </span>
    </p>
   </div>
   <div class='ocr_carea' id='block_1_35' title="bbox 573 2071 2161 2153">
    <p class='ocr_par' dir='ltr' id='par_1_35' title="bbox 573 2071 2161 2153">
     <span class='ocr_line' id='line_1_35' title="bbox 573 2071 2161 2153; baseline 0.003 -29"><span class='ocrx_word' id='word_1_281' title='bbox 573 2071 728 2125; x_wconf 89' lang='lat' dir='ltr'><strong>mus?</strong></span> <span class='ocrx_word' id='word_1_282' title='bbox 754 2071 1076 2153; x_wconf 77' lang='lat' dir='ltr'><strong>calumniam</strong></span> <span class='ocrx_word' id='word_1_283' title='bbox 1113 2088 1224 2126; x_wconf 91' lang='lat' dir='ltr'><strong>non</strong></span> <span class='ocrx_word' id='word_1_284' title='bbox 1252 2071 1547 2139; x_wconf 88' lang='lat' dir='ltr'><strong>evadimus,</strong></span> <span class='ocrx_word' id='word_1_285' title='bbox 1576 2072 1681 2128; x_wconf 87' lang='lat' dir='ltr'><strong>nisi</strong></span> <span class='ocrx_word' id='word_1_286' title='bbox 1705 2071 1801 2128; x_wconf 90' lang='lat' dir='ltr'><strong>Dei</strong></span> <span class='ocrx_word' id='word_1_287' title='bbox 1838 2073 2007 2129; x_wconf 92' lang='lat' dir='ltr'><strong>solam</strong></span> <span class='ocrx_word' id='word_1_288' title='bbox 2038 2088 2161 2143; x_wconf 87' lang='lat' dir='ltr'><strong>gra-</strong></span> 
     </span>
    </p>
   </div>
   <div class='ocr_carea' id='block_1_36' title="bbox 572 2162 2049 2222">
    <p class='ocr_par' dir='ltr' id='par_1_36' title="bbox 572 2162 2049 2222">
     <span class='ocr_line' id='line_1_36' title="bbox 572 2162 2049 2222; baseline 0.002 -6"><span class='ocrx_word' id='word_1_289' title='bbox 572 2162 704 2216; x_wconf 90' lang='lat' dir='ltr'><strong>tiam</strong></span> <span class='ocrx_word' id='word_1_290' title='bbox 732 2162 1042 2217; x_wconf 81' lang='lat' dir='ltr'><strong>dixerimus.</strong></span> <span class='ocrx_word' id='word_1_291' title='bbox 1069 2162 1253 2218; x_wconf 85' lang='lat' dir='ltr'><strong>Latrat</strong></span> <span class='ocrx_word' id='word_1_292' title='bbox 1278 2165 1419 2219; x_wconf 91' lang='lat' dir='ltr'><strong>enim</strong></span> <span class='ocrx_word' id='word_1_293' title='bbox 1447 2164 1586 2221; x_wconf 90' lang='lat' dir='ltr'><strong>liber</strong></span> <span class='ocrx_word' id='word_1_294' title='bbox 1612 2180 1798 2221; x_wconf 89' lang='lat' dir='ltr'><strong>eorum</strong></span> <span class='ocrx_word' id='word_1_295' title='bbox 1827 2165 2012 2222; x_wconf 90' lang='lat' dir='ltr'><strong>dicens</strong></span> <span class='ocrx_word' id='word_1_296' title='bbox 2037 2184 2049 2219; x_wconf 90' lang='lat'><strong>:</strong></span> 
     </span>
    </p>
   </div>
   <div class='ocr_carea' id='block_1_37' title="bbox 644 2240 2157 2333">
    <p class='ocr_par' dir='ltr' id='par_1_37' title="bbox 644 2240 2157 2333">
     <span class='ocr_line' id='line_1_37' title="bbox 644 2240 2157 2333; baseline 0.006 -27"><span class='ocrx_word' id='word_1_297' title='bbox 644 2240 828 2307; x_wconf 74' lang='lat' dir='ltr'><strong>XXIII.</strong></span> <span class='ocrx_word' id='word_1_298' title='bbox 856 2254 889 2291; x_wconf 70' lang='grc' dir='ltr'><strong>ἰ»</strong></span> <span class='ocrx_word' id='word_1_299' title='bbox 912 2253 1208 2309; x_wconf 74' lang='lat' dir='ltr'><strong>Excluditis</strong></span> <span class='ocrx_word' id='word_1_300' title='bbox 1244 2258 1471 2327; x_wconf 81' lang='lat' dir='ltr'><strong>gratiam</strong></span> <span class='ocrx_word' id='word_1_301' title='bbox 1498 2274 1590 2328; x_wconf 89' lang='lat' dir='ltr'><strong>per</strong></span> <span class='ocrx_word' id='word_1_302' title='bbox 1614 2256 1907 2313; x_wconf 82' lang='lat' dir='ltr'><strong>libertatem</strong></span> <span class='ocrx_word' id='word_1_303' title='bbox 1933 2258 2157 2333; x_wconf 78' lang='lat' dir='ltr'><strong>arbitrii.</strong></span> 
     </span>
    </p>
   </div>
   <div class='ocr_carea' id='block_1_38' title="bbox 570 2345 2161 2422">
    <p class='ocr_par' dir='ltr' id='par_1_38' title="bbox 570 2345 2161 2422">
     <span class='ocr_line' id='line_1_38' title="bbox 570 2345 2161 2422; baseline 0.004 -23"><span class='ocrx_word' id='word_1_304' title='bbox 570 2345 676 2399; x_wconf 76' lang='lat' dir='ltr'><strong>Aut</strong></span> <span class='ocrx_word' id='word_1_305' title='bbox 715 2346 852 2400; x_wconf 89' lang='lat' dir='ltr'><strong>enim</strong></span> <span class='ocrx_word' id='word_1_306' title='bbox 897 2346 1058 2402; x_wconf 88' lang='lat' dir='ltr'><strong>libero</strong></span> <span class='ocrx_word' id='word_1_307' title='bbox 1103 2347 1318 2403; x_wconf 86' lang='lat' dir='ltr'><strong>arbitrio</strong></span> <span class='ocrx_word' id='word_1_308' title='bbox 1360 2347 1658 2414; x_wconf 79' lang='lat' dir='ltr'><strong>liberamur,</strong></span> <span class='ocrx_word' id='word_1_309' title='bbox 1709 2359 1798 2404; x_wconf 90' lang='lat' dir='ltr'><strong>aut</strong></span> <span class='ocrx_word' id='word_1_310' title='bbox 1843 2352 2017 2422; x_wconf 86' lang='lat' dir='ltr'><strong>gratia</strong></span> <span class='ocrx_word' id='word_1_311' title='bbox 2061 2350 2161 2406; x_wconf 87' lang='lat' dir='ltr'><strong>Dei</strong></span> 
     </span>
    </p>
   </div>
   <div class='ocr_carea' id='block_1_39' title="bbox 572 2430 2156 2518">
    <p class='ocr_par' dir='ltr' id='par_1_39' title="bbox 572 2430 2156 2518">
     <span class='ocr_line' id='line_1_39' title="bbox 572 2430 2156 2518; baseline 0.006 -28"><span class='ocrx_word' id='word_1_312' title='bbox 572 2439 838 2509; x_wconf 79' lang='lat' dir='ltr'><strong>eripiatur.</strong></span> <span class='ocrx_word' id='word_1_313' title='bbox 869 2437 1062 2511; x_wconf 84' lang='lat' dir='ltr'><strong>Eligite</strong></span> <span class='ocrx_word' id='word_1_314' title='bbox 1257 2442 1463 2497; x_wconf 77' lang='lat' dir='ltr'><strong>dicatis.</strong></span> <span class='ocrx_word' id='word_1_315' title='bbox 1497 2442 1559 2497; x_wconf 85' lang='lat' dir='ltr'><strong>Si</strong></span> <span class='ocrx_word' id='word_1_316' title='bbox 1594 2446 1780 2516; x_wconf 68' lang='lat' dir='ltr'><strong>gratim</strong></span> <span class='ocrx_word' id='word_1_317' title='bbox 1808 2453 1972 2499; x_wconf 86' lang='lat' dir='ltr'><strong>totum</strong></span> <span class='ocrx_word' id='word_1_318' title='bbox 1998 2446 2156 2511; x_wconf 84' lang='lat' dir='ltr'><strong>datis,</strong></span> 
     </span>
    </p>
   </div>
   <div class='ocr_carea' id='block_1_40' title="bbox 571 2527 2160 2597">
    <p class='ocr_par' dir='ltr' id='par_1_40' title="bbox 571 2527 2160 2597">
     <span class='ocr_line' id='line_1_40' title="bbox 571 2527 2160 2597; baseline 0.006 -16"><span class='ocrx_word' id='word_1_319' title='bbox 571 2544 731 2581; x_wconf 88' lang='lat' dir='ltr'><strong>unum</strong></span> <span class='ocrx_word' id='word_1_320' title='bbox 761 2546 963 2594; x_wconf 85' lang='lat' dir='ltr'><strong>sumus;</strong></span> <span class='ocrx_word' id='word_1_321' title='bbox 995 2527 1229 2586; x_wconf 62' lang='lat' dir='ltr'><strong>si&#39;libero</strong></span> <span class='ocrx_word' id='word_1_322' title='bbox 1258 2533 1494 2597; x_wconf 89' lang='lat' dir='ltr'><strong>arbitrio,</strong></span> <span class='ocrx_word' id='word_1_323' title='bbox 1527 2536 1706 2589; x_wconf 87' lang='lat' dir='ltr'><strong>sciatis</strong></span> <span class='ocrx_word' id='word_1_324' title='bbox 1735 2552 1830 2590; x_wconf 86' lang='lat' dir='ltr'><strong>nos</strong></span> <span class='ocrx_word' id='word_1_325' title='bbox 1861 2534 2003 2591; x_wconf 82' lang='lat' dir='ltr'><strong>vobis</strong></span> <span class='ocrx_word' id='word_1_326' title='bbox 2036 2553 2160 2591; x_wconf 86' lang='lat' dir='ltr'><strong>con-</strong></span> 
     </span>
    </p>
   </div>
   <div class='ocr_carea' id='block_1_41' title="bbox 573 2620 2159 2701">
    <p class='ocr_par' dir='ltr' id='par_1_41' title="bbox 573 2620 2159 2701">
     <span class='ocr_line' id='line_1_41' title="bbox 573 2620 2159 2701; baseline 0.008 -29"><span class='ocrx_word' id='word_1_327' title='bbox 573 2620 766 2674; x_wconf 86' lang='lat' dir='ltr'><strong>sentire</strong></span> <span class='ocrx_word' id='word_1_328' title='bbox 794 2637 899 2675; x_wconf 88' lang='lat' dir='ltr'><strong>non</strong></span> <span class='ocrx_word' id='word_1_329' title='bbox 934 2638 1102 2692; x_wconf 86' lang='lat' dir='ltr'><strong>posse.</strong></span> <span class='ocrx_word' id='word_1_330' title='bbox 1124 2635 1154 2701; x_wconf 31' lang='grc' dir='ltr'><strong><em>,ο</em></strong></span> <span class='ocrx_word' id='word_1_331' title='bbox 1186 2624 1399 2691; x_wconf 85' lang='lat' dir='ltr'><strong>Audite,</strong></span> <span class='ocrx_word' id='word_1_332' title='bbox 1431 2625 1770 2690; x_wconf 84' lang='lat' dir='ltr'><strong>calumniosi,</strong></span> <span class='ocrx_word' id='word_1_333' title='bbox 1802 2636 1859 2682; x_wconf 90' lang='lat' dir='ltr'><strong>et</strong></span> <span class='ocrx_word' id='word_1_334' title='bbox 1886 2628 1990 2684; x_wconf 87' lang='lat' dir='ltr'><strong>hoc</strong></span> <span class='ocrx_word' id='word_1_335' title='bbox 2016 2629 2159 2698; x_wconf 88' lang='lat' dir='ltr'><strong>quod</strong></span> 
     </span>
    </p>
   </div>
   <div class='ocr_carea' id='block_1_42' title="bbox 570 2711 2160 2794">
    <p class='ocr_par' dir='ltr' id='par_1_42' title="bbox 570 2711 2160 2794">
     <span class='ocr_line' id='line_1_42' title="bbox 570 2711 2160 2794; baseline 0.008 -29"><span class='ocrx_word' id='word_1_336' title='bbox 570 2711 773 2794; x_wconf 83' lang='lat' dir='ltr'><strong>timetis</strong></span> <span class='ocrx_word' id='word_1_337' title='bbox 809 2712 1009 2767; x_wconf 89' lang='lat' dir='ltr'><strong>audite.</strong></span> <span class='ocrx_word' id='word_1_338' title='bbox 1061 2713 1173 2769; x_wconf 88' lang='lat' dir='ltr'><strong>Nos</strong></span> <span class='ocrx_word' id='word_1_339' title='bbox 1216 2715 1444 2771; x_wconf 82' lang='lat' dir='ltr'><strong>liberum</strong></span> <span class='ocrx_word' id='word_1_340' title='bbox 1490 2712 1769 2773; x_wconf 89' lang='lat' dir='ltr'><strong>arbitrium</strong></span> <span class='ocrx_word' id='word_1_341' title='bbox 1814 2718 1886 2773; x_wconf 91' lang='lat' dir='ltr'><strong>ibi</strong></span> <span class='ocrx_word' id='word_1_342' title='bbox 1936 2712 2160 2778; x_wconf 86' lang='lat' dir='ltr'><strong>dicimus</strong></span> 
     </span>
    </p>
   </div>
   <div class='ocr_carea' id='block_1_43' title="bbox 568 2803 2160 2885">
    <p class='ocr_par' dir='ltr' id='par_1_43' title="bbox 568 2803 2160 2885">
     <span class='ocr_line' id='line_1_43' title="bbox 568 2803 2160 2885; baseline 0.007 -28"><span class='ocrx_word' id='word_1_343' title='bbox 568 2817 710 2868; x_wconf 89' lang='lat' dir='ltr'><strong>esse,</strong></span> <span class='ocrx_word' id='word_1_344' title='bbox 741 2803 829 2858; x_wconf 89' lang='lat' dir='ltr'><strong>ubi</strong></span> <span class='ocrx_word' id='word_1_345' title='bbox 856 2804 1036 2883; x_wconf 86' lang='lat' dir='ltr'><strong>divina</strong></span> <span class='ocrx_word' id='word_1_346' title='bbox 1059 2804 1514 2885; x_wconf 79' lang='lat' dir='ltr'><strong>gratiaconsistit.</strong></span> <span class='ocrx_word' id='word_1_347' title='bbox 1541 2809 1667 2866; x_wconf 89' lang='lat' dir='ltr'><strong>Sine</strong></span> <span class='ocrx_word' id='word_1_348' title='bbox 1694 2813 1863 2880; x_wconf 88' lang='lat' dir='ltr'><strong>gratia</strong></span> <span class='ocrx_word' id='word_1_349' title='bbox 1891 2812 2033 2867; x_wconf 91' lang='lat' dir='ltr'><strong>enim</strong></span> <span class='ocrx_word' id='word_1_350' title='bbox 2063 2813 2160 2868; x_wconf 88' lang='lat' dir='ltr'><strong>Dei</strong></span> 
     </span>
    </p>
   </div>
   <div class='ocr_carea' id='block_1_44' title="bbox 567 2894 2160 2972">
    <p class='ocr_par' dir='ltr' id='par_1_44' title="bbox 567 2894 2160 2972">
     <span class='ocr_line' id='line_1_44' title="bbox 567 2894 2160 2972; baseline 0.009 -23"><span class='ocrx_word' id='word_1_351' title='bbox 567 2911 677 2949; x_wconf 91' lang='lat' dir='ltr'><strong>non</strong></span> <span class='ocrx_word' id='word_1_352' title='bbox 707 2903 791 2950; x_wconf 90' lang='lat' dir='ltr'><strong>est</strong></span> <span class='ocrx_word' id='word_1_353' title='bbox 819 2894 1205 2964; x_wconf 55' lang='lat' dir='ltr'><strong>liberum,‘9ed</strong></span> <span class='ocrx_word' id='word_1_354' title='bbox 1230 2902 1498 2972; x_wconf 87' lang='lat' dir='ltr'><strong>captivum</strong></span> <span class='ocrx_word' id='word_1_355' title='bbox 1526 2903 1825 2959; x_wconf 87' lang='lat' dir='ltr'><strong>arbitrium.</strong></span> <span class='ocrx_word' id='word_1_356' title='bbox 1876 2905 1977 2961; x_wconf 87' lang='lat' dir='ltr'><strong>Ubi</strong></span> <span class='ocrx_word' id='word_1_357' title='bbox 2020 2909 2160 2962; x_wconf 89' lang='lat' dir='ltr'><strong>enim</strong></span> 
     </span>
    </p>
   </div>
   <div class='ocr_carea' id='block_1_45' title="bbox 568 2986 2159 3065">
    <p class='ocr_par' dir='ltr' id='par_1_45' title="bbox 568 2986 2159 3065">
     <span class='ocr_line' id='line_1_45' title="bbox 568 2986 2159 3065; baseline 0.01 -26"><span class='ocrx_word' id='word_1_358' title='bbox 568 2987 783 3056; x_wconf 83' lang='lat' dir='ltr'><strong>spiritus</strong></span> <span class='ocrx_word' id='word_1_359' title='bbox 805 2986 1036 3057; x_wconf 81' lang='lat' dir='ltr'><strong>Domini,</strong></span> <span class='ocrx_word' id='word_1_360' title='bbox 1060 2988 1131 3044; x_wconf 88' lang='lat' dir='ltr'><strong>ibi</strong></span> <span class='ocrx_word' id='word_1_361' title='bbox 1150 2991 1361 3047; x_wconf 85' lang='lat' dir='ltr'><strong>libertas</strong></span> <span class='ocrx_word' id='word_1_362' title='bbox 1384 2992 1461 3064; x_wconf 89' lang='lat' dir='ltr'><strong>(ll</strong></span> <span class='ocrx_word' id='word_1_363' title='bbox 1482 2991 1601 3049; x_wconf 85' lang='lat' dir='ltr'><strong>Cor.</strong></span> <span class='ocrx_word' id='word_1_364' title='bbox 1628 3011 1703 3060; x_wconf 81' lang='lat' dir='ltr'><strong>ut,</strong></span> <span class='ocrx_word' id='word_1_365' title='bbox 1730 2994 1839 3065; x_wconf 73' lang='lat' dir='ltr'><strong>i7).</strong></span> <span class='ocrx_word' id='word_1_366' title='bbox 1868 2996 1978 3053; x_wconf 86' lang='lat' dir='ltr'><strong>Nos</strong></span> <span class='ocrx_word' id='word_1_367' title='bbox 1998 2998 2159 3054; x_wconf 84' lang='lat' dir='ltr'><strong>liber-</strong></span> 
     </span>
    </p>
   </div>
   <div class='ocr_carea' id='block_1_46' title="bbox 567 3079 2157 3155">
    <p class='ocr_par' dir='ltr' id='par_1_46' title="bbox 567 3079 2157 3155">
     <span class='ocr_line' id='line_1_46' title="bbox 567 3079 2157 3155; baseline 0.01 -25"><span class='ocrx_word' id='word_1_368' title='bbox 567 3082 735 3151; x_wconf 82' lang='lat' dir='ltr'><strong>tatem</strong></span> <span class='ocrx_word' id='word_1_369' title='bbox 782 3079 938 3133; x_wconf 90' lang='lat' dir='ltr'><strong>istam</strong></span> <span class='ocrx_word' id='word_1_370' title='bbox 986 3095 1094 3136; x_wconf 91' lang='lat' dir='ltr'><strong>non</strong></span> <span class='ocrx_word' id='word_1_371' title='bbox 1141 3082 1374 3138; x_wconf 89' lang='lat' dir='ltr'><strong>hominis</strong></span> <span class='ocrx_word' id='word_1_372' title='bbox 1420 3085 1683 3155; x_wconf 66' lang='lat' dir='ltr'><strong>superbiae</strong></span> <span class='ocrx_word' id='word_1_373' title='bbox 1729 3087 2021 3154; x_wconf 88' lang='lat' dir='ltr'><strong>tradimus,</strong></span> <span class='ocrx_word' id='word_1_374' title='bbox 2062 3090 2157 3146; x_wconf 89' lang='lat' dir='ltr'><strong>sed</strong></span> 
     </span>
    </p>
   </div>
   <div class='ocr_carea' id='block_1_47' title="bbox 567 3170 2155 3249">
    <p class='ocr_par' dir='ltr' id='par_1_47' title="bbox 567 3170 2155 3249">
     <span class='ocr_line' id='line_1_47' title="bbox 567 3170 2155 3249; baseline 0.01 -27"><span class='ocrx_word' id='word_1_375' title='bbox 567 3170 753 3239; x_wconf 74' lang='lat' dir='ltr'><strong>gratim</strong></span> <span class='ocrx_word' id='word_1_376' title='bbox 799 3170 893 3227; x_wconf 89' lang='lat' dir='ltr'><strong>Dei</strong></span> <span class='ocrx_word' id='word_1_377' title='bbox 934 3180 991 3227; x_wconf 91' lang='lat' dir='ltr'><strong>et</strong></span> <span class='ocrx_word' id='word_1_378' title='bbox 1031 3172 1149 3242; x_wconf 91' lang='lat' dir='ltr'><strong>ejus</strong></span> <span class='ocrx_word' id='word_1_379' title='bbox 1193 3175 1378 3243; x_wconf 79' lang='lat' dir='ltr'><strong>gloriae</strong></span> <span class='ocrx_word' id='word_1_380' title='bbox 1418 3176 1698 3233; x_wconf 86' lang='lat' dir='ltr'><strong>deﬁnimus</strong></span> <span class='ocrx_word' id='word_1_381' title='bbox 1734 3198 1747 3232; x_wconf 90' lang='lat'><strong>:</strong></span> <span class='ocrx_word' id='word_1_382' title='bbox 1781 3195 1901 3249; x_wconf 74' lang='lat' dir='ltr'><strong>quae</strong></span> <span class='ocrx_word' id='word_1_383' title='bbox 1947 3190 2155 3238; x_wconf 91' lang='lat' dir='ltr'><strong>tantum</strong></span> 
     </span>
    </p>
   </div>
   <div class='ocr_carea' id='block_1_48' title="bbox 566 3254 2151 3342">
    <p class='ocr_par' dir='ltr' id='par_1_48' title="bbox 566 3254 2151 3342">
     <span class='ocr_line' id='line_1_48' title="bbox 566 3254 2151 3342; baseline 0.009 -26"><span class='ocrx_word' id='word_1_384' title='bbox 566 3254 848 3327; x_wconf 77' lang='lat' dir='ltr'><strong>cencedit,</strong></span> <span class='ocrx_word' id='word_1_385' title='bbox 881 3274 940 3318; x_wconf 92' lang='lat' dir='ltr'><strong>ut</strong></span> <span class='ocrx_word' id='word_1_386' title='bbox 967 3265 1087 3335; x_wconf 90' lang='lat' dir='ltr'><strong>plus</strong></span> <span class='ocrx_word' id='word_1_387' title='bbox 1116 3263 1316 3321; x_wconf 90' lang='lat' dir='ltr'><strong>faciant</strong></span> <span class='ocrx_word' id='word_1_388' title='bbox 1345 3267 1434 3323; x_wconf 91' lang='lat' dir='ltr'><strong>alii</strong></span> <span class='ocrx_word' id='word_1_389' title='bbox 1462 3284 1624 3340; x_wconf 89' lang='lat' dir='ltr'><strong>quam</strong></span> <span class='ocrx_word' id='word_1_390' title='bbox 1651 3273 1907 3342; x_wconf 81' lang='lat' dir='ltr'><strong>przeeepit</strong></span> <span class='ocrx_word' id='word_1_391' title='bbox 1932 3274 2151 3341; x_wconf 87' lang='lat' dir='ltr'><strong>bonum,</strong></span> 
     </span>
    </p>
   </div>
   <div class='ocr_carea' id='block_1_49' title="bbox 565 3357 2149 3434">
    <p class='ocr_par' dir='ltr' id='par_1_49' title="bbox 565 3357 2149 3434">
     <span class='ocr_line' id='line_1_49' title="bbox 565 3357 2149 3434; baseline 0.008 -25"><span class='ocrx_word' id='word_1_392' title='bbox 565 3367 634 3409; x_wconf 80' lang='lat' dir='ltr'><strong>ex</strong></span> <span class='ocrx_word' id='word_1_393' title='bbox 659 3371 767 3425; x_wconf 89' lang='lat' dir='ltr'><strong>quo</strong></span> <span class='ocrx_word' id='word_1_394' title='bbox 793 3357 956 3411; x_wconf 92' lang='lat' dir='ltr'><strong>etiam</strong></span> <span class='ocrx_word' id='word_1_395' title='bbox 979 3358 1098 3429; x_wconf 90' lang='lat' dir='ltr'><strong>plus</strong></span> <span class='ocrx_word' id='word_1_396' title='bbox 1118 3357 1316 3415; x_wconf 78' lang='lat' dir='ltr'><strong>faciant</strong></span> <span class='ocrx_word' id='word_1_397' title='bbox 1345 3361 1435 3416; x_wconf 91' lang='lat' dir='ltr'><strong>alii</strong></span> <span class='ocrx_word' id='word_1_398' title='bbox 1463 3377 1623 3431; x_wconf 85' lang='lat' dir='ltr'><strong>quam</strong></span> <span class='ocrx_word' id='word_1_399' title='bbox 1652 3364 1904 3434; x_wconf 87' lang='lat' dir='ltr'><strong>prohibet</strong></span> <span class='ocrx_word' id='word_1_400' title='bbox 1931 3367 2149 3422; x_wconf 89' lang='lat' dir='ltr'><strong>malum.</strong></span> 
     </span>
    </p>
   </div>
   <div class='ocr_carea' id='block_1_50' title="bbox 564 3444 2155 3528">
    <p class='ocr_par' dir='ltr' id='par_1_50' title="bbox 564 3444 2155 3528">
     <span class='ocr_line' id='line_1_50' title="bbox 564 3444 2155 3528; baseline 0.009 -28"><span class='ocrx_word' id='word_1_401' title='bbox 564 3444 752 3503; x_wconf 86' lang='lat' dir='ltr'><strong>Manus</strong></span> <span class='ocrx_word' id='word_1_402' title='bbox 797 3450 940 3504; x_wconf 91' lang='lat' dir='ltr'><strong>enim</strong></span> <span class='ocrx_word' id='word_1_403' title='bbox 966 3465 1088 3520; x_wconf 72' lang='lat' dir='ltr'><strong>qua:</strong></span> <span class='ocrx_word' id='word_1_404' title='bbox 1136 3453 1438 3523; x_wconf 87' lang='lat' dir='ltr'><strong>exspoliare</strong></span> <span class='ocrx_word' id='word_1_405' title='bbox 1490 3463 1671 3525; x_wconf 87' lang='lat' dir='ltr'><strong>potest</strong></span> <span class='ocrx_word' id='word_1_406' title='bbox 1711 3458 1964 3513; x_wconf 89' lang='lat' dir='ltr'><strong>vestitum</strong></span> <span class='ocrx_word' id='word_1_407' title='bbox 2011 3460 2155 3528; x_wconf 91' lang='lat' dir='ltr'><strong>quod</strong></span> 
     </span>
    </p>
   </div>
   <div class='ocr_carea' id='block_1_51' title="bbox 563 3539 2155 3623">
    <p class='ocr_par' dir='ltr' id='par_1_51' title="bbox 563 3539 2155 3623">
     <span class='ocr_line' id='line_1_51' title="bbox 563 3539 2155 3623; baseline 0.01 -31"><span class='ocrx_word' id='word_1_408' title='bbox 563 3540 815 3609; x_wconf 88' lang='lat' dir='ltr'><strong>prohibet</strong></span> <span class='ocrx_word' id='word_1_409' title='bbox 840 3539 1001 3607; x_wconf 89' lang='lat' dir='ltr'><strong>Dens,</strong></span> <span class='ocrx_word' id='word_1_410' title='bbox 1034 3542 1147 3599; x_wconf 64' lang='lat' dir='ltr'><strong>haec</strong></span> <span class='ocrx_word' id='word_1_411' title='bbox 1171 3546 1369 3601; x_wconf 89' lang='lat' dir='ltr'><strong>vestire</strong></span> <span class='ocrx_word' id='word_1_412' title='bbox 1398 3555 1577 3617; x_wconf 88' lang='lat' dir='ltr'><strong>potest</strong></span> <span class='ocrx_word' id='word_1_413' title='bbox 1605 3549 1807 3604; x_wconf 91' lang='lat' dir='ltr'><strong>nudum</strong></span> <span class='ocrx_word' id='word_1_414' title='bbox 1837 3552 1983 3621; x_wconf 88' lang='lat' dir='ltr'><strong>quod</strong></span> <span class='ocrx_word' id='word_1_415' title='bbox 2015 3568 2155 3623; x_wconf 61' lang='lat' dir='ltr'><strong>prae-</strong></span> 
     </span>
    </p>
   </div>
   <div class='ocr_carea' id='block_1_52' title="bbox 565 3632 2155 3712">
    <p class='ocr_par' dir='ltr' id='par_1_52' title="bbox 565 3632 2155 3712">
     <span class='ocr_line' id='line_1_52' title="bbox 565 3632 2155 3712; baseline 0.01 -28"><span class='ocrx_word' id='word_1_416' title='bbox 565 3632 709 3700; x_wconf 83' lang='lat' dir='ltr'><strong>cepit</strong></span> <span class='ocrx_word' id='word_1_417' title='bbox 737 3632 896 3687; x_wconf 91' lang='lat' dir='ltr'><strong>Deus.</strong></span> <span class='ocrx_word' id='word_1_418' title='bbox 920 3634 1056 3701; x_wconf 86' lang='lat' dir='ltr'><strong>Quid</strong></span> <span class='ocrx_word' id='word_1_419' title='bbox 1078 3644 1137 3689; x_wconf 89' lang='lat' dir='ltr'><strong>tu</strong></span> <span class='ocrx_word' id='word_1_420' title='bbox 1157 3636 1328 3691; x_wconf 81' lang='lat' dir='ltr'><strong>dicis?</strong></span> <span class='ocrx_word' id='word_1_421' title='bbox 1357 3653 1461 3692; x_wconf 90' lang='lat' dir='ltr'><strong>una</strong></span> <span class='ocrx_word' id='word_1_422' title='bbox 1483 3655 1674 3695; x_wconf 88' lang='lat' dir='ltr'><strong>manus</strong></span> <span class='ocrx_word' id='word_1_423' title='bbox 1694 3650 1778 3697; x_wconf 91' lang='lat' dir='ltr'><strong>est</strong></span> <span class='ocrx_word' id='word_1_424' title='bbox 1804 3657 1924 3712; x_wconf 74' lang='lat' dir='ltr'><strong>qum</strong></span> <span class='ocrx_word' id='word_1_425' title='bbox 1954 3645 2155 3699; x_wconf 89' lang='lat' dir='ltr'><strong>nudum</strong></span> 
     </span>
    </p>
   </div>
   <div class='ocr_carea' id='block_1_53' title="bbox 564 3724 2155 3806">
    <p class='ocr_par' dir='ltr' id='par_1_53' title="bbox 564 3724 2155 3806">
     <span class='ocr_line' id='line_1_53' title="bbox 564 3724 2155 3806; baseline 0.009 -29"><span class='ocrx_word' id='word_1_426' title='bbox 564 3724 799 3787; x_wconf 89' lang='lat' dir='ltr'><strong>vestivit,</strong></span> <span class='ocrx_word' id='word_1_427' title='bbox 825 3734 880 3779; x_wconf 91' lang='lat' dir='ltr'><strong>et</strong></span> <span class='ocrx_word' id='word_1_428' title='bbox 906 3736 1024 3795; x_wconf 60' lang='lat' dir='ltr'><strong>quas</strong></span> <span class='ocrx_word' id='word_1_429' title='bbox 1051 3728 1509 3806; x_wconf 85' lang='lat' dir='ltr'><strong>vestitum_exuit;</strong></span> <span class='ocrx_word' id='word_1_430' title='bbox 1541 3732 1788 3801; x_wconf 76' lang='lat' dir='ltr'><strong>culpatur</strong></span> <span class='ocrx_word' id='word_1_431' title='bbox 1809 3750 1930 3789; x_wconf 91' lang='lat' dir='ltr'><strong>eum</strong></span> <span class='ocrx_word' id='word_1_432' title='bbox 1960 3750 2155 3806; x_wconf 70' lang='lat' dir='ltr'><strong>exspo-</strong></span> 
     </span>
    </p>
   </div>
   <div class='ocr_carea' id='block_1_54' title="bbox 562 3804 2155 3898">
    <p class='ocr_par' dir='ltr' id='par_1_54' title="bbox 562 3804 2155 3898">
     <span class='ocr_line' id='line_1_54' title="bbox 562 3804 2155 3898; baseline 0.009 -27"><span class='ocrx_word' id='word_1_433' title='bbox 562 3816 879 3887; x_wconf 76' lang='lat' dir='ltr'><strong>liavit,.Quia</strong></span> <span class='ocrx_word' id='word_1_434' title='bbox 902 3819 1101 3874; x_wconf 88' lang='lat' dir='ltr'><strong>vestire</strong></span> <span class='ocrx_word' id='word_1_435' title='bbox 1119 3804 1329 3891; x_wconf 63' lang='lat' dir='ltr'><strong>potuit;</strong></span> <span class='ocrx_word' id='word_1_436' title='bbox 1361 3822 1610 3879; x_wconf 86' lang='lat' dir='ltr'><strong>laudatur</strong></span> <span class='ocrx_word' id='word_1_437' title='bbox 1629 3812 1751 3880; x_wconf 87' lang='lat' dir='ltr'><strong>cum</strong></span> <span class='ocrx_word' id='word_1_438' title='bbox 1773 3828 2005 3893; x_wconf 88' lang='lat' dir='ltr'><strong>vestivit,</strong></span> <span class='ocrx_word' id='word_1_439' title='bbox 2029 3804 2155 3898; x_wconf 76' lang='lat' dir='ltr'><strong>quia</strong></span> 
     </span>
    </p>
   </div>
   <div class='ocr_carea' id='block_1_55' title="bbox 563 3908 2154 3986">
    <p class='ocr_par' dir='ltr' id='par_1_55' title="bbox 563 3908 2154 3986">
     <span class='ocr_line' id='line_1_55' title="bbox 563 3908 2154 3986; baseline 0.008 -22"><span class='ocrx_word' id='word_1_440' title='bbox 563 3912 736 3981; x_wconf 90' lang='lat' dir='ltr'><strong>potuit</strong></span> <span class='ocrx_word' id='word_1_441' title='bbox 763 3911 1055 3967; x_wconf 89' lang='lat' dir='ltr'><strong>denudare.</strong></span> <span class='ocrx_word' id='word_1_442' title='bbox 1091 3908 1244 3969; x_wconf 86' lang='lat' dir='ltr'><strong>Tolle</strong></span> <span class='ocrx_word' id='word_1_443' title='bbox 1273 3915 1549 3986; x_wconf 87' lang='lat' dir='ltr'><strong>utriusque</strong></span> <span class='ocrx_word' id='word_1_444' title='bbox 1576 3917 1657 3972; x_wconf 91' lang='lat' dir='ltr'><strong>rei</strong></span> <span class='ocrx_word' id='word_1_445' title='bbox 1697 3919 1977 3975; x_wconf 87' lang='lat' dir='ltr'><strong>arbitrium</strong></span> <span class='ocrx_word' id='word_1_446' title='bbox 2018 3922 2154 3978; x_wconf 86' lang='lat' dir='ltr'><strong>libe-</strong></span> 
     </span>
    </p>
   </div>
   <div class='ocr_carea' id='block_1_56' title="bbox 560 4005 2156 4083">
    <p class='ocr_par' dir='ltr' id='par_1_56' title="bbox 560 4005 2156 4083">
     <span class='ocr_line' id='line_1_56' title="bbox 560 4005 2156 4083; baseline 0.008 -27"><span class='ocrx_word' id='word_1_447' title='bbox 560 4014 716 4070; x_wconf 88' lang='lat' dir='ltr'><strong>rum,</strong></span> <span class='ocrx_word' id='word_1_448' title='bbox 749 4010 803 4058; x_wconf 89' lang='lat' dir='ltr'><strong>et</strong></span> <span class='ocrx_word' id='word_1_449' title='bbox 849 4019 1024 4074; x_wconf 89' lang='lat' dir='ltr'><strong>neque</strong></span> <span class='ocrx_word' id='word_1_450' title='bbox 1052 4009 1122 4061; x_wconf 73' lang='lat' dir='ltr'><strong>ex</strong></span> <span class='ocrx_word' id='word_1_451' title='bbox 1146 4005 1280 4060; x_wconf 90' lang='lat' dir='ltr'><strong>vitio</strong></span> <span class='ocrx_word' id='word_1_452' title='bbox 1327 4006 1539 4077; x_wconf 89' lang='lat' dir='ltr'><strong>culpam</strong></span> <span class='ocrx_word' id='word_1_453' title='bbox 1585 4009 1836 4076; x_wconf 88' lang='lat' dir='ltr'><strong>incurrit,</strong></span> <span class='ocrx_word' id='word_1_454' title='bbox 1885 4027 2060 4083; x_wconf 87' lang='lat' dir='ltr'><strong>neque</strong></span> <span class='ocrx_word' id='word_1_455' title='bbox 2087 4030 2156 4070; x_wconf 88' lang='lat' dir='ltr'><strong>ex</strong></span> 
     </span>
    </p>
   </div>
   <div class='ocr_carea' id='block_1_57' title="bbox 562 4096 2155 4174">
    <p class='ocr_par' dir='ltr' id='par_1_57' title="bbox 562 4096 2155 4174">
     <span class='ocr_line' id='line_1_57' title="bbox 562 4096 2155 4174; baseline 0.008 -25"><span class='ocrx_word' id='word_1_456' title='bbox 562 4096 759 4152; x_wconf 86' lang='lat' dir='ltr'><strong>virtute</strong></span> <span class='ocrx_word' id='word_1_457' title='bbox 808 4097 1022 4152; x_wconf 86' lang='lat' dir='ltr'><strong>laudem</strong></span> <span class='ocrx_word' id='word_1_458' title='bbox 1069 4099 1317 4167; x_wconf 90' lang='lat' dir='ltr'><strong>acquirit.</strong></span> <span class='ocrx_word' id='word_1_459' title='bbox 1349 4098 1420 4155; x_wconf 89' lang='lat' dir='ltr'><strong>Ut</strong></span> <span class='ocrx_word' id='word_1_460' title='bbox 1464 4109 1646 4157; x_wconf 85' lang='lat' dir='ltr'><strong>autem</strong></span> <span class='ocrx_word' id='word_1_461' title='bbox 1692 4103 2008 4174; x_wconf 85' lang='lat' dir='ltr'><strong>dispungam</strong></span> <span class='ocrx_word' id='word_1_462' title='bbox 2057 4107 2155 4162; x_wconf 91' lang='lat' dir='ltr'><strong>tibi</strong></span> 
     </span>
    </p>
   </div>
   <div class='ocr_carea' id='block_1_58' title="bbox 563 4185 2156 4261">
    <p class='ocr_par' dir='ltr' id='par_1_58' title="bbox 563 4185 2156 4261">
     <span class='ocr_line' id='line_1_58' title="bbox 563 4185 2156 4261; baseline 0.01 -20"><span class='ocrx_word' id='word_1_463' title='bbox 563 4185 867 4249; x_wconf 81' lang='lat' dir='ltr'><strong>libertatem</strong></span> <span class='ocrx_word' id='word_1_464' title='bbox 896 4189 1134 4253; x_wconf 89' lang='lat' dir='ltr'><strong>arbitrii,</strong></span> <span class='ocrx_word' id='word_1_465' title='bbox 1167 4192 1448 4246; x_wconf 90' lang='lat' dir='ltr'><strong>arbitrium</strong></span> <span class='ocrx_word' id='word_1_466' title='bbox 1477 4195 1530 4247; x_wconf 91' lang='lat' dir='ltr'><strong>in</strong></span> <span class='ocrx_word' id='word_1_467' title='bbox 1561 4196 1738 4250; x_wconf 89' lang='lat' dir='ltr'><strong>anima</strong></span> <span class='ocrx_word' id='word_1_468' title='bbox 1786 4207 1867 4252; x_wconf 90' lang='lat' dir='ltr'><strong>est</strong></span> <span class='ocrx_word' id='word_1_469' title='bbox 1886 4237 1900 4261; x_wconf 91' lang='lat'><strong>,</strong></span> <span class='ocrx_word' id='word_1_470' title='bbox 1933 4199 2156 4257; x_wconf 90' lang='lat' dir='ltr'><strong>libertas</strong></span> 
     </span>
    </p>
   </div>
   <div class='ocr_carea' id='block_1_59' title="bbox 564 4275 2155 4355">
    <p class='ocr_par' dir='ltr' id='par_1_59' title="bbox 564 4275 2155 4355">
     <span class='ocr_line' id='line_1_59' title="bbox 564 4275 2155 4355; baseline 0.011 -27"><span class='ocrx_word' id='word_1_471' title='bbox 564 4275 619 4329; x_wconf 91' lang='lat' dir='ltr'><strong>in</strong></span> <span class='ocrx_word' id='word_1_472' title='bbox 648 4290 896 4344; x_wconf 90' lang='lat' dir='ltr'><strong>corpore.</strong></span> <span class='ocrx_word' id='word_1_473' title='bbox 930 4275 1176 4333; x_wconf 87' lang='lat' dir='ltr'><strong>Libertas</strong></span> <span class='ocrx_word' id='word_1_474' title='bbox 1204 4281 1321 4335; x_wconf 90' lang='lat' dir='ltr'><strong>sine</strong></span> <span class='ocrx_word' id='word_1_475' title='bbox 1359 4280 1580 4338; x_wconf 88' lang='lat' dir='ltr'><strong>arbitrio</strong></span> <span class='ocrx_word' id='word_1_476' title='bbox 1627 4301 1735 4339; x_wconf 91' lang='lat' dir='ltr'><strong>non</strong></span> <span class='ocrx_word' id='word_1_477' title='bbox 1783 4275 2004 4355; x_wconf 69' lang='lat' dir='ltr'><strong>peccat,</strong></span> <span class='ocrx_word' id='word_1_478' title='bbox 2033 4306 2155 4347; x_wconf 90' lang='lat' dir='ltr'><strong>cum</strong></span> 
     </span>
    </p>
   </div>
   <div class='ocr_carea' id='block_1_60' title="bbox 566 4360 2156 4451">
    <p class='ocr_par' dir='ltr' id='par_1_60' title="bbox 566 4360 2156 4451">
     <span class='ocr_line' id='line_1_60' title="bbox 566 4360 2156 4451; baseline 0.01 -29"><span class='ocrx_word' id='word_1_479' title='bbox 566 4367 845 4423; x_wconf 88' lang='lat' dir='ltr'><strong>arbitrium</strong></span> <span class='ocrx_word' id='word_1_480' title='bbox 867 4368 984 4424; x_wconf 90' lang='lat' dir='ltr'><strong>sine</strong></span> <span class='ocrx_word' id='word_1_481' title='bbox 1005 4369 1252 4427; x_wconf 89' lang='lat' dir='ltr'><strong>libertate</strong></span> <span class='ocrx_word' id='word_1_482' title='bbox 1272 4360 1568 4443; x_wconf 86' lang='lat' dir='ltr'><strong>delinquat.</strong></span> <span class='ocrx_word' id='word_1_483' title='bbox 1592 4374 1835 4446; x_wconf 92' lang='lat' dir='ltr'><strong>Denique</strong></span> <span class='ocrx_word' id='word_1_484' title='bbox 1856 4380 1901 4434; x_wconf 91' lang='lat' dir='ltr'><strong>si</strong></span> <span class='ocrx_word' id='word_1_485' title='bbox 1922 4381 2156 4451; x_wconf 89' lang='lat' dir='ltr'><strong>aliquem</strong></span> 
     </span>
    </p>
   </div>
   <div class='ocr_carea' id='block_1_61' title="bbox 565 4457 2153 4530">
    <p class='ocr_par' dir='ltr' id='par_1_61' title="bbox 565 4457 2153 4530">
     <span class='ocr_line' id='line_1_61' title="bbox 565 4457 2153 4530; baseline 0.011 -17"><span class='ocrx_word' id='word_1_486' title='bbox 565 4457 736 4514; x_wconf 88' lang='lat' dir='ltr'><strong>furem</strong></span> <span class='ocrx_word' id='word_1_487' title='bbox 766 4460 1003 4515; x_wconf 89' lang='lat' dir='ltr'><strong>tenueris</strong></span> <span class='ocrx_word' id='word_1_488' title='bbox 1030 4462 1290 4529; x_wconf 88' lang='lat' dir='ltr'><strong>clausum,</strong></span> <span class='ocrx_word' id='word_1_489' title='bbox 1321 4464 1624 4521; x_wconf 88' lang='lat' dir='ltr'><strong>libertatem</strong></span> <span class='ocrx_word' id='word_1_490' title='bbox 1651 4468 1702 4523; x_wconf 91' lang='lat' dir='ltr'><strong>ei</strong></span> <span class='ocrx_word' id='word_1_491' title='bbox 1730 4468 1940 4527; x_wconf 91' lang='lat' dir='ltr'><strong>furandi</strong></span> <span class='ocrx_word' id='word_1_492' title='bbox 1968 4472 1995 4510; x_wconf 74' lang='grc' dir='ltr'><strong>ἀ</strong></span> <span class='ocrx_word' id='word_1_493' title='bbox 2027 4475 2153 4530; x_wconf 84' lang='lat' dir='ltr'><strong>tuli-</strong></span> 
     </span>
    </p>
   </div>
   <div class='ocr_carea' id='block_1_62' title="bbox 566 4550 2151 4632">
    <p class='ocr_par' dir='ltr' id='par_1_62' title="bbox 566 4550 2151 4632">
     <span class='ocr_line' id='line_1_62' title="bbox 566 4550 2151 4632; baseline 0.01 -28"><span class='ocrx_word' id='word_1_494' title='bbox 566 4551 666 4616; x_wconf 88' lang='lat' dir='ltr'><strong>sti,</strong></span> <span class='ocrx_word' id='word_1_495' title='bbox 697 4550 979 4606; x_wconf 89' lang='lat' dir='ltr'><strong>arbitrium</strong></span> <span class='ocrx_word' id='word_1_496' title='bbox 1010 4567 1118 4607; x_wconf 93' lang='lat' dir='ltr'><strong>non</strong></span> <span class='ocrx_word' id='word_1_497' title='bbox 1149 4554 1349 4620; x_wconf 89' lang='lat' dir='ltr'><strong>tulisti;</strong></span> <span class='ocrx_word' id='word_1_498' title='bbox 1399 4571 1590 4612; x_wconf 86' lang='lat' dir='ltr'><strong>manus</strong></span> <span class='ocrx_word' id='word_1_499' title='bbox 1628 4559 1770 4614; x_wconf 91' lang='lat' dir='ltr'><strong>enim</strong></span> <span class='ocrx_word' id='word_1_500' title='bbox 1812 4561 1928 4631; x_wconf 91' lang='lat' dir='ltr'><strong>ejus</strong></span> <span class='ocrx_word' id='word_1_501' title='bbox 1955 4563 2151 4632; x_wconf 85' lang='lat' dir='ltr'><strong>ligasti,</strong></span> 
     </span>
    </p>
   </div>
   <div class='ocr_carea' id='block_1_63' title="bbox 565 4643 2154 4718">
    <p class='ocr_par' dir='ltr' id='par_1_63' title="bbox 565 4643 2154 4718">
     <span class='ocr_line' id='line_1_63' title="bbox 565 4643 2154 4718; baseline 0.008 -18"><span class='ocrx_word' id='word_1_502' title='bbox 565 4657 674 4700; x_wconf 91' lang='lat' dir='ltr'><strong>non</strong></span> <span class='ocrx_word' id='word_1_503' title='bbox 700 4652 958 4700; x_wconf 88' lang='lat' dir='ltr'><strong>mentem.</strong></span> <span class='ocrx_word' id='word_1_504' title='bbox 982 4643 1042 4700; x_wconf 92' lang='lat' dir='ltr'><strong>Si</strong></span> <span class='ocrx_word' id='word_1_505' title='bbox 1070 4660 1243 4702; x_wconf 68' lang='lat' dir='ltr'><strong>aecus</strong></span> <span class='ocrx_word' id='word_1_506' title='bbox 1270 4644 1363 4701; x_wconf 84' lang='lat' dir='ltr'><strong>ﬁat</strong></span> <span class='ocrx_word' id='word_1_507' title='bbox 1390 4647 1603 4718; x_wconf 83' lang='lat' dir='ltr'><strong>aliquis,</strong></span> <span class='ocrx_word' id='word_1_508' title='bbox 1636 4666 1756 4706; x_wconf 82' lang='lat' dir='ltr'><strong>cum</strong></span> <span class='ocrx_word' id='word_1_509' title='bbox 1787 4664 1931 4709; x_wconf 92' lang='lat' dir='ltr'><strong>esset</strong></span> <span class='ocrx_word' id='word_1_510' title='bbox 1956 4672 2154 4711; x_wconf 88' lang='lat' dir='ltr'><strong>concu-</strong></span> 
     </span>
    </p>
   </div>
   <div class='ocr_carea' id='block_1_64' title="bbox 564 4718 2154 4812">
    <p class='ocr_par' dir='ltr' id='par_1_64' title="bbox 564 4718 2154 4812">
     <span class='ocr_line' id='line_1_64' title="bbox 564 4718 2154 4812; baseline 0.008 -21"><span class='ocrx_word' id='word_1_511' title='bbox 564 4718 840 4809; x_wconf 84' lang='lat' dir='ltr'><strong>piscentiis</strong></span> <span class='ocrx_word' id='word_1_512' title='bbox 866 4734 1080 4792; x_wconf 90' lang='lat' dir='ltr'><strong>deditus</strong></span> <span class='ocrx_word' id='word_1_513' title='bbox 1110 4738 1406 4804; x_wconf 93' lang='lat' dir='ltr'><strong>oculorum,</strong></span> <span class='ocrx_word' id='word_1_514' title='bbox 1440 4738 1659 4797; x_wconf 87' lang='lat' dir='ltr'><strong>libertas</strong></span> <span class='ocrx_word' id='word_1_515' title='bbox 1703 4744 1919 4812; x_wconf 89' lang='lat' dir='ltr'><strong>quidem</strong></span> <span class='ocrx_word' id='word_1_516' title='bbox 1965 4747 2154 4803; x_wconf 91' lang='lat' dir='ltr'><strong>oculo-</strong></span> 
     </span>
    </p>
   </div>
   <div class='ocr_carea' id='block_1_65' title="bbox 564 4828 2151 4906">
    <p class='ocr_par' dir='ltr' id='par_1_65' title="bbox 564 4828 2151 4906">
     <span class='ocr_line' id='line_1_65' title="bbox 564 4828 2151 4906; baseline 0.005 -22"><span class='ocrx_word' id='word_1_517' title='bbox 564 4836 687 4884; x_wconf 85' lang='lat' dir='ltr'><strong>rum</strong></span> <span class='ocrx_word' id='word_1_518' title='bbox 714 4828 831 4898; x_wconf 90' lang='lat' dir='ltr'><strong>ejus</strong></span> <span class='ocrx_word' id='word_1_519' title='bbox 858 4837 940 4884; x_wconf 90' lang='lat' dir='ltr'><strong>est</strong></span> <span class='ocrx_word' id='word_1_520' title='bbox 965 4830 1163 4894; x_wconf 87' lang='lat' dir='ltr'><strong>vincta,</strong></span> <span class='ocrx_word' id='word_1_521' title='bbox 1195 4830 1471 4886; x_wconf 90' lang='lat' dir='ltr'><strong>arbitrium</strong></span> <span class='ocrx_word' id='word_1_522' title='bbox 1494 4831 1547 4886; x_wconf 91' lang='lat' dir='ltr'><strong>in</strong></span> <span class='ocrx_word' id='word_1_523' title='bbox 1565 4848 1666 4889; x_wconf 89' lang='lat' dir='ltr'><strong>suo</strong></span> <span class='ocrx_word' id='word_1_524' title='bbox 1682 4833 1803 4902; x_wconf 88' lang='lat' dir='ltr'><strong>jure</strong></span> <span class='ocrx_word' id='word_1_525' title='bbox 1823 4839 2151 4906; x_wconf 87' lang='lat' dir='ltr'><strong>permansit;</strong></span> 
     </span>
    </p>
   </div>
   <div class='ocr_carea' id='block_1_66' title="bbox 565 4919 2156 4994">
    <p class='ocr_par' dir='ltr' id='par_1_66' title="bbox 565 4919 2156 4994">
     <span class='ocr_line' id='line_1_66' title="bbox 565 4919 2156 4994; baseline 0.01 -22"><span class='ocrx_word' id='word_1_526' title='bbox 565 4919 732 4973; x_wconf 85' lang='lat' dir='ltr'><strong>animi</strong></span> <span class='ocrx_word' id='word_1_527' title='bbox 760 4921 900 4974; x_wconf 91' lang='lat' dir='ltr'><strong>cnim</strong></span> <span class='ocrx_word' id='word_1_528' title='bbox 930 4920 1191 4976; x_wconf 89' lang='lat' dir='ltr'><strong>arbitratu</strong></span> <span class='ocrx_word' id='word_1_529' title='bbox 1210 4924 1657 4994; x_wconf 86' lang='lat' dir='ltr'><strong>concupiscentiis</strong></span> <span class='ocrx_word' id='word_1_530' title='bbox 1677 4935 1975 4983; x_wconf 73' lang='lat' dir='ltr'><strong>exercetur.</strong></span> <span class='ocrx_word' id='word_1_531' title='bbox 2005 4928 2156 4988; x_wconf 87' lang='lat' dir='ltr'><strong>Unde</strong></span> 
     </span>
    </p>
   </div>
   <div class='ocr_carea' id='block_1_67' title="bbox 564 5014 2151 5093">
    <p class='ocr_par' dir='ltr' id='par_1_67' title="bbox 564 5014 2151 5093">
     <span class='ocr_line' id='line_1_67' title="bbox 564 5014 2151 5093; baseline 0.01 -26"><span class='ocrx_word' id='word_1_532' title='bbox 564 5020 634 5093; x_wconf 34' lang='lat' dir='ltr'><strong>etA</strong></span> <span class='ocrx_word' id='word_1_533' title='bbox 649 5028 760 5068; x_wconf 91' lang='lat' dir='ltr'><strong>non</strong></span> <span class='ocrx_word' id='word_1_534' title='bbox 789 5014 1144 5070; x_wconf 70' lang='lat' dir='ltr'><strong>mmehantem</strong></span> <span class='ocrx_word' id='word_1_535' title='bbox 1182 5017 1451 5074; x_wconf 74' lang='lat' dir='ltr'><strong>mtechum</strong></span> <span class='ocrx_word' id='word_1_536' title='bbox 1479 5016 1727 5077; x_wconf 89' lang='lat' dir='ltr'><strong>Christus</strong></span> <span class='ocrx_word' id='word_1_537' title='bbox 1766 5022 2000 5093; x_wconf 90' lang='lat' dir='ltr'><strong>appellat</strong></span> <span class='ocrx_word' id='word_1_538' title='bbox 2027 5040 2151 5083; x_wconf 90' lang='lat' dir='ltr'><strong>eum</strong></span> 
     </span>
    </p>
   </div>
   <div class='ocr_carea' id='block_1_68' title="bbox 565 5088 2148 5188">
    <p class='ocr_par' dir='ltr' id='par_1_68' title="bbox 565 5088 2148 5188">
     <span class='ocr_line' id='line_1_68' title="bbox 565 5088 2148 5188; baseline 0.009 -28"><span class='ocrx_word' id='word_1_539' title='bbox 565 5088 662 5176; x_wconf 76' lang='grc' dir='ltr'><strong>(ιΰί</strong></span> <span class='ocrx_word' id='word_1_540' title='bbox 688 5106 758 5162; x_wconf 90' lang='lat' dir='ltr'><strong>ad</strong></span> <span class='ocrx_word' id='word_1_541' title='bbox 785 5107 1270 5177; x_wconf 88' lang='lat' dir='ltr'><strong>concupiscendum</strong></span> <span class='ocrx_word' id='word_1_542' title='bbox 1301 5111 1496 5166; x_wconf 90' lang='lat' dir='ltr'><strong>viderit</strong></span> <span class='ocrx_word' id='word_1_543' title='bbox 1523 5088 1816 5170; x_wconf 45' lang='lat' dir='ltr'><strong>mulierem-</strong></span> <span class='ocrx_word' id='word_1_544' title='bbox 1872 5116 2062 5173; x_wconf 79' lang='lat' dir='ltr'><strong>Matth.</strong></span> <span class='ocrx_word' id='word_1_545' title='bbox 2095 5136 2148 5187; x_wconf 92' lang='lat' dir='ltr'><strong>v,</strong></span> 
     </span>
    </p>
   </div>
   <div class='ocr_carea' id='block_1_69' title="bbox 563 5195 2153 5267">
    <p class='ocr_par' dir='ltr' id='par_1_69' title="bbox 563 5195 2153 5267">
     <span class='ocr_line' id='line_1_69' title="bbox 563 5195 2153 5267; baseline 0.01 -15"><span class='ocrx_word' id='word_1_546' title='bbox 563 5195 699 5265; x_wconf 69' lang='lat'><strong>28);</strong></span> <span class='ocrx_word' id='word_1_547' title='bbox 730 5198 1007 5254; x_wconf 89' lang='lat' dir='ltr'><strong>arbitrium</strong></span> <span class='ocrx_word' id='word_1_548' title='bbox 1036 5200 1179 5255; x_wconf 91' lang='lat' dir='ltr'><strong>enim</strong></span> <span class='ocrx_word' id='word_1_549' title='bbox 1207 5201 1390 5267; x_wconf 84' lang='lat' dir='ltr'><strong>habet,</strong></span> <span class='ocrx_word' id='word_1_550' title='bbox 1420 5203 1545 5260; x_wconf 89' lang='lat' dir='ltr'><strong>licet</strong></span> <span class='ocrx_word' id='word_1_551' title='bbox 1573 5221 1680 5261; x_wconf 90' lang='lat' dir='ltr'><strong>non</strong></span> <span class='ocrx_word' id='word_1_552' title='bbox 1709 5208 1907 5263; x_wconf 87' lang='lat' dir='ltr'><strong>habeat</strong></span> <span class='ocrx_word' id='word_1_553' title='bbox 1934 5210 2153 5267; x_wconf 77' lang='lat' dir='ltr'><strong>liberta-</strong></span> 
     </span>
    </p>
   </div>
   <div class='ocr_carea' id='block_1_70' title="bbox 565 5289 2150 5368">
    <p class='ocr_par' dir='ltr' id='par_1_70' title="bbox 565 5289 2150 5368">
     <span class='ocr_line' id='line_1_70' title="bbox 565 5289 2150 5368; baseline 0.009 -23"><span class='ocrx_word' id='word_1_554' title='bbox 565 5296 697 5345; x_wconf 80' lang='lat' dir='ltr'><strong>tem.</strong></span> <span class='ocrx_word' id='word_1_555' title='bbox 729 5289 816 5345; x_wconf 86' lang='lat' dir='ltr'><strong>Fit</strong></span> <span class='ocrx_word' id='word_1_556' title='bbox 842 5306 941 5362; x_wconf 77' lang='lat' dir='ltr'><strong>per</strong></span> <span class='ocrx_word' id='word_1_557' title='bbox 966 5291 1248 5348; x_wconf 87' lang='lat' dir='ltr'><strong>arbitrium</strong></span> <span class='ocrx_word' id='word_1_558' title='bbox 1276 5308 1430 5349; x_wconf 89' lang='lat' dir='ltr'><strong>suum</strong></span> <span class='ocrx_word' id='word_1_559' title='bbox 1458 5296 1575 5351; x_wconf 88' lang='lat' dir='ltr'><strong>sine</strong></span> <span class='ocrx_word' id='word_1_560' title='bbox 1602 5297 1744 5355; x_wconf 90' lang='lat' dir='ltr'><strong>facto</strong></span> <span class='ocrx_word' id='word_1_561' title='bbox 1774 5315 1925 5368; x_wconf 88' lang='lat' dir='ltr'><strong>reus;</strong></span> <span class='ocrx_word' id='word_1_562' title='bbox 1955 5304 2150 5359; x_wconf 87' lang='lat' dir='ltr'><strong>volun-</strong></span> 
     </span>
    </p>
   </div>
   <div class='ocr_carea' id='block_1_71' title="bbox 636 5497 2154 5583">
    <p class='ocr_par' dir='ltr' id='par_1_71' title="bbox 636 5497 2154 5583">
     <span class='ocr_line' id='line_1_71' title="bbox 636 5497 2154 5583; baseline 0.009 -31"><span class='ocrx_word' id='word_1_563' title='bbox 636 5505 668 5583; x_wconf 56' lang='grc' dir='ltr'><strong>ξ</strong></span> <span class='ocrx_word' id='word_1_564' title='bbox 693 5497 802 5583; x_wconf 58' lang='lat' dir='ltr'><strong>Ms.</strong></span> <span class='ocrx_word' id='word_1_565' title='bbox 824 5498 1359 5583; x_wconf 43' lang='lat' dir='ltr'><strong>Augie‘nseyarbitrii</strong></span> <span class='ocrx_word' id='word_1_566' title='bbox 1384 5511 1490 5557; x_wconf 83' lang='lat' dir='ltr'><strong>tam</strong></span> <span class='ocrx_word' id='word_1_567' title='bbox 1517 5504 1753 5577; x_wconf 89' lang='lat' dir='ltr'><strong>integra,</strong></span> <span class='ocrx_word' id='word_1_568' title='bbox 1800 5514 2006 5579; x_wconf 78' lang='lat' dir='ltr'><strong>tantque</strong></span> <span class='ocrx_word' id='word_1_569' title='bbox 2041 5527 2154 5581; x_wconf 88' lang='lat' dir='ltr'><strong>per-</strong></span> 
     </span>
    </p>
   </div>
   <div class='ocr_carea' id='block_1_72' title="bbox 564 5570 2147 5720">
    <p class='ocr_par' dir='ltr' id='par_1_72' title="bbox 564 5570 2147 5720">
     <span class='ocr_line' id='line_1_72' title="bbox 564 5570 2053 5643; baseline 0.003 -17"><span class='ocrx_word' id='word_1_570' title='bbox 564 5570 701 5643; x_wconf 68' lang='lat' dir='ltr'><strong>fecta</strong></span> <span class='ocrx_word' id='word_1_571' title='bbox 728 5578 803 5625; x_wconf 87' lang='lat' dir='ltr'><strong>est</strong></span> <span class='ocrx_word' id='word_1_572' title='bbox 831 5572 886 5624; x_wconf 91' lang='lat' dir='ltr'><strong>in</strong></span> <span class='ocrx_word' id='word_1_573' title='bbox 914 5570 1081 5625; x_wconf 89' lang='lat' dir='ltr'><strong>nobis.</strong></span> <span class='ocrx_word' id='word_1_574' title='bbox 1626 5570 1646 5577; x_wconf 66' lang='grc'><strong>⁷</strong></span> <span class='ocrx_word' id='word_1_575' title='bbox 1776 5624 1781 5629; x_wconf 85' lang='grc'><strong><em>,</em></strong></span> <span class='ocrx_word' id='word_1_576' title='bbox 1922 5570 1934 5579; x_wconf 86' lang='grc'><em>”</em></span> <span class='ocrx_word' id='word_1_577' title='bbox 2041 5570 2053 5581; x_wconf 85' lang='grc'><em>’</em></span> 
     </span>
     <span class='ocr_line' id='line_1_73' title="bbox 604 5639 2147 5720; baseline 0.008 -27"><span class='ocrx_word' id='word_1_578' title='bbox 604 5639 664 5720; x_wconf 27' lang='grc' dir='ltr'><strong>’δ</strong></span> <span class='ocrx_word' id='word_1_579' title='bbox 693 5639 790 5696; x_wconf 84' lang='lat' dir='ltr'><strong>Ms.</strong></span> <span class='ocrx_word' id='word_1_580' title='bbox 823 5640 965 5696; x_wconf 85' lang='lat' dir='ltr'><strong>idem</strong></span> <span class='ocrx_word' id='word_1_581' title='bbox 989 5660 1002 5694; x_wconf 88' lang='lat'>:</span> <span class='ocrx_word' id='word_1_582' title='bbox 1025 5640 1211 5696; x_wconf 82' lang='lat' dir='ltr'><strong>XXVI.</strong></span> <span class='ocrx_word' id='word_1_583' title='bbox 1242 5642 1542 5701; x_wconf 61' lang='lat' dir='ltr'><strong>ligneum.</strong></span> <span class='ocrx_word' id='word_1_584' title='bbox 1575 5644 1868 5701; x_wconf 70' lang='lat' dir='ltr'><strong>Excluditis</strong></span> <span class='ocrx_word' id='word_1_585' title='bbox 1903 5650 2147 5720; x_wconf 87' lang='lat' dir='ltr'><strong>gratiam,</strong></span> 
     </span>
    </p>
   </div>
   <div class='ocr_carea' id='block_1_73' title="bbox 564 5715 2038 5857">
    <p class='ocr_par' dir='ltr' id='par_1_73' title="bbox 564 5715 2038 5857">
     <span class='ocr_line' id='line_1_74' title="bbox 564 5715 2038 5857; baseline 0.007 -23"><span class='ocrx_word' id='word_1_586' title='bbox 564 5715 673 5857; x_wconf 48' lang='grc' dir='ltr'><strong>ξιξ.</strong></span> <span class='ocrx_word' id='word_1_587' title='bbox 692 5778 794 5857; x_wconf 50' lang='grc' dir='ltr'><strong>με.</strong></span> <span class='ocrx_word' id='word_1_588' title='bbox 825 5779 967 5857; x_wconf 81' lang='lat' dir='ltr'><strong>idem</strong></span> <span class='ocrx_word' id='word_1_589' title='bbox 993 5800 1004 5835; x_wconf 87' lang='lat'><strong>:</strong></span> <span class='ocrx_word' id='word_1_590' title='bbox 1029 5781 1340 5857; x_wconf 60' lang='lat' dir='ltr'><strong>(Iunoniet.</strong></span> <span class='ocrx_word' id='word_1_591' title='bbox 1371 5787 1557 5843; x_wconf 77' lang='lat' dir='ltr'><strong>Audite</strong></span> <span class='ocrx_word' id='word_1_592' title='bbox 1577 5750 1901 5857; x_wconf 79' lang='lat' dir='ltr'><strong>calumniosi,</strong></span> <span class='ocrx_word' id='word_1_593' title='bbox 1932 5796 2038 5847; x_wconf 90' lang='lat' dir='ltr'><strong>etc.</strong></span> 
     </span>
    </p>
   </div>
   <div class='ocr_carea' id='block_1_74' title="bbox 634 5846 1889 5918">
    <p class='ocr_par' dir='ltr' id='par_1_74' title="bbox 634 5846 1889 5918">
     <span class='ocr_line' id='line_1_75' title="bbox 634 5846 1889 5918; baseline -0.01 -10"><span class='ocrx_word' id='word_1_594' title='bbox 634 5846 663 5890; x_wconf 68' lang='grc' dir='ltr'><strong><em>ἀ</em></strong></span> <span class='ocrx_word' id='word_1_595' title='bbox 692 5847 793 5907; x_wconf 78' lang='lat' dir='ltr'><strong>Ms.</strong></span> <span class='ocrx_word' id='word_1_596' title='bbox 821 5850 986 5918; x_wconf 88' lang='lat' dir='ltr'><strong>idem,</strong></span> <span class='ocrx_word' id='word_1_597' title='bbox 1013 5852 1259 5911; x_wconf 79' lang='lat' dir='ltr'><strong>detulisti.</strong></span> <span class='ocrx_word' id='word_1_598' title='bbox 1886 5851 1889 5895; x_wconf 81' lang='lat'><strong>.‘</strong></span> 
     </span>
    </p>
   </div>
   <div class='ocr_carea' id='block_1_75' title="bbox 2184 4614 2233 4674">
    <p class='ocr_par' dir='ltr' id='par_1_75' title="bbox 2184 4614 2233 4674">
     <span class='ocr_line' id='line_1_76' title="bbox 2184 4614 2233 4674; baseline 0 0"><span class='ocrx_word' id='word_1_599' title='bbox 2184 4614 2233 4674; x_wconf 91' lang='lat' dir='ltr'><strong>D</strong></span> 
     </span>
    </p>
   </div>
   <div class='ocr_carea' id='block_1_76' title="bbox 2266 1974 3859 2048">
    <p class='ocr_par' dir='ltr' id='par_1_76' title="bbox 2266 1974 3859 2048">
     <span class='ocr_line' id='line_1_77' title="bbox 2266 1974 3859 2048; baseline -0.001 -16"><span class='ocrx_word' id='word_1_600' title='bbox 2266 1978 2612 2034; x_wconf 89' lang='lat' dir='ltr'><strong>miseratione</strong></span> <span class='ocrx_word' id='word_1_601' title='bbox 2635 1978 2828 2048; x_wconf 90' lang='lat' dir='ltr'><strong>dignus</strong></span> <span class='ocrx_word' id='word_1_602' title='bbox 2848 1976 3168 2043; x_wconf 89' lang='lat' dir='ltr'><strong>ostenditur,</strong></span> <span class='ocrx_word' id='word_1_603' title='bbox 3191 1990 3314 2032; x_wconf 90' lang='lat' dir='ltr'><strong>cum</strong></span> <span class='ocrx_word' id='word_1_604' title='bbox 3334 1974 3470 2030; x_wconf 83' lang='lat' dir='ltr'><strong>alios</strong></span> <span class='ocrx_word' id='word_1_605' title='bbox 3487 1974 3767 2030; x_wconf 82' lang='lat' dir='ltr'><strong>vocaverit</strong></span> <span class='ocrx_word' id='word_1_606' title='bbox 3795 1982 3859 2030; x_wconf 86' lang='lat' dir='ltr'><strong>et</strong></span> 
     </span>
    </p>
   </div>
   <div class='ocr_carea' id='block_1_77' title="bbox 2262 2067 3854 2140">
    <p class='ocr_par' dir='ltr' id='par_1_77' title="bbox 2262 2067 3854 2140">
     <span class='ocr_line' id='line_1_78' title="bbox 2262 2067 3854 2140; baseline -0.001 -15"><span class='ocrx_word' id='word_1_607' title='bbox 2262 2071 2404 2127; x_wconf 87' lang='lat' dir='ltr'><strong>hunc</strong></span> <span class='ocrx_word' id='word_1_608' title='bbox 2431 2072 2790 2127; x_wconf 87' lang='lat' dir='ltr'><strong>recusaverit?</strong></span> <span class='ocrx_word' id='word_1_609' title='bbox 2817 2070 3068 2138; x_wconf 82' lang='lat' dir='ltr'><strong>Immanis</strong></span> <span class='ocrx_word' id='word_1_610' title='bbox 3088 2068 3377 2126; x_wconf 84' lang='lat' dir='ltr'><strong>crudelitas</strong></span> <span class='ocrx_word' id='word_1_611' title='bbox 3399 2076 3501 2134; x_wconf 88' lang='lat' dir='ltr'><strong>est,</strong></span> <span class='ocrx_word' id='word_1_612' title='bbox 3524 2068 3569 2124; x_wconf 90' lang='lat' dir='ltr'><strong>si</strong></span> <span class='ocrx_word' id='word_1_613' title='bbox 3603 2067 3854 2140; x_wconf 89' lang='lat' dir='ltr'><strong>prohibi-</strong></span> 
     </span>
    </p>
   </div>
   <div class='ocr_carea' id='block_1_78' title="bbox 2261 2160 3855 2234">
    <p class='ocr_par' dir='ltr' id='par_1_78' title="bbox 2261 2160 3855 2234">
     <span class='ocr_line' id='line_1_79' title="bbox 2261 2160 3855 2234; baseline 0 -18"><span class='ocrx_word' id='word_1_614' title='bbox 2261 2168 2348 2217; x_wconf 88' lang='lat' dir='ltr'><strong>tus</strong></span> <span class='ocrx_word' id='word_1_615' title='bbox 2367 2170 2450 2218; x_wconf 89' lang='lat' dir='ltr'><strong>est</strong></span> <span class='ocrx_word' id='word_1_616' title='bbox 2476 2163 2742 2233; x_wconf 87' lang='lat' dir='ltr'><strong>prandere</strong></span> <span class='ocrx_word' id='word_1_617' title='bbox 2759 2179 2879 2219; x_wconf 90' lang='lat' dir='ltr'><strong>cum</strong></span> <span class='ocrx_word' id='word_1_618' title='bbox 2908 2160 3325 2234; x_wconf 88' lang='lat' dir='ltr'><strong>prandentibus;</strong></span> <span class='ocrx_word' id='word_1_619' title='bbox 3350 2168 3408 2216; x_wconf 89' lang='lat' dir='ltr'><strong>et</strong></span> <span class='ocrx_word' id='word_1_620' title='bbox 3425 2176 3521 2217; x_wconf 89' lang='lat' dir='ltr'><strong>cur</strong></span> <span class='ocrx_word' id='word_1_621' title='bbox 3548 2177 3653 2216; x_wconf 90' lang='lat' dir='ltr'><strong>non</strong></span> <span class='ocrx_word' id='word_1_622' title='bbox 3671 2165 3855 2232; x_wconf 85' lang='lat' dir='ltr'><strong>&#39;pran-</strong></span> 
     </span>
    </p>
   </div>
   <div class='ocr_carea' id='block_1_79' title="bbox 2260 2252 3850 2327">
    <p class='ocr_par' dir='ltr' id='par_1_79' title="bbox 2260 2252 3850 2327">
     <span class='ocr_line' id='line_1_80' title="bbox 2260 2252 3850 2327; baseline -0.001 -17"><span class='ocrx_word' id='word_1_623' title='bbox 2260 2255 2417 2320; x_wconf 90' lang='lat' dir='ltr'><strong>derit,</strong></span> <span class='ocrx_word' id='word_1_624' title='bbox 2441 2256 2509 2311; x_wconf 93' lang='lat' dir='ltr'><strong>ab</strong></span> <span class='ocrx_word' id='word_1_625' title='bbox 2537 2271 2604 2312; x_wconf 92' lang='lat' dir='ltr'><strong>eo</strong></span> <span class='ocrx_word' id='word_1_626' title='bbox 2622 2257 2713 2326; x_wconf 89' lang='lat' dir='ltr'><strong>qui</strong></span> <span class='ocrx_word' id='word_1_627' title='bbox 2734 2272 2857 2312; x_wconf 88' lang='lat' dir='ltr'><strong>eum</strong></span> <span class='ocrx_word' id='word_1_628' title='bbox 2884 2255 3046 2311; x_wconf 84' lang='lat' dir='ltr'><strong>simul</strong></span> <span class='ocrx_word' id='word_1_629' title='bbox 3062 2254 3326 2327; x_wconf 85' lang='lat' dir='ltr'><strong>prandere</strong></span> <span class='ocrx_word' id='word_1_630' title='bbox 3345 2253 3578 2309; x_wconf 86' lang='lat' dir='ltr'><strong>noluerit</strong></span> <span class='ocrx_word' id='word_1_631' title='bbox 3590 2252 3850 2323; x_wconf 80' lang='lat' dir='ltr'><strong>jubeatur</strong></span> 
     </span>
    </p>
   </div>
   <div class='ocr_carea' id='block_1_80' title="bbox 2262 2343 3832 2421">
    <p class='ocr_par' dir='ltr' id='par_1_80' title="bbox 2262 2343 3832 2421">
     <span class='ocr_line' id='line_1_81' title="bbox 2262 2343 3832 2421; baseline -0.002 -18"><span class='ocrx_word' id='word_1_632' title='bbox 2262 2349 2450 2405; x_wconf 86' lang='lat' dir='ltr'><strong>occidi.</strong></span> <span class='ocrx_word' id='word_1_633' title='bbox 2471 2349 2707 2405; x_wconf 89' lang='lat' dir='ltr'><strong>Tandem</strong></span> <span class='ocrx_word' id='word_1_634' title='bbox 2724 2348 3011 2421; x_wconf 85' lang='lat' dir='ltr'><strong>aliquando</strong></span> <span class='ocrx_word' id='word_1_635' title='bbox 3031 2348 3169 2405; x_wconf 90' lang='lat' dir='ltr'><strong>liber</strong></span> <span class='ocrx_word' id='word_1_636' title='bbox 3184 2352 3387 2413; x_wconf 80' lang='lat' dir='ltr'><strong>vester,</strong></span> <span class='ocrx_word' id='word_1_637' title='bbox 3406 2361 3574 2402; x_wconf 79' lang='lat' dir='ltr'><strong>vanus</strong></span> <span class='ocrx_word' id='word_1_638' title='bbox 3589 2343 3832 2409; x_wconf 67' lang='lat' dir='ltr'><strong>edoctus,</strong></span> 
     </span>
    </p>
   </div>
   <div class='ocr_carea' id='block_1_81' title="bbox 2260 2440 3837 2515">
    <p class='ocr_par' dir='ltr' id='par_1_81' title="bbox 2260 2440 3837 2515">
     <span class='ocr_line' id='line_1_82' title="bbox 2260 2440 3837 2515; baseline -0.003 -18"><span class='ocrx_word' id='word_1_639' title='bbox 2260 2441 2558 2497; x_wconf 90' lang='lat' dir='ltr'><strong>concedere</strong></span> <span class='ocrx_word' id='word_1_640' title='bbox 2588 2442 2798 2498; x_wconf 89' lang='lat' dir='ltr'><strong>videtur</strong></span> <span class='ocrx_word' id='word_1_641' title='bbox 2823 2442 3129 2515; x_wconf 59' lang='lat' dir='ltr'><strong>libertatem</strong></span> <span class='ocrx_word' id='word_1_642' title='bbox 3155 2440 3392 2505; x_wconf 88' lang='lat' dir='ltr'><strong>arbitrii,</strong></span> <span class='ocrx_word' id='word_1_643' title='bbox 3423 2453 3491 2495; x_wconf 81' lang='lat' dir='ltr'><strong>ea</strong></span> <span class='ocrx_word' id='word_1_644' title='bbox 3517 2446 3680 2493; x_wconf 81' lang='lat' dir='ltr'><strong>tamen</strong></span> <span class='ocrx_word' id='word_1_645' title='bbox 3707 2452 3837 2493; x_wconf 82' lang='lat' dir='ltr'><strong>eon-</strong></span> 
     </span>
    </p>
   </div>
   <div class='ocr_carea' id='block_1_82' title="bbox 2260 2532 3614 2608">
    <p class='ocr_par' dir='ltr' id='par_1_82' title="bbox 2260 2532 3614 2608">
     <span class='ocr_line' id='line_1_83' title="bbox 2260 2532 3614 2608; baseline -0.003 -18"><span class='ocrx_word' id='word_1_646' title='bbox 2260 2534 2490 2602; x_wconf 91' lang='lat' dir='ltr'><strong>ditione,</strong></span> <span class='ocrx_word' id='word_1_647' title='bbox 2523 2543 2585 2608; x_wconf 75' lang='lat' dir='ltr'><strong>ut</strong></span> <span class='ocrx_word' id='word_1_648' title='bbox 2608 2536 2676 2592; x_wconf 91' lang='lat' dir='ltr'><strong>de</strong></span> <span class='ocrx_word' id='word_1_649' title='bbox 2704 2535 2973 2592; x_wconf 87' lang='lat' dir='ltr'><strong>mensuris</strong></span> <span class='ocrx_word' id='word_1_650' title='bbox 3000 2544 3156 2606; x_wconf 87' lang='lat' dir='ltr'><strong>agat,</strong></span> <span class='ocrx_word' id='word_1_651' title='bbox 3185 2550 3294 2591; x_wconf 89' lang='lat' dir='ltr'><strong>non</strong></span> <span class='ocrx_word' id='word_1_652' title='bbox 3318 2533 3389 2590; x_wconf 90' lang='lat' dir='ltr'><strong>de</strong></span> <span class='ocrx_word' id='word_1_653' title='bbox 3415 2532 3614 2604; x_wconf 86' lang='lat' dir='ltr'><strong>specie.</strong></span> 
     </span>
    </p>
   </div>
   <div class='ocr_carea' id='block_1_83' title="bbox 2246 2622 3850 2700">
    <p class='ocr_par' dir='ltr' id='par_1_83' title="bbox 2246 2622 3850 2700">
     <span class='ocr_line' id='line_1_84' title="bbox 2246 2622 3850 2700; baseline -0.002 -17"><span class='ocrx_word' id='word_1_654' title='bbox 2246 2657 2255 2665; x_wconf 84' lang='lat'><strong><em>~</em></strong></span> <span class='ocrx_word' id='word_1_655' title='bbox 2332 2627 2517 2683; x_wconf 80' lang='lat' dir='ltr'><strong>XXIV.</strong></span> <span class='ocrx_word' id='word_1_656' title='bbox 2555 2637 2578 2666; x_wconf 74' lang='grc' dir='ltr'><strong>ο</strong></span> <span class='ocrx_word' id='word_1_657' title='bbox 2613 2626 2781 2696; x_wconf 85' lang='lat' dir='ltr'><strong>Unde,</strong></span> <span class='ocrx_word' id='word_1_658' title='bbox 2812 2628 3005 2698; x_wconf 87' lang='lat' dir='ltr'><strong>inquit,</strong></span> <span class='ocrx_word' id='word_1_659' title='bbox 3028 2628 3108 2683; x_wconf 83' lang='lat' dir='ltr'><strong>illi</strong></span> <span class='ocrx_word' id='word_1_660' title='bbox 3131 2628 3304 2700; x_wconf 84' lang='lat' dir='ltr'><strong>major</strong></span> <span class='ocrx_word' id='word_1_661' title='bbox 3324 2622 3537 2682; x_wconf 84' lang='lat' dir='ltr'><strong>libertas</strong></span> <span class='ocrx_word' id='word_1_662' title='bbox 3558 2622 3768 2680; x_wconf 80' lang='lat' dir='ltr'><strong>arbitrii</strong></span> <span class='ocrx_word' id='word_1_663' title='bbox 3794 2624 3850 2680; x_wconf 73' lang='lat' dir='ltr'><strong>in</strong></span> 
     </span>
    </p>
   </div>
   <div class='ocr_carea' id='block_1_84' title="bbox 2262 2717 3853 2791">
    <p class='ocr_par' dir='ltr' id='par_1_84' title="bbox 2262 2717 3853 2791">
     <span class='ocr_line' id='line_1_85' title="bbox 2262 2717 3853 2791; baseline -0.001 -17"><span class='ocrx_word' id='word_1_664' title='bbox 2262 2719 2412 2786; x_wconf 88' lang='lat' dir='ltr'><strong>bono,</strong></span> <span class='ocrx_word' id='word_1_665' title='bbox 2443 2720 2580 2775; x_wconf 88' lang='lat' dir='ltr'><strong>unde</strong></span> <span class='ocrx_word' id='word_1_666' title='bbox 2605 2722 2695 2775; x_wconf 83' lang='lat' dir='ltr'><strong>isti</strong></span> <span class='ocrx_word' id='word_1_667' title='bbox 2720 2723 2892 2776; x_wconf 86' lang='lat' dir='ltr'><strong>minor</strong></span> <span class='ocrx_word' id='word_1_668' title='bbox 2916 2727 3021 2784; x_wconf 90' lang='lat' dir='ltr'><strong>est,</strong></span> <span class='ocrx_word' id='word_1_669' title='bbox 3053 2720 3157 2775; x_wconf 87' lang='lat' dir='ltr'><strong>nisi</strong></span> <span class='ocrx_word' id='word_1_670' title='bbox 3183 2719 3308 2791; x_wconf 80' lang='lat' dir='ltr'><strong>quia</strong></span> <span class='ocrx_word' id='word_1_671' title='bbox 3334 2717 3435 2774; x_wconf 85' lang='lat' dir='ltr'><strong>Dei</strong></span> <span class='ocrx_word' id='word_1_672' title='bbox 3461 2717 3853 2790; x_wconf 73' lang='lat' dir='ltr'><strong>dispensatione</strong></span> 
     </span>
    </p>
   </div>
   <div class='ocr_carea' id='block_1_85' title="bbox 2260 2809 3851 2882">
    <p class='ocr_par' dir='ltr' id='par_1_85' title="bbox 2260 2809 3851 2882">
     <span class='ocr_line' id='line_1_86' title="bbox 2260 2809 3851 2882; baseline -0.003 -14"><span class='ocrx_word' id='word_1_673' title='bbox 2260 2816 2528 2869; x_wconf 81' lang='lat' dir='ltr'><strong>censetur?</strong></span> <span class='ocrx_word' id='word_1_674' title='bbox 2556 2813 2622 2869; x_wconf 88' lang='lat' dir='ltr'><strong>In</strong></span> <span class='ocrx_word' id='word_1_675' title='bbox 2662 2816 2768 2869; x_wconf 90' lang='lat' dir='ltr'><strong>alio</strong></span> <span class='ocrx_word' id='word_1_676' title='bbox 2810 2814 2947 2869; x_wconf 89' lang='lat' dir='ltr'><strong>enim</strong></span> <span class='ocrx_word' id='word_1_677' title='bbox 2975 2822 3175 2868; x_wconf 78' lang='lat' dir='ltr'><strong>tenuem</strong></span> <span class='ocrx_word' id='word_1_678' title='bbox 3201 2829 3258 2867; x_wconf 87' lang='lat' dir='ltr'><strong>se</strong></span> <span class='ocrx_word' id='word_1_679' title='bbox 3302 2809 3507 2866; x_wconf 73' lang='lat' dir='ltr'><strong>exhibet</strong></span> <span class='ocrx_word' id='word_1_680' title='bbox 3545 2810 3753 2882; x_wconf 80' lang='lat' dir='ltr'><strong>gratia,</strong></span> <span class='ocrx_word' id='word_1_681' title='bbox 3797 2812 3851 2863; x_wconf 73' lang='lat' dir='ltr'><strong>in</strong></span> 
     </span>
    </p>
   </div>
   <div class='ocr_carea' id='block_1_86' title="bbox 2259 2898 3851 2977">
    <p class='ocr_par' dir='ltr' id='par_1_86' title="bbox 2259 2898 3851 2977">
     <span class='ocr_line' id='line_1_87' title="bbox 2259 2898 3851 2977; baseline -0.004 -17"><span class='ocrx_word' id='word_1_682' title='bbox 2259 2906 2365 2961; x_wconf 89' lang='lat' dir='ltr'><strong>alio</strong></span> <span class='ocrx_word' id='word_1_683' title='bbox 2393 2906 2744 2960; x_wconf 81' lang='lat' dir='ltr'><strong>abundantem</strong></span> <span class='ocrx_word' id='word_1_684' title='bbox 2771 2914 2821 2961; x_wconf 90' lang='lat' dir='ltr'><strong>et</strong></span> <span class='ocrx_word' id='word_1_685' title='bbox 2853 2906 3079 2977; x_wconf 82' lang='lat' dir='ltr'><strong>largam,</strong></span> <span class='ocrx_word' id='word_1_686' title='bbox 3106 2911 3260 2976; x_wconf 84' lang='lat' dir='ltr'><strong>prout</strong></span> <span class='ocrx_word' id='word_1_687' title='bbox 3278 2918 3376 2957; x_wconf 83' lang='lat' dir='ltr'><strong>nos</strong></span> <span class='ocrx_word' id='word_1_688' title='bbox 3398 2901 3647 2956; x_wconf 75' lang='lat' dir='ltr'><strong>volumus.</strong></span> <span class='ocrx_word' id='word_1_689' title='bbox 3665 2898 3698 2937; x_wconf 71' lang='grc' dir='ltr'><strong>-τ</strong></span> <span class='ocrx_word' id='word_1_690' title='bbox 3734 2899 3851 2955; x_wconf 85' lang='lat' dir='ltr'><strong>Non</strong></span> 
     </span>
    </p>
   </div>
   <div class='ocr_carea' id='block_1_87' title="bbox 2261 2993 3853 3069">
    <p class='ocr_par' dir='ltr' id='par_1_87' title="bbox 2261 2993 3853 3069">
     <span class='ocr_line' id='line_1_88' title="bbox 2261 2993 3853 3069; baseline -0.004 -15"><span class='ocrx_word' id='word_1_691' title='bbox 2261 3007 2433 3056; x_wconf 90' lang='lat' dir='ltr'><strong>tecum</strong></span> <span class='ocrx_word' id='word_1_692' title='bbox 2474 3001 2564 3056; x_wconf 86' lang='lat' dir='ltr'><strong>hic</strong></span> <span class='ocrx_word' id='word_1_693' title='bbox 2589 3014 2691 3069; x_wconf 92' lang='lat' dir='ltr'><strong>ego</strong></span> <span class='ocrx_word' id='word_1_694' title='bbox 2722 3010 2747 3048; x_wconf 71' lang='grc' dir='ltr'>ε</span> <span class='ocrx_word' id='word_1_695' title='bbox 2776 3002 3060 3055; x_wconf 82' lang='lat' dir='ltr'><strong>concertor</strong></span> <span class='ocrx_word' id='word_1_696' title='bbox 3093 3016 3106 3051; x_wconf 92' lang='lat'>:</span> <span class='ocrx_word' id='word_1_697' title='bbox 3138 2998 3227 3053; x_wconf 90' lang='lat' dir='ltr'><strong>hic</strong></span> <span class='ocrx_word' id='word_1_698' title='bbox 3252 3006 3306 3053; x_wconf 90' lang='lat' dir='ltr'><strong>te</strong></span> <span class='ocrx_word' id='word_1_699' title='bbox 3346 2996 3491 3051; x_wconf 89' lang='lat' dir='ltr'><strong>enim</strong></span> <span class='ocrx_word' id='word_1_700' title='bbox 3517 3002 3575 3050; x_wconf 91' lang='lat' dir='ltr'><strong>et</strong></span> <span class='ocrx_word' id='word_1_701' title='bbox 3602 2993 3853 3049; x_wconf 85' lang='lat' dir='ltr'><strong>Christus</strong></span> 
     </span>
    </p>
   </div>
   <div class='ocr_carea' id='block_1_88' title="bbox 2258 3084 3851 3157">
    <p class='ocr_par' dir='ltr' id='par_1_88' title="bbox 2258 3084 3851 3157">
     <span class='ocr_line' id='line_1_89' title="bbox 2258 3084 3851 3157; baseline -0.004 -13"><span class='ocrx_word' id='word_1_702' title='bbox 2258 3091 2420 3148; x_wconf 90' lang='lat' dir='ltr'><strong>vincit</strong></span> <span class='ocrx_word' id='word_1_703' title='bbox 2448 3098 2505 3147; x_wconf 91' lang='lat' dir='ltr'><strong>et</strong></span> <span class='ocrx_word' id='word_1_704' title='bbox 2532 3089 2749 3146; x_wconf 86' lang='lat' dir='ltr'><strong>Paulus.</strong></span> <span class='ocrx_word' id='word_1_705' title='bbox 2769 3089 2904 3146; x_wconf 90' lang='lat' dir='ltr'><strong>Nam</strong></span> <span class='ocrx_word' id='word_1_706' title='bbox 2923 3089 3169 3145; x_wconf 89' lang='lat' dir='ltr'><strong>Christus</strong></span> <span class='ocrx_word' id='word_1_707' title='bbox 3185 3088 3316 3143; x_wconf 92' lang='lat' dir='ltr'><strong>dicit</strong></span> <span class='ocrx_word' id='word_1_708' title='bbox 3340 3106 3353 3140; x_wconf 89' lang='lat'><strong>:</strong></span> <span class='ocrx_word' id='word_1_709' title='bbox 3379 3084 3482 3151; x_wconf 81' lang='lat' dir='ltr'><strong>Qui</strong></span> <span class='ocrx_word' id='word_1_710' title='bbox 3510 3085 3623 3157; x_wconf 86' lang='lat' dir='ltr'><strong>plus</strong></span> <span class='ocrx_word' id='word_1_711' title='bbox 3653 3084 3851 3156; x_wconf 77' lang='lat' dir='ltr'><strong>diligit,</strong></span> 
     </span>
    </p>
   </div>
   <div class='ocr_carea' id='block_1_89' title="bbox 2258 3174 3846 3254">
    <p class='ocr_par' dir='ltr' id='par_1_89' title="bbox 2258 3174 3846 3254">
     <span class='ocr_line' id='line_1_90' title="bbox 2258 3174 3846 3254; baseline -0.005 -16"><span class='ocrx_word' id='word_1_712' title='bbox 2258 3183 2372 3254; x_wconf 88' lang='lat' dir='ltr'><strong>plus</strong></span> <span class='ocrx_word' id='word_1_713' title='bbox 2403 3182 2481 3237; x_wconf 85' lang='lat' dir='ltr'><strong>illi</strong></span> <span class='ocrx_word' id='word_1_714' title='bbox 2509 3183 2818 3248; x_wconf 83' lang='lat' dir='ltr'><strong>dimittitur;</strong></span> <span class='ocrx_word' id='word_1_715' title='bbox 2847 3183 2935 3253; x_wconf 87' lang='lat' dir='ltr'><strong>qui</strong></span> <span class='ocrx_word' id='word_1_716' title='bbox 2974 3182 3144 3236; x_wconf 86' lang='lat' dir='ltr'><strong>minus</strong></span> <span class='ocrx_word' id='word_1_717' title='bbox 3172 3180 3374 3251; x_wconf 86' lang='lat' dir='ltr'><strong>diligit,</strong></span> <span class='ocrx_word' id='word_1_718' title='bbox 3406 3174 3434 3216; x_wconf 65' lang='grc' dir='ltr'>ιι</span> <span class='ocrx_word' id='word_1_719' title='bbox 3464 3179 3635 3233; x_wconf 81' lang='lat' dir='ltr'><strong>minus</strong></span> <span class='ocrx_word' id='word_1_720' title='bbox 3677 3176 3846 3248; x_wconf 84' lang='lat' dir='ltr'><strong>(Luc.</strong></span> 
     </span>
    </p>
   </div>
   <div class='ocr_carea' id='block_1_90' title="bbox 2259 3259 3848 3344">
    <p class='ocr_par' dir='ltr' id='par_1_90' title="bbox 2259 3259 3848 3344">
     <span class='ocr_line' id='line_1_91' title="bbox 2259 3259 3848 3344; baseline -0.002 -17"><span class='ocrx_word' id='word_1_721' title='bbox 2259 3291 2349 3341; x_wconf 84' lang='lat' dir='ltr'><strong>vn,</strong></span> <span class='ocrx_word' id='word_1_722' title='bbox 2373 3273 2484 3344; x_wconf 75' lang='grc'><strong>47).</strong></span> <span class='ocrx_word' id='word_1_723' title='bbox 2508 3272 2574 3328; x_wconf 88' lang='lat' dir='ltr'><strong>Et</strong></span> <span class='ocrx_word' id='word_1_724' title='bbox 2594 3272 2791 3329; x_wconf 90' lang='lat' dir='ltr'><strong>Paulus</strong></span> <span class='ocrx_word' id='word_1_725' title='bbox 2811 3273 3021 3338; x_wconf 86' lang='lat' dir='ltr'><strong>asserit,</strong></span> <span class='ocrx_word' id='word_1_726' title='bbox 3044 3272 3229 3328; x_wconf 88' lang='lat' dir='ltr'><strong>dicens</strong></span> <span class='ocrx_word' id='word_1_727' title='bbox 3253 3274 3281 3324; x_wconf 82' lang='lat'><strong>:‘</strong></span> <span class='ocrx_word' id='word_1_728' title='bbox 3293 3269 3394 3336; x_wconf 85' lang='lat' dir='ltr'><strong>Qui</strong></span> <span class='ocrx_word' id='word_1_729' title='bbox 3421 3287 3577 3343; x_wconf 85' lang='lat' dir='ltr'><strong>parce</strong></span> <span class='ocrx_word' id='word_1_730' title='bbox 3602 3259 3848 3336; x_wconf 63' lang='lat' dir='ltr'><strong>semina},</strong></span> 
     </span>
    </p>
   </div>
   <div class='ocr_carea' id='block_1_91' title="bbox 2256 3360 3882 3438">
    <p class='ocr_par' dir='ltr' id='par_1_91' title="bbox 2256 3360 3882 3438">
     <span class='ocr_line' id='line_1_92' title="bbox 2256 3360 3882 3438; baseline -0.002 -18"><span class='ocrx_word' id='word_1_731' title='bbox 2256 3384 2412 3438; x_wconf 86' lang='lat' dir='ltr'><strong>parce</strong></span> <span class='ocrx_word' id='word_1_732' title='bbox 2438 3375 2593 3421; x_wconf 88' lang='lat' dir='ltr'><strong>metet</strong></span> <span class='ocrx_word' id='word_1_733' title='bbox 2622 3362 2698 3438; x_wconf 90' lang='lat' dir='ltr'><strong>(ll</strong></span> <span class='ocrx_word' id='word_1_734' title='bbox 2728 3365 2849 3422; x_wconf 87' lang='lat' dir='ltr'><strong>Cor.</strong></span> <span class='ocrx_word' id='word_1_735' title='bbox 2887 3384 2940 3422; x_wconf 68' lang='grc' dir='ltr'>ιι</span> <span class='ocrx_word' id='word_1_736' title='bbox 2958 3406 2973 3431; x_wconf 86' lang='grc'>,</span> <span class='ocrx_word' id='word_1_737' title='bbox 3016 3364 3106 3437; x_wconf 83' lang='grc'><strong>6).</strong></span> <span class='ocrx_word' id='word_1_738' title='bbox 3138 3365 3255 3419; x_wconf 85' lang='grc' dir='ltr'><strong>Νοη</strong></span> <span class='ocrx_word' id='word_1_739' title='bbox 3283 3378 3415 3434; x_wconf 86' lang='lat' dir='ltr'><strong>ergo</strong></span> <span class='ocrx_word' id='word_1_740' title='bbox 3443 3372 3524 3419; x_wconf 88' lang='lat' dir='ltr'><strong>est</strong></span> <span class='ocrx_word' id='word_1_741' title='bbox 3549 3364 3721 3433; x_wconf 85' lang='lat' dir='ltr'><strong>gratia</strong></span> <span class='ocrx_word' id='word_1_742' title='bbox 3748 3360 3882 3434; x_wconf 77' lang='lat' dir='ltr'><strong>per&#39;</strong></span> 
     </span>
    </p>
   </div>
   <div class='ocr_carea' id='block_1_92' title="bbox 2257 3455 3850 3531">
    <p class='ocr_par' dir='ltr' id='par_1_92' title="bbox 2257 3455 3850 3531">
     <span class='ocr_line' id='line_1_93' title="bbox 2257 3455 3850 3531; baseline -0.002 -17"><span class='ocrx_word' id='word_1_743' title='bbox 2257 3475 2612 3531; x_wconf 88' lang='lat' dir='ltr'><strong>personarum</strong></span> <span class='ocrx_word' id='word_1_744' title='bbox 2655 3459 3024 3529; x_wconf 88' lang='lat' dir='ltr'><strong>acceptionem</strong></span> <span class='ocrx_word' id='word_1_745' title='bbox 3069 3459 3125 3517; x_wconf 89' lang='lat' dir='ltr'><strong>in</strong></span> <span class='ocrx_word' id='word_1_746' title='bbox 3173 3456 3319 3522; x_wconf 88' lang='lat' dir='ltr'><strong>Deo,</strong></span> <span class='ocrx_word' id='word_1_747' title='bbox 3367 3456 3461 3511; x_wconf 90' lang='lat' dir='ltr'><strong>sed</strong></span> <span class='ocrx_word' id='word_1_748' title='bbox 3487 3471 3583 3527; x_wconf 87' lang='lat' dir='ltr'><strong>per</strong></span> <span class='ocrx_word' id='word_1_749' title='bbox 3610 3455 3850 3511; x_wconf 90' lang='lat' dir='ltr'><strong>hominis</strong></span> 
     </span>
    </p>
   </div>
   <div class='ocr_carea' id='block_1_93' title="bbox 2255 3547 3849 3619">
    <p class='ocr_par' dir='ltr' id='par_1_93' title="bbox 2255 3547 3849 3619">
     <span class='ocr_line' id='line_1_94' title="bbox 2255 3547 3849 3619; baseline -0.002 -13"><span class='ocrx_word' id='word_1_750' title='bbox 2255 3552 2601 3608; x_wconf 86' lang='lat' dir='ltr'><strong>dilectionem</strong></span> <span class='ocrx_word' id='word_1_751' title='bbox 2649 3551 2702 3606; x_wconf 93' lang='lat' dir='ltr'><strong>in</strong></span> <span class='ocrx_word' id='word_1_752' title='bbox 2744 3560 2952 3616; x_wconf 89' lang='lat' dir='ltr'><strong>mente;</strong></span> <span class='ocrx_word' id='word_1_753' title='bbox 2994 3551 3108 3606; x_wconf 87' lang='lat' dir='ltr'><strong>sive</strong></span> <span class='ocrx_word' id='word_1_754' title='bbox 3134 3551 3206 3605; x_wconf 91' lang='lat' dir='ltr'><strong>sit</strong></span> <span class='ocrx_word' id='word_1_755' title='bbox 3231 3564 3424 3619; x_wconf 89' lang='lat' dir='ltr'><strong>magna</strong></span> <span class='ocrx_word' id='word_1_756' title='bbox 3450 3548 3694 3614; x_wconf 83' lang='lat' dir='ltr'><strong>dilectio,</strong></span> <span class='ocrx_word' id='word_1_757' title='bbox 3723 3547 3849 3603; x_wconf 80' lang='lat' dir='ltr'><strong>sive</strong></span> 
     </span>
    </p>
   </div>
   <div class='ocr_carea' id='block_1_94' title="bbox 2255 3636 3841 3714">
    <p class='ocr_par' dir='ltr' id='par_1_94' title="bbox 2255 3636 3841 3714">
     <span class='ocr_line' id='line_1_95' title="bbox 2255 3636 3841 3714; baseline -0.006 -15"><span class='ocrx_word' id='word_1_758' title='bbox 2255 3643 2324 3699; x_wconf 91' lang='lat' dir='ltr'><strong>sit</strong></span> <span class='ocrx_word' id='word_1_759' title='bbox 2352 3659 2536 3714; x_wconf 84' lang='lat' dir='ltr'><strong>parva.</strong></span> <span class='ocrx_word' id='word_1_760' title='bbox 2569 3640 2699 3711; x_wconf 83' lang='lat' dir='ltr'><strong>Quis</strong></span> <span class='ocrx_word' id='word_1_761' title='bbox 2728 3643 2873 3699; x_wconf 87' lang='lat' dir='ltr'><strong>enim</strong></span> <span class='ocrx_word' id='word_1_762' title='bbox 2902 3643 3020 3713; x_wconf 88' lang='lat' dir='ltr'><strong>plus</strong></span> <span class='ocrx_word' id='word_1_763' title='bbox 3047 3642 3275 3713; x_wconf 82' lang='lat' dir='ltr'><strong>diligens</strong></span> <span class='ocrx_word' id='word_1_764' title='bbox 3303 3641 3482 3704; x_wconf 86' lang='lat' dir='ltr'><strong>Deum,</strong></span> <span class='ocrx_word' id='word_1_765' title='bbox 3513 3639 3685 3692; x_wconf 87' lang='lat' dir='ltr'><strong>minus</strong></span> <span class='ocrx_word' id='word_1_766' title='bbox 3709 3636 3841 3691; x_wconf 79' lang='lat' dir='ltr'><strong>dili-</strong></span> 
     </span>
    </p>
   </div>
   <div class='ocr_carea' id='block_1_95' title="bbox 2253 3729 3830 3806">
    <p class='ocr_par' dir='ltr' id='par_1_95' title="bbox 2253 3729 3830 3806">
     <span class='ocr_line' id='line_1_96' title="bbox 2253 3729 3830 3806; baseline -0.004 -17"><span class='ocrx_word' id='word_1_767' title='bbox 2253 3735 2396 3806; x_wconf 89' lang='lat' dir='ltr'><strong>gitur</strong></span> <span class='ocrx_word' id='word_1_768' title='bbox 2436 3751 2467 3790; x_wconf 90' lang='lat' dir='ltr'><strong>a</strong></span> <span class='ocrx_word' id='word_1_769' title='bbox 2496 3734 2646 3791; x_wconf 83' lang='lat' dir='ltr'><strong>Deo?</strong></span> <span class='ocrx_word' id='word_1_770' title='bbox 2674 3735 2876 3800; x_wconf 83' lang='lat' dir='ltr'><strong>Immo,</strong></span> <span class='ocrx_word' id='word_1_771' title='bbox 2922 3744 2981 3789; x_wconf 91' lang='lat' dir='ltr'><strong>ut</strong></span> <span class='ocrx_word' id='word_1_772' title='bbox 3017 3734 3199 3790; x_wconf 89' lang='lat' dir='ltr'><strong>verius</strong></span> <span class='ocrx_word' id='word_1_773' title='bbox 3241 3732 3433 3797; x_wconf 88' lang='lat' dir='ltr'><strong>dicam,</strong></span> <span class='ocrx_word' id='word_1_774' title='bbox 3465 3745 3569 3785; x_wconf 90' lang='lat' dir='ltr'><strong>non</strong></span> <span class='ocrx_word' id='word_1_775' title='bbox 3597 3729 3830 3797; x_wconf 83' lang='lat' dir='ltr'><strong>diligens</strong></span> 
     </span>
    </p>
   </div>
   <div class='ocr_carea' id='block_1_96' title="bbox 2256 3819 3838 3896">
    <p class='ocr_par' dir='ltr' id='par_1_96' title="bbox 2256 3819 3838 3896">
     <span class='ocr_line' id='line_1_97' title="bbox 2256 3819 3838 3896; baseline -0.005 -15"><span class='ocrx_word' id='word_1_776' title='bbox 2256 3826 2425 3881; x_wconf 90' lang='lat' dir='ltr'><strong>Deum</strong></span> <span class='ocrx_word' id='word_1_777' title='bbox 2455 3841 2486 3881; x_wconf 89' lang='lat' dir='ltr'><strong>a</strong></span> <span class='ocrx_word' id='word_1_778' title='bbox 2534 3827 2647 3882; x_wconf 87' lang='lat' dir='ltr'><strong>Deo</strong></span> <span class='ocrx_word' id='word_1_779' title='bbox 2692 3827 2949 3896; x_wconf 80' lang='lat' dir='ltr'><strong>diligitur.</strong></span> <span class='ocrx_word' id='word_1_780' title='bbox 3006 3825 3248 3894; x_wconf 89' lang='lat' dir='ltr'><strong>Qualiter</strong></span> <span class='ocrx_word' id='word_1_781' title='bbox 3283 3830 3453 3877; x_wconf 86' lang='lat' dir='ltr'><strong>autem</strong></span> <span class='ocrx_word' id='word_1_782' title='bbox 3495 3820 3637 3890; x_wconf 87' lang='lat' dir='ltr'><strong>diligi</strong></span> <span class='ocrx_word' id='word_1_783' title='bbox 3677 3819 3838 3875; x_wconf 78' lang='lat' dir='ltr'><strong>Deus.</strong></span> 
     </span>
    </p>
   </div>
   <div class='ocr_carea' id='block_1_97' title="bbox 2256 3908 3849 3988">
    <p class='ocr_par' dir='ltr' id='par_1_97' title="bbox 2256 3908 3849 3988">
     <span class='ocr_line' id='line_1_98' title="bbox 2256 3908 3849 3988; baseline -0.006 -14"><span class='ocrx_word' id='word_1_784' title='bbox 2256 3918 2443 3988; x_wconf 88' lang='lat' dir='ltr'><strong>possit,</strong></span> <span class='ocrx_word' id='word_1_785' title='bbox 2477 3918 2595 3988; x_wconf 90' lang='lat' dir='ltr'><strong>ipse</strong></span> <span class='ocrx_word' id='word_1_786' title='bbox 2624 3918 2881 3974; x_wconf 89' lang='lat' dir='ltr'><strong>Dominus</strong></span> <span class='ocrx_word' id='word_1_787' title='bbox 2909 3918 3122 3983; x_wconf 90' lang='lat' dir='ltr'><strong>edocet,</strong></span> <span class='ocrx_word' id='word_1_788' title='bbox 3147 3910 3359 3973; x_wconf 84' lang='lat' dir='ltr'><strong>dicens:</strong></span> <span class='ocrx_word' id='word_1_789' title='bbox 3382 3911 3491 3979; x_wconf 80' lang='lat' dir='ltr'><strong>Qui</strong></span> <span class='ocrx_word' id='word_1_790' title='bbox 3507 3912 3649 3967; x_wconf 80' lang='lat' dir='ltr'><strong>audit</strong></span> <span class='ocrx_word' id='word_1_791' title='bbox 3670 3908 3849 3965; x_wconf 71' lang='lat' dir='ltr'><strong>verba</strong></span> 
     </span>
    </p>
   </div>
   <div class='ocr_carea' id='block_1_98' title="bbox 2256 3999 3855 4083">
    <p class='ocr_par' dir='ltr' id='par_1_98' title="bbox 2256 3999 3855 4083">
     <span class='ocr_line' id='line_1_99' title="bbox 2256 3999 3855 4083; baseline -0.004 -19"><span class='ocrx_word' id='word_1_792' title='bbox 2256 4027 2371 4064; x_wconf 91' lang='lat' dir='ltr'><strong>mea</strong></span> <span class='ocrx_word' id='word_1_793' title='bbox 2400 4009 2597 4082; x_wconf 80' lang='lat' dir='ltr'><strong>et&#39;facit</strong></span> <span class='ocrx_word' id='word_1_794' title='bbox 2620 4028 2711 4077; x_wconf 90' lang='lat' dir='ltr'><strong>ea,</strong></span> <span class='ocrx_word' id='word_1_795' title='bbox 2739 4011 2822 4065; x_wconf 78' lang='lat' dir='ltr'><strong>hic</strong></span> <span class='ocrx_word' id='word_1_796' title='bbox 2849 4018 2925 4065; x_wconf 80' lang='lat' dir='ltr'><strong>est</strong></span> <span class='ocrx_word' id='word_1_797' title='bbox 2950 4011 3036 4083; x_wconf 87' lang='lat' dir='ltr'><strong>qui</strong></span> <span class='ocrx_word' id='word_1_798' title='bbox 3075 4010 3245 4082; x_wconf 79' lang='lat' dir='ltr'><strong>diligit</strong></span> <span class='ocrx_word' id='word_1_799' title='bbox 3268 4025 3349 4063; x_wconf 87' lang='lat' dir='ltr'><strong>me</strong></span> <span class='ocrx_word' id='word_1_800' title='bbox 3372 4005 3555 4079; x_wconf 75' lang='lat' dir='ltr'><strong>(Joan.</strong></span> <span class='ocrx_word' id='word_1_801' title='bbox 3582 4019 3684 4067; x_wconf 78' lang='lat' dir='ltr'><strong>xlv,</strong></span> <span class='ocrx_word' id='word_1_802' title='bbox 3705 3999 3785 4055; x_wconf 65' lang='lat' dir='ltr'><strong>2i</strong></span> <span class='ocrx_word' id='word_1_803' title='bbox 3803 4001 3855 4073; x_wconf 58' lang='grc' dir='ltr'><strong>δ.</strong></span> 
     </span>
    </p>
   </div>
   <div class='ocr_carea' id='block_1_99' title="bbox 2258 4101 3863 4175">
    <p class='ocr_par' dir='ltr' id='par_1_99' title="bbox 2258 4101 3863 4175">
     <span class='ocr_line' id='line_1_100' title="bbox 2258 4101 3863 4175; baseline -0.006 -16"><span class='ocrx_word' id='word_1_804' title='bbox 2258 4101 2409 4161; x_wconf 87' lang='lat' dir='ltr'><strong>Unde</strong></span> <span class='ocrx_word' id='word_1_805' title='bbox 2436 4111 2492 4159; x_wconf 91' lang='lat' dir='ltr'><strong>et</strong></span> <span class='ocrx_word' id='word_1_806' title='bbox 2518 4104 2792 4175; x_wconf 89' lang='lat' dir='ltr'><strong>discipulis</strong></span> <span class='ocrx_word' id='word_1_807' title='bbox 2814 4104 2923 4159; x_wconf 90' lang='lat' dir='ltr'><strong>suis</strong></span> <span class='ocrx_word' id='word_1_808' title='bbox 2950 4105 3026 4159; x_wconf 89' lang='lat' dir='ltr'><strong>ait</strong></span> <span class='ocrx_word' id='word_1_809' title='bbox 3050 4122 3062 4157; x_wconf 89' lang='lat'><strong>:</strong></span> <span class='ocrx_word' id='word_1_810' title='bbox 3096 4102 3163 4175; x_wconf 83' lang='lat' dir='ltr'><strong>Si</strong></span> <span class='ocrx_word' id='word_1_811' title='bbox 3191 4102 3411 4174; x_wconf 86' lang='lat' dir='ltr'><strong>diligitis</strong></span> <span class='ocrx_word' id='word_1_812' title='bbox 3449 4116 3547 4165; x_wconf 86' lang='lat' dir='ltr'><strong>me,</strong></span> <span class='ocrx_word' id='word_1_813' title='bbox 3579 4105 3863 4169; x_wconf 67' lang='lat' dir='ltr'><strong>praecepta</strong></span> 
     </span>
    </p>
   </div>
   <div class='ocr_carea' id='block_1_100' title="bbox 2258 4189 3863 4267">
    <p class='ocr_par' dir='ltr' id='par_1_100' title="bbox 2258 4189 3863 4267">
     <span class='ocr_line' id='line_1_101' title="bbox 2258 4189 3863 4267; baseline -0.004 -16"><span class='ocrx_word' id='word_1_814' title='bbox 2258 4213 2371 4251; x_wconf 87' lang='lat' dir='ltr'><strong>mea</strong></span> <span class='ocrx_word' id='word_1_815' title='bbox 2415 4205 2615 4251; x_wconf 83' lang='lat' dir='ltr'><strong>servate</strong></span> <span class='ocrx_word' id='word_1_816' title='bbox 2662 4195 2861 4267; x_wconf 83' lang='lat' dir='ltr'><strong>(Ibid.,</strong></span> <span class='ocrx_word' id='word_1_817' title='bbox 2909 4195 3033 4266; x_wconf 80' lang='grc'><strong>15).</strong></span> <span class='ocrx_word' id='word_1_818' title='bbox 3088 4194 3381 4250; x_wconf 74' lang='lat' dir='ltr'><strong>Videamus</strong></span> <span class='ocrx_word' id='word_1_819' title='bbox 3428 4193 3627 4260; x_wconf 87' lang='lat' dir='ltr'><strong>itaque,</strong></span> <span class='ocrx_word' id='word_1_820' title='bbox 3650 4189 3863 4255; x_wconf 83' lang='lat' dir='ltr'><strong>homo,</strong></span> 
     </span>
    </p>
   </div>
   <div class='ocr_carea' id='block_1_101' title="bbox 2264 4281 3871 4361">
    <p class='ocr_par' dir='ltr' id='par_1_101' title="bbox 2264 4281 3871 4361">
     <span class='ocr_line' id='line_1_102' title="bbox 2264 4281 3871 4361; baseline -0.004 -17"><span class='ocrx_word' id='word_1_821' title='bbox 2264 4289 2279 4328; x_wconf 72' lang='grc' dir='ltr'>ί</span> <span class='ocrx_word' id='word_1_822' title='bbox 2316 4290 2485 4361; x_wconf 89' lang='lat' dir='ltr'><strong>ipsam</strong></span> <span class='ocrx_word' id='word_1_823' title='bbox 2516 4290 2819 4344; x_wconf 87' lang='lat' dir='ltr'><strong>libertatem</strong></span> <span class='ocrx_word' id='word_1_824' title='bbox 2842 4288 3050 4344; x_wconf 89' lang='lat' dir='ltr'><strong>arbitrii</strong></span> <span class='ocrx_word' id='word_1_825' title='bbox 3075 4287 3203 4357; x_wconf 86' lang='lat' dir='ltr'><strong>quid</strong></span> <span class='ocrx_word' id='word_1_826' title='bbox 3226 4286 3405 4349; x_wconf 88' lang='lat' dir='ltr'><strong>faciat,</strong></span> <span class='ocrx_word' id='word_1_827' title='bbox 3430 4292 3489 4337; x_wconf 91' lang='lat' dir='ltr'><strong>nt</strong></span> <span class='ocrx_word' id='word_1_828' title='bbox 3506 4281 3601 4336; x_wconf 89' lang='lat' dir='ltr'><strong>Dei</strong></span> <span class='ocrx_word' id='word_1_829' title='bbox 3621 4283 3871 4350; x_wconf 81' lang='lat' dir='ltr'><strong>gratiam</strong></span> 
     </span>
    </p>
   </div>
   <div class='ocr_carea' id='block_1_102' title="bbox 2256 4379 3871 4454">
    <p class='ocr_par' dir='ltr' id='par_1_102' title="bbox 2256 4379 3871 4454">
     <span class='ocr_line' id='line_1_103' title="bbox 2256 4379 3871 4454; baseline -0.002 -18"><span class='ocrx_word' id='word_1_830' title='bbox 2256 4381 2494 4454; x_wconf 88' lang='lat' dir='ltr'><strong>perfecte</strong></span> <span class='ocrx_word' id='word_1_831' title='bbox 2540 4382 2840 4451; x_wconf 88' lang='lat' dir='ltr'><strong>conquirat.</strong></span> <span class='ocrx_word' id='word_1_832' title='bbox 2890 4380 3140 4437; x_wconf 87' lang='lat' dir='ltr'><strong>Exinanit</strong></span> <span class='ocrx_word' id='word_1_833' title='bbox 3194 4379 3500 4433; x_wconf 88' lang='lat' dir='ltr'><strong>libertatem</strong></span> <span class='ocrx_word' id='word_1_834' title='bbox 3546 4390 3756 4440; x_wconf 84' lang='lat' dir='ltr'><strong>suam,</strong></span> <span class='ocrx_word' id='word_1_835' title='bbox 3788 4384 3871 4433; x_wconf 82' lang='lat' dir='ltr'><strong>-ct</strong></span> 
     </span>
    </p>
   </div>
   <div class='ocr_carea' id='block_1_103' title="bbox 2257 4461 3877 4540">
    <p class='ocr_par' dir='ltr' id='par_1_103' title="bbox 2257 4461 3877 4540">
     <span class='ocr_line' id='line_1_104' title="bbox 2257 4461 3877 4540; baseline -0.002 -12"><span class='ocrx_word' id='word_1_836' title='bbox 2257 4489 2471 4528; x_wconf 89' lang='lat' dir='ltr'><strong>servum</strong></span> <span class='ocrx_word' id='word_1_837' title='bbox 2492 4488 2552 4529; x_wconf 92' lang='lat' dir='ltr'><strong>se</strong></span> <span class='ocrx_word' id='word_1_838' title='bbox 2573 4470 2737 4528; x_wconf 81' lang='lat' dir='ltr'><strong>etlicit</strong></span> <span class='ocrx_word' id='word_1_839' title='bbox 2761 4472 2876 4528; x_wconf 93' lang='lat' dir='ltr'><strong>Dei.</strong></span> <span class='ocrx_word' id='word_1_840' title='bbox 2901 4472 3053 4540; x_wconf 92' lang='lat' dir='ltr'><strong>Quod</strong></span> <span class='ocrx_word' id='word_1_841' title='bbox 3074 4479 3253 4528; x_wconf 87' lang='lat' dir='ltr'><strong>autem</strong></span> <span class='ocrx_word' id='word_1_842' title='bbox 3277 4461 3463 4525; x_wconf 70' lang='lat' dir='ltr'><strong>nostro</strong></span> <span class='ocrx_word' id='word_1_843' title='bbox 3481 4469 3597 4524; x_wconf 64' lang='lat' dir='ltr'><strong>haec</strong></span> <span class='ocrx_word' id='word_1_844' title='bbox 3626 4470 3877 4525; x_wconf 83' lang='lat' dir='ltr'><strong>arbitrio</strong></span> 
     </span>
    </p>
   </div>
   <div class='ocr_carea' id='block_1_104' title="bbox 2260 4559 3878 4636">
    <p class='ocr_par' dir='ltr' id='par_1_104' title="bbox 2260 4559 3878 4636">
     <span class='ocr_line' id='line_1_105' title="bbox 2260 4559 3878 4636; baseline -0.001 -17"><span class='ocrx_word' id='word_1_845' title='bbox 2260 4564 2533 4629; x_wconf 86' lang='lat' dir='ltr'><strong>faciamus,</strong></span> <span class='ocrx_word' id='word_1_846' title='bbox 2560 4565 2674 4635; x_wconf 90' lang='lat' dir='ltr'><strong>ipse</strong></span> <span class='ocrx_word' id='word_1_847' title='bbox 2699 4564 2991 4636; x_wconf 83' lang='lat' dir='ltr'><strong>Apostolus</strong></span> <span class='ocrx_word' id='word_1_848' title='bbox 3013 4563 3205 4619; x_wconf 89' lang='lat' dir='ltr'><strong>edocet</strong></span> <span class='ocrx_word' id='word_1_849' title='bbox 3223 4562 3409 4627; x_wconf 87' lang='lat' dir='ltr'><strong>dicens</strong></span> <span class='ocrx_word' id='word_1_850' title='bbox 3434 4580 3447 4614; x_wconf 92' lang='lat'>:</span> <span class='ocrx_word' id='word_1_851' title='bbox 3473 4559 3724 4616; x_wconf 86' lang='lat' dir='ltr'><strong>Nescitis</strong></span> <span class='ocrx_word' id='word_1_852' title='bbox 3750 4562 3878 4635; x_wconf 76' lang='lat' dir='ltr'><strong>quia</strong></span> 
     </span>
    </p>
   </div>
   <div class='ocr_carea' id='block_1_105' title="bbox 2258 4652 3882 4725">
    <p class='ocr_par' dir='ltr' id='par_1_105' title="bbox 2258 4652 3882 4725">
     <span class='ocr_line' id='line_1_106' title="bbox 2258 4652 3882 4725; baseline -0.001 -17"><span class='ocrx_word' id='word_1_853' title='bbox 2258 4656 2341 4708; x_wconf 88' lang='lat' dir='ltr'><strong>cui</strong></span> <span class='ocrx_word' id='word_1_854' title='bbox 2368 4671 2457 4710; x_wconf 85' lang='lat' dir='ltr'><strong>vos</strong></span> <span class='ocrx_word' id='word_1_855' title='bbox 2484 4672 2656 4711; x_wconf 80' lang='lat' dir='ltr'><strong>serros</strong></span> <span class='ocrx_word' id='word_1_856' title='bbox 2684 4654 2936 4709; x_wconf 72' lang='lat' dir='ltr'><strong>exhibetis</strong></span> <span class='ocrx_word' id='word_1_857' title='bbox 2957 4654 3028 4709; x_wconf 92' lang='lat' dir='ltr'><strong>ad</strong></span> <span class='ocrx_word' id='word_1_858' title='bbox 3051 4653 3411 4718; x_wconf 75' lang='lat' dir='ltr'><strong>obedientium,</strong></span> <span class='ocrx_word' id='word_1_859' title='bbox 3432 4652 3735 4711; x_wconf 71' lang='lat' dir='ltr'><strong>serviestis</strong></span> <span class='ocrx_word' id='word_1_860' title='bbox 3764 4656 3882 4725; x_wconf 71' lang='lat' dir='ltr'><strong>ejus</strong></span> 
     </span>
    </p>
   </div>
   <div class='ocr_carea' id='block_1_106' title="bbox 2258 4744 3979 4821">
    <p class='ocr_par' dir='ltr' id='par_1_106' title="bbox 2258 4744 3979 4821">
     <span class='ocr_line' id='line_1_107' title="bbox 2258 4744 3979 4821; baseline -0.005 -20"><span class='ocrx_word' id='word_1_861' title='bbox 2258 4750 2339 4801; x_wconf 84' lang='lat' dir='ltr'><strong>cui</strong></span> <span class='ocrx_word' id='word_1_862' title='bbox 2371 4747 2618 4813; x_wconf 82' lang='lat' dir='ltr'><strong>obeditls,</strong></span> <span class='ocrx_word' id='word_1_863' title='bbox 2660 4750 2766 4803; x_wconf 91' lang='lat' dir='ltr'><strong>sive</strong></span> <span class='ocrx_word' id='word_1_864' title='bbox 2784 4748 3073 4821; x_wconf 79' lang='lat' dir='ltr'><strong>iniqttitatis</strong></span> <span class='ocrx_word' id='word_1_865' title='bbox 3093 4746 3163 4800; x_wconf 90' lang='lat' dir='ltr'><strong>ad</strong></span> <span class='ocrx_word' id='word_1_866' title='bbox 3182 4755 3479 4818; x_wconf 79' lang='lat' dir='ltr'><strong>peccatum,</strong></span> <span class='ocrx_word' id='word_1_867' title='bbox 3504 4744 3883 4817; x_wconf 78' lang='lat' dir='ltr'><strong>sive</strong></span> <span class='ocrx_word' id='word_1_868' title='bbox 3966 4768 3979 4780; x_wconf 72' lang='grc' dir='ltr'><strong>ο</strong></span> 
     </span>
    </p>
   </div>
   <div class='ocr_carea' id='block_1_107' title="bbox 2258 4826 3885 4914">
    <p class='ocr_par' dir='ltr' id='par_1_107' title="bbox 2258 4826 3885 4914">
     <span class='ocr_line' id='line_1_108' title="bbox 2258 4826 3885 4914; baseline 0.002 -20"><span class='ocrx_word' id='word_1_869' title='bbox 2258 4841 2330 4894; x_wconf 84' lang='lat' dir='ltr'><strong>ad</strong></span> <span class='ocrx_word' id='word_1_870' title='bbox 2367 4842 2831 4912; x_wconf 81' lang='lat' dir='ltr'><strong>sanctiﬁcationem</strong></span> <span class='ocrx_word' id='word_1_871' title='bbox 2867 4840 3046 4914; x_wconf 82' lang='lat' dir='ltr'><strong>(Rom.</strong></span> <span class='ocrx_word' id='word_1_872' title='bbox 3089 4826 3175 4903; x_wconf 74' lang='lat' dir='ltr'><strong>VI,</strong></span> <span class='ocrx_word' id='word_1_873' title='bbox 3218 4838 3345 4909; x_wconf 67' lang='lat'><strong>16)?</strong></span> <span class='ocrx_word' id='word_1_874' title='bbox 3370 4837 3474 4905; x_wconf 83' lang='lat' dir='ltr'><strong>Qui</strong></span> <span class='ocrx_word' id='word_1_875' title='bbox 3502 4852 3652 4907; x_wconf 77' lang='lat' dir='ltr'><strong>ergo</strong></span> <span class='ocrx_word' id='word_1_876' title='bbox 3684 4857 3754 4897; x_wconf 86' lang='lat' dir='ltr'><strong>se</strong></span> <span class='ocrx_word' id='word_1_877' title='bbox 3782 4843 3885 4897; x_wconf 85' lang='lat' dir='ltr'><strong>sub</strong></span> 
     </span>
    </p>
   </div>
   <div class='ocr_carea' id='block_1_108' title="bbox 2253 4928 3883 5004">
    <p class='ocr_par' dir='ltr' id='par_1_108' title="bbox 2253 4928 3883 5004">
     <span class='ocr_line' id='line_1_109' title="bbox 2253 4928 3883 5004; baseline 0.004 -19"><span class='ocrx_word' id='word_1_878' title='bbox 2253 4932 2438 5003; x_wconf 87' lang='lat' dir='ltr'><strong>jngum</strong></span> <span class='ocrx_word' id='word_1_879' title='bbox 2467 4934 2674 4989; x_wconf 89' lang='lat' dir='ltr'><strong>miserit</strong></span> <span class='ocrx_word' id='word_1_880' title='bbox 2699 4933 2815 4999; x_wconf 89' lang='lat' dir='ltr'><strong>Dei,</strong></span> <span class='ocrx_word' id='word_1_881' title='bbox 2836 4934 3133 4989; x_wconf 85' lang='lat' dir='ltr'><strong>exinanivit</strong></span> <span class='ocrx_word' id='word_1_882' title='bbox 3163 4928 3245 4989; x_wconf 76' lang='lat' dir='ltr'><strong>sdi</strong></span> <span class='ocrx_word' id='word_1_883' title='bbox 3292 4932 3609 4987; x_wconf 86' lang='lat' dir='ltr'><strong>libertatem</strong></span> <span class='ocrx_word' id='word_1_884' title='bbox 3634 4935 3883 5004; x_wconf 80' lang='lat' dir='ltr'><strong>arbitrii,</strong></span> 
     </span>
    </p>
   </div>
   <div class='ocr_carea' id='block_1_109' title="bbox 2258 5025 3889 5099">
    <p class='ocr_par' dir='ltr' id='par_1_109' title="bbox 2258 5025 3889 5099">
     <span class='ocr_line' id='line_1_110' title="bbox 2258 5025 3889 5099; baseline 0.002 -15"><span class='ocrx_word' id='word_1_885' title='bbox 2258 5037 2317 5084; x_wconf 91' lang='lat' dir='ltr'><strong>ut</strong></span> <span class='ocrx_word' id='word_1_886' title='bbox 2338 5029 2747 5099; x_wconf 85' lang='lat' dir='ltr'><strong>perlibertatem</strong></span> <span class='ocrx_word' id='word_1_887' title='bbox 2762 5028 3151 5083; x_wconf 85' lang='lat' dir='ltr'><strong>diviniarbitrii</strong></span> <span class='ocrx_word' id='word_1_888' title='bbox 3166 5028 3440 5083; x_wconf 89' lang='lat' dir='ltr'><strong>liberetur.</strong></span> <span class='ocrx_word' id='word_1_889' title='bbox 3458 5025 3586 5081; x_wconf 88' lang='lat' dir='ltr'><strong>Non</strong></span> <span class='ocrx_word' id='word_1_890' title='bbox 3607 5030 3723 5085; x_wconf 85' lang='lat' dir='ltr'><strong>tibi</strong></span> <span class='ocrx_word' id='word_1_891' title='bbox 3740 5034 3889 5088; x_wconf 88' lang='lat' dir='ltr'><strong>vide-</strong></span> 
     </span>
    </p>
   </div>
   <div class='ocr_carea' id='block_1_110' title="bbox 2257 5120 3890 5189">
    <p class='ocr_par' dir='ltr' id='par_1_110' title="bbox 2257 5120 3890 5189">
     <span class='ocr_line' id='line_1_111' title="bbox 2257 5120 3890 5189; baseline 0.004 -12"><span class='ocrx_word' id='word_1_892' title='bbox 2257 5130 2346 5177; x_wconf 88' lang='lat' dir='ltr'><strong>tur</strong></span> <span class='ocrx_word' id='word_1_893' title='bbox 2365 5121 2641 5177; x_wconf 75' lang='lat' dir='ltr'><strong>exinatire</strong></span> <span class='ocrx_word' id='word_1_894' title='bbox 2660 5121 2962 5177; x_wconf 84' lang='lat' dir='ltr'><strong>libertatem</strong></span> <span class='ocrx_word' id='word_1_895' title='bbox 2984 5121 3190 5177; x_wconf 89' lang='lat' dir='ltr'><strong>arbitrii</strong></span> <span class='ocrx_word' id='word_1_896' title='bbox 3210 5121 3320 5187; x_wconf 82' lang='lat' dir='ltr'><strong>sui,</strong></span> <span class='ocrx_word' id='word_1_897' title='bbox 3342 5121 3435 5189; x_wconf 88' lang='lat' dir='ltr'><strong>qui</strong></span> <span class='ocrx_word' id='word_1_898' title='bbox 3463 5120 3574 5175; x_wconf 81' lang='lat' dir='ltr'><strong>sibi</strong></span> <span class='ocrx_word' id='word_1_899' title='bbox 3600 5127 3890 5183; x_wconf 79' lang='lat' dir='ltr'><strong>esurienti</strong></span> 
     </span>
    </p>
   </div>
   <div class='ocr_carea' id='block_1_111' title="bbox 2256 5212 3892 5285">
    <p class='ocr_par' dir='ltr' id='par_1_111' title="bbox 2256 5212 3892 5285">
     <span class='ocr_line' id='line_1_112' title="bbox 2256 5212 3892 5285; baseline 0.004 -16"><span class='ocrx_word' id='word_1_900' title='bbox 2256 5214 2489 5282; x_wconf 87' lang='lat' dir='ltr'><strong>denegat</strong></span> <span class='ocrx_word' id='word_1_901' title='bbox 2525 5229 2739 5285; x_wconf 90' lang='lat' dir='ltr'><strong>panem,</strong></span> <span class='ocrx_word' id='word_1_902' title='bbox 2780 5215 2985 5269; x_wconf 89' lang='lat' dir='ltr'><strong>sitienti</strong></span> <span class='ocrx_word' id='word_1_903' title='bbox 3021 5214 3256 5285; x_wconf 80' lang='lat' dir='ltr'><strong>denegat</strong></span> <span class='ocrx_word' id='word_1_904' title='bbox 3292 5220 3499 5283; x_wconf 83' lang='lat' dir='ltr'><strong>potum,</strong></span> <span class='ocrx_word' id='word_1_905' title='bbox 3529 5212 3892 5275; x_wconf 84' lang='lat' dir='ltr'><strong>dormitanti</strong></span> 
     </span>
    </p>
   </div>
   <div class='ocr_carea' id='block_1_112' title="bbox 2256 5306 3890 5382">
    <p class='ocr_par' dir='ltr' id='par_1_112' title="bbox 2256 5306 3890 5382">
     <span class='ocr_line' id='line_1_113' title="bbox 2256 5306 3890 5382; baseline 0.001 -20"><span class='ocrx_word' id='word_1_906' title='bbox 2256 5307 2488 5377; x_wconf 88' lang='lat' dir='ltr'><strong>denegat</strong></span> <span class='ocrx_word' id='word_1_907' title='bbox 2517 5309 2799 5364; x_wconf 86' lang='lat' dir='ltr'><strong>somnum?</strong></span> <span class='ocrx_word' id='word_1_908' title='bbox 2826 5306 2935 5363; x_wconf 92' lang='lat' dir='ltr'><strong>Sed</strong></span> <span class='ocrx_word' id='word_1_909' title='bbox 2955 5307 3007 5362; x_wconf 92' lang='lat' dir='ltr'><strong>in</strong></span> <span class='ocrx_word' id='word_1_910' title='bbox 3030 5307 3114 5362; x_wconf 90' lang='lat' dir='ltr'><strong>his</strong></span> <span class='ocrx_word' id='word_1_911' title='bbox 3135 5306 3329 5376; x_wconf 87' lang='lat' dir='ltr'><strong>dignus</strong></span> <span class='ocrx_word' id='word_1_912' title='bbox 3350 5319 3472 5361; x_wconf 87' lang='lat' dir='ltr'><strong>esse</strong></span> <span class='ocrx_word' id='word_1_913' title='bbox 3491 5320 3623 5363; x_wconf 82' lang='lat' dir='ltr'><strong>non</strong></span> <span class='ocrx_word' id='word_1_914' title='bbox 3646 5313 3890 5382; x_wconf 84' lang='lat' dir='ltr'><strong>poterit,</strong></span> 
     </span>
    </p>
   </div>
   <div class='ocr_carea' id='block_1_113' title="bbox 2331 5509 3889 5591">
    <p class='ocr_par' dir='ltr' id='par_1_113' title="bbox 2331 5509 3889 5591">
     <span class='ocr_line' id='line_1_114' title="bbox 2331 5509 3889 5591; baseline 0.008 -26"><span class='ocrx_word' id='word_1_915' title='bbox 2331 5521 2355 5550; x_wconf 78' lang='grc' dir='ltr'><strong>ο</strong></span> <span class='ocrx_word' id='word_1_916' title='bbox 2385 5512 2479 5568; x_wconf 88' lang='lat' dir='ltr'><strong>Ms.</strong></span> <span class='ocrx_word' id='word_1_917' title='bbox 2514 5511 2655 5568; x_wconf 91' lang='lat' dir='ltr'><strong>idem</strong></span> <span class='ocrx_word' id='word_1_918' title='bbox 2682 5527 2693 5564; x_wconf 86' lang='lat'><strong>;</strong></span> <span class='ocrx_word' id='word_1_919' title='bbox 2730 5509 2934 5575; x_wconf 71' lang='lat' dir='ltr'><strong>XXVII.</strong></span> <span class='ocrx_word' id='word_1_920' title='bbox 2968 5510 3267 5569; x_wconf 67' lang='grc' dir='ltr'><strong>Ηιειιετιει.</strong></span> <span class='ocrx_word' id='word_1_921' title='bbox 3304 5510 3475 5576; x_wconf 83' lang='lat' dir='ltr'><strong>Unde,</strong></span> <span class='ocrx_word' id='word_1_922' title='bbox 3507 5511 3755 5591; x_wconf 80' lang='lat' dir='ltr'><strong>inquit,</strong></span> <span class='ocrx_word' id='word_1_923' title='bbox 3789 5520 3889 5590; x_wconf 62' lang='lat' dir='ltr'><strong>dli,</strong></span> 
     </span>
    </p>
   </div>
   <div class='ocr_carea' id='block_1_114' title="bbox 2261 5590 3582 5721">
    <p class='ocr_par' dir='ltr' id='par_1_114' title="bbox 2261 5590 3582 5721">
     <span class='ocr_line' id='line_1_115' title="bbox 2261 5590 3582 5721; baseline 0.004 -13"><span class='ocrx_word' id='word_1_924' title='bbox 2261 5590 2365 5693; x_wconf 42' lang='lat' dir='ltr'><strong>cui.</strong></span> <span class='ocrx_word' id='word_1_925' title='bbox 2385 5654 2479 5709; x_wconf 81' lang='lat' dir='ltr'><strong>Ms.</strong></span> <span class='ocrx_word' id='word_1_926' title='bbox 2514 5655 2651 5711; x_wconf 93' lang='lat' dir='ltr'><strong>idem</strong></span> <span class='ocrx_word' id='word_1_927' title='bbox 2693 5674 2705 5709; x_wconf 91' lang='lat'><strong>:</strong></span> <span class='ocrx_word' id='word_1_928' title='bbox 2734 5649 3047 5712; x_wconf 69' lang='lat' dir='ltr'><strong>Cunnum.</strong></span> <span class='ocrx_word' id='word_1_929' title='bbox 3083 5653 3209 5710; x_wconf 90' lang='lat' dir='ltr'><strong>Non</strong></span> <span class='ocrx_word' id='word_1_930' title='bbox 3239 5663 3427 5721; x_wconf 83' lang='lat' dir='ltr'><strong>tecum,</strong></span> <span class='ocrx_word' id='word_1_931' title='bbox 3459 5662 3582 5713; x_wconf 87' lang='lat' dir='ltr'><strong>etc.</strong></span> 
     </span>
    </p>
   </div>
   <div class='ocr_carea' id='block_1_115' title="bbox 2327 5725 2968 5791">
    <p class='ocr_par' dir='ltr' id='par_1_115' title="bbox 2327 5725 2968 5791">
     <span class='ocr_line' id='line_1_116' title="bbox 2327 5725 2968 5791; baseline 0.005 -13"><span class='ocrx_word' id='word_1_932' title='bbox 2327 5737 2351 5773; x_wconf 76' lang='grc' dir='ltr'><strong>ις</strong></span> <span class='ocrx_word' id='word_1_933' title='bbox 2383 5725 2479 5781; x_wconf 83' lang='lat' dir='ltr'><strong>Ms.</strong></span> <span class='ocrx_word' id='word_1_934' title='bbox 2514 5727 2676 5791; x_wconf 90' lang='lat' dir='ltr'><strong>idem,</strong></span> <span class='ocrx_word' id='word_1_935' title='bbox 2708 5736 2968 5781; x_wconf 81' lang='lat' dir='ltr'><strong>concerta.</strong></span> 
     </span>
    </p>
   </div>
   <div class='ocr_carea' id='block_1_116' title="bbox 2326 5794 3294 5863">
    <p class='ocr_par' dir='ltr' id='par_1_116' title="bbox 2326 5794 3294 5863">
     <span class='ocr_line' id='line_1_117' title="bbox 2326 5794 3294 5863; baseline 0.002 -14"><span class='ocrx_word' id='word_1_936' title='bbox 2326 5794 2350 5834; x_wconf 72' lang='grc' dir='ltr'>ιι</span> <span class='ocrx_word' id='word_1_937' title='bbox 2382 5795 2480 5851; x_wconf 85' lang='lat' dir='ltr'><strong>Ms.</strong></span> <span class='ocrx_word' id='word_1_938' title='bbox 2514 5798 2682 5863; x_wconf 87' lang='lat' dir='ltr'><strong>idem,</strong></span> <span class='ocrx_word' id='word_1_939' title='bbox 2714 5799 2884 5852; x_wconf 85' lang='lat' dir='ltr'><strong>minus</strong></span> <span class='ocrx_word' id='word_1_940' title='bbox 2911 5798 2992 5852; x_wconf 90' lang='lat' dir='ltr'><strong>illi</strong></span> <span class='ocrx_word' id='word_1_941' title='bbox 3020 5797 3294 5853; x_wconf 87' lang='lat' dir='ltr'><strong>dimittitur</strong></span> 
     </span>
    </p>
   </div>
   <div class='ocr_carea' id='block_1_117' title="bbox 2278 5866 3102 5940">
    <p class='ocr_par' dir='ltr' id='par_1_117' title="bbox 2278 5866 3102 5940">
     <span class='ocr_line' id='line_1_118' title="bbox 2278 5866 3102 5940; baseline 0.006 -21"><span class='ocrx_word' id='word_1_942' title='bbox 2278 5868 2285 5879; x_wconf 84' lang='grc'><strong><em>“</em></strong></span> <span class='ocrx_word' id='word_1_943' title='bbox 2331 5866 2344 5904; x_wconf 78' lang='grc' dir='ltr'><strong>ί</strong></span> <span class='ocrx_word' id='word_1_944' title='bbox 2383 5866 2476 5927; x_wconf 72' lang='lat' dir='ltr'><strong>Ms.</strong></span> <span class='ocrx_word' id='word_1_945' title='bbox 2512 5867 2672 5935; x_wconf 84' lang='lat' dir='ltr'><strong>idem,</strong></span> <span class='ocrx_word' id='word_1_946' title='bbox 2700 5870 2816 5940; x_wconf 82' lang='lat' dir='ltr'><strong>ipsa</strong></span> <span class='ocrx_word' id='word_1_947' title='bbox 2847 5868 3102 5924; x_wconf 86' lang='lat' dir='ltr'><strong>libertate.</strong></span> 
     </span>
    </p>
   </div>
  </div>
