4140 6346
316 357 421 413 665

763 351 1357 410 PRAEDESTINATUS
1386 351 1536 408 SIVE
1583 351 2282 438 l’H.EDES'I‘|N.-\TURUM
2322 349 2658 417 IIIERESIS,
2702 350 2851 407 ETC.
2897 350 3021 406 LIB.
3061 349 3148 407 m.

3485 352 3592 409 666

317 472 417 526 nisi
449 485 505 526 se
534 458 889 524 voluntarium
917 469 1368 540 comprobaverit.
1405 467 1526 524 Non
1558 471 1695 522 enim
1725 486 1788 522 ex
1813 471 1900 522 tri-
1925 473 1974 530 Α
2004 468 2094 523 bra
2123 470 2275 540 ﬁunt,
2309 469 2402 524 sed
2415 483 2552 524 'mox
2572 471 2759 525 iterum
2781 469 3020 542 pudenda
3039 471 3326 544 efﬁciuntur
3353 489 3417 527 ex
3445 491 3595 528 mem-

315 566 480 629 stitia,
507 563 692 634 inquit,
717 555 1034 634 Apostolils,
1083 579 1175 615 nec
1209 578 1272 616 ex
1302 564 1634 626 necessitate,
1684 561 1902 615 hilarem

317 657 454 708 eum:
504 654 734 709 datorem
759 701 764 704 .
787 653 954 726 diligit
999 652 1138 708 Deus
1169 652 1244 723 (ll
1276 652 1396 707 Cor.
1430 670 1502 717 Ix,
1535 654 1622 723 7).
1669 650 1821 706 Unde
1850 663 1905 706 et

316 749 580 820 propheta
605 748 732 804 dicit
766 748 876 802 Deo
903 766 915 800 :
958 745 1269 802 Voluntarie
1300 747 1608 818 sacriﬁcabo
1651 746 1742 800 tibi
1783 744 1900 817 (Ps.

319 857 428 907 LIII,
461 839 540 913 8).
571 839 640 894 Et
678 842 870 894 iterum
898 857 910 892 :
947 839 1199 902 Reﬂoruit
1219 856 1339 894 caro
1367 856 1481 894 mea
1500 880 1514 903 ,
1543 839 1739 908 inquit,
1762 846 1811 892 et
1839 853 1904 891 ea:

317 933 579 989 uoluntate
605 950 718 987 mea
759 930 1041 1003 confitebor
1068 933 1144 986 illi
1189 931 1305 1003 (Ps.
1333 948 1506 996 xxvu,
1540 931 1616 1000 7).
1654 931 1729 985 De
1760 929 1902 999 inju-

213 1056 218 1062 α
316 1033 404 1079 sto
433 1031 614 1078 autem
656 1023 920 1092 legimus:
955 1020 1140 1077 Noluit
1184 1022 1467 1094 intelligere
1492 1031 1548 1076 ut
1583 1020 1706 1075 bene
1731 1025 1906 1093 ageret

317 1115 436 1187 (Ps.
460 1130 625 1180 xxxv,
654 1113 730 1186 ι).
785 1113 937 1169 Unde
983 1121 1037 1169 et
1081 1115 1271 1169 beatus
1318 1111 1519 1168 Jacob:
1562 1112 1792 1176 Simeon,
1825 1111 1905 1164 in-

316 1207 467 1279 quit,
497 1217 548 1260 et
587 1204 708 1261 Levi
737 1208 926 1279 fratres
967 1214 1447 1261 consummaverunt
1482 1203 1804 1277 iniquitatem
1841 1218 1906 1256 ea:

315 1301 581 1356 uoluntate
603 1317 697 1354 sua
728 1298 880 1371 (Cen.
914 1315 1060 1364 χιιι,
1095 1297 1146 1365 5,
1179 1297 1253 1368 6).
1336 1295 1391 1351 Si
1440 1311 1567 1366 ergo
1616 1305 1905 1367 antequam

324 1407 450 1447 vera
477 1398 533 1445 et
563 1390 768 1460 integra
799 1390 1018 1446 libertas
1047 1396 1230 1444 nostra
1259 1387 1496 1451 veniret,
1531 1386 1788 1441 Dominus
1815 1384 1906 1440 Je-

302 1499 411 1540 .sus
438 1481 710 1548 Christus,
748 1492 769 1518 η
797 1481 977 1552 justus
1005 1481 1307 1537 voluntarie
1334 1479 1653 1536 sacriﬁcavit
1683 1479 1821 1542 Deo,
1851 1486 1908 1533 et

317 1593 386 1632 ex
410 1577 684 1632 voluntate
727 1591 822 1630 sua
853 1573 1130 1629 confessus
1159 1580 1270 1639 est,
1320 1579 1574 1644 peccator
1620 1587 1683 1626 ex
1715 1570 1904 1625 volun-

317 1678 428 1726 tate
456 1669 716 1740 deliquit;
767 1677 967 1740 quanto
995 1668 1166 1736 magis
1217 1682 1393 1732 nunc,
1426 1667 1719 1721 instaurata
1752 1663 1907 1718 nobis

317 1764 568 1820 libertate
617 1778 714 1832 per
762 1761 1064 1827 Christum,
1115 1761 1364 1817 universa
1413 1769 1599 1815 nostro
1634 1761 1754 1828 jure
1782 1762 1908 1813 sunt

2006 561 2134 615 bris.
2170 559 2294 615 Non
2335 562 2474 615 enim
2515 579 2589 626 re,
2621 563 2712 616 sed
2740 581 2830 633 spe
2868 564 3148 617 instaurati
3176 575 3310 618 sunt.
3336 563 3595 636 Concupi-

2005 654 2201 706 scentia
2256 652 2392 706 enim
2445 653 2622 707 carnis
2675 671 2790 725 qua:
2843 672 2935 726 per
2962 657 3442 727 prauaricationem
3469 659 3594 714 Adce

2006 754 2256 816 repugnat
2274 746 2329 798 in
2359 763 2580 816 corpore
2601 755 2847 813 tanquam
2888 748 2974 802 lea:
3001 751 3227 820 peccati,
3268 751 3459 805 iterum
3491 753 3592 806 sibi

2005 838 2229 892 uindicat
2269 838 2618 908 baptizatum,
2661 847 2925 912 totumque
2967 842 3201 896 animum
3227 843 3341 914 ejus
3378 853 3596 899 conatur

2005 940 2244 986 euertere.
2296 931 2426 986 licet:
2453 940 2531 986 est
2550 932 2689 986 enim
2714 933 2871 986 radix
2893 934 3034 988 illius
3056 936 3245 1008 plaga,
3274 954 3426 1009 quam
3447 936 3597 991 Chri-

2006 1033 2115 1078 stus
2131 1023 2381 1088 saluauit;
2411 1023 2630 1078 saluauit
2651 1032 2821 1079 autem
2843 1025 2917 1078 sic
2935 1066 2949 1091 ,
2985 1027 3114 1080 sicut
3132 1015 3409 1097 Apostolus
3431 1030 3553 1084 dicit
3578 1048 3591 1083 :

2007 1114 2114 1183 Spe
2127 1115 2260 1168 salui
2283 1114 2411 1185 facti
2433 1130 2630 1185 sumus.
2649 1111 2715 1166 Et
2731 1112 2876 1185 jubet
2898 1132 2994 1169 nos
3015 1117 3247 1171 animum
3268 1119 3338 1172 ad
3362 1119 3596 1174 inuisibi-

2005 1207 2079 1261 lia
2112 1207 2516 1279 contemplanda
2547 1208 2867 1279 transferre:
2899 1224 2990 1262 nec
3009 1208 3072 1264 de
3099 1210 3179 1263 his
3207 1227 3319 1282 quae
3341 1211 3593 1276 uidentur,

2006 1299 2366 1371 prwsumendo
2396 1317 2652 1356 corruere.
2686 1298 2757 1353 Et
2775 1299 2896 1355 ideo
2925 1301 3052 1355 dicit
3076 1319 3093 1356 :
3118 1302 3252 1373 Spes
3290 1314 3463 1358 autem
3481 1321 3598 1377 qua:

2005 1391 2227 1453 uidetur,
2253 1406 2357 1444 non
2381 1400 2456 1445 est
2477 1408 2627 1463 spes;
2659 1408 2723 1446 ne
2752 1393 2886 1464 forte
2915 1393 3302 1449 (estimarentur
3324 1414 3414 1467 per
3435 1396 3599 1468 bapti-

2008 1499 2176 1537 smum
2200 1485 2274 1537 ita
2300 1483 2415 1538 tolli
2437 1493 2754 1555 peccata,ut
2776 1485 2934 1539 etiam
2961 1486 3168 1541 radices
3200 1487 3330 1558 ipsa:
3359 1497 3596 1559 peccato-

2006 1591 2126 1628 rum
2154 1575 2310 1629 simul
2339 1584 2658 1647 putarentur
2687 1577 2901 1648 auferri.
2955 1578 3131 1634 Notus
3151 1577 3289 1632 enim
3317 1579 3406 1634 ille
3429 1579 3599 1651 pollu-

2008 1667 2167 1721 tionis
2195 1667 2284 1739 qui
2329 1685 2420 1738 per
2454 1669 2938 1739 prwuaricationem
2982 1678 3226 1724 naturam
3260 1670 3476 1738 inuasit,
3522 1673 3599 1727 ita

2009 1768 2238 1815 remanet
2270 1761 2323 1814 in
2354 1756 2650 1831 baptizata,
2693 1761 2826 1814 sicut
2869 1760 3026 1814 radix
3071 1761 3248 1831 capilli
3295 1779 3411 1816 cum
3439 1765 3595 1835 fuerit

317 1856 523 1912 reddita
547 1896 563 1921 ,
603 1871 708 1910 non
739 1863 927 1910 natura
957 1855 1267 1910 dominante
1289 1895 1304 1918 ,
1338 1861 1396 1908 ut
1426 1851 1673 1922 Pelagius
1700 1859 1756 1907 et
1781 1849 1907 1906 ϐω-
1938 1859 1988 1922 B
2013 1851 2262 1907 nouacula
2290 1853 2344 1906 in
2367 1852 2638 1923 superﬁcie
2655 1851 2964 1906 emundatus
2988 1862 3038 1906 et
3058 1868 3230 1907 rasus.
3273 1851 3443 1908 Rasus
3463 1855 3600 1908 enim

318 1949 504 2003 lestius
532 1948 790 2014 deﬁnivit,
823 1965 930 2004 non
962 1939 1151 2002 natura
1177 1947 1412 2002 hominis
1440 1946 1784 2010 dominante,
1814 1943 1909 1999 sed

266 2087 268 2091 .
317 2041 518 2096 Christi
567 2041 738 2109 gratia
785 2038 1164 2095 contionante?
1215 2039 1332 2094 Non
1363 2039 1474 2095 suis
1517 2037 1719 2092 viribus
1746 2037 1912 2106 impu-

322 2133 506 2195 tando,
557 2132 651 2187 sed
698 2131 765 2185 de
811 2130 908 2184 Dei
959 2130 1294 2184 adminiculis
1339 2128 1749 2200 prtesumendo;
1802 2143 1910 2181 non

319 2224 420 2279 sibi
447 2223 647 2293 aliquid
681 2220 1020 2292 usurpando,
1052 2220 1145 2276 sed
1189 2227 1360 2274 totum
1403 2219 1498 2274 Dei
1526 2219 1708 2286 gratia:
1739 2219 1911 2289 impu-

278 2305 280 2308 ’
321 2316 522 2371 tando?
572 2315 798 2379 Totum,
833 2315 1082 2384 inquam,
1127 2320 1297 2367 totum
1327 2312 1467 2378 dixi;
1499 2319 1672 2390 totum
1701 2318 1911 2382 repeto,

321 2415 494 2462 totum
516 2445 530 2468 ,
581 2405 677 2461 sed
704 2406 938 2470 bonum;
989 2404 1190 2458 malum
1228 2410 1407 2457 autem
1451 2418 1517 2456 ex
1546 2409 1732 2456 nostro
1760 2401 1912 2464 vitio,

231 2563 250 2574 ,
324 2517 392 2554 ex
425 2507 605 2553 nostra
638 2495 959 2566 negligentia
984 2536 998 2560 ,
1053 2502 1108 2549 et
1147 2510 1214 2549 ex
1256 2502 1438 2549 nostra
1469 2493 1786 2548 incurrimus
1817 2504 1913 2547 vo-

326 2592 554 2646 luntate.
587 2586 725 2654 Quid
762 2585 1073 2642 convertitis
1105 2593 1265 2656 caput
1294 2585 1360 2639 ad
1385 2585 1698 2647 calumnias,
1731 2593 1784 2638 et
1814 2582 1915 2638 Pe-

330 2683 456 2751 lagii
488 2681 642 2736 nobis
681 2680 874 2749 dogma
915 2679 1182 2749 objicitis?
1210 2678 1237 2717 δ
1268 2677 1690 2732 Anathemamos
1727 2691 1914 2732 omnes

327 2775 419 2844 qui
449 2774 666 2839 dicunt,
718 2770 986 2840 adiutorio
1015 2771 1110 2826 Dei
1147 2770 1356 2826 sublato
1378 2811 1392 2835 ,
1438 2785 1601 2841 posse
1636 2764 1910 2824 hominem

324 2867 440 2924 sine
463 2875 687 2938 peccato
715 2880 833 2921 esse
854 2865 899 2920 si
926 2865 1088 2930 velit;
1131 2865 1540 2919 anathemamus
1569 2863 1661 2933 qui
1705 2862 1910 2928 dicunt,
1961 2858 1970 2866 ’

324 2976 424 3016 nec
450 2975 546 3030 per
572 2957 741 3012 Adam
763 2973 928 3023 mors,
959 2973 1060 3013 nec
1084 2973 1187 3028 per
1215 2957 1486 3013 Christum
1514 2957 1652 3021 vita;
1680 2955 1906 3010 anathe-

285 3054 288 3058 ’
321 3067 530 3108 mamus
559 3051 648 3122 qui
681 3050 866 3106 dicunt
892 3049 959 3105 de
986 3050 1197 3106 duobus
1231 3050 1519 3120 baptizatis
1552 3049 1644 3118 qui
1673 3048 1916 3104 nascitur

247 3143 254 3148 ’
322 3143 645 3214 baptismum
668 3142 906 3212 indigere
930 3157 1038 3206 non
1061 3157 1251 3212 posse;
1283 3142 1690 3196 anathemamus
1715 3140 1809 3210 qui
1836 3139 1917 3194 di-

2010 1955 2089 2001 est
2113 1955 2170 1999 ut
2187 1947 2560 2001 emundaretur
2591 1948 2765 2012 locus;
2803 1965 2908 2002 non
2937 1947 3355 2012 esteradicatus,
3386 1957 3442 2001 ut
3467 1951 3600 2004 ulte-

2009 2040 2119 2093 rius
2149 2055 2252 2092 non
2281 2047 2598 2092 nasceretur.
2629 2037 2692 2093 Si
2709 2039 2852 2092 enim
2869 2055 2934 2092 ea:
2955 2038 3154 2109 integro
3181 2055 3271 2109 per
3293 2037 3602 2109 baptismum

2012 2131 2180 2184 omnis
2218 2130 2670 2199 prwuaricationis
2715 2129 2845 2184 Ada:
2892 2129 3162 2200 fragilitas
3201 2129 3488 2194 tolleretur,
3521 2128 3602 2183 ba-

2013 2220 2198 2291 ptizati
2216 2238 2394 2274 omnes
2417 2219 2561 2275 nullo
2591 2220 2784 2274 caloris
2817 2229 2957 2275 motu
2983 2221 3313 2274 traherentur
3340 2222 3411 2275 ad
3436 2223 3604 2275 crimi-

2014 2328 2104 2376 na,
2131 2310 2304 2365 nullus
2325 2310 2567 2365 sordibus
2596 2311 2956 2382 inquinaretur
2991 2312 3252 2373 humanis.
3280 2312 3452 2367 nullus
3481 2330 3602 2368 con-

2015 2402 2344 2472 cupiscentia:
2393 2402 2601 2456 stimulo
2651 2411 3000 2474 pungeretur;
3050 2402 3142 2458 sed
3182 2405 3301 2476 quia
3347 2421 3436 2476 spe
3474 2389 3632 2460 salui.

2015 2497 2388 2567 facti-sumus,
2438 2496 2575 2567 quod
2601 2496 2769 2549 adhuc
2821 2513 2925 2550 non
2964 2496 3216 2563 uidemus,
3265 2515 3358 2568 per
3397 2500 3603 2569 patien-

2013 2590 2141 2642 tiam
2169 2597 2545 2660 exspectamus.
2604 2588 2785 2644 Veniet
2828 2599 3053 2661 tempus,
3096 2591 3149 2644 in
3187 2608 3287 2663 quo
3323 2609 3483 2664 neque
3510 2609 3604 2646 nu-

2013 2680 2137 2734 bant
2163 2683 2395 2753 fcminw,
2429 2699 2588 2754 neque
2613 2683 2711 2737 uiri
2738 2699 2930 2736 utr-ores
2959 2683 3184 2747 ducant,
3231 2684 3323 2738 sed
3345 2685 3447 2737 sint
3475 2686 3604 2738 sicut

2013 2776 2186 2847 angeli
2213 2776 2266 2830 in
2290 2776 2428 2829 caelis
2454 2775 2667 2843 (Matth.
2703 2791 2832 2840 xxn,
2867 2775 2978 2843 '50).
3024 2774 3155 2830 Cum
3181 2777 3319 2830 enim
3346 2777 3605 2846 corrupti-

2014 2865 2115 2920 bile
2138 2867 2233 2919 hoc
2254 2866 2482 2920 induerit
2504 2867 2966 2936 incorruptionem,
2993 2874 3040 2919 et
3070 2867 3290 2920 mortale
3320 2867 3414 2920 hoc
3434 2867 3606 2921 indue-

2015 2960 2084 3013 rit
2105 2959 2551 3036 immortalitatem
2575 2996 2590 3020 ,
2639 2965 2762 3011 tunc
2801 2959 2890 3029 ﬁet
2919 2975 3089 3013 sermo
3115 2959 3204 3031 qui
3233 2959 3456 3030 scriptus
3493 2969 3604 3014 est:

2021 3048 2282 3120 Absorpta
2311 3057 2387 3103 est
2418 3065 2558 3103 mors
2587 3046 2612 3085 ἀ
2651 3051 2705 3102 in
2728 3050 3032 3114 uictoriam;
3063 3047 3151 3103 ubi
3179 3057 3286 3115 est,
3328 3065 3487 3115 mors,
3531 3050 3606 3103 ui-

2027 3142 2193 3196 ctoria
2239 3141 2367 3194 tua?
2411 3137 2499 3194 ubi
2541 3150 2616 3195 est
2663 3141 2899 3195 stimulus
2946 3142 3099 3195 tuus?
3139 3141 3394 3197 Stimulus
3439 3149 3606 3197 autem

323 3241 452 3291 cunt
493 3231 723 3289 infantes
770 3247 876 3288 non
924 3232 1121 3287 debere
1159 3233 1213 3286 in
1255 3232 1626 3287 remissionem
1656 3237 1912 3302 peccato-
1935 3229 1983 3297 C
2019 3235 2203 3288 mortis
2225 3242 2490 3304 peccatum
2512 3243 2620 3299 est,
2666 3233 2827 3287 uirtus
2856 3250 2972 3288 vero
2995 3235 3195 3304 peccati
3223 3233 3326 3288 lex.
3371 3232 3512 3286 Tunc
3537 3233 3606 3286 di-

323 3339 442 3382 rum
478 3325 818 3398 baptismatis
859 3323 1286 3380 Sanctiﬁcatione
1309 3324 1547 3389 censeri;
1602 3315 1915 3378 anathem‘a-
1963 3327 1970 3334 “

323 3429 444 3474 mus
471 3415 650 3472 omnia
679 3430 799 3485 qua:
829 3415 882 3470 in
913 3415 1160 3471 omnibus
1189 3415 1456 3470 hmreticis
1483 3414 1702 3470 damnat
1728 3414 1914 3470 Eccle-

323 3509 440 3575 sia;
473 3507 884 3562 anathemamns
913 3514 968 3562 et
995 3504 1186 3561 librum
1213 3514 1454 3562 vestrum
1480 3507 1758 3563 vobiscum
1777 3549 1792 3574 ,
1821 3507 1914 3577 qni

323 3599 459 3656 dicit
483 3616 496 3652 :

391 3687 557 3746 XXV.
595 3700 616 3726 ο
650 3687 716 3743 In
761 3698 961 3743 tantum
1010 3690 1246 3743 vitiatam
1306 3707 1395 3761 per
1435 3690 1916 3761 praeuaricationem

325 3781 452 3836 Adte
475 3782 699 3836 hominis
731 3787 984 3835 naturam
1027 3783 1328 3853 agnouimus
1351 3823 1365 3844 ,
1397 3789 1452 3833 ut
1486 3781 1918 3834 instaurationem

325 3891 474 3928 suam
513 3890 602 3943 per
640 3871 902 3926 Christum
929 3889 1034 3927 non
1063 3876 1116 3926 in
1139 3890 1194 3926 re
1218 3873 1310 3926 sed
1330 3875 1381 3926 in
1417 3889 1506 3943 spe
1537 3872 1694 3944 fuerit
1734 3887 1917 3925 conse-

327 3975 443 4017 cuta
468 4004 483 4027 ,
516 3963 718 4016 dicente
755 3964 1040 4032 Apostolo:
1083 3965 1190 4034 Spe
1221 3964 1350 4017 salui
1386 3966 1512 4035 facti
1553 3981 1762 4028 sumus;
1803 3981 1918 4033 spes

331 4063 502 4106 autem
541 4070 656 4124 qua:
688 4054 904 4119 videtur,
948 4071 1050 4108 non
1091 4064 1167 4107 est
1207 4072 1320 4125 spes
1353 4053 1526 4125 (Rom.
1555 4071 1664 4120 vm,
1696 4054 1807 4126 24).
1858 4053 1920 4109 Si

331 4159 455 4213 ergo
483 4159 574 4212 spe
603 4142 730 4196 salui
751 4144 878 4214 facti
905 4138 1110 4209 sumus,
1136 4144 1303 4197 adhuc
1327 4161 1435 4198 rem
1467 4145 1520 4198 in
1554 4147 1794 4216 prcesenti
1819 4161 1920 4200 sce-

331 4234 447 4289 culo
473 4252 578 4289 non
609 4245 856 4290 tenemus.
902 4233 1028 4290 Ideo
1059 4237 1275 4309 denique
1307 4237 1557 4308 baptizati
1585 4241 1769 4293 iterum
1805 4255 1920 4292 car-

227 4389 238 4392 _7
329 4325 520 4381 naliter
544 4327 931 4397 concupiscunt,
960 4336 1008 4380 et
1034 4328 1150 4389 illos
1180 4338 1348 4382 motus
1383 4330 1610 4400 corporis
1633 4331 1916 4402 patiuntur,

327 4422 448 4492 quia
469 4435 576 4489 spe,
601 4434 701 4471 non
727 4435 782 4480 re
803 4421 1060 4472 consecuti
1082 4429 1200 4473 sunt
1220 4421 1616 4475 instaurationis
1640 4422 1918 4477 auxilium.

331 4511 392 4567 Si
415 4513 552 4564 enim
599 4527 655 4563 re
700 4512 961 4564 consecuti
1002 4513 1253 4583 fuissent,
1287 4521 1404 4583 post
1438 4511 1764 4590 baptismatis
1797 4532 1920 4586 gra-

2017 3343 2187 3381 cemus
2215 3343 2232 3380 .'
2259 3324 2368 3380 Deo
2390 3326 2612 3400 gratias,
2637 3326 2722 3397 qui
2738 3325 2879 3379 dedit
2909 3323 3057 3379 nobis
3086 3326 3356 3385 uictoriam
3381 3341 3472 3394 per
3495 3323 3605 3377 Do-

2015 3420 2211 3472 minum
2253 3425 2486 3472 nostrum
2511 3415 2694 3471 Jesum
2722 3416 2982 3469 Christum
3022 3415 3062 3482 (1
3085 3414 3203 3468 Cor.
3234 3431 3322 3478 xv,
3355 3412 3422 3466 54
3457 3444 3473 3454 -
3496 3412 3606 3482 57).

2021 3520 2042 3547 ε
2075 3503 2171 3566 llic
2199 3518 2281 3564 est
2311 3509 2522 3564 liliellus
2549 3518 2760 3572 vester,
2805 3524 2964 3577 quem
2993 3508 3123 3561 nulli
3153 3508 3296 3562 datis
3324 3507 3606 3576 legendum

2019 3604 2123 3658 nisi
2153 3603 2252 3657 sub
2280 3608 2638 3657 sacramento.
2683 3599 2817 3654 Vide
2863 3615 2930 3653 ne
2955 3598 3171 3670 prodas,
3206 3615 3274 3654 ne
3302 3597 3398 3654 des
3425 3599 3608 3668 legen-

2017 3693 2146 3748 dum
2194 3691 2486 3762 imperitis;
2541 3704 2764 3759 regnum
2815 3690 2907 3744 Dei
2946 3706 3239 3761 paucorum
3272 3699 3374 3746 est.
3422 3690 3480 3745 In
3509 3691 3610 3748 hoc

2018 3788 2242 3852 apparet
2265 3781 2390 3850 quia
2417 3789 2469 3835 te
2489 3780 2630 3836 Deus
2650 3779 3052 3850 praedestinavit
3077 3780 3140 3834 ad
3169 3781 3332 3836 vitam
3351 3819 3367 3844 ,
3395 3781 3440 3834 si
3471 3781 3610 3836 hunc

2017 3874 2258 3929 libellum
2283 3880 2343 3927 tu
2369 3873 2507 3928 sicut
2535 3879 2683 3926 tuam
2716 3872 2948 3925 animam
2979 3886 3179 3926 serves.
3233 3870 3459 3924 Maxima
3490 3886 3611 3940 pars

2019 3965 2452 4020 muliercularum
2491 3979 2521 4017 a
2558 3963 2712 4017 vobis
2739 3963 2881 4016 hunc
2927 3968 3168 4016 meretur
3196 3959 3436 4015 libellum
3465 3961 3610 4016 acci-

2020 4070 2170 4126 pere.
2204 4054 2443 4124 Denique
2469 4069 2587 4123 qua:
2614 4068 2736 4108 eum
2768 4050 3023 4123 prodidit,
3040 4050 3234 4106 femina
3263 4066 3491 4122 corpore
3519 4051 3612 4106 sed

2020 4147 2106 4200 vir
2122 4145 2321 4209 animo,
2346 4143 2471 4199 dum
2489 4145 2650 4198 istum
2667 4157 2696 4196 a
2710 4142 2865 4197 vobis
2885 4141 3120 4196 libellum
3148 4142 3247 4197 sub
3275 4151 3612 4198 sacramento

2021 4239 2345 4309 suscepisset
2369 4276 2383 4301 ,
2434 4237 2693 4308 scriptam
2722 4236 2906 4304 legens
2933 4234 3240 4301 exhorruit,
3284 4241 3340 4289 et
3368 4233 3449 4288 his
3475 4249 3614 4304 quos

2021 4331 2317 4390 catholicos
2381 4338 2606 4386 noverat
2671 4326 3088 4384 examinandum
3132 4327 3297 4384 dedit.
3363 4324 3613 4397 Legimus

2021 4441 2142 4481 eum
2170 4432 2226 4479 et
2255 4438 2371 4490 nos,
2405 4423 2550 4498 quod
2588 4437 2804 4492 semper
2846 4420 3135 4485 timuistis;
3164 4428 3238 4487 et,
3262 4419 3486 4490 juvante
3513 4419 3613 4476 Do-

2020 4518 2187 4582 mino,
2220 4509 2586 4586 blasphemias
2614 4514 2731 4584 ejus
2759 4515 3038 4570 evidenter
3064 4513 3395 4583 detegentes,
3423 4529 3612 4569 omnes

330 4603 459 4656 tiam
486 4617 588 4655 non
619 4611 754 4656 esset
782 4603 980 4673 peccati
1008 4618 1102 4656 nec
1129 4602 1449 4674 possibilitas
1473 4644 1487 4668 ,
1531 4620 1620 4658 nec
1657 4605 1915 4663 uoluntas.
1943 4601 2000 4665 D
2021 4609 2316 4666 catholicos
2345 4607 2695 4663 admonemus
2724 4615 2784 4661 ut
2811 4607 2957 4662 hunc
2983 4605 3220 4660 libellum
3251 4605 3484 4673 tugiant,
3515 4621 3610 4660 ex-

339 4693 530 4750 Verum
559 4696 676 4768 quia
714 4697 876 4750 uirtus
917 4694 1240 4765 baptismatis
1275 4704 1423 4750 tanta
1455 4704 1560 4760 est,
1596 4705 1654 4751 ut
1677 4699 1919 4754 uniuersa

329 4793 545 4858 peccata
573 4785 763 4850 deleat,
789 4785 1064 4856 pullulatio
1087 4794 1262 4840 tamen
1285 4794 1615 4857 peccatorum
1642 4785 1923 4860 baptisma-

332 4879 398 4932 tis
421 4877 562 4931 unda
601 4893 704 4931 non
745 4876 1003 4943 abluitur;
1034 4879 1203 4933 inesse
1229 4879 1367 4932 enim
1394 4895 1485 4948 per
1502 4877 1673 4933 Adam
1698 4890 1917 4936 natura-

333 4970 452 5024 liter
475 4970 792 5041 perdocetur.
838 4967 983 5023 Nam
999 4970 1093 5024 illa
1121 4969 1348 5024 membra
1376 4986 1492 5042 quae
1509 4970 1565 5023 in
1595 4969 1920 5042 baptismatis

330 5061 462 5115 hora
491 5061 794 5132 confusione
818 5069 997 5114 carent
1015 5101 1030 5126 ,
1051 5070 1232 5131 postea
1259 5061 1618 5131 confusionem
1645 5062 1918 5132 recipiunt,

332 5167 447 5224 qua:
465 5153 629 5206 vitant
648 5151 832 5223 ubique
860 5159 1216 5221 conspectum,
1240 5157 1291 5203 et
1309 5159 1546 5220 quaerunt
1575 5149 1813 5220 pudendo
1843 5168 1925 5204 se—

332 5251 548 5296 cretum.
591 5240 719 5307 Quae
741 5242 879 5296 enim
909 5239 1048 5295 Deus
1067 5239 1296 5294 membra
1326 5241 1540 5311 fecerat,
1562 5240 1924 5311 prceuaricatio

333 5333 387 5387 in
409 5333 647 5403 pudenda
668 5333 943 5398 conuertit;
972 5342 1022 5386 et
1050 5349 1154 5386 non
1176 5331 1417 5386 dicuntur
1443 5333 1695 5399 membra,
1722 5332 1814 5386 sed
1833 5348 1925 5402 pu-

333 5425 525 5482 dendo.
567 5425 694 5492 Qua:
713 5426 951 5500 pudenda
982 5411 1038 5480 in
1065 5435 1254 5497 puncto
1273 5425 1366 5481 illo
1395 5423 1722 5498 baptismatis
1762 5442 1924 5480 mem-

406 5591 432 5620 ι
472 5581 572 5638 Ms.
606 5581 888 5651 Augiense,
918 5579 1206 5635 uoluntarie
1224 5582 1496 5652 confessus
1534 5587 1610 5636 est
1635 5588 1844 5651 peccato
1867 5589 1918 5636 et

335 5653 776 5851 υἷιέἓέίέῗῖὰεω,
799 5690 1330 5789 Ᾰηαιζιεηιαεὶωηιαε.
1363 5721 1470 5779 Sed
1505 5728 1790 5792 utrumque
1827 5739 1913 5780 re-

335 5815 366 5851 c
395 5811 426 5850 e
491 5811 560 5851 ICI
589 5811 673 5850 ur.

335 5811 426 5852 ειθ
453 5811 673 5852 (ηειῑιπ.

2021 4709 2329 4765 secrentur,
2362 4707 2418 4754 et
2451 4707 2655 4754 :eterno
2687 4697 3035 4752 anathemate
3070 4693 3283 4749 feriant.
3324 4693 3611 4750 Damnabi-

2024 4792 2146 4847 litas
2174 4792 2317 4846 enim
2348 4791 2465 4860 ejus
2501 4805 2566 4844 eo
2596 4803 2765 4856 usque
2792 4787 3075 4858 pervenit,
3119 4785 3454 4840 ut’universa
3492 4801 3610 4859 my-

2023 4883 2185 4937 steria
2238 4879 2534 4935 Salvatoris
2577 4884 2819 4932 evacuet.
2863 4875 3000 4930 Dicit
3044 4874 3369 4946 baptismum
3413 4875 3611 4934 Christi

2023 4972 2252 5028 fructum
2301 4971 2466 5024 ullum
2512 4969 2753 5038 penitus,
2796 4966 2924 5022 dum
2973 4966 3219 5036 traditur,
3249 4985 3357 5025 non
3385 4970 3604 5027 habere.

2023 5060 2190 5130 Spes,
2221 5059 2423 5130 inquit,
2469 5073 2588 5128 quae
2615 5057 2826 5112 videtur
2866 5073 2972 5113 non
3006 5066 3090 5114 est
3114 5074 3268 5132 spes,
3297 5059 3351 5115 id
3378 5068 3492 5125 est,
3523 5075 3611 5114 re-

2025 5152 2212 5206 missio
2240 5158 2581 5220 peceatorum
2609 5167 2620 5202 :
2664 5155 2718 5204 et
2743 5149 2999 5220 quidquid
3025 5151 3079 5207 in
3105 5153 3357 5223 praesenti
3385 5151 3610 5221 promit-

2027 5242 2175 5305 titur,
2209 5257 2317 5296 non
2359 5250 2472 5307 est,
2517 5240 2642 5310 quia
2679 5241 2731 5296 in
2774 5241 2953 5298 futuro
2987 5251 3259 5308 servatur;
3290 5241 3377 5295 hic
3403 5247 3604 5306 tamen,

2026 5333 2079 5388 id
2102 5342 2183 5387 est
2209 5333 2260 5387 in
2292 5333 2396 5386 hoc
2426 5333 2646 5400 mundo,
2678 5350 2786 5390 non
2818 5335 3096 5403 accipitur.
3137 5333 3274 5386 Dicit
3301 5330 3444 5384 enim
3471 5330 3610 5400 Apo-

2024 5426 2194 5482 stolus
2242 5444 2254 5478 :
2283 5425 2416 5497 Spes
2439 5443 2554 5498 qua:
2581 5427 2779 5481 uidetur
2817 5441 2920 5480 non
2949 5431 3024 5476 est
3053 5439 3190 5493 spes.
3237 5419 3379 5488 Ergo
3408 5435 3477 5476 ne
3504 5421 3609 5478 hoc

2009 5553 2012 5556 h
2103 5590 2126 5619 ο
2169 5579 2266 5635 Ms.
2300 5579 2475 5635 idem:
2508 5577 2742 5632 XXVIII.
2776 5539 3070 5631 Hmisane].
3115 5571 3182 5628 In
3219 5580 3426 5630 tantum
3457 5570 3582 5636 uitia

2025 5661 2155 5715 tam,
2179 5660 2284 5707 etc.

2094 5724 2121 5762 ά
2162 5722 2258 5778 Ms.
2293 5721 2450 5786 idem,
2483 5722 2539 5772 in
2570 5717 2801 5771 uictoria.

2098 5803 2120 5831 ο
2160 5793 2259 5850 Ms.
2294 5784 2470 5846 idem:
2503 5787 2815 5844 Cnuouci.
2849 5784 2952 5840 llic
2981 5795 3057 5840 est
3080 5787 3303 5860 libellus,
3336 5799 3439 5852 etc.
