4140 6346
544 378 648 439 867

1428 390 1432 395 α
1526 366 1805 430 AUCTOR
1841 365 2211 427 ANONYMUS
2248 354 2793 425 PRIEDESTINATIJ

3706 356 3821 420 668

542 489 830 572 Apostolus
876 497 942 554 ad
989 496 1151 552 istum
1201 502 1436 550 vestrum
1482 507 1698 548 sensum
1745 482 1913 545 dixit?
1964 486 2120 543 Prius
2147 488 2202 547 Α
2225 488 2353 542 estis
2376 528 2391 552 ,
2444 486 2572 557 quid
2617 485 2897 542 nobiscum
2943 483 3190 540 clanculo
3225 476 3671 563 communitatis?
3700 480 3818 537 Ex-

544 592 722 664 itaque
747 589 892 646 beati
922 577 1214 661 Paulicum
1244 574 1422 642 debita
1453 584 1753 641 reverentia
1782 596 1997 639 sensum
2032 595 2126 635 ex-

543 700 837 761 ponemus;
876 688 931 738 et
973 683 1047 737 ita
1082 676 1296 736 demum
1324 670 1999 759 peripai'tesconcidemus
2028 692 2125 749 pe-

2228 586 2470 650 spectate
2516 578 2746 634 alterum
2801 574 3000 632 Christi
3047 591 3241 647 corpus
3265 616 3281 643 ,
3332 574 3563 631 alterum
3608 571 3817 629 Christi

2228 673 2573 742 sanguinem;
2607 673 2766 727 istum
2807 670 2952 726 enim
2994 685 3099 724 non
3138 669 3192 724 in
3218 683 3280 724 re
3302 707 3319 735 ,
3368 664 3463 725 sed
3489 667 3544 723 in
3569 682 3665 733 spe
3695 681 3819 721 esse

543 774 639 835 des
664 776 785 834 libri
812 776 1014 843 vestri,
1057 778 1110 833 in
1150 778 1232 833 his
1271 792 1390 848 quae
1419 770 1691 834 conclusio
1721 774 1835 844 ejus
1858 773 1999 829 circa
2029 786 2128 827 nos
2192 768 2197 773 ’
2223 766 2455 837 jactatis.

546 870 706 930 ﬁnem
746 890 805 929 se
853 880 1096 928 autumat
1147 862 1415 927 invenisse
1461 856 1773 942 perfectum.
1816 850 2165 937 Apostolus,"

544 964 971 1028 consolationem
1021 958 1142 1018 ﬁliis
1188 961 1283 1017 Dei
1331 958 1597 1025 aﬂ’erens,
1642 957 1799 1025 dicit,
1854 959 1994 1013 utin
2025 957 2128 1011 isto

546 1058 748 1115 mundo
773 1057 905 1113 nihil
933 1064 1204 1127 quaerant,
1236 1071 1305 1110 ne
1334 1053 1475 1109 forte
1502 1044 1905 1109 considerantes
1936 1042 2137 1120 impios

547 1140 602 1207 et
627 1148 928 1206 incredulos
950 1149 1221 1219 prOSperis
1241 1146 1577 1203 successibus
1603 1145 1879 1213 gratulari,
1912 1159 1971 1200 se
2001 1157 2130 1197 vero

546 1226 732 1312 afﬂigi,
766 1242 1038 1307 dicerent,
1089 1234 1228 1295 Ecce
1270 1240 1324 1294 hi
1364 1247 1677 1311 peccatores
1718 1245 1773 1292 et
1799 1234 2132 1292 abundantes

547 1334 603 1390 in
632 1332 829 1413 smculo
876 1333 1225 1389 obtinuerunt
1272 1331 1484 1386 divitias
1534 1324 1649 1403 (Ps.
1683 1347 1844 1394 Lxxn,
1879 1329 1966 1398 15)
1993 1346 2007 1394 ;
2036 1344 2134 1383 nos

549 1435 731 1483 autem
761 1442 929 1495 usque
958 1425 1011 1479 in
1044 1425 1144 1480 bac
1170 1412 1301 1509 hora
1327 1463 1342 1488 ,
1389 1431 1444 1479 et
1484 1425 1775 1488 esurimus,
1809 1430 1863 1475 et
1904 1420 2129 1505 sitimus,

548 1526 605 1573 et
633 1517 761 1573 nudi
791 1530 975 1572 sumus
998 1557 1012 1583 ,
1069 1526 1123 1573 et
1148 1498 1389 1589 colaphis
1416 1504 1669 1585 etudimur
1699 1513 1738 1584 (l
1763 1510 1882 1568 Cor.
1917 1531 1985 1578 rv,
2021 1498 2131 1584 li).

551 1598 772 1687 Tollens
799 1610 927 1679 ergo
956 1608 1235 1680 prmsentis
1263 1609 1443 1663 saeculi
1472 1607 1977 1673 considerationem,
2005 1621 2135 1676 gau-

550 1684 637 1778 dia
676 1702 852 1758 futura
902 1698 1186 1774 promittit.
1247 1692 1313 1756 Et
1358 1703 1601 1772 quamvis
1643 1700 1898 1769 magnis,
1943 1684 2132 1770 inquit,

552 1792 892 1877 passionibus
937 1795 1268 1865 fatigemini,
1320 1811 1426 1849 non
1475 1804 1601 1853 sunt
1644 1804 1818 1850 tamen
1850 1793 2181 1863 condigna},

2300 856 2510 915 XXVII.
2550 857 2576 897 δ
2608 855 2671 914 Si
2693 852 2832 910 enim
2858 874 2942 924 re,
2973 848 3251 926 inquiunt,
3278 851 3538 908 consecuti
3563 865 3818 913 essemus,

2231 963 2344 1025 post
2366 948 2691 1023 baptismatis
2711 946 2937 1021 gratiam
2963 965 3066 1005 non
3095 955 3227 1003 esset
3255 943 3453 1018 peccati
3476 960 3569 999 nec
3594 937 3821 1017 possibi-

2231 1041 2350 1098 litas
2369 1083 2383 1107 ,
2425 1057 2517 1095 nec
2551 1038 2808 1096 voluntas.
2848 1050 2871 1079 ε
2907 1037 3034 1097 Ideo
3062 1042 3191 1106 ergo
3219 1037 3378 1092 vultis
3406 1030 3695 1091 ostendere
3716 1033 3821 1087 ba-

2231 1134 2496 1206 ptismatis
2534 1132 2762 1203 gratiam
2792 1148 2899 1187 non
2929 1146 3044 1185 rem
3085 1129 3410 1196 contulisse,
3443 1121 3569 1197 quia
3620 1122 3823 1179 iterum

2233 1236 2357 1297 post
2384 1225 2649 1296 baptisma
2696 1239 2980 1295 possumus
3010 1212 3065 1277 et
3090 1220 3229 1277 velle
3257 1219 3454 1275 malum
3473 1258 3487 1283 ,
3519 1226 3575 1273 et
3602 1212 3826 1288 operari

2234 1316 2454 1375 malum.
2506 1316 2574 1373 Et
2612 1319 2700 1374 cui
2741 1318 2974 1374 habebat
3007 1314 3123 1371 dari
3150 1310 3241 1370 lex
3268 1311 3394 1381 Dei,
3426 1312 3470 1371 si
3492 1304 3827 1384 possibilitas

2234 1415 2363 1471 mali
2393 1414 2579 1469 luisset
2607 1413 2822 1469 ablata?
2874 1402 2980 1466 Aut
3020 1409 3141 1481 quis
3167 1409 3234 1465 de
3262 1405 3506 1463 custodia
3530 1403 3827 1461 mandato—

2236 1522 2355 1562 rum
2383 1506 2478 1562 Dei
2507 1496 2783 1577 pmemium
2827 1510 3073 1575 peteret,
3114 1502 3159 1557 si
3188 1496 3527 1572 praevaricari
3556 1513 3669 1553 non
3698 1512 3830 1569 pos-
3848 1487 3861 1496 ’

2235 1597 2356 1654 set?
2385 1597 2523 1653 sicut
2553 1613 2650 1652 nec
2690 1604 2870 1650 mutus
2897 1594 2964 1649 de
2994 1592 3388 1655 taciturnitate,
3426 1605 3528 1645 nec
3556 1586 3727 1660 spado
3753 1587 3831 1643 de

2237 1688 2543 1759 virginitate
2591 1680 2857 1740 laudatur.
2917 1682 3117 1753 Carent
3164 1682 3309 1761 epim
3356 1679 3515 1735 laude
3553 1680 3607 1733 in
3652 1679 3833 1745 bono,

2239 1780 2433 1851 quibus
2459 1779 2526 1834 ad
2565 1779 2766 1833 malum
2809 1776 3065 1832 transitus
3092 1775 3405 1844 denegatur.
3447 1771 3558 1827 Nos
3586 1784 3717 1839 ergo
3745 1769 3833 1825 tli-

464 1878 469 1883 ’
550 1865 826 1973 passiones
855 1866 1023 1963 hujus
1057 1888 1315 1960 temporis
1360 1887 1427 1941 ad
1467 1887 1697 1942 futuram
1743 1887 1970 1957 gloriam
2017 1901 2135 1957 quae
2163 1868 2209 1932 Β
2238 1876 2410 1939 cimus
2453 1872 2861 1945 possibilitatem
2908 1870 3035 1926 mali
3083 1870 3277 1925 bonam
3306 1882 3443 1973 ‘esse
3468 1866 3553 1939 his
3580 1865 3677 1934 qui
3705 1870 3833 1919 eam

549 1981 878 2055 revelabitur
926 1980 978 2034 in
1027 1980 1182 2035 nobis
1230 1978 1407 2052 (Rom.
1443 1996 1551 2045 vtu,
1588 1979 1695 2051 18).
1756 1979 1821 2049 Et
1851 1978 1992 2045 ideo,
2025 1996 2134 2050 spe,

552 2070 745 2145 inquit,
777 2073 909 2129 salvi
957 2074 1085 2146 facti
1120 2090 1298 2127 sumus
1329 2060 1518 2144 (Μήτι,
1550 2072 1661 2143 24).
1715 2073 1853 2129 Nota
1884 2073 1980 2128 tibi
2008 2058 2141 2128 salvi

552 2165 717 2249 facti:
747 2185 856 2224 non
885 2167 1020 2223 dixit
1046 2166 1306 2230 salvandi,
1340 2166 1433 2224 sed
1462 2167 1593 2223 salvi
1619 2156 1765 2240 facti.
1801 2164 2138 2223 Praeteritum

554 2259 680 2333 fecit
726 2259 940 2325 salutis;
989 2260 1114 2315 dum
1168 2260 1527 2324 credidimus,
1580 2259 1716 2315 salvi
1762 2259 1890 2314 facti
1934 2275 2138 2315 sumus.

527 2351 731 2420 -Quare
758 2352 890 2423 spe?
918 2336 1207 2421 Speramus
1235 2351 1378 2406 enim
1410 2367 1507 2407 nos
1529 2367 1832 2421 resurgere,
1865 2368 1971 2407 non
1995 2352 2140 2406 enim

554 2426 664 2514 iam
692 2443 1101 2498 resurreximus.
1151 2443 1288 2510 Quia
1328 2458 1456 2513 ergo
1484 2458 1765 2515 speramus
1794 2459 1894 2499 nos
1918 2459 2017 2514 pro
2045 2444 2142 2499 bo-

557 2534 640 2589 nis
668 2534 885 2606 praemia
930 2524 1245 2605 accepturos
1268 2576 1282 2602 ,
1314 2543 1369 2589 et
1396 2551 1494 2605 pro
1524 2523 1678 2591 malis
1704 2535 1964 2606 gehennae
1984 2550 2144 2605 posse

553 2626 835 2699 incurrere
860 2626 1154 2696 supplicia;
1199 2634 1480 2703 sperantes
1507 2626 1649 2681 bona
1678 2636 1734 2681 et
1760 2627 2012 2681 timentes
2038 2640 2147 2703 mai

562 2716 614 2775 la
637 2762 652 2788 ,
701 2713 838 2775 Salvi
878 2717 1003 2775 facti
1033 2736 1217 2775 sumus
1242 2738 1253 2773 ε
1303 2728 1359 2774 et
1385 2700 1477 2791 qui
1507 2734 1722 2777 eramus
1753 2720 1845 2776 ﬁlii
1876 2722 1986 2785 irae,
2020 2700 2144 2781 facti

558 2829 742 2869 sumus
770 2806 865 2866 lilii
894 2811 989 2866 Dei
1023 2802 1241 2884 (Ephes.
1269 2829 1337 2878 ιι,
1368 2812 1443 2883 5).
1488 2810 1640 2868 Unde
1669 2820 1723 2868 et
1750 2800 2147 2895 aliusAposto-
2192 2835 2198 2841 ’

556 2904 637 2959 lus
660 2904 891 2995 clamata
924 2901 1250 2969 Charissimi,
1299 2905 1416 2988 ﬁlii
1444 2904 1543 2960 Dei
1591 2922 1770 2959 sumus
1802 2904 2035 2977 (lJoan.
2068 2922 2142 2971 ιιι,

557 2996 635 3070 2).
660 2988 796 3054 'Non
845 2988 974 3068 ergo
1016 3000 1234 3069 adoptio
1266 2986 1494 3054 ﬁliorum
1527 2986 1857 3068 promittitur
1884 2997 2145 3073 inhapti-

559 3105 716 3152 smo,
764 3089 858 3159 sed
908 3088 1202 3146 confertur.
1266 3088 1376 3144 Vos
1423 3098 1604 3144 autem
1645 3090 1712 3145 de
1740 3091 1844 3145 hoc
1872 3089 2015 3159 quod
2036 3089 2146 3159 jam

2238 1962 2610 2023 contemnunt.
2666 1965 2813 2020 Dabo
2840 1963 2925 2017 bis
2952 1961 3175 2030 singulis
3207 1956 3373 2014 titulis
3396 1957 3560 2019 breve
3601 1971 3834 2027 respon-

2239 2044 2375 2114 sum.
2420 2057 2601 2113 Potuit
2646 2057 2766 2126 quis
2812 2054 3115 2125 exspoliare
3165 2050 3422 2106 vestitos:
3454 2065 3582 2105 ecce
3624 2047 3833 2103 malum
3890 2046 3897 2055 '

2240 2156 2448 2226 potuit;
2498 2152 2592 2207 sed
2631 2150 2757 2221 quia
2798 2148 2993 2211 noluit,
3050 2145 3189 2201 facta
3229 2152 3311 2199 est
3338 2143 3664 2215 possibilitas
3702 2143 3834 2218 mali

2241 2248 2405 2313 bona,
2437 2243 2526 2316 qui
2554 2258 2672 2298 eam
2701 2239 2928 2297 consilio
2957 2236 3306 2311 prudentiore
3334 2234 3676 2305 contempsit.
3729 2231 3832 2288 Po-

2249 2330 2350 2397 tuit
2377 2339 2497 2409 quis
2522 2334 2782 2393 creditam
2813 2333 2912 2390 sibi
2936 2324 3217 2404 pecuniam
3246 2344 3459 2401 rapere,
3482 2328 3645 2400 potuit
3673 2325 3826 2382 adu!-

2248 2420 2381 2490 ieria
2408 2444 2722 2504 perpetrare
2748 2446 2759 2481 :
2793 2442 2919 2510 ecce
2957 2424 3286 2501 possibilitas
3313 2420 3442 2476 mali
3461 2438 3496 2510 ς.
3507 2428 3558 2477 ct
3580 2416 3666 2489 qui
3695 2433 3820 2473 eam

2245 2502 2598 2598 contempsit,
2631 2525 2747 2595 ipsa
2773 2502 3100 2592 possibilitas
3127 2533 3251 2575 eum
3279 2513 3406 2572 fecit
3436 2502 3545 2569 tam
3566 2512 3631 2568 de
3655 2527 3831 2597 pecu-

2247 2624 2332 2679 nia
2361 2596 2478 2677 non
2499 2618 2671 2673 furata
2699 2614 2904 2670 laudari
2928 2651 2943 2677 ,
2994 2625 3153 2681 quam
3194 2607 3445 2665 coronari
3486 2603 3552 2660 de
3584 2596 3836 2661 castitate

2247 2721 2477 2773 servata.
2520 2710 2762 2777 Diximus
2790 2721 2953 2761 unum
2982 2701 3193 2757 titulum
3218 2743 3232 2767 ,
3284 2696 3336 2755 id
3358 2706 3441 2755 εει
3467 2698 3536 2752 de
3564 2696 3837 2768 possibili-

2249 2818 2357 2864 tate
2386 2807 2532 2880 mali,
2565 2802 2711 2875 quod
2738 2802 2879 2857 bona
2910 2799 2981 2854 sit
3008 2797 3091 2853 his
3119 2796 3211 2866 qui
3238 2810 3357 2850 eam
3386 2786 3835 2880 contempserint.
3896 2786 3901 2793 ’

2246 2876 2397 2959 Nunc
2458 2872 2734 2955 videamus
2783 2892 3054 2966 quomodo
3113 2905 3144 2944 e
3189 2878 3464 2944 contrario
3506 2872 3838 2957 possibilitas

2247 2997 2411 3061 boni,
2466 2993 2607 3050 mala
2651 2992 2704 3046 in
2754 2989 2837 3045 his
2874 2987 2967 3059 qui
3006 2999 3127 3041 eam
3175 2978 3622 3051 contempserint.
3662 2968 3839 3033 Habet

2247 3070 2512 3160 quispiam
2561 3084 2818 3157 pecunias
2865 3079 3110 3153 positas:
3162 3090 3289 3133 ecce
3334 3066 3663 3145 possibilitas
3685 3070 3838 3132 boni,

561 3180 884 3252 accepimus.
917 3180 1091 3237 dieilis
1116 3199 1129 3234 ε
1161 3179 1297 3252 Spes
1325 3196 1445 3252 quae
1473 3181 1701 3261 videtur,
1732 3198 1840 3236 non
1876 3190 1957 3237 est
2000 3196 2144 3261 spes.
2178 3176 2599 3261 _‘potest.enim
2627 3175 2835 3233 cunctis
2865 3171 3243 3229 necessitatem
3284 3165 3615 3237 patientibus
3641 3163 3839 3220 subve-

562 3249 724 3329 Nobis
751 3264 874 3343 spes
902 3280 1015 3328 tota
1040 3249 1252 3333 videtur
1277 3274 1330 3328 in
1344 3249 1695 3344 baptismatis
1722 3249 2146 3332 sanctiﬁcatione
2172 3249 2220 3319 ί
2253 3249 2386 3330 nire.
2428 3271 2579 3325 Hane
2608 3274 2790 3324 autem
2829 3262 3237 3336 possibilitatem
3267 3257 3395 3313 boni
3434 3255 3562 3311 dum
3589 3262 3838 3311 eontem-

561 3374 840 3445 eonstare;
899 3379 1027 3434 ergo
1078 3364 1222 3434 quod
1272 3350 1428 3445 nobis
1475 3364 1685 3421 videtur
1729 3362 1879 3434 spes,
1930 3381 2037 3419 non
2063 3374 2145 3422 est

562 3444 706 3529 spes.
746 3442 807 3513 In
832 3444 1138 3539 chrismatis
1167 3437 1366 3513 Christi
1395 3458 1648 3513 unctione
1676 3458 1787 3528 spei
1818 3466 2014 3517 nostra:
2028 3474 2145 3513 ecr-

564 3551 739 3606 nimus
767 3549 1196 3618 ﬁrmamentum;
1228 3565 1357 3620 ergo
1387 3538 1511 3623 spes
1550 3565 1667 3619 qua:
1697 3550 1907 3606 videtur
1927 3566 2035 3606 non
2065 3560 2149 3607 est

565 3657 706 3715 Spes.
758 3638 968 3714 Corpus
1013 3640 1208 3698 Christi
1238 3658 1388 3713 spem
1421 3650 1662 3697 nostram
1696 3641 1966 3707 videmus;
2019 3656 2147 3711 ergo

566 3749 688 3807 spes
714 3750 833 3806 qua:
876 3733 1088 3795 videtur
1133 3750 1242 3789 non
1288 3742 1371 3789 est
1415 3749 1556 3805 spes.
1606 3733 1931 3804 Sanguinem
1952 3716 2148 3795 Christi

567 3812 996 3899 redemptionem
1037 3812 1279 3884 nostram
1316 3826 1678 3891 attendimus;
1712 3840 1840 3895 ergo
1880 3842 2005 3899 spes
2031 3842 2151 3897 quae

567 3919 779 3978 videtur
808 3937 915 3977 non
944 3929 1197 3999 estlspes.
1239 3919 1555 3977 Evacuastis
1584 3921 1763 3977 omnia
1791 3930 2148 3989 sacramenta,

562 4015 884 4085 ,exinanistis
923 4015 1210 4088 mysteria,
1241 4022 1297 4069 et
1335 4014 1488 4087 quasi
1520 4012 1609 4075 ﬁdi
1637 4020 1692 4069 et
1719 4013 1896 4068 idonei
1925 4022 2154 4087 metato—

568 4124 657 4181 res
678 4106 1016 4181 Antichristi,
1049 4108 1226 4179 locum
1255 4108 1306 4163 ei
1336 4108 1427 4163 ubi
1456 4108 1627 4178 possit
1652 4104 1939 4162 succedere
1969 4106 2155 4177 ejectis

571 4201 728 4256 nobis
755 4200 823 4255 ab
853 4200 1118 4275 aliquibus
1158 4200 1493 4273 praeparatis.
1554 4199 1688 4254 Nam
1729 4200 1844 4254 hare
1871 4214 1991 4271 quae
2019 4198 2157 4269 Apo-

576 4291 750 4349 stolus
773 4291 842 4346 de
867 4272 1052 4351 mundi
1080 4291 1233 4346 istius
1259 4272 1468 4361 gaudiis
1482 4291 1609 4347 dicit
1635 4310 1646 4344 :
1675 4290 1806 4361 Spes
1827 4308 1941 4361 qua
1961 4291 2157 4353 videtur
2188 4272 2192 4276 Δ

573 4399 679 4455 non
706 4389 783 4437 est
825 4398 969 4459 spes,
995 4397 1093 4438 vos
1121 4396 1184 4436 ea
1219 4380 1287 4449 ad
1311 4380 1493 4436 divina
1520 4381 1777 4453 mysteria
1807 4381 2155 4450 transmigra:

573 4474 694 4549 Stis.
733 4473 886 4541 Quod
916 4473 1006 4529 ille
1031 4473 1100 4529 de
1124 4473 1341 4529 caducis
1370 4475 1530 4531 rebus
1558 4483 1610 4527 et
1636 4473 1940 4529 labentibus
1959 4489 2160 4549 memo-

2250 3365 2449 3436 pserit,
2499 3359 2730 3416 efﬁcitur
2774 3353 3100 3430 possibilitas
3146 3350 3306 3415 mala,
3338 3355 3395 3404 et
3437 3356 3545 3401 tam
3595 3344 3736 3399 mala
3782 3348 3839 3433 ut

2252 3430 2401 3514 radix
2433 3454 2697 3509 malorum
2725 3448 2964 3504 omnium
2985 3442 3366 3515 comprobetur
3395 3438 3436 3510 (Ι
3459 3437 3590 3492 Tim.
3623 3453 3693 3501 vr,
3722 3430 3837 3513 10)τ

2253 3549 2453 3603 Verum
2498 3543 2627 3614 quid
2676 3538 2918 3609 agimus?
2971 3526 3317 3607 Baptismatis
3364 3529 3516 3585 nobis
3553 3534 3725 3584 status
3778 3518 3840 3580 iii

2256 3640 2494 3715 periculo
2516 3636 2753 3709 ponitur,
2771 3641 2827 3688 et
2837 3648 2938 3689 nos
2950 3630 3016 3686 de
3031 3628 3270 3687 avaritia:
3283 3640 3489 3703 veneno
3511 3630 3825 3677 tractamus.
3840 3645 3849 3654 -

2255 3714 2513 3791 Omnibus
2557 3738 2743 3786 notum
2791 3734 2875 3781 est
2918 3723 3157 3779 avaritite
3185 3720 3375 3777 crimen
3408 3714 3535 3770 satis
3557 3727 3673 3768 esse
3696 3724 3822 3781 gra-

2258 3827 2567 3890 vissimum;
2616 3818 2953 3893 baptismatis
2997 3823 3184 3871 autem
3218 3810 3431 3882 gratiam
3456 3803 3717 3861 exinaniri

2254 3919 2565 3977 hominibus
2592 3913 2812 3987 perﬁdis
2838 3956 2854 3983 ,
2889 3924 3059 3981 nuper
3081 3908 3247 3979 coepit
3270 3905 3623 3962 innotescere,
3651 3908 3842 3964 nuper

2256 4014 2423 4084 erepit
2449 4009 2732 4085 catholicis
2758 4004 3055 4078 propalari.

2329 4079 2561 4163 liXVlll.
2603 4103 2629 4141 ά
2659 4080 2819 4157 Aiunt
2864 4113 3086 4169 namque
3132 4111 3225 4166 per
3263 4090 3575 4162 baptismum
3608 4084 3685 4137 ita
3736 4079 3864 4137 tolli

2258 4211 2544 4276 peccatum,
2571 4206 2627 4252 ut
2656 4193 2903 4265 capillum
2934 4187 3189 4245 novacula
3230 4197 3459 4238 erasum.
3503 4175 3676 4232 Rasus
3713 4174 3868 4228 enim

2258 4266 2354 4365 est,
2386 4292 2653 4361 inquiunt,
2685 4294 2741 4340 ut
2768 4281 3137 4339 emundaretur
3166 4276 3342 4338 locus,
3369 4282 3393 4308 ε
3424 4286 3527 4326 non
3551 4266 3873 4322 eradicatur:

2255 4359 2355 4454 est,
2388 4359 2690 4442 rte-ulterius
2715 4382 3033 4432 nasceretur.
3068 4369 3131 4425 Si
3169 4366 3309 4423 enim
3335 4380 3402 4419 ea:
3440 4362 3645 4432 integro
3680 4359 3876 4421 somni:

2258 4449 2708 4549 prmvaricationis
2769 4464 2897 4519 Atla?
2940 4459 3203 4534 fragilitas
3262 4455 3550 4549 tolleretur,
3604 4449 3879 4549 baptizati

575 4548 677 4631 fait
711 4565 815 4641 hoc
842 4580 940 4621 V08
968 4567 1129 4621 etiam
1160 4564 1262 4635 ipsi
1291 4580 1447 4620 sacro
1477 4564 1782 4635 baptismati
1813 4542 2152 4635 ascripsistis.
2183 4590 2226 4641 Α
2260 4539 2444 4635 amnes
2474 4562 2617 4619 nullo
2647 4558 2837 4614 caloris
2864 4562 3009 4611 motu
3033 4551 3363 4605 traherentur
3383 4545 3452 4599 ad
3472 4542 3711 4598 crimina
3729 4583 3746 4607 ,
3772 4539 3883 4595 nul-

537 4707 544 4716 .
576 4657 692 4715 Non
740 4638 1034 4734 habeamus
1080 4666 1290 4731 partem
1340 4630 1621 4714 vobiscum
1666 4657 1718 4711 in
1748 4630 2028 4723 aeternum,
2060 4672 2159 4716 nec
2183 4630 2235 4695 Ῑ)
2258 4630 2313 4718 ιο
2342 4652 2775 4727 concupiscentiae
2819 4645 3026 4723 stimulo
3079 4647 3451 4721 pungerentur.
3493 4635 3511 4674 ί
3545 4634 3706 4734 Hinc
3752 4650 3888 4734 ergo

575 4767 766 4811 sensus
792 4760 981 4825 noster
999 4752 1137 4807 ultra
1166 4751 1251 4809 his
1272 4750 1622 4827 blasphemiis
1651 4749 1977 4820 inquinetur.

570 4910 573 4915 η
642 4842 833 4899 XXVI.
876 4843 1022 4912 Ideo,
1054 4844 1321 4914 inquiunt,
1354 4836 1603 4915 baptizati
1634 4843 1818 4897 iterum
1837 4840 2157 4912 polluuntur,

488 4937 494 4943 ’
574 4937 931 5007 “carnaliter
958 4938 1344 5009 concupiscunt,
1394 4936 1515 5008 quia
1558 4952 1649 5005 spe
1686 4952 1790 4990 non
1820 4951 1876 4988 re
1902 4936 2163 5003 consecuti

576 5040 699 5090 sunt
724 5031 1126 5088 instaurationis
1166 5030 1440 5086 auxilium.
1494 5028 1604 5085 Nos
1638 5036 1817 5083 autem
1848 5029 1926 5084 sic
1954 5039 1978 5065 τι
2008 5043 2160 5098 spem

579 5125 851 5191 tenditnus
878 5123 946 5178 ad
973 5122 1149 5203 futura
1179 5122 1419 5192 praemia,
1452 5129 1512 5176 ut
1541 5122 1592 5176 in
1622 5122 1873 5192 praesenti
1902 5120 2043 5191 quod
2075 5136 2164 5177 ae-

577 5218 821 5290 cepimus
849 5232 958 5272 non
995 5229 1272 5284 negemus.
1307 5214 1422 5280 ,Nos
1461 5214 1606 5269 enim
1644 5222 1879 5269 meretur
1907 5215 2166 5283 consequi

577 5310 869 5377 beneﬁcia,
900 5310 993 5380 qui
1023 5323 1131 5369 non
1157 5305 1445 5365 conﬁtetur
1468 5316 1708 5376 accepta.
1758 5305 1813 5360 Si
1840 5306 1984 5375 quod
2013 5322 2168 5363 acce-

579 5407 704 5478 pisti
727 5404 841 5475 jam
885 5405 1146 5479 denegans,
1191 5398 1487 5458 confutaris
1512 5400 1784 5479 ingratus.
1835 5398 1978 5467 Ergo
1998 5400 2053 5455 ‘si
2081 5399 2171 5454 ad-

581 5503 687 5566 huc
732 5518 840 5559 non
887 5501 1017 5558 estis
1063 5498 1291 5568 gratiam
1331 5494 1636 5559 consecuti,
1691 5494 1786 5550 sed
1831 5494 2171 5550 consecuturi

657 5669 682 5696 ⁸
720 5658 820 5714 Ms.
844 5657 1255 5726 Augiense,ispe
1285 5653 1544 5726 tendimus
1574 5652 1659 5726 ad.

656 5727 685 5766 δ
722 5728 818 5783 Ms.
854 5720 991 5781 idem
1018 5745 1029 5779 :
1058 5720 1249 5779 XXIX.
1279 5725 1575 5781 Hanencr.
1612 5722 1674 5777 Si
1700 5720 1838 5774 enim
1870 5735 1941 5781 re,
1978 5726 2087 5772 etc.
2171 5756 2174 5777 ί

663 5811 681 5831 ν
722 5796 823 5853 Ms.
850 5797 989 5851 idem
1014 5816 1024 5848 :
1057 5796 1392 5850 Cunnum
1408 5793 1531 5846 Ideo
1562 5809 1682 5863 ergo
1710 5791 1884 5847 vultis.
1916 5795 2022 5842 etc.

658 5866 685 5907 ἀ
724 5868 831 5923 Μεμ-
856 5866 1035 5921 idem:
1068 5865 1232 5919 ΧΧΧο.
1274 5866 1566 5919 Ηωιετιςι.
1610 5863 1763 5915 Aiunt
1795 5877 2032 5927 namque,
2059 5872 2165 5914 etc.

2264 4725 2552 4813 exinanitis
2582 4740 2920 4816 baptismatis
2980 4738 3327 4792 sacrosancta
3385 4726 3657 4798 mysteria
3679 4766 3699 4790 ,
3762 4725 3891 4795 quia
3971 4757 3975 4761 -

2265 4837 2703 4913 concupiscentia
2727 4877 2742 4902 ,
2792 4840 2854 4889 ut
2898 4829 2999 4901 ipsi
3050 4825 3228 4883 dicitis
3254 4864 3269 4890 ,
3312 4822 3400 4877 lex
3428 4818 3661 4890 peccati
3695 4827 3813 4881 est,
3842 4823 3896 4905 et

2266 4941 2383 5011 ipsa
2432 4911 2533 4993 sibi
2580 4934 2776 5005 net-um
2825 4924 3062 4999 vindieat
3094 4918 3447 4993 baptizatum.
3489 4911 3573 4967 De
3609 4913 3732 4970 hac
3766 4926 3897 4981 ergo

2267 5008 2700 5100 concupiscentia
2729 5024 2776 5079 si
2802 5018 3013 5077 fueritis
3039 5012 3275 5078 exclusi,
3304 5011 3512 5083 integra
3543 5008 3678 5063 erit
3710 5008 3902 5091 iuba-

2266 5127 2464 5199 ptismo
2509 5129 2566 5181 et
2601 5123 2946 5191 peccatorum
2974 5106 3225 5166 remissio
3246 5111 3310 5177 et
3337 5114 3464 5199 vera
3496 5100 3906 5199 Snconsolatio

2267 5184 2585 5288 gratiarum.
2603 5184 2933 5271 'Gratiarum
2976 5207 3158 5269 autem
3199 5194 3321 5255 ideo
3369 5184 3687 5288 pluraliter
3718 5188 3905 5263 posui,

2268 5282 2393 5379 quia
2424 5320 2544 5361 cum
2572 5316 2677 5361 una
2704 5301 2775 5357 sit
2797 5296 3000 5367 gratia,
3028 5300 3093 5379 ut
3121 5289 3249 5351 vitis
3277 5299 3386 5342 una
3410 5282 3768 5361 palmitibus
3798 5282 3910 5354 plu~

2272 5375 2401 5459 ralis
2448 5395 2698 5459 elﬁcitur,
2748 5399 2803 5455 et
2849 5396 2931 5445 tot
2980 5376 3113 5441 vites
3161 5380 3434 5447 dicuntur,
3486 5383 3647 5444 quot
3706 5375 3913 5431 fuerint

2270 5490 2597 5563 propagines
2645 5486 2715 5541 de
2761 5497 2867 5539 una
2909 5480 3016 5534 vite
3060 5485 3404 5545 compressae.
3451 5460 3646 5523 Datur
3672 5484 3821 5539 ergo
3851 5484 3915 5525 ex

2346 5656 2368 5683 ε
2410 5645 2508 5700 Ms.
2542 5642 2706 5705 idem,
2738 5655 2843 5694 non
2864 5643 3038 5689 autem
3058 5630 3380 5706 erg-“dicatur.
3492 5693 3505 5706 .

2344 5717 2363 5755 ι
2408 5696 2506 5775 iis;
2539 5696 2679 5769 idem
2694 5696 2719 5763 ἐ
2748 5708 3063 5766 (lunatam.
3096 5701 3388 5770 Binaergo
3417 5696 3785 5769 exinanitis,
3808 5703 3912 5753 etc.

2342 5798 2364 5834 ε
2409 5787 2504 5841 Ms.
2533 5784 2693 5845 idem,
2728 5777 2940 5835 collatio
2971 5776 3274 5847 gratiarum.
