4140 6346
347 355 454 412 669

814 355 1399 413 PRIEDESTINATUS
1437 357 1589 413 SIVE
1629 357 2332 465 I’IIIEDEZSTINATORUM
2369 363 2710 433 ILEBESIS,
2752 365 2901 423 ETC.
2946 367 3070 423 LIB.
3111 367 3197 423 III.

3395 298 3530 305 __-——

3525 369 3632 426 στο

349 485 456 526 uno
502 470 840 540 baptismatis
887 469 1034 524 fonte
1081 471 1136 524 in
1187 472 1436 540 pnesenti
1467 480 1808 541 peccatorum
1840 487 1927 526 re-
1955 473 2158 533 Anem
2188 480 2485 545 continere,
2536 499 2644 538 non
2673 500 2831 552 quem
2873 485 2987 556 ipse
3035 486 3282 552 instituit,
3333 487 3628 552 maledicta;
3681 551 3690 557 _

349 564 554 628 missio,
587 569 643 618 et
667 576 889 632 regnum
917 564 1246 633 promittitur
1267 565 1334 618 in
1371 563 1578 629 futuro;
1621 563 1851 622 efﬁcitur
1876 563 1932 616 fi-

348 655 452 709 lius
477 654 712 710 hominis
758 652 896 708 illius
942 652 1070 720 Dei;
1103 651 1162 708 lit
1187 653 1478 724 adoptione
1519 649 1684 720 ﬁlius;
1727 653 1785 707 lit
1805 671 1932 710 con-

345 760 467 801 sors
517 745 700 815 regni;
751 745 811 799 tit
855 745 987 800 civis
1035 761 1103 801 ex
1139 746 1381 812 advena;
1439 745 1497 801 lit
1537 748 1797 815 ingenuus
1834 749 1928 818 qui

344 853 534 893 servus
561 837 842 893 exstiterat
868 837 1108 904 inimici;
1133 837 1191 892 lit
1212 838 1453 909 locuples
1480 841 1572 908 qui
1602 835 1775 894 fuerat
1801 848 1929 894 ante

344 930 656 997 mendicus;
701 939 757 986 et
801 930 896 1001 qui
939 929 1111 986 fuerat
1157 930 1357 986 dudum
1404 932 1685 1001 ignobilis,
1737 931 1929 1002 incipit

343 1037 464 1077 esse
492 1029 548 1076 et
589 1021 816 1077 illustris
853 1029 909 1076 et
951 1006 1194 1092 magnus.
1224 1021 1332 1078 Sed
1359 1023 1464 1079 ista
1489 1025 1668 1078 omnia
1698 1033 1927 1079 evacuat

342 1113 482 1170 liber
507 1122 708 1179 vester,
740 1123 798 1170 et
823 1114 1001 1170 dicitis
1026 1133 1039 1168 :

412 1207 602 1264 XXIX.
627 1218 652 1246 ⁸
685 1209 748 1264 Si
766 1209 1015 1284 darentur
1033 1227 1146 1282 qua
1165 1212 1536 1281 promittuntur
1557 1211 1610 1264 in
1643 1209 1919 1280 baptisma,

339 1302 515 1358 nullus
540 1311 656 1374 post
682 1303 1008 1372 baptismatis
1033 1302 1230 1357 undam
1256 1302 1684 1374 concupiscentia:
1710 1299 1924 1368 stimulo

340 1403 670 1467 pangentur.
701 1393 725 1432 δ
757 1393 1042 1450 Videamus
1075 1409 1204 1463 ergo
1247 1403 1554 1450 utrumnam
1579 1395 1695 1450 hinc
1721 1409 1922 1449 concu-

339 1489 626 1561 piscentia,
659 1489 797 1545 sicut
825 1487 1001 1543 dicitis
1023 1531 1036 1554 ,
1070 1489 1155 1544 lex
1184 1489 1390 1560 peccati
1418 1487 1494 1542 lit.
1538 1487 1646 1542 Nos
1675 1487 1921 1556 concupi‘

338 1581 598 1638 scentiatn
642 1579 870 1635 dicimus
914 1595 1033 1634 esse
1061 1595 1174 1634 rem
1215 1579 1474 1635 naturalis
1499 1579 1837 1643 certaminis,
1869 1586 1926 1633 et
1954 1625 1958 1631 .

337 1672 481 1728 hanc
526 1671 756 1728 dicimus
802 1671 869 1726 ad
917 1673 1360 1742 propagationem
1412 1671 1689 1726 hominum
1738 1685 1768 1725 a
1809 1669 1924 1725 Deo

337 1771 586 1822 creature
629 1763 962 1820 visceraliter
1006 1780 1125 1820 esse
1185 1764 1471 1820 firmatam.
1542 1764 1730 1820 Adhuc
1775 1764 1922 1820 enim

2033 575 2162 623 sunt
2191 572 2410 640 nuptiae,
2461 580 2518 626 et
2564 589 2633 629 ex
2677 576 3054 633 maledictione
3107 577 3354 634 universa
3409 579 3627 636 humani

2031 663 2247 730 generis
2271 677 2446 718 massa
2461 665 2684 720 veniens
2703 667 2920 724 diabolo
2934 676 3152 725 auctore
3172 670 3429 724 subsistit.
3449 667 3625 726 Unum

2031 753 2186 807 vobis
2206 754 2387 823 eligite
2414 771 2445 810 e
2472 755 2702 812 duobus.
2727 758 2834 813 Aut
2861 761 3002 815 bona
3031 769 3114 824 est
3141 762 3419 830 generatio
3447 761 3621 818 homi-

2033 846 2147 912 nis,
2181 855 2234 901 et
2259 847 2401 902 bona
2430 856 2512 902 est
2539 851 3004 920 concupiscentia;
3035 861 3126 908 aut
3165 854 3320 909 malm
3355 863 3482 909 sunt
3521 871 3622 910 nu-

2030 936 2174 1007 ptiae,
2195 947 2251 992 et
2278 937 2456 1008 iniqua
2481 940 2934 1009 concupiscentia.
2955 941 3250 999 Emendate
3277 958 3405 1012 ergo
3430 944 3618 1000 Eccleé

2030 1029 2134 1083 site-
2151 1029 2418 1098 regulam;
2447 1030 2697 1086 damnate
2726 1033 2819 1102 qui
2847 1032 2902 1086 in
2929 1041 3044 1088 toto
3081 1037 3214 1091 orbe
3242 1036 3340 1090 fuit
3369 1024 3620 1092 sa'cerdo-

2030 1128 2113 1175 tes
2131 1159 2149 1186 ,
2178 1123 2484 1191 nuptiarum
2533 1123 2683 1178 initia
2719 1124 3128 1191 benedicentes,
3157 1137 3537 1184 consecrantes
3561 1137 3620 1185 et

2031 1213 2083 1266 in
2113 1211 2208 1267 Dei
2232 1215 2500 1285 mysteriis
2538 1216 2825 1271 sociantes.
2854 1215 3018 1272 Miror
3049 1233 3154 1286 qua
3193 1218 3370 1275 fronte
3409 1221 3620 1277 intratis

2030 1306 2330 1370 ecclesiam,
2361 1308 2450 1362 ubi
2480 1308 2737 1378 quidquid
2767 1310 2942 1379 agitur
2986 1318 3173 1365 contra
3200 1321 3406 1368 vestras
3445 1321 3620 1370 sectas

2031 1397 2220 1452 venire
2257 1400 2598 1466 cognoscitis.
2631 1400 2846 1469 Negatis
2875 1403 3055 1472 itaque
3091 1403 3260 1458 Deum
3289 1405 3444 1469 hanc,
3477 1405 3620 1462 unde

2033 1491 2318 1552 nascimur,
2349 1491 2560 1548 dedisse
2579 1495 3087 1564 concupiscentiam.
3122 1494 3263 1564 Ergo
3291 1511 3400 1551 non
3434 1512 3619 1551 sumus

2029 1587 2275 1636 creatura
2305 1583 2447 1651 ejus,
2466 1583 2509 1638 si
2537 1599 2641 1638 non
2665 1594 2748 1639 est
2775 1586 2891 1654 ejus
2912 1595 3157 1640 creatura
3185 1588 3616 1657 concupiscentia

2029 1669 2347 1740 coniugalis.
2384 1672 2580 1727 Tollite
2608 1675 2749 1728 enim
2773 1675 2933 1740 hanc,
2958 1690 3118 1744 quam
3142 1691 3238 1730 vos
3250 1677 3425 1750 dicitis
3444 1677 3616 1745 legem

2030 1777 2152 1816 esse
2178 1765 2406 1833 peccati,
2437 1772 2492 1820 et
2509 1765 2788 1820 videamus
2812 1766 2932 1834 quis
2953 1765 3224 1838 adhaerere
3243 1768 3411 1836 possit
3440 1769 3612 1823 uxori.

337 1862 497 1932 primi
570 1861 815 1916 homines
866 1861 1101 1915 nondum
1147 1861 1217 1916 de
1271 1860 1728 1942 prtevaricationis
1781 1859 1926 1928 ligno
1958 1851 2007 1911 B
2032 1853 2137 1909 Sed
2159 1857 2252 1925 qui
2281 1855 2505 1912 dederat
2533 1858 2789 1912 virtutem
2837 1858 3061 1912 seminis
3088 1857 3614 1923 inhenedictionem,

335 1962 716 2024 gustaverant-,
767 1953 984 2024 quando
1029 1969 1127 2008 eos
1172 1954 1450 2010 benedixit
1499 1953 1642 2009 Deus
1692 1952 1918 2009 dicens:

336 2048 562 2104 Crescite
585 2056 637 2102 et
661 2045 1118 2118 multiplicamini,
1168 2053 1218 2100 et
1259 2047 1450 2117 replete
1476 2053 1672 2100 terram
1695 2045 1850 2115 (Gen.
1881 2059 1920 2111 t,

336 2140 446 2212 28).
509 2139 611 2207 Qui
655 2150 784 2208 ergo
843 2146 969 2194 ante
1017 2146 1298 2210 peccatum
1338 2137 1706 2193 benedicendo
1753 2153 1926 2207 genus

337 2235 614 2290 hominum
663 2233 1008 2304 multiplicari
1051 2232 1248 2301 jussit,
1301 2233 1416 2300 ipse
1467 2232 1586 2285 sine
1609 2231 1775 2285 dubio
1801 2231 1926 2288 huic

337 2333 543 2382 natura:
578 2343 676 2397 per
717 2325 862 2396 quod
900 2325 1187 2395 propagari
1233 2331 1420 2394 posset
1448 2324 1692 2379 inseruit.
1737 2324 1926 2394 Dispar

337 2420 540 2474 etenim
587 2433 749 2473 sexus
789 2417 1138 2486 multiplicari
1184 2417 1403 2471 minime
1449 2417 1730 2486 potuisset,
1763 2417 1807 2470 si
1838 2417 1932 2471 in-e

339 2520 615 2568 crementa
681 2511 940 2565 naturalis
1005 2509 1460 2580 concupiscentia:
1521 2525 1628 2564 non
1678 2511 1919 2566 haberet.

341 2600 466 2659 Non
496 2612 570 2658 est
608 2602 821 2667 bonum,
853 2603 928 2657 ait
956 2602 1231 2667 Dominus,
1282 2618 1394 2657 esse
1422 2603 1684 2658 hominem
1717 2605 1919 2669 solum;

342 2693 598 2768 faciamus
625 2695 672 2749 ei
693 2695 1011 2765 adjutorium
1041 2693 1196 2764 (Gen.
1232 2711 1286 2760 ιι,
1321 2694 1430 2774 18).
1458 2693 1572 2749 Hoc
1592 2695 1922 2765 adjutorium

339 2787 566 2857 disparis
594 2801 753 2841 sexus
783 2783 850 2842 ad
880 2784 1265 2842 consolandum
1294 2786 1455 2842 vultis
1504 2803 1624 2842 esse
1658 2789 1854 2844 factum
1887 2807 1915 2844 a

335 2876 564 2933 Domino
587 2920 602 2945 ,
650 2895 716 2934 an
747 2879 811 2934 ad
841 2877 1241 2947 generandum?
1281 2879 1338 2936 Si
1368 2879 1511 2936 enim
1540 2883 1921 2952 concupiscen-

317 2967 405 3025 tia
436 2972 576 3025 maia
625 2979 705 3026 est
754 2987 872 3050 qua:
921 2973 1144 3027 materia
1193 2975 1561 3041 generationis
1591 2974 1914 3040 ostenditur,

330 3071 543 3118 constat
588 3063 882 3118 secundum
933 3080 1031 3118 vos
1076 3081 1107 3119 a
1135 3065 1248 3120 Deo
1280 3067 1564 3121 mulierem
1597 3084 1704 3122 non
1736 3067 1802 3122 ad
1833 3067 1921 3122 ad-

329 3156 586 3226 jutorium
617 3157 772 3221 boni,
825 3157 919 3210 sed
962 3155 1028 3209 ad
1059 3157 1404 3211 occasionem
1434 3155 1629 3212 factam
1656 3173 1773 3212 esse
1799 3174 1920 3228 pec-

2032 1949 2147 2020 ipse
2177 1949 2246 2004 ob
2274 1951 2730 2020 multiplicandam
2759 1953 3000 2006 sobolem
3047 1952 3495 2022 concupiscentia:
3535 1953 3616 2007 in-

2030 2041 2201 2095 seruit
2221 2042 2562 2107 charitatem,
2595 2053 2650 2098 et
2675 2045 2842 2098 amari
2871 2045 3041 2098 voluit
3081 2044 3226 2112 quod
3265 2043 3621 2114 multiplicare

2030 2134 2330 2188 constituit.
2363 2134 2759 2190 lncrementum
2796 2136 2939 2190 enim
2979 2143 3062 2190 est
3106 2136 3318 2204 generis
3357 2135 3615 2205 concepi-

2029 2227 2234 2280 scentis
2264 2228 2541 2282 naturalis.
2573 2227 2728 2294 Quod
2757 2228 2799 2282 si
2829 2241 2926 2298 per
2951 2227 3110 2293 hanc,
3142 2235 3202 2281 ut
3221 2227 3417 2292 dicitis,
3446 2227 3622 2282 omnii

2030 2327 2244 2374 constat
2264 2335 2384 2377 esse
2405 2335 2564 2376 causa
2593 2323 2820 2392 peccati,
2853 2322 2969 2392 ipse
2988 2321 3190 2376 eritnen
3219 2321 3422 2376 creavit
3449 2321 3502 2375 in
3529 2334 3619 2389 ge«

2030 2425 2180 2478 nere,
2199 2413 2292 2482 qui
2313 2414 2681 2484 posteritatem
2699 2413 3040 2484 multiplicari
3054 2413 3222 2468 voluit
3240 2428 3339 2484 per
3357 2427 3616 2477 amorem,
3685 2485 3689 2490 η

2029 2510 2083 2557 et
2109 2519 2272 2574 super
2293 2513 2530 2575 paternae
2550 2506 2766 2576 pietatis
2775 2505 2898 2574 jura
2926 2506 3072 2574 diligi
3100 2505 3357 2576 praecepit
3372 2519 3617 2566 uxorem.

2025 2593 2267 2664 Denique
2297 2597 2408 2666 ipse
2435 2597 2693 2652 Dominus
2721 2605 2906 2652 noster
2930 2596 3084 2653 Iesus
3123 2611 3246 2652 cum
3272 2596 3439 2652 dicit:
3471 2579 3624 2661 Quod

2025 2686 2170 2741 Deus
2183 2689 2480 2759 conjunxit,
2514 2690 2668 2744 homo
2689 2707 2796 2744 non
2820 2700 3026 2761 separet
3051 2689 3265 2762 (Matth.
3297 2707 3350 2756 x,
3383 2690 3472 2759 6),
3513 2689 3620 2744 tale

2025 2788 2108 2834 est
2129 2781 2280 2850 quasi
2325 2783 2417 2850 qui
2446 2782 2651 2837 diceret
2677 2799 2689 2834 :
2722 2780 2914 2837 Odisse
2942 2777 3036 2836 tibi
3076 2797 3302 2836 uxorem
3334 2797 3440 2836 non
3473 2781 3617 2844 licet.

2024 2883 2183 2944 quam
2208 2889 2294 2928 me
2324 2883 2547 2929 auctore
2568 2890 2752 2928 amare
2771 2875 2998 2944 empisti.
3025 2875 3308 2929 Zelabatur
3325 2873 3468 2929 enim
3490 2889 3618 2928 con-

2017 2965 2350 3033 junctionem
2381 2977 2412 3018 a
2461 2980 2522 3019 se
2575 2964 2770 3020 factam
2813 2965 2950 3020 odiis
2981 2976 3005 3003 ο
3031 2965 3299 3034 jugalibus
3337 2964 3616 3020 maculari.

2024 3055 2223 3110 Rerum
2255 3069 2391 3110 nova
2422 3057 2781 3127 perversitas!
2815 3073 2935 3113 cum
2959 3074 2987 3112 a
3020 3058 3130 3113 Deo
3158 3057 3410 3128 puniatur
3433 3058 3619 3114 uxoris

2027 3148 2226 3214 odium,
2260 3150 2545 3206 damnatur
2573 3151 2639 3205 ab
2668 3151 2974 3207 hominibus
2997 3151 3431 3222 concupiscentia
3455 3151 3615 3206 mari-

328 3225 454 3303 cati.
497 3245 650 3316 Quod
692 3247 738 3302 si
778 3247 1104 3317 adjutorium
1148 3248 1413 3313 mulieris,
1462 3267 1569 3305 non
1599 3250 1666 3304 ad
1695 3225 1915 3323 repara-
1943 3225 1996 3286 θ’
2024 3249 2222 3297 totum.
2249 3242 2354 3299 Sed
2380 3244 2557 3313 justus
2577 3246 2745 3314 judex
2785 3259 2892 3301 non
2922 3241 3143 3300 damnat
3166 3246 3488 3301 desiderium
3518 3261 3609 3301 na—

330 3340 527 3392 tionem
552 3379 566 3400 ,
617 3338 711 3392 sed
762 3337 827 3392 ad
859 3338 1291 3392 consolationem
1321 3340 1502 3394 nescio
1531 3355 1690 3409 quam
1722 3337 1916 3399 dicatis

327 3424 491 3485 fuisse
521 3446 856 3495 concessum,
887 3429 1070 3500 dispar
1098 3446 1258 3486 sexus
1287 3433 1404 3487 sine
1432 3449 1594 3488 causa
1623 3443 1705 3490 est
1733 3412 1912 3492 condi-

328 3534 412 3579 tus
443 3525 511 3578 ab
540 3539 625 3589 eo,
651 3523 717 3579 de
743 3540 850 3594 quo
881 3524 1107 3592 legimus
1138 3525 1283 3594 quod
1332 3528 1510 3581 omnia
1561 3528 1612 3582 in
1643 3530 1909 3599 sapientia

327 3615 512 3669 fecerit
540 3614 656 3684 (Ps.
685 3631 792 3679 cm,
824 3613 937 3684 24).
972 3613 1169 3670 Verum
1199 3615 1325 3686 qnia
1358 3615 1685 3674 Testamenti
1714 3623 1912 3676 veteris

326 3705 463 3760 forte
491 3723 589 3760 vos
617 3707 911 3761 auctoritas
942 3723 1048 3762 non
1079 3716 1260 3773 tenet,
1290 3709 1357 3763 de
1385 3711 1574 3779 primis
1602 3712 1912 3766 hominibus

323 3799 451 3868 quid
501 3800 616 3868 ipse
662 3789 920 3855 Dominus
987 3809 1173 3855 noster
1220 3800 1375 3856 Jesus
1419 3801 1664 3858 Christus
1715 3805 1912 3858 dixerit

324 3889 640 3942 auscultate.
676 3888 776 3950 Qui
800 3891 939 3958 fecit,
965 3889 1156 3956 inquit,
1182 3890 1473 3943 masculum
1494 3901 1543 3944 et
1565 3894 1812 3961 feminam
1833 3893 1913 3947 be-

327 3978 525 4031 nedixit
565 3995 651 4032 eos
683 3988 732 4030 et
767 3977 937 4031 dixit:
971 3975 1196 4049 Propterl
1228 3975 1321 4034 hoc
1356 3982 1606 4053 relinquet
1640 3983 1792 4039 homo
1817 4004 1910 4057 pa-

327 4077 522 4121 tremet
562 4077 809 4133 matrem,
836 4077 883 4121 et
917 4069 1202 4122 adhwrebit
1232 4074 1387 4125 uxori
1410 4089 1538 4138 sum,
1568 4083 1617 4128 et
1640 4084 1790 4129 erunt
1809 4077 1910 4132 duo

323 4162 378 4215 in
400 4175 558 4213 carne
577 4174 682 4214 una
711 4159 926 4232 (Matth.
958 4177 1070 4222 xix,
1105 4160 1268 4232 h-ti).
1314 4164 1382 4218 Et
1413 4166 1496 4220 his
1525 4167 1686 4223 dictis
1717 4169 1909 4239 adjun-

299 4245 402 4304 'xit
425 4269 437 4302 :
473 4247 624 4314 Quod
647 4267 766 4321 ergo
788 4249 929 4304 Deus
945 4252 1144 4322 junxit,
1171 4253 1324 4309 homo
1345 4273 1450 4310 non
1475 4267 1696 4329 separet.
1724 4260 1773 4314 A
1798 4261 1908 4320 Deo

320 4342 482 4409 igitur
511 4340 701 4406 factos,
746 4358 776 4396 a
807 4341 919 4397 Deo
950 4343 1292 4411 benedictos,
1327 4361 1356 4400 a
1384 4346 1498 4404 Deo
1528 4349 1756 4418 legimus
1784 4367 1908 4409 esse

317 4432 654 4502 conjunctos.

389 4523 558 4578 XXX.
591 4536 612 4564 ο
635 4524 707 4578 Et
734 4543 895 4581 miror
921 4543 1020 4599 qua
1043 4529 1216 4599 fronte
1237 4534 1704 4604 concupiscentiam
1727 4538 1902 4605 istam,

2019 3335 2208 3401 turale,
2242 3339 2354 3405 qui,
2378 3345 2436 3392 ut
2456 3337 2834 3408 multiplicaret
2853 3339 3083 3409 prolem,
3101 3338 3221 3391 ideo
3242 3337 3467 3392 inseruit
3493 3339 3614 3392 chao
3639 3371 3678 3385 .-

2017 3431 2252 3485 ritatem.
2269 3430 2401 3484 Nam
2423 3447 2542 3485 cum
2573 3431 2640 3485 de
2669 3425 2921 3500 conjugio
2947 3438 3003 3484 et
3022 3429 3250 3498 repudio
3271 3434 3611 3492 tractaretur,

2019 3535 2143 3580 tunc
2191 3524 2450 3579 Dominus
2500 3526 2656 3579 istam
2715 3525 2938 3579 dictavit
2983 3522 3330 3588 sententiam,
3387 3521 3613 3584 dicens:

2019 3616 2170 3681 Quod
2223 3615 2360 3670 Deus
2407 3615 2616 3688 junxit,
2649 3616 2801 3669 homo
2855 3627 2955 3670 non
3013 3620 3236 3685 separet.
3267 3611 3382 3668 Hoc
3434 3620 3611 3668 autem

2015 3707 2138 3762 ideo
2168 3706 2322 3772 dixit,
2357 3715 2414 3759 ut
2461 3706 2766 3776 specialiter
2825 3706 3130 3776 nuptiarum
3177 3704 3610 3772 conjunctionem

2014 3812 2081 3852 ex
2111 3797 2222 3851 Deo
2270 3813 2388 3852 esse
2417 3803 2762 3852 monstraret.
2796 3797 2906 3852 Nec
2961 3792 3103 3851 enim
3151 3812 3269 3850 esse
3301 3797 3494 3864 potuit,
3519 3805 3608 3850 aut

2013 3892 2130 3945 sine
2178 3891 2562 3961 conjunctione
2605 3891 2944 3955 commixtio,
2977 3899 3071 3944 aut
3119 3890 3320 3958 absque
3347 3889 3610 3945 commix-

2013 3983 2163 4036 tione
2193 3981 2522 4050 conjun'ctio.
2555 3980 2611 4035 Si
2640 3995 2747 4035 non
2777 3993 2843 4034 ex
2874 3987 3121 4035 creatura
3151 3979 3392 4047 factoris,
3419 3979 3512 4032 sed
3541 3995 3608 4034 ex

2013 4082 2258 4144 peccato,
2310 4074 2587 4141 inquiunt,
2640 4069 3092 4142 concupiscentia
3127 4071 3423 4136 maritalis;
3482 4085 3607 4139 ergo

2013 4165 2306 4243 secundum
2358 4180 2454 4219 vos
2480 4164 2623 4219 Deus
2671 4165 2775 4218 hoc
2830 4164 2880 4217 in
2925 4163 3304 4218 benedictione
3331 4163 3607 4232 conjunxit

2011 4258 2154 4328 quod
2202 4256 2448 4312 diabolus
2497 4273 2595 4328 per
2642 4256 3135 4327 praevaricationem
3169 4255 3421 4309 inseruit.
3453 4253 3604 4321 Quod

2010 4349 2055 4404 si
2086 4339 2159 4404 ita
2203 4357 2304 4415 est,
2353 4343 2589 4423 nohlfuit
2632 4349 2970 4403 adversarius
3010 4347 3104 4402 sed
3160 4345 3372 4416 adjutor
3415 4345 3528 4412 Dei,
3560 4347 3604 4403 si

2004 4456 2143 4511 quos
2170 4441 2311 4496 Deus
2341 4443 2391 4496 in
2422 4457 2584 4496 carne
2613 4456 2718 4495 una
2747 4456 2865 4495 esse
2893 4440 3081 4504 voluit,
3106 4455 3201 4510 per
3219 4440 3604 4509 concupiscen-

2009 4534 2138 4587 tiam
2187 4533 2572 4604 inseparabiles
2601 4532 2750 4596 fecit,
2779 4540 2833 4586 et
2873 4530 3017 4600 quod
3042 4530 3129 4585 ille
3154 4529 3312 4599 jussit
3337 4530 3520 4598 augeri
3549 4537 3604 4584 et

315 4632 408 4686 per
463 4632 618 4687 quam
667 4596 942 4689 conjugia'
975 4596 1316 4686 celebrantur,
1368 4596 1556 4680 dicatis
1611 4645 1644 4680 α
1695 4596 1904 4702 diabolo
1937 4596 1986 4657 Ι)
2008 4641 2272 4693 crescere,
2305 4596 2392 4681 hic
2416 4642 2515 4695 per
2541 4625 2684 4695 quod
2727 4625 2830 4680 hoc
2878 4596 3052 4694 ipsum
3097 4596 3240 4692 quod
3285 4596 3517 4691 iusserat
3548 4629 3602 4675 ut

314 4725 426 4765 esse
453 4709 677 4764 humano
697 4713 866 4782 generi
891 4711 1164 4781 inﬂictam.
1191 4711 1214 4750 ἀ
1233 4713 1364 4780 Quis
1391 4718 1532 4772 enim
1556 4718 1761 4775 dubitet
1789 4737 1901 4776 rem

315 4797 530 4870 malam,
574 4803 619 4859 si
652 4807 826 4859 tamen
874 4804 1013 4859 mala
1055 4811 1156 4869 est,
1191 4822 1220 4860 a
1251 4805 1363 4863 Deo
1393 4811 1535 4865 bono
1563 4812 1764 4867 homini
1795 4829 1902 4868 non

313 4897 554 4970 potuisse
583 4896 852 4953 conferri?
874 4895 931 4952 Si
953 4898 1095 4954 enim
1125 4914 1154 4954 a
1184 4897 1296 4955 Deo
1318 4909 1399 4955 est
1431 4903 1574 4967 data,
1607 4903 1749 4960 bona
1787 4922 1905 4962 esse

313 4988 674 5060 dignoscitur;
706 4990 752 5047 si
801 4999 977 5044 autem
1032 4992 1171 5045 mala
1229 5002 1329 5058 est,
1361 5004 1573 5050 constat
1613 5012 1641 5050 a
1689 4997 1904 5054 diabolo

311 5096 433 5138 esse
460 5077 707 5136 infusam.
732 5081 821 5136 Sic
851 5081 992 5136 enim
1022 5081 1149 5136 dicit
1171 5083 1305 5138 liber
1325 5093 1502 5139 vester
1529 5104 1540 5137 :

381 5169 574 5228 XXXI.
608 5173 736 5238 Quae
761 5173 904 5228 Deus
947 5171 1174 5229 membra
1205 5177 1356 5246 fecit,
1385 5176 1464 5231 illi
1511 5179 1901 5248 prtevaricando

308 5269 552 5340 pudenda
602 5270 851 5340 fecerunt.
886 5268 941 5323 Si
971 5270 1074 5323 hoc
1106 5285 1215 5324 non
1265 5280 1348 5325 est
1395 5272 1444 5326 in
1476 5272 1730 5327 membris
1756 5272 1900 5342 quod

307 5357 449 5414 Deus
473 5357 726 5424 condidit,
770 5365 823 5415 et
851 5375 1012 5430 super
1043 5355 1294 5417 fabricam
1337 5362 1430 5417 Dei
1461 5364 1707 5419 inimicus
1735 5379 1900 5435 appa-

306 5449 433 5518 ruit,
459 5460 514 5507 et
537 5451 650 5506 Deo
679 5449 846 5506 invito
869 5452 992 5508 fecit
1011 5464 1311 5508 creaturam
1343 5455 1458 5524 ejus
1501 5455 1733 5511 alterum
1750 5456 1895 5511 ordi-

381 5652 520 5726 j‘lllg.
547 5621 842 5726 Augiense;
865 5649 1051 5705 XXXI.
1079 5651 1376 5726 uenerim.
1406 5652 1465 5709 Si
1488 5654 1756 5717 darentur,
1781 5664 1884 5712 etc.

377 5717 406 5762 b‘
431 5717 542 5808 his.
578 5717 718 5808 idem
748 5741 758 5774 :
786 5721 1104 5808 ξὲῑειιριερι.
1146 5723 1426 5808 I’idcamur
1452 5743 1590 5808 ergo,
1621 5731 1722 5779 etc.

385 5806 404 5832 ε
446 5792 542 5848 Ms.
579 5793 714 5849 idem
742 5813 752 5845 :
786 5792 994 5846 XXXII.
1023 5793 1315 5850 ΗΕΒΕΤΙΕΙ.
1354 5794 1420 5848 Et
1450 5792 1610 5851 miror
1629 5798 1890 5868 quafron-

2008 4712 2323 4790 impleretur
2338 4719 2558 4773 invenit.
2583 4716 2627 4770 0
2646 4732 2807 4785 quam
2835 4715 3016 4769 infelix
3041 4715 3288 4783 impietas
3308 4720 3434 4766 esta
3459 4711 3602 4767 Prte-

1985 4811 2286 4884 destiqatis
2315 4812 2553 4872 inventa,
2587 4818 2643 4862 ut
2667 4825 2734 4863 ex
2767 4807 3207 4878 prtevarieatione
3231 4805 3442 4861 dicatur
3470 4821 3596 4862 cve-

2007 4905 2149 4960 nisse
2198 4902 2451 4969 hominis,
2482 4902 2623 4972 quod
2671 4910 2753 4956 est
2797 4916 2865 4954 ex
2911 4899 3285 4955 benedictione
3326 4898 3600 4955 Creatoris

2008 4999 2266 5052 insertum
2294 4997 2306 5048 !
2341 4995 2489 5050 Hanc
2509 5011 2604 5049 vos
2643 4993 2820 5048 dicitis
2851 4993 3021 5062 legem
3070 4993 3310 5064 peccati;
3338 4993 3431 5048 sed
3457 4993 3596 5046 hanc

2008 5105 2107 5144 nos
2136 5090 2307 5158 legem
2336 5087 2546 5158 generis
2583 5087 3012 5157 comprobamus,
3043 5103 3202 5156 quam
3233 5103 3328 5142 vos
3352 5082 3593 5141 criminis

2009 5179 2300 5245 accusatis;
2334 5186 2387 5234 et
2415 5166 2552 5234 hanc
2581 5195 2677 5233 nos
2697 5177 2921 5234 dicimus
2941 5194 3159 5236 causam
3182 5193 3298 5232 esse
3314 5177 3588 5238 virtutum,
3651 5239 3658 5246 ο

1984 5288 2170 5342 (quam
2195 5287 2293 5327 vos
2321 5271 2482 5326 vultis
2510 5271 2793 5327 ostendere
2823 5271 3101 5326 materiam
3140 5268 3414 5320 vitiorum.
3457 5261 3591 5316 Nam

2007 5380 2126 5420 cum
2157 5364 2273 5433 ejus
2308 5364 2631 5433 adjutorium
2665 5365 2822 5418 faciat
2855 5369 3107 5432 parentes
3134 5353 3390 5410 fecundos
3421 5354 3472 5408 in
3502 5368 3590 5408 s0-

2007 5455 2150 5523 bole,
2175 5456 2330 5526 hujus
2349 5465 2636 5536 certamen
2652 5465 2707 5509 et
2734 5454 3073 5509 continentes
3098 5453 3314 5516 praestat
3342 5454 3399 5502 et
3424 5445 3586 5515 virgi-

2001 5661 2052 5711 te
2076 5698 2090 5723 ,
2124 5665 2227 5711 etc.

2071 5715 2096 5778 li
2135 5727 2234 5781 Ms.
2257 5723 2400 5780 idem
2428 5744 2439 5777 ί
2469 5724 2776 5777 Cunnum.
2807 5721 2933 5786 Quis
2954 5719 3089 5775 enim
3106 5715 3320 5785 dubitet,
3338 5731 3444 5779 etc.

2074 5809 2096 5836 ε
2136 5797 2234 5851 Ms.
2277 5795 2438 5858 idem,
2471 5792 2848 5863 conjugalibus.
