4140 6346
533 370 629 426 671
1601 363 1942 421 APPENDIX
1980 365 2071 420 AD
2106 363 2734 424 PREDES’I‘INATUM.

3718 371 3832 427 673

477 541 483 546 .
541 506 632 547 aes
655 489 936 560 gloriosos.
971 486 1038 542 Et
1064 502 1132 544 ne
1177 486 1372 543 alicubi
1410 484 1568 556 huius
1613 466 1738 541 esse
1766 483 2003 540 aestimes
2027 481 2127 538 de-
2153 486 2209 548 Α
2233 499 2394 571 quam
2423 457 2610 555 utique
2654 479 3123 556 comprobavimus
3150 501 3261 543 non
3289 485 3482 557 modo,
3503 485 3829 558 coniugibus

533 580 864 646 trimentum,
889 577 1095 648 majora
1124 577 1470 649 repugnando
1497 592 1660 647 quam
1691 575 1993 646 adjuvando
2013 575 2124 630 lar-

529 673 698 743 gitur;
727 670 853 741 quia
897 669 1022 725 dum
1073 669 1311 740 adjuv‘at,
1356 671 1589 726 fructum
1626 669 1844 725 exhibet
1871 668 2117 738 generis;

527 762 655 819 dum
691 769 973 834 repugnat,
1003 761 1213 818 confert
1239 762 1516 833 praemium
1550 761 1832 817 castitatis.
1865 760 1978 815 Illic
2005 760 2122 814 sine

526 853 683 926 culpa
729 859 1005 924 operatur,
1055 852 1144 909 hic
1170 861 1390 908 exercet
1432 867 1664 924 pugnam
1708 867 1830 928 cum
1874 865 2116 906 munere.

527 943 680 1001 Tolle
724 944 1246 1015 concupiscentiam,
1297 952 1353 1000 et
1373 951 1622 1000 .cessant
1671 935 1948 1012 conjugia;
1991 941 2121 998 tolle

527 1016 1042 1104 concupiscentiam,
1075 1043 1131 1089 et
1159 1041 1371 1091 cessant
1390 1035 1608 1107 praemia
1639 1034 1919 1090 castitatis.
1950 1033 2120 1101 Quale

526 1125 652 1191 hoc,
681 1140 839 1196 rogo,
868 1127 1070 1201 malum
1099 1135 1210 1192 est,
1241 1127 1387 1196 quod
1415 1127 1644 1198 duplicis
1663 1127 1791 1182 boni
1817 1142 1976 1182 causa
1998 1142 2121 1184 esse

529 1225 892 1286 monstretur;
921 1217 1066 1288 quod
1094 1218 1230 1274 alios
1268 1218 1320 1272 in
1350 1218 1714 1288 generationis
1739 1218 1935 1288 gaudio
1964 1219 2119 1274 exhi-

523 1306 638 1373 bet,
684 1308 821 1364 alios
860 1309 916 1364 in
966 1308 1237 1378 triumpho
1261 1309 1508 1364 virtutis?
1534 1307 1639 1364 Alii
1679 1309 1824 1365 enim
1870 1325 1968 1380 per
1994 1325 2116 1365 eam

523 1408 821 1470 operantur
848 1400 1012 1466 licite,
1032 1399 1123 1455 alii
1144 1414 1242 1470 per
1265 1414 1384 1454 eam
1410 1399 1666 1468 dimicant
1690 1399 1942 1470 gloriose.
1960 1401 2117 1468 Quod

521 1491 568 1546 si
599 1491 762 1546 etiam
796 1492 849 1546 in
880 1491 1127 1548 omnibus
1153 1492 1267 1548 haec
1291 1491 1486 1546 dicitur
1505 1507 1624 1548 esse
1651 1500 1952 1562 peccatum,
1983 1508 2118 1548 con-

520 1589 713 1638 stat-et
739 1583 1011 1653 conjuges,
1045 1591 1099 1639 et
1126 1584 1484 1649 continentes,
1516 1592 1572 1639 et
1592 1583 1826 1653 virgines
1852 1599 1949 1654 per
1975 1584 2116 1641 hanc

521 1687 643 1730 esse
690 1673 1054 1740 damnandos;
1085 1675 1334 1730 omnibus
1374 1675 1518 1730 enim
1546 1675 1723 1730 inesse
1772 1675 2116 1744 cognoscitur

521 1777 619 1836 per
640 1773 906 1819 naturam.
939 1764 1048 1820 Nos
1074 1781 1180 1838 non
1227 1765 1301 1820 ita
1328 1780 1449 1820 esse
1475 1766 1774 1822 sentimus:
1803 1766 1900 1821 sed
1922 1766 2110 1822 lauda-

2225 573 2570 634 fecunditatis
2595 578 2939 648 adiutorium,
2964 579 3060 634 sed
3087 580 3249 634 etiam
3274 579 3676 635 continentibus
3705 581 3827 651 pa!-

2225 687 2369 726 mam
2410 687 2572 742 posse
2600 669 2794 726 afferre
2825 671 3053 727 virtutis.
3078 671 3251 728 Vultis
3276 688 3437 728 nosse
3463 671 3662 728 bonam
3684 673 3826 730 hanc

2224 779 2348 819 esse
2375 763 2910 835 concupiscentiam?
2950 763 3220 835 mysteriis
3245 779 3366 819 eam
3390 764 3718 834 comparabo
3739 763 3828 818 di-

2225 855 2380 911 vinis.
2405 853 2522 910 Non
2549 855 2693 910 enim
2722 855 2896 910 solum
2916 855 3154 926 appetita
3177 856 3340 921 mala,
3363 855 3457 912 sed
3485 856 3648 910 etiam
3677 857 3823 911 bona

2223 955 2546 1018 praesumpta
2575 947 2954 1002 condemnant.
2987 945 3139 1003 Pone
3169 948 3403 1017 aliquem
3437 956 3563 1004 ante
3609 948 3824 1020 baptis-

2222 1039 2382 1094 matis
2411 1039 2856 1095 illuminationem
2895 1055 3093 1110 corpus
3137 1040 3351 1097 Domini
3378 1043 3820 1113 praesumpsisse;

2220 1133 2460 1203 nunquid
2493 1149 2600 1188 non
2630 1133 2731 1190 iste
2758 1132 2826 1188 de
2853 1133 2982 1188 boni
3008 1134 3425 1205 praesumptione
3449 1134 3823 1192 damnabitur!

2220 1223 2374 1292 Quod
2403 1227 2546 1282 enim
2569 1226 2688 1280 aliis
2715 1225 2973 1281 collatum
2997 1226 3292 1283 secundum
3321 1227 3568 1284 ordinem
3604 1230 3823 1286 confert

2220 1319 2468 1384 salutem,
2492 1318 2597 1373 hoc
2617 1318 2738 1373 aliis
2764 1317 3169 1376 damnationem
3212 1319 3340 1377 facit
3366 1328 3520 1377 extra
3547 1321 3824 1389 ordinem,

2219 1420 2371 1468 extra
2423 1421 2638 1482 tempus
2680 1401 2981 1483 acceptum.
3013 1412 3274 1469 Similiter
3299 1415 3346 1469 si
3393 1423 3615 1486 usurpet
3645 1395 3823 1472 laicus

2218 1505 2600 1570 sacerdotium,
2651 1505 2737 1560 vel
2777 1505 2822 1560 si
2863 1504 3189 1560 sacriﬁcium
3241 1505 3437 1562 offerre
3481 1515 3819 1578 prmsumat;

2218 1596 2458 1666 nunquid
2489 1611 2598 1651 non
2627 1597 2730 1651 iste
2757 1595 2827 1650 de
2853 1611 2963 1652 non
2992 1611 3250 1652 concessa
3278 1596 3378 1652 sibi
3419 1605 3690 1668 potestate
3715 1597 3820 1655 ἀι-

2216 1690 2481 1746 mnandus
2507 1690 2624 1746 est?
2651 1672 2810 1756 Quod
2835 1690 2881 1743 si
2909 1689 2977 1745 de
3007 1699 3117 1745 tam
3145 1689 3346 1745 sanctis
3371 1689 3533 1746 rebus
3552 1706 3820 1761 prasinu-

2216 1783 2331 1855 ptio
2351 1797 2504 1838 reum
2530 1781 2676 1846 facit,
2709 1796 2817 1836 non
2846 1781 3016 1848 actio,
3038 1789 3243 1851 quanto
3283 1782 3454 1851 magis
3477 1783 3531 1838 in
3551 1785 3820 1856 concupi-

519 1870 640 1910 mus
667 1871 786 1910 eam
815 1855 1056 1911 ordinem
1085 1873 1241 1911 suum
1286 1856 1702 1922 custodientem,
1729 1864 1785 1913 et
1813 1857 1925 1914 Deo
1953 1874 2112 1914 reve-
2141 1871 2189 1932 B
2217 1874 2444 1940 scema,
2478 1889 2584 1928 ηοη
2616 1872 2760 1927 actio
2798 1887 2953 1927 suum
2993 1871 3237 1927 ordinem
3267 1878 3474 1938 ιεηοηε,
3529 1871 3626 1928 sed
3653 1855 3816 1932 ει...

519 1946 748 2002 rentiam
770 1946 1135 2002 exhibentem.
1169 1947 1238 2002 Et
1264 1946 1386 2004 ideo
1415 1949 1468 2002 in
1498 1948 1784 2018 baptizatis
1811 1949 1975 2005 etiam
1997 1950 2112 2022 ipsa

520 2024 875 2100 nenedicitur,
906 2053 1018 2124 non
1044 2037 1278 2106 fugatur,
1299 2047 1355 2096 et
1382 2046 1606 2094 ematur
1625 2039 1796 2108 magis
1815 2055 1977 2110 quam
2004 2042 2112 2098 tol-
2152 2037 2154 2039 ’

517 2129 661 2184 litur.
685 2129 788 2196 Qui
816 2129 961 2184 enim
990 2129 1192 2186 fontem
1215 2145 1370 2202 aqua:
1388 2131 1642 2202 perennis
1670 2147 1813 2187 nunc
1838 2133 2113 2189 benedixit

518 2231 579 2278 ut
604 2237 1011 2279 renasceremur
1037 2223 1368 2294 spiritaliter,
1397 2223 1512 2294 ipse
1535 2224 1964 2282 tuncbenedixit
1987 2242 2114 2282 con-

518 2314 674 2386 iuges
703 2324 762 2371 ut
793 2316 1087 2373 carnaliter
1113 2331 1474 2373 nasceremur.
1511 2316 1667 2374 Hunc
1693 2331 1825 2388 ergo
1853 2319 2111 2390 concupi-

456 2477 463 2484 ι
518 2408 741 2464 scentiaa
765 2416 990 2490 motum,
1009 2408 1151 2464 sicut
1172 2416 1366 2464 cetera
1387 2409 1491 2463 alia
1512 2409 1772 2473 membra,
1797 2424 1827 2463 a
1849 2408 2110 2466 Creatore

515 2501 869 2580 suscepimus.
893 2501 949 2556 Si
977 2501 1100 2557 ideo
1141 2508 1225 2557 est
1261 2502 1700 2572 concupiscentia
1728 2502 1949 2568 malum,
1980 2503 2107 2572 quia

515 2608 615 2665 per
640 2593 782 2649 hanc
808 2593 1095 2663 aliquoties
1106 2592 1428 2648 adulterium
1448 2593 1682 2662 geritur;
1705 2607 1835 2662 ergo
1854 2601 1909 2648 et
1919 2609 2109 2650 manus

513 2685 656 2742 mala
684 2692 798 2752 est,
830 2685 956 2757 quia
1003 2700 1102 2757 per
1147 2687 1288 2741 hanc
1333 2684 1684 2741 homicidium
1745 2693 2102 2758 perpetratur.

514 2777 780 2834 Accusate
819 2787 876 2834 et
913 2779 1176 2849 linguam,
1208 2779 1334 2849 quia
1363 2793 1461 2849 per
1508 2778 1677 2849 ipsam
1705 2777 2109 2850 blasphematur

512 2871 685 2938 Deus;
715 2870 972 2928 damnate
993 2879 1050 2928 et
1070 2870 1287 2943 pedem,
1315 2870 1462 2943 quod
1488 2870 1767 2926 hominem
1794 2870 2011 2926 duxerit
2039 2871 2106 2925 ad

511 2965 756 3035 lupanar.
787 2964 877 3021 Sic
905 2964 965 3020 lit
991 2971 1052 3020 ut
1080 2981 1187 3021 non
1234 2964 1350 3021 sola
1379 2961 1836 3036 cnncupiscentia,
1860 2963 1955 3021 sed
1984 2965 2104 3020 uni-

509 3069 664 3111 versa
691 3071 724 3110 a
747 3056 902 3111 vobis
921 3043 1166 3112 membra
1185 3056 1523 3112 damnentur.
1556 3057 1931 3127 Respondeam
1953 3057 2106 3113 vobis

508 3161 609 3204 ore
657 3147 947 3212 catholico,
977 3148 1234 3217 quoniam
1257 3147 1400 3204 sicut
1429 3163 1621 3204 manus
1666 3147 1807 3204 facta
1849 3157 1962 3215 est,
1995 3166 2104 3206 non

2216 1964 2458 2021 ordinem
2485 1963 2717 2029 vadens,
2748 1971 2974 2019 vocatur
2999 1962 3052 2018 in
3077 1963 3322 2030 crimine,
3346 1971 3403 2019 et
3426 1963 3552 2019 facit
3586 1965 3817 2022 maledi-

2213 2067 2360 2115 ctum
2381 2066 2534 2113 extra
2553 2057 2798 2112 ordinem
2821 2062 3062 2122 euntem,
3091 2071 3253 2126 quem
3281 2057 3622 2114 benedictum
3641 2057 3814 2116 Crea-

2213 2158 2301 2206 tor
2327 2152 2382 2206 in
2410 2167 2510 2207 suo
2556 2150 2748 2207 ordine
2791 2150 3291 2217 collocavit?‘Quod
3316 2150 3364 2206 si
3391 2150 3465 2206 ita
3494 2147 3598 2215 est,
3639 2151 3814 2210 immo
3893 2177 3898 2182 ·

2211 2243 2336 2314 quia
2365 2243 2438 2299 ita
2465 2251 2567 2306 est,
2598 2242 2725 2314 quid
2778 2241 3050 2313 patimini,
3111 2241 3370 2308 infelices,
3411 2243 3504 2313 qui
3552 2247 3801 2302 volentes

2211 2335 2490 2390 exinanire
2535 2334 2876 2405 baptismatis
2915 2332 3396 2415 restaurationem,
3445 2334 3616 2390 dicitis
3653 2335 3800 2392 hanc

2209 2427 2702 2497 concupiscentiam
2727 2425 2856 2489 ideo,
2869 2427 3214 2492 remansisse,
3233 2441 3302 2482 ne
3326 2434 3440 2481 tota
3459 2442 3526 2482 ex
3542 2427 3795 2485 amussim

2211 2518 2417 2575 homini
2447 2525 2667 2590 peccata
2696 2517 3008 2573 viderentur
3047 2517 3292 2572 indulta?
3335 2517 3446 2572 Cur
3484 2533 3588 2573 non
3626 2517 3802 2588 magis

2210 2609 2336 2666 hinc
2361 2609 2515 2666 vobis
2541 2608 2705 2666 debet
2732 2624 2856 2664 esse
2883 2609 3140 2680 suspicio,
3167 2609 3308 2664 hanc
3327 2623 3436 2664 non
3465 2623 3587 2664 esse
3611 2623 3810 2680 pecca-

2214 2707 2346 2766 tum,
2377 2699 2522 2770 quod
2566 2699 2618 2754 in
2657 2699 2944 2771 baptizatis
2969 2699 3274 2755 hominibus
3313 2715 3424 2756 non
3461 2698 3809 2758 deletur?.Si

2213 2785 2357 2841 enim
2381 2791 2524 2840 esset
2544 2785 2847 2855 peccatu'm,
2875 2784 3060 2854 utique
3104 2785 3244 2840 sicut
3268 2792 3462 2840 caetera
3501 2783 3808 2840 tolleretur.

2209 2873 2376 2942 Igitur
2394 2873 2487 2944 qui
2516 2889 2614 2946 per
2639 2874 3128 2945 concupiscentiam
3149 2875 3489 2946 baptismatis
3513 2875 3659 2931 dona
3685 2876 3810 2932 exi-

2210 2967 2397 3022 nanire
2418 2965 2761 3032 contenditis,
2789 2967 3124 3023 conditorem
3140 2967 3589 3039 concupiscentiae
3616 2967 3808 3024 diabo-

2209 3059 2321 3114 lum
2344 3073 2466 3114 esse
2493 3059 2838 3114 monstratis:
2867 3073 2964 3128 per
2991 3073 3151 3128 quem
3175 3057 3382 3114 docetis
3405 3067 3460 3113 et
3485 3056 3806 3114 Creatorem

2209 3148 2263 3203 in
2292 3165 2389 3204 sua
2419 3149 2738 3219 operatione
2777 3149 2903 3205 dum
2930 3149 3187 3205 conderet
3209 3149 3489 3216 defecisse,
3515 3158 3570 3206 et
3592 3150 3805 3221 baptis-

327 3609 333 3615 '
401 3659 408 3662 .
507 3607 688 3675 insita,
736 3624 846 3664 non
873 3607 941 3664 ad
965 3607 1396 3674 adulterandum,
1427 3607 1522 3664 sed
1567 3607 1638 3664 ad
1685 3608 2095 3679 generandum:

509 3240 579 3296 ad
606 3239 980 3306 occidendum,
1003 3239 1101 3296 sed
1128 3240 1196 3296 ad
1222 3239 1585 3310 operandum;
1613 3247 1670 3295 et
1699 3241 1877 3309 lingua
1906 3257 2014 3297 non
2037 3241 2106 3298 ad
2131 3242 2178 3307 C
2210 3256 2357 3295 mum
2387 3241 2712 3297 tribuentem
2726 3257 2793 3297 ex
2823 3242 3034 3312 integro
3063 3257 3170 3297 non
3193 3242 3432 3313 potuisse
3458 3257 3799 3298 succurrere.

491 3332 1009 3403 blasphemandum,
1041 3331 1136 3388 sed
1160 3331 1230 3387 ad
1248 3330 1475 3403 gloriam
1497 3330 1770 3388 Creatoris
1789 3341 1845 3387 et
1871 3332 2102 3401 laudem;
2132 3412 2140 3421 .
2209 3330 2497 3387 Habebunt
2543 3333 2819 3389 vobiscum
2869 3341 3076 3404 partem
3119 3333 3212 3404 qui
3235 3349 3333 3389 vos
3360 3333 3428 3388 ad
3457 3350 3517 3390 se
3565 3334 3799 3419 libenter

506 3429 564 3483 et
590 3425 832 3482 membra
852 3424 1054 3489 omnia,
1087 3439 1196 3481 non
1223 3430 1284 3479 ut
1309 3423 1456 3479 vitiis
1494 3424 1763 3490 serviant,
1793 3424 1887 3482 sed
1909 3425 2105 3482 divinis
2207 3423 2513 3480 admittunt.
2541 3423 2810 3496 Scriptum
2848 3433 2932 3480 est
2955 3426 3098 3480 enim
3140 3442 3264 3482 reos
3297 3425 3431 3490 fore,
3462 3441 3568 3481 non
3609 3427 3790 3483 solum

513 3517 794 3588 pmceptis
815 3517 1094 3584 insistant;
1139 3517 1215 3572 ita
1244 3523 1300 3572 et
1327 3505 1761 3587 concupiscentia
1789 3524 1995 3572 naturae
2021 3526 2105 3573 est
2203 3515 2295 3584 qui
2324 3515 2663 3588 iniquitatem
2695 3516 2914 3581 faciunt,
2947 3517 3040 3572 sed
3071 3517 3238 3572 etiam
3266 3533 3529 3588 eos-quos
3553 3518 3631 3574 eis
3651 3533 3790 3574 con-

2203 3607 2402 3662 stiterit
2420 3609 2756 3665 consensisse
2785 3607 2961 3680 (Rom.
2993 3625 3030 3675 l,
3063 3607 3184 3680 3‘2).

575 3830 744 3902 Non.
786 3831 916 3887 Post
935 3840 1037 3888 tres
1057 3795 1215 3888 libros
1237 3810 1584 3902 prudente:
1597 3830 1848 3885 habentur
1877 3829 2013 3899 apud
2025 3829 2362 3902 Simondum
2391 3839 2636 3902 excerpta
2655 3829 3271 3902 duofCommentariorsm
3301 3826 3504 3902 {innotui
3522 3826 3766 3902 lenioris

504 3903 562 3958 in
590 3901 848 3976 Psalmos,
881 3904 1061 3976 quibus
1111 3897 1993 3976 ostenditurpmpinqnitaa,imnto
2023 3901 2266 3955 identitas
2296 3897 2554 3976 doctrinm
2592 3903 2728 3956 inter
2757 3901 3198 3976 Prctgestinatum
3219 3907 3270 3976 _et
3296 3898 3580 3976 Arnobius».
3604 3897 3778 3969 Cujus

505 3988 621 4028 eum
633 3975 748 4044 jam
767 3967 1129 4046 praeterimus
1143 3992 1271 4046 opus
1293 3967 1561 4046 (quantum
1589 3967 1658 4026 ad
1681 3971 1776 4028 hoc
1804 3971 2046 4026 lectorem
2070 3988 2379 4028 revocemus.
2421 3972 2712 4028 Videantur
2736 3989 2860 4044 ergo
2878 3969 3264 4028 Commentario
3290 3972 3342 4024 in
3366 3967 3600 4024 Psalmos
3627 3967 3784 4028 cxvn

505 4043 791 4101 ct'chvn."
807 4045 982 4116 Supra
1001 4046 1101 4100 col.
1126 4043 1224 4100 491
1250 4055 1300 4100 et
1329 4043 1452 4098 56L
1475 4043 1627 4100 Eutr.
1687 4095 1690 4098 .

1637 4323 2646 4440 APPENDIX.

1923 4653 2379 4733 LECTORI.

568 4815 669 4886 Qui
697 4826 822 4891 post
850 4815 1219 4891 Praedestinati
1248 4815 1415 4891 nostri
1440 4815 1752 4891 editionem:
1776 4814 1868 4891 qui
1897 4829 2020 4891 cum
2048 4812 2282 4884 antiquis
2304 4809 2792 4891 Prmdestinatianis
2819 4805 3287 4891 primus-omnium
3320 4811 3811 4891 congressushest,

500 4895 554 4945 et
579 4877 717 4959 post
731 4889 986 4960 epistolas
1016 4887 1340 4960 Rabaniqui
1369 4887 1586 4943 eosdem
1615 4887 1669 4941 in
1709 4877 2066 4960 Gothescalco
2095 4877 2441 4960 renascentes
2470 4883 2662 4960 iterum
2691 4877 2976 4960 oppressit,
3007 4877 3075 4960 de
3103 4878 3187 4960 his
3220 4892 3362 4960 nunc
3390 4877 3705 4960 etiamplli
3740 4899 3817 4960 ne

499 4948 735 5029 unquam
766 4948 968 5030 fuerint
992 4948 1337 5030 quaerendum
1365 4965 1574 5030 putant,
1604 4965 1713 5030 tam
1732 4957 1885 5030 clara
1906 4958 1970 5030 _in
2007 4955 2124 5011 luce
2153 4955 2296 5030 ultro
2325 4953 2684 5018 cmcutientes,
2879 4959 2987 5004 tam
3029 4948 3287 5030 ipsinqnid
3313 4962 3500 5030 verum
3530 4949 3640 5030 sit,
3681 4955 3814 5030 ρρῑ-

498 5015 617 5102 ηοιῗ,
652 5045 762 5102 non
789 5028 989 5102 vident,
1010 5015 1178 5102 'quam
1208 5015 1390 5084 videre
1417 5044 1475 5083 se
1503 5015 1857 5102 dissimulant.
1882 5027 2067 5102 Quare
2093 5025 2239 5094 quod
2275 5025 2414 5079 hanc
2448 5015 2805 5102 quoqu_e_V_il_lis
2833 5015 3277 5102 operam—tribuo,
3311 5026 3372 5102 ut

495 5089 655 5175 tian'a:
683 5099 917 5175 historia:
954 5089 1232 5175 praecipua
1261 5111 1486 5175 qumque
1514 5098 1770 5175 digeram,
1815 5089 2216 5175 sub'unumque
2237 5089 2527 5175 aspectum
2557 5089 2997 5175 subjiciam—non
3026 5089 3232 5175 ida'go,
3260 5089 3472 5175 _ut”rei‘
3507 5096 3814 5175 Iamnam

493 5172 668 5244 dubiae
687 5158 994 5242 apudipso's
1023 5158 1178 5244 [idem
1208 5158 1549 5244 faciam-{sed
1570 5158 1768 5244 'ut'ipsi
1791 5184 1887 5238 per
1914 5184 2052 5244 sese,
2079 5158 2204 5222 dum
2236 5158 2376 5244 inter
2402 5158 2976 5244 veterum'testimonia
3006 5159 3098 5230 qui
3126 5158 3551 5244 Praedestinatos
3583 5158 3666 5244 iri
3686 5165 3822 5244 hm-

491 5243 674 5300 reticis
703 5233 1006 5305 numerant,
1035 5248 1089 5294 et
1118 5240 1256 5295 inter
1295 5239 1520 5294 concilia
1547 5255 1666 5309 qua:
1687 5233 1826 5294 'illo's
1852 5239 2233 5299 condemnant,
2260 5235 2620 5309 Augustinum
2661 5234 2880 5309 audient
2915 5233 3110 5288 horum
3138 5245 3378 5309 errorem
3400 5233 3454 5285 in
3494 5241 3649 5289 ortu
3682 5237 3819 5308 ipso

491 5299 798 5385 castigasse,
828 5299 1004 5382 deque
1030 5310 1218 5366 iisdem
1249 5299 1580 5385 Prospei-uni
1602 5317 1658 5366 et
1681 5309 2106 5385 Hilarium,‘tu_m
2135 5307 2277 5378 apud
2299 5299 2651 5385 Augustinum
2680 5319 2778 5385 per
2805 5305 3028 5385 litteras,
3061 5309 3174 5356 tum
3198 5299 3621 5385 Romaec'oram
3655 5299 3819 5385 apud

489 5374 838 5441 leestinum
861 5374 1081 5454 questos
1101 5397 1239 5456 esse,
1268 5381 1354 5436 vel
1376 5374 1628 5456 nolentes
1646 5389 1939 5456 agnoscant
1968 5379 2092 5434 huic
2111 5374 2287 5456 causa:
2315 5376 2468 5445 plura
2496 5374 2795 5456 suﬂragari,
2828 5374 3175 5456 pluribusque
3202 5386 3322 5426 eam
3351 5374 3449 5456 niti
3480 5374 3814 5456 praesidiis,

488 5469 650 5524 quam
675 5444 926 5526 putarant
947 5471 962 5518 ;
986 5461 1041 5526 et
1068 5468 1174 5526 qua
1199 5444 1267 5526 de
1293 5467 1354 5508 re
1376 5451 1533 5526 aliter
1545 5444 1955 5526 _olim'se_nserit_
1972 5465 2131 5526 nemo
2163 5444 2422 5526 Ecquem
2443 5446 2586 5501 enim
2619 5461 2686 5526 ex
2701 5444 2927 5526 illorum
2956 5444 3556 5526 temporummemoria
3592 5444 3812 5526 prgre.’

489 5513 612 5582 rent
644 5513 737 5597 q'ui
755 5513 1130 5597 reclamat-it?)
1154 5524 1298 5597 solos
1318 5523 1518 5594 pudeat
1542 5522 1687 5591 ipsos
1703 5521 1977 5576 reluctari.
2008 5519 2135 5597 Non
2147 5513 2330 5597 dime
2351 5515 2566 5597 futuros
2581 5516 2674 5586 qui
2695 5515 2910 5597 tandem
2941 5513 3305 5597 acquiescant,
3338 5513 3816 5597 amanti—silent

489 5580 735 5672 veritati.
755 5580 1014 5672 Viderint,
1039 5595 1090 5672 si_
1112 5580 1205 5672 qui
1231 5580 1542 5672 obstrepere
1561 5580 1821 5672 'pergent,
1850 5606 1956 5672 qua
1986 5588 2359 5672 spe‘deinceps
2381 5595 2437 5642 et
2460 5580 2653 5672 quibus
2681 5580 3186 5672 armispugnatulrit
3199 5582 3328 5672 sint.
3353 5580 3496 5672 Fam
3514 5584 3631 5672 Ade“
3647 5586 3812 5647 Ρη-

488 5665 788 5731 destinatis,
825 5668 954 5736 quin
983 5653 1038 5722 et
1064 5653 1263 5721 fuerint
1289 5680 1349 5720 re
1377 5653 1514 5734 ipsa,
1545 5653 1601 5716 ei
1629 5653 2124 5736 haeretici—fuerint,
2156 5667 2268 5722 tuo,
2300 5653 2360 5713 ut
2385 5653 2565 5736 spero,
2609 5658 2798 5736 lector,
2847 5653 3050 5725 judicio
3086 5653 3307 5709 dubium
3353 5667 3461 5709 non
3496 5657 3641 5735 .erit
3698 5678 3814 5720 nec

489 5728 793 5808 obscurum,
824 5728 947 5808 post
975 5746 1084 5791 tam
1126 5736 1294 5792 multa
1343 5728 1416 5789 et'
1444 5742 1550 5789 tam
1580 5739 1726 5789 certa
1774 5731 2092 5794 documenta
2121 5745 2240 5802 qua:
2268 5729 2621 5800 comprobant
2671 5728 2888 5784 vincere
2915 5743 3010 5784 eos
3051 5741 3158 5781 non
3209 5739 3368 5796 posse
3415 5728 3516 5794 qui
3552 5735 3811 5792 οοηιη-

487 5805 694 5865 dicunt.

2055 5904 2058 5906 τ
2083 5893 2138 5913 κ-
