4140 6346
282 315 488 388 ωι¹

1088 325 1316 382 JACOBI
1355 322 1682 384 SIRHONDI
1722 319 2043 384 HISTORIA
2080 320 2765 386 PBEDESTINATIANL

3465 335 3574 392 682

355 447 492 527 Tum
511 445 702 527 deinde
721 463 734 527 ξ
755 442 978 527 Explica
1000 443 1128 499 liber
1147 446 1212 501 de
1235 443 1554 527 Hmesibua.
1575 443 1873 527 Utdubium
1907 449 1949 504 A
1980 442 2255 510 debemus,
2289 453 2346 500 ut
2366 462 2541 516 neque
2564 450 2719 519 proni
2746 449 2800 505 in
2828 449 3122 516 sinistram,
3170 468 3343 526 neque
3364 455 3415 512 iri
3439 472 3540 527 pur

281 535 390 575 ιιοιι
423 521 492 572 sit
516 515 594 572 Ge
619 516 847 570 madnnn
877 519 1011 570 ultra
1043 532 1149 570 non
1191 519 1550 585 processisse,
1582 525 1637 571 et
1667 516 1762 570 has
1792 524 1871 570 ta-

281 605 405 645 men
436 599 670 658 quatuor
697 590 1036 656 complexum
1067 602 1205 642 esse.
1235 585 1406 653 Quam
1437 589 1508 641 ob
1539 603 1650 642 rem
1691 587 1878 658 mirari

278 657 532 730 equidem
562 659 692 730 satis
721 673 1072 730 nonpossum
1095 673 1208 730 quo
1251 657 1758 730 casuvel‘consilio
1798 657 1877 730 fa-

278 724 429 786 ctum
451 734 523 783 sit
552 738 607 782 ut
638 729 691 783 iu
718 724 1067 784 celeberrima
1089 724 1145 783 S.
1181 727 1458 797 Augustini
1489 724 1724 797 Operum
1754 727 1865 783 edi-

279 805 432 857 tione
462 799 643 854 Lovan
667 801 802 864 ensi,
826 815 944 854 cum
969 814 1035 854 ex
1055 799 1242 853 codice
1269 796 1642 852 Gemblacensi
1668 796 1876 853 Genna-

278 871 439 928 diana
469 871 584 925 hzec
610 871 910 941 appendix,
968 869 1132 941 tacito
1181 869 1307 924 licet
1346 868 1584 924 auctoris
1632 871 1868 934 nomine,

318 939 857 1003 roferretur,'omissa
885 939 1378 1004 Przedestinatiana,
1413 948 1520 994 tres
1545 948 1752 994 tantum
1781 953 1870 995 re-

318 957 636 1003 rolerretur,
660 957 857 997 omissa
888 957 1378 1004 t-rzeuestmauana,
1413 957 1520 994 tres
1545 957 1752 994 tantum
1781 957 1870 995 re-

277 957 439 1082 liquis
481 1011 590 1082 sint
637 1028 922 1081 expresse.
956 1009 1273 1082 Porrorcum
1317 1025 1382 1065 ex
1411 1010 1779 1082 superioribus
1807 1009 1873 1064 Ii-

277 1079 444 1152 queat
464 1079 819 1147 Gennadium,
844 1083 946 1137 etsi
977 1082 1078 1137 hoc
1107 1081 1180 1136 illi
1210 1079 1437 1152 fortasse
1466 1081 1517 1134 in
1541 1082 1722 1136 animo
1750 1079 1870 1136 fue-

278 1151 383 1216 rat,
418 1154 610 1207 librum
649 1156 718 1207 de
748 1152 1048 1208 Iheresibus
1077 1168 1135 1208 re
1164 1152 1278 1222 ipsa
1325 1151 1528 1206 nullum
1571 1151 1869 1222 scripsisse,

277 1233 508 1294 apparet
527 1238 634 1292 qua
679 1223 779 1279 lide
805 1222 1088 1280 Jansenius
1129 1220 1319 1277 librum
1348 1222 1439 1294 qui
1472 1237 1741 1294 nunquam
1769 1220 1872 1276 fuit

277 1239 308 1277 a
354 1239 508 1294 paret
527 1239 634 1292 qua
679 1239 779 1279 nue
805 1239 1088 1280 Jansenms
1129 1239 1319 1277 norum
1348 1239 1439 1291 qui
1472 1239 1741 1291 nunquam
1769 1239 1869 1276 ιιιιι

277 1239 348 1350 ag
398 1293 600 1348 Isidoro
646 1295 790 1348 dicat
845 1294 1165 1364 expilatum;
1206 1309 1314 1363 quo
1339 1293 1460 1362 jure
1485 1290 1803 1362 Pelagianos
1837 1308 1869 1347 a

276 1363 582 1425 Gennadio,
607 1372 860 1434 tanquam
882 1363 948 1418 de
982 1366 1082 1418 hac
1112 1365 1298 1418 hzeresi
1327 1373 1599 1433 suspecto,
1635 1380 1739 1415 non
1771 1379 1870 1434 po-

278 1437 414 1491 sitos
463 1435 763 1498 cavilletur,
792 1451 913 1491 cum
943 1435 1011 1489 ab
1041 1435 1338 1503 Augustino
1383 1434 1593 1504 positos
1635 1433 1808 1503 repeti
1830 1449 1867 1504 7a

276 1505 562 1562 Geunadio
593 1521 698 1560 non
724 1507 1044 1577 oportuerit,
1075 1523 1174 1561 nec
1195 1503 1476 1560 Gennadio
1497 1519 1675 1559 causae
1713 1503 1870 1573 quid-

276 1593 440 1648 quam
472 1576 630 1630 luerit
658 1575 1123 1648 cur'Pelagianam
1168 1577 1411 1648 hmresim
1441 1589 1871 1648 commemorare

277 1643 644 1706 cunctaretur.
673 1648 762 1716 qui
794 1643 1066 1716 Pelagium
1098 1648 1268 1717 ipsum
1299 1648 1350 1701 in
1377 1646 1662 1700 illustrium
1681 1643 1864 1717 Eccle-

279 1721 372 1774 sia:
391 1715 714 1788 scriptorum
736 1715 997 1788 Catalogo
1017 1715 1437 1788 hmiesiarcham
1483 1733 1590 1788 non
1616 1715 1868 1770 dissinm-

280 1791 453 1870 lanter
473 1787 770 1870 appellarat
792 1787 946 1870 (cep.
970 1787 1272 1870 {Daunum
1295 1787 1446 1870 futili
1461 1787 1674 1870 deorum
1704 1796 1867 1855 atque

283 1862 426 1915 inani
474 1856 804 1914 divinatione
851 1856 1358 1914 Pimdestinatianos
1399 1859 1467 1911 ab
1496 1856 1703 1913 Isidoro
1731 1873 1870 1926 quos

279 1932 420 2000 apud
449 1929 784 1986 Genuadium
814 1931 1493 2000 repel-eratiprmtermissos
1520 1928 1869 2000 pronuntiet?

331 2004 510 2057 binam
541 2002 684 2056 e..im
716 1997 1032 2072 repererat}
1056 1997 1171 2072 Non
1195 2001 1246 2053 in
1273 2000 1408 2054 libro
1436 1997 1866 2072 de’limresibus,

278 2089 439 2145 quem
470 2073 673 2127 nullum
698 2069 962 2145 e_..iderat.
997 2069 1210 2145 Ergo_in
1238 2070 1564 2145 appendice:
1585 2071 1652 2121 At
1683 2084 1750 2122 ne
1776 2084 1872 2138 ap-

318 2145 562 2200 endicem
616 2142 832 2212 quidem
864 2144 1091 2212 viderat.
1132 2139 1286 2208 Lege
1314 2139 1387 2194 et
1433 2139 1620 2193 confer
1656 2153 1778 2206 qua:
1805 2147 1873 2212 de

327 2213 614 2270 estoriauis
634 2209 698 2267 ἐι
744 2213 812 2268 de
838 2211 1184 2283 Eutychiagiis
1206 2213 1280 2283 ab
1320 2220 1548 2277 utroque
1580 2218 1704 2283 synt
1740 2209 1874 2283 scri-

279 2296 392 2356 pta,
435 2301 503 2340 ne
531 2285 736 2364 apicem
777 2275 1311 2364 quidemnollendes,
1341 2275 1508 2364 quem
1533 2275 1874 2364 a’Gemadio

281 2348 506 2426 inagnus
536 2348 626 2410 ille
657 2363 748 2426 tu_o
785 2348 988 2426 judicio
1007 2349 1269 2426 Gennadii
1297 2348 1582 2426 tumulatur
1601 2357 1875 2426 mutuatus

279 2419 504 2482 sithur
531 2439 661 2493 ergo
692 2419 1183 2493 Praidestinatiana:
1212 2422 1352 2476 inter
1380 2421 1611 2493 haereses
1639 2419 1874 2493 lsILrOI‘IIS

278 2514 389 2554 non
430 2489 712 2551 meminit?
740 2495 876 2560 Quia
923 2489 1260 2548 Genuadium
1315 2508 1422 2546 non
1459 2492 1678 2560 legerat.
1712 2489 1874 2559 Nugae

282 2569 468 2637 itaque
497 2565 715 2620 fallaces
744 2581 809 2618 ac
828 2563 1074 2637 ridicula!
1121 2571 1246 2637 sunt
1292 2564 1424 2618 istm.
1458 2561 1589 2637 Quae
1619 2562 1672 2637 si
1714 2563 1872 2637 paulo

280 2631 552 2693 cautiores
582 2651 691 2689 non
721 2635 1011 2704 decipient,
1046 2643 1102 2688 at
1121 2635 1330 2689 miserm
1351 2635 1594 2704 proiecto
1615 2631 1872 2704 Marcelli:

283 2723 477 2762 narum
512 2702 978 2774 Priscillarumque
1021 2715 1145 2760 sunt
1188 2702 1378 2768 aures,
1423 2719 1543 2773 qua:
1571 2702 1871 2758 istiusmodi

285 2779 425 2848 apud
457 2778 575 2831 illos
604 2776 795 2831 fabulis
823 2775 1132 2831 assuelinnt.

877 2888 1106 2946 CAPUT
1149 2889 1258 2946 VII.

287 3000 364 3056 De
383 3003 671 3055 Arelatensi
697 3000 936 3066 concilio,
967 3003 1022 3054 in
1052 3018 1151 3072 quo
1182 3001 1682 3058 Prwdestinatorum
1709 3002 1876 3072 figere-

352 3074 425 3127 sis
455 3072 522 3126 50
549 3075 906 3142 episcoporum
930 3069 1133 3126 decreto
1174 3072 1422 3126 damnata
1459 3083 1558 3136 est,
1580 3081 1629 3127 et
1651 3073 1714 3127 de
1733 3069 1876 3143 Lug-

356 3143 570 3196 dunensi
593 3160 624 3195 a
646 3160 745 3213 quo
773 3144 956 3196 iterant
987 3145 1301 3212 proscripta.
1389 3211 1392 3214 λ

354 3276 603 3331 Omnium
631 3291 756 3345 quae
797 3273 1196 3329 Pnedestinatis
1252 3274 1452 3332 inflicta
1491 3283 1617 3330 sunt
1661 3276 1877 3345 gravius

287 3349 490 3405 nullum
513 3344 707 3401 vulnus
737 3344 834 3418 fuit
861 3361 1023 3418 quam
1063 3361 1172 3415 quo
1201 3361 1231 3400 ιι
1261 3347 1474 3415 triginta
1503 3344 1770 3418 episcopis
1797 3346 1877 3401 af-

286 3420 408 3476 fecti
438 3419 639 3473 suntin
665 3417 874 3489 synodo
899 3416 1221 3481 Arelatensi,
1271 3427 1431 3487 atque
1461 3416 1654 3474 iterum
1686 3416 1871 3488 postea

287 3491 340 3545 in
367 3485 732 3558 Lugdunensi.
765 3485 832 3542 Et
853 3502 1159 3558 quanquam
1189 3485 1430 3544 neutrius
1461 3490 1619 3544 hodie
1658 3485 1873 3544 cbucnlii

285 3573 404 3615 acta
434 3557 639 3614 restant
669 3558 834 3628 (quod
857 3557 938 3613 his
965 3572 1249 3615 commune
1276 3568 1359 3616 est
1385 3577 1506 3616 cum
1534 3560 1654 3615 aliis
1679 3575 1873 3629 quam-

286 3629 570 3701 plurimis),
615 3639 904 3700 supersunt
945 3639 1122 3684 tamen
1163 3647 1229 3686 ex
1269 3631 1570 3686 Arelatensi
1617 3630 1873 3701 nonnulla

284 3700 403 3771 qua:
451 3701 608 3772 Iidem
665 3715 880 3772 quoque
928 3706 1178 3772 astruunt
1229 3701 1590 3772 Lugdunensi.
1632 3700 1874 3772 Epistula

287 3770 478 3842 nempe
510 3770 697 3826 Fausti
720 3770 964 3842 Reieusis
993 3771 1234 3842 episcopi
1263 3770 1331 3825 ad
1359 3771 1617 3826 Lucidum
1648 3770 1874 3841 presby-

285 3840 457 3896 terum
505 3857 536 3894 e
581 3851 727 3911 secta
759 3840 1297 3906 Prmdestinatorum,
1344 3851 1456 3895 tum
1503 3842 1722 3911 scripta,
1752 3840 1874 3895 cum

285 3913 650 3966 celebraretur
674 3910 887 3964 Arelate
926 3911 1233 3975 concilium,
1261 3911 1360 3966 sub
1401 3926 1620 3976 annum,
1654 3921 1709 3966 ut
1739 3926 1876 3965 con-

286 3981 492 4050 jectura
522 3977 993 4050 nostra__fuit,_475.
1026 3977 1229 4050 Deinde
1259 3979 1444 4035 Lucidi
1468 3981 1676 4035 libellus
1699 3982 1875 4036 eidem

292 4047 504 4118 oblatus
555 4048 802 4118 concilio.
850 4047 1132 4103 Postremo
1180 4049 1360 4103 Fausti
1417 4050 1659 4118 ejusdem
1707 4051 1877 4105 altera

287 4117 603 4192 episttﬂhad
633 4117 916 4172 Leontium
947 4119 1339 4192 Arelatensem,
1367 4117 1459 4189 qui
1482 4121 1712 4176 concilio
1737 4137 1864 4192 prae-

286 4189 404 4243 fuit.
439 4187 561 4262 Tria
592 4189 706 4243 haec
742 4203 860 4258 qua:
883 4197 1143 4262 actorum,
1161 4187 1428 4262 jacturam
1462 4192 1715 4262 supplere
1737 4187 1878 4262 quo-

285 4259 562 4334 quoulodo
587 4267 842 4334 possunt,_
851 4260 1042 4334 ordine
1070 4260 1432 4334 subjiciemus.
1467 4259 1546 4317 Ac
1567 4259 1744 4334 primo
1759 4259 1878 4334 qui-

284 4327 409 4404 dem
424 4327 608 4404 Fausti
631 4345 791 4397 quam
812 4329 1044 4384 diximus
1068 4331 1133 4384 ad
1155 4327 1414 4386 Lucidum
1443 4327 1748 4404 epistolam,
1769 4327 1875 4403 qua

286 4400 436 4454 illum
462 4401 726 4462 hortatur,
756 4409 814 4454 ut
833 4415 1047 4455 errores
1074 4417 1202 4456 suos
1222 4413 1459 4469 revocet,
1479 4400 1727 4458 futurum
1748 4400 1878 4460 alio-

283 4471 392 4595 quiJ
423 4470 745 4594 denuntians
775 4479 833 4524 ut
879 4487 910 4525 a
939 4471 1169 4527 concilio
1198 4471 1498 4528 damnetur.
1531 4474 1620 4530 Sic
1665 4490 1793 4545 ergo
1815 4491 1876 4532 se

306 4557 355 4594 ia
396 4557 426 4594 e
455 4581 467 4593 .

306 4549 467 4594 tabct.

287 4652 525 4724 Epistota
556 4654 742 4710 Fausti
787 4655 1024 4711 Reicnsis
1051 4657 1120 4711 ad
1150 4657 1399 4713 Lucidum
1442 4659 1873 4716 Prwdéalinatia—

649 4743 789 4793 num,
846 4738 900 4781 ul
920 4744 1119 4782 errores
1147 4746 1266 4783 εαοε
1295 4741 1509 4785 reroccl.

285 4862 516 4918 Domino
541 4861 942 4918 deviuctissimo
983 4870 1037 4918 et
1067 4863 1194 4918 mihi
1225 4864 1442 4933 speciali
1484 4863 1680 4919 alfectu
1707 4880 1871 4919 vene-

399 4955 565 5011 rando
612 4971 674 5011 ac
728 4957 1068 5028 suscipiendo
1124 4957 1273 5011 fratri
1317 4951 1516 5012 Lucido
1561 4959 1875 5028 presbytero

399 5046 646 5102 Faustus.
1157 5101 1166 5106 -

362 5138 591 5194 Grandis
636 5139 872 5196 charitas
901 5148 984 5196 est
1013 5156 1204 5212 parum
1255 5142 1400 5197 cauti
1427 5140 1610 5195 fratris
1636 5154 1877 5199 errorem

287 5246 390 5301 per
404 5229 498 5285 Dei
519 5231 777 5287 auxilium
792 5241 848 5287 et
871 5233 1100 5301 gratiam
1122 5234 1292 5303 magis
1309 5233 1447 5289 velle
1461 5247 1671 5297 curare,
1694 5246 1878 5301 quam,

287 5322 432 5376 sicut
459 5323 652 5377 summi
674 5324 942 5380 antistites
962 5326 1305 5393 meditantur,
1336 5325 1403 5380 ab
1423 5325 1630 5380 unitate
1656 5339 1883 5395 suspen-

285 5415 439 5472 dere.
472 5416 609 5485 Quid
631 5434 847 5489 possmn
868 5418 937 5474 de
966 5421 1071 5476 hoc
1103 5436 1283 5487 sensu,
1315 5419 1454 5476 sicut
1476 5419 1574 5484 ais,
1599 5435 1721 5474 cum
1745 5433 1879 5472 una-

284 5511 538 5568 nimitate
566 5522 655 5568 tua
678 5529 773 5584 per
800 5514 1009 5569 litteras
1030 5515 1195 5586 loqui,
1225 5533 1346 5572 cum
1369 5524 1423 5571 te
1450 5531 1686 5586 praesens
1712 5515 1881 5569 multa

283 5613 347 5662 et
375 5605 566 5661 blanda
611 5616 666 5663 et
714 5607 898 5662 humili
928 5609 1287 5665 collocutione
1312 5624 1584 5678 nunquam
1615 5607 1882 5678 potuerim

283 5697 361 5754 ad
388 5699 530 5754 viam
550 5700 792 5755 veritatis
821 5701 1134 5756 attrahere?
1162 5700 1467 5773 Loquentes
1513 5715 1642 5770 ergo
1686 5701 1755 5756 de
1786 5698 1884 5755 Dei

285 5791 463 5863 gratia
493 5801 548 5848 et
575 5793 878 5850 obedientia
920 5793 1173 5863 hominis,
1207 5795 1259 5849 id
1289 5793 1599 5850 omnimodo
1641 5803 1882 5851 statuere

577 5888 846 5950 νΑτιιυι.
895 5886 1055 5950 LIII.

249 6030 298 6064 ς

1983 537 2096 591 tuni
2128 537 2179 592 in
2207 538 2507 604 dexteram,
2536 542 2682 611 regia
2733 544 2907 614 magis
2953 545 3262 612 gradiamur
3298 549 3403 604 via.
3435 547 3570 606 Illud

1980 634 2161 684 autem
2183 631 2584 687 venerationem
2616 642 2762 688 tuam
2781 633 2983 692 dixisse
3012 637 3235 695 miratus
3261 655 3402 702 sum.
3424 641 3569 714 quod

1980 719 2159 775 nullus
2185 736 2422 792 unquam
2468 723 2570 778 sub
2591 724 2839 794 religiosa
2889 727 3221 797 professione
3259 741 3448 789 contra
3475 749 3541 790 ca

1978 811 2233 870 tholicam
2263 814 2420 871 Iidem
2463 816 2548 871 vel
2575 818 2883 888 scripserit,
2916 822 3002 878 vel
3029 823 3422 894 praedicaverit,
3448 841 3572 883 cum

1978 905 2192 975 plurimi
2248 908 2572 980 multiplices
2597 918 2654 965 et
2680 909 2936 980 profanos
2974 929 3190 972 errores
3231 932 3360 974 suos
3405 918 3572 974 etiam

1976 998 2300 1069 scriptorum
2349 989 2713 1058 monumentis
2739 1001 3070 1060 crediderint
3107 1005 3456 1074 inserendas,
3477 1009 3572 1080 qui

1975 1097 2158 1144 tamen
2177 1087 2486 1146 Christiano
2515 1091 2734 1148 nomine
2752 1092 3136 1162 gloriabantur.
3171 1096 3416 1156 Breviter
3441 1112 3573 1168 ergo
3679 1130 3699 1151 .

1975 1179 2172 1247 dicam,
2193 1191 2452 1254 quantum
2470 1199 2591 1240 cum
2612 1185 2836 1242 absente
2857 1186 3003 1257 loqui
3035 1203 3274 1260 possum,
3299 1191 3430 1263 quid
3454 1206 3562 1251 set:-

1974 1272 2077 1327 tire
2103 1289 2228 1329 cum
2279 1275 2546 1332 catholica
2575 1273 2816 1333 Ecclesia
2851 1277 3070 1336 debeas.
3105 1279 3163 1337 Id
3192 1290 3294 1347 est,
3348 1291 3408 1339 ut
3446 1300 3570 1342 cum

1973 1368 2146 1435 gratia
2177 1367 2392 1426 Domini
2421 1373 2796 1443 operationem
2837 1375 3094 1447 baptitati
3133 1377 3318 1434 famuli
3357 1395 3570 1452 semper

1973 1458 2258 1545 adjungas,
2290 1472 2345 1517 et
2385 1479 2508 1518 eum
2536 1465 2627 1534 qui
2667 1467 3198 1537 prmdestinatiouem
3240 1471 3460 1529 excluso
3489 1473 3570 1528 Ia-

1973 1547 2107 1606 bore
2164 1551 2398 1610 hominis
2451 1557 2665 1624 asserit,
2695 1571 2820 1614 cum
2870 1557 3070 1631 Pelagii
3115 1561 3370 1632 dogmate
3415 1563 3568 1622 dete-

1974 1644 2153 1700 steris.

2050 1734 2350 1794 Anathema
2394 1751 2525 1809 ergo
2554 1739 2631 1796 illi
2658 1739 2752 1812 qui
2792 1740 2934 1798 inter
2959 1743 3197 1814 reliquas
3236 1743 3438 1817 Pelagii
3465 1747 3570 1804 im-

1907 1829 1943 1884 lt
1975 1829 2206 1897 pietatcs
2237 1831 2512 1888 hominem
2541 1835 2659 1890 sine
2708 1845 2935 1906 peccato
2983 1839 3150 1904 nasci,
3196 1847 3252 1894 et
3273 1853 3369 1909 per
3396 1841 3569 1896 solum

1976 1920 2216 1976 laborem
2243 1939 2403 1992 posse
2432 1924 2628 1980 salvari
2659 1925 2965 1982 damnanda
3004 1928 3423 1999 prtesumptione
3441 1945 3570 1985 con-

1977 2012 2227 2076 tenderit,
2254 2022 2310 2068 et
2333 2016 2423 2084 qui
2455 2030 2577 2068 eum
2631 2017 2747 2070 sine
2785 2017 2958 2086 gratia
2998 2015 3096 2074 Dei
3145 2018 3362 2074 liberari
3412 2035 3572 2090 posse

1975 2101 2283 2155 crediderit.
2315 2101 2449 2158 Item

2046 2193 2345 2248 Anathema
2374 2195 2450 2249 illi
2475 2196 2568 2265 qui
2595 2197 2871 2255 hominem
2899 2216 3021 2256 cum
3059 2182 3202 2258 fideli
3229 2202 3574 2260 confessione

1977 2283 2292 2340 solemniter
2337 2287 2706 2358 baptizatum,
2754 2299 2813 2348 et
2865 2303 3199 2351 asserentem
3250 2297 3574 2355 catholicam

1978 2375 2159 2442 fidem,
2178 2387 2233 2432 et
2255 2382 2595 2449 postmodum
2614 2398 2712 2454 per
2729 2385 2939 2442 diversa
2957 2389 3140 2444 mundi
3161 2389 3318 2461 hujus
3338 2392 3576 2449 oblecta-

1976 2481 2156 2527 menta
2184 2482 2241 2527 et
2261 2483 2590 2532 tentamenta
2614 2478 2948 2551 prolapsum,
2971 2482 3025 2538 in
3051 2483 3222 2540 Adam
3243 2493 3300 2541 et
3325 2487 3575 2557 originali

1976 2572 2201 2632 peccato
2231 2566 2456 2635 periisse
2484 2569 2794 2624 asseruerit.
2836 2569 2968 2627 Item

2046 2654 2345 2711 Anathema
2375 2658 2452 2713 illi
2480 2659 2570 2730 qui
2594 2675 2692 2731 per
2712 2660 2806 2716 Dei
2833 2665 3229 2733 prrescientiam
3259 2667 3314 2723 in
3342 2679 3574 2730 mortem

1974 2745 2202 2816 deprimi
2231 2748 2508 2805 hominem
2535 2752 2754 2807 dixerit.
2792 2751 2925 2809 Item

2049 2843 2352 2898 Anathema
2394 2845 2470 2898 illi
2499 2846 2591 2914 qui
2614 2846 2813 2902 dixerit
2849 2849 2998 2904 illum
3031 2853 3123 2923 qui
3151 2856 3313 2924 periit
3340 2872 3448 2914 non
3485 2874 3573 2916 ae-

1979 2937 2188 3005 cepisse
2237 2945 2297 2990 ut
2341 2937 2524 2990 salvus
2569 2951 2690 2994 esse
2721 2950 2926 3009 posset,
2961 2942 3012 2998 id
3038 2954 3139 3010 est,
3172 2947 3241 3002 de
3276 2947 3571 3020 baptizata,

1936 3027 2066 3082 .vel
2105 3027 2174 3082 de
2219 3027 2361 3082 illius
2402 3028 2580 3084 aetatis
2622 3043 2855 3100 pagano,
2905 3033 2997 3101 qui
3041 3036 3265 3095 credere
3309 3041 3487 3112 potuit
3518 3049 3573 3101 et

1982 3121 2170 3175 noluit.
2213 3120 2345 3176 Item

1903 3208 1951 3271 C
2054 3213 2355 3269 Anathema
2403 3214 2476 3270 illi
2521 3215 2613 3286 qui
2660 3215 2856 3274 dixerit
2901 3222 3047 3291 quod
3092 3239 3190 3282 vas
3233 3229 3572 3286 contumelia

1981 3323 2087 3362 non
2117 3307 2286 3378 possit
2315 3322 2598 3377 assurgere
2629 3318 2686 3363 ut
2708 3311 2782 3365 sit
2811 3327 2904 3368 vas
2933 3313 2986 3368 in
3013 3313 3298 3372 honorem.
3330 3317 3465 3376 Item

2048 3399 2350 3455 Anathema
2386 3400 2461 3455 illi
2501 3401 2593 3470 qui
2629 3401 2827 3458 dixerit
2864 3406 3010 3473 quod
3043 3406 3289 3464 Christus
3326 3425 3434 3467 nou
3471 3428 3572 3483 pro

1976 3491 2226 3545 omnbus
2271 3499 2516 3545 mortuus
2561 3490 2669 3554 sit,
2720 3507 2822 3546 nec
2867 3507 3056 3549 omnes
3102 3496 3350 3555 homines
3392 3502 3572 3562 salvos

1975 3597 2095 3637 esse
2125 3581 2269 3636 velit.

2047 3672 2184 3728 Cum
2229 3681 2406 3728 autem
2453 3673 2523 3728 ad
2570 3689 2670 3730 nos
2716 3674 2771 3731 in
2817 3676 3017 3733 Christi
3066 3682 3285 3739 nomine
3322 3688 3567 3754 veneris,

1977 3773 2073 3821 aut
2100 3781 2223 3820 cum
2251 3781 2285 3820 a
2309 3767 2508 3822 sanctis
2545 3766 2917 3824 sacerdotibus
2944 3781 3202 3828 evocatus
3225 3773 3420 3840 fueris,
3446 3784 3573 3835 tunc

1977 3867 2301 3929 opportuna,
2333 3858 2378 3913 si
2401 3857 2662 3913 Dominus
2683 3859 2925 3928 jusSerit,
2957 3860 3092 3917 locis
3118 3863 3231 3919 suis
3259 3866 3571 3924 testimonia

1977 3948 2332 4020 proferemus,
2381 3948 2578 4018 quibus
2624 3955 2679 4002 et
2703 3964 2824 4017 qua:
2861 3951 3126 4007 catholica
3173 3963 3302 4010 sunt
3342 3959 3573 4017 manife-

1978 4049 2219 4104 steutur,
2273 4047 2328 4093 et
2374 4055 2493 4109 qua:
2547 4039 2826 4095 catholicis
2878 4045 3146 4099 contraria
3202 4046 3569 4106 destruantur.

1979 4130 2089 4186 Nos
2135 4140 2315 4186 autem
2361 4145 2458 4201 per
2502 4130 2944 4186 illuminationem
2973 4131 3173 4208 Christi
3215 4138 3480 4195 veraciter
3517 4151 3572 4198 et

1980 4220 2315 4278 conﬁdenter
2342 4221 2652 4284 asserimus,
2679 4231 2733 4276 et
2760 4236 2883 4277 eum
2908 4224 3000 4293 qui
3033 4226 3190 4294 periit
3216 4242 3315 4297 per
3333 4229 3574 4300 culpam,

1980 4315 2186 4369 salvum
2223 4329 2346 4368 esse
2381 4313 2620 4384 potuisse
2658 4327 2755 4383 per
2780 4315 3026 4382 gratiam,
3058 4316 3104 4372 si
3127 4317 3314 4386 gratiae
3349 4319 3452 4390 ipsi
3488 4322 3571 4377 fa-

1980 4409 2110 4464 muli
2140 4393 2341 4463 laboris
2369 4405 2732 4461 obedientiam
2775 4422 2881 4461 non
2925 4417 3204 4478 negasset;
3234 4418 3290 4465 et
3325 4427 3448 4472 eum
3477 4415 3570 4484 qui

1981 4517 2079 4572 per
2105 4500 2333 4569 gratiam
2359 4498 2427 4553 ad
2456 4498 2612 4553 bona:
2640 4499 3120 4554 consummationis
3148 4510 3322 4557 metas
3348 4505 3571 4561 servitio

1901 4577 1955 4639 D
1982 4595 2314 4662 obsequente
2343 4591 2608 4663 pervenit,
2639 4590 2833 4646 cadere
2863 4608 2959 4661 per
2988 4590 3276 4656 desidiam,
3309 4601 3365 4648 et
3395 4597 3572 4664 perire

1980 4690 2222 4762 potuisse
2254 4703 2354 4760 per
2389 4687 2620 4756 culpam.
2670 4684 2779 4740 Nos
2803 4691 2942 4753 ‘crgo
2967 4699 3064 4753 per
3090 4685 3326 4740 medium
3353 4683 3571 4743 Christo

1979 4782 2117 4838 duce
2144 4779 2472 4849 gradientes.
2514 4783 2635 4845 post
2672 4774 2898 4842 gratiam
2927 4773 3043 4826 sine
3065 4787 3177 4840 qua
3203 4772 3336 4827 nihil
3362 4789 3569 4842 sumus,

1980 4874 2222 4928 laborem
2266 4868 2519 4924 oliiciosm
2551 4864 2833 4919 servitutis
2873 4863 3180 4918 asserimus.
3248 4863 3358 4921 Sed
3396 4869 3573 4925 omni-

1981 4961 2144 5017 modo
2171 4957 2535 5026 arrogantiam
2563 4961 2618 5008 et
2646 4953 3117 5024 pratsumptiouem
3145 4954 3344 5013 laboris
3378 4960 3573 5015 exclu-

1979 5055 2185 5118 dimus;
2213 5062 2270 5106 ut
2294 5049 2420 5106 totis
2446 5047 2646 5103 viribus
2668 5045 3008 5113 desudantes,
3035 5063 3104 5104 ne
3131 5050 3302 5120 gratia
3330 5050 3386 5108 in
3416 5052 3572 5106 nobis

1981 5153 2292 5210 evacuetur,
2323 5139 2582 5212 quidquid
2609 5138 2677 5196 de
2713 5154 2878 5195 manu
2903 5139 3114 5197 Domini
3149 5143 3567 5213 susceperimus,

1983 5239 2184 5296 donum
2223 5234 2634 5308 pronuntiamus
2679 5247 2818 5300 esse,
2870 5250 2977 5290 non
3024 5235 3275 5305 pretium.
3324 5232 3571 5288 Scientes

1986 5331 2189 5387 laboris
2229 5328 2396 5400 ipsius
2433 5325 2662 5381 fructum
2696 5323 2858 5382 olllcii
2898 5340 3012 5380 rem
3055 5338 3192 5388 esse,
3225 5338 3331 5378 non
3360 5310 3568 5388 meriti;

1985 5440 2106 5482 cum
2135 5420 2462 5491 evangelista
2489 5418 2732 5476 dicentes
2757 5436 2769 5472 :
2804 5416 2951 5471 Servi
2979 5414 3185 5468 inutiles
3213 5429 3406 5477 sumus,
3435 5414 3570 5484 quod

1988 5515 2252 5570 debuimus
2302 5513 2472 5584 facere
2518 5511 2730 5582 fecimus
2777 5503 2927 5576 (Luc.
2962 5518 3088 5563 xvu,
3117 5500 3227 5571 10).
3287 5500 3412 5558 Huic
3449 5519 3571 5574 quae

1983 5607 2209 5664 strictim
2238 5619 2337 5676 pro
2365 5601 2608 5672 epistolxe
2652 5595 2913 5652 brevitate
2955 5600 3250 5647 memorata
3295 5603 3447 5662 sunt,
3480 5607 3571 5654 aut

1985 5701 2226 5772 recipere
2252 5712 2344 5762 se,
2375 5700 2469 5749 aut
2503 5701 2756 5760 respuere
2792 5684 3114 5742 unanin‘itas
3142 5693 3232 5740 tua
3261 5697 3570 5747 recurrent.

1987 5806 2238 5851 sermone
2282 5781 2622 5858 respondeat.
2674 5777 2938 5834 Caeterum
2993 5775 3085 5848 qui
3137 5777 3276 5835 hanc
3327 5781 3570 5840 veritatis
