4140 6346
561 369 664 454 oss

560 501 864 554 mensuram
895 483 1064 552 gratia
1104 477 1438 552 praecedente
1485 483 1540 532 et
1587 481 1781 530 conatu
1827 479 2138 542 assurgente

558 565 666 642 non
709 576 968 648 Sequitur.
1024 572 1212 642 dignus
1267 569 1366 628 erit
1419 567 1512 642 qui
1565 583 1596 654 a
1649 565 1816 622 sacris
1870 561 2140 624 liminibus

557 677 820 732 arceatur,
847 667 960 736 Ego
992 674 1168 724 tamen
1189 660 1514 726 individuam
1537 659 1834 720 bonitatem
1857 664 2004 714 tuam
2023 663 2139 716 toto

555 763 780 820 sincerae
805 755 1152 828 benignitatis
1177 753 1426 824 amplexu
1470 751 1524 818 in
1568 749 1656 804 via
1699 748 1964 814 retinens,
1999 747 2140 806 intra

554 853 743 914 matris
771 850 1021 908 Ecclesiae
1049 846 1310 916 gremium
1355 856 1674 926 permanere
1707 839 1989 912 repudiato
2033 837 2139 894 hoc

554 959 742 1002 errore
784 941 1050 1006 desidere.
1092 939 1196 1008 Qui
1238 937 1284 994 si
1324 937 1790 1006 cito‘respuatur,
1839 931 2134 1004 ignorantia

553 1036 716 1098 fuisse
743 1033 1028 1098 videbitur,
1053 1029 1387 1102 blasphemia
1409 1042 1540 1094 vero.
1559 1025 1910 1098 reputabitur,
1943 1023 1984 1086 si
2017 1037 2139 1094 per-

552 1127 801 1186 tinaciter
838 1121 1172 1182 defendatur.
1215 1120 1444 1188 Gravem
1489 1133 1718 1188 namque
1761 1118 1812 1184 in
1862 1123 2140 1182 auctorem

552 1225 930 1285 retorquemus
964 1211 1246 1278 invidiam,
1275 1212 1321 1266 si
1351 1212 1588 1278 dicamus
1617 1207 1762 1280 quod
1790 1207 1839 1261 ei
1869 1205 2137 1276 possibili-

551 1318 716 1364 tatem
752 1307 1094 1378 capessendie
1119 1305 1305 1370 salutis
1329 1304 1562 1372 noluerit
1583 1304 1711 1356 dare
1741 1301 1831 1372 qui
1855 1300 2046 1372 periit,
2087 1298 2136 1352 ei

552 1403 815 1462 duntaxat
843 1403 934 1474 qui
964 1416 1154 1476 capere
1197 1401 1308 1472 jain
1347 1407 1528 1476 posset
1577 1395 1782 1450 arbitrii
1813 1393 2132 1456 libertatem,

552 1514 676 1568 cum
699 1499 917 1558 minime
944 1511 1140 1566 negare
1165 1497 1432 1566 possimus
1458 1493 1596 1564 quod
1623 1491 1854 1546 mandati
1884 1489 2138 1568 praevari-

551 1577 788 1644 catorem
837 1590 888 1642 in
915 1589 1100 1657 judicii
1145 1587 1226 1642 sui
1259 1573 1668 1640 examinatione
1709 1582 2001 1636 damnabit.
2035 1581 2136 1646 Qui

551 1681 694 1738 enim
715 1697 824 1742 non
851 1689 932 1738 est
959 1679 1224 1742 obnoxius
1251 1678 1318 1736 de.
1346 1684 1616 1748 sltSCepto,
1651 1675 1832 1736 nescio
1861 1672 2134 1744 quomodo

553 1788 674 1828 reus
700 1772 866 1848 possit
890 1787 1006 1834 esse
1025 1770 1090 1826 de
1113 1769 1352 1840 perdito;
1383 1785 1446 1830 ac
1474 1769 1552 1830 sic
1577 1774 1861 1842 peccantes
1885 1767 1936 1818 in
1966 1765 2133 1818 Deum

549 1865 698 1936 cujus
725 1865 776 1920 in
807 1863 990 1936 primis
1013 1862 1334 1924 asseruimus
1355 1862 1606 1930 gratiam,
1633 1861 1682 1912 in
1711 1857 1994 1928 postremis
2020 1856 2132 1925 ejus

548 1956 846 2018 videbimur
867 1957 1178 2028 impugnare
1195 1955 1472 2022 justitiam.
1501 1953 1668 2022 Hujus
1689 1959 1868 2010 autem
1891 1951 2130 2019 epistolae

548 2048 822 2116 exemplar
871 2063 1080 2101 mecum
1125 2047 1360 2106 retineo,
1411 2047 1462 2098 in
1508 2054 1778 2110 conventu
1824 2053 2130 2100 sanctorum

547 2139 860 2204 antistitum,
894 2141 938 2206 si
965 2139 1040 2194 ita
1069 2153 1288 2200 necesse
1318 2137 1494 2206 idem,
1529 2136 1925 2208 proferendum.
1960 2135 2130 2204 Quam

547 2233 591 2286 si
621 2231 1014 2302 sdscipieudam
1056 2229 1323 2300 putaverit
1355 2229 1658 2294 fraternitas
1700 2239 1790 2286 tua
1814 2273 1826 2294 ,
1876 2237 1969 2286 aut
2007 2229 2131 2284 sub-

545 2325 797 2398 scriptam
819 2339 978 2378 manu
1001 2323 1212 2398 propria
1238 2339 1362 2384 mox
1387 2307 1646 2386 remittat,
1673 2333 1765 2380 aut
1783 2323 2132 2394 sequentibus

546 2415 758 2486 scriptis
789 2415 1005 2474 omnino
1051 2430 1109 2470 se
1158 2414 1491 2484 improbasse
1531 2415 1872 2490 respondeat.
1906 2413 2056 2482 Quod
2089 2416 2134 2470 si

549 2499 668 2558 eam
718 2503 1098 2572 subscriptam,
1155 2513 1214 2558 ut
1267 2505 1408 2570 dixi,
1471 2507 1830 2566 transmittere
1874 2508 2128 2572 nolueris,

547 2604 732 2668 aperte
754 2595 926 2650 adhuc
947 2603 1002 2650 te
1023 2596 1076 2658 in
1099 2611 1280 2652 errore
1303 2585 1589 2666 persistere
1613 2599 1727 2668 ipso
1751 2601 1962 2658 silentio
1983 2617 2131 2662 COlll-

543 2689 828 2760 probabis;
856 2705 917 2743 ac
939 2689 1162 2758 proinde
1178 2689 1290 2758 jam
1321 2691 1701 2752 necessitatem
1723 2693 1852 2746 mihi
1883 2691 2043 2746 facies
2066 2693 2132 2748 ad

542 2795 827 2852 personam
851 2791 992 2836 tuam
1015 2782 1240 2860 publicis
1267 2785 1619 2854 conventibus
1647 2785 2038 2856 exponendam.
2065 2785 2132 2839 Et

541 2872 663 2940 ideo
691 2873 981 2942 secundum
1011 2873 1124 2934 lucc
1152 2889 1268 2943 quae
1299 2892 1326 2928 a
1357 2892 1443 2940 me
1472 2886 1596 2932 sunt
1631 2878 1832 2938 directa
1871 2878 2126 2944 rescribe,

542 2973 719 3034 utrum
749 2981 812 3032 ea
841 2967 1064 3020 remotis
1109 2967 1540 3035 circuitionibus,
1591 2979 1683 3028 aut
1731 2985 1990 3042 agnoscas
2039 2979 2132 3026 aut

540 3073 782 3128 respuas.
832 3059 900 3112 Et
931 3061 1038 3113 alia
1083 3071 1258 3128 manu,
1291 3062 1520 3117 Faustus
1570 3065 1844 3134 exemplar
1887 3067 2130 3135 epistola:

539 3162 675 3224 meae
704 3150 870 3224 relegi
894 3159 948 3205 et
977 3152 1288 3222 subscripsi.

609 3239 734 3322 llaec
755 3242 898 3324 enim
917 3259 1043 3324 vera
1066 3253 1118 3300 et
1139 3248 1656 3324 germauancpistolm
1678 3258 1759 3324 est
1780 3250 2116 3324 subscriptio,

537 3312 1014 3392 unicum_a_uctori5
1043 3312 1236 3368 nomen
1269 3312 1571 3384 phalereus,
1603 3319 1748 3392 quod
1778 3321 1950 3392 solum
1979 3312 2122 3392 pari;

535 3389 620 3437 tor
666 3390 722 3436 et
764 3382 1113 3458 Hine-merus,
1165 3393 1220 3439 et
1265 3382 1476 3441 veteres
1521 3382 1706 3456 Optimi
1756 3386 1954 3458 q'uique
1981 3382 2120 3446 'libri

533 3461 936 3526 repueseutant.
971 3454 1152 3516 Altera
1173 3467 1372 3522 autem,
1395 3454 1622 3526 vulgatis
1645 3454 1901 3516 hactenus
1930 3463 2122 3518 editio—

534 3521 714 3596 nibus,
747 3538 864 3590 quae
911 3524 1137 3578 Auxanii
1164 3521 1511 3596 aliorumque
1544 3547 1662 3584 eum
1695 3531 1894 3586 Fausto
1928 3549 2120 3588 novem

533 3592 907 3672 episcoporum
928 3597 1144 3672 nomina
1160 3592 1434 3672 subnotat,
1460 3602 1558 3654 etsi
1587 3609 1828 3654 veterum
1847 3617 2117 3672 quorum-

533 3661 669 3739 dam
685 3662 930 3739 codicum
959 3666 1208 3739 sull'ragio
1233 3683 1363 3739 mon
1394 3661 1569 3734 caret,
1605 3674 1785 3739 spuria
1815 3661 1992 3728 tamen
2036 3682 2118 3728 est

531 3730 680 3794 baud.
700 3732 862 3796 dubie
889 3743 946 3792 et
987 3730 1180 3790 aliena.
1215 3735 1342 3802 Qua:
1383 3749 1438 3792 et
1479 3741 1532 3793 in
1560 3730 1802 3796 errorem
1834 3745 2120 3800 lionnullos

533 3801 764 3882 induxit,
797 3813 856 3862 ut
885 3806 949 3882 ab
981 3801 1279 3882 Arelatensi
1301 3810 1550 3882 concilio
1581 3812 1666 3864 vel
1712 3829 1742 3866 a
1771 3813 2116 3882 Lugdunensi

527 3871 884 3948 subscriptam
905 3873 1099 3948 Fausti
1123 3878 1404 3946 epistolam
1430 3881 1739 3948 crederent;
1765 3891 1822 3944 et
1855 3871 2108 3940 adversa-

524 3942 620 3996 riis
645 3942 848 4020 nostris
873 3942 1172 4020 ealurmnre
1193 3963 1378 4004 ansam
1407 3953 1652 4020 prazbuit,
1689 3942 1746 4008 ut
1767 3942 1873 4008 nos
1899 3957 2114 4012 concilii

525 4027 724 4090 rimanti
761 4017 888 4090 huic
911 4019 1024 4090 iuni
1069 4018 1252 4090 Fausti
1291 4017 1532 4090 epistola:
1563 4023 1801 4080 dicerent
1833 4027 2110 4082 tribuere:

698 4095 782 4178 est
805 4085 1165 4178 laisissirnum.
1193 4084 1488 4178 Hac-igitur
1511 4093 1692 4178 Fauin
1720 4099 1948 4178 epistola
1969 4100 2113 4154 exci-

526 4157 669 4232 tatus
714 4153 944 4210 Lucidus
991 4159 1056 4210 ad
1101 4175 1159 4214 se
1206 4153 1390 4232 rediit,
1444 4171 1496 4217 et
1544 4167 1686 4232 quod
1716 4153 1804 4222 diu
1835 4153 2113 4224 cunctatus

527 4221 719 4286 fuerat,
753 4241 1004 4300 errorem
1035 4229 1282 4300 agnovit,
1302 4221 1475 4300 ﬁatque
1506 4221 1576 4285 ex.
1602 4221 1813 4291 concilii
1843 4221 2108 4294 sententia

523 4295 838 4356 retractavit
865 4293 1102 4352 libellum
1129 4299 1204 4351 illi
1234 4293 1464 4355 ollbréns
1503 4304 1805 4370 hujusmodi
1833 4327 1844 4360 :

526 4402 807 4476 Exemplar
857 4406 1014 4462 libelli
1065 4408 1246 4465 Lucidi
1293 4415 1573 4498 presbyteri
1618 4421 1860 4492 pristinos
1908 4441 2108 4478 errores

561 4507 566 4510 -
1165 4495 1452 4540 revocantis
1890 4544 1892 4546 _

523 4563 762 4622 Dominis
805 4568 1126 4626 beatissimis
1174 4583 1228 4628 et
1291 4578 1344 4628 in
1401 4580 1614 4632 Christo
1660 4587 2104 4644 reverentissimis

591 4656 868 4728 Patribus,
918 4661 1163 4730 Leontio,
1215 4663 1492 4734 Eulronio,
1536 4670 1780 4746 Fonteio,
1833 4677 2098 4747 Viventio,

559 4748 868 4818 .Mamerto,
919 4752 1174 4820 Patienti,
1229 4757 1492 4826 Veriano,
1545 4763 1824 4832 Auxanio,
1883 4769 2097 4839 Fausto,

585 4837 776 4907 Paulo,
801 4843 1083 4913 Megethio,
1112 4849 1321 4916 Graeco,
1357 4851 1631 4924 Eutropio,
1663 4857 1906 4928 Leontio,
1939 4837 2100 4919 Clau-

587 4931 700 5024 die,
731 4933 1001 5002 Marcelle,
1047 4939 1248 5010 Croco,
1291 4946 1513 5014 Basilio,
1549 4950 1791 5020 Claudio,
1829 4955 2092 5024 Ursicino,

585 5020 942 5092 Praetextato,
974 5027 1295 5102 Pragmatio,
1331 5037 1687 5108 Theoplasto,
1719 5045 1966 5114 Leontio,
2005 5020 2096 5106 Vi;

555 5117 774 5171 .ventio
797 5127 842 5183 δ,
867 5116 1096 5186 Juliano,
1128 5125 1365 5193 Amicaii,
1387 5128 1600 5198 Joanni,
1623 5133 1856 5204 Opilioni
1878 5149 1932 5194 et
1955 5140 2094 5197 Lici—
2155 5153 2178 5168 ‘

585 5205 680 5260 nio
705 5207 972 5280 episcopis
1002 5209 1234 5268 Lucidus
1263 5219 1560 5294 presbyter.

575 5335 858 5410 Correptio
881 5347 1058 5396 vestra
1085 5343 1228 5399 salus
1256 5347 1468 5416 publica
1490 5397 1502 5420 ,
1537 5361 1591 5406 et
1615 5359 1880 5412 sententia
1911 5371 2087 5416 vestra

505 5429 764 5510 medicina
790 5441 888 5487 est.
919 5431 1068 5490 Unde
1099 5446 1153 5492 et
1174 5455 1274 5510 ego
1297 5458 1564 5499 summum
1597 5451 1896 5506 remedium
1927 5455 2083 5520 duco,

505 5529 561 5606 ut
590 5525 887 5592 praeteritos
916 5543 1126 5586 errores
1152 5537 1454 5591 accusando
1502 5556 1780 5606 excusem,
1821 5555 1874 5597 et
1903 5549 2089 5600 saluti-
2119 5545 2122 5548 ί

507 5605 612 5692 fera
634 5617 968 5674 Ct.)llrc<$it)!lc
991 5639 1074 5675 lllC
1095 5623 1311 5677 diluam.
1341 5623 1571 5682 Proinde
1588 5630 1736 5696 juxta
1764 5636 2086 5692 praedicandi

1632 357 1968 413 Al’l-‘ENDIX
2009 358 2098 410 AD
2119 351 2760 446 ῬιζβΕϋΕΞΤΙΝΑΤυΜ.

3371 417 3384 426 ,
3723 349 3837 404 est

2166 477 2215 534 Λ
2243 471 2478 528 recentia
2507 477 2704 528 statuta
2748 468 2988 534 concilii,
3038 467 3233 526 damno
3279 467 3558 526 vobiscum
3609 483 3836 526 sensum

2239 564 2390 618 illum
2429 563 2520 632 qui
2557 561 2686 616 dicit
2729 563 2976 620 humanae
3001 561 3320 616 obedientia:
3365 562 3604 642 laborem
3630 561 3836 620 divinae

2239 658 2422 726 gratim
2451 673 2556 712 non
2588 672 2704 712 esse
2727 655 3084 726 jungendum;
3115 654 3208 726 qui
3237 653 3364 709 dicit
3383 661 3509 724 post
3537 655 3698 726 primi
3725 656 3834 710 ho-

2239 751 2399 810 minis
2415 751 2622 821 lapsum
2643 766 2712 808 ex
2733 757 2846 804 toto
2869 747 3148 812 arbitrium
3165 747 3457 828 voluntatis
3473 739 3827 814 exstinctum;

2240 845 2330 913 qui
2359 843 2490 898 dicit
2515 844 2660 913 quod
2705 842 2950 898 Christus
2995 841 3251 898 Dominus
3279 847 3336 898 et
3361 839 3614 896 Salvator
3638 849 3834 900 uoster

2239 944 2468 992 mortem
2497 951 2602 992 non
2631 951 2730 1006 pro
2759 934 2998 989 omnium
3021 933 3194 988 salute
3222 931 3544 1002 susceperit;
3575 931 3669 1000 qui
3696 932 3834 986 dicit

2239 1029 2384 1098 quod
2411 1027 2744 1100 prmscientia
2769 1027 2868 1102 Dei
2907 1025 3180 1090 hominem
3227 1025 3490 1080 violenter
3536 1026 3832 1098 compellat

2239 1121 2308 1176 ad
2339 1130 2585 1182 inertem,
2616 1121 2703 1176 vel
2731 1119 2876 1190 quod
2903 1133 3027 1174 cum
3055 1117 3152 1172 Dei
3177 1125 3400 1187 pereant
3427 1117 3712 1172 voluntate
3735 1117 3834 1188 qui

2237 1223 2490 1285 pereunt;
2549 1213 2638 1284 qui
2703 1211 2832 1267 dicit
2881 1209 3024 1279 quod
3077 1216 3202 1280 post
3253 1217 3532 1278 acceptum
3587 1209 3832 1278 legitime

2237 1307 2556 1378 baptismum
2589 1307 2638 1358 in
2669 1303 2836 1360 Adam
2868 1304 3127 1360 moriatur
3155 1303 3459 1374 quicunque
3501 1303 3830 1372 deliquerit;

2239 1399 2330 1466 qui
2357 1398 2484 1454 dicit
2525 1397 2660 1454 alios
2689 1397 2976 1466 deputatus
3003 1397 3074 1458 ad
3107 1403 3368 1460 mortem,
3401 1394 3536 1450 alios
3564 1395 3632 1450 ad
3661 1395 3836 1452 vitam

2238 1490 2671 1560 praedestinatos;
2704 1489 2796 1556 qui
2817 1488 2942 1542 dicit
2973 1487 3040 1540 ab
3063 1487 3234 1540 Adam
3263 1502 3430 1558 usque
3463 1485 3532 1540 ad
3551 1485 3834 1543 Christum

2239 1583 2414 1646 millos
2444 1597 2508 1638 ex
2544 1581 2790 1650 gentibus
2819 1597 2915 1654 per
2953 1581 3182 1652 primam
3211 1579 3306 1634 Dei
3336 1581 3583 1648 gratiam,
3635 1581 3690 1634 id
3719 1590 3827 1648 est,

2237 1691 2333 1746 per
2363 1675 2532 1744 legem
2561 1682 2794 1740 natura},
2829 1673 2882 1732 in
2911 1659 3198 1730 adventum
3229 1673 3424 1732 Christi
3453 1673 3620 1732 fuisse
3647 1675 3832 1730 salva-

2239 1775 2322 1820 tos
2337 1809 2352 1832 ,
2383 1775 2438 1821 et
2453 1767 2600 1835 quod
2621 1768 2848 1821 liberum
2869 1766 3146 1828 arbitrium
3165 1767 3222 1820 in
3247 1767 3420 1836 primo
3445 1777 3674 1838 parente
3703 1785 3834 1840 per-

2163 1860 2206 1922 B
2236 1858 2492 1923 diderint;
2525 1859 2615 1928 qui
2644 1859 2772 1912 dicit
2793 1859 3124 1928 patriarchas
3147 1873 3210 1913 ac
3235 1859 3542 1929 prophetas,
3569 1861 3660 1915 vel
3681 1877 3832 1918 sum-

2234 1965 2352 2006 mos
2379 1966 2620 2022 quosque
2667 1959 3010 2018 sanctorum,
3059 1951 3222 2008 etiam
3263 1960 3388 2008 ante
3433 1953 3832 2030 redemptionis

2233 2051 2476 2114 tempora
2505 2045 2652 2102 intra
2671 2044 2978 2114 paradisum
2995 2043 3258 2114 deguisse.
3285 2044 3412 2102 Haec
3435 2047 3638 2115 omnia,
3667 2050 3832 2118 quasi

2233 2137 2394 2208 impia
2445 2144 2500 2192 et
2549 2136 2842 2206 sacrilegiis
2897 2137 3101 2208 repleta
3143 2136 3462 2192 condemno.
3513 2139 3592 2192 lta
3636 2147 3826 2195 autem

2235 2246 2417 2286 assero
2446 2231 2672 2300 gratiam
2701 2229 2829 2296 Dei,
2860 2237 2916 2288 ut
2947 2230 3190 2288 adnisum
3221 2231 3450 2300 hominis
3480 2241 3536 2288 et.
3561 2243 3821 2290 conatum

2233 2325 2418 2392 gratim
2463 2338 2676 2392 semper
2720 2321 3030 2391 adiungam,
3076 2330 3132 2378 et
3175 2323 3482 2382 libertatem
3525 2325 3818 2382 voluntatis

2233 2418 2480 2472 humanae
2509 2433 2614 2471 non
2637 2417 2976 2480 exstinctam,
3009 2415 3104 2472 sed
3132 2413 3464 2471 attenuatam
3489 2424 3538 2470 et
3565 2415 3812 2472 inﬁrma-

2233 2518 2342 2564 tam
2371 2525 2486 2566 esse
2515 2509 2854 2580 pronuntiem
2875 2553 2887 2576 ,
2939 2517 2992 2570 et
3038 2507 3326 2578 periclitari
3355 2524 3476 2564 eum
3505 2510 3590 2580 qui
3633 2510 3822 2568 salvus

2234 2611 2354 2667 est,
2407 2612 2462 2660 et
2507 2619 2632 2660 eum
2677 2603 2768 2672 qui
2815 2603 2976 2672 periit
3027 2603 3268 2672 potuisse
3303 2603 3518 2674 salvari.
3548 2603 3828 2668 Christum

2235 2695 2398 2748 etiam
2439 2693 2608 2748 Deum
2653 2701 2710 2748 et
2760 2693 3120 2760 Salvatorem,
3176 2701 3436 2764 quantum
3471 2696 3730 2765 pertinet
3757 2698 3828 2754 ad

2235 2783 2446 2838 divitias
2491 2785 2744 2840 bonitatis
2791 2800 2930 2850 suae,
2977 2785 3208 2855 pretium
3257 2787 3446 2840 mortis
3493 2803 3593 2858 pro
3641 2789 3826 2844 omni-

2233 2877 2333 2932 bus
2397 2877 2691 2944 obtulisse,
2759 2886 2814 2932 ct
2871 2879 2994 2948 quia
3055 2877 3258 2933 nullum
3313 2880 3492 2950 perire
3545 2882 3680 2935 velit
3731 2885 3824 2952 qui

2191 3037 2194 3040 ἢ
2233 2978 2316 3028 est
2362 2971 2598 3032 salvator
2647 2971 2885 3032 omnium
2909 3011 2924 3036 ,
2984 2974 3218 3034 maxime
3261 2971 3524 3044 ﬁdelium,
3565 2977 3724 3036 dives
3771 2981 3826 3036 in

2237 3063 2484 3118 omnibus
2507 3064 2598 3133 qui
2628 3064 2882 3120 invocant
2925 3065 3092 3119 illum.
3129 3065 3194 3120 Et
3221 3067 3344 3136 quia
3377 3068 3432 3122 in
3461 3071 3628 3125 tantis
3655 3073 3824 3128 rebus

2233 3157 2574 3212 conscientiae
2603 3157 3069 3226 satisfaciendum,
3099 3161 3317 3216 memini
3349 3178 3434 3218 me
3465 3165 3826 3222 ante-dixisse

2149 3252 2196 3314 C
2225 3249 2372 3317 (land
2407 3249 2652 3308 Christus
2669 3251 2788 3322 {pro
2825 3251 2908 3308 bis
2945 3259 3154 3308 tantum
3181 3268 3320 3323 quos
3347 3256 3650 3314 credituros
3677 3275 3824 3328 prce—

2225 3339 2380 3394 scivit
2435 3341 2776 3408 advenisset,
2833 3345 3126 3402 sententias
3188 3344 3496 3404 Dominicas
3549 3367 3820 3420 sequens,

2223 3432 2416 3500 quibus
2445 3433 2518 3486 ait
2563 3452 2573 3486 :
2617 3432 2786 3488 Filius
2828 3433 3049 3490 hominis
3080 3453 3182 3490 non
3211 3441 3348 3498 venit
3373 3441 3690 3506 ministrari,
3725 3443 3824 3498 sed

2221 3527 2546 3592 ministrare,
2591 3538 2638 3582 et
2685 3529 2916 3588 animum
2953 3547 3100 3590 utam
3139 3519 3530 3604 redemptionem
3557 3537 3686 3590 dare
3709 3557 3818 3606 pro

2221 3617 2418 3670 multis.
2470 3618 2537 3672 Et
2585 3619 2755 3674 illud:
2802 3621 2904 3674 Hic
2952 3625 3212 3678 calculi);
3251 3628 3508 3696 sanguinis
3553 3630 3652 3678 ruri
3679 3633 3812 3681 novi

2224 3707 2535 3763 Testamenti
2564 3713 2650 3783 qui
2689 3729 2782 3782 pro
2812 3715 2985 3768 multis
3015 3715 3297 3784 c/fundetm-
3343 3717 3390 3770 iu
3437 3717 3798 3770 rmm'ssr'cmem

2220 3813 2560 3872 peccatorum.
2597 3805 2694 3860 Vel
2741 3807 2872 3874 illud
2917 3807 3202 3878 Apostoii:
3239 3808 3376 3862 Sicut
3419 3817 3662 3862 statutum
3709 3819 3808 3864 est

2219 3894 2508 3948 hominibus
2537 3899 2668 3950 mori
2687 3939 2700 3964 ,
2753 3900 2830 3950 ita
2855 3908 2904 3952 et
2932 3900 3166 3954 Christus
3211 3900 3358 3954 semel
3396 3899 3590 3952 oblat-us
3619 3909 3694 3953 est
3729 3901 3820 3954 ad

2206 3987 2495 4040 'nmltorum
2525 3988 2875 4042 exhaurienda
2898 3999 3126 4060 peccata.
3162 3991 3312 4046 Nunc
3339 4006 3491 4057 vero,
3523 4007 3826 4058 sacrorum

2217 4079 2646 4136 testimoniorum
2693 4084 3038 4152 auctoritate,
3084 4100 3202 4154 qua:
3252 4085 3460 4142 abunde
3505 4101 3602 4154 per
3631 4091 3834 4155 spatia

2214 4167 2520 4226 divinarum
2556 4172 2900 4228 inveniuntur
2939 4173 3370 4246 Scripturarum,
3419 4193 3484 4230 ex
3529 4177 3836 4246 seniorum

2213 4260 2456 4315 doctrina
2496 4265 2706 4319 ratione
2744 4267 3041 4336 patefacta,
3092 4267 3266 4322 libens
3313 4267 3486 4322 fateor
3529 4267 3836 4326 Christum

2211 4353 2374 4406 etiam
2418 4370 2516 4424 pro
2564 4357 2785 4425 perditis
2835 4357 3136 4426 advenisse,
3189 4360 3314 4430 quia
3363 4359 3556 4416 eodem
3587 4361 3840 4418 nolente

2209 4445 2505 4512 perierunt.
2540 4445 2726 4515 Neque
2753 4449 2900 4510 enim
2945 4448 3026 4508 fas
3055 4459 3156 4514 est,
3201 4451 3346 4510 circa
3377 4465 3474 4506 eos
3501 4451 3696 4506 solum
3731 4457 3840 4524 qui

2209 4536 2460 4592 videntur
2487 4553 2606 4594 esse
2635 4540 2858 4608 salvati,
2893 4541 3167 4596 immensae
3207 4542 3421 4597 divitias
3449 4544 3738 4598 bonitatis
3771 4563 3842 4601 ac

2131 4627 2185 4687 D
2209 4629 2474 4690 beneﬁcia
2501 4632 2678 4692 divina
2706 4633 2968 4694 concludi.
3019 4635 3156 4690 Nam
3182 4635 3226 4690 si
3255 4635 3528 4694 Christum
3559 4635 3662 4692 bis
3709 4647 3878 4696 talk.

2211 4731 2326 4777 tum
2371 4725 2603 4778 remedia
2652 4726 2896 4780 attulisse
2940 4725 3168 4780 dicitnus
3208 4727 3298 4794 qui
3345 4725 3626 4794 redempti
3679 4742 3848 4794 sunt,

2210 4815 2510 4870 videbimur
2539 4817 2816 4872 absolvere
2857 4833 2968 4872 non
3011 4818 3362 4890 redemptos,
3387 4833 3524 4886 quos
3565 4834 3698 4890 pro
3755 4841 3850 4888 re-

2209 4908 2518 4978 demptione
2547 4918 2854 4980 contempta
2876 4921 3222 4976 constetesse
3249 4912 3576 4982 puniendos.
3623 4916 3854 4976 Assem

2207 5003 2390 5066 etiam,
2425 5017 2521 5078 per
2566 4989 2830 5059 rationem
2874 5015 2929 5060 et
2976 4991 3218 5060 ordinem
3259 5006 3596 5064 smenlorum
3623 5053 3640 5074 ,
3703 5015 3854 5070 alios

2209 5093 2328 5162 lege
2357 5094 2560 5162 gratiae,
2589 5095 2723 5152 alios
2751 5097 2866 5168 lege
2893 5096 3080 5174 Moysi,
3105 5097 3240 5154 alios
3261 5097 3376 5168 lege
3411 5109 3644 5158 natura:
3671 5122 3855 5174 quam

2209 5173 2353 5240 Deus
2383 5186 2434 5240 in
2467 5175 2706 5242 omnium
2733 5173 3246 5258 cordibus’scripsit,
3287 5189 3342 5244 in
3389 5205 3488 5260 spe
3543 5173 3856 5258 adventus

2209 5275 2410 5346 Christi
2441 5279 2602 5336 fuisse
2649 5281 2912 5346 salvatos;
2965 5287 3142 5340 tamen
3185 5281 3254 5336 ab
3283 5282 3436 5336 initio
3467 5288 3732 5352 mundi,
3789 5293 3862 5350 ab

2192 5365 2458 5436 originali
2481 5385 2641 5434 nexu,
2675 5373 2774 5428 nisi
2805 5355 3192 5436 intercessione,
3217 5375 3356 5430 sacri
3385 5379 3708 5442 sanguinis
3737 5401 3860 5440 non

2205 5461 2500 5518 absolutos.
2525 5462 2786 5522 Proﬁteor
2815 5467 2976 5520 etiam
3004 5475 3234 5522 aeternos
3257 5467 3407 5536 ignes
3429 5475 3486 5522 ct
3511 5469 3862 5536 iul'ernales

2205 5552 2447 5616 ﬂammas
2479 5557 2626 5610 factis
2652 5559 2965 5626 capitalibus
2993 5569 3318 5636 praeparatas
3347 5579 3358 5610 :
3387 5559 3520 5626 quia
3563 5579 3863 5634 persevc—

2197 5639 2380 5718 ran'tes
2411 5648 2671 5704 humanas
2700 5651 2883 5706 cnlnas
2931 5653 3121 5706 merito
3169 5652 3413 5720 sequitur
3451 5652 3678 5720 divina
3719 5679 3862 5719 sen-

553 5787 902 5858 ""Leomdio.
935 5807 990 5850 ut
1017 5799 1208 5866 legitur
1239 5811 1366 5860 tom.
1401 5805 1420 5860 Ι
1450 5811 1810 5867 Concmorum
1848 5813 2065 5882 Gallize;
2102 5823 2155 5873 et
2195 5799 2492 5890 “inornata,
2528 5847 2646 5892 cap-
2681 5839 2702 5881 ιι
2740 5829 2829 5884 lib.
2863 5831 2928 5886 de
2961 5827 3456 5892 Pendestinalione-
