4140 6346
1473 223 1508 247 ν

1137 339 1367 402 JACOBI
1403 342 1725 400 meum
1761 341 2080 402 HISTORIA
2115 345 2793 406 Ρλευεετωτωυι

335 457 417 532 2).
449 454 619 532 Nolite
649 456 771 532 fieri
785 461 930 532 sicut
955 475 1125 532 equus
1151 470 1206 516 et
1235 459 1410 514 mulus
1436 457 1718 532 (Fauni,
1741 459 1833 532 θη
1848 455 1923 532 ξι
1950 464 2002 520 Δ
2030 457 2481 519 Reverentissimo
2523 463 2670 521 fratri
2708 466 3078 522 consaeerdoti
3121 465 3407 522 Hincnutro
3435 466 3605 522 archi-

338 529 614 600 épostolus
636 546 654 582 :
679 529 851 585 Nolite
875 531 987 586 lieri
1006 529 1146 588 servi
1176 529 1453 586 hominum
1477 531 1518 600 (l
1540 530 1660 584 Cor.
1686 547 1776 587 vn.
1806 530 1920 598 25).

341 598 512 673 Toties
556 615 675 673 nou
719 602 1034 673 inisuperna
1079 603 1431 657 admonitione
1463 598 1586 672 quid
1625 603 1849 673 respicit,
1880 602 1925 673 si

339 670 485 724 aliud
506 670 628 724 velle
653 687 754 725 non
782 669 963 727 licuit?
989 673 1190 728 Deinde
1215 674 1444 728 auamris
1463 669 1516 724 in
1537 669 1756 728 persona
1784 669 1928 725 Chri-

337 742 427 815 sti,
450 751 638 815 tamen
677 759 770 812 pro
810 743 1012 798 arbitrii
1055 742 1363 815 astipulatur
1399 742 1625 813 ejusdem
1664 742 1928 815 prophetae

337 810 485 867 nobis
516 809 750 866 libertate
789 809 1180 869 testimonium}
1214 814 1280 868 Ut
1322 809 1549 868 facerem
1599 809 1926 867 voluntatem

339 891 506 953 tuam,
533 879 675 936 Deus
697 898 867 946 meus,
900 885 1043 939 volui
1072 885 1186 953 (Ps.
1216 901 1399 946 nm,
1425 882 1500 953 9).
1527 881 1594 934 Et
1622 881 1746 936 alibi
1777 900 1793 936 :
1821 881 1927 936 Vo-

338 952 570 1024 luntarie
598 953 914 1009 sacriﬁcabo
953 957 1046 1010 tibi
1080 952 1195 1024 (Ps.
1231 973 1338 1016 un,
1368 952 1468 1019 8).
1493 953 1563 1006 Et
1592 970 1608 1005 :
1640 953 1776 1024 Vota
1808 968 1926 1007 mea

339 1020 818 1096 Donni-creduam
845 1025 960 1096 (Ps.
1011 1020 1132 1086 m,
1168 1024 1242 1096 5).
1281 1027 1345 1077 Et
1384 1025 1610 1096 iterum:
1641 1023 1844 1096 Vovete
1873 1032 1926 1077 et

337 1092 687 1164 rcdditell’s.
715 1111 873 1159 Lxxv,
902 1094 1013 1162 52).
1047 1096 1188 1149 Illud
1205 1092 1386 1149 autem
1415 1094 1546 1147 beati
1576 1095 1810 1164 Apostoli
1827 1111 1926 1163 quo

335 1180 391 1216 se
421 1163 614 1216 muniri
639 1166 801 1237 credit
829 1167 1116 1237 exemplum
1145 1165 1405 1220 nobiscum
1435 1166 1580 1235 facit,
1702 1181 1825 1237 (μιαί
1842 1181 1924 1216 se-

337 1244 564 1306 quuntur
584 1235 820 1300 advertit,
848 1232 1224 1306 cuminimicus
1249 1232 1564 1306 arrogantis:
1592 1232 1724 1289 dixit
1747 1253 1764 1288 :
1787 1232 1925 1288 Gra-

339 1303 413 1376 tia
445 1303 538 1358 Dei
569 1321 684 1358 sum
714 1307 856 1374 quod
879 1324 996 1361 sum
1029 1308 1070 1376 (l
1099 1305 1219 1362 Cor.
1253 1323 1340 1370 xv,
1372 1303 1478 1374 ιο).
1511 1307 1637 1361 Mox
1675 1307 1832 1369 enim,
1865 1321 1930 1358 ne

338 1375 414 1430 sic
445 1377 610 1449 fugax,
636 1376 816 1446 gloria:
841 1375 1147 1440 mederetur,
1177 1389 1232 1430 ut
1260 1377 1412 1449 longo
1439 1377 1708 1449 intervallo
1738 1395 1772 1449 a
1798 1376 1929 1449 ueri-

342 1455 448 1519 tate
477 1447 796 1519 descisceret,
839 1451 1046 1519 sapiens
1074 1446 1380 1503 architectus
1409 1448 1651 1518 adjunxit
1693 1463 1710 1501 :
1747 1446 1928 1499 Abun-

340 1515 555 1572 dantius
584 1518 831 1587 omnibus
861 1515 1119 1583 laboravi,
1149 1527 1202 1575 et
1229 1521 1397 1587 gratia
1431 1515 1521 1572 Dei
1555 1520 1606 1571 in
1644 1533 1730 1572 me
1759 1532 1926 1584 egena

341 1603 450 1661 non
477 1587 575 1641 fuit
603 1585 786 1661 (lbid.)
809 1607 822 1652 ;
846 1590 981 1661 quod
999 1591 1192 1644 dixisse
1217 1585 1331 1644 est:
1357 1585 1588 1643 Christus
1612 1589 1664 1642 in
1685 1604 1766 1661 me
1783 1603 1930 1661 quem

341 1657 494 1730 digne
542 1655 629 1710 aut
685 1655 1006 1713 abundanter
1061 1671 1491 1723 remuneraretur,
1540 1660 1750 1712 invenit.
1796 1655 1930 1711 'Non

340 1731 478 1783 enim
518 1730 712 1798 pauper
750 1741 826 1782 est
854 1730 1026 1802 divina
1056 1732 1246 1802 gratia,
1277 1732 1368 1802 sed
1397 1731 1693 1784 meritorum
1723 1738 1920 1802 nostro-

342 1815 455 1853 rum
484 1795 692 1868 putatur
729 1801 951 1871 quadam
981 1795 1142 1854 ma'cie
1169 1813 1258 1854 aut
1286 1801 1520 1854 exilitate
1550 1799 1769 1852 temtari.
1803 1795 1932 1862 Qua

345 1880 464 1942 tunc
491 1871 728 1942 non_suis
775 1872 1061 1942 restituatur
1106 1872 1355 1925 meatibus
1403 1872 1580 1942 ﬂuere,
1623 1871 1839 1942 quando
1869 1871 1933 1942 de

340 1941 454 2011 ejus
480 1939 708 1994 cursibus
736 1941 998 1995 ariditatis
1028 1954 1220 1996 nostra:
1248 1959 1371 1996 certa
1401 1936 1530 1994 nihil
1568 1936 1764 2010 recipit.
1800 1936 1845 1992 0
1887 1941 1932 1993 si

341 2011 636 2081 epistolaris
696 2021 975 2084 pateretur
1005 2014 1244 2084 angustia
1301 2027 1566 2066 sacrorum
1620 2011 1934 2084 voluminum

344 2079 540 2135 arcana
568 2079 828 2134 reserari!
869 2081 976 2136 Sed
1006 2079 1156 2136 tinieo
1186 2100 1250 2135 ne
1279 2086 1361 2152 qui
1385 2085 1578 2134 nullam
1609 2083 1794 2152 poterit
1825 2079 1936 2152 Deo

341 2153 638 2223 inspirante
663 2153 716 2204 in
745 2152 851 2221 ﬁde
880 2162 1055 2204 nostra
1077 2150 1314 2223 inuenire
1340 2150 1672 2211 calumniam,
1704 2151 1766 2203 de
1788 2150 1938 2220 pagi-

344 2220 753 2293 nw’prolixitate
776 2232 1030 2276 causetur.
1060 2220 1195 2285 Quid
1223 2222 1349 2275 illud
1379 2239 1477 2292 qua
1500 2236 1614 2274 men
1638 2237 1668 2274 e
1693 2223 1934 2290 suscipit:

343 2290 484 2348 Ecce
523 2308 717 2361 aquam
749 2303 804 2346 et
834 2293 1031 2361 ignem,
1059 2294 1124 2346 ad
1154 2293 1295 2360 quod
1341 2290 1422 2345 vis
1466 2304 1678 2360 porrige
1724 2305 1938 2344 "latium

346 2307 484 2348 hcce
523 2308 717 2361 aquam
749 2307 847 2346 eti
889 2308 1031 2355 nem,
1059 2307 1124 2346 ao
1154 2307 1295 2360 quou
1341 2309 1422 2345 vis
1466 2307 1678 2360 porrige
1724 2307 1938 2344 manum

346 2361 534 2444 (Eccli.
564 2379 650 2444 xv,
682 2362 812 2444 17)?
839 2307 977 2426 ὅιιίά
1006 2363 1131 2427 alia,
1159 2378 1274 2444 quin
1310 2363 1548 2444 copiosus
1577 2370 1806 2444 assertor
1833 2361 1942 2430 ipse

345 2430 650 2502 replicasi?’
676 2430 840 2486 Credo
890 2449 1033 2485 more
1070 2430 1266 2501 aspidis
1305 2430 1502 2494 clausa,
1533 2442 1589 2485 ut
1617 2432 1783 2494 aiunt,
1817 2448 1941 2485 aure

349 2501 600 2556 transivit.
639 2501 802 2574 Video
823 2519 922 2574 quo
945 2519 1000 2556 se
1029 2505 1200 2556 toxica
1225 2502 1431 2572 Libyca:
1459 2503 1614 2570 pestis
1634 2502 1932 2556 extendant.

349 2574 607 2626 Arenosus
645 2572 850 2626 coluber
879 2590 980 2626 non
1025 2574 1133 2627 [nec
1171 2577 1282 2628 sola
1327 2574 1476 2626 habet
1511 2576 1798 2641 perniciosa
1827 2588 1940 2642 quia

350 2652 567 2713 reserat|
617 2644 684 2695 ad
731 2646 1122 2713 (estimationem
1171 2645 1483 2704 occultorum
1521 2646 1810 2713 facinorum
1856 2645 1936 2713 [e-

352 2712 513 2764 remla
540 2712 657 2765 sunt
680 2730 793 2783 qua:
817 2717 1023 2784 fatetur.
1069 2712 1188 2766 Vult
1211 2718 1344 2768 enim
1375 2714 1444 2766 ad
1467 2712 1598 2767 illud
1625 2712 1932 2785 pertingere,

350 2798 600 2855 nemnem
642 2800 742 2855 suo
799 2785 918 2836 uitio
946 2792 1060 2855 aut
1098 2785 1411 2855 negligentia
1458 2785 1643 2852 perire,
1695 2786 1738 2838 si
1784 2785 1937 2855 homo

347 2853 609 2922 utriusque
630 2854 749 2906 boni
777 2863 827 2905 et
845 2854 970 2906 mali
993 2853 1251 2924 potestate
1266 2871 1509 2909 concessa
1540 2856 1789 2925 privatur.
1824 2853 1938 2908 llos

349 2931 542 2975 tantum
583 2925 753 2994 jactat
790 2925 1018 2993 potuisse
1061 2925 1273 2990 salvari,
1301 2928 1411 2980 sine
1457 2925 1632 2978 labore
1669 2926 1796 2990 ullo,
1826 2927 1939 2978 sine

345 2994 706 3047 mandatorum
740 2995 988 3076 amicitia,
1019 3013 1144 3076 quos
1181 2998 1568 3076 peregrinantes
1592 2998 1832 3076 a‘nterito
1852 2996 1937 3064 [a-

345 3079 433 3137 rar
473 3065 924 3137 tantumhcalestis
955 3065 1171 3137 eripuit.
1227 3065 1475 3127 Proinde,
1505 3066 1642 3137 quod
1677 3067 1732 3118 in
1769 3068 1937 3137 ipsum

345 3135 620 3208 reteratur,
667 3135 786 3189 illos
832 3136 1046 3206 periisse
1091 3137 1354 3207 intelligit,
1398 3135 1526 3208 quos
1559 3137 1735 3206 gratia
1774 3136 1938 3190 noluit

346 3205 397 3256 di
405 3206 520 3258 vina
549 3204 788 3260 liberare.

962 3336 1192 3395 CAPUT
1230 3337 1316 3395 XI.

350 3475 819 3532 Prtedestinatiana
861 3477 1074 3550 [iteresis
1112 3479 1165 3532 in
1210 3476 1383 3550 Gallia
1423 3496 1512 3550 per
1549 3476 1936 3534 Cothescalcum

415 3557 680 3620 renovata,
710 3556 762 3600 et
789 3564 822 3600 a
863 3545 1081 3602 Rabano
1130 3557 1282 3620 atque
1323 3545 1610 3606 ﬂincmaro
1643 3553 1698 3605 in
1738 3551 1936 3605 duabus

415 3619 624 3688 synodis
655 3619 838 3672 iterum
864 3635 1132 3690 oppressa.

417 3774 694 3828 Trecentis
713 3774 942 3843 amplius
967 3775 1122 3828 annis
1150 3776 1488 3830 conticuerat
1514 3775 1567 3828 in
1595 3766 1766 3828 Gallia
1795 3772 1940 3830 Prie-

345 3845 734 3899 ilestinatorum
765 3845 1002 3905 hieresis,
1033 3859 1156 3898 cum
1186 3845 1380 3898 iterum
1419 3843 1598 3898 Caroli
1645 3843 1795 3899 Calvi
1841 3860 1940 3900 sa:-

349 3913 485 3982 culo_
497 3915 730 3982 excitata
753 3921 834 3965 est
857 3929 886 3966 a
910 3913 1267 3967 Gothescalco
1290 3915 1621 3982 presbytero.
1649 3913 1943 3973 Monachus

351 3983 436 4035 hic
464 3980 562 4034 fuit
588 3979 907 4035 Orbacensis
950 3984 1000 4034 in
1043 3979 1382 4036 Suessionica
1429 3979 1668 4038 dimcesi.
1703 3986 1824 4051 Qui,
1856 4002 1942 4041 re-

351 4051 477 4105 licto
505 4051 852 4125 monasterio,
902 4052 957 4125 in
996 4051 1200 4125 Italiam
1242 4061 1625 4125 transgressus,
1657 4071 1778 4107 cum
1820 4072 1942 4125 per-

351 4135 514 4193 versae
543 4120 802 4193 doctrinae
829 4123 1048 4193 semina
1079 4122 1130 4175 in
1158 4136 1287 4191 agro
1321 4122 1613 4181 Veroaensi
1643 4120 1938 4193 spargeret,

349 4191 486 4264 binis
532 4207 562 4244 a
605 4189 831 4245 Rabano
860 4192 1101 4264 epistolis
1128 4189 1246 4260 quin
1290 4210 1459 4264 nuper
1501 4189 1828 4260 edittn'sun't,
1860 4189 1942 4252 est

348 4261 654 4337 confutatus
673 4277 809 4337 Luna
835 4261 900 4315 ad
923 4263 1208 4337 Notingum
1225 4261 1588 4319 Vero'nensem
1605 4266 1938 4337 episcOpum,

346 4331 517 4408 altera
550 4331 624 4408 ad
672 4330 1000 4408 Eberarnnn
1036 4332 1271 4408 ejusdem
1301 4350 1408 4408 ora:
1450 4330 1723 4408 comitem,
1755 4330 1806 4390 in
1833 4330 1939 4408 qua

347 4403 414 4456 ile
441 4401 796 4479 Gothescalco
831 4403 1186 4479 intentantem
1215 4405 1328 4459 lucc
1369 4406 1618 4472 leguntur
1643 4424 1654 4458 :
1679 4401 1939 4479 Divulga-

346 4483 474 4548 tum,
509 4470 698 4548 inquit,
740 4473 936 4548 innistis
974 4473 1206 4548 partibus
1245 4470 1466 4540 constat,
1499 4478 1770 4548 quemdam
1801 4470 1936 4533 scio-

345 4543 482 4622 lnm,
527 4545 733 4622 nomine
774 4540 1188 4622 Col/iesealcum,
1220 4548 1398 4622 apud
1430 4540 1522 4600 υθέ
1571 4564 1810 4622 manere.
1852 4552 1938 4622 qui

345 4613 664 4684 dogmatizat
702 4614 837 4682 quod
876 4613 1276 4683 pra-destinatio
1305 4615 1398 4671 Dei
1436 4634 1636 4672 omnem
1681 4613 1938 4675 hominem

343 4685 423 4760 ita
446 4685 770 4760 constringit,
801 4695 855 4735 ut
883 4687 1034 4760 etiam
1065 4687 1108 4760 si
1131 4689 1242 4756 quis
1265 4689 1381 4760 velit
1409 4691 1580 4742 salvus
1601 4690 1818 4757 [ἔθνὴ-ει
1843 4709 1937 4760 pro

344 4753 445 4807 hoc
473 4753 578 4823 [ide
606 4762 935 4827 recta_atque
973 4756 1116 4809 bonis
1143 4753 1390 4827 operibus
1418 4767 1572 4812 certet
1601 4753 1658 4811 ut
1686 4762 1756 4813 ad
1782 4753 1937 4816 vitam

343 4821 597 4899 internum
621 4840 712 4899 per
740 4821 834 4877 Dei
853 4821 1088 4899 gratiam
1121 4821 1312 4892 veniat,
1343 4830 1538 4899 frustra
1584 4839 1644 4899 et_
1678 4831 1938 4886 incassum

342 4893 564 4958 laboret,
589 4893 633 4947 si
664 4910 767 4946 non
788 4893 1282 4964 est'privdestinatus
1307 4893 1376 4950 ad
1404 4901 1576 4952 litant.
1610 4896 1772 4961 Quasi
1803 4900 1939 4955 Deus

345 4964 805 5039 prwdestinatione
833 4982 926 5018 sua
950 4977 1098 5036 cogat
1135 4968 1364 5039 homines
1397 4970 1632 5039 interire,
1655 4973 1738 5039 qui
1763 4980 1943 5025 auctor

342 5047 425 5089 est
447 5036 629 5108 salutis
659 5046 870 5108 nostris,
898 5051 1000 5108 non
1029 5038 1355 5108 perditionis.
1387 5036 1453 5090 Et
1472 5039 1586 5108 jam
1616 5036 1732 5090 hinc
1755 5041 1940 5094 multos

341 5109 403 5160 in
427 5105 1043 5176 desperationemsuimet
1077 5107 1184 5160 haec
1205 5121 1342 5159 secta
1373 5105 1645 5176 perduxit;
1677 5110 1748 5160 ita
1772 5119 1828 5162 ut
1855 5112 1938 5163 di-

345 5185 473 5229 cant
504 5171 527 5230 ε’
547 5171 683 5247 Quid
726 5175 850 5228 milii
897 5192 1100 5230 necesse
1143 5186 1216 5230 est
1256 5194 1348 5247 pro
1373 5171 1557 5229 vsalute
1595 5194 1705 5230 mea
1752 5190 1801 5232 et
1840 5183 1940 5234 vita

350 5255 548 5303 xterna
578 5244 842 5309 laborare;
867 5251 985 5318 quia
1015 5250 1057 5300 si
1089 5244 1276 5300 bonum
1310 5250 1496 5318 fecero,
1521 5259 1566 5300 et
1597 5249 1940 5318 praedestina-

348 5329 432 5371 tus
450 5318 525 5394 ad
552 5319 706 5369 vitam
729 5333 832 5394 non
847 5317 1009 5394 _sum,_
1024 5319 1154 5394 nihil
1175 5317 1526 5394 niihiprodest
1543 5317 1627 5394 ;_si
1652 5333 1820 5394 autem
1849 5339 1942 5394 ego

346 5389 547 5441 malum
576 5403 744 5459 egero,
779 5388 910 5440 nihil
943 5390 1064 5440 mihi
1095 5387 1253 5452 obest,
1286 5388 1406 5459 quia
1434 5390 1820 5459 prmdestinatio
1851 5387 1944 5446 Hei

347 5474 435 5512 me
457 5459 581 5529 facit
605 5457 674 5509 ad
696 5459 848 5529 vitam
870 5469 1112 5529 internum
1135 5457 1414 5529 pervenire.
1437 5457 1530 5513 Ex
1559 5460 1708 5514 Italia
1733 5463 1782 5515 ln
1811 5461 1943 5517 Ger-

350 5527 588 5582 maniam
618 5526 907 5596 prol‘ectus,
939 5526 1159 5581 Rabano
1181 5531 1356 5583 eidem
1387 5530 1621 5584 libellum
1643 5534 1841 5586 erroris
1861 5535 1944 5588 sui

351 5598 570 5660 obtulit,
602 5599 669 5668 ab
692 5611 866 5664 eoque
895 5605 949 5668 et
969 5598 1320 5668 abiepiscOpis
1340 5598 1641 5654 Germania:
1662 5601 1944 5659 damnatus

352 5678 461 5732 est,
492 5676 547 5722 et
574 5667 638 5720 ad
670 5665 1008 5736 inetropolim
1040 5665 1358 5724 Remeusem
1387 5671 1660 5734 remissus,
1684 5672 1735 5725 in
1762 5677 1943 5729 conci-

355 5741 434 5793 lio
467 5737 781 5810 Moguntina
809 5735 934 5791 anni
963 5735 1084 5810 8.i_8.
1116 5738 1396 5810 Synodiae
1425 5756 1550 5795 vero
1580 5757 1697 5810 quae
1725 5744 1941 5799 damna-

358 5809 524 5864 tionis
545 5808 862 5860 sententiam
893 5807 1283 5871 continetflaoc
1312 5819 1391 5864 est
1422 5807 1724 5877 exemplum
1763 5834 1771 5866 :

2094 532 2350 607 episcopo
2377 532 2631 607 Rabanus
2657 553 2844 597 senos
2879 537 3079 593 Christi
3107 548 3162 592 et
3189 553 3468 594 servorum
3496 536 3608 607 ejus

2096 602 2151 656 in
2182 602 2408 659 Domino
2436 606 2683 661 salutem.

2097 754 2293 811 Notum
2323 757 2390 812 sit
2409 757 2683 814 dilectioni
2713 770 2902 816 vestra:
2928 761 3075 832 quod
3113 761 3330 832 quidam
3377 777 3610 834 gyrova-

2025 862 2125 917 gos
2160 849 2480 914 monachus,
2525 850 2744 905 nomine
2779 849 3132 919 Gothescalc,
3177 854 3270 922 qui
3317 867 3377 908 se
3423 854 3610 908 asserit

2026 939 2360 995 sacerdotem
2408 942 2459 996 in
2505 949 2680 996 vestra
2727 943 2984 1012 parochia
3013 943 3337 1011 ordinatum,
3367 942 3435 999 de
3464 943 3612 998 Italia

2027 1032 2173 1086 venit
2202 1032 2268 1087 ad
2311 1048 2411 1088 nos
2439 1032 2784 1102 Moguntiam,
2818 1051 2986 1091 novas
3011 1036 3424 1108 superstitiones
3443 1047 3500 1091 et
3519 1053 3598 1090 no

2026 1124 2170 1178 aiam
2198 1122 2497 1181 doctrinam
2525 1125 2593 1180 de
2621 1127 3089 1196 praedestinatione
3116 1127 3213 1184 Dei
3247 1128 3611 1192 introduccns,

2027 1225 2082 1271 et
2099 1216 2330 1288 populos
2352 1218 2404 1272 in
2425 1234 2664 1274 errorem
2693 1220 2942 1284 mittens;
2972 1219 3158 1276 dicens
3179 1219 3326 1290 quod
3347 1219 3615 1291 praedesti-

2028 1309 2177 1363 natio
2205 1307 2300 1363 Dei
2326 1309 2465 1365 sicut
2505 1311 2556 1364 in
2595 1310 2740 1366 bono
2777 1312 2869 1376 sit,
2899 1312 2973 1366 ita
3015 1320 3071 1366 et
3109 1312 3164 1366 in
3191 1311 3366 1378 malo;
3399 1321 3455 1367 et
3481 1311 3615 1366 tales

2029 1398 2136 1452 sint
2165 1399 2217 1452 in
2242 1398 2440 1456 mundo
2464 1401 2680 1469 quidam
2701 1402 2813 1471 qui,
2843 1410 3064 1472 propter
3088 1400 3619 1472 prtedestinationem

2030 1484 2125 1541 Dei
2151 1501 2256 1556 qua
2286 1503 2381 1543 eos
2405 1499 2561 1557 cogat
2591 1491 2644 1545 in
2673 1501 2903 1546 mortem
2934 1493 3030 1556 ire,
3064 1508 3170 1547 non
3199 1493 3408 1563 possint
3435 1492 3502 1547 ab
3527 1507 3617 1547 er-

2030 1593 2158 1632 rore
2180 1587 2233 1632 et
2261 1589 2483 1649 peccato
2511 1597 2569 1635 se
2587 1582 2860 1651 corrigere
2891 1600 2904 1635 :
2936 1584 3088 1652 quasi
3117 1582 3258 1639 Deus
3285 1599 3380 1639 eos
3407 1581 3619 1638 fecisset

2032 1671 2101 1727 ab
2146 1671 2299 1726 initio
2335 1673 2731 1741 incorrigibiles
2776 1691 2914 1740 esse,
2962 1685 3018 1730 et
3064 1692 3234 1746 pinum
3269 1677 3536 1731 obnoxios
3565 1677 3618 1730 in

2034 1761 2308 1818 interitum
2335 1764 2430 1819 ire.
2466 1763 2613 1820 lianc
2643 1766 2951 1836 opinionem
2974 1783 3143 1837 nuper
3164 1768 3218 1822 in
3246 1767 3452 1838 synodo
3479 1767 3619 1838 apud

1965 1835 2009 1893 Β
2034 1852 2360 1923 Moguntiam
2391 1857 2571 1912 habita
2601 1859 2668 1912 ab
2681 1835 2765 1913 Deo
2794 1835 3090 1922 audientes,
3122 1869 3176 1914 et
3207 1835 3622 1928 incorrigibileiu

2035 1959 2156 1999 eum
2200 1947 2550 2016 reperientes,
2599 1959 2870 2003 annuente
2918 1957 3079 2018 atque
3121 1949 3342 2017 jubente
3387 1951 3623 2020 piissimo

2036 2051 2163 2105 rege
2193 2047 2378 2092 nostro
2410 2037 2726 2105 Hludovico,
2756 2041 3088 2096 decrevimus
3128 2056 3252 2096 eum
3283 2057 3406 2096 cum
3445 2043 3624 2112 νει-ηἰ-

2038 2129 2185 2183 ciosa
2213 2145 2309 2187 sua
2335 2129 2578 2185 doctrina
2606 2131 2918 2188 damnatum
2949 2133 3166 2187 mittere
3195 2131 3261 2186 ad
3288 2147 3404 2197 vos,
3436 2141 3626 2202 quate-

2040 2233 2142 2273 nus
2170 2234 2291 2274 eum
2323 2220 2596 2275 retineatis
2624 2223 2677 2276 in
2711 2231 2884 2277 vestra
2923 2223 3179 2293 parochla
3221 2222 3360 2277 unde
3395 2223 3628 2293 primum

2040 2309 2344 2366 inordinate
2373 2313 2613 2377 recessit,
2637 2323 2692 2367 et
2720 2329 2826 2368 non
2854 2315 3042 2369 sinatis
3067 2329 3189 2369 eum
3223 2313 3452 2385 amplius
3478 2329 3626 2370 erro-

2040 2415 2156 2456 rem
2195 2401 2389 2457 docere
2427 2415 2482 2458 et
2525 2404 2781 2460 seducere
2808 2407 3064 2477 populum
3099 2425 3112 2459 :
3146 2405 3270 2476 quia
3292 2405 3403 2476 jam
3431 2405 3628 2462 multos

2039 2493 2312 2560 seductos,
2332 2502 2390 2547 ut
2406 2495 2606 2564 audivi,
2621 2496 2803 2562 habet,
2819 2506 2874 2552 et
2894 2498 3070 2552 minus
3089 2497 3316 2553 devotos
3329 2512 3455 2566 erga
3475 2513 3627 2553 suam

2038 2584 2287 2647 salutem,
2322 2587 2412 2656 qui
2440 2585 2623 2642 dicunt
2655 2607 2667 2642 :
2700 2587 2837 2655 Quid
2876 2589 3005 2644 mihi
3034 2589 3276 2661 proderit
3303 2590 3548 2645 laborare
3575 2589 3627 2644 in

2036 2677 2259 2731 servitio
2289 2677 2424 2733 Dei?
2450 2681 2575 2748 quia
2604 2681 2648 2734 si
2678 2681 3088 2751 praulestinatus
3116 2697 3235 2736 sum
3273 2682 3340 2736 ad
3376 2690 3625 2749 mortem,

2039 2784 2310 2840 nunquam
2367 2773 2511 2826 illam
2559 2773 2819 2840 evadam;
2862 2776 2909 2830 si
2948 2785 3130 2830 autem
3172 2775 3313 2830 male
3352 2789 3535 2843 egero,
3574 2784 3629 2830 et

2039 2861 2452 2932 pnedestinatus
2479 2877 2600 2917 sum
2629 2863 2697 2917 ad
2723 2865 2910 2929 vitam,
2933 2866 3050 2920 sine
3073 2865 3182 2919 ulla
3211 2863 3545 2919 dubitatione
3563 2865 3630 2921 ad

2040 2962 2297 3008 aeternam
2327 2955 2568 3024 requiem
2599 2955 2752 3010 vado.
2781 2954 2906 3012 Hec
2933 2969 3064 3026 ergo
3096 2956 3280 3027 paucis
3320 2954 3472 3011 vobis
3500 2957 3630 3012 scri-

2041 3044 2263 3115 psimus,
2293 3045 2601 3102 intimantes
2619 3048 2832 3117 qualem
2853 3048 2972 3118 ejus
2989 3049 3289 3105 doctrinam
3311 3049 3628 3119 reperimus.

2043 3133 2153 3191 Vos
2183 3136 2345 3191 etiam
2378 3137 2620 3193 valebitis
2658 3138 2725 3194 de
2762 3154 2860 3196 ore
2900 3140 3015 3210 ejus
3042 3138 3173 3209 quid
3217 3139 3382 3195 sentit
3420 3141 3632 3211 plenius

1961 3201 2010 3264 ο
2041 3228 2246 3292 audire,
2289 3238 2346 3284 et
2381 3229 2510 3300 quid
2555 3231 2678 3286 inde
2722 3201 2987 3302 agendum
3027 3201 3096 3287 sit
3127 3231 3270 3300 juste
3315 3201 3626 3287 decernere.

2039 3317 2297 3377 Dominus
2327 3323 2667 3392 omnipotens
2709 3325 3052 3379 sanctitatem
3080 3331 3314 3377 vestram
3354 3322 3494 3377 bene
3532 3338 3629 3376 va-

2038 3412 2240 3468 lentem
2265 3423 2321 3469 et
2362 3429 2460 3483 pro
2497 3415 2651 3471 nobis
2679 3423 2924 3469 orantem
2946 3416 3000 3468 in
3028 3422 3288 3468 mternum
3308 3427 3631 3468 conservare

2039 3506 2307 3574 dignetur.

2112 3639 2241 3696 Inde
2279 3643 2566 3696 subsecuta
2608 3651 2693 3697 est
2737 3641 2972 3699 svnodus
3011 3643 3177 3698 altera
3205 3649 3390 3698 contra
3433 3640 3626 3698 Goths

2044 3711 2280 3783 scalcum
2309 3712 2362 3783 in
2389 3710 2666 3768 Carisiaco
2693 3710 2895 3782 palatio
2922 3713 3103 3768 habita
3121 3754 3136 3778 ,
3184 3712 3240 3767 in
3281 3728 3386 3783 qua
3435 3713 3630 3767 iterum

2043 3782 2276 3865 auditus,
2305 3782 2707 3865 damnatusque
2725 3785 2917 3865 iterum
2938 3793 3020 3865 est
3034 3784 3102 3838 ab
3121 3782 3409 3852 episcopis,
3438 3789 3494 3836 et
3511 3797 3622 3851 pro

2043 3850 2151 3905 lata
2174 3852 2228 3905 in
2250 3867 2373 3907 eum
2399 3850 2666 3908 sententia
2693 3852 3000 3923 hujusmodi
3028 3870 3040 3905 :

2045 4047 2415 4102 Ecclesiastica
2457 4053 2712 4104 sententia
2750 4051 2806 4104 in
2842 4052 3306 4120 pertinacissimum
3338 4049 3618 4106 Gotheseal

2117 4135 2250 4180 cum,
2273 4128 2491 4192 propter
2518 4121 2915 4192 incorrigibilem
2949 4122 3341 4192 obstinationem
3371 4123 3538 4188 illius,
3577 4123 3634 4176 in

2115 4187 2320 4264 synodo
2343 4187 2830 4264 apudCarisiacum
2863 4191 3042 4245 habita
3084 4208 3116 4244 a
3142 4192 3410 4246 duodecim
3435 4187 3630 4264 episco-

2115 4261 2194 4329 pis
2215 4260 2559 4314 ecclesiastico
2585 4263 2756 4333 rigore
2782 4264 3005 4334 prolata.

2114 4435 2306 4491 Frater
2331 4434 2674 4502 Gothescalc,
2707 4447 3109 4496 sacrosanctum
3139 4439 3488 4495 sacerdotalis
3514 4457 3632 4512 my-

2043 4529 2195 4583 sterii
2224 4527 2460 4584 ollicium
2483 4531 2627 4600 quod
2649 4532 3014 4600 irregulariter
3041 4533 3327 4602 usurpasti.
3357 4533 3486 4587 etin
3503 4548 3635 4587 cun-

2043 4619 2146 4676 ctis
2175 4621 2412 4676 moribus
2432 4638 2494 4677 ac
2517 4623 2694 4692 pravis
2722 4623 2929 4676 actibus
2951 4632 3116 4693 atque
3141 4625 3408 4692 perversis
3436 4622 3639 4678 doctri-

2047 4709 2130 4762 nis
2152 4724 2220 4763 eo
2242 4711 2502 4766 hactenus
2530 4713 2678 4765 abuti
2710 4727 2815 4766 non
2842 4713 3163 4781 pertimuisti
3184 4752 3198 4777 ,
3230 4713 3432 4780 judicio
3461 4711 3635 4784 Spiri—

2044 4809 2132 4856 tus
2144 4803 2319 4858 sancti
2339 4803 2491 4870 cujus
2509 4804 2697 4869 gratia:
2719 4819 2910 4857 munus
2930 4804 3356 4860 estsacerdotale
3377 4805 3632 4870 ol'ticium,

2044 4904 2144 4960 per
2180 4893 2433 4945 virtutem
2481 4894 2754 4960 sanguinis
2789 4891 3002 4948 Donlini
3045 4897 3215 4950 nostri
3251 4895 3375 4952 Jesu
3414 4897 3633 4960 Christi,

2049 4983 2264 5035 noveris
2294 4982 2390 5035 tibi
2421 4997 2560 5044 esse,
2599 4985 2646 5036 sl
2672 4999 2780 5052 quo
2808 4984 2972 5041 modo
3014 4989 3316 5060 suscepisti,
3349 4993 3635 5046 sublatum.

2046 5078 2103 5122 et
2132 5085 2198 5125 ne
2219 5072 2441 5126 ulterlus
2460 5088 2527 5127 eo
2550 5071 2696 5142 fungi
2717 5090 3006 5144 prtesumas
3033 5081 3246 5150 penitus
3277 5083 3636 5136 interdictum.
3710 5106 3720 5112 -

2044 5157 2290 5230 Insuper,
2324 5163 2450 5230 quia
2481 5172 2537 5218 et
2572 5165 2934 5222 ecclesiastica
2957 5177 3011 5224 et
3039 5171 3214 5225 civilia
3239 5171 3472 5234 negotia,
3507 5183 3638 5220 con-

2047 5264 2130 5309 tra
2161 5255 2495 5325 propositum
2533 5253 2598 5312 et'
2622 5274 2819 5314 nomen
2849 5261 3116 5325 monachi,
3153 5261 3477 5314 conturbare
3507 5273 3639 5312 co“-

2051 5359 2296 5406 teznnens
2328 5350 2450 5420 jura
2480 5352 2838 5409 ecclesiastica
2887 5351 3300 5423 presumpsisti,
3344 5349 3642 5405 durissimis

2051 5443 2366 5498 verberibus
2413 5451 2466 5499 te
2509 5447 2788 5514 castigari,
2818 5453 2874 5499 et
2916 5442 3208 5497 secundum
3248 5440 3644 5497 ecclesiasticas

2052 5537 2263 5606 regulas
2299 5539 2570 5605 ergastulo
2611 5537 2811 5591 retrudi
2855 5534 3178 5589 auctoritate
3215 5533 3510 5604 episcopali
3550 5534 3640 5589 dc-

2051 5631 2360 5694 cernimus;
2397 5637 2453 5684 et
2483 5636 2541 5681 ut
2583 5626 2650 5679 de
2682 5636 2882 5696 canem
2927 5624 3226 5681 doctiiuale
3271 5627 3371 5682 tibi
3407 5624 3642 5682 omcium

2050 5739 2311 5794 usurpare
2340 5738 2444 5777 non
2470 5733 2778 5790 pnesumas,
2796 5727 3112 5789 perpetuum
3138 5722 3410 5782 silentium
3435 5723 3518 5780 ori
3545 5730 3642 5777 tuo
3670 5741 3673 5743 ·

2051 5819 2246 5871 virtute
2274 5811 2457 5866 πων-ἰ
2490 5809 2645 5862 Verbi
2679 5809 3018 5877 imponimus.
