4140 6346
285 343 393 414 σω

1131 348 1221 405 DE
1255 347 1482 406 STATU
1523 349 1761 405 ΛΝΙΜΕ
1799 349 1980 407 LIBRI
2017 349 2310 406 TRES.—
2339 349 2738 408 PREFATIO.‘
2817 400 2826 408 .

286 473 414 528 bum
461 469 754 525 innuimus.
788 463 1050 521 Cancrum
1081 463 1147 518 de
1193 462 1445 534 Sapaudo
1489 463 1642 534 plura
1672 463 1879 519 erudite
1910 480 1954 530 Α
1983 479 2103 532 qua:
2132 463 2416 516 laudantur
2441 479 2473 516 a
2522 463 2762 518 Sidonio.
2796 462 3040 536 Scriptus
3066 476 3150 522 est
3175 468 3417 525 versibus
3457 462 3568 527 tru-

285 566 575 621 observata
607 561 790 614 videas
811 558 950 628 apud
983 557 1229 611 Historiae
1251 556 1524 611 litteraria:
1544 553 1762 610 Gallicze
1783 572 1879 610 au-

285 666 468 712 ctores
498 653 596 725 (a).
630 651 722 706 His
752 665 914 720 porro
943 648 1150 704 duabus
1184 648 1426 717 epistolis
1453 662 1668 702 carmen
1691 647 1877 702 subdi-

281 748 493 809 diznus,
547 745 728 814 Pange
770 743 948 814 lingua
994 741 1204 814 gloriosi
1251 741 1488 812 praelium
1543 740 1873 802 certaminis,

281 838 439 908 cujus
463 838 602 894 idem
625 835 878 891 Sidonius
901 835 953 889 in
996 833 1187 889 litteris
1214 833 1279 888 ad
1315 835 1485 904 ipsum
1524 831 1874 888 Claudianum

280 933 593 988 meminisse
623 929 836 984 videtur
865 930 948 984 his
970 929 1145 984 verbis
1167 929 1272 1000 (b):
1305 927 1429 983 Iam
1457 945 1573 983 vero
1594 928 1657 981 de
1684 927 1874 998 hymno

277 1035 368 1081 tuo
403 1027 448 1081 si
479 1034 806 1097 percunctere
846 1024 969 1095 quid
997 1025 1233 1088 sentiam,
1260 1024 1588 1077 commaticus
1629 1031 1737 1087 est,
1780 1039 1872 1076 co-

273 1119 478 1189 piosus.
506 1117 687 1181 dulcis,
721 1118 885 1171 elatus
924 1125 974 1170 et
1008 1116 1255 1188 quoslibet
1297 1118 1486 1185 lyricos
1517 1112 1872 1185 dithyrambos

273 1211 579 1265 amoenitate
605 1211 805 1280 poetica
833 1217 881 1262 et
903 1210 1148 1263 hisﬁorica
1170 1210 1380 1262 veritate
1417 1206 1866 1278 supcraninct.....

274 1300 552 1358 Excrcscit
593 1301 879 1372 amplitudo
919 1301 1174 1371 proloquii
1204 1301 1470 1371 angustias
1510 1297 1791 1369 regulares,
1823 1305 1871 1349 et

272 1403 526 1467 tanquam
551 1411 710 1466 partio
750 1411 878 1448 auro
907 1393 1121 1464 grandis
1151 1407 1350 1464 gemma
1378 1394 1464 1447 via:
1506 1392 1727 1462 capitur,
1759 1396 1864 1443 etc.

266 1483 355 1540 Ad
405 1501 566 1555 quem
608 1485 783 1541 locum
835 1485 1149 1539 Sirmondus
1181 1469 1198 1538 :~
1234 1505 1251 1536 ι
1300 1486 1618 1548 Annotarat,
1672 1483 1864 1552 inquit,

266 1577 597 1635 Scholiastes
623 1578 839 1649 quidam
875 1577 1130 1649 hymnum
1160 1576 1446 1647 signiﬁcari
1476 1576 1627 1645 cujus
1657 1575 1865 1630 initium

265 1680 378 1736 est,
410 1669 592 1743 Ponge
609 1670 789 1741 lingua
819 1669 1031 1744 gloriosi
1051 1670 1287 1741 prwlium
1315 1669 1637 1722 certaminis.
1668 1665 1736 1720 Et
1749 1665 1866 1736 qui-

264 1762 396 1826 dem
429 1765 624 1836 stylum
654 1752 1191 1828 redolet-cultiorem,
1219 1778 1381 1831 quam
1424 1761 1706 1817 Fortunati
1747 1775 1865 1814 esse

1981 556 2202 620 cbairis,
2233 555 2426 625 quibus
2463 556 2649 611 inserti
2690 558 2980 627 aliquando
3028 562 3280 632 pyrricbii
3336 566 3563 620 numeri.

1978 647 2345 705 Commaticus
2374 658 2484 715 est,
2508 650 2716 706 crebris
2742 652 2988 722 aptisque
3015 655 3318 709 commatiis
3348 657 3564 722 inrisus,

1977 742 2262 798 sententiis
2291 758 2398 797 non
2448 742 2778 812 interruptis,
2823 745 2916 799 sed
2964 746 3199 800 molliter
3242 763 3362 802 cum
3409 765 3567 808 versu

1977 834 2311 889 cadentibus.
2354 832 2598 903 Denique
2637 832 2932 894 Claudiano
2961 852 3177 893 carmen
3200 838 3307 894 hoc
3333 841 3568 897 vindicat

1976 943 2084 984 non
2123 928 2296 982 solum
2325 937 2481 982 vetus
2507 928 2825 985 scholiastes
2851 945 3011 999 quem
3043 931 3171 994 dixi,
3199 949 3380 989 verum
3401 938 3564 991 etiam

1974 1019 2297 1085 Gennadius,
2351 1037 2461 1078 non
2509 1022 2725 1091 quidem
2777 1031 2834 1076 ut
2880 1023 3054 1078 editus
3085 1033 3187 1088 est,
3209 1027 3304 1081 sed
3325 1038 3487 1097 prout
3508 1029 3562 1083 in

1973 1113 2161 1170 codice
2187 1114 2416 1178 emnobii
2457 1116 2514 1168 S.
2547 1113 2826 1169 Miihaelis
2871 1115 2938 1169 de
2967 1115 3170 1171 Tumba
3212 1120 3440 1189 vulgatis
3467 1137 3563 1175 au-

1971 1209 2110 1264 ctior
2127 1209 2178 1263 in
2199 1207 2478 1264 Claudiani
2501 1210 2774 1264 mentione
2793 1208 2990 1277 legitur
3001 1209 3086 1263 bis
3107 1211 3312 1266 verbis:
3339 1212 3564 1282 Scripsit

1969 1312 2020 1356 et
2059 1303 2165 1355 alia
2207 1302 2476 1365 nonnulla,
2505 1303 2643 1356 inter
2688 1319 2802 1373 qua
2846 1312 2896 1356 et
2941 1303 3186 1373 hymnum
3230 1306 3294 1359 de
3319 1307 3559 1375 passione

1971 1395 2201 1459 Domini,
2226 1396 2373 1466 cujus
2419 1397 2731 1465 prinapium
2758 1406 2855 1458 est,
2889 1393 3069 1464 Pange
3108 1397 3284 1465 lingua
3313 1399 3552 1463 gloriosi.

1970 1487 2096 1540 Fuit
2125 1497 2296 1541 autem
2319 1489 2484 1557 frater
2510 1485 2749 1541 Mamerti
2786 1486 3090 1542 Viennensis
3117 1490 3394 1560 episcopi»
3432 1489 3555 1545 Haec

1970 1579 2076 1636 ille.
2104 1580 2216 1634 Alia
2243 1579 2460 1649 quidem
2486 1588 2734 1648 poemata
2754 1578 2995 1648 plerique
3008 1582 3365 1636 recentiorum
3393 1580 3553 1636 Clau-

1967 1671 2128 1727 diano
2169 1672 2501 1727 attribuunt:
2527 1687 2646 1740 qum
2675 1680 2851 1725 tamen
2880 1671 2994 1726 sive
3020 1670 3306 1726 Damasum
3337 1687 3548 1743 papam,

1965 1766 2078 1821 sive
2105 1765 2382 1820 Paulinum
2408 1765 2669 1820 Nolanum
2699 1773 2976 1821 auctorem
3011 1774 3336 1833 agnosmnt;
3366 1782 3553 1836 quem-

261 1855 462 1919 soleat,
494 1856 580 1911 cui
602 1865 779 1911 tamen
803 1855 948 1910 illum
973 1855 1214 1911 tribuunt
1235 1854 1441 1923 antiqui
1463 1856 1624 1908 etiam
1643 1852 1866 1922 scripto-
1901 1869 1940 1926 Β
1967 1856 2254 1912 admodum
2305 1865 2426 1926 post.
2473 1856 2873 1912 Tillemontium
2923 1859 3026 1926 (ε),
3061 1854 3307 1910 Historim
3334 1854 3551 1912 Gallica

262 1963 358 2004 res
385 1959 442 2005 et
467 1949 700 2006 codices.
738 1949 794 2004 ln
819 1957 940 2004 cum
970 1958 1230 2020 praeterea
1271 1949 1406 2005 scite
1445 1947 1643 2004 cadunt
1670 1947 1851 2002 omnia

343 2084 419 2150 (a)
444 2081 585 2153 Hist.
610 2082 776 2140 littér.
805 2081 872 2137 de
895 2083 944 2136 la
966 2081 1188 2150 France,
1222 2092 1351 2139 tom.
1383 2083 1448 2149 ll,
1472 2096 1593 2153 pag.
1623 2079 1749 2136 498.

341 2153 415 2226 (ὁ)
435 2152 648 2219 Sidon.,
671 2153 763 2207 lib.
794 2169 865 2218 ιν,
890 2153 1048 2224 epist.
1073 2154 1124 2208 5.

1961 1949 2236 2004 litteraria:
2261 1950 2554 2020 scriptores
2581 1949 2775 2004 eruditi
2801 1949 3002 2018 liquido
3030 1949 3285 2004 evincunt
3308 1949 3407 2019 (d).

2040 2084 2116 2225 (ιζ
2148 2083 2383 2166 Tillem.,
2417 2085 2576 2141 Mem.
2611 2087 2765 2146 eccl.,
2801 2094 2932 2151 tom.
2964 2085 3099 2148 XVI,
3132 2100 3254 2156 pag.
3281 2083 3398 2138 ηδ.

2040 2155 2092 2225 (d
2141 2153 2274 2208 Hist.
2309 2156 2470 2212 littér.
2498 2157 2564 2211 de
2587 2157 2634 2209 la
2667 2155 2890 2220 France,
2925 2166 3056 2211 tom.
3078 2156 3141 2221 ll,
3175 2169 3293 2225 pag.
3318 2153 3398 2207 451

2035 2153 2116 2226 (ά)
2141 2153 2274 2208 Hist.
2309 2156 2470 2212 littér.
2498 2157 2564 2211 de
2587 2157 2634 2209 la
2667 2155 2890 2220 France,
2925 2166 3056 2211 tom.
3078 2153 3148 2221 ll,
3175 2169 3293 2226 pag.
3318 2153 3441 2209 455.

909 2411 1796 2597 gramen-1'1
1877 2407 2914 2520 CLAUDIANI

1394 2602 1889 2663 PRESBYTER!
1936 2597 2414 2661 VIENNENSIS

551 2747 612 2790 ω
726 2764 1044 2905 DE
1161 2762 1846 2909 .STAT

1954 2767 2043 2910 [Ι
2193 2762 3085 2905 ΑΝΙΜίΕ

1545 3004 1855 3086 LIBRI
1929 3001 2260 3086 TRES.

1449 3176 2376 3208 ι*-

1653 3301 2141 3409 praefatio.

449 3616 906 3672 PREFECTORIO
930 3617 1249 3682 PATRICIO,
1272 3616 1654 3672 DOCTISSHI'O
1678 3616 1758 3666 ET
1783 3606 2024 3666 OP'l'lHO
2049 3613 2200 3664 VIRO
2218 3612 2274 3665 C.
2301 3611 2528 3663 SOLLIO
2551 3611 2811 3664 SIDONIO
2835 3612 3243 3665 CLAUDIANUS
3267 3616 3402 3668 SAL.

331 3745 635 3802 Editionem
683 3747 984 3803 libellorum
1031 3760 1168 3816 quos
1213 3743 1280 3799 de
1307 3745 1499 3798 anima:
1527 3739 1681 3795 Statu
1709 3753 1841 3793 con-
1869 3744 1916 3805 (ι
1949 3745 2081 3801 tum,
2115 3743 2170 3789 et
2200 3748 2582 3804 usquequaque
2609 3735 3040 3805 perquiritatum,
3075 3745 3188 3790 toto
3214 3735 3426 3804 agmine
3455 3739 3535 3796 sui

253 3837 389 3901 didi,
445 3837 704 3892 reticendi
759 3847 950 3892 cautus
995 3844 1050 3889 et
1100 3834 1354 3904 loquendi
1398 3845 1597 3902 pensus
1624 3830 1842 3893 arbiter,

256 3927 394 3980 mihi
446 3927 738 3994 imperasti.
789 3925 893 3979 Fas
940 3924 1038 3978 fuit
1091 3932 1290 3979 memet
1339 3922 1633 3977 doctissimi
1686 3931 1846 3990 atque

255 4015 612 4068 amantissimi
662 4015 744 4068 \‘el
795 4015 999 4083 peritia:
1053 4015 1263 4078 cedere,
1321 4013 1407 4067 vel
1461 4013 1682 4072 credere
1711 4013 1845 4065 ami-

251 4105 418 4160 citin'.
452 4101 577 4169 Sed,
629 4113 688 4158 ut
717 4113 829 4158 tute
857 4105 1071 4172 egregie
1117 4112 1449 4173 compertum
1481 4112 1649 4168 tenes,
1691 4102 1854 4156 multi

251 4199 365 4253 hoc
406 4198 545 4253 idem
574 4197 726 4263 mihi,
756 4206 812 4252 et
837 4198 978 4251 idem
1010 4199 1109 4266 ipsi
1142 4205 1318 4252 tecum
1358 4197 1535 4265 magni
1555 4195 1841 4250 admodum

249 4289 360 4343 viri
409 4291 682 4357 negotium
734 4287 952 4352 dedere,
1000 4289 1144 4359 quod
1193 4296 1400 4357 egomet
1451 4288 1593 4344 haud
1641 4298 1842 4342 temere

245 4385 631 4452 suscepissem,
689 4382 790 4436 nisi
846 4382 899 4437 id
953 4397 1208 4452 spernere
1255 4381 1627 4452 periculosius,
1677 4395 1838 4449 quam

243 4491 414 4545 agere
463 4476 779 4530 laboriosius
819 4475 1165 4543 iudicassem.
1214 4474 1527 4542 Quanquam
1560 4489 1657 4543 pro
1701 4473 1838 4528 virili

245 4579 408 4639 parte
429 4583 604 4622 meum
629 4583 845 4638 quoque
869 4566 1044 4632 fuerit,
1076 4567 1157 4620 vel
1182 4581 1287 4620 non
1305 4565 1655 4630 admonitum,
1679 4573 1838 4634 prout

241 4674 409 4732 posse
424 4661 628 4724 subest,
653 4674 895 4714 asserere
918 4659 1215 4714 veritatem.
1259 4658 1460 4726 Scripsi
1491 4657 1650 4724 igitur
1665 4671 1833 4725 pauca

241 4754 387 4816 lucc,
421 4751 582 4806 veluti
612 4750 855 4820 quasdam
888 4751 1155 4806 rationum
1183 4751 1390 4805 semina
1423 4766 1434 4799 :
1464 4762 1584 4817 qum
1629 4748 1834 4802 studio-

237 4859 342 4900 sus
370 4845 613 4914 quisque,
647 4843 690 4898 si
722 4859 828 4897 non
873 4843 1046 4898 otiose
1073 4849 1339 4911 capessat,
1365 4848 1423 4894 ut
1451 4853 1551 4906 ego
1578 4839 1830 4901 arbitror,

235 4935 416 4990 multa
473 4935 666 4990 exinde
717 4934 962 4988 derivare
1001 4933 1235 5001 poterit:
1269 4932 1389 5000 quae
1437 4928 1537 4982 etsi
1593 4928 1832 4995 angustis

235 5027 553 5083 emanantia
575 5025 801 5089 venulis,
831 5025 883 5076 in
913 5036 1136 5090 magnos
1165 5030 1344 5074 tamen
1377 5034 1563 5072 amnes
1590 5017 1831 5083 longiore

1952 3833 2005 3885 in
2052 3830 2222 3884 aciem
2255 3828 2528 3892 eductum,
2562 3837 2616 3882 et
2638 3837 2887 3882 conserta
2920 3830 3197 3884 nobiscum
3228 3844 3388 3884 manu
3410 3846 3535 3884 con-

1949 3934 2214 3990 gressum,
2245 3920 2525 3979 viceritne,
2584 3918 2892 3982 cesseritve,
2952 3928 3006 3972 tu
3039 3919 3318 3986 potissime
3369 3919 3535 3974 diser-

1951 4023 2124 4068 torum
2156 4010 2292 4072 I'erto
2321 4010 2664 4064 sententiam.
2698 4007 2802 4063 Sed
2847 4018 2906 4062 ut
2950 4008 3174 4078 quisque
3220 4009 3455 4064 lecturus
3507 4026 3536 4066 ο

1946 4102 2260 4174 pnel'atione
2289 4101 2550 4172 percipiat
2577 4101 2698 4171 styli
2721 4101 2890 4154 nostri
2919 4101 3112 4155 seriem
3146 4117 3157 4152 :

2017 4195 2226 4249 Primus
2252 4194 2386 4248 liber
2426 4193 2479 4246 in
2506 4193 2586 4247 sui
2618 4193 2912 4263 primordio
2935 4193 3172 4247 breviter
3191 4194 3400 4256 astruit,
3433 4194 3533 4248 im-

1943 4287 2250 4359 passibilem
2266 4286 2596 4340 divinitatem
2614 4284 2742 4338 nulli
2761 4300 2980 4351 prorsus
2996 4283 3208 4338 atl‘ectui
3231 4283 3527 4353 subjacore.

1944 4379 2089 4444 Post,
2114 4378 2180 4433 de
2201 4377 2389 4432 animm
2417 4385 2560 4432 statu
2577 4376 2778 4430 varium
2794 4391 2912 4430 cum
2933 4376 3239 4430 adversario
3264 4377 3530 4434 luctamen
3603 4366 3606 4367 ν

1941 4474 2190 4527 alternat.
2223 4472 2303 4524 Ab
2334 4472 2459 4524 hinc
2486 4471 2667 4525 itidem
2699 4470 2765 4524 ad
2794 4471 3143 4525 erudiendum
3194 4471 3245 4525 in
3302 4487 3364 4526 ea
3409 4477 3528 4542 quae

1939 4574 2064 4620 sunt
2092 4565 2428 4627 obscuriora,
2461 4564 2736 4627 lectorem,
2787 4565 3060 4634 quippiam
3089 4580 3154 4618 ex
3188 4567 3529 4632 geometricis

1936 4665 1991 4712 et
2020 4657 2377 4711 arithmeticis
2409 4665 2568 4725 atque
2589 4656 2750 4709 etiam
2779 4671 2842 4709 ex
2869 4655 3185 4719 dialecticis,
3208 4665 3261 4710 et
3301 4657 3527 4710 nonnul-

1936 4748 2000 4801 lis
2051 4755 2209 4817 prout
2257 4746 2496 4800 interfuit
2542 4746 2683 4809 usui,
2741 4736 3262 4813 pbilosophomenoii
3308 4746 3524 4812 regulis,

1936 4838 2270 4892 modeste'ac
2298 4836 2591 4899 moderate,
2622 4846 2676 4890 et
2703 4851 2862 4903 quam
2893 4837 3068 4904 potuit
3111 4835 3348 4904 parciter
3393 4853 3525 4907 prm-

1937 4931 2140 4993 libavit,
2176 4930 2356 4983 habita
2381 4927 2669 4982 identidem
2713 4942 2832 4981 cum
2856 4927 3077 4982 adversa
3098 4937 3252 4998 parte
3273 4945 3524 4999 congres-

1934 5019 2087 5072 sione
2114 5037 2125 5070 :
2173 5018 2357 5086 sicque
2387 5017 2609 5085 adjectis
2639 5018 2838 5072 nostris
2867 5017 3070 5088 aliquot
3090 5020 3205 5075 sine
3227 5021 3522 5076 alienorum

235 5132 509 5188 procursu
538 5118 922 5172 exuberabunt.
955 5112 1067 5180 Ego
1089 5127 1218 5166 vero
1256 5118 1311 5163 et
1337 5109 1611 5162 fraudatus
1640 5108 1665 5144 δ
1693 5116 1829 5161 tem-
1861 5121 1908 5177 ι)
1935 5109 2404 5179 interpolamento,
2429 5110 2588 5165 linem
2612 5110 2746 5165 liber
2774 5112 2980 5182 accepit

235 5208 414 5279 poris,
441 5216 494 5260 et
516 5215 808 5276 occupatus
837 5204 1019 5267 animi,
1053 5203 1184 5257 satis
1231 5201 1411 5266 habui,
1454 5207 1716 5270 quantum
1761 5197 1827 5252 ad

234 5299 448 5367 negotii
496 5298 950 5368 prxeminentiam
1005 5302 1245 5364 spectat,
1307 5308 1468 5362 quam
1519 5290 1828 5347 sucéinctim

237 5399 409 5460 atque
441 5392 517 5446 uti
547 5391 731 5459 digito,
766 5391 846 5443 vel
875 5389 1135 5444 denotare
1163 5388 1397 5453 vitanda,
1431 5387 1516 5441 vel
1541 5385 1828 5442 ostendere

233 5482 536 5546 sequenda.
567 5479 708 5536 Sane
737 5480 1052 5548 opusculum
1081 5477 1208 5532 illud
1236 5479 1352 5532 sine
1395 5485 1614 5530 auctore
1642 5475 1825 5544 prodi-

319 5649 340 5675 ³
381 5639 652 5694 Censuere
679 5636 917 5691 nonnulli
948 5634 1226 5704 legendum
1263 5632 1521 5704 Praefecto
1550 5637 1814 5703 primario.

399 5711 530 5784 nihil
571 5709 898 5784 mutandum.
933 5705 1182 5760 Sidonius
1209 5702 1299 5757 lib.
1336 5702 1398 5768 |,'
1430 5702 1816 5784 ep‘ist._7,‘pag.

235 5777 348 5834 858
367 5797 378 5834 :
395 5778 543 5834 Abite
560 5779 848 5842 deqeicens.
870 5788 919 5830 et
940 5789 1332 5832 nemorosus
1349 5774 1581 5828 ωτι-ὕεια
1601 5774 1800 5841 indigni

2009 5198 2288 5254 Secundus
2336 5207 2458 5268 post
2506 5200 2844 5270 principium,
2895 5205 2963 5255 de
2992 5216 3264 5261 mensura,
3298 5212 3516 5251 numero

1931 5301 1987 5348 et
2013 5290 2252 5362 pondere
2281 5305 2385 5345 non
2408 5291 2601 5355 otiose,
2625 5302 2680 5346 et
2701 5303 2761 5346 ut
2786 5305 3026 5352 autumo,
3059 5305 3165 5344 non
3190 5287 3512 5342 infructuose

1931 5384 2182 5438 dissertat
2208 5401 2218 5434 :
2271 5382 2360 5436 ubi
2409 5383 2454 5436 si
2483 5383 2731 5452 cognitor
2756 5383 2896 5437 adsit
2925 5383 3180 5440 intentus,
3214 5377 3313 5428 sub
3343 5376 3512 5427 admi-

1931 5476 2108 5531 niculo
2152 5477 2362 5545 pietatis
2389 5492 2482 5546 per
2512 5475 2869 5529 dill'ereutium
2899 5480 3264 5526 creaturarum
3295 5467 3509 5534 gradus,

1925 5635 2000 5690 Ne
2049 5650 2114 5688 ne
2140 5635 2296 5688 aliter
2329 5634 2454 5698 legit
2493 5632 2736 5684 ealndem
2765 5628 2923 5683 inseri
2968 5627 3170 5682 tionem
3195 5626 3510 5686 Sirmondus
3543 5659 3546 5663 -
3600 5613 3606 5622 ’

1931 5705 1996 5759 ad
2008 5651 2220 5759 (Sidonii
2251 5718 2414 5759 onera
2437 5699 2536 5755 sub
2578 5700 2784 5754 initium
2812 5707 2868 5753 et
2894 5645 3040 5754 alibi.
3425 5703 3427 5706 '

1931 5722 1959 5760 Ί

2058 5706 2220 5760 idonii
2251 5718 2414 5773 Opera
2437 5699 2536 5755 sub
2578 5700 2784 5773 initium
2812 5707 2868 5753 et
2894 5699 3040 5754 ahbi.

2002 5775 2027 5813 ἱ»
2069 5775 2150 5828 ΑΙ.
2183 5769 2476 5842 tempore...
2504 5769 2700 5825 animo.
