4140 6346
701 336 809 406 705

1979 346 2296 404 MAMER’I‘!
2331 347 2703 409 CLAUDIAM

3877 364 3990 421 τοι

700 462 1094 531 ωΙΙοιιιιθηιθηι
1126 460 1290 531 loqui,
1333 468 1389 515 et
1415 459 1846 515 coambnlantem
1890 460 2168 515 ambulare
2209 461 2284 515 si-
2308 459 2359 519 Δ
2388 467 2489 526 tes,
2521 475 2642 531 qua:
2672 462 2796 518 talia
2855 466 3097 535 profecto
3125 476 3254 524 sunt
3299 469 3496 525 merito
3542 468 3629 525 vel
3673 470 3894 539 viribus,
3926 484 3992 531 ut

698 555 952 624 gniﬁcat?
990 554 1096 608 Aut
1132 553 1179 607 si
1217 554 1339 622 quis
1367 553 1476 608 aiat
1506 570 1519 606 :
1553 551 1795 607 Mortuus
1838 552 1928 606 ille
1971 552 2169 615 est,'et
2198 553 2288 607 ille

695 652 1061 702 commortuus
1085 661 1100 709 ;
1133 659 1313 699 nonne
1339 657 1625 714 utrumque
1654 653 1923 699 mortuum
1964 643 2126 700 fuisse
2150 658 2285 700 con-

695 735 911 790 llrmat?
936 734 1067 789 Nam
1111 736 1203 805 qui
1246 737 1616 798 eommoritur,
1649 736 1835 805 utique
1862 735 2110 791 moritur.
2143 734 2285 805 Ergo

644 840 659 852 '
693 837 748 883 et
775 828 867 898 qui
895 828 1241 899 compatitur,
1274 828 1460 896 utique
1481 828 1703 899 patitur.
1734 825 1897 882 Passa
1923 834 2007 882 est
2034 828 2211 896 igitur,
2238 828 2286 883 si

692 936 972 992 compassa
1016 921 1293 985 Divinitas,
1333 936 1463 990 ergo
1500 930 1557 977 et
1603 921 1847 977 fortassis
1876 931 2108 977 mortua.
2143 922 2212 978 At
2237 924 2282 979 si

692 1015 835 1070 istud
866 1015 1027 1069 etiam
1065 1015 1304 1084 cogitatu
1346 1014 1496 1070 nefas
1523 1022 1607 1070 est
1637 1032 1651 1067 :
1686 1030 1792 1070 non
1823 1028 1953 1084 ergo
1983 1030 2172 1086 passus
2200 1024 2284 1071 est

693 1106 835 1163 Deus
864 1126 877 1160 :
910 1107 1071 1177 igitur
1090 1122 1191 1163 nec
1217 1107 1459 1162 allectus.
1494 1104 1595 1162 Ubi
1618 1115 1703 1163 est
1731 1122 1872 1163 nunc
1900 1106 2281 1177 compatientis

696 1198 919 1254 allectus
938 1202 963 1253 ?

762 1291 849 1347 Ν.
875 1291 1006 1346 Post
1032 1291 1248 1360 subjicit
1277 1311 1290 1346 :
1313 1291 1451 1360 Quid
1480 1293 1796 1363 prophetico
1825 1292 2015 1361 spiritu
2034 1299 2278 1347 veterum

691 1387 892 1457 quique
931 1395 1241 1442 sanctorum
1273 1385 1612 1456 proterendis
1637 1383 2057 1455 coercendisque
2086 1399 2277 1439 cama-

690 1478 815 1534 liter
842 1479 1254 1550 humanitasque
1298 1480 1627 1550 sapientibus
1672 1480 1877 1549 tropice
1921 1479 2280 1550 prophetave-

691 1580 853 1639 runt;
884 1573 1131 1642 inquiens
1162 1572 1418 1643 scriptum
1453 1590 1466 1627 :
1496 1573 1738 1639 Domine,
1768 1590 1833 1626 ne
1871 1574 1925 1626 in
1953 1573 2038 1626 ira
2066 1582 2151 1626 tua
2191 1588 2278 1625 ar-

690 1680 818 1734 guas
849 1680 932 1718 me
962 1664 1133 1733 (I’sal.
1166 1680 1367 1727 xxxvii,
1393 1662 1471 1734 2).
1505 1663 1572 1718 Et
1598 1682 1617 1719 τ
1645 1664 1848 1719 duravit
1882 1665 2152 1728 Dominus,
2184 1680 2278 1719 nee

689 1772 803 1809 eum
830 1754 1087 1826 paenitebit
1112 1753 1284 1826 (Psal.
1314 1771 1419 1821 θυι,
1452 1756 1530 1827 ll).
1575 1756 1655 1811 Ab
1685 1757 1810 1812 hinc
1837 1759 2084 1827 superius
2111 1757 2275 1811 etiam

2394 551 2582 606 eadem
2604 554 2895 625 improbari
2923 558 2993 612 sit
3017 558 3240 627 justum,
3267 561 3571 631 impugnari
3596 576 3705 617 non
3728 577 3988 622 necessa-

2391 644 2530 698 rium
2562 662 2576 697 :
2607 646 2676 701 ad
2707 648 3013 704 testimonia
3036 650 3123 706 illa
3153 652 3454 718 veniamus,
3483 667 3606 722 qua:
3632 668 3703 708 ex
3722 654 3991 726 Apostolo

2388 736 2443 792 in
2472 740 2832 808 patrocinium
2851 743 2934 797 sui
2963 751 3239 799 mutuatus
3267 753 3370 801 est.
3400 745 3489 801 Ait
3518 746 3663 801 enim
3696 765 3713 801 :
3748 746 3865 804 Cur
3879 750 3991 807 dici

2388 842 2496 883 non
2524 831 2712 899 possit,
2744 830 2923 888 Sensit
2952 837 3316 906 compatientis
3344 837 3554 907 a/fectu,
3585 841 3805 910 quando
3842 841 3989 913 Apo-

2385 922 2557 978 stolus
2583 923 2868 980 dicendum
2880 928 3094 997 putavit
3127 947 3139 982 :
3177 927 3461 999 Nunquam
3483 929 3771 988 Dominum
3803 935 3987 1006 gloria

2386 1015 2772 1085 cruei/ixissent
2813 1016 2855 1088 (l
2884 1017 3003 1073 Cor.
3036 1035 3093 1083 ιι,
3137 1018 3235 1090 8)?
3275 1020 3411 1076 Cum
3456 1023 3597 1078 sicut
3635 1024 3728 1079 lux
3778 1026 3985 1081 nullam

2384 1105 2588 1161 sentire
2613 1109 2784 1178 possit
2829 1110 3042 1180 plagam
3070 1112 3328 1178 vulneris,
3373 1113 3452 1168 ita
3498 1122 3555 1169 et
3607 1124 3803 1172 auctor
3851 1118 3987 1177 lucis

2384 1198 2584 1252 nullam
2626 1215 2840 1269 poenam
2881 1204 3113 1257 senserit
3148 1205 3436 1274 passionis.
3475 1204 3665 1262 Potest
3692 1222 3828 1276 ergo
3856 1208 3981 1274 dici,

2385 1287 2492 1343 Sed
2531 1291 2693 1344 sensit
2729 1294 3090 1363 compatientis
3119 1294 3353 1365 affectu?
3377 1304 3557 1367 potest
3582 1296 3825 1366 quidem,
3858 1301 3979 1369 quia

2382 1382 2558 1436 omnia
2580 1382 2765 1450 licent;
2800 1384 2895 1439 sed
2924 1400 3031 1441 non
3061 1386 3281 1454 debent,
3317 1389 3444 1460 quia
3471 1406 3579 1445 non
3605 1392 3786 1445 omnia
3808 1391 3979 1465 adiﬁ-

2381 1483 2504 1528 cant
2526 1473 2568 1546 (l
2598 1474 2720 1531 Cor.
2747 1492 2818 1542 γι,
2852 1477 2941 1548 12)

2454 1565 2539 1621 Vl.
2585 1567 2767 1625 Risum
2794 1583 2977 1626 tamen
2998 1572 3052 1626 in
3079 1571 3185 1628 isto
3206 1575 3670 1644 comparationum
3698 1592 3767 1634 ac
3790 1578 3973 1649 prolo~

2380 1661 2655 1715 cutionum
2685 1670 2896 1718 tuarum
2936 1677 3137 1740 genere
3175 1673 3363 1721 tenere
3410 1668 3503 1722 vix
3530 1683 3776 1738 possum.
3811 1667 3970 1726 Paulo

2381 1752 2530 1822 prius
2550 1762 2859 1809 astruxeras
2889 1755 3058 1811 Deum
3080 1755 3331 1813 desinere
3352 1773 3478 1814 esse
3504 1760 3787 1827 virtutem,
3824 1761 3970 1818 idcir-

687 1862 786 1918 per
821 1848 1171 1918 philosophos
1200 1848 1526 1905 accidentias
1565 1850 1679 1905 Deo
1724 1865 1833 1905 non
1862 1850 2067 1919 objicit,
2103 1858 2160 1905 et
2185 1850 2274 1907 hic
2307 1850 2350 1909 Β
2377 1858 2549 1916 coque
2573 1847 2800 1913 mutari;
2843 1863 2986 1902 nunc
3008 1849 3193 1905 itidem
3217 1852 3485 1907 sententia
3505 1851 3772 1909 “nocente
3800 1853 3967 1911 decla<

685 1952 784 2010 pcr
818 1941 1113 2011 prophetas
1140 1940 1305 1995 etiam
1336 1942 1586 1996 vitiorum
1639 1943 1992 1998 necessitates
2021 1943 2269 2013 imponit.

683 2028 818 2099 Quia
846 2047 932 2088 res
958 2046 1077 2102 qua:
1105 2031 1401 2101 figuraliter
1428 2032 1753 2103 accipienda:
1793 2044 1938 2100 sunt,
1984 2034 2089 2089 nisi
2126 2034 2277 2090 solli-

680 2124 789 2180 cite
812 2123 953 2179 intro
982 2124 1354 2197 inspiciuntur,
1389 2142 1495 2181 non
1526 2126 1593 2179 ad
1624 2125 1985 2181 viviﬁcantem
2025 2128 2275 2196 spiritum

682 2217 1012 2287 pervenitur,
1034 2216 1129 2273 sed
1154 2217 1207 2272 in
1228 2216 1508 2273 occidente
1530 2216 1707 2272 littera
1730 2226 2057 2273 remanetur.
2083 2216 2247 2287 Sequi
2261 2246 2276 2258 -

681 2315 772 2362 tur
795 2308 1021 2376 scilicet,
1045 2317 1103 2364 ut
1124 2308 1655 2381 incontaminabilcm
1680 2310 1946 2380 prmcelsa:
1969 2309 2273 2364 Divinitatis

681 2399 973 2454 essentiam
1023 2401 1333 2471 passibilem
1384 2400 1499 2455 fore
1551 2400 1869 2467 credamus,
1919 2401 1965 2456 si
2017 2402 2270 2456 vaticinia

683 2493 1068 2563 prophetarum
1108 2493 1411 2563 allegoricis
1440 2495 1675 2549 animata
1714 2495 1937 2550 secretis
1982 2496 2034 2549 in
2079 2495 2271 2550 littera:

683 2593 889 2639 tantmn
944 2601 1173 2656 corpore
1225 2588 1541 2664 cogitemus.
1596 2587 1732 2655 Quia
1778 2602 1897 2642 cum
1942 2587 2271 2658 propheticis

680 2678 912 2733 oraculis
951 2679 1035 2734 vel
1066 2680 1221 2736 irasci
1253 2680 1336 2735 vel
1368 2681 1643 2753 paenitere
1670 2691 2016 2745 memoratur,
2049 2681 2270 2737 effectus

678 2767 866 2825 harum
907 2771 1156 2826 videlicet
1210 2772 1518 2842 passionum
1567 2771 1943 2828 considerandi
1984 2782 2129 2838 sunt,
2160 2789 2268 2828 non

677 2859 917 2917 allectus.
953 2860 1122 2919 Porro
1162 2862 1309 2932 quia-
1338 2864 1644 2919 neotericus
1680 2864 1914 2934 scriptor
1952 2864 2106 2933 juxta
2136 2880 2266 2935 pro-

677 2953 903 3024 plteticte
942 2955 1230 3010 locutionis
1277 2955 1603 3026 exemplum,
1645 2956 2114 3014 meditatiunculas
2140 2973 2267 3014 suas

677 3054 920 3100 autumat
945 3045 1145 3102 debere
1174 3048 1424 3117 pensari;
1472 3064 1578 3104 non
1605 3057 1951 3106 tractatorcm
1979 3046 2267 3122 proﬁtetur

680 3150 735 3191 te
764 3136 885 3204 iste,
914 3138 1008 3193 sed
1039 3147 1232 3203 vatem,
1260 3154 1381 3195 cum
1418 3141 1639 3209 virginis
1668 3151 1709 3179 ι
1727 3150 1912 3213 partus
1955 3158 2052 3199 ore
2078 3153 2262 3199 vatum

2382 1953 2498 1993 mas
2532 1938 2678 2008 quod
2713 1940 2853 1995 sicut
2896 1941 2987 1996 lux
3036 1942 3238 1999 nullam
3292 1944 3497 2000 sentire
3547 1945 3727 2015 possit
3765 1946 3965 2017 plagam

2380 2030 2638 2094 vulneris,
2686 2032 2759 2086 ita
2790 2042 2847 2087 et
2873 2041 3065 2112 auctor
3107 2034 3241 2091 lucis
3271 2035 3721 2112 nullampmnam
3750 2039 3964 2094 senserit

2380 2122 2664 2192 passionis.
2689 2121 2828 2192 Ergo
2851 2110 3061 2194 plagam
3087 2125 3178 2181 lux
3208 2126 3321 2182 sola
3354 2143 3464 2182 non
3486 2110 3678 2183 sentit.
3699 2127 3964 2199 Nunquid-

2377 2228 2503 2267 nam
2548 2221 2712 2276 terra,
2746 2223 2840 2269 aut
2887 2230 3045 2285 aqua,
3097 2225 3190 2271 aut
3236 2232 3332 2271 aer
3377 2217 3680 2289 cujuspiam
3728 2219 3964 2275 vulneris

2376 2304 2588 2376 plagam
2633 2307 2836 2361 sentit?
2864 2305 2970 2362 Aut
3013 2308 3103 2363 lux
3152 2308 3399 2364 fortassis
3437 2310 3664 2364 animata
3714 2311 3828 2365 sit?
3852 2312 3963 2367 Aut

2376 2397 2654 2468 quodlibet
2680 2414 2878 2469 corpus
2913 2399 3211 2455 inanimum
3239 2398 3445 2456 sentire
3473 2402 3672 2471 potest?
3701 2400 3810 2456 Aut
3836 2416 3960 2457 eor-

2375 2505 2475 2559 pus
2501 2499 2585 2544 est
2605 2490 2793 2555 ullum,
2819 2492 2966 2561 quod
2994 2492 3097 2546 etsi
3128 2492 3321 2551 vulnus
3348 2508 3459 2547 non
3483 2492 3658 2558 sentit,
3682 2491 3963 2547 vulnerari

2374 2595 2482 2635 non
2521 2582 2728 2651 possit?
2768 2581 3053 2637 Vulnerari
3083 2582 3247 2652 igitur
3275 2584 3366 2638 lux
3395 2587 3598 2654 potest,
3626 2583 3729 2638 etsi
3763 2582 3961 2638 sentire

2372 2688 2480 2729 non
2511 2682 2717 2745 potest;
2749 2675 2877 2744 quia
2906 2675 3045 2730 sicut
3073 2691 3180 2730 nox
3209 2675 3454 2731 immissu
3500 2675 3718 2731 luminis
3758 2674 3958 2745 rumpi~

2372 2774 2480 2832 tur,
2509 2767 2581 2821 ita
2619 2767 2714 2821 lux
2743 2767 2980 2823 tenebris
3006 2768 3344 2823 vulneratur.
3389 2765 3546 2823 Unde
3578 2766 3955 2837 jucundissime

2370 2858 2717 2930 Asclepiades
2745 2860 2873 2915 lusit
2895 2868 3058 2930 poeta
3077 2860 3411 2925 notissimus,
3443 2860 3633 2916 dicens
3662 2878 3677 2913 :

2491 3015 2864 3080 Absentemque
2882 3016 3017 3080 diem
3033 3030 3129 3066 uox
3154 3017 3477 3080 agitemula,

2492 3078 2649 3136 Quam
2670 3078 2751 3128 lux
2774 3076 2885 3127 cum
2909 3079 3077 3128 lacero
3104 3076 3227 3128 victa
3245 3076 3371 3141 fugit
3395 3076 3544 3142 peplo

680 3227 1063 3293 observaverit,
1097 3240 1153 3285 ιιι
1194 3230 1445 3288 vaticinia
1491 3234 1763 3305 reserat-it.
1795 3232 1963 3292 Secus
1991 3235 2154 3304 igitur
2180 3244 2264 3291 est
2291 3219 2338 3281 ο
2436 3232 2576 3301 Quid
2602 3233 2757 3300 dicis,
2783 3243 2842 3289 ut
2878 3233 2969 3289 lux
2996 3235 3208 3306 plagam
3237 3250 3347 3291 non
3376 3237 3565 3302 sentit,
3607 3237 3682 3292 ita
3702 3236 3959 3295 Divinitas

678 3334 740 3376 ac
778 3322 920 3376 ratio
948 3320 1203 3391 postulat.
1233 3323 1460 3394 mystico
1488 3324 1871 3394 prophetarum
1900 3326 2039 3398 ston
2081 3333 2266 3381 texere

677 3414 929 3485 periodos
956 3415 1243 3470 oratorias.
1278 3416 1399 3482 Quo
1430 3415 1488 3470 ﬁt
1527 3425 1586 3471 ut
1611 3417 1699 3472 ille
1726 3419 1817 3488 qui
1848 3418 2021 3473 aliena
2051 3419 2266 3489 exposi-

676 3513 850 3560 turum
876 3520 937 3560 se
973 3505 1225 3576 spondet,
1255 3522 1362 3561 non
1402 3509 1573 3579 possit
1600 3509 1818 3578 exponi.
1855 3508 2022 3579 Igitur
2046 3519 2137 3564 aut
2168 3526 2263 3565 va-

677 3601 788 3650 tum
816 3597 995 3651 verbis
1039 3612 1145 3652 non
1187 3605 1360 3663 utere,
1410 3607 1505 3653 aut
1552 3600 1862 3655 vaticinare.
1914 3599 2264 3671 Nequaquam

677 3687 922 3759 profecto
950 3690 1205 3746 comlucit
1242 3692 1327 3746 vel
1356 3692 1608 3762 prmsenti
1650 3695 1961 3750 vaticinium
2008 3697 2262 3767 tempori,

674 3782 757 3836 vel
797 3782 1111 3861 prophetica
1158 3784 1358 3840 locutio
1384 3784 1681 3842 tractatori.
1717 3785 1978 3853 Quocirca
2006 3790 2264 3858 quidquid

673 3873 726 3929 in
755 3873 1125 3931 defensionem
1168 3880 1245 3933 tui
1275 3892 1341 3932 ex
1372 3878 1690 3948 prophetico
1714 3893 1964 3935 sermone
1991 3888 2265 3937 mutuatus

674 3980 749 4034 es,
782 3968 1100 4024 adversatur
1128 3970 1223 4026 tibi
1254 3971 1432 4040 potius
1459 3985 1621 4040 quam
1652 3971 1981 4041 opitulatur;
2012 3973 2138 4044 quia
2176 3974 2263 4029 vel

674 4061 896 4132 quaesita
925 4061 1166 4118 defensio
1214 4062 1413 4119 fatetur
1440 4064 1883 4129 imbecillitatem,
1937 4065 2023 4121 vel
2076 4066 2265 4122 incon-

672 4165 868 4220 gruens
893 4155 1254 4224 patrocinium
1286 4171 1394 4211 non
1423 4164 1617 4226 purgat
1640 4171 1899 4212 errorem.

743 4242 810 4296 ν.
840 4242 1229 4300 intemerabilis
1248 4261 1377 4315 ergo
1400 4246 1661 4303 Divinitas
1681 4248 2092 4318 haudquaquam
2113 4259 2261 4305 recte

674 4337 814 4393 allici
842 4339 1055 4403 dicitur,
1087 4340 1214 4409 quia
1242 4340 1465 4395 ell'ectus
1491 4348 1574 4395 est
1599 4341 1668 4396 ab
1706 4340 1917 4410 opilice,
1945 4341 2167 4398 allectus
2194 4344 2261 4397 ab

674 4426 859 4499 opere.
904 4427 1131 4495 Quando
1174 4429 1317 4484 enim
1360 4427 1503 4485 Deus
1542 4431 1849 4501 quempiam
1894 4433 2262 4503 temporaliter

674 4521 849 4591 punit,
871 4528 1077 4575 aeterno
1104 4520 1331 4579 consilio
1361 4522 1451 4577 ille
1470 4524 1655 4593 utique
1679 4524 1882 4593 patitur
1905 4526 1999 4593 qui
2018 4525 2253 4594 punitur.

2366 3327 2560 3382 vulnus
2603 3326 2657 3380 in
2697 3325 2949 3397 passione
2977 3341 3085 3381 non
3113 3326 3323 3381 sensit?
3359 3326 3420 3382 Si
3450 3328 3528 3382 ita
3553 3336 3657 3395 est,
3691 3329 3961 3384 vulnerari

2367 3430 2497 3485 ergo
2539 3416 2733 3486 potuit,
2771 3416 2875 3470 etsi
2910 3416 3113 3471 sentire
3149 3431 3261 3471 non
3299 3418 3511 3487 potuit;
3543 3403 3819 3488 unumque
3864 3417 3963 3472 fuit

2366 3509 2816 3572 inscnsibilitatis,
2848 3508 2993 3564 aliud
3020 3509 3512 3579 corruptibilitatis.
3540 3510 3659 3566 Non
3686 3510 3833 3566 enim
3863 3526 3967 3581 pro

2368 3600 2870 3669 incorruptibilitate
2894 3615 3002 3654 non
3031 3598 3205 3654 doluit
3238 3617 3252 3653 :
3284 3600 3328 3654 si
3357 3600 3628 3655 vulnerari
3660 3603 3819 3672 (non)
3863 3614 3968 3671 po-

2367 3693 2487 3755 tuit,
2516 3692 2642 3761 quia
2676 3691 2768 3745 lux
2789 3703 2838 3745 et
2867 3689 3193 3746 insensibilis
3221 3698 3321 3753 est,
3347 3690 3550 3760 pariter
3565 3698 3621 3744 et
3641 3689 3975 3744 vulnerabi—

2368 3785 2452 3839 lis.
2486 3783 2619 3840 Vide
2648 3779 2716 3839 né
2744 3781 2970 3838 forsitan
3003 3783 3105 3837 iste
3147 3783 3216 3837 sit
3239 3796 3392 3852 quem
3420 3780 3578 3857 nobis
3604 3779 3971 3851 approbran-

2365 3874 2492 3929 dum
2521 3888 2663 3939 rere,
2705 3873 2901 3929 altiore
2928 3875 3215 3952 prolapsus
3254 3887 3451 3928 errore.
3484 3871 3569 3927 Tu
3603 3873 3731 3927 dicis
3760 3872 3979 3929 lucem

2366 3984 2685 4039 corpoream
2711 3968 2918 4023 homini
2939 3982 3281 4023 communem
3308 3966 3467 4021 simul
3496 3974 3552 4021 et
3572 3964 3782 4036 pecori,
3820 3975 3982 4022 eate-

2366 4075 2486 4121 nus,
2518 4067 2576 4113 ut
2616 4059 2783 4113 Deum
2815 4074 2923 4113 non
2963 4060 3167 4113 sentire
3207 4057 3407 4112 vulnus
3447 4055 3701 4114 indictum
3734 4065 3803 4113 et
3833 4074 3983 4129 quo-

2365 4150 2662 4206 modolibet
2702 4150 2983 4220 pulchrum
3031 4163 3259 4220 corpus;
3291 4163 3493 4220 corpus
3532 4156 3711 4203 tamen
3745 4163 3979 4205 summa

2366 4242 2687 4311 incorporeo
2718 4257 2825 4295 non
2856 4240 3142 4301 assimilas.
3183 4239 3279 4296 sed
3321 4253 3596 4308 exaequas,
3647 4246 3702 4294 et
3748 4240 3813 4295 in
3866 4250 3980 4296 tam

2365 4333 2621 4406 plectibili
2641 4332 2909 4388 sententia
2926 4347 3032 4387 non
3054 4331 3381 4387 innocentia:
3395 4337 3605 4387 tantum
3620 4330 3979 4402 privilegium

2366 4426 2481 4489 tibi,
2511 4424 2608 4480 sed
2652 4422 2828 4479 laudis
2856 4436 3097 4493 arrogas.
3145 4422 3216 4477 Et
3241 4437 3361 4488 nos,
3393 4423 3525 4492 quia
3551 4410 3979 4482 similitudinem

2364 4517 2482 4581 Dei,
2512 4525 2572 4571 ut
2604 4516 2727 4586 ejus
2772 4516 2932 4573 sicuti
2973 4522 3057 4570 est
3099 4497 3414 4580 simililudo,
3457 4514 3539 4570 sic
3577 4514 3978 4586 ineat-porcam

674 4608 957 4667 Pateretur
981 4611 1182 4683 aliquid
1219 4619 1275 4672 et
1298 4611 1461 4676 Deus,
1489 4614 1535 4669 si
1574 4614 1660 4668 vel
1690 4614 2059 4683 temporaliter
2078 4614 2257 4683 cujus-
2286 4599 2339 4658 D
2362 4610 2810 4671 dicamus,.extra
2840 4606 2999 4662 fidem
3025 4606 3141 4662 fore
3163 4606 3509 4676 pronuntias.
3533 4604 3644 4661 Sed
3673 4605 3809 4664 lucc
3835 4620 3980 4679 post.

671 4703 815 4774 piam
845 4710 1067 4774 peccata
1112 4711 1482 4773 cognosceret,
1510 4704 1595 4759 vel
1622 4704 1869 4759 eumdem
1897 4704 1965 4759 ad
1993 4720 2254 4760 exercen-

672 4794 794 4849 dam
832 4795 1095 4865 justitiam
1137 4796 1414 4851 iracundia
1461 4804 1845 4852 commoveret.
1894 4794 2065 4852 Omne
2107 4798 2249 4853 enim

672 4900 1079 4958 temporaneum
1108 4891 1309 4947 mobile
1337 4901 1499 4961 atque
1527 4891 1783 4947 mutabile
1828 4891 2173 4947 immutabilis
2200 4899 2255 4947 et

673 4988 823 5036 stans
847 4984 1251 5052 sempiternitas
1271 4983 1514 5050 includit,
1543 4982 1783 5039 alliciens
1817 4985 1994 5053 aliqua
2021 4984 2252 5040 salubri-

618 5144 623 5149 ι
672 5082 774 5139 ter,
806 5074 981 5143 aliqua
1022 5075 1365 5145 iudicialiter,
1396 5077 1574 5147 aliqua
1617 5076 1758 5132 allici
1799 5077 1998 5142 sinens,
2041 5078 2157 5148 ipsa
2186 5078 2255 5133 ab

670 5165 819 5220 omni
860 5163 1059 5222 all'eetu
1087 5166 1173 5221 vel
1220 5174 1370 5222 motu
1401 5169 1657 5238 temporis
1691 5177 1745 5224 et
1774 5168 1877 5224 loci
1905 5171 2037 5225 satis
2056 5170 2252 5234 aliena,

669 5257 895 5329 przedita
926 5257 1020 5312 illo
1043 5264 1252 5313 tantum
1282 5266 1430 5313 motu
1455 5260 1546 5329 qui
1566 5260 1773 5315 stabilis
1797 5261 2011 5327 dicitur,
2034 5274 2104 5315 ex
2125 5275 2250 5329 qua,

669 5358 726 5405 et
753 5365 852 5421 per
877 5365 1061 5421 quam,
1090 5357 1147 5406 et
1175 5350 1229 5405 in
1258 5365 1364 5420 qua
1391 5359 1473 5406 est
1500 5366 1660 5407 omne
1686 5352 1832 5421 quod
1859 5352 1978 5408 solo
2009 5360 2255 5421 tempore

667 5450 724 5496 et
767 5444 836 5499 ab
873 5445 988 5515 ipsa
1035 5451 1243 5500 tantum
1289 5450 1557 5507 movetur,
1599 5451 1655 5498 et
1695 5460 1854 5499 omne
1889 5444 2034 5513 quod
2075 5453 2131 5498 et
2159 5459 2254 5513 per

668 5545 884 5607 tempus
909 5543 963 5591 et
1008 5536 1184 5592 locum
1213 5535 1281 5590 ab
1312 5534 1399 5590 illa
1430 5545 1696 5600 movetur,
1747 5550 1854 5589 non
1882 5535 1999 5589 solo
2048 5542 2252 5589 tantum

674 5638 932 5686 temnere.
956 5628 1062 5685 Sed
1090 5630 1275 5685 isthzec
1302 5629 1453 5683 alias.
1487 5628 1637 5685 Nunc
1663 5637 1842 5683 autem
1875 5628 2037 5683 missa
2056 5626 2277 5683 facien-‘

745 5814 771 5843 ι
798 5804 879 5859 An
910 5804 1149 5856 oartum.’
1166 5803 1360 5857 Statua
1387 5815 1516 5856 vero
1546 5803 1614 5856 al.
1648 5817 1742 5856 ora
1765 5810 1951 5855 vatum.

2364 4700 2603 4761 modum,

2436 4791 2543 4847 Vll.
2589 4792 2666 4847 De
2711 4792 2907 4847 affectu
2944 4789 3161 4845 interim
3202 4791 3557 4845 disseramus.
3616 4788 3863 4862 Ergone
3909 4797 3983 4853 sic

2363 4886 2648 4943 cruciﬁxus
2667 4893 2753 4941 est
2770 4884 3033 4949 Christus,
3052 4892 3111 4938 ut
3132 4898 3357 4939 summa:
3376 4882 3699 4941 Divinitatis
3722 4889 3982 4944 universo

2365 4979 2393 5017 δ
2421 4978 2582 5034 modo
2619 4975 3006 5033 intemerabilis
3035 4975 3520 5046 incorruptibilitas
3547 4979 3839 5037 crucifixa
3870 4998 3985 5039 cre-

2362 5069 2551 5133 datur;
2593 5067 2740 5122 dicas
2768 5066 2949 5131 velim,
2994 5065 3096 5121 nisi
3135 5064 3456 5134 iniuriosum
3496 5074 3606 5119 est.
3645 5066 3843 5134 Quem
3869 5082 3985 5143 post

2360 5159 2719 5214 humilitatem
2760 5157 2953 5211 mortis
2982 5174 3013 5211 a
3042 5171 3257 5211 summo
3285 5153 3419 5219 Deo,
3453 5154 3507 5210 id
3553 5166 3675 5223 est,
3714 5160 3989 5232 ipsa’Tri-

2360 5251 2530 5307 nitate
2557 5251 2852 5305 exaltatum
2882 5264 3001 5303 esse
3041 5247 3189 5303 credi
3240 5249 3311 5301 sit
3358 5246 3587 5312 licitum,
3655 5253 3758 5306 cui
3802 5270 3987 5309 nomen

2359 5345 2495 5417 quod
2523 5361 2679 5414 supra
2704 5359 2856 5398 omne
2878 5358 3067 5396 nomen
3095 5342 3164 5394 sit
3192 5338 3415 5411 (Philip.
3445 5355 3504 5404 ιι,
3537 5337 3630 5412 9),
3664 5342 3854 5402 fuisse
3877 5345 3988 5403 eo]-

2360 5442 2547 5506 latum,
2579 5439 2655 5493 illi
2675 5453 2867 5508 nempe
2896 5437 3146 5499 arbitror,
3172 5435 3263 5503 qui
3293 5433 3541 5488 obediens
3585 5437 3792 5506 [actus
3837 5458 3991 5513 usque

2361 5532 2429 5586 ad
2448 5538 2663 5586 mortem
2685 5538 2905 5600 propter
2929 5526 3213 5581 inell'abilis
3243 5523 3564 5579 humilitatis
3592 5526 3992 5589 obedientiam

2360 5620 2702 5690 inell'abiliter
2728 5619 3043 5674 sublimatus
3065 5618 3118 5672 in
3147 5618 3371 5686 gloriam
3392 5623 3475 5671 est
3496 5614 3609 5694 Dei
3633 5615 3873 5687 Patn's;
3898 5639 3992 5680 au.

2481 5799 2565 5858 ΑΙ.
2603 5797 2810 5858 munde.
