4140 6346
193 350 295 408 ’1οό

1405 350 1493 406 DE
1527 349 1751 410 STATU
1790 349 2029 406 ΔΝιιιιΕ
2070 344 2197 406 LIB.
2235 346 2277 405 l.

3352 351 3460 409 106

191 465 343 522 dehis
370 479 480 519 non
509 470 662 520 talen
685 463 932 518 eumdem
960 464 1145 534 gloria:
1173 462 1480 531 Dominum,
1502 479 1663 534 quem
1695 464 1775 519 fa-

1889 463 2438 533 Sensitcampaticntis
2465 463 2673 533 affectu,
2703 480 2811 521 non
2840 465 2935 532 ait,
2962 463 3106 536 quod
3133 437 3185 520 in
3214 465 3461 535 passione

191 558 320 614 teris
348 556 583 612 hominis
613 555 815 611 filium?
836 555 1032 611 Verum
1067 564 1123 612 tu
1152 557 1244 612 illo
1265 555 1413 628 quod
1438 557 1638 613 dictum
1667 563 1769 620 est,

189 646 475 721 Nunquam
497 645 777 702 Dominum
793 646 975 718 αισι-ἕω
997 648 1379 717 cruciﬁxissent
1402 646 1445 718 (l
1467 645 1587 702 Cor.
1612 662 1668 712 tt,
1692 645 1770 716 8),

189 740 237 797 in
280 740 338 794 id
368 738 448 792 uti
488 738 659 803 voles,
693 747 751 792 ut
798 738 938 793 haud
968 738 1128 793 dubie
1167 738 1437 804 credatur,
1485 739 1630 809 quod
1658 739 1774 809 ipsa

190 831 452 887 Divinitas
469 838 635 901 queat
662 828 821 895 allici,
845 830 892 885 si
919 831 1095 900 potuit
1121 831 1380 900 crucillgi.
1399 831 1565 901 Igitur
1584 839 1774 902 aperto

189 921 478 994 proloquio
520 918 871 975 manifestasti
907 920 1228 975 sententiam
1261 929 1427 975 tuam.
1472 920 1603 974 Nam
1650 935 1774 976 cum

190 1014 391 1071 idcirco
421 1011 563 1068 affici
585 1013 750 1069 Deum
773 1013 1314 1083 irreprebensibiliter
1340 1020 1392 1068 te
1410 1013 1609 1068 dixisse
1627 1012 1771 1068 arbi-

189 1106 351 1163 treris
369 1105 628 1175 quoniam
645 1104 832 1175 gloriae
855 1104 1135 1161 Dominum
1156 1104 1468 1161 crucifixum
1483 1104 1774 1175 Apostolus

190 1198 338 1263 dicit,
364 1205 424 1254 et
449 1196 765 1253 crucifixum
791 1196 976 1265 gloria:
1007 1197 1288 1253 Dominum
1318 1198 1397 1254 sic
1417 1196 1588 1267 accipi
1628 1196 1772 1253 veri-

190 1296 266 1345 tas
293 1287 544 1350 suadeat,
576 1301 646 1342 ne
686 1286 946 1342 Divinitas
966 1285 1219 1342 crucifixa
1247 1286 1496 1343 credatur
1522 1304 1535 1339 :
1561 1294 1618 1341 tu
1645 1301 1774 1341 vero

190 1378 333 1436 allici
361 1378 707 1434 Divinitath
731 1378 980 1433 obnixius
1003 1386 1397 1446 argumentare,
1421 1375 1775 1432 defensitandi

190 1470 392 1526 erroris
420 1468 616 1524 studio.
650 1467 804 1523 Haud
831 1468 1214 1525 animadvertis
1240 1468 1449 1539 ptenale
1476 1465 1604 1523 illud
1630 1465 1776 1537 quod

191 1564 242 1619 in
261 1561 491 1619 homine
510 1559 725 1616 Christo
746 1561 1180 1631 persequentium
1200 1559 1374 1615 scelus
1391 1559 1651 1621 exercuit,
1674 1557 1778 1626 ipsi

191 1652 491 1709 inviolabili
517 1650 793 1707 Divinitati
831 1651 1087 1707 inuictum
1126 1651 1287 1707 fuisse
1311 1659 1365 1707 te
1391 1651 1592 1707 dicere.
1622 1647 1777 1716 Quod

191 1744 232 1801 si
249 1745 330 1799 ita
358 1726 462 1809 est,
496 1742 607 1813 pati
636 1758 734 1814 pro
762 1743 1066 1799 hominibus
1093 1742 1256 1807 Deus,
1277 1752 1332 1798 et
1371 1758 1477 1796 non
1504 1750 1779 1810 assumpto

1875 554 2007 610 nihil
2031 554 2282 609 senserit.
2308 553 2477 608 Porro
2507 564 2562 608 tu
2584 556 2738 622 dicis,
2760 557 2904 627 quod
2927 556 3068 612 Deus
3095 573 3203 612 non
3230 554 3460 611 afficitur

1874 644 2236 715 passibiliter;
2268 658 2398 714 ergo
2427 643 2661 700 afficitur
2690 664 2796 702 non
2821 648 3146 719 passibiliter
3172 666 3186 702 :
3217 647 3359 718 quod
3383 648 3458 703 ita

1875 746 1959 792 est
1984 753 2047 792 ac
2074 738 2116 793 si
2142 738 2408 808 quispiam
2453 738 2600 793 dicat
2631 756 2644 792 :
2681 736 2797 794 Stat
2827 741 2930 796 iste
2976 755 3217 806 currens,
3258 740 3462 795 dormit

1875 829 1969 884 ille
1997 829 2221 898 vigilans
2245 848 2256 882 :
2276 828 2419 899 quod
2448 829 2632 900 utique
2655 846 2761 885 non
2782 832 2911 886 sinit
2938 832 3330 888 contrariorum
3351 831 3461 887 dis-

1875 920 2172 990 crepantia.
2204 918 2339 988 Quid
2369 921 2529 990 igitur
2558 918 2772 991 prolicit
2805 922 2950 992 quod
2985 922 3204 992 adjicis,
3233 921 3459 995 passibi-

1877 1014 2012 1074 fiter.
2046 1030 2167 1069 cum
2207 1014 2312 1069 dici
2357 1014 2634 1070 verissime
2671 1015 3085 1087 plenissimeque
3119 1017 3308 1086 possit,
3353 1033 3459 1073 non

1876 1106 2096 1177 nutritur
2124 1104 2296 1181 Deus?
2324 1103 2439 1159 Non
2467 1112 2616 1161 caret
2645 1120 2797 1161 naevo
2820 1105 3138 1175 suspicionis
3159 1106 3339 1178 biceps
3359 1107 3461 1166 ista

1877 1198 2199 1269 prolocutio.
2233 1197 2399 1252 Deum
2430 1213 2536 1253 non
2577 1198 2713 1254 dicis
2751 1198 2886 1269 pati,
2918 1214 3078 1269 quem
3113 1199 3247 1254 dicis
3295 1198 3458 1256 allici.

1878 1287 2104 1344 Ali’ectio
2120 1297 2175 1344 et
2191 1289 2373 1359 passio
2396 1304 2558 1344 unum
2579 1290 2828 1359 idemque
2843 1288 3125 1366 significat.
3142 1290 3247 1345 Aut
3263 1302 3337 1346 uti
3351 1308 3464 1348 um-

1877 1393 1983 1446 que
2028 1378 2326 1443 Sustuleris,
2371 1388 2465 1434 aut
2501 1380 2556 1435 in
2602 1380 2777 1436 altero
2824 1390 3112 1453 utrumque
3139 1383 3458 1440 servaveris.

1879 1468 1995 1524 Non
2036 1470 2196 1538 igitur
2230 1470 2512 1527 dicendum
2548 1480 2652 1537 est,
2700 1472 2816 1528 Non
2864 1471 3096 1531 afficitur
3141 1475 3464 1546 passibiliter

1881 1550 2042 1624 Deus,
2069 1558 2183 1622 sed,
2212 1557 2337 1614 Non
2385 1560 2605 1630 amcitia
2633 1560 2793 1617 Deus.
2824 1561 2880 1618 Si
2927 1579 3034 1619 non
3081 1563 3329 1629 afficitur,
3355 1581 3463 1623 non

1879 1656 2048 1710 sensit
2093 1656 2475 1726 compatieutis
2520 1655 2734 1724 aﬂ‘ectu.
2777 1655 2836 1712 Si
2881 1660 3049 1714 sensit
3091 1660 3465 1730 compatientis

1882 1745 2095 1806 affectu.
2128 1756 2525 1815 consequenter
2554 1746 2800 1803 afficitur.

191 1835 369 1907 potuit
396 1795 802 1902 honiinefQuia
841 1836 887 1890 si
916 1835 968 1889 in
991 1835 1210 1890 homine
1231 1833 1515 1905 passibilis,
1546 1841 1603 1888 et
1628 1841 1782 1888 extra
1811 1795 1860 1857 Β
1953 1834 2044 1889 ix.
2086 1836 2185 1889 Aio
2214 1795 2334 1905 ego:
2360 1836 2531 1891 Nullis
2558 1836 2789 1894 afficitur
2810 1838 2988 1894 divina
3017 1840 3353 1905 substantia;
3385 1841 3465 1895 in-

192 1927 470 1986 hominem
497 1929 672 1999 potuit
698 1943 817 1984 esse
860 1928 1147 1999 passibilis.
1197 1925 1302 1982 Sed
1350 1924 1595 1981 eumdem
1647 1923 1783 1980 forte

194 2020 493 2079 contendas
519 2019 829 2076 substantiae
861 2021 1107 2075 humana:
1147 2004 1469 2088 contagidne
1499 2026 1779 2084 mutatum,

193 2112 510 2182 idcircoque
566 2122 688 2182 post
732 2119 1061 2181 assumptum
1091 2109 1363 2164 hominem
1398 2109 1594 2164 factum
1626 2107 1788 2164 fuisse

197 2204 529 2275 passibilem.
558 2202 672 2257 Non
703 2202 863 2270 igitur
902 2200 1322 2270 incorruptibilis
1349 2208 1429 2255 est
1457 2199 1619 2255 Deus.
1652 2197 1786 2265 Quia

195 2296 458 2368 quidquid
486 2295 801 2351 deteriorari
826 2302 1024 2363 potest,
1049 2301 1105 2347 et
1131 2290 1406 2361 corrumpi
1434 2288 1677 2361 profecto
1701 2305 1792 2359 po-

197 2395 325 2442 test.
352 2386 459 2441 Sed
489 2386 760 2456 corrumpi
783 2384 1046 2439 Divinitas
1074 2398 1181 2437 non
1205 2389 1399 2452 potest,
1425 2396 1525 2437 nec
1552 2396 1791 2436 commu-

199 2478 341 2542 tari;
378 2477 539 2546 igitur
578 2492 677 2532 nec
705 2476 817 2546 pati
855 2482 1050 2545 potest.

276 2568 414 2623 Vlll.
454 2567 604 2623 Nunc
630 2582 792 2637 porro
820 2573 1082 2636 superest,
1114 2573 1175 2620 ιιι
1205 2574 1229 2601 ⁸
1269 2564 1521 2633 quoniam
1549 2560 1791 2617 Christus

200 2660 374 2715 homo
399 2674 559 2715 verus
586 2668 641 2714 et
670 2658 807 2714 Deus
834 2672 1012 2722 verus,
1036 2673 1103 2713 ex
1130 2655 1330 2726 duplici
1358 2655 1653 2710 substantia
1685 2669 1787 2707 una

205 2766 460 2820 persona,
492 2759 547 2806 et
572 2750 711 2807 Deus
738 2751 900 2805 homo
928 2758 983 2804 et
1010 2748 1170 2803 homo
1199 2746 1339 2801 Deus
1366 2756 1475 2811 est;
1501 2746 1640 2801 idem
1669 2745 1786 2815 glo-

200 2843 305 2898 ria:
333 2841 608 2906 Dominus,
638 2852 693 2897 et
726 2856 832 2896 non
861 2840 931 2896 sit
956 2837 1239 2897 crucifixus
1258 2854 1356 2908 pro
1378 2837 1669 2892 inviolabili
1700 2835 1789 2891 Di-

203 2932 451 2993 vinitate,
474 2940 529 2985 et
556 2931 838 2988 crucifixus
865 2932 936 2988 sit
966 2932 1017 2985 in
1047 2930 1264 2986 homine
1303 2946 1402 3000 pro
1432 2930 1636 2984 unitate
1661 2945 1787 2999 per-

199 3036 372 3077 sonte.
403 3020 586 3093 Itaque
625 3022 763 3077 miro
792 3034 954 3091 atque
970 3020 1297 3090 incogitabili
1318 3020 1478 3075 modo
1501 3034 1688 3089 passus
1709 3026 1791 3073 est

202 3114 371 3169 homo
416 3114 574 3178 Deus,
606 3124 662 3169 et
690 3129 797 3169 non
827 3121 910 3169 est
938 3130 1092 3184 passa
1125 3112 1403 3167 Divinitas.
1434 3110 1609 3166 Cerne
1649 3126 1792 3166 nunc

201 3206 389 3278 igitur,
423 3208 474 3264 in
501 3207 552 3264 id
578 3216 785 3264 tantum
815 3217 981 3264 temet
1009 3208 1253 3279 Apostoli
1284 3207 1648 3262 testimonium
1680 3206 1793 3280 vin_-

199 3303 435 3368 dicasse,
470 3319 579 3357 non
609 3311 669 3358 ut
688 3318 756 3357 ex
785 3302 973 3357 eodem
1002 3302 1167 3360 robur
1187 3300 1451 3356 sententia
1480 3308 1570 3354 tua
1601 3315 1791 3368 capes-

198 3406 370 3458 seret,
394 3393 488 3449 sed
513 3403 573 3448 ut
592 3408 745 3448 szcvie
764 3394 1044 3448 sententia:
1073 3391 1309 3463 pravitas
1337 3406 1443 3446 non
1475 3390 1684 3445 lateret.
1712 3389 1792 3445 Tu

198 3484 413 3539 scilicet
441 3484 589 3539 velut
616 3483 907 3553 stipulante
936 3483 1031 3538 tibi
1061 3498 1159 3553 per
1185 3480 1502 3553 Apostolum
1542 3482 1789 3544 veritate,

200 3575 347 3631 allici
366 3575 708 3631 Divinitatem
735 3575 899 3640 dicis;
930 3574 1024 3631 sed
1044 3574 1331 3646 Apostolus
1356 3573 1660 3644 cruciﬁxum
1682 3572 1793 3645 glo-

201 3669 305 3722 ria:
332 3666 616 3724 Dominum
647 3667 700 3722 in
729 3683 792 3723 ea
821 3668 902 3723 sui
934 3677 1085 3739 parte
1113 3667 1257 3737 cogit
1287 3667 1530 3735 intelligi,
1556 3681 1661 3737 qua
1690 3681 1791 3735 po-

199 3757 312 3811 tuit
332 3755 588 3826 crucifigi.
616 3756 734 3811 Tibi
776 3758 955 3829 igitur,
982 3758 1075 3812 tibi
1098 3757 1386 3812 admodum
1408 3756 1508 3809 soli
1535 3757 1649 3809 hinc
1670 3754 1795 3807 reli-

197 3853 294 3902 cta
325 3846 592 3901 sententia
622 3857 721 3908 est,
770 3855 828 3900 ut
874 3845 1259 3900 intemerabilis
1288 3852 1450 3912 atque
1480 3844 1795 3896 ittmstitnata

198 3935 472 3991 Divinitas
536 3932 759 4003 ﬂagellis
813 3950 986 3997 eiusa,
1048 3935 1214 3989 clavis
1274 3931 1549 3997 transfixa,
1610 3933 1796 3987 lancea

199 4027 525 4091 transfossa,
557 4026 833 4082 doloribus
862 4026 1075 4091 aliecta,
1123 4035 1298 4080 morte
1343 4033 1658 4095 consumpta
1692 4024 1795 4090 sit;

200 4117 337 4191 quia
367 4118 421 4172 in
445 4133 552 4172 uno
580 4117 771 4173 eodem
793 4117 1010 4173 Christo
1040 4121 1063 4153 τ’
1092 4117 1237 4173 credi
1259 4117 1437 4172 renuit
1456 4116 1599 4172 aliud
1622 4116 1799 4172 subdi-

198 4218 327 4266 tum
374 4208 557 4274 morti,
603 4206 746 4263 aliud
797 4208 1055 4280 passioni.
1105 4206 1213 4263 Sed
1258 4215 1535 4279 premente
1575 4206 1800 4262 veritate

200 4301 374 4359 verba
422 4311 753 4367 commutas,
807 4301 1080 4371 inquiens,
1131 4300 1274 4371 quod
1330 4300 1523 4370 quibus
1571 4298 1800 4354 allicitur

200 4400 391 4450 creata
416 4392 735 4454 substantia,
763 4392 1186 4447 substantialiter
1206 4392 1258 4446 in
1290 4391 1403 4446 Deo
1429 4390 1554 4458 sint,
1588 4407 1695 4446 non
1717 4405 1800 4445 ac-

205 4485 549 4541 cessibiliter.
583 4483 752 4552 Perge
797 4484 875 4540 sie
924 4482 1136 4547 dicere;
1184 4499 1290 4538 non
1339 4483 1390 4536 in
1429 4490 1482 4536 te
1524 4489 1798 4551 respergat

1883 1927 2005 1996 quis
2041 1934 2116 1992 tu,
2164 1927 2303 1983 Deus
2346 1944 2450 1984 non
2490 1928 2741 1985 afficitur.
2790 1930 3098 1985 Redeamus
3133 1931 3186 1985 itt
3220 1932 3465 2001 gratiam.

1887 2016 2266 2074 Pessutndetur
2296 2035 2327 2074 e
2356 2022 2551 2086 medio,
2582 2023 2673 2093 qui
2704 2030 2755 2077 te
2780 2020 3022 2076 fortassis
3043 2023 3304 2092 ignarum,
3327 2019 3470 2092 quod

1892 2118 2041 2162 certe
2063 2117 2238 2191 patet,
2272 2119 2365 2163 aut
2394 2110 2664 2165 incautum
2698 2113 2957 2181 respergit
2985 2110 3221 2167 infamia.
3245 2112 3351 2169 Sed
3384 2128 3470 2168 sus

1890 2199 2193 2268 pcradjicis,
2226 2208 2282 2254 et
2305 2200 2619 2269 Apostolum
2648 2202 2850 2257 dixisse
2884 2203 3198 2273 pronuntias
3224 2202 3291 2257 dc
3320 2201 3446 2257 Chri

1890 2298 1976 2345 sto
1998 2290 2110 2359 jam
2155 2290 2206 2344 in
2240 2291 2390 2348 cmlis
2419 2292 2596 2362 posito
2629 2310 2643 2345 :
2690 2290 2951 2347 Habemus
2980 2294 3131 2347 tatem
3157 2294 3471 2364 pontiﬁcem,

1891 2383 1978 2454 qui
2007 2382 2170 2451 possit
2190 2384 2410 2452 compati
2430 2382 2824 2453 infirmitatibus
2844 2385 3032 2439 nostris
3054 2381 3240 2454 (Hebr.
3264 2400 3335 2448 tv,
3362 2381 3470 2454 l5).

1892 2471 1959 2526 Et
1981 2481 2231 2541 tanquam
2256 2473 2382 2528 nihil
2406 2473 2492 2529 hic
2512 2473 2581 2528 sit
2603 2474 3035 2545 pertractandum
3063 2473 3453 2529 discutiendum

1890 2578 2015 2632 que,
2041 2563 2365 2618 satisfecisse
2394 2572 2447 2617 te
2472 2565 2748 2635 proposito
2775 2565 3038 2635 gloriaris,
3064 2566 3381 2619 transiturus
3408 2563 3472 2618 ad

1892 2654 2107 2709 tertiam
2144 2654 2516 2723 quiestionem.
2550 2655 2733 2725 Igitur,
2762 2665 2818 2710 ut
2844 2672 3004 2726 quam
3030 2657 3339 2712 brevissime
3368 2671 3472 2711 res-

1890 2758 2117 2814 ponsum
2148 2741 2397 2806 referam,
2421 2742 2671 2815 Pontifex
2701 2744 2809 2807 ille,
2840 2746 3023 2810 credo,
3054 2753 3138 2799 est
3163 2745 3252 2814 qui
3280 2744 3473 2815 princi-

1889 2833 2082 2903 paliter
2111 2833 2253 2903 apud
2302 2834 2635 2888 divinitatem
2681 2850 2905 2889 summa:
2933 2834 3210 2889 Trinitatis
3253 2834 3471 2889 humani

1890 2927 2103 2995 generis
2129 2927 2311 2980 oblata
2358 2925 2643 2991 sacrificat,
2675 2936 2895 2996 peccata
2924 2928 3125 2998 expiat,
3174 2936 3296 2981 vota
3325 2941 3473 2981 com-

1863 3010 2127 3073 .menda't.
2162 3016 2283 3087 lpse
2309 3031 2437 3086 ergo
2469 3033 2628 3074 verus
2663 3017 2915 3074 sacerdos
2945 3027 3058 3082 est;
3089 3019 3214 3088 quia
3238 3018 3283 3073 si
3313 3017 3475 3074 Filius

1893 3107 2009 3173 Dei,
2043 3108 2333 3164 secundum
2364 3108 2415 3162 id
2460 3110 2603 3180 quod
2632 3109 2855 3179 aequalis
2901 3118 2983 3164 est
3020 3107 3185 3174 Patri,
3219 3128 3325 3166 non
3368 3117 3475 3167 tam

1897 3214 2082 3268 preces
2108 3198 2299 3263 fundit,
2322 3215 2481 3269 quam
2513 3210 2796 3283 precantes
2836 3202 3087 3257 exaudit:
3114 3202 3275 3258 homo
3299 3203 3477 3272 potius

1893 3290 1979 3346 hic
2006 3290 2382 3361 intelligendus
2410 3301 2511 3359 est,
2552 3308 2713 3365 quem
2745 3293 3049 3364 pontificem
3086 3295 3373 3365 Apestolus
3400 3296 3478 3349 di-

1891 3399 2036 3445 cens,
2070 3384 2372 3453 nostrisque
2402 3382 2802 3439 infirmitatibus
2843 3385 3076 3454 compati
3105 3385 3476 3454 pronuntians,

1890 3476 1959 3531 de
1980 3476 2095 3547 ipso
2115 3475 2301 3530 itidem
2325 3474 2485 3529 dicit:
2516 3486 2534 3509 ο
2560 3473 2713 3528 Jesus
2742 3472 2994 3537 Christus,
3019 3476 3104 3544 qui
3126 3484 3354 3528 mortuus
3381 3484 3479 3540 est,

1892 3570 2046 3622 immo
2085 3568 2240 3621 etiam
2267 3566 2353 3636 qui
2381 3574 2432 3618 et
2459 3565 2764 3623 resurrexit,
2797 3565 2882 3635 qui
2920 3573 2997 3618 est
3034 3565 3087 3617 in
3118 3564 3333 3618 dentem
3362 3562 3478 3627 Dei,

1892 3659 2154 3728 quietiam
2185 3654 2481 3725 interpellat
2511 3672 2603 3726 pro
2625 3654 2774 3710 nobis
2806 3654 2980 3727 (Rom.
3009 3674 3114 3719 vui,
3144 3654 3255 3725 Eii).
3288 3654 3380 3711 Ille
3406 3674 3478 3711 er-

1894 3761 1963 3816 go
1984 3746 2227 3817 pontifex
2254 3745 2581 3817 compatitur
2626 3746 2798 3809 nobis,
2829 3748 2921 3816 qui
2952 3756 3008 3801 et
3035 3748 3341 3816 interpellat
3386 3764 3481 3817 pro

1897 3838 2069 3891 nobis.
2095 3836 2187 3891 llle
2217 3852 2347 3891 vero
2367 3835 2458 3905 qui
2480 3835 2846 3905 interpellanti
2876 3837 3084 3904 annuit,
3117 3837 3227 3904 ipsa
3251 3835 3483 3890 Trinitas

1898 3943 2006 3982 non
2035 3928 2259 3982 haberet
2289 3927 2472 3994 utique
2501 3940 2665 3994 quem
2691 3925 2791 3978 cibi
2836 3925 3178 3994 i..terpellare
3224 3940 3477 3979 necessa-

1897 4019 2034 4073 rium
2061 4016 2218 4080 foret,
2250 4016 2296 4070 si
2325 4016 2437 4086 pati
2467 4023 2559 4069 aut
2583 4013 2721 4069 affici
2753 4015 3019 4069 ullatenus
3066 4014 3253 4084 possit.
3285 4011 3479 4068 Jatnue

1899 4110 2171 4178 intelligis,
2202 4108 2483 4163 adversum
2514 4107 2696 4177 potius
2737 4106 2981 4161 veritatis
3020 4104 3386 4161 testimonium
3427 4105 3481 4160 iu

1900 4202 2255 4273 patrocinium
2277 4199 2523 4254 falsitatis
2544 4200 2779 4255 assumi?
2799 4198 3063 4266 Quoniam
3085 4198 3131 4254 si
3154 4196 3279 4267 quid
3304 4197 3484 4269 ltnjus~

1901 4293 2063 4359 modi,
2089 4294 2226 4347 sicut
2254 4307 2412 4362 supra
2439 4291 2689 4357 diximus,
2722 4292 2774 4345 in
2796 4291 2989 4345 divinis
3018 4290 3377 4346 voluminibus
3405 4289 3483 4355 in~

1900 4383 2132 4448 venitur,
2174 4380 2241 4436 ad
2281 4382 2539 4436 unitatem
2569 4397 2811 4452 persona:
2838 4381 3177 4436 referendum
3214 4388 3314 4435 est.
3349 4380 3483 4447 Quia

1900 4474 2037 4529 sicut
2065 4474 2239 4528 anima
2271 4479 2327 4526 et
2364 4486 2560 4541 corpus
2588 4486 2656 4527 ex
2683 4472 2893 4528 diversa
2919 4470 3215 4526 substantia
3239 4486 3376 4524 unus
3403 4478 3485 4526 est

202 4578 578 4633 sinceritatem
632 4577 873 4632 veritatis
936 4575 1236 4645 ignorantia
1262 4614 1277 4640 ,
1341 4574 1687 4644 praesumptio
1743 4582 1798 4628 et
1826 4540 1877 4601 D
1901 4565 2083 4631 homo,
2114 4566 2185 4620 ita
2219 4565 2357 4643 Deus
2386 4574 2441 4619 et
2470 4566 2631 4620 homo
2675 4580 2742 4620 ex
2783 4564 2993 4619 diversa
3025 4564 3323 4618 substantia
3349 4578 3485 4617 unus

204 4668 571 4725 mendacium.
604 4666 906 4723 Humanum
935 4675 1018 4721 est
1058 4681 1251 4735 nempe
1281 4664 1593 4733 delinquere
1637 4682 1649 4717 :
1693 4664 1794 4718 ltu-

205 4775 431 4816 tnanum
462 4767 545 4813 est
572 4774 670 4828 pro
704 4757 901 4814 delicto
927 4756 1211 4827 pmnitere.
1244 4754 1414 4812 Nemo
1443 4754 1796 4824 peniculosius

204 4852 538 4927 peccaverit,
563 4868 724 4923 quam
763 4854 855 4923 qui
897 4860 1116 4923 peccata
1144 4850 1396 4906 defendit.
1429 4851 1668 4920 Namque
1700 4852 1798 4905 im-

203 4942 553 5014 passibilem,
610 4944 849 5012 nullique
894 4942 1107 4997 aﬂ'ectui
1148 4940 1515 5010 subjacentem
1574 4954 1797 4993 summa:

203 5033 522 5089 Divinitatis
563 5034 875 5097 essentiam,
904 5040 963 5085 ut
998 5039 1114 5085 tute
1157 5029 1494 5099 pronuntias,
1525 5014 1645 5083 cum
1676 5027 1798 5096 phi-

202 5124 456 5193 losophis
511 5141 618 5180 non
665 5139 901 5180 recusas.
962 5120 1195 5177 Proinde
1243 5120 1552 5174 intestinum
1600 5119 1800 5173 bellum

204 5218 351 5289 pelle
384 5219 449 5272 ab
480 5218 680 5273 animo.
705 5216 925 5272 Certum
958 5215 1053 5270 tibi
1074 5214 1144 5268 sit
1174 5199 1457 5267 veritatem
1479 5209 1632 5275 falso,
1664 5210 1802 5265 sicut

203 5308 503 5365 essentiam
546 5308 736 5373 nihilo,
788 5305 1198 5375 haudquaquam
1247 5318 1407 5375 posse
1455 5300 1687 5357 misceri.
1720 5298 1802 5355 Tu

204 5410 393 5455 autem
431 5400 564 5454 dicis
591 5398 749 5464 allici,
786 5414 948 5469 quem
979 5410 1144 5466 negas
1186 5396 1316 5467 pati.
1348 5393 1403 5449 Si
1433 5394 1577 5451 enim
1606 5390 1801 5449 aﬂ'ectu

205 5511 317 5549 non
354 5502 524 5556 caret,
549 5491 992 5563 impassibllitatis
1025 5489 1088 5544 de
1117 5489 1306 5545 eodem
1339 5488 1496 5543 fallax
1539 5487 1803 5558 professio

204 5593 291 5640 est
327 5600 341 5634 :
380 5582 622 5636 Alterum
661 5580 819 5635 alteri
863 5578 1147 5633 immodice
1187 5579 1464 5648 impugnat
1509 5596 1521 5630 :
1565 5577 1657 5644 qui
1706 5575 1800 5642 ait,

283 5706 309 5734 ι
338 5695 427 5748 Al.
458 5692 908 5765 quemadmodum.

282 5768 310 5806 ιι
349 5766 433 5819 Al.
467 5764 794 5820 Crederemus.

1901 4666 1983 4713 est
2030 4655 2292 4719 Christus.
2329 4655 2406 4711 Ac
2434 4672 2531 4726 per
2558 4656 2661 4712 hoc
2705 4672 2827 4712 cum
2855 4656 2925 4710 sit
2974 4672 3112 4710 unus
3157 4672 3223 4710 ex
3271 4655 3484 4709 diversa

1900 4749 2219 4814 substantia,
2252 4749 2367 4819 ipse
2411 4764 2468 4802 se
2496 4747 2890 4817 quodammodo
2920 4749 3080 4816 petit;
3125 4746 3239 4814 ipse
3266 4760 3324 4799 se
3353 4759 3489 4815 quo-

1900 4840 2187 4895 dammodo
2234 4855 2332 4907 pro
2373 4838 2537 4919 .nobis
2582 4836 2820 4890 exaudit.
2869 4836 3151 4890 lnnumera
3200 4842 3324 4890 sunt
3368 4849 3488 4904 quin

1902 4946 2063 5000 super
2091 4932 2193 4984 hoc
2220 4928 2324 4983 dici
2355 4927 2805 4997 promptissimum
2838 4926 2923 4981 sit.
2957 4926 3062 4980 Sed
3092 4927 3346 4997 quoniam
3379 4944 3486 4982 non

1901 5021 2173 5089 impendio
2209 5018 2510 5073 emolienda
2537 5026 2680 5080 sunt,
2722 5024 2841 5088 Qua:
2881 5035 2976 5090 per
3002 5035 3062 5074 se
3092 5020 3402 5085 labascunt;
3433 5036 3488 5076 in

1904 5110 2307 5183 prcsentiarnm
2336 5108 2401 5163 de
2430 5108 2514 5163 his
2548 5110 2647 5163 ista
2669 5109 2953 5165 sufficiant.

2526 5244 2755 5303 CAPUT
2795 5248 2881 5304 ιγ.

2331 5363 2410 5418 De
2447 5367 2633 5419 animo:
2656 5364 2893 5418 Immone:
2922 5373 3076 5416 stunt.

1980 5480 2165 5534 Status
2209 5493 2354 5533 nunc
2398 5479 2588 5533 anima:
2639 5478 2923 5539 humanae,
2978 5475 3080 5527 hoc
3106 5479 3217 5533 est,
3251 5467 3491 5539 imaginis

1912 5571 2105 5626 divina:
2147 5580 2371 5625 vocatur
2419 5572 2469 5624 in
2513 5571 2750 5624 dubium.
2814 5565 2937 5618 Ha‘c
2984 5578 3177 5623 neinne
3222 5570 3305 5618 est
3335 5566 3491 5617 tertia

1993 5697 2014 5727 ε
2055 5684 2180 5742 Haec
2208 5688 2277 5741 al.
2310 5685 2579 5741 omittunt.
