4140 6346
581 354 689 430 707
732 354 745 397 ι’

1852 354 2166 416 MAMERTI
2202 342 2573 412 CLAUDIAM

3766 356 3883 413 ,Μ
3916 342 3920 346 Α

586 490 675 548 illa
704 487 949 560 quaestio,
979 498 1082 554 qua
1115 484 1216 555 iste
1243 480 1581 539 necessarius
1610 492 1761 536 meus
1789 474 2173 535 discernenda-
2201 474 2252 535 Α
2280 468 2491 560 potenti
2530 468 2678 560 bono
2716 463 2808 537 qui
3007 467 3187 560 omnia
3224 467 3365 524 bona
3386 467 3542 526 valde
3571 467 3725 541 (Cen.
3757 487 3875 541 vm,

583 597 705 638 rnm
732 586 1053 647 naturarum
1072 590 1260 645 causas
1288 574 1561 644 ingressus
1578 613 1597 641 ,_
1623 570 1871 643 spiritum
1900 569 2023 624 vitae
2050 582 2174 624 cor—

584 688 685 744 pus
713 685 833 739 esse
878 668 1227 740 pronuntiat:
1259 652 1504 721 astruens
1542 679 1603 718 se
1645 676 1809 733 super
1847 661 1952 716 hoc
1978 656 2175 735 praeiu-

583 767 772 823 dicatze
838 762 1173 830 auctoritatis
1222 760 1441 831 Patrum
1506 757 1638 814 scita
1702 753 1977 827 proferre;
2016 766 2175 827 quos

581 857 797 928 quidem
827 870 935 911 non
962 861 1074 925 tam
1103 850 1309 921 aliquid
1335 848 1438 919 sibi
1479 854 1736 929 perceptu
1766 843 1963 901 mentis
1990 840 2174 911 cogni-

581 957 694 1003 tum
722 946 974 1016 deﬁnisse
996 988 1010 1013 ,
1060 932 1228 1015 quam.
1266 931 1510 1017 qumdam
1557 940 1806 1010 opinatos
1835 935 1999 992 fuisse
2027 948 2171 990 com-

579 1046 862 1107 memorat.
904 1037 973 1091 Et
1008 1024 1133 1107 quia
1163 1037 1311 1107 ipse,
1344 1040 1605 1105 quantum
1630 1031 1891 1102 loquitur,
1924 1042 2034 1084 non
2060 1034 2171 1099 tam

580 1131 821 1202 probatae
847 1116 1045 1201 rationi
1089 1136 1183 1185 aut
1230 1116 1564 1198 intemeratae
1591 1110 1928 1189 auctoritati,
1960 1119 2055 1176 sed
2079 1118 2177 1174 bu-

580 1236 751 1277 manze
795 1221 965 1293 magis
1017 1218 1263 1291 opinioni
1306 1217 1603 1285 concessit;
1652 1214 1705 1271 id
1732 1214 1976 1299 impenso
2007 1223 2170 1283 opere

578 1313 785 1381 nititur,
826 1321 885 1368 ut
914 1298 1093 1383 spreta
1123 1311 1445 1368 auctoritate
1486 1309 1697 1377 divina,
1730 1305 1927 1362 omissa
1956 1316 2171 1382 quoque

579 1394 789 1478 ratione
833 1404 1147 1477 perspicua,
1196 1405 1425 1475 clausis,
1457 1411 1518 1460 ut
1544 1404 1725 1469 aiunt,
1757 1400 1930 1457 oculis
1956 1398 2171 1461 sibimet

578 1488 957 1565 assentiamur.
1019 1498 1087 1551 At
1120 1497 1427 1567 quicunque
1455 1496 1523 1552 de
1554 1495 1671 1569 Deo
1696 1493 1964 1558 veraciter
1991 1507 2055 1547 ac
2080 1490 2170 1569 pie

578 1598 902 1652 senserunt,
954 1589 1095 1659 nihil,
1139 1574 1207 1644 ab
1254 1603 1325 1659 eo,
1368 1605 1481 1645 non
1525 1594 1763 1655 creatum
1810 1585 1955 1669 quod
1994 1582 2171 1639 creari

578 1682 876 1752 Oportuerit
900 1724 914 1748 ,
965 1689 1359 1751 consequenter
1417 1682 1741 1752 intelligunt.
1800 1679 1975 1735 Causa
2024 1678 2173 1741 enim

579 1773 926 1829 creandarum
956 1789 1135 1839 rerum
1165 1773 1381 1839 bonitas
1409 1773 1670 1839 creatoris
1698 1780 1799 1833 est.
1847 1769 1949 1838 Qui
1979 1783 2166 1831 creare

2278 558 2389 631 54),
2422 558 2813 630 perfectionem
2841 557 3192 630 plenitudinis
3222 576 3401 616 rerum
3428 562 3516 617 vel
3548 560 3605 617 in
3636 563 3878 620 minimis

2278 659 2523 710 truncam
2561 651 2776 721 facere,
2826 667 2935 709 non
2979 652 3153 710 dicam
3193 656 3476 726 potissima
3522 671 3634 712 non
3664 672 3872 714 creare.

2273 744 2381 803 Sed
2406 742 2651 813 fortassis
2688 753 2977 812 astruatur,
3018 753 3111 801 aut
3156 747 3532 819 incorpoream
3562 757 3870 805 creaturam

2278 836 2485 893 bonum
2497 853 2605 893 non
2624 852 2762 904 esse,
2780 847 2873 893 aut
2891 838 3090 895 bonum
3113 841 3282 896 creari
3307 856 3413 897 non
3432 845 3759 914 oportuisse,
3781 853 3875 900 aut

2272 931 2420 1002 quod
2464 933 2766 1003 oportuerit
2807 931 2930 989 ﬁeri
2960 934 3284 1006 nequivisse.
3328 935 3435 992 Sed
3473 954 3743 1001 summum
3775 941 3876 997 bo-

2272 1040 2400 1080 num
2430 1024 2781 1102 incorporeus
2809 1036 3026 1083 creator
3054 1014 3163 1096 est;
3195 1044 3448 1111 magnum
3472 1031 3675 1091 bonum
3701 1034 3875 1088 incor-

2274 1133 2439 1189 porea
2468 1127 2733 1176 creatura.
2773 1118 3023 1191 Oportuit
3052 1121 3214 1195 igitur
3261 1138 3293 1178 a
3333 1138 3548 1183 summo
3576 1123 3722 1179 bono
3755 1123 3873 1179 ﬁeri

2271 1225 2524 1281 magnum
2554 1212 2775 1268 bonum.
2816 1210 2884 1267 Et
2908 1212 3085 1289 potuit
3120 1214 3465 1286 omnipotens
3490 1216 3693 1288 facere,
3723 1217 3869 1291 quod

2272 1303 2456 1361 debuit
2509 1306 2681 1369 bonus
2713 1306 2867 1361 velle.
2911 1305 3127 1362 Creavit
3156 1321 3284 1387 ergo
3317 1308 3700 1387 incorpoream
3737 1308 3871 1365 sub-.

2271 1396 2541 1461 stantiam,
2574 1398 2667 1469 qui
2710 1413 2817 1452 non
2846 1396 3026 1453 facere
3062 1414 3170 1455 non
3218 1400 3428 1481 potuit,
3455 1400 3602 1469 quod
3632 1399 3748 1455 ﬁeri
3775 1401 3869 1457 de-

2271 1488 2406 1551 buit.
2448 1488 2561 1543 Nisi
2591 1489 2729 1544 forte
2756 1489 2968 1547 dicatur
2996 1490 3198 1560 aliquid
3227 1488 3255 1529 b
3285 1490 3538 1548 debuisse
3560 1491 3697 1559 ﬁeri,
3719 1492 3866 1564 quod

2270 1579 2361 1639 ille
2392 1596 2497 1659 non
2528 1579 2733 1636 fecerit.
2795 1565 3147 1652 Consequens
3175 1597 3304 1659 ergo
3333 1583 3461 1661 erit,
3484 1583 3686 1667 aliquid
3716 1584 3862 1651 illum

2268 1668 2479 1737 fecisse,
2512 1672 2657 1746 quod
2677 1687 2785 1727 non
2813 1672 3079 1733 debuerit.
3700 1704 3707 1709 ο

2339 1762 2403 1817 ll.
2446 1762 2551 1819 Sed
2589 1765 2733 1823 dices
2761 1765 2929 1820 mihi:
2962 1766 3019 1821 Si
3049 1766 3253 1843 aliquid
3280 1767 3662 1845 incorporeum
3710 1785 3861 1833 crea—

581 1870 773 1935 potens
801 1866 1049 1922 universa
1078 1881 1198 1949 qua:
1219 1867 1365 1934 velit,
1396 1867 1529 1929 nihil
1554 1867 1811 1931 bonitatis
1840 1862 2171 1923 exercuisset
2200 1855 2244 1914 Β
2273 1863 2388 1911 tum
2436 1864 2537 1922 est,
2579 1857 2877 1939 :equiparat
2920 1873 3049 1929 ergo
3098 1868 3420 1915 creatorem.
3467 1856 3549 1929 De
3578 1878 3709 1918 vero
3764 1864 3862 1919 bo-

576 1956 619 2011 si
664 1958 803 2021 nihil
846 1968 1128 2014 creasset:
1173 1958 1248 2013 ita
1311 1958 1607 2039 semiplena
1663 1957 1993 2037 benignitate
2038 1970 2165 2010 usus

579 2057 758 2116 esset,
816 2050 865 2125 si
909 2051 1265 2129 semiplenum
1319 2050 1519 2125 aliquid
1564 2049 1907 2105 condidisset.
1973 2046 2163 2102 Mirum

576 2146 763 2208 autem
778 2141 991 2207 videtur
1023 2141 1401 2213 supplemento
1429 2157 1613 2203 rerum
1641 2139 1828 2211 defore
1856 2137 2054 2211 aliquid
2072 2179 2086 2205 ,
2119 2137 2163 2192 si

576 2244 710 2288 rosio
730 2232 980 2300 ﬂosculus
1008 2216 1117 2299 non
1138 2216 1434 2299 (existeret,
1479 2240 1535 2288 et
1562 2248 1671 2289 non
1699 2229 1885 2287 defore
1912 2229 1961 2287 si
1986 2230 2165 2287 incor-

576 2338 743 2395 porea
767 2326 1067 2391 substantia
1109 2343 1216 2383 non
1246 2334 1395 2387 esset
1417 2334 1620 2397 creata.
1664 2324 1741 2391 Ne
1769 2338 1899 2403 ergo
1927 2338 2034 2389 non
2065 2322 2166 2376 mi-

576 2417 778 2475 nimum
804 2417 1029 2493 aliquid,
1058 2418 1152 2474 sed
1168 2419 1253 2474 vel
1282 2417 1620 2492 potissimum
1640 2433 1752 2481 non
1779 2414 1988 2472 deforet
2014 2428 2165 2479 crea-

577 2514 709 2561 tunc
755 2507 1109 2581 plenitudini,
1159 2509 1347 2567 debuit
1394 2509 1719 2584 incorporea
1764 2522 1982 2581 quoque
2030 2505 2163 2560 sub-

577 2600 775 2655 stantia
801 2600 992 2660 creari.
1036 2599 1143 2665 Sed
1171 2601 1237 2656 ad
1266 2601 1528 2669 creatoris
1556 2599 1695 2669 forte
1724 2586 1990 2668 referatur
2019 2598 2164 2671 inju-

579 2684 737 2765 riam,
763 2692 809 2747 si
835 2692 1211 2773 incorporeum
1238 2693 1439 2769 aliquid
1466 2709 1530 2761 ac
1550 2691 1657 2762 sibi
1671 2693 1844 2755 simile
1864 2691 2173 2759 condidisse

579 2783 814 2851 dicatur;
858 2784 982 2854 quia
1022 2784 1195 2856 sintne
1235 2785 1355 2851 Deo.
1376 2784 1509 2857 nihil
1536 2784 1806 2851 uramur
1834 2784 1887 2849 in
1916 2799 2161 2854 corpore.

578 2871 685 2929 Sed
729 2875 797 2930 ab
842 2874 960 2951 ipso
1007 2874 1119 2944 Deo
1159 2874 1453 2950 similitudo
1495 2872 1599 2943 Dei
1634 2873 1810 2943 anima
1839 2872 2034 2942 dicitur
2061 2874 2164 2941 bn-

580 2956 741 3022 mana
771 2984 784 3021 τ
816 2954 1128 3040 incorpore
1156 2976 1336 3041 autem
1362 2967 1507 3039 nulla
1529 2982 1650 3039 esse
1669 2974 1850 3043 potest
1874 2964 2166 3037 similitudo

584 3047 784 3111 divina.
824 3055 1206 3131 Incorporeum
1234 3074 1363 3133 ergo
1392 3060 1514 3131 crit,
1543 3060 1689 3139 quod
1716 3057 1831 3127 Deo
1859 3057 1937 3127 sit,
1958 3054 2165 3129 simile;

583 3144 848 3202 humanus
890 3163 1021 3204 vero
1068 3150 1277 3205 animus
1321 3149 1393 3215 ad
1434 3148 1839 3219 similitudinem
1865 3146 1967 3219 [lci
1990 3147 2166 3219 [actus

583 3238 699 3306 est;
730 3239 1083 3313 incorporeus
1111 3242 1273 3317 igitur
1299 3252 1384 3311 est
1410 3242 1620 3313 animus
1646 3244 1927 3314 humanus.

1206 3377 1438 3436 CAEU‘I‘
1474 3380 1540 3435 ν.

463 3509 478 3523 ·
581 3484 730 3551 Ωιιοά
754 3490 1088 3573 incorporeas
1111 3508 1377 3573 corporeo,
1402 3501 1454 3547 et
1477 3492 1702 3573 iftocalis
1726 3491 1887 3548 locati
1910 3493 2166 3573 dignitate

674 3561 1009 3632 prapoaitur,
1040 3561 1578 3637 dequo'boaomaguo
1604 3573 1659 3619 et
1685 3565 1818 3620 bono
1844 3561 2065 3620 sumito.

652 3672 694 3728 Ι.
729 3672 899 3729 Omne
926 3683 1106 3730 autem
1134 3677 1509 3748 incorporeum
1539 3693 1803 3749 corporeo
1827 3718 1841 3742 ,
1875 3687 1930 3735 et
1955 3679 2165 3735 illocale

576 3759 737 3820 locali
760 3803 775 3830 ,
824 3773 879 3821 et
922 3766 1207 3823 insecabile
1254 3769 1503 3835 secabiii,
1536 3777 1591 3824 et
1619 3770 1803 3825 vivens
1832 3786 1938 3824 non
1966 3771 2164 3826 viventi

576 3852 868 3911 in'nattlrcc
918 3856 1176 3926 dignitate
1224 3838 1571 3929 fmuponitur.
1634 3859 1922 3917 Enimvero
1950 3869 2165 3917 creator

578 3946 1134 4019 omnipotentissimus
1179 3949 1427 4020 idemque
1485 3950 1900 4021 benignissimus
1947 3952 1991 4007 si
2037 3953 2165 4007 sub-

577 4038 831 4097 stantiam
879 4043 1026 4098 omni
1073 4058 1301 4115 corpore
1346 4045 1643 4115 potiorem,
1675 4034 2163 4123 sibique'simiiem,‘

578 4144 689 4189 non
714 4133 915 4189 creavit
942 4150 1102 4205 quam
1131 4138 1303 4203 creari
1342 4136 1591 4194 debuisse
1613 4139 1725 4210 iam
1756 4140 2030 4208 constitit;
2071 4147 2166 4195 aut

582 4223 777 4289 noluit,
803 4230 896 4278 aut
923 4233 1069 4281 certe
1098 4242 1202 4282 non
1229 4229 1422 4297 potuit.
1463 4229 1519 4284 Si
1546 4230 1717 4285 voluit
1746 4239 1802 4286 et
1829 4247 1936 4286 non
1964 4231 2159 4302 potuit,

579 4315 972 4391 omnipotentia
1000 4319 1189 4373 caruit.
1242 4320 1298 4374 Si
1322 4322 1497 4391 potuit
1524 4329 1578 4377 et
1605 4324 1778 4378 noluit
1808 4324 1973 4397 (quod
2000 4326 2162 4385 etiam

578 4405 818 4475 cogitatu
866 4414 951 4462 est
996 4407 1189 4480 nefas),
1222 4410 1427 4467 invidit.
1488 4411 1604 4469 Non
1655 4421 1835 4470 autem
1873 4422 2053 4493 potest
2081 4416 2165 4472 vel

476 4547 483 4553 .
581 4497 968 4568 omnipotentia
988 4514 1098 4554 non
1120 4516 1299 4570 posse,
1326 4502 1413 4556 vel
1440 4504 1651 4567 bonitas
1678 4504 1935 4569 invidere.
1967 4505 2165 4563 Creare

585 4600 715 4658 ergo
768 4589 1145 4661 incorporeum
1214 4601 1269 4653 et
1316 4596 1493 4665 potuit
1539 4604 1594 4657 et
1637 4597 1844 4665 voluit;
1894 4598 2057 4668 igitur
2110 4608 2166 4655 et
2190 4608 2245 4687 υ

580 4681 803 4737 creavit.
845 4682 957 4737 Nisi
1002 4683 1141 4739 iorte
1188 4685 1353 4763 dicas,
1396 4685 1511 4743 ﬁeri
1549 4704 1658 4744 non
1686 4689 1974 4759 debuisse,
2016 4690 2163 4769 quod

583 4770 675 4827 ilie
700 4774 877 4843 potuit
903 4775 1041 4831 velle
1059 4810 1074 4841 ,
1104 4777 1195 4846 qui
1225 4794 1332 4841 non
1362 4780 1538 4854 potuit
1564 4780 1740 4855 velle,
1769 4780 1873 4838 nisi
1902 4781 2047 4851 quod
2075 4780 2170 4838 de-

503 4884 523 4901 ο
582 4863 700 4921 buit
728 4863 922 4922 facere.
974 4867 1274 4933 Quid'mihi
1314 4886 1459 4927 nunc
1488 4880 1863 4939 creatum-non
1889 4888 2011 4929 esse
2037 4889 2168 4929 con-

581 4953 772 5011 tendas
819 4957 962 5025 quod
1008 4961 1180 5015 creari
1229 4961 1479 5039 debuisse
1526 4980 1637 5019 non
1681 4963 1931 5023 dubitas?
1983 4962 2169 5021 Creari

580 5054 732 5102 certe
776 5056 989 5103 constat
1033 5051 1279 5108 debuisse
1301 5094 1315 5120 ,
1364 5057 1488 5130 quia
1517 5071 1640 5117 cum
1666 5064 1884 5119 creator
1910 5057 2165 5129 incorpo-

579 5151 707 5194 reus
748 5139 1042 5195 maximum
1087 5144 1287 5200 bonum
1314 5147 1409 5213 sit,
1440 5155 1495 5202 et
1522 5157 1761 5204 creatum
1788 5150 2164 5221 incorporeum

578 5243 830 5300 magnum
875 5232 1076 5288 bonum
1122 5234 1223 5301 sit,
1262 5244 1318 5292 et
1343 5247 1585 5297 creamm
1608 5254 1805 5311 corpus
1835 5250 1860 5278 ι
1891 5239 2035 5310 quod
2059 5240 2162 5295 nisi
2201 5246 2205 5251 '

579 5330 819 5376 creatum
845 5338 955 5379 non
1002 5318 1085 5407 esi
1107 5353 1126 5392 ὸ
1174 5325 1393 5403 aliquod
1425 5327 1629 5392 bonum
1656 5331 1784 5389 sita
1815 5346 2026 5386 summo
2049 5328 2161 5385 Deo
2202 5314 2211 5397 ί,

577 5412 669 5481 Qui
696 5420 778 5469 est
805 5415 1096 5471 maximum
1132 5416 1333 5473 bonum
1363 5437 1375 5471 :
1417 5420 1553 5479 sicut
1580 5430 1824 5477 creatum
1853 5430 1937 5477 est
1964 5437 2162 5501 corpus

580 5501 795 5573 aliquod
839 5505 1073 5575 bonum,
1120 5508 1191 5563 ita
1232 5510 1403 5566 creari
1432 5510 1615 5569 debuit
1656 5513 2036 5584 incorporeum
2063 5513 2161 5566 ali-

580 5592 723 5661 quod
766 5610 1019 5666 magnum
1056 5597 1256 5657 bonum
1274 5614 1295 5655 ':
1328 5601 1462 5670 Quia
1502 5619 1608 5659 non
1637 5604 1954 5660 conveniret
1982 5602 2157 5659 omni-

655 5790 681 5832 ι
720 5786 803 5849 ΔΙ.
835 5790 1040 5856 bonum.

2213 1968 2219 1973 ·
2269 1948 2417 2004 mine
2441 1989 2459 2019 ι
2488 1950 2591 2005 hoc
2612 1958 2731 2016 est,
2780 1950 2849 2005 de
2888 1950 3124 2006 hominis
3163 1950 3344 2009 anima
3389 1953 3704 2029 quaerimus.
3746 1955 3861 2011 Non

2268 2049 2351 2117 est
2396 2044 2510 2100 haec
2554 2043 2776 2119 aequalis
2811 2044 2923 2100 Deo
2946 2086 2960 2111 ,
3015 2044 3110 2109 sed
3158 2044 3383 2100 similis:
3428 2045 3611 2117 itaque
3650 2046 3857 2114 similis,

2272 2143 2532 2205 quantum
2578 2136 2897 2212 incorporea
2943 2136 3267 2207 incorporeo
3314 2135 3560 2205 inferior,
3600 2148 3862 2209 quantum

2266 2236 2449 2284 creata
2498 2229 2761 2299 creatori;
2804 2228 2994 2284 similis
3038 2214 3297 2301 quantum
3344 2226 3722 2287 intellectualis
3765 2230 3859 2297 in;

2266 2321 2374 2376 luci
2402 2321 2751 2391 intelligibili;
2802 2321 3074 2377 dissimilis
3113 2329 3375 2395 quantum
3412 2321 3674 2387 mutabilis
3696 2336 3854 2389 area-

2266 2423 2387 2470 tura
2430 2414 2750 2469 immutabili
2803 2415 3035 2470 creatori
3082 2413 3373 2481 dissimilis.
3430 2411 3578 2483 Aliud
3613 2428 3850 2483 namque

2266 2514 2349 2562 est
2371 2508 2584 2572 veritas,
2617 2504 2761 2560 aliud
2791 2504 2966 2577 imago
2992 2503 3251 2560 veritatis.
3308 2503 3413 2573 Sed
3454 2504 3586 2569 sicut
3609 2503 3689 2559 rei
3706 2519 3846 2569 cur,

2266 2613 2446 2670 porcae
2474 2597 2623 2663 nulla,
2647 2597 2823 2666 imago
2873 2611 2993 2665 esse
3038 2603 3235 2673 potest,
3266 2596 3371 2663 nisi
3397 2610 3623 2673 corpus;
3650 2592 3733 2664 ita
3759 2610 3857 2663 ne-

2266 2702 2534 2765 quaquam
2602 2687 2780 2767 imago
2835 2687 3141 2759 incorporei
3187 2687 3459 2759 invenitur
3503 2685 3560 2751 in
3604 2701 3853 2763 corpore.

2268 2775 2407 2841 Nam
2431 2777 2541 2837 illic
2569 2775 2658 2837 ubi
2698 2776 2765 2832 de
2813 2776 3088 2835 creatione
3135 2776 3367 2832 hominis
3396 2776 3568 2849 Moysi
3597 2776 3857 2851 loquitur,

2267 2870 2345 2925 sic
2372 2870 2484 2923 ait:
2518 2867 2587 2933 Et
2625 2869 2761 2923 dixit
2796 2868 2976 2926 Deus:
3006 2866 3286 2925 Faciamus
3331 2869 3593 2939 hominem
3634 2869 3709 2922 ad
3734 2871 3859 2924 ima-

2268 2963 2439 3034 ginem
2467 2969 2517 3016 et
2545 2960 2933 3017 similitudinem
2959 2968 3209 3027 nostram.
3256 2959 3323 3013 Et
3352 2962 3475 3035 fecit
3503 2961 3767 3017 hominm
3793 2962 3858 3015 ad

2245 3047 2547 3129 'imaginem
2589 3062 2640 3108 et
2675 3053 3063 3111 similitudine»:
3109 3069 3277 3108 suam.
3343 3051 3427 3105 Ad
3451 3053 3737 3126 imaginem
3765 3053 3856 3108 Dei

2270 3149 2462 3209 creavit
2489 3164 2603 3203 eum
2624 3187 2640 3213 ,
2691 3146 2974 3203 masculum
3021 3154 3070 3199 et
3098 3145 3344 3218 feminam
3373 3141 3529 3219 (Gen.
3630 3143 3721 3211 26,
3746 3144 3855 3217 27).

2148 3206 2173 3219 θ
2193 3231 2240 3313 C
2271 3239 2474 3295 Divina:
2493 3239 2636 3295 istud
2664 3237 3002 3295 auctoritatis
3027 3206 3324 3302 oraculum,
3358 3206 3459 3291 nec
3486 3235 3706 3307 eloquio
3723 3206 3861 3293 eludi

2266 3338 2483 3402 potest,
2522 3346 2621 3386 nec
2669 3336 3013 3407 argumento’
3036 3325 3177 3395 falli,
3212 3343 3313 3382 nec
3339 3326 3540 3382 virtute
3567 3326 3734 3393 vinci,
3766 3341 3862 3384 nec

2266 3433 2383 3481 arte
2426 3424 2625 3481 vitiari.
2680 3422 2736 3479 Si
2783 3423 2960 3505 imago
3001 3420 3099 3477 Dei
3140 3427 3223 3479 est
3269 3421 3505 3477 humana
3533 3419 3747 3497 anima,
3778 3421 3861 3477 in-

2265 3516 2518 3599 corporei
2564 3514 2815 3585 videlicet
2864 3515 3041 3595 imago
3070 3522 3171 3569 est.
3225 3511 3289 3569 Si
3325 3513 3629 3585 incorporei
3674 3513 3856 3586 imago
3910 3568 3919 3575 ,

2266 3617 2388 3683 est,
2422 3608 2739 3679 incorporea
2793 3607 2977 3679 utique
3024 3606 3141 3689 ipsa
3187 3612 3287 3662 est.
3345 3604 3413 3657 At
3458 3604 3504 3658 si
3534 3604 3858 3677 incorporea

2268 3715 2377 3755 non
2407 3708 2529 3771 est,
2582 3698 2887 3771 incorporei
2910 3714 3132 3773 prorsus
3158 3698 3460 3769 imagonon
3485 3704 3581 3749 est.
3635 3695 3744 3759 Sed
3765 3698 3855 3751 in-

2265 3790 2515 3867 corporci
2544 3790 2721 3863 imago
2750 3799 2851 3854 est,
2886 3791 3205 3865 incorporea
3225 3788 3380 3859 igitur
3406 3794 3506 3845 est.
3548 3784 3679 3843 Nam
3709 3786 3844 3863 quia

2264 3892 2445 3953 creata
2475 3891 2586 3951 est,
2621 3899 2728 3951 non
2759 3890 2844 3948 est
2866 3880 3031 3947 Deus.
3082 3881 3217 3948 Quia
3244 3880 3417 3959 imago
3438 3878 3536 3947 Dei
3562 3886 3645 3934 est
3667 3917 3689 3947 ι
3732 3892 3857 3943 non

2267 3984 2349 4032 est
2379 3992 2590 4046 corpus.

2873 4089 3105 4153 CAPUT
3159 4088 3249 4149 Y1.

2269 4204 2422 4271 Quod
2449 4221 2563 4260 cum
2591 4221 2740 4260 om
2765 4206 3127 4275 incorporeum
3152 4203 3413 4275 invisibile
3434 4204 3519 4269 ait,
3552 4219 3657 4257 nm
3689 4212 3865 4258 tamen

2649 4293 2799 4333 omne
2823 4272 3344 4347 corporme
3370 4276 3454 4333 sit.

2249 4414 2257 4418 ”
2338 4407 2380 4462 l.
2422 4406 2529 4464 Sed
2556 4407 2777 4477 subjicis
2807 4423 2836 4462 a
2867 4408 3051 4463 nescio
3079 4407 3273 4479 quibus
3301 4423 3532 4477 quorum
3563 4416 3747 4462 tamen
3776 4423 3868 4463 no-

2268 4501 2472 4573 minum
2505 4500 2659 4555 nobis
2687 4501 2934 4555 notitiam
2985 4501 3218 4572 subripis
3239 4500 3265 4567 ,’
3310 4502 3391 4556 sic
3418 4500 3635 4567 doceri,
3668 4509 3737 4556 ut
3763 4502 3866 4555 alia

2269 4592 2450 4648 dicant
2494 4610 2614 4650 esse
2650 4594 2966 4667 incorporea
2988 4634 3003 4659 ,
3055 4593 3157 4649 alia
3198 4594 3505 4649 invisibilia.
3550 4592 3873 4663 Tremendze

2269 4684 2481 4761 scilicet
2504 4684 2709 4754 peritia:
2749 4692 3072 4755 tractatores
3089 4726 3103 4751 ,
3150 4685 3241 4756 qui
3272 4699 3441 4755 usque
3469 4685 3537 4740 ad
3565 4685 3678 4740 hoc
3698 4700 3869 4756 pcne«

2270 4785 2481 4832 travere
2508 4780 2793 4833 sedretum'.
2836 4775 2893 4832 Si
2921 4777 3023 4832 alia
3055 4778 3371 4849 incorporea
3398 4784 3545 4842 sunt,
3588 4777 3705 4832 alia
3735 4776 3843 4831 invi

2270 4868 2465 4933 sibilia,
2490 4881 2621 4937 ergo
2650 4868 2969 4939 incorporea
3001 4884 3107 4924 non
3136 4877 3261 4924 sunt
3287 4866 3597 4924 invisibilia.
3627 4866 3873 4938 Postpo-

2275 4961 2515 5029 nendum
2536 4967 2622 5016 est
2645 4961 2806 5030 igitur
2835 4962 3213 5033 incorporeum
3242 4960 3391 5027 omni
3418 4975 3729 5032 corporeo,
3753 4962 3879 5031 quia

2270 5052 2399 5107 dicit
2444 5068 2542 5124 per
2582 5051 2899 5123 Apostolum
2935 5051 3146 5121 Veritas
3176 5070 3189 5105 :
3222 5048 3352 5116 Qua
3377 5051 3644 5119 uidentur,
3681 5062 3879 5121 tenipo—

2271 5144 2407 5199 ratia
2435 5152 2592 5215 sunt;
2636 5134 2749 5217 qum
2786 5151 2955 5215 autem
2993 5161 3099 5213 non
3126 5145 3381 5210 videnlur,
3412 5152 3615 5198 wterna
3645 5154 3778 5198 sunt
3809 5139 3877 5212 (il

2266 5234 2385 5291 Cor.
2419 5252 2490 5303 ιν,
2524 5234 2635 5308 18).
2678 5235 2877 5291 Verum
2924 5245 2980 5290 tu
3022 5236 3337 5292 creatricem
3368 5242 3735 5305 creatamque
3765 5234 3895 5310 sub

2264 5328 2517 5400 stantiam
2556 5327 2631 5381 ita
2680 5326 2943 5393 discernis
2968 5367 2984 5393 ,
3034 5334 3091 5381 ut
3118 5327 3221 5381 alia
3252 5326 3357 5380 sint
3385 5326 3746 5396 incorporea,
3781 5324 3882 5377 alia

2263 5419 2570 5474 invisibilia.
2620 5418 2889 5475 lnvisibiie
2918 5420 3080 5489 igitur
3108 5434 3269 5475 omne
3297 5434 3628 5489 corporeum
3657 5458 3675 5485 ,
3713 5426 3775 5473 et
3804 5418 3885 5471 in‘

2264 5526 2584 5583 corporeum
2614 5527 2775 5566 omne
2805 5511 3031 5566 visibile.
3072 5510 3199 5566 istic
3225 5518 3440 5579 egomet
3466 5510 3659 5566 nucleo
3693 5508 3885 5565 scisci-

2264 5603 2404 5657 tari:
2437 5602 2790 5659 lnvisibilisne
2838 5604 2907 5659 sit
2956 5603 3126 5670 Deus,
3189 5616 3330 5658 anne
3359 5601 3633 5657 visibilis?
3666 5601 3730 5656 Si
3765 5614 3877 5654 cor.
3966 5598 3979 5609 ’

2344 5790 2371 5841 ι)
2408 5792 2490 5856 Al.
2521 5798 2767 5856 decuisse.
