4140 6346
248 375 350 431 71⁸5

1454 371 1541 426 DE
1580 371 1803 427 STATU
1843 371 2080 428 ΑΝΙΜίΕ
2124 371 2248 428 LIB.
2287 371 2326 426 1.

3417 378 3526 435 7η

251 501 494 548 nostrum
541 493 754 548 conaris
785 491 1084 547 abducere?
1124 489 1192 544 Et
1217 488 1370 558 quasi
1400 488 1602 544 docens
1638 505 1738 544 nos
1766 488 1834 545 ad
1859 493 1914 554 Α
1939 489 2214 547 nonnullis
2241 488 2691 558 disputationibus
2719 500 2985 557 astruunt,
3015 501 3071 549 et
3110 494 3256 564 ipsos
3278 494 3415 549 lunte
3439 497 3523 551 vel

250 583 464 642 subtilia
492 585 691 640 mentis
711 585 926 640 oculum
950 598 1276 654 praeparare,
1298 582 1461 653 paulo
1482 590 1605 653 post
1632 581 1837 651 adjicis,

250 683 307 732 et
333 675 500 731 dicis:
529 673 796 746 Quidquid
816 683 1056 731 creatum
1084 682 1187 742 est,
1214 672 1494 729 materiam
1522 672 1712 740 videri,
1734 688 1841 743 qua
1899 733 1922 757 .

251 781 574 838 corpoream
601 781 721 822 esse
749 765 1016 822 decernis.
1049 764 1106 822 Si
1136 766 1311 821 adhuc
1339 773 1586 833 creatura
1613 757 1842 820 materia

251 867 353 924 est,
386 857 626 913 nondum
673 871 804 927 ergo
850 857 1116 914 formatus
1144 875 1222 914 es.
1275 857 1412 925 Quia
1460 857 1654 912 dicitur
1681 855 1793 912 Deo
1824 872 1840 909 :

251 959 278 987 ι
312 946 417 1014 Qui
437 949 625 1003 creasti
651 947 913 1003 hominem
933 965 1000 1004 ea:
1023 949 1243 1004 materia
1267 948 1500 1018 informi.
1526 946 1842 1003 Formarum

252 1052 438 1098 autem
467 1042 582 1097 sive
614 1041 792 1097 minus
811 1042 925 1097 sive
953 1043 1186 1114 amplius
1223 1057 1321 1112 pro
1348 1040 1605 1111 qualitate
1637 1041 1724 1095 vel
1751 1055 1846 1109 ge-

253 1152 385 1192 nere
411 1135 778 1206 speciosarum
829 1135 1019 1206 plenus
1047 1143 1130 1191 est
1175 1133 1424 1191 mundus.
1467 1132 1686 1187 Materia
1713 1149 1844 1188 vero

253 1229 498 1286 informis
549 1237 661 1293 est,
719 1228 1058 1300 mundusquc
1098 1227 1379 1285 formatus.
1424 1225 1539 1282 Non
1588 1233 1670 1282 est
1714 1239 1846 1294 ergo

253 1328 502 1377 creatura
531 1321 779 1378 materia.

866 1410 1094 1468 CAPUT
1131 1411 1220 1467 XI.

256 1503 410 1570 Quod
438 1520 587 1559 omne
608 1503 852 1575 quidquid
880 1504 1240 1574 incorporeum
1283 1505 1387 1558 sive
1424 1509 1845 1574 corporeumest,

670 1575 962 1637 increatum
987 1575 1091 1628 dici
1121 1589 1224 1628 non
1249 1582 1431 1644 potest.

329 1687 459 1746 Post
484 1689 598 1743 hinc
637 1689 1034 1759 argumentaris
1053 1705 1118 1745 ac
1144 1689 1278 1745 dicis
1313 1707 1324 1742 :
1357 1688 1563 1744 Idcirco
1596 1688 1849 1758 incorpo-

1944 583 2075 639 solis
2099 583 2288 652 globos
2307 583 2639 653 incorporeis
2664 583 2912 640 videlicet
2930 586 3205 656 spiritibus
3231 587 3329 642 sub
3348 587 3526 644 divina

1945 673 2177 744 quadam
2214 681 2395 730 mente
2443 675 2700 743 vegetari.
2733 675 2840 732 Sed
2879 689 3094 748 oportet
3119 693 3378 749 agnoscas
3424 681 3529 736 hoc

1948 765 2090 822 idem
2111 766 2499 834 testimonium,
2533 784 2641 823 non
2658 769 2832 824 solum
2855 787 2954 840 pro
2977 774 3242 829 sententia
3277 783 3367 830 tua
3391 789 3524 831 eon~

1949 868 2032 914 tra
2064 874 2164 914 nos
2192 858 2348 924 nihil,
2377 859 2471 915 sed
2501 859 2759 916 adversus
2785 862 3028 918 eamdem
3056 880 3156 935 pro
3173 865 3328 920 nobis
3347 866 3528 922 valere

1949 951 2260 1021 plurimum.
2299 951 2454 1018 Quod
2483 966 2550 1007 eo
2579 952 2676 1008 tibi
2704 953 2918 1017 accidit,
2949 956 3074 1025 quia
3098 958 3528 1029 philosophicam

1948 1058 2058 1098 non
2105 1042 2452 1111 intelligendo
2495 1045 2840 1112 sententiam,
2877 1045 3006 1102 illud
3031 1065 3130 1119 pro
3153 1059 3245 1106 tua
3281 1050 3533 1108 videlicet

1947 1142 2104 1206 parte
2131 1135 2378 1206 posuisti,
2407 1135 2552 1207 quod
2592 1126 2762 1208 probe
2785 1137 3119 1196 intellectum
3147 1158 3256 1199 non
3283 1144 3387 1201 nisi
3434 1161 3533 1203 no-

1949 1230 2077 1286 stris
2106 1237 2312 1285 tantum
2335 1229 2510 1300 possit
2551 1230 2794 1300 partibus
2829 1229 3128 1302 sullragari.
3159 1233 3218 1291 Si
3239 1236 3384 1292 enim
3411 1252 3533 1296 cor-

1951 1335 2151 1391 poreos
2177 1321 2397 1391 spiritus
2423 1336 2547 1378 esse
2574 1321 2881 1394 philosophi
2910 1323 3208 1389 dixissent,’
3229 1327 3282 1383 in
3311 1342 3532 1386 eorum-

1953 1412 2078 1468 dem
2107 1428 2215 1469 non
2262 1411 2652 1480 definientium,
2683 1415 2782 1471 sed
2825 1417 3203 1475 arbitrantium
3229 1420 3411 1491 potius
3437 1437 3534 1477 au-

1952 1503 2206 1558 ctoritate
2223 1511 2368 1558 totus
2383 1504 2733 1562 nihilominus
2752 1509 3232 1575 argumentationis
3245 1519 3350 1568 tuae
3369 1513 3535 1569 cardo

1953 1594 2398 1657 titubaret..Cum
2425 1611 2556 1652 vero
2577 1597 2652 1654 illi
2674 1614 2783 1653 non
2811 1597 3137 1668 dubitanter,
3168 1603 3262 1658 sed
3281 1605 3535 1671 scienter,

1955 1703 2066 1744 non
2104 1703 2420 1758 corporeos,
2481 1689 2577 1746 sed
2623 1700 2942 1761 corporatos
3006 1693 3227 1763 spiritus
3274 1695 3537 1766 dixerint,

257 1794 412 1836 reum
461 1788 704 1836 creatum
746 1781 820 1836 nil
850 1797 986 1838 esse.
1018 1781 1156 1850 Quia
1207 1780 1468 1851 quidquid
1523 1779 1714 1836 factori
1753 1793 1851 1835 suo
1957 1795 2140 1836 nonne
2184 1780 2481 1837 dinoscitur
2525 1781 2887 1853 quodcunque
2912 1790 2998 1840 est
3039 1794 3382 1855 corporatum
3433 1805 3539 1845 non

258 1873 742 1944 comprehensibile
779 1876 867 1942 sit,
900 1875 1279 1946 incorporeum
1333 1889 1478 1941 esse.
1499 1889 1606 1929 non
1657 1870 1845 1942 possit.
1879 1873 1932 1938 Β
1956 1886 2077 1928 esse
2096 1874 2454 1943 corporeum?
2482 1871 2734 1944 Alioquin
2762 1889 3074 1946 corporeus,
3096 1891 3203 1931 non
3227 1887 3544 1946 corporatos

257 1965 372 2021 Sub
401 1966 502 2022 hac
522 1980 651 2036 ergo
683 1967 894 2023 ratione
925 1967 1040 2036 ipse
1065 1966 1168 2022 sibi
1198 1966 1338 2022 Deus
1363 1967 1578 2036 ignotus
1602 1972 1687 2021 est
1720 1983 1732 2018 :
1765 1965 1856 2034 qui
1961 1962 2185 2032 spiritus
2224 1977 2344 2018 esse
2385 1963 2685 2019 dixissent:
2716 1965 2842 2036 quia
2886 1964 3016 2022 illud
3069 1975 3152 2022 est
3198 1977 3543 2037 corporeum,

259 2059 304 2114 si
333 2057 530 2114 idcirco
560 2059 939 2130 incorporeum
959 2059 1091 2128 nihil
1107 2058 1331 2122 creavit,
1355 2073 1455 2113 nec
1475 2057 1679 2126 aliquid
1706 2071 1859 2111 crea-
1962 2053 2110 2124 quod
2129 2040 2482 2126 incorporeus
2506 2057 2727 2126 spiritus
2752 2058 2988 2125 animat;
3011 2059 3141 2115 illud
3169 2069 3350 2117 autem
3371 2062 3548 2118 incor-

261 2161 380 2206 tum
403 2151 649 2206 notitiam
679 2150 939 2206 creatoris
969 2149 1272 2216 excederet,
1289 2164 1408 2204 cum
1427 2149 1517 2203 vel
1539 2163 1860 2219 corporeum
1963 2161 2211 2218 porcum,
2234 2161 2342 2216 quo
2365 2163 2564 2220 corpus
2590 2150 2877 2204 animatur.
2899 2150 3237 2222 Quapropter
3263 2169 3384 2209 cum
3411 2153 3549 2209 dilu-

263 2244 352 2298 vcl
381 2243 761 2312 incorporeum
777 2241 908 2296 nihil
939 2242 1042 2296 nisi
1064 2241 1402 2312 prmcedentc
1421 2240 1645 2295 scientia
1674 2256 1864 2295 crean-
1965 2238 2089 2293 cide
2109 2238 2434 2313 vivificatum
2454 2256 2652 2312 corpus
2680 2241 2748 2296 ab
2769 2243 3088 2313 incorporeo
3116 2243 3416 2301 vivificante
3441 2245 3550 2302 dis-

265 2337 335 2392 tis
380 2335 665 2400 exstiterit,
696 2334 946 2390 videlicet
999 2333 1128 2403 quia
1162 2332 1294 2387 nihil
1333 2332 1582 2388 nesciens
1614 2331 1761 2386 fecit.
1791 2331 1866 2388 Se
1966 2312 2258 2395 orevErint,
2286 2330 2497 2386 videtur
2517 2332 2645 2387 mihi
2673 2332 2817 2403 quod
2838 2312 2939 2390 iste
2967 2336 3212 2406 corporis
3238 2337 3550 2403 advocatus,

267 2425 443 2499 ipsum
473 2442 603 2498 ergo
626 2441 735 2498 prae
763 2425 1014 2480 omnibus
1070 2425 1274 2492 nescit,
1315 2425 1409 2494 qui
1457 2424 1869 2495 incorporaliter

267 2521 543 2577 antecellit
589 2533 803 2575 omnem
833 2518 1185 2574 substantiam
1231 2534 1390 2605 quani
1421 2517 1644 2573 creavit.
1673 2516 1750 2572 Ac
1769 2533 1868 2587 per

270 2612 378 2667 hoc
405 2610 579 2680 major
600 2625 660 2665 se
707 2610 822 2680 ipso
849 2617 952 2676 est,
993 2609 1084 2679 qui
1109 2609 1189 2664 sui
1231 2625 1400 2680 capax
1426 2624 1536 2663 non
1579 2616 1682 2663 est.
1711 2607 1866 2675 Quod

274 2703 403 2771 quia
424 2699 528 2756 dici
555 2701 764 2756 ratione
795 2717 902 2756 non
931 2699 1140 2764 sinitur,
1171 2713 1510 2768 consequens
1531 2707 1632 2764 est,
1658 2706 1715 2753 ut
1743 2698 1867 2754 ideo
1900 2688 1906 2695 ’

274 2791 649 2864 incorporeum
677 2791 952 2862 quippiam
983 2789 1008 2828 δ
1053 2790 1334 2854 creaverit,
1386 2805 1454 2845 ne
1484 2789 1584 2844 sibi
1622 2796 1867 2846 creatum

273 2883 477 2954 aliquid
507 2882 1046 2953 incomprehensibile
1074 2896 1193 2938 esse
1222 2883 1418 2952 possit;
1444 2898 1565 2938 cum
1588 2882 1702 2952 ipse
1729 2898 1871 2936 sum-

272 2990 397 3030 mus
445 2973 796 3044 incorporeus
827 2971 929 3028 sibi
958 2973 1173 3042 ignotus
1207 2988 1330 3028 esse
1375 2989 1482 3027 non
1514 2973 1704 3044 possit.
1735 2971 1870 3027 Vide

271 3079 434 3138 quam
463 3080 630 3135 parvo
659 3064 876 3134 negotio
906 3062 1152 3119 veritatis
1179 3065 1330 3121 calor
1353 3063 1659 3134 frigentium
1679 3063 1872 3119 verbo-

271 3174 394 3215 rum
425 3157 646 3229 pruinas
676 3154 1002 3227 liquefaciat.
1036 3154 1105 3209 Et
1131 3153 1251 3210 c'um
1289 3155 1595 3210 discernere
1624 3169 1866 3224 nequeas

1968 2429 2064 2475 aut
2093 2421 2517 2492 philosophicam
2547 2422 2614 2479 de
2644 2423 2946 2482 substantia
2980 2427 3304 2499 incorporali
3331 2425 3552 2486 senten-

1969 2514 2099 2568 tiam
2115 2530 2223 2569 non
2237 2515 2579 2582 intellexerit,
2597 2524 2690 2572 aut
2719 2533 3055 2589 nequaquam
3078 2537 3176 2591 pro
3195 2537 3255 2578 se
3283 2523 3555 2593 objectare

1965 2602 2217 2659 debuerit
2236 2605 2335 2660 sub
2364 2605 2482 2676 ipso
2511 2606 2681 2664 sancti
2713 2607 3022 2681 Hieronymi
3049 2613 3287 2669 nomine.

2039 2693 2103 2749 ll.
2135 2694 2408 2766 Sequitur,
2439 2701 2497 2752 et
2533 2697 2778 2767 adiungit
2807 2717 2822 2753 :
2850 2698 2912 2754 Si
2939 2701 3141 2772 angeli,
3173 2702 3363 2772 inquit,
3407 2706 3556 2759 cmle-

1969 2789 2072 2841 stia
2110 2789 2265 2841 ctiam
2312 2795 2532 2859 corpora
2570 2790 2640 2842 ad
2673 2790 3113 2860 comparationem
3158 2791 3256 2846 Dei
3295 2794 3560 2848 immunda

1969 2896 2083 2933 esse
2130 2880 2396 2943 dicuntur,
2455 2880 2578 2950 quid
2633 2889 2784 2949 putas
2831 2881 2983 2936 homo
3030 2884 3402 2940 existimandus
3446 2887 3560 2942 est!

1972 2969 2244 3037 Quantum
2283 2969 2461 3038 video,
2494 2971 2911 3030 violentissimus
2955 2971 3260 3046 disputator
3290 2991 3391 3032 nec
3419 2977 3560 3034 istud

1975 3061 2247 3130 intelligit.
2273 3059 2508 3131 Angelos
2531 3064 2675 3119 enim
2706 3065 2866 3122 unius
2892 3067 3064 3123 credit
3090 3083 3209 3125 esse
3227 3070 3558 3134 substantiae,

1976 3161 2036 3207 ut
2063 3152 2254 3209 melius
2280 3153 2348 3209 de
2371 3152 2638 3210 sideribus
2663 3157 2882 3221 sentiat,
2907 3173 3027 3228 quae
3054 3171 3371 3232 corporatos
3397 3163 3558 3232 spiri-

272 3267 305 3304 a
335 3255 521 3304 creato
549 3247 828 3303 materiam
849 3289 862 3312 ,
895 3245 964 3300 ab
1013 3245 1230 3301 informi
1273 3245 1560 3301 formatum
1579 3287 1595 3313 ,
1639 3246 1707 3302 ab
1747 3261 1872 3302 aere
1897 3243 1946 3306 C
1977 3254 2063 3301 tus
2077 3244 2300 3315 judicat.
2332 3243 2581 3317 Nunquid
2608 3248 2696 3303 hic
2721 3248 2866 3304 aliud
2885 3250 2968 3304 vir
2992 3251 3182 3307 doctus
3205 3251 3562 3323 Hieronymus

271 3341 551 3414 spiritum;
585 3340 638 3394 in
668 3339 959 3409 imaginem
981 3337 1078 3393 Dei
1106 3339 1440 3410 pronuntias,
1483 3347 1738 3411 tanquam
1767 3357 1869 3412 po-

272 3436 610 3492 tissimorum
645 3434 833 3500 scitor,
882 3433 975 3503 qui
1023 3432 1292 3494 minorum
1337 3434 1584 3505 probaris
1632 3434 1868 3504 ignarus.

271 3524 396 3583 1am
442 3539 586 3581 nunc
613 3524 1042 3582 testimoniorum
1069 3524 1155 3591 vel
1184 3525 1417 3580 maxime
1473 3525 1697 3596 penuria
1745 3541 1872 3582 coa-

272 3624 419 3682 ctus,
450 3617 519 3673 de
561 3616 800 3688 quodam
839 3631 1007 3687 opere
1035 3616 1207 3672 sancti
1250 3615 1563 3688 Hieronymi
1583 3616 1872 3686 capitulum

189 3777 194 3781 _
273 3710 547 3782 quoddam
576 3709 743 3782 (quod
771 3709 990 3780 quidem
1021 3718 1074 3765 te
1103 3717 1317 3765 constat
1361 3726 1467 3765 non
1521 3709 1872 3778 intellexisse)

273 3800 576 3871 subjungis,
601 3801 693 3870 qui
728 3800 804 3855 ait
837 3818 850 3854 :
902 3798 1097 3855 Globos
1134 3801 1365 3854 siderum
1412 3807 1716 3869 corporatos
1762 3815 1876 3853 esse

275 3893 494 3964 spiritus
514 3889 850 3944 arbitrantur.
866 3890 1096 3945 Omnem
1110 3891 1204 3959 qui
1225 3889 1530 3954 arbitratur,
1556 3897 1746 3945 nutare
1766 3905 1875 3944 non

277 3981 508 4038 dubium
536 3987 638 4034 est.
669 3978 897 4034 Beatum
923 3995 1055 4034 vero
1087 3978 1474 4050 Hieronymum
1510 3980 1576 4035 de
1605 3981 1878 4050 spiritibus

279 4071 587 4142 corporalis
606 4069 962 4141 quorumdam
980 4069 1187 4126 referre
1208 4069 1341 4126 dicis
1370 4071 1650 4142 arbitrium
1673 4091 1687 4140 ;
1718 4073 1808 4143 qui
1832 4075 1877 4129 si

279 4163 684 4228 arbitrantium,
735 4162 842 4217 hoc
899 4168 1012 4226 est,
1043 4160 1404 4217 dubitantium
1447 4163 1690 4232 sequitur
1741 4166 1880 4220 forte

278 4253 626 4320 sententiam,
659 4269 782 4309 cum
809 4251 1002 4308 eodem
1025 4265 1243 4323 quoque
1271 4261 1330 4307 tu
1358 4268 1604 4323 sequere.
1635 4252 1880 4324 Cumque

282 4363 399 4404 non
419 4345 520 4402 nisi
535 4346 604 4401 ab
628 4343 930 4414 ignorantia
953 4342 1326 4415 proficiscatur
1345 4343 1592 4401 dubietas
1613 4346 1878 4401 arbitran-

279 4442 376 4508 tis,
404 4438 651 4510 agnoscis
679 4445 734 4493 te
753 4437 911 4492 nobis
931 4434 1295 4506 quaerentibus
1315 4437 1621 4504 veritatem,
1653 4453 1751 4508 pro
1772 4451 1878 4492 una

278 4549 448 4605 quam
476 4531 750 4604 polliceris
787 4531 1032 4597 scientia,
1057 4529 1351 4585 multorum
1379 4531 1703 4587 nescientias
1732 4538 1876 4586 attu-

1974 3336 2176 3393 dixisse
2195 3338 2523 3402 censebitur,
2549 3339 2650 3394 nisi
2685 3341 2999 3408 angelorum
3025 3358 3252 3412 corpora
3281 3343 3563 3398 habilitate

1972 3429 2059 3486 sui
2079 3438 2242 3500 atque
2270 3430 2533 3500 potentia,
2563 3429 2813 3486 humanis
2841 3431 2998 3502 longe
3028 3442 3284 3502 prmstare
3316 3433 3560 3504 corpori-

1973 3523 2109 3578 bus?
2138 3520 2346 3576 Pal-iter
2384 3536 2508 3576 cum
2547 3520 2682 3578 dixit
2713 3540 2728 3574 :
2761 3522 2823 3577 Si
2849 3524 3041 3594 angeli,
3073 3533 3129 3579 et
3154 3523 3369 3594 adjecit,
3410 3525 3559 3580 caele-

1975 3616 2077 3668 stia
2104 3614 2259 3666 etiam
2286 3628 2539 3683 corpora;
2581 3611 2688 3670 duo
2715 3614 2959 3684 Qum-dam
2995 3616 3217 3688 intelligi
3248 3618 3434 3682 voluit,
3459 3636 3560 3672 au-

1977 3705 2116 3777 gelos
2146 3711 2202 3760 et
2242 3703 2469 3761 calestia
2508 3721 2746 3777 corpora.
2777 3707 2914 3775 Quia
2947 3724 3069 3764 cum
3097 3711 3320 3779 angelici
3346 3712 3564 3781 spiritus

1977 3796 2250 3866 corporati
2295 3796 2423 3863 sint,
2454 3806 2583 3854 sunt
2608 3798 2663 3853 in
2704 3799 2844 3855 coelo
2873 3799 3117 3870 quaedam
3143 3816 3262 3870 quae
3297 3803 3411 3858 sola
3437 3812 3566 3857 sunt
3604 3840 3612 3850 .

1978 3905 2228 3959 corpora.
2277 3889 2442 3960 Igitur
2488 3891 2765 3947 evidenter
2821 3892 3057 3948 ostendit
3109 3894 3309 3948 nullum
3368 3911 3565 3965 corpus

1978 3979 2274 4048 quamlibet
2321 3995 2631 4051 supremum
2668 3981 2809 4049 loco,
2850 3983 3144 4053 quamlibet
3171 3993 3363 4054 potens
3391 3995 3560 4051 motu,

1973 4071 2314 4142 incorporeis
2343 4087 2502 4142 posse
2521 4075 2781 4144 praeponi.
2812 4073 3044 4130 Rursum
3063 4090 3133 4132 ex
3160 4077 3566 4152 comparatione

1981 4163 2204 4232 gradum
2225 4161 2428 4218 faciens
2456 4162 2587 4220 dicit
2611 4182 2624 4218 :
2652 4163 2802 4220 Adeo
2829 4164 3023 4220 divinis
3048 4165 3320 4222 hominem
3341 4183 3564 4238 compa-

1981 4255 2092 4310 rari
2119 4270 2226 4310 non
2263 4269 2442 4326 posse,
2471 4263 2531 4310 ut
2558 4270 2658 4311 nec
2681 4255 2888 4325 angelis
2915 4256 3104 4326 possit.
3135 4256 3400 4313 Discernit
3427 4273 3564 4328 pra?-

1987 4353 2134 4401 terea
2162 4359 2360 4415 corpus
2388 4353 2444 4400 et
2469 4360 2683 4402 carnem
2702 4386 2718 4413 ,
2748 4346 2871 4416 quia
2901 4361 3022 4402 cum
3051 4348 3228 4403 omnis
3255 4362 3382 4404 caro
3403 4350 3566 4404 etiam

1983 4452 2180 4508 corpus
2200 4437 2288 4502 sit,
2314 4451 2420 4492 non
2450 4451 2613 4493 omne
2641 4452 2838 4508 corpus
2864 4445 2948 4493 est
2973 4453 3120 4494 caro.
3154 4437 3306 4496 Unde
3333 4439 3567 4509 Aposto-

1981 4528 2064 4584 lus
2090 4546 2102 4581 :
2134 4529 2252 4584 Alia
2271 4545 2393 4584 caro
2421 4531 2702 4596 uoluerunt,
2725 4531 2834 4586 alia
2862 4546 2984 4585 caro
3009 4531 3246 4602 piscium,
3269 4531 3378 4586 alia
3397 4539 3569 4585 autem

281 4628 433 4684 lisse.
483 4624 629 4680 Nam.
657 4639 781 4680 cum
816 4624 970 4693 quasi
1009 4623 1390 4695 probatissimo
1420 4623 1731 4680 testimonio
1760 4623 1878 4694 ejus
1903 4619 1956 4683 D
1981 4622 2262 4676 hominum.
2291 4619 2358 4674 Et
2400 4638 2620 4694 corpora
2647 4623 2872 4680 calestia
2890 4632 2938 4677 et
2960 4639 3178 4691 corpora
3221 4623 3483 4676 terrestria
3507 4624 3523 4689 (
3547 4621 3568 4674 l

283 4719 480 4784 utaris,
509 4716 601 4786 qui
621 4714 689 4772 de
716 4715 796 4770 eis
815 4714 1064 4770 dubitans
1090 4727 1317 4784 quorum
1341 4714 1662 4771 testimoniis
1687 4715 1871 4780 utitur,

283 4817 348 4868 et
373 4825 471 4866 eos
497 4807 804 4864 dubitantes
831 4805 986 4862 aﬂert
1029 4809 1165 4876 quos
1195 4813 1364 4861 testes
1391 4805 1638 4873 adhibet;
1666 4806 1794 4875 quid
1825 4815 1879 4862 te

286 4915 454 4973 posse
476 4897 826 4970 pronuntiare
844 4895 1175 4953 censendum
1202 4904 1303 4961 est,
1336 4895 1429 4965 qui
1459 4896 1526 4950 ab
1548 4897 1780 4950 auctoris
1803 4895 1878 4950 tui

287 4990 584 5049 dubitantis
605 4997 827 5046 auctore
853 4987 1036 5050 dubio,
1069 4987 1260 5041 tertius
1285 4986 1400 5055 ipse
1424 4986 1534 5054 jam
1564 4987 1810 5042 dubitas?

896 5119 1124 5180 CAPUT
1155 5119 1267 5175 XII.

289 5221 446 5292 Quod
462 5228 652 5292 auctor
679 5217 852 5288 operis
877 5215 1017 5270 illius
1063 5212 1397 5292 phdosopltos
1423 5227 1531 5292 non
1567 5211 1878 5292 intelligens,

364 5291 542 5364 globos
563 5280 788 5344 siderum
815 5280 1114 5364 corporales
1142 5283 1356 5364 spiritus
1384 5280 1681 5364 arbitratus.
1699 5280 1805 5364 sit,
1833 5292 1881 5364 et

364 5351 577 5433 angelos
596 5375 817 5433 corpora
837 5351 949 5412 esse
976 5351 1260 5433 decernat;
1299 5359 1481 5407 contra
1507 5369 1622 5425 qua:
1648 5351 1881 5422 Apostoli

367 5424 660 5487 testimonio
684 5424 748 5483 de
765 5426 1138 5494 resurrectione
1163 5424 1349 5478 utitur.

367 5544 406 5600 1.
434 5541 579 5600 Istud
599 5555 700 5610 ego
722 5547 904 5594 tamen
933 5535 1284 5608 philosophos
1321 5539 1533 5605 reperio
1559 5536 1760 5604 dicere,
1788 5541 1881 5608 qui

369 5695 393 5723 ι
427 5683 601 5737 Locus
653 5681 830 5730 exstat
881 5672 1007 5742 Sap.
1060 5689 1133 5737 xi,
1184 5673 1269 5736 :8,
1316 5673 1409 5729 sed
1448 5674 1554 5728 alio
1581 5689 1761 5729 sensu.
1792 5675 1882 5733 Sic

293 5757 440 5815 enim
464 5753 535 5807 ibi
549 5750 618 5804 de
635 5745 992 5817 omnipotenti
1009 5758 1170 5817 manu
1187 5743 1281 5798 Dei
1297 5748 1558 5817 :_xtiaam
1577 5768 1606 5800 1:
1618 5748 1661 5798 ὃν
1691 5748 1879 5817 κόσμιον

298 5814 349 5895 ἐξ
370 5828 592 5903 ἀμόρφου
615 5819 755 5882 ὕλης,
786 5816 915 5882 Quae
933 5814 1136 5870 creavit
1173 5814 1430 5872 mundum
1459 5831 1527 5872 ex
1556 5816 1779 5874 materia
1792 5814 1882 5873 ia-

586 5926 857 5985 Panos.
903 5919 1062 5986 Llll.

1981 4711 2101 4768 Cor.
2128 4729 2216 4779 xv,
2249 4711 2336 4776 59,
2357 4712 2448 4783 40)
2478 4731 2490 4766 :
2518 4713 2796 4769 evidenter
2825 4711 3132 4776 ostendens,
3156 4719 3430 4766 terrenum
3448 4725 3570 4766 cor-

1981 4821 2082 4875 pus
2106 4805 2272 4859 etiam
2308 4817 2525 4858 carnem
2544 4803 2679 4868 fore,
2709 4803 2928 4860 caeleste
2951 4816 3080 4857 vero
3118 4817 3226 4857 non
3255 4801 3419 4857 etiam
3446 4815 3569 4858 car-

1984 4911 2126 4951 nem.
2159 4894 2236 4949 Ne
2266 4894 2403 4949 forte
2431 4895 2519 4949 hic
2564 4893 2738 4962 aptari
2763 4891 3054 4947 conveniat
3080 4892 3210 4948 illud
3240 4893 3384 4964 quod
3413 4910 3567 4950 eum-

1985 4987 2105 5042 dem
2155 4985 2539 5055 Hieronymum
2585 4984 2764 5040 dicerc
2793 4984 3075 5061 meminit,
3127 4985 3304 5057 globos
3344 4988 3570 5042 siderum

1992 5087 2288 5148 corporatos
2321 5092 2432 5131 esse
2466 5077 2676 5145 spiritus
2723 5060 3063 5134 arbitrantur.
3115 5077 3185 5134 Ut
3231 5080 3345 5150 ipsa
3395 5077 3568 5134 sidera

1968 5167 2101 5222 sive
2122 5167 2434 5238 angelorum
2450 5183 2696 5239 corpora,
2719 5182 2946 5240 corpora
2974 5170 3161 5240 utique
3181 5169 3420 5226 caelestia
3439 5167 3565 5222 sint:

1987 5275 2108 5318 cum
2133 5261 2207 5316 illi
2233 5261 2454 5332 spiritus
2475 5262 2569 5332 qui
2598 5263 2712 5320 istis
2736 5264 3007 5334 corporati
3027 5271 3171 5327 sunt,
3189 5259 3436 5330 corporei
3461 5272 3571 5314 non

1987 5354 2111 5414 sint.
2137 5353 2285 5410 Sicut
2313 5361 2368 5410 et
2387 5354 2555 5427 Deum
2581 5355 2809 5413 dicimus
2829 5357 3184 5418 incarnatum,
3215 5360 3271 5407 et
3297 5351 3434 5406 sicut
3454 5349 3571 5420 ipsa

1987 5448 2163 5504 anima
2177 5448 2408 5504 humana
2423 5449 2750 5514 incarnatur,
2765 5448 2950 5516 utique
2963 5459 3086 5501 cum
3100 5440 3571 5498 administrandam

1987 5541 2207 5611 suscipit
2246 5556 2484 5597 carnem.
2535 5540 2633 5596 Cui
2679 5533 3130 5609 quamlibet-illud
3153 5533 3381 5609 accidat,
3426 5534 3570 5607 quod

1988 5683 2162 5753 (armi,
2190 5698 2284 5737 seu
2313 5683 2496 5741 invisa,
2523 5689 2580 5753 ut
2604 5677 2768 5733 habet
2789 5676 3030 5746 Vulgata.

2030 5824 2033 5825 ν
2061 5752 2088 5792 ι’
2118 5753 2200 5809 Al.
2227 5767 2332 5808 non
2356 5751 2616 5807 creaverit.
