4140 6346
622 335 726 394 715

1865 325 2176 384 MAMERTI
2213 327 2579 395 CLAUDIAM

3767 334 3887 393 716

611 453 884 525 Scriptura
913 456 1159 513 testatur,
1184 446 1367 503 dicens
1390 451 1409 499 ':
1438 442 1637 517 Corpus
1660 443 1797 518 quod
1823 444 2184 515 corrumpitur,
2217 444 2268 506 Α
2294 442 2422 499 dum
2470 444 2558 499 vel
2603 440 2888 499 bibendum
2912 484 2927 509 ,
2979 444 3069 500 ubi
3117 460 3222 501 non
3270 443 3646 503 donniendutu
3696 418 3887 519 neque

620 552 860 619 aggrarat
885 544 1114 598 annnam
1133 538 1285 613 (Sap.
1312 555 1388 605 ix,
1417 537 1555 609 l5):
1587 553 1697 595 non
1722 546 1903 594 tamen
1923 540 1977 594 in
2000 554 2196 611 corpus

611 636 855 695 converti
902 632 1225 691 credendum
1277 639 1379 697 est,
1411 630 1709 700 quamlibet
1755 629 1998 700 pondere
2023 631 2201 686 carnis

608 733 899 792 oneretur;
929 725 1054 794 quia
1101 736 1202 787 nec
1245 735 1445 791 corpus
1471 735 1709 790 unquam
1740 721 1797 776 in
1824 722 2017 781 animae
2045 729 2202 776 natu-

611 833 727 873 ram
746 815 1182 880 commutabitur,
1213 812 1511 885 quamlibet
1548 812 1739 868 eadem
1766 818 2053 882 vegetante
2083 828 2199 867 mo-

609 918 830 977 veatur;
880 908 1119 978 alioquin
1160 923 1267 962 non
1296 905 1401 961 erit
1444 920 1658 974 corpus.
1691 903 1845 960 Unde
1887 904 2017 959 illud
2054 904 2200 974 quod

609 1001 899 1073 Apostolus
925 999 1056 1063 dixit
1083 1018 1095 1051 :
1140 997 1208 1053 Et
1253 1015 1474 1068 corpora
1503 998 1728 1053 caelestia
1754 1006 1807 1052 et
1844 1014 2063 1069 corpora
2096 1005 2199 1051 ter-

610 1095 795 1150 restria
823 1091 887 1164 (Ι
917 1090 1043 1148 Cor.
1074 1107 1163 1154 xv,
1196 1089 1320 1162 40).:
1355 1078 1662 1145 utrumnam
1706 1088 1773 1145 de
1804 1089 2006 1158 angelis
2033 1104 2099 1143 an
2129 1089 2197 1145 de

610 1183 890 1249 sideribus,
917 1197 983 1236 an
1004 1180 1235 1237 terrenis
1255 1181 1557 1250 quibusque
1578 1180 1896 1250 corporibus
1916 1179 1983 1234 de
2002 1180 2196 1248 quibus

611 1292 718 1337 non
746 1283 830 1333 est
856 1273 1102 1344 quaestio,
1129 1273 1354 1341 intelligi
1373 1273 1627 1341 voluerit,
1649 1287 1715 1327 ex
1745 1273 2196 1342 consequentibus

610 1369 906 1439 apparebit.
930 1366 1298 1437 lndisjunctim
1321 1381 1553 1435 namque
1580 1382 1705 1421 mox
1727 1365 1910 1435 adjicit
1939 1382 2003 1422 ac
2028 1366 2191 1424 dicit:

613 1463 729 1518 Alia
749 1463 1028 1523 caelestium
1049 1462 1217 1536 gloria
1233 1501 1248 1526 ,
1289 1461 1399 1515 alia
1425 1468 1595 1514 autem
1626 1462 1943 1515 terrestrium
1967 1462 1983 1531 (
2003 1459 2189 1531 Ibid.).

615 1553 679 1608 Et
724 1569 844 1623 qua:
890 1555 977 1608 illa
1006 1552 1241 1610 emicatia
1270 1558 1452 1607 essent
1497 1566 1754 1621 corpora,
1810 1558 1869 1605 ut
1919 1550 2196 1606 evidenter

2297 533 2597 590 coeundum
2643 540 2725 589 est
2764 552 2776 586 :
2822 533 3067 589 transibit
3108 543 3283 591 totum
3322 537 3553 593 animale
3579 553 3776 611 corpus
3819 540 3887 597 in

2299 624 2538 695 spiritale
2555 640 2786 696 ,corpus,
2817 627 2943 696 quia
2970 634 3024 682 et
3052 627 3232 682 anima
3261 636 3374 684 tota
3402 629 3653 687 transibit
3680 633 3737 687 in
3764 634 3885 704 spi-

2297 717 2480 783 ritum,
2510 725 2564 772 et
2604 718 2707 774 erit
2730 724 2899 772 totum
2928 718 3165 789 spiritale
3194 734 3390 790 corpus
3419 728 3640 792 propter
3667 722 3887 780 inhabi-

2300 816 2502 863 tantem
2532 809 2797 880 spiritum.
2830 808 2931 876 Qui
2955 809 3137 879 utique
3185 810 3407 882 spiritus
3450 811 3497 866 si
3534 812 3589 866 in
3634 813 3736 869 hac
3767 815 3886 869 vita

2284 898 2601 971 concupivit
2629 902 2884 956 adversus
2908 917 3141 969 carnem,
3174 911 3229 958 et
3254 903 3657 979 concupiscenti
3686 906 3891 962 adver—

2297 1006 2414 1047 sum
2444 1008 2503 1048 se
2530 992 2678 1048 carni
2710 1008 2816 1048 non
2846 994 3044 1061 cessit;
3066 992 3188 1062 jure
3217 993 3269 1048 in
3296 1004 3562 1050 :eternum
3587 994 3717 1050 nihil
3749 996 3890 1053 illud

2279 1084 2621 1141 difﬁcultatis
2649 1086 2863 1149 sentiet,
2889 1084 3039 1155 cujus
3059 1085 3402 1142 diliicultates
3429 1087 3666 1144 ccclestis
3690 1089 3887 1144 auxilii

2295 1177 2492 1232 virtute
2520 1176 2810 1247 superavit.
2842 1175 2951 1232 Nec
2975 1192 3074 1247 par
3099 1177 3201 1232 erit
3229 1186 3288 1232 ut
3313 1186 3623 1247 exaequetur
3648 1166 3888 1237 Domino

2296 1269 2387 1337 qui
2417 1268 2588 1324 eidem
2619 1268 2777 1324 cessit
2816 1269 3028 1334 invitus,
3060 1275 3112 1323 et
3143 1269 3196 1323 in
3238 1270 3378 1324 servi
3415 1276 3557 1325 statu
3600 1276 3888 1327 remaneat

2296 1360 2384 1428 qui
2416 1359 2543 1414 vicit
2569 1359 2921 1414 voluntarius.
2953 1357 3217 1429 Quocirca
3244 1360 3403 1415 datur
3448 1360 3690 1430 intelligi,
3732 1363 3887 1434 quod

2296 1453 2433 1508 sicut
2459 1452 2511 1506 in
2540 1454 2640 1509 hac
2672 1454 2777 1507 vita
2802 1454 2992 1508 anima:
3020 1453 3266 1509 humanze
3300 1455 3600 1511 substantia
3626 1456 3887 1528 incorpo-

2290 1545 2481 1599 raliter
2508 1545 2767 1613 dignitate
2793 1546 2875 1601 sui
2902 1545 3070 1601 anteit
3108 1561 3305 1618 corpus
3342 1546 3605 1612 animale;
3636 1547 3712 1602 ita
3757 1555 3889 1619 post

614 1647 919 1703 ostenderet
949 1665 961 1699 :
994 1646 1133 1711 Alia,
1164 1645 1356 1714 inquit,
1374 1644 1587 1699 claritas
1614 1644 1760 1709 solis,
1785 1651 1833 1697 et
1853 1643 1959 1697 alia
1981 1644 2193 1697 claritas
2295 1638 2740 1691 l‘cSUI‘I‘CClionem
2781 1628 3371 1708 remunerationcmque
3416 1638 3645 1694 anteibit
3683 1654 3888 1712 corpus

613 1740 766 1803 ιωιω,
795 1749 844 1793 ει
874 1740 980 1792 alia
1024 1739 1237 1797 οιαάιαε
1274 1737 1558 1793 uenarum.
1594 1735 1759 1792 διειια
1805 1739 1940 1791 enim
1968 1754 1999 1790 α
2044 1736 2193 1791 stella
2296 1726 2554 1797 Spiritale.
2585 1726 2754 1785 Omne
2787 1737 2968 1784 autem
2996 1729 3139 1799 quod
3168 1731 3394 1801 spiritali
3441 1747 3673 1803 corpore
3700 1733 3887 1802 potius

614 1831 785 1899 differt
812 1831 867 1885 in
896 1830 1091 1902 gloria,
1122 1832 1201 1883 ita
1224 1837 1275 1884 et
1308 1829 1614 1883 resurrectio
1642 1838 1959 1883 mortuorum
2002 1828 2045 1900 (l
2074 1828 2193 1884 Cor.

2299 1828 2401 1887 est,
2427 1835 2623 1892 corpus
2649 1828 2708 1876 ut
2727 1821 2957 1877 arbitror
2982 1837 3089 1878 non
3119 1830 3201 1878 est
3234 1841 3245 1876 :
3277 1837 3406 1894 ergo
3423 1823 3579 1895 juxta
3607 1824 3770 1895 hujus
3797 1842 3887 1881 ne-

615 1940 702 1986 κν,
724 1922 814 1989 Al,
839 1922 961 1994 42).
993 1922 1250 1977 Eamdem
1265 1922 1472 1978 scilicet
1492 1922 1712 1989 docens,
1738 1937 1857 1993 qua:
1880 1929 1963 1977 est
1991 1923 2043 1976 in
2064 1922 2211 1978 side-.

615 2031 732 2069 rum
758 2015 1019 2084 qualitate
1057 2014 1495 2085 discrepantiam,
1524 2015 1963 2079 resuscitatorum
2000 2029 2197 2084 corpo-

614 2123 728 2171 rum
757 2107 874 2164 fore
902 2124 1001 2178 pro
1030 2108 1345 2163 meritorum
1386 2107 1700 2164 diversitate
1740 2106 2067 2162 distantiam.
2100 2105 2199 2162 Hic

615 2200 800 2268 utique
826 2200 1032 2268 absque
1053 2199 1304 2268 ambiguo
1331 2197 1522 2253 doctor
1548 2198 1783 2265 gentium
1829 2197 1897 2253 de
1946 2198 2061 2252 sola
2107 2212 2197 2253 re-

614 2290 946 2345 surrectione
982 2288 1339 2343 humanorum
1368 2304 1657 2359 corporum
1678 2289 1975 2359 disputans,
2007 2289 2195 2358 hujus-

616 2379 762 2437 modi
790 2379 1280 2451 comparationibus
1307 2394 1435 2434 usus
1459 2386 1561 2434 est.
1590 2378 1723 2433 Nam
1754 2379 1831 2436 sic
1855 2395 2070 2433 causam
2094 2380 2198 2435 loci

617 2471 1096 2543 bujusyingreditur
1128 2490 1139 2523 :
1184 2470 1332 2524 Dicet
1372 2471 1588 2543 aliquis,
1622 2470 1887 2535 Quomodo
1932 2479 2201 2543 resurgent

618 2563 845 2621 mortui?
865 2564 1004 2635 quali
1029 2571 1198 2616 autem
1222 2578 1435 2632 corpore
1482 2563 1683 2616 uenient
1719 2563 1738 2633 (
1761 2560 1877 2615 Ibid
1885 2601 1921 2625 .,
1966 2559 2034 2616 55
2050 2561 2070 2632 )
2089 2564 2111 2615 ?
2132 2560 2199 2616 Et

619 2655 686 2708 ab
708 2656 810 2709 hoc
835 2655 959 2710 loco
977 2652 1231 2725 usquead
1261 2654 1418 2707 istam
1452 2652 1519 2708 de
1539 2652 1802 2708 sideribus
1832 2653 2196 2723 comparatio-

619 2761 762 2811 nem,
790 2745 842 2800 id
871 2745 1049 2815 ipsum
1067 2745 1184 2800 sine
1209 2744 1430 2799 alterius
1457 2741 1769 2813 cujusquam
1788 2759 1960 2800 causa:
1976 2743 2195 2815 interje-

616 2841 794 2895 ctione
821 2839 1178 2909 persequitur,
1205 2838 1402 2893 nullam
1431 2837 1633 2893 faciens
1659 2837 1726 2892 de
1756 2823 1932 2891 anima
1962 2836 2196 2893 mentio-

617 2947 772 2997 nem;
798 2946 865 2986 ne
886 2931 1091 2986 scilicet
1124 2930 1253 2985 illud
1279 2929 1423 2999 quod
1452 2928 1519 2984 de
1545 2928 1692 2995 solis,
1726 2929 1865 2983 lunae
1888 2924 2195 2985 stellarum-

616 3040 743 3093 que,
784 3040 1070 3094 corporum
1099 3024 1303 3079 scilicet
1335 3021 1651 3086 cmlestium,
1682 3019 1998 3077 dillerentiis
2025 3020 2197 3075 disse«

618 3114 746 3177 ruit,
773 3122 795 3150 ³
817 3129 957 3169 saevo
986 3113 1125 3168 forte
1146 3107 1347 3181 judicio
1367 3112 1437 3167 de
1458 3111 1734 3167 animabus
1752 3111 1952 3166 dictum
1973 3111 2200 3181 quisque

620 3206 861 3262 sentiret.

1197 3273 1425 3333 CAPUT
1467 3274 1600 3331 XIII.

1040 3366 1119 3421 De
1146 3367 1519 3423 resurrectione
1545 3365 1761 3436 plenius.
1836 3394 1845 3403 α

688 3476 840 3533 Nunc
865 3491 995 3548 ergo
1036 3478 1085 3534 si
1111 3478 1404 3537 humanum
1442 3493 1659 3557 corpus,
1694 3487 1964 3536 terrenum
1992 3480 2196 3537 scilicet

621 3580 783 3642 atque
809 3572 1202 3638 moribundum,
1227 3573 1281 3627 in
1329 3572 1381 3627 id
1408 3573 1594 3642 gloria:
1622 3573 2105 3643 transformabitur,
2137 3586 2195 3632 ut

621 3661 714 3717 ﬁat
740 3662 805 3717 de
849 3664 1051 3717 carnali
1094 3664 1365 3734 spiritale,
1396 3665 1691 3721 secundum
1736 3665 2070 3737 Apostolum,
2103 3670 2195 3739 qui

618 3753 694 3807 ait
719 3769 734 3805 :
766 3753 1065 3808 Semiuatut‘
1091 3768 1275 3825 corpus
1302 3756 1548 3821 animale,
1576 3767 1807 3829 resurget
1832 3776 2013 3832 corpus
2041 3759 2206 3832 spiri;

548 3889 562 3903 .
616 3844 722 3901 tale
746 3843 933 3916 (Ibid.,
960 3843 1080 3915 Li);
1111 3853 1167 3900 et
1195 3845 1373 3901 anima
1413 3847 1645 3902 humana
1672 3849 1753 3905 sic
1779 3860 1921 3907 nunc
1943 3853 2196 3923 spiritalis

617 3945 720 3999 est,
753 3944 813 3993 ut
838 3940 1019 3992 tamen
1064 3951 1261 4007 corpus
1300 3937 1371 3994 sit
1402 3955 1415 3991 :
1448 3923 1579 4008 ergo
1604 3940 1836 3996 humana
1864 3958 1992 3998 caro
2022 3952 2196 4001 trans-

617 4025 817 4085 leretur
844 4026 899 4082 in
930 4026 1124 4082 animae
1159 4025 1496 4097 dignitatem,
1526 4044 1647 4084 eum
1689 4030 1829 4087 facta
1874 4032 2034 4089 fuerit
2069 4051 2195 4091 cor--

619 4132 716 4185 pus
740 4116 999 4189 spiritale.
1030 4115 1099 4176 Et
1124 4118 1301 4172 anima
1338 4134 1460 4188 qua:
1492 4122 1706 4192 corpori
1730 4120 1875 4192 juste
1902 4112 2196 4191 dominata:

617 4220 735 4273 quae
763 4200 990 4267 Domino
1036 4207 1123 4277 pie
1169 4207 1422 4264 famulata
1459 4218 1561 4278 est,
1591 4228 1711 4282 qua:
1757 4215 1923 4271 Deum
1969 4217 2198 4276 lideliter

619 4297 860 4362 credidit,
890 4306 983 4353 aut
1003 4297 1247 4354 fortassis
1273 4308 1329 4355 et
1372 4302 1559 4367 scivit;
1591 4314 1867 4373 extequata
1895 4309 1997 4362 sibi
2036 4327 2197 4368 carne

617 4405 735 4456 sua,
764 4391 883 4461 ipsa
907 4405 1124 4461 quoque
1146 4392 1279 4447 nihil
1306 4409 1407 4463 pro
1435 4395 1747 4453 substantia:
1788 4401 2045 4468 qualitate
2071 4416 2197 4475 pro:

616 4483 939 4539 movebitur.
972 4481 1039 4538 Et
1064 4485 1155 4540 ubi
1182 4492 1266 4541 est
1302 4486 1449 4553 illud,
1483 4504 1591 4543 non
1620 4491 1709 4560 qui
1754 4493 1970 4548 oculum
1998 4498 2191 4565 carnis,

2298 1914 2517 1969 cessarii
2541 1914 2980 1986 meiQractatum,
3007 1916 3100 1986 qui
3128 1917 3347 1985 angelos
3376 1917 3494 1973 sola
3522 1933 3643 1973 esse
3670 1927 3887 1975 tantum

2297 2022 2527 2078 corpora
2555 2006 2814 2077 decernit,
2843 2009 3076 2063 humana
3099 2009 3393 2065 substantia
3414 2011 3659 2082 angelica
3687 2022 3885 2068 natura

2288 2098 2399 2155 erit
2422 2098 2660 2155 inferior.
2692 2098 2911 2155 Certum
2941 2114 3175 2171 namque
3208 2101 3385 2157 divina
3425 2103 3751 2159 auctoritate
3794 2118 3884 2159 re-

2296 2191 2547 2259 tinemus,
2571 2199 2880 2247 sanctorum
2899 2208 3126 2264 corpora
3154 2208 3272 2264 qua:
3293 2194 3563 2250 immutari
3591 2196 3881 2251 merebun-

2297 2290 2403 2350 tur,
2429 2283 2481 2337 in
2508 2284 2734 2353 gloriam
2777 2285 3031 2356 angelicis
3060 2287 3388 2357 exaequanda
3414 2289 3752 2360 corporibus,
3787 2289 3879 2344 di-

2296 2382 2455 2431 cente
2483 2374 2711 2432 Domino
2736 2393 2749 2429 :
2777 2374 2850 2430 Et
2872 2386 3023 2431 erant
3058 2379 3189 2433 sicut
3215 2378 3393 2453 angeli
3423 2379 3475 2434 in
3498 2379 3614 2434 εωιο
3643 2378 3865 2452 (Matt/1.

2298 2482 2427 2533 xxn,
2461 2466 2572 2538 50).
2605 2466 2661 2522 Si
2688 2468 2849 2537 igitur
2888 2470 3064 2539 angeli
3092 2471 3351 2541 spiritalia
3397 2478 3593 2527 tantum
3632 2488 3875 2543 corpora

2296 2567 2424 2615 sunt
2451 2560 2715 2631 uniusque
2742 2563 3073 2628 substantire,
3104 2572 3159 2620 ct
3185 2565 3511 2636 provehetur
3548 2583 3744 2638 corpus
3772 2568 3879 2622 huc

2298 2665 2517 2707 manum
2546 2652 2613 2708 ad
2653 2653 2880 2722 angelici
2918 2656 3160 2726 corporis
3206 2656 3557 2727 dignitatem:
3589 2659 3758 2716 homo
3787 2677 3878 2715 an-

2298 2744 2419 2812 gelo
2446 2744 2705 2813 qualitate
2744 2747 2986 2818 corporis
3016 2749 3399 2821 exaequabitur,
3431 2750 3692 2821 dignitate
3725 2752 3878 2824 spiri~

2301 2842 2384 2891 tus
2412 2837 2763 2907 praeminebit.
2795 2836 2946 2905 Quod
2974 2840 3039 2905 si,
3071 2826 3131 2896 ut
3156 2850 3239 2897 est
3285 2841 3487 2913 utique,
3532 2843 3745 2899 videtur
3782 2844 3873 2901 ab-

2299 2929 2517 2985 surdum
2553 2948 2567 2983 :
2600 2930 2796 3001 duplex
2835 2946 2964 3002 ergo
3007 2922 3089 2989 est
3138 2934 3397 3006 angelica,
3425 2935 3589 2991 sicuti
3635 2945 3725 2991 est
3777 2936 3876 2992 hu-

2299 3040 2479 3091 mana,
2539 3025 2857 3094 substantia,
2905 3027 3108 3084 habens
3153 3043 3349 3100 corpus
3394 3029 3562 3084 totius
3609 3028 3877 3086 facilitatis

2300 3117 2653 3189 maximaeque
2680 3119 3109 3189 pulchritudinis,
3138 3120 3283 3189 quod
3309 3120 3616 3177 hominibus
3637 3138 3763 3177 cum
3798 3122 3878 3192 ju-

2224 3186 2272 3253 θ
2300 3208 2460 3264 betur
2505 3186 2765 3280 appareat
2801 3230 2812 3264 :
2846 3211 3052 3267 habens
3095 3186 3509 3283 incorporeum,
3552 3229 3661 3285 quo
3713 3186 3878 3271 Deum

2297 3312 2510 3371 semper
2536 3301 2736 3357 videat.
2767 3299 2927 3358 Juxta
2956 3303 3088 3359 illud
3118 3304 3486 3377 evangelicum
3523 3320 3633 3376 quo
3676 3306 3879 3363 dictum

2294 3402 2414 3448 est:
2441 3391 2577 3457 Quia
2602 3394 2773 3466 angeli
2807 3411 2985 3451 eorum
3023 3412 3223 3466 semper
3258 3397 3433 3453 vident
3471 3398 3656 3472 faciem
3699 3398 3881 3461 Patris

2296 3486 2398 3540 mei
2431 3485 2642 3559 (Matth.
2668 3502 2812 3553 xvm,
2842 3487 2950 3560 10).

2890 3580 3114 3638 CAPUT
3152 3581 3289 3639 XIV.

2440 3673 2748 3745 Spiritualia
2774 3678 3031 3747 corporeis
3061 3677 3221 3732 oculis
3245 3676 3399 3731 videri
3421 3692 3521 3730 non
3547 3692 3698 3746 posse

2369 3764 2534 3823 Valde
2581 3774 2762 3823 autem
2806 3766 2997 3839 stupeo
3024 3768 3284 3838 quomodo
3310 3767 3566 3837 quispiam
3592 3764 3868 3825 Christia-
3955 3778 3963 3786 ·

2296 3874 2416 3924 nus,
2449 3858 2688 3914 doctoris
2716 3860 3011 3930 prmsertim
3059 3860 3200 3928 loco,
3229 3856 3455 3925 deﬁniat,
3483 3857 3700 3915 cuilibet
3726 3859 3867 3929 pul-

2298 3949 2451 4017 chro,
2482 3950 2702 4006 cuilibet
2747 3949 2961 4005 sublimi
3005 3952 3237 4022 corpori,
3283 3949 3491 4020 corpori
3518 3956 3699 4007 tamen
3729 3964 3877 4005 cono

2297 4040 2666 4112 templabilem
2694 4039 2867 4096 Deum
2894 4040 3027 4107 fore,
3059 4051 3116 4097 et
3142 4039 3496 4096 universalem
3522 4038 3690 4094 videri
3718 4039 3884 4095 loca-

2297 4132 2427 4187 liter
2474 4118 2670 4204 pdbe;
2701 4149 2821 4188 cum
2858 4132 3024 4188 Deum
3064 4133 3247 4189 videre
3288 4133 3393 4188 hoc
3428 4132 3498 4186 sit
3550 4130 3885 4201 intelligere.

2296 4220 2636 4279 Intellectum
2663 4238 2793 4279 vero
2822 4223 3046 4279 localem
3085 4240 3198 4280 non
3236 4239 3382 4291 esse,
3413 4223 3498 4279 vel
3527 4223 3890 4292 intelligendo

2299 4318 2691 4386 cognoscimus.
2724 4316 2859 4383 Quia
2901 4299 2945 4372 si
2992 4317 3297 4372 intellectus
3327 4315 3515 4371 localis
3560 4322 3675 4380 est,
3707 4306 3891 4371 locale

2299 4408 2403 4462 erit
2431 4414 2487 4462 et
2513 4407 2656 4477 quod
2686 4407 3018 4476 intelligitur.
3052 4406 3194 4461 Nihil
3222 4406 3368 4463 enim
3397 4402 3569 4461 locale
3597 4414 3707 4472 est,
3741 4407 3895 4478 quod

2301 4514 2408 4555 non
2437 4507 2492 4555 et
2519 4501 2690 4569 ipsum
2721 4500 2869 4555 locus
2897 4508 2995 4555 est.
3030 4499 3099 4554 At
3145 4500 3191 4554 si
3229 4499 3536 4555 intellectus
3565 4497 3765 4558 localis
3790 4518 3806 4567 ;
3838 4511 3897 4556 ct

615 4574 709 4631 sed
731 4575 825 4644 qui
853 4576 1071 4633 oculum
1108 4578 1288 4634 cordis
1332 4581 1686 4647 mund’averit,
1738 4584 1906 4641 Deum
1955 4589 2150 4645 videbit
2174 4591 2193 4644 Ρ
2298 4589 2353 4643 in
2382 4590 2487 4644 hoc
2515 4568 2673 4655 Deus,
2706 4589 2832 4661 quia
2861 4589 2966 4644 hoc
3007 4590 3319 4658 intelligitur
3359 4589 3501 4644 Deus
3536 4607 3548 4641 :
3575 4582 3721 4659 ergo
3748 4591 3899 4647 luca-

613 4666 747 4722 Nam
772 4665 923 4721 Beati
944 4668 1138 4730 mundo
1163 4668 1332 4734 corde,
1365 4673 1609 4741 quoniam
1642 4674 1744 4744 ipsi
1766 4675 1932 4730 Deum
1956 4678 2195 4735 videbunt
2297 4681 2387 4735 iis
2410 4692 2494 4736 est
2539 4682 2695 4738 Deus.
2738 4681 2892 4749 Quod
2938 4682 3062 4752 quia
3101 4691 3385 4754 repugnat,
3435 4682 3759 4753 intelligere
3802 4702 3899 4740 nos

615 4756 830 4854 (Matth.
858 4774 915 4824 v,
942 4757 1022 4828 8).
1048 4756 1196 4828 Ergo
1242 4757 1425 4816 forsan
1455 4761 1850 4821 beatiﬁcabitur
1873 4783 2068 4838 corpus
2096 4786 2193 4841 pro
2299 4783 2544 4854 oportet,
2577 4783 2826 4831 constare
2872 4776 3145 4841 hominem
3192 4792 3259 4831 ex
3306 4790 3571 4848 corporeo
3613 4784 3688 4831 et
3719 4776 3901 4841 incor-

615 4851 777 4907 modo
820 4860 950 4917 suo,
997 4860 1054 4908 et
1099 4854 1277 4909 anima
1324 4855 1510 4912 itidem
1553 4873 1652 4928 pro
1696 4861 1859 4917 modo
1905 4878 2021 4918 suo.
2061 4865 2195 4923 Illud
2297 4884 2495 4941 porco,
2540 4851 2775 4938 utroque
2829 4870 2883 4923 in
2938 4870 3129 4924 melius
3168 4869 3515 4925 reformando
3563 4888 3579 4922 :
3633 4882 3901 4928 constare

618 4942 1002 5008 immutabitur,
1026 4952 1087 5000 ut
1103 4947 1310 5016 spiritui
1330 4961 1428 5019 per
1450 4952 1632 5007 omnia
1661 4952 1728 5009 ad
1755 4963 1941 5011 nutum
1967 4960 2192 5027 serviat,
2296 4957 2544 5031 angelum
2574 4976 2641 5016 ex
2669 4975 2896 5030 corpore
2925 4968 2980 5015 et
3008 4960 3226 5030 spiritu,
3258 4960 3526 5030 prmcipua
3558 4962 3719 5028 inter
3743 4978 3897 5019 crea~

613 5034 701 5089 cui
737 5041 1029 5090 contumax
1056 5053 1198 5108 saepe
1222 5041 1437 5110 restitit.
1471 5041 1539 5099 Et
1567 5044 1682 5101 haec
1721 5048 2107 5118 immutabitur,
2135 5063 2194 5111 ut
2296 5060 2442 5109 turas
2470 5051 2730 5121 dignitate
2776 5051 3004 5106 formato
3041 5070 3052 5103 :
3084 5050 3112 5090 ιτ
3154 5052 3373 5121 spiritus
3413 5052 3488 5106 illi
3530 5068 3792 5125 namque
3821 5063 3902 5111 est

611 5127 993 5193 Deumvideat,
1009 5143 1171 5199 quem
1190 5131 1468 5202 ﬂagrantia
1495 5146 1657 5193 castae
1687 5141 1925 5198 caritatis
1944 5145 2186 5203 inhiavit.
2296 5147 2441 5201 omni
2469 5148 2660 5217 spiritu
2704 5152 2889 5201 creato
2916 5144 3219 5214 potentior;
3250 5160 3447 5215 corpus
3474 5145 3555 5200 illi
3600 5150 3901 5217 potissimo

615 5218 683 5311 Et
707 5220 965 5290 quoniam
1006 5219 1294 5291 Apostolus
1316 5226 1562 5295 spiritum
1580 5268 1594 5292 ,
1626 5231 1860 5286 animam
1889 5250 2191 5308 corpusque
2294 5239 2535 5297 omnium
2554 5238 2823 5295 elemento
2840 5237 3142 5304 sublime,
3166 5234 3461 5293 secundum
3489 5236 3635 5293 illud
3664 5242 3907 5311 prophe~

612 5310 891 5378 discrevit,
912 5312 1267 5383 inquiens,ut
1289 5315 1487 5387 integer
1504 5320 1714 5390 spiritus
1741 5333 1923 5391 vester,
1945 5335 1994 5379 et
2014 5330 2189 5383 anima
2295 5331 2478 5395 ticum,
2510 5329 2602 5384 ubi
2632 5328 2875 5399 angelica
2922 5328 3220 5385 substantia
3260 5326 3456 5399 duplex
3504 5327 3640 5385 sine
3678 5310 3905 5387 dubita-

611 5414 660 5458 οι
686 5408 867 5476 corpus
976 5405 1154 5461 Thess.
1177 5405 1362 5498 L723)
1383 5450 1397 5474 ,
1427 5410 1551 5478 quia
1591 5422 1713 5483 post
1739 5417 2189 5475 resurrectionem

2296 5421 2443 5475 tione
2471 5420 2803 5490 perhibetur,
2834 5435 2943 5498 quo
2979 5419 3181 5477 dictum
3211 5426 3295 5477 est
3327 5436 3342 5471 :
3505 5419 3650 5489 facit
3681 5422 3905 5494 wagelos

614 5509 723 5550 non
748 5497 1050 5554 animaliter
1074 5497 1362 5557 πωπω
1388 5507 1500 5569 est;
1530 5504 1734 5562 scilicet
1766 5508 1855 5564 ubi
1883 5524 1991 5565 non
2020 5511 2187 5567 cden-
2293 5531 2413 5581 suos
2441 5514 2671 5582 spiritus,
2702 5521 2753 5567 et
2776 5497 3041 5573 ministros
3068 5528 3187 5567 suos
3233 5500 3405 5582 ignem
3430 5520 3689 5566 urentem
3725 5512 3897 5581 (Psal.
3944 5526 3951 5533 '

685 5711 707 5737 ι
748 5700 829 5754 Al.
860 5719 1022 5757 servo.
1054 5703 1219 5761 Forte
1243 5705 1387 5759 Ιωυο.

685 5770 707 5805 δ
750 5769 1043 5831 Utrohique
1084 5773 1177 5832 illi.
1221 5775 1424 5829 scilicet
1463 5777 1668 5838 angelo.
1705 5778 1775 5833 At
1821 5780 1889 5836 al.
1942 5780 2166 5836 Suiritus
2195 5784 2346 5838 ille...
2382 5801 2563 5845 corpus
2591 5785 2736 5839 illud.
