4140 6346
2248 276 2315 285 .—~
2402 284 2443 293 qv

224 392 321 453 ῚΠ
350 388 355 391 “
868 408 880 421 ο
1415 384 1500 439 DE
1539 377 1765 439 STATU
1803 379 1841 432 Α

1942 374 2037 431 LE
2078 376 2205 432 LIB.
2245 374 2287 431 Ι.
2385 389 2404 407 ·
3380 369 3488 427 7η

224 528 325 575 cm,
362 510 441 582 4).
472 508 655 580 ignem
685 525 812 564 vero
861 521 970 562 non
999 519 1116 561 esse
1163 501 1430 573 spiritum,
1469 505 1527 554 et
1556 496 1805 568 spiritum
1835 495 1889 555 Α
1912 506 1980 547 eo
2009 491 2127 561 ipso
2153 489 2241 545 vel
2275 490 2508 544 maxime
2532 501 2643 559 quo
2666 486 2890 543 meavit.
2919 483 3053 541 Nam
3081 491 3138 541 et
3164 486 3395 542 animam
3426 498 3490 543 a-

224 579 447 677 perintle
477 579 654 673 ignem
684 617 790 655 non
821 614 966 663 esse,
998 594 1340 651 manifestum
1383 599 1483 646 est.
1531 588 1667 655 Quia
1700 601 1807 641 non
1913 585 2057 640 nima
2085 584 2511 655 prmatantiorem
2550 597 2696 653 saepe
2728 589 2784 637 et
2808 581 3118 653 experimur
3144 587 3199 637 et
3243 579 3489 656 dicimus.

225 649 345 752 istic
376 649 666 763 allegorice
706 689 904 760 aliquid
951 685 1324 757 accipiendum
1353 688 1468 744 est,
1514 679 1651 733 sicut
1680 675 1810 730 illud
1912 680 2022 737 Nec
2052 649 2232 734 tamen
2261 678 2504 735 eamdem
2531 649 2692 749 quam
2718 649 3014 733 secundum
3040 649 3338 747 potentiam
3363 688 3517 746 prter

224 788 311 843 ubi
345 787 425 840 ait
455 784 710 840 Dominus
742 802 755 835 :
792 781 975 854 Ignem
995 780 1107 850 veni
1136 779 1337 832 mittere
1362 776 1415 828 in
1444 782 1631 825 terram
1654 766 1805 838 (Luc.
1914 772 2230 827 similiorem
2258 769 2501 845 dicimus,
2526 767 2821 825 secundum
2847 768 3049 824 molem
3077 781 3196 837 qua
3237 765 3380 822 nulla
3418 764 3496 820 mi

224 898 316 945 xu,
355 878 470 948 ω),
501 892 621 932 cum
671 875 737 930 de
780 880 971 929 sancto
1000 870 1203 942 Spiritu
1245 867 1467 923 diceret.
1498 862 1616 917 Non
1664 860 1809 915 enim

225 971 374 1028 credi
406 969 486 1025 las
527 975 610 1024 est
638 968 845 1021 animas
888 965 1150 1020 humanas
1180 960 1247 1015 ad
1294 970 1533 1011 amorem
1572 953 1812 1007 divinum

227 1063 650 1136 participatione
706 1058 932 1128 angelici
987 1056 1208 1127 spiritus
1276 1048 1627 1113 inﬂammari;
1685 1045 1808 1116 quia

224 1156 424 1211 eodem
452 1154 598 1210 dono
633 1152 810 1206 bonus
846 1157 929 1205 est
955 1148 1139 1211 homo,
1173 1160 1280 1215 quo
1324 1142 1499 1198 bonus
1540 1145 1623 1193 est
1651 1151 1814 1207 ange-

227 1249 333 1313 Ius,
366 1253 426 1301 et
477 1244 668 1300 eodem
716 1242 860 1297 dono
909 1246 1136 1308 uterque
1180 1236 1374 1290 beatus
1414 1239 1516 1287 est.
1556 1219 1731 1283 'Ambo
1760 1226 1815 1281 id

225 1341 406 1412 ipsum
437 1336 629 1393 eadem
658 1334 959 1397 voluntate;
992 1330 1181 1385 eodem
1213 1326 1417 1382 scilicet
1446 1322 1635 1393 spiritu
1666 1329 1691 1357 η
1720 1335 1813 1373 cu-

226 1410 410 1503 piunt.
443 1428 615 1483 Ambo
642 1426 748 1480 hoc
776 1422 915 1479 idem
959 1422 1275 1490 incorporea
1317 1415 1612 1486 capacitate
1642 1410 1816 1482 perci-

227 1502 413 1594 piunt.
442 1518 508 1573 Et
537 1518 595 1571 lit
643 1516 825 1578 homo,
859 1513 1099 1582 angelus,
1131 1518 1185 1565 et
1230 1508 1369 1562 Deus
1401 1521 1536 1560 unus
1564 1502 1814 1573 Spiritus,

226 1614 385 1686 juxta
417 1608 731 1682 Apostolum
779 1606 1042 1661 dicentem
1078 1621 1090 1655 :
1126 1599 1227 1666 Qui
1274 1600 1502 1654 adhaeret
1541 1594 1650 1650 Deo
1686 1609 1818 1647 unus

229 1685 449 1779 spiritus
496 1712 574 1758 est
619 1701 661 1773 (i
707 1699 827 1755 Cor.
860 1714 930 1763 vi,
964 1696 1074 1768 i7).
1106 1694 1225 1749 Non
1278 1700 1459 1748 autem
1509 1688 1665 1743 video
1711 1701 1820 1755 quo

1942 1710 2118 1749 nanus
2144 1691 2344 1757 multae,
2376 1704 2537 1760 quam
2568 1686 2789 1757 singula:
2817 1685 2905 1740 vel
2947 1685 3200 1749 retinent,
3235 1686 3318 1741 vel
3346 1685 3507 1741 susti-

230 1806 397 1869 paeto
446 1810 643 1865 corpus
691 1794 1012 1862 incorporeo
1060 1782 1459 1854 comemperari
1507 1786 1708 1850 queat,
1763 1784 1822 1831 ut

1942 1788 2160 1850 tinent,
2189 1783 2275 1837 vel
2303 1780 2629 1853 propellunt.
2680 1777 2833 1832 Nunc
2877 1775 3260 1845 consequentia
3309 1774 3509 1846 disqui‘

233 1905 376 1944 unus
427 1886 646 1958 spiritus
671 1883 792 1955 jure
819 1882 1046 1959 dicatur.
1092 1877 1148 1932 Si
1178 1875 1323 1931 enim
1360 1886 1556 1942 corpus
1595 1876 1677 1925 est
1705 1867 1823 1921 ani-
1854 1872 1903 1932 Β
1930 1895 2127 1935 ramus.

232 1999 345 2045 ma,
378 1978 746 2034 immutabitur
774 1989 903 2045 ergo
948 1982 1290 2042 corporeum,
1322 1975 1382 2022 ut
1412 1979 1530 2021 esse
1576 1979 1696 2019 cum
1742 1961 1826 2015 in-

234 2087 510 2144 corporeo
540 2086 705 2124 unum
735 2068 923 2142 possit.
959 2064 1135 2134 Atque
1164 2063 1239 2117 ita
1268 2061 1336 2116 ad
1384 2060 1529 2114 illam
1559 2057 1828 2111 rationem

237 2162 554 2220 necessario
602 2158 827 2224 reditur,
862 2173 963 2225 qua
1008 2156 1387 2223 incorporeum
1427 2147 1625 2217 aliquid
1656 2147 1830 2202 creari

238 2255 487 2326 potuisse
516 2251 731 2306 dicitur.
765 2247 899 2302 Nam
934 2247 979 2301 si
1009 2250 1190 2316 potest
1235 2257 1300 2297 ex
1350 2252 1615 2309 corporeo
1654 2237 1833 2291 incor-

241 2362 472 2418 poreum
521 2343 653 2408 ﬁeri,
686 2340 862 2412 potuit
898 2347 955 2393 et
997 2352 1066 2392 ex
1109 2334 1277 2390 nihilo
1314 2331 1504 2388 creari.
1538 2328 1648 2383 Nisi
1694 2327 1835 2382 forte

243 2442 464 2497 dicatur
492 2432 950 2493 incommutabilis
976 2430 1119 2483 Deus
1146 2426 1311 2481 veluti
1341 2436 1742 2494 corporascere,
1776 2427 1837 2473 ut

246 2547 420 2588 unum
448 2528 620 2601 possit
649 2540 768 2581 esse
797 2539 919 2579 cum
954 2534 1200 2591 corpore.
1228 2515 1333 2573 Sed
1360 2515 1465 2571 hoc
1503 2512 1836 2584 perditorum

247 2621 631 2693 quorumpiam
661 2616 794 2672 ﬁdes
820 2614 1047 2679 habeat;
1079 2611 1202 2682 quia
1230 2610 1274 2665 si
1302 2607 1385 2663 vel
1417 2606 1608 2675 angelo
1635 2604 1719 2659 vel
1744 2602 1837 2657 ho-

251 2714 389 2769 mini
420 2712 693 2768 adhaerere
737 2708 849 2764 Deo
893 2707 1097 2762 bonum
1140 2712 1245 2765 est,
1279 2718 1386 2757 non
1417 2699 1482 2754 ad
1529 2706 1833 2753 creaturam

252 2805 678 2863 deteriorabitur
705 2809 921 2859 creator
945 2795 1415 2860 incommutabilis,
1448 2791 1542 2848 sed
1571 2790 1639 2845 ad
1678 2804 1833 2846 crea-

252 2906 430 2953 torem
459 2895 732 2953 mutabilis
760 2900 1005 2950 creatura
1032 2887 1296 2962 proﬁciet.
1332 2886 1483 2942 Unde
1512 2886 1567 2939 in
1591 2882 1836 2951 Evange-

253 2991 326 3045 lio
357 2988 615 3044 Dominus
652 2987 780 3043 dicit
812 3003 824 3039 :
859 2983 1041 3049 Pater,
1071 2985 1176 3038 sint
1221 2982 1317 3036 isti'
1356 2983 1410 3034 in
1465 2977 1610 3033 nobis
1654 2992 1831 3037 unum,

256 3082 385 3136 sicut
411 3090 461 3134 et
488 3097 583 3136 nos
602 3096 778 3134 sumus
804 3093 963 3132 unum
995 3075 1172 3148 (Joan.
1201 3090 1325 3138 xvn,
1356 3065 1467 3144 2i).

853 3186 1081 3245 CAPUT
1114 3180 1230 3241 XV.

256 3282 411 3349 Quod
443 3300 691 3355 corporea
732 3281 906 3336 omnia
948 3279 1285 3355 adiunctione
1327 3278 1408 3333 sui
1454 3277 1657 3350 majora
1704 3277 1837 3348 ﬁant

1916 872 2019 929 est,
2051 860 2319 921 credimus
2346 878 2467 919 esse
2512 861 2793 932 majorem.
2824 861 2959 917 illud
2987 861 3151 917 etiam
3194 874 3295 916 nec
3324 865 3378 914 te
3407 866 3521 913 ar-'

1916 956 2091 1011 bitror
2116 952 2354 1020 diiiiteri,
2385 954 2679 1027 quamlibet
2704 952 2901 1009 multas
2929 952 3136 1008 animas
3152 949 3393 1024 perfecte
3413 964 3501 1005 sa-

1919 1048 2128 1117 pientes
2173 1062 2283 1101 non
2330 1046 2449 1117 plus
2494 1059 2684 1117 sapere
2725 1044 2867 1100 idem
2918 1043 3095 1099 anima
3140 1042 3377 1115 perfecte
3418 1055 3500 1097 sa—

1918 1137 2101 1208 piente
2134 1155 2148 1191 :
2181 1152 2281 1194 nec
2309 1137 2453 1209 quod
2483 1152 2587 1192 una
2616 1134 2939 1192 omnimodis
2960 1135 3107 1192 volet
3134 1136 3333 1202 anima,
3358 1133 3501 1190 mul-

1919 1238 2001 1285 tas
2021 1229 2078 1284 id
2107 1228 2429 1284 omnimodis
2459 1226 2689 1284 volendo
2711 1226 2831 1298 plus
2851 1226 2992 1283 velle
3018 1243 3032 1279 :
3061 1241 3161 1283 nec
3182 1225 3328 1296 quod
3357 1241 3504 1297 qua:-

1919 1339 2132 1392 cunque
2162 1322 2365 1393 optime
2393 1320 2729 1387 meminerit,
2772 1320 2971 1375 multas
3009 1319 3203 1375 melius
3228 1319 3504 1374 memoriae

1921 1416 2213 1471 tenacitate
2256 1414 2583 1469 meminisse.
2637 1410 2847 1483 Corpus
2892 1426 3020 1468 vero
3066 1418 3122 1466 et
3168 1410 3289 1481 plus
3341 1410 3507 1465 habet

1922 1509 2175 1583 ponderis
2203 1522 2455 1577 magnum
2493 1520 2653 1575 quam
2691 1519 2913 1574 parvum
2932 1545 2947 1569 ,
2979 1510 3034 1558 et
3060 1498 3287 1558 validior
3313 1517 3508 1573 corpo-

1925 1619 2044 1659 rum
2073 1599 2359 1656 multitudo
2406 1612 2568 1668 quam
2613 1596 2886 1667 paucitas,
2918 1603 2973 1650 et
3017 1594 3205 1653 fortius
3231 1594 3507 1666 quippiam

2519 1941 2750 1999 CAPUT
2776 1940 2896 1997 XVI

2352 2038 2564 2091 Animas
2592 2050 2704 2088 esse
2727 2035 3079 2103 incorporeas.

2005 2152 2238 2217 Habent,
2289 2150 2502 2220 inquis,
2537 2148 2730 2202 animm
2770 2145 3062 2202 secundum
3091 2158 3151 2199 se
3177 2150 3371 2214 corpus
3409 2158 3517 2215 quo

1935 2244 2251 2307 subsistunt,
2284 2241 2410 2295 licet
2438 2238 2662 2293 multum
2694 2245 2750 2291 et
2790 2234 3279 2306 incomparabiliter
3302 2233 3519 2290 tenuius

1935 2352 2102 2408 quam
2128 2342 2312 2389 nostra
2340 2339 2464 2387 sunt
2492 2345 2737 2401 corpora.
2771 2327 3081 2397 Accipiatur
3112 2326 3205 2392 ita,
3237 2326 3283 2381 si
3312 2325 3384 2380 ita
3412 2332 3519 2382 est.

1936 2427 2071 2483 Illud
2101 2425 2424 2497 respondeas
2454 2421 2632 2486 velim,
2672 2421 2802 2488 Quis
2839 2430 2922 2476 est
2950 2420 3051 2475 iste
3078 2419 3168 2491 qui
3208 2418 3336 2474 dicit
3368 2437 3392 2484 τ,
3412 2417 3520 2475 iia-

1938 2522 2030 2578 bet
2070 2521 2247 2575 anima
2291 2531 2487 2589 corpus
2534 2514 3030 2585 incomparabiliter
3058 2514 3306 2579 tenuius,
3356 2527 3519 2584 quam

1938 2622 2122 2671 nostra
2149 2620 2275 2668 sunt
2299 2610 2569 2682 corpora?
2596 2608 2653 2664 Si
2670 2609 2858 2663 anima:
2886 2608 3047 2666 verba
3081 2609 3179 2662 ista
3208 2614 3352 2671 sunt,
3374 2600 3547 2678 quod'

1937 2722 2134 2777 corpus
2164 2720 2283 2760 esse
2312 2718 2469 2758 suum
2498 2701 2630 2757 dicit
2653 2701 2797 2771 quod
2828 2700 2940 2771 ipsa
2964 2710 3063 2766 est,
3097 2708 3187 2754 aut
3215 2700 3356 2754 istud
3378 2699 3523 2770 quod

1937 2799 2205 2859 sentiiicat
2247 2800 2568 2866 vegetatque
2597 2795 2835 2849 carnale.
2871 2787 3011 2863 (Ipsa
3059 2794 3201 2847 enim
3249 2792 3377 2846 dicit
3405 2793 3525 2846 ani-

1938 2910 2027 2948 ma
2080 2910 2092 2945 :
2144 2890 2379 2944 Tenuius
2442 2893 2526 2942 est
2581 2899 2778 2954 corpus
2834 2884 3063 2947 animm,
3115 2897 3277 2952 quam
3330 2878 3565 2953 corpus

1940 2983 2166 3051 meum.)
2214 2978 2368 3047 Quod
2416 2985 2500 3032 est
2545 2989 2740 3044 corpus
2767 2973 2911 3043 quod
2956 2988 3104 3027 suum
3148 2972 3289 3027 dicat
3326 2972 3526 3037 anima,

1944 3077 2046 3131 nisi
2094 3072 2223 3128 illud
2250 3071 2394 3142 quod
2440 3070 2557 3141 ipsa
2586 3075 2667 3124 est
2692 3107 2707 3132 ,
2739 3068 2783 3122 si
2827 3082 3022 3136 corpus
3067 3072 3149 3121 est
3177 3064 3393 3119 anima?
3422 3064 3528 3119 Aut

1942 3168 2104 3238 igitur
2132 3164 2310 3219 anima
2350 3177 2546 3232 corpus
2575 3167 2675 3226 est,
2709 3174 2809 3215 nec
2835 3165 2981 3214 recte
3003 3172 3198 3228 corpus
3225 3155 3365 3212 istud
3404 3172 3528 3212 car-

1944 3276 2106 3318 ueum
2150 3274 2306 3316 suum
2341 3255 2466 3313 dicit
2492 3298 2509 3324 ,
2540 3269 2664 3327 qma
2712 3261 2892 3326 potius
2921 3251 3049 3308 illul]
3079 3258 3162 3307 est
3200 3267 3355 3305 suum
3384 3250 3529 3319 quod

1861 3234 1914 3303 Ο

297 3358 374 3409 'ct
416 3351 576 3409 multa
615 3369 768 3423 quam
797 3366 996 3421 pauca;
1028 3351 1331 3423 incorporea
1366 3367 1481 3403 vero
1528 3351 1705 3423 anima
1745 3364 1837 3403 nec

328 3432 581 3499 augeatur
607 3420 662 3478 in
685 3420 875 3487 multis,
900 3439 992 3476 nec
1018 3423 1283 3475 minuatur
1308 3422 1360 3474 in
1383 3420 1619 3491 singulis.

330 3540 438 3595 Nec
484 3553 613 3594 vero
660 3536 807 3592 credi
857 3535 982 3591 licet
1028 3548 1367 3603 quorumque
1405 3527 1840 3604 conjunctio'nem

258 3647 548 3704 corporum
570 3630 829 3685 unitatem
857 3626 1130 3683 Trinitatis
1170 3626 1385 3692 imitari,
1416 3634 1510 3681 aut
1540 3626 1716 3694 eidem
1755 3626 1839 3679 in-

261 3726 648 3785 confusibiliter
703 3738 861 3795 posse
908 3706 1143 3778 misceri.
1197 3719 1353 3775 Patet
1401 3720 1544 3774 enim
1599 3717 1840 3788 liquido,

262 3818 542 3890 quodlibet
588 3833 751 3872 unum
790 3830 987 3885 corpus
1034 3814 1177 3884 paris
1218 3810 1459 3880 corporis
1505 3806 1847 3877 adjunetione

264 3910 544 3982 duplicari.
576 3907 701 3961 Esm
729 3906 839 3959 illic
882 3919 1112 3968 sursum,
1152 3902 1436 3963 deorsum,
1480 3899 1745 3963 dextrum,
1774 3897 1848 3951 si-

268 4002 518 4064 nistrum,
542 3995 779 4051 anterius
799 4002 960 4062 atque
978 3992 1264 4063 posterius.
1287 3990 1416 4045 Esse
1439 3989 1546 4044 illic
1565 3995 1664 4059 pro
1687 3987 1847 4042 modo

272 4090 673 4164 magnitudinis,
694 4087 1098 4164 longitudinem,
1123 4083 1474 4143 latitudinem,
1494 4079 1845 4135 altitudinem.

272 4187 334 4244 In
365 4156 499 4240 vDeo
524 4156 1087 4252 veroipsa'l’rinitate
1114 4175 1273 4244 hujus
1313 4168 1662 4228 secabilitatis
1690 4178 1745 4225 et
1772 4170 1854 4225 lo-

272 4278 505 4336 calitatis
531 4283 711 4347 partes
735 4281 791 4329 et
828 4271 999 4343 spatia
1027 4283 1151 4325 esse
1176 4282 1282 4323 non
1320 4263 1575 4331 dicimus,
1603 4262 1671 4317 ad
1704 4261 1855 4331 cujus

273 4369 679 4427 similitudinem
727 4381 889 4421 unum
938 4378 1049 4427 nos
1082 4376 1202 4417 esse
1246 4364 1532 4428 secutique
1566 4356 1705 4412 uniri
1747 4357 1884 4411 non“

276 4477 468 4535 posse,
500 4459 630 4516 dicit
658 4446 772 4529 ipse
797 4457 890 4537 qui
918 4454 1061 4521 fecit,
1093 4454 1234 4509 sicut
1272 4451 1326 4506 in
1365 4448 1676 4521 apostolicis
1704 4445 1879 4523 Acti-_

1943 3356 2057 3427 ipsa
2087 3361 2170 3409 est
2195 3371 2206 3405 :
2240 3360 2331 3406 aut
2366 3350 2407 3406 si
2443 3348 2578 3404 Istud
2607 3362 2803 3416 corpus
2827 3346 3017 3399 animm
3046 3358 3241 3414 corpus
3263 3353 3366 3407 est,
3391 3340 3527 3412 ipsa,

1943 3454 2005 3501 ut
2028 3445 2186 3501 datur
2208 3441 2453 3509 intelligi,
2497 3455 2607 3492 non
2642 3446 2726 3491 est
2751 3451 2966 3505 corpus.
3000 3432 3131 3487 Post
3169 3431 3354 3487 itidem
3395 3449 3529 3487 con-

1941 3537 2137 3593 sultori
2165 3549 2265 3589 suo
2308 3532 2387 3586 sic
2425 3528 2666 3598 loquitur
2696 3545 2708 3577 :
2754 3522 2950 3595 Objicis
2991 3523 3115 3576 milii
3150 3520 3265 3576 ideo
3301 3523 3533 3575 animam

1946 3648 2051 3686 non
2081 3644 2193 3682 esse
2220 3638 2542 3695 corpoream,
2582 3620 2703 3692 quia
2725 3635 2815 3671 nec
2838 3616 3019 3670 (oculis
3048 3616 3135 3681 sit,
3164 3631 3257 3668 nec
3285 3615 3535 3688 qualitate

1946 3728 2037 3775 aut
2064 3717 2351 3793 quantitate
2388 3700 2634 3766 subsistat
2664 3727 2681 3763 :
2719 3708 2855 3781 quod
2892 3706 3036 3778 cujus
3075 3705 3287 3778 periculi
3320 3707 3389 3761 sit
3430 3724 3534 3761 ενδ·

1950 3813 2089 3876 dere,
2130 3812 2186 3863 in
2222 3802 2651 3878 consequentibus
2688 3798 3172 3857 demonstrabimus.
3220 3795 3376 3851 Nunc
3416 3815 3533 3852 vero

1948 3887 2005 3957 in
2028 3903 2122 3956 hoc
2152 3905 2403 3953 tractatus
2434 3894 2599 3949 nostri
2626 3900 2764 3948 statu
2788 3892 2963 3945 habita
2993 3890 3311 3944 discussione
3340 3889 3536 3960 pende-o

1954 3992 2045 4056 bit,
2076 4001 2131 4044 ut
2160 3991 2204 4044 si
2240 4005 2332 4043 nec
2362 3985 2542 4042 loculis
2570 3985 2639 4057 sit
2670 3970 2763 4037 nec
2796 3981 3076 4054 quantitati
3110 3978 3394 4049 subjaceat,
3426 3995 3537 4033 esss

1953 4101 2069 4139 eam
2105 4080 2316 4137 indubia
2362 4082 2725 4150 incorporeum
2773 4072 2977 4127 credas.
3022 4070 3082 4127 Si
3119 4088 3236 4126 vero
3282 4086 3397 4141 eam
3444 4071 3537 4125 de-

1954 4173 2406 4231 monstraverimus
2428 4170 2713 4244 quantitate
2727 4163 3067 4220 determinari
3086 4164 3257 4217 locare
3270 4162 3505 4216 concludi
3517 4179 3537 4228 ,-

1955 4272 2324 4337 consequenter
2349 4277 2466 4318 eam
2502 4260 2658 4314 etiam
2703 4271 2917 4328 corpore
2965 4254 3217 4308 contineri
3238 4292 3255 4319 ,
3304 4269 3396 4307 nec
3427 4254 3540 4325 ipse

1950 4358 2065 4429 jam
2094 4355 2313 4409 dubites.
2345 4351 2560 4407 Statum
2600 4363 2797 4418 nempe
2836 4351 3096 4401 tractatus
3126 4344 3204 4399 tui
3233 4344 3286 4398 in
3327 4343 3539 4400 articuli

1957 4426 2113 4507 istius
2151 4446 2462 4504 conditione
2489 4442 2838 4523 posuiSti,Vut
2878 4441 2921 4495 si
2951 4439 3139 4496 localis
3166 4446 3221 4494 et
3244 4438 3540 4509 quantitati
3638 4426 3649 4435 ‘

279 4557 379 4610 bus
414 4553 657 4622 legimus,
695 4530 839 4620 quod
868 4565 998 4601 unus
1043 4546 1359 4601 credentium
1381 4584 1395 4608 ,
1427 4558 1655 4614 unusque
1682 4540 1856 4595 volen-
1882 4612 1930 4622 _
1958 4540 2241 4611 subjacens
2264 4537 2443 4592 anima
2476 4534 2695 4605 probari
2720 4532 2925 4603 possit,
2949 4536 3344 4601 consequenter
3373 4530 3540 4589 etiam

266 4650 409 4719 _tium
436 4652 549 4699 erat
577 4644 778 4697 animus
807 4648 855 4694 et
881 4656 971 4693 cor
1008 4654 1169 4693 unum
1209 4635 1343 4707 (Act.
1379 4651 1450 4698 Iv,
1480 4612 1590 4703 52).
1622 4631 1737 4687 Non
1770 4639 1854 4685 ta-
1882 4612 1941 4673 Ῑ)
1960 4647 2221 4705 corporea
2254 4628 2567 4685 crederetur
2596 4646 2609 4681 :
2636 4642 2799 4698 quam
2843 4633 3025 4680 tamen
3055 4624 3215 4694 paulo
3248 4630 3373 4694 post
3399 4623 3540 4677 intra

284 4751 405 4791 men
451 4748 574 4789 reor
602 4732 794 4786 multas
822 4731 1027 4785 animas
1067 4729 1140 4782 ita
1178 4725 1279 4782 sibi
1325 4724 1489 4780 fuisse
1516 4722 1851 4792 conjunctas,

286 4838 343 4883 ut
369 4827 541 4895 major
579 4823 823 4896 qumdam
850 4838 917 4879 ex
944 4820 1125 4877 multis
1152 4819 1429 4874 animabus
1454 4816 1628 4871 anima
1669 4815 1821 4869 iteret
1838 4853 1853 4879 ,

285 4919 413 4989 quia
442 4916 673 4971 Trinitas
697 4929 794 4985 per
816 4927 973 4982 quam
995 4919 1050 4966 et
1076 4925 1197 4965 cum
1224 4923 1330 4978 qua
1359 4921 1546 4963 omnes
1567 4904 1723 4961 bona:
1746 4905 1860 4959 ani-

289 5024 387 5063 ma:
418 5007 549 5062 liunt
578 5020 760 5061 unum.
810 5002 835 5040 δ
875 5002 984 5056 Nec
1025 5002 1081 5054 in
1124 4999 1231 5053 ulla
1260 5012 1330 5052 ex
1368 4996 1557 5051 eadem
1601 4993 1863 5049 Trinitate

289 5113 518 5169 persona
541 5098 717 5151 minor
744 5099 827 5147 est
853 5106 1012 5160 quam
1042 5090 1094 5143 in
1121 5087 1309 5149 tribus,
1326 5101 1442 5159 .nec
1465 5087 1519 5139 in
1547 5085 1717 5139 tribus
1744 5099 1859 5137 ma-

284 5190 374 5258 jor
402 5197 483 5242 est
509 5202 665 5256 quam
698 5185 750 5238 in
779 5179 1018 5251 singulis.
1051 5177 1140 5234 Sic
1161 5186 1217 5233 et
1242 5177 1431 5231 animae
1457 5174 1706 5229 humana:
1734 5175 1860 5229 sub—
1888 5162 1891 5165 ⁷

287 5278 486 5335 stantia
516 5278 583 5331 ad
598 5275 725 5350 ejus
754 5271 1113 5329 imitationem
1150 5267 1301 5337 cujus
1340 5268 1517 5336 imago
1546 5272 1645 5333 est,
1677 5280 1777 5319 nec
1806 5264 1861 5319 in

288 5370 470 5425 multis
512 5364 800 5422 secundum
829 5363 1061 5432 aliquam
1090 5360 1287 5416 molem
1318 5358 1493 5429 major
1533 5365 1646 5425 est,
1679 5371 1780 5413 nec
1806 5356 1863 5411 in

289 5458 510 5529 singulis
531 5458 819 5513 secundum
842 5455 1073 5524 aliquam
1101 5452 1297 5509 molem
1324 5453 1519 5507 minor.
1551 5451 1685 5518 Quia
1712 5450 1861 5505 vide-

290 5552 415 5605 licet
440 5549 690 5621 potentiae
720 5554 843 5602 sunt
864 5545 983 5610 illic,
1017 5560 1123 5599 non
1150 5559 1394 5615 corpora.
1424 5541 1646 5597 Creatas
1683 5551 1862 5597 autem

291 5643 559 5710 potentias
585 5639 813 5694 creatrix
845 5639 1024 5705 utique
1063 5637 1297 5705 potentia
1332 5636 1453 5707 jure
1481 5637 1858 5705 supereminet,

371 5836 390 5859 ε·
433 5821 513 5873 ΑΙ.
548 5822 752 5875 cauiunt

1958 4723 2196 4795 pectoris
2235 4718 2506 4778 officinam
2555 4718 2848 4773 varietates
2894 4714 3284 4783 cogitationum
3321 4727 3540 4769 suarum
3574 4710 3577 4717 λ

1963 4816 2183 4885 lingere,
2205 4822 2261 4868 et
2280 4821 2459 4867 motus
2480 4812 2683 4880 agitare
2706 4805 3024 4877 pronuntias

2534 4914 2763 4972 CAPUT
2792 4913 2952 4971 XVII.

1966 5019 2206 5072 Animam
2252 5014 2365 5068 sine
2410 5011 2519 5064 ulla
2563 5010 2864 5132 άὶςεῖῧᾶιιία
2906 4999 3093 5075 ιοσάιί,
3143 5010 3302 5065 vitam
3342 5011 3546 5081 corpori

2209 5104 2221 5119 -
2661 5097 2703 5132 rt
2773 5095 2877 5132 ere.

2209 5104 2221 5119 '
2640 5095 2877 5133 mouere.

2039 5179 2115 5232 Ac
2144 5177 2373 5246 primum
2401 5174 2581 5245 quaeso
2603 5172 2933 5242 respondeas
2966 5192 2977 5226 :
3002 5171 3122 5243 Ipsa
3150 5173 3329 5227 anima
3351 5186 3461 5239 quo
3489 5170 3544 5224 in

1969 5270 2091 5324 loco
2136 5267 2207 5321 sit
2249 5263 2531 5335 corporis,
2582 5265 2636 5319 in
2668 5270 2785 5318 toto
2825 5272 2944 5330 est,
2987 5280 3055 5317 an
3100 5261 3153 5317 in
3182 5261 3369 5332 parte?
3396 5259 3451 5313 Si
3490 5260 3546 5314 in

1970 5348 2131 5431 parte
2157 5364 2257 5420 cst,
2285 5354 2741 5426 quemadmodum
2782 5339 3093 5409 universum
3119 5352 3318 5421 ubique
3352 5365 3547 5420 corpus

1971 5444 2155 5508 movet
2184 5457 2341 5520 atque
2380 5449 2684 5506 sentilicat?
2717 5447 2772 5501 Si
2801 5448 2854 5500 in
2883 5454 2998 5499 toto
3024 5450 3125 5509 est,
3156 5441 3427 5511 quomodo
3462 5442 3545 5497 in-

1974 5553 2053 5598 tra
2084 5542 2250 5597 solius
2277 5542 2514 5612 pectoris
2545 5538 2814 5594 omcinam
2848 5532 3203 5601 cogitationes
3236 5546 3364 5586 suas
3398 5530 3548 5602 lingit

1974 5643 2030 5692 et'
2048 5642 2228 5689 motus
2249 5632 2502 5687 exercet?
2535 5625 2871 5704 An_l‘orsitan
2901 5630 3007 5675 non
3036 5622 3209 5675 solum
3240 5622 3293 5675 in
3325 5632 3547 5692 pectore

2042 5814 2067 5852 δ
2107 5808 2428 5871 Ortbodox.,
2462 5796 2577 5861 Nec
2606 5801 2766 5857 nulla.
