4140 6346
574 293 683 355 ’119

1820 287 2134 346 MAMERTI
2171 286 2534 344 CLAUDIAM

3725 283 3846 343 720

574 417 687 478 est,
714 407 807 465 sed
836 411 998 463 etiam
1025 403 1083 460 in
1111 407 1289 476 capite
1323 421 1334 456 :
1367 418 1470 459 nec
1492 403 1546 458 in
1585 403 1760 473 capite
1791 410 2024 472 tantum,
2051 399 2148 456 sed
2173 404 2222 464 Α
2253 400 2427 469 Atque
2474 407 2532 453 ut
2577 397 2630 452 id
2677 396 2964 452 doceamus
3007 394 3272 466 exemplo,
3303 395 3524 465 digitum
3553 402 3702 452 certe
3729 397 3841 453 nisi

521 537 524 540 ~
571 504 629 558 in
649 501 830 573 planta
851 505 1013 567 atque
1042 495 1098 551 in
1119 495 1366 552 ossibus?
1386 493 1454 549 Et
1483 494 1785 565 ubicunque
1805 492 2041 547 animam
2071 491 2151 546 lo-

570 592 760 647 caliter
787 605 909 645 esse
939 585 1142 652 credis,
1176 587 1285 641 illic
1305 587 1469 640 etiam
1497 585 1742 641 localiter
1770 599 1960 655 sapere
1990 591 2044 638 et
2070 582 2151 638 lo-

569 679 1015 748 caliter‘eogitare
1034 677 1309 734 fateberis.
1329 676 1395 731 Et
1414 677 1672 747 quoniam
1692 677 1738 732 si
1762 689 2025 745 corporea
2046 681 2148 739 est,

568 780 796 829 eatenus
835 772 980 826 inest
1007 769 1262 840 corpori,
1305 777 1366 822 ut
1395 769 1534 824 sicut
1563 783 1700 838 aqua
1732 774 1907 820 utrem
1938 765 2151 819 minore

567 863 654 921 sui
683 870 838 933 parte
867 861 1108 916 minores
1137 867 1320 930 partes
1368 858 1484 928 ejus
1523 858 1783 928 impleat,
1834 863 1890 911 et
1943 854 2151 923 majore

568 955 836 1025 majores;
869 953 1176 1009 necessario
1206 952 1466 1020 sequitur,
1500 958 1561 1005 ut
1605 958 1662 1005 et
1691 949 1864 1019 major
1894 949 1966 1002 illi
2011 948 2152 1015 cogi-

569 1047 703 1102 tatio
743 1046 796 1100 in
843 1052 1066 1115 pectore
1104 1044 1206 1108 sit,
1251 1049 1306 1097 et
1335 1042 1513 1097 minor
1551 1043 1605 1096 in
1634 1041 1802 1110 digito
1837 1059 1848 1092 :
1884 1047 2046 1108 atque
2076 1039 2150 1094 ita

569 1143 791 1207 quotam
821 1144 1032 1206 partem
1052 1134 1277 1207 quisque
1307 1133 1551 1203 corporis
1580 1131 1811 1186 viventis
1840 1131 2150 1195 absciderit,

569 1238 742 1285 totam
771 1243 987 1297 quoque
1016 1232 1225 1296 partem
1245 1225 1438 1279 animae
1465 1215 2041 1295 vegetantis‘abscidit.
2075 1221 2152 1278 Ac

569 1338 668 1394 per
714 1323 820 1377 hoc
850 1336 957 1375 non
988 1327 1135 1374 tanta
1167 1319 1269 1374 erit
1314 1319 1368 1372 in
1417 1318 1596 1371 anima
1645 1317 1829 1386 utique
1857 1315 2019 1370 debili
2065 1315 2152 1371 vel

570 1409 841 1480 cogitandi
891 1409 1009 1475 vis,
1063 1409 1148 1464 vel
1209 1408 1451 1478 potentia
1502 1406 1901 1461 reminiscendi.
1955 1406 2151 1462 Aerem

570 1517 806 1572 namque
837 1503 927 1572 (ex
957 1517 1064 1571 quo
1105 1509 1197 1555 aut
1226 1500 1313 1555 cui
1341 1498 1572 1554 similem
1605 1499 1843 1553 animam
1873 1514 1992 1554 esse
2021 1514 2150 1569 pro-

572 1594 813 1662 nuntias)
836 1592 1107 1648 dividuum
1129 1591 1525 1660 secabilemque
1555 1607 1718 1645 nemo
1747 1591 1977 1645 dubitat.
2018 1591 2150 1646 Nam

569 1697 626 1741 et
655 1701 777 1742 cum
808 1683 997 1738 fiamus
1026 1691 1081 1738 et
1111 1679 1380 1745 rellamus,
1413 1681 1703 1753 particulas
1729 1681 1845 1751 ejus
1873 1682 2150 1736 haurimus

2253 498 2429 547 stante
2456 507 2618 545 manu
2663 503 2881 543 movere
2925 503 3030 542 non
3078 502 3401 557 possumus;
3443 497 3622 541 motus
3649 496 3837 542 autem

2251 582 2455 638 brachii
2497 582 2563 637 ab
2601 579 2806 634 humeri
2845 578 3134 634 stabilitate
3171 585 3275 633 est.
3313 576 3382 631 Et
3406 583 3467 631 ut
3493 593 3602 632 non
3631 569 3841 633 diutius

2252 673 2618 735 immorentur,
2658 671 2708 723 in
2739 667 3029 738 gradiendo
3064 668 3250 738 utique
3287 681 3384 737 pes
3423 681 3562 721 unus
3589 664 3840 736 ﬁgendas

2253 770 2352 827 est,
2385 768 2443 815 ut
2471 760 2606 816 alter
2632 759 2939 829 promoveri
2980 753 3160 826 queat.
3211 756 3358 812 Tene
3385 755 3567 812 istud:
3600 765 3630 794 ι
3659 757 3837 828 pauli-

2252 870 2375 924 sper
2421 853 2582 908 animi
2629 859 2833 907 motum
2895 867 2925 905 a
2975 851 3214 921 corporis
3259 858 3411 906 motu
3455 850 3832 907 discernimus.

2253 945 2384 1000 Nam
2413 945 2551 999 sicut
2572 986 2584 1010 ,
2616 951 2675 998 ut
2697 957 2857 1012 supra
2884 941 3084 996 dictum
3113 949 3226 1006 est,
3256 940 3398 997 Deus
3425 941 3690 998 stabiliter
3711 959 3837 999 mo-

2251 1046 2425 1101 vetur,
2456 1037 2533 1092 sic
2561 1037 2737 1090 anima
2767 1035 3150 1106 temporaliter.
3176 1033 3495 1106 Temporale
3523 1042 3608 1092 est
3627 1045 3820 1094 autem

2253 1131 2398 1200 quod
2427 1129 2586 1200 paulo
2617 1138 2741 1184 ante
2770 1129 2998 1199 superba
3016 1169 3031 1195 ,
3063 1144 3206 1184 nunc
3232 1128 3478 1195 humilis;
3508 1129 3662 1200 prius
3687 1130 3808 1185 laeta

2255 1238 2397 1277 nunc
2448 1221 2642 1286 tristis;
2692 1220 2879 1275 dilexit
2906 1228 3030 1276 ante
3054 1261 3068 1286 ,
3120 1235 3261 1275 nunc
3286 1219 3430 1287 odit;
3459 1221 3612 1292 prius
3634 1221 3837 1291 aliquit.

2254 1312 2458 1377 oblita,
2504 1328 2645 1366 nunc
2690 1311 2950 1365 meminit.
3017 1309 3332 1380 Hujusmodi
3376 1318 3556 1367 autem
3595 1313 3906 1370 tuotibus‘

2253 1407 2431 1460 anima
2462 1421 2569 1459 non
2599 1403 2962 1458 communicat
2996 1403 3242 1472 corpori,
3271 1403 3464 1473 quibus
3491 1404 3719 1459 immoto
3753 1404 3836 1458 ni-

2255 1495 2543 1550 hilominus
2588 1509 2818 1564 corpore
2870 1502 3138 1549 movetur.
3190 1492 3340 1549 Unde
3398 1495 3556 1551 datur
3609 1495 3838 1564 intelligi

2256 1587 2486 1641 animam
2516 1603 2612 1656 per
2651 1595 2860 1656 tempus
2889 1585 3170 1641 illocaliter
3197 1586 3422 1651 moveri,
3451 1592 3616 1656 atque
3644 1589 3712 1642 ab
3739 1602 3837 1642 ea-

2253 1677 2374 1732 dem
2432 1693 2626 1747 corpus
2684 1685 2740 1732 et
2799 1676 3169 1746 temporaliter
3209 1685 3264 1731 et
3306 1677 3550 1732 localiter
3597 1679 3839 1748 moveri;

569 1788 627 1834 et
663 1777 937 1834 reddimus
960 1815 974 1840 ,
1009 1791 1142 1844 quas
1189 1775 1244 1829 in
1275 1783 1486 1845 pastum
1513 1773 1681 1828 totius
1709 1774 1950 1844 corporis
1998 1789 2149 1830 venae
2177 1783 2227 1844 Β
2253 1768 2496 1824 eamdem
2527 1783 2652 1824 vero
2679 1784 2710 1823 a
2737 1783 2964 1838 corpore
2991 1767 3234 1824 localiter
3258 1769 3480 1825 moveri.

568 1870 672 1924 illze
699 1868 921 1938 capiunt
948 1882 1084 1936 quas
1125 1869 1374 1942 ἀρτηρίας
1406 1863 1578 1919 Graeci
1617 1873 1846 1931 vocant;
1878 1881 1976 1935 per
2017 1880 2150 1934 quas

567 1961 710 2016 idem
757 1975 851 2014 aer
899 1960 953 2014 in
998 1967 1493 2029 temperamentum
1544 1959 1706 2012 trium
1755 1959 2148 2012 elementorum

564 2052 880 2123 pulmonum
929 2065 1146 2120 quoque
1177 2048 1442 2103 indefessa
1474 2049 1772 2117 agitatione
1801 2048 2146 2118 dispergitur.

563 2145 671 2200 Sed
712 2144 758 2199 si
796 2146 1022 2200 haustus
1049 2157 1161 2210 aer,
1188 2142 1339 2212 juxta
1369 2141 1694 2197 sententiam
1726 2150 1906 2207 tuam,
1940 2140 2006 2194 ad
2034 2137 2151 2194 ani-

564 2255 669 2294 mre
709 2237 943 2307 pertinet
971 2243 1220 2306 pastum,
1261 2235 1386 2303 quia
1420 2233 1626 2288 scilicet
1655 2249 1741 2288 res
1771 2234 1916 2288 aeria
1947 2247 2148 2288 conve-

566 2331 783 2386 nienter
822 2329 984 2383 alitur
1012 2344 1138 2382 aere
1175 2347 1186 2380 :
1221 2341 1348 2395 ergo
1373 2368 1387 2393 ,
1438 2327 1577 2381 sicut
1605 2342 1764 2396 supra
1795 2325 1996 2380 dictum
2026 2333 2110 2379 est
2131 2363 2147 2388 ,

567 2437 693 2476 cum
726 2411 965 2488 corpore
1012 2418 1156 2487 quod
1206 2424 1418 2486 vegetat
1463 2417 1658 2487 recipit
1705 2417 2023 2471 sectionem.
2054 2415 2151 2470 Vis

566 2518 715 2566 certe
746 2509 1023 2564 memoriae
1043 2507 1109 2561 ad
1131 2514 1302 2561 totam
1324 2507 1442 2561 sine
1462 2508 1760 2576 quaestione
1781 2507 2015 2576 pertinet
2043 2505 2152 2559 ani-

565 2617 733 2657 mam.
789 2599 962 2654 Omne
1017 2613 1180 2668 porro
1237 2613 1434 2666 corpus
1497 2597 1796 2666 quamlibet
1850 2610 2146 2662 magnum,

564 2692 866 2764 quamlibet
893 2707 1136 2762 parvum,
1170 2690 1341 2746 secari
1372 2689 1617 2759 profecto
1647 2697 1826 2759 potest
1852 2708 1864 2741 :
1897 2689 2041 2758 quod
2072 2687 2151 2742 id-

551 2785 709 2840 ‘circo
741 2784 815 2838 illi
845 2781 1071 2847 accidit,
1105 2783 1228 2853 quia
1270 2783 1514 2853 partibus
1542 2789 1776 2838 constat.
1811 2782 1944 2837 Nam
1991 2781 2148 2852 quid-

563 2876 693 2947 quid
723 2883 931 2946 partem
979 2875 1166 2940 habet,
1200 2884 1379 2945 potest
1417 2876 1605 2946 utique
1634 2877 1797 2931 dividi
1823 2917 1838 2941 ,
1870 2877 1994 2947 quia
2025 2891 2150 2947 pars

563 2976 745 3038 potest
776 2984 804 3021 a
836 2977 988 3038 parte
1015 2967 1216 3022 divelli.
1251 2967 1590 3038 Quapropter
1619 2969 1664 3022 si
1694 2984 1890 3038 corpus
1919 2976 2002 3024 est
2031 2969 2146 3023 ani-

564 3074 674 3124 ma,
706 3058 898 3126 recipit
927 3059 1114 3126 utique
1154 3058 1452 3113 sectionem
1488 3076 1500 3110 :
1532 3059 1577 3113 si
1606 3059 1798 3130 recipit
1827 3061 2143 3124 sectionem,

2320 1863 2384 1916 ll.
2427 1860 2602 1931 Atque
2631 1870 2689 1915 ut
2717 1861 2820 1917 hoc
2847 1861 3041 1931 ipsum,
3071 1861 3116 1915 si
3143 1875 3250 1930 quo
3278 1861 3440 1917 modo
3463 1877 3683 1933 queam,
3711 1879 3836 1918 ver-

2251 1955 2334 2009 bis
2363 1954 2580 2024 planum
2610 1953 2823 2019 faciam,
2857 1953 3143 2008 attentiore
3170 1953 3301 2007 mihi
3330 1942 3535 2010 lectore
3564 1971 3703 2026 opus
3731 1965 3838 2012 est.

2250 2045 2392 2102 Ecce
2433 2045 2499 2100 ad
2538 2045 2738 2115 aliquid
2774 2044 3112 2101 scribendum
3154 2045 3237 2101 vel
3268 2044 3720 2102 fabrefaciendum
3780 2057 3838 2105 ut

2250 2154 2444 2194 manus
2501 2146 2780 2192 moveatur
2825 2137 3017 2191 anima:
3062 2147 3223 2192 nutus
3275 2136 3588 2194 intenditur.
3641 2139 3837 2198 Anima

2252 2219 2599 2306 conspicatur
2645 2228 2992 2298 incorporeas
3037 2229 3319 2284 illocaliter
3364 2228 3560 2284 formas
3585 2271 3599 2297 ,
3631 2231 3831 2301 quibus

2253 2322 2726 2379 indissociabiliter
2765 2320 2950 2390 juncta
2973 2363 2989 2387 ,
3045 2323 3156 2378 sive
3203 2324 3499 2393 superjecta
3543 2324 3824 2393 subjectis,

2250 2414 2366 2469 sive
2392 2413 2633 2483 subjecta
2679 2412 2993 2483 superjettis
3015 2454 3030 2479 ,
3079 2421 3136 2468 et
3161 2414 3460 2470 membrum
3487 2423 3596 2471 tota
3621 2425 3833 2483 movet,

2253 2515 2309 2562 et
2353 2507 2644 2562 formarum
2692 2506 3003 2561 varietatem
3053 2514 3164 2562 tota
3191 2507 3478 2564 sentilicat.
3517 2507 3650 2564 Cum
3677 2525 3838 2581 ergo,

2253 2609 2313 2654 ut
2339 2599 2539 2655 dictum
2567 2607 2667 2664 est,
2695 2599 2912 2655 aeternis
2938 2599 3043 2655 illis
3070 2600 3379 2671 eisdemque
3406 2616 3621 2673 semper
3648 2601 3841 2662 formis

2254 2691 2478 2754 intenta,
2511 2692 2574 2744 ad
2622 2691 2866 2762 exempla
2915 2691 3223 2747 earumdem
3269 2691 3565 2749 formarum
3596 2702 3838 2763 tetrago-

2251 2799 2401 2849 num,
2433 2782 2546 2837 sive
2576 2783 2910 2851 hexagonum
2947 2782 3032 2838 vel
3072 2783 3360 2840 rotundum
3387 2800 3715 2855 corporeum
3741 2803 3836 2857 per

2252 2889 2449 2945 corpus
2477 2871 2688 2928 ellicere
2736 2875 2980 2936 molitur;
3031 2881 3176 2930 certe
3204 2875 3249 2930 si
3288 2875 3547 2931 aliorsum
3575 2885 3837 2944 mentem,

2252 2966 2468 3022 oculum
2514 2965 2717 3020 scilicet
2743 2981 2928 3032 suum,
2962 2966 3213 3031 verterit,
3246 2975 3303 3020 ut
3331 2975 3458 3036 puta
3487 2968 3677 3023 volens
3705 2984 3838 3038 qua-

2252 3056 2406 3111 drum
2437 3055 2613 3111 facere
2641 3055 2928 3110 rotundum
2968 3056 3199 3125 cogitet;
3249 3065 3344 3110 aut
3381 3057 3570 3112 volens
3597 3059 3840 3117 scribere
3927 3113 3931 3116 .

565 3149 759 3218 recipit
805 3149 1285 3210 imminutionem;
1341 3151 1386 3204 si
1435 3151 1866 3205 imminutionem
1918 3153 2143 3222 recipit,
2175 3150 2222 3215 (ἶ
2253 3144 2403 3202 Pauli
2433 3163 2658 3210 nomen.
2691 3147 2892 3216 cogitet
2933 3137 3137 3204 nomen.
3168 3147 3403 3204 Simonis
3439 3168 3451 3202 :
3496 3165 3677 3208 nonne
3705 3169 3838 3224 pro-

564 3242 774 3314 perdita
823 3243 1052 3312 quisque
1081 3241 1187 3295 vivi
1217 3241 1460 3312 corporis
1489 3250 1644 3312 parte
1665 3284 1680 3307 ,
1713 3243 1904 3298 aninue
1932 3259 2147 3313 quoque

563 3333 764 3406 perdit
790 3342 1021 3404 partem.
1065 3332 1199 3388 Cum
1251 3342 1404 3404 parte
1434 3350 1560 3390 vero
1607 3334 1800 3389 animm
1855 3336 1994 3406 perit
2024 3351 2147 3406 pars

562 3426 853 3482 memoria).
907 3426 1099 3481 Anima
1147 3441 1276 3496 ergo
1323 3426 1472 3495 cujus
1519 3428 1803 3482 imminuta
1842 3429 2144 3484 substantia

561 3525 666 3579 est,
700 3517 876 3572 minus
918 3517 1079 3573 debet
1126 3518 1312 3587 utique
1354 3519 1684 3574 meminisse.
1719 3518 1795 3574 Ac
1823 3536 1920 3590 per
1966 3521 2072 3575 hoc
2099 3521 2146 3576 si

562 3605 764 3660 localis
801 3615 884 3660 est
914 3607 1093 3661 anima
1119 3647 1133 3671 ,
1167 3608 1484 3662 multimoda
1515 3617 1696 3677 potest
1724 3611 1963 3666 sectione
1997 3626 2146 3666 com-

561 3697 772 3763 minui,
819 3704 876 3752 et
922 3697 1224 3766 frequentia
1264 3699 1708 3754 comminutionis
1754 3700 1977 3754 aboleri.
2038 3701 2146 3757 Sed

559 3791 684 3860 quia
725 3790 869 3845 istud
898 3805 1048 3846 mens
1076 3806 1227 3855 sana,
1268 3806 1336 3845 ne
1369 3789 1543 3846 dicam
1574 3790 1752 3858 docta,
1783 3809 1893 3846 non
1922 3793 2142 3864 recipit;

559 3889 619 3938 ut
649 3882 929 3937 illocalitas
951 3882 1141 3937 animae
1164 3892 1426 3952 quantum
1453 3899 1550 3952 per
1579 3899 1678 3938 nos
1707 3883 1805 3937 sub
1833 3900 1936 3954 ope
1964 3884 2143 3940 divina

554 3973 787 4044 proferri
818 3974 1056 4044 potuerit
1096 3974 1268 4042 magis
1311 3982 1607 4045 appareat,
1677 3974 1744 4030 de
1775 3975 2009 4030 motibus
2043 3975 2146 4031 dis-

556 4076 805 4119 seramus
840 4083 851 4116 :
887 4065 1009 4134 quia
1041 4065 1262 4119 dubium
1305 4082 1415 4120 non
1464 4065 1601 4131 erit,
1653 4066 1795 4121 sicut
1821 4081 2018 4136 corpus
2061 4075 2146 4124 est

553 4156 704 4226 quod
735 4163 982 4210 movetur
1023 4158 1268 4213 localiter
1291 4197 1306 4224 ,
1339 4158 1414 4212 ita
1461 4174 1570 4213 non
1625 4174 1745 4216 esse
1774 4175 1970 4230 corpus
1999 4158 2141 4230 quod

556 4245 813 4304 localiter
841 4263 951 4301 non
981 4255 1249 4302 movetur.

1128 4335 1356 4392 CAPUT
1397 4337 1576 4392 XVIII.

1116 4427 1238 4482 Tres
1267 4444 1377 4483 esse
1408 4437 1593 4483 nactus.

2251 3238 2394 3293 tinus
2441 3239 2507 3294 ad
2556 3239 2607 3294 id
2662 3241 3064 3311 exprimendum
3110 3232 3224 3298 sive
3277 3241 3607 3312 figurandum
3658 3246 3838 3314 agitur

2249 3335 2430 3382 motus
2467 3329 2722 3395 membri,
2755 3329 2822 3384 ad
2857 3331 3001 3400 quod
3035 3331 3376 3400 cogitandum
3420 3335 3627 3390 transiit
3667 3344 3836 3392 nutus

2249 3418 2448 3474 animi?
2478 3420 2650 3476 Stabit
2686 3436 2814 3491 ergo
2851 3423 3029 3478 anima
3060 3423 3113 3478 in
3149 3427 3600 3497 contemplatione
3626 3428 3833 3485 forma-

2248 3531 2369 3570 rum
2426 3522 2483 3568 ut
2534 3524 2748 3570 moveat
2787 3532 2983 3586 corpus
3010 3517 3062 3572 in
3091 3516 3404 3587 ﬁguratione
3440 3519 3826 3578 formabilium.

2249 3606 2378 3674 Quae
2425 3607 2716 3661 formarum
2763 3609 2960 3663 veritas
3007 3609 3108 3664 nisi
3152 3611 3396 3666 rationali
3441 3611 3821 3680 conspicabilis

2249 3715 2358 3753 non
2387 3708 2486 3754 est.
2528 3698 2647 3754 Stat
2692 3699 2836 3754 enim
2883 3702 3056 3756 omnis
3103 3702 3270 3756 anima
3297 3702 3347 3755 in
3375 3701 3607 3771 appetitu
3635 3702 3810 3758 ratio-

2249 3791 2357 3850 nali
2404 3799 2459 3845 et
2506 3791 2558 3845 in
2607 3792 2853 3846 consilio.
2895 3791 3011 3847 Non
3061 3801 3237 3849 autem
3263 3791 3504 3848 credibile
3530 3801 3613 3848 est
3637 3793 3817 3863 quod,

2247 3897 2370 3936 cum
2418 3888 2549 3935 nutu
2595 3883 2787 3936 animze
2835 3883 3110 3952 scriptoris
3156 3899 3344 3938 manus
3388 3882 3451 3937 ad
3475 3882 3825 3940 scribendum

2246 3978 2510 4033 movetur,
2544 3972 2720 4025 anima
2749 3987 2962 4041 quoque
2982 3962 3172 4028 manus
3192 3973 3483 4042 agitatione
3502 3982 3786 4030 moveatur
3811 3994 3825 4029 :

2245 4079 2365 4133 quae
2389 4065 2490 4119 nisi
2520 4065 2816 4118 litterarum
2846 4065 3045 4120 formas
3075 4066 3419 4122 immobiliter
3446 4075 3608 4137 atque
3635 4067 3829 4124 illoca-

2245 4154 2369 4208 liter
2396 4155 2679 4224 aspiceret,
2714 4156 2929 4212 easdem
2960 4167 3106 4212 motu
3135 4157 3426 4227 digitorum
3455 4158 3698 4215 localiter
3728 4158 3834 4216 for-

2243 4259 2394 4320 mare
2421 4260 2528 4299 non
2557 4255 2760 4316 posset.

2314 4335 2400 4390 lll.
2441 4335 2548 4392 Sed
2596 4337 2819 4393 forsitan
2857 4339 3026 4396 dicis:
3075 4340 3166 4394 llla
3216 4356 3341 4411 pars
3385 4341 3576 4397 anima:
3615 4356 3740 4411 quae
3779 4343 3832 4400 in

2243 4428 2526 4483 scribentis
2572 4429 2750 4498 digitis
2792 4438 2874 4486 est
2895 4473 2910 4498 ,
2960 4433 3223 4500 movetur,
3255 4441 3310 4488 et
3338 4433 3542 4503 reliqua
3572 4450 3684 4490 non
3715 4451 3835 4490 mo-

627 4517 668 4572 l.
713 4518 846 4574 Tres
875 4533 1004 4588 ergo
1035 4525 1212 4574 motus
1239 4536 1376 4585 esse,
1413 4521 1666 4587 stabilem,
1695 4522 1968 4587 illocalem,
2000 4524 2140 4578 loca-
2166 4520 2218 4582 D
2244 4530 2416 4576 vetur.
2458 4521 2572 4577 lloc
2601 4523 2672 4578 illi
2712 4540 2875 4594 porro
2904 4525 3239 4581 contendunt
3275 4526 3367 4596 qui
3406 4526 3638 4582 animam
3701 4545 3834 4600 par-

553 4613 770 4684 lemque,
799 4611 910 4681 jam
940 4619 1125 4668 notum
1153 4621 1251 4667 est.
1284 4611 1502 4668 Stabilis
1532 4622 1710 4669 motus
1742 4614 1836 4669 Dei
1865 4623 1946 4670 est
1968 4655 1983 4680 ,
2015 4617 2137 4672 illo-

553 4707 686 4761 calis
732 4706 960 4772 animae,
1017 4706 1202 4762 localis
1247 4707 1509 4777 corporis.
1561 4693 1779 4762 Stabilis
1821 4717 2006 4764 motus
2056 4717 2139 4765 est

553 4797 700 4866 quod
730 4796 871 4852 Deus
917 4805 1220 4852 creaturam
1269 4812 1376 4852 non
1407 4813 1622 4867 semper
1649 4795 1806 4864 fecit;
1837 4798 1928 4853 sed
1960 4807 2137 4854 tamen

551 4887 802 4942 eamdem
843 4903 946 4941 non
989 4903 1125 4942 nova
1151 4889 1427 4944 voluntate
1456 4896 1583 4944 tunc
1607 4905 1792 4946 creare
1820 4891 1987 4946 voluit
2015 4908 2137 4948 cum

449 5003 452 5006 ι
547 4975 756 5031 creavit
778 5014 794 5040 ,
841 4976 966 5044 quia
1014 4991 1226 5047 semper
1273 4986 1398 5034 tunc
1424 4979 1594 5033 voluit
1623 4995 1807 5035 creare
1835 4998 1955 5049 cum
1984 4982 2129 5038 fecit.

545 5065 694 5122 Tunc
765 5065 1021 5136 temporis
1080 5065 1401 5134 significatio
1469 5076 1569 5123 est.
1631 5068 1846 5140 Semper
1903 5087 2008 5127 non
2063 5074 2132 5128 ad

543 5165 760 5227 tempus
782 5156 1030 5227 pertinet.
1076 5155 1216 5210 Tunc
1238 5170 1366 5224 ergo
1394 5158 1534 5213 istud
1562 5159 1630 5213 ad
1657 5161 1976 5232 principium
2003 5170 2131 5219 tem-

539 5250 694 5321 poris
739 5250 1009 5322 pertinet,
1047 5265 1160 5306 non
1187 5249 1254 5305 ad
1282 5258 1492 5321 tempus
1514 5293 1528 5316 ,
1562 5253 1683 5324 quia
1717 5262 2124 5326 temporaneum

537 5347 751 5395 motum
777 5340 1042 5396 stabilitas
1070 5341 1412 5413 sempiterna:
1437 5342 1724 5399 voluntatis
1755 5345 1994 5402 includit.
2049 5347 2126 5404 Ac

526 5424 642 5499 'per
669 5429 774 5486 hoc
815 5446 1029 5501 semper
1075 5440 1201 5487 tunc
1245 5431 1382 5486 velle
1428 5434 1634 5490 stabilis
1679 5444 1856 5492 motus
1883 5447 1982 5493 est.
2029 5439 2127 5494 llic

523 5529 762 5590 .oportet
800 5523 1028 5594 accipias
1068 5523 1197 5579 nihil
1225 5524 1428 5578 moveri
1460 5539 1616 5595 posse
1648 5527 1745 5582 nisi
1783 5529 1848 5582 ab
1877 5529 2118 5588 immoto.

520 5717 528 5730 ι
621 5700 644 5726 ⁸
686 5698 766 5754 Al.
801 5715 902 5757 cun
927 5701 1200 5771 paulisper.
1235 5702 1397 5758 Forte
1427 5703 1564 5759 dum.
2024 5749 2027 5751 -
2087 5745 2098 5778 ,

2243 4611 2391 4666 tilem
2421 4619 2639 4681 putant,
2671 4629 2975 4685 quanquam
3006 4615 3386 4672 indissociabili
3412 4620 3833 4688 consequentia,

2239 4703 2285 4757 si
2315 4717 2574 4772 corporea
2599 4704 2754 4772 foret,
2787 4708 2996 4777 partilis
3023 4708 3180 4763 foret.
3221 4707 3354 4775 Quia
3383 4717 3438 4764 et
3465 4710 3666 4779 partile
3689 4713 3836 4782 quod

2239 4811 2580 4866 corporeum,
2612 4805 2667 4852 et
2693 4814 3010 4869 corporeum
3035 4815 3193 4855 omne
3220 4799 3363 4871 quod
3390 4800 3603 4871 partile.
3645 4800 3837 4874 Inqui-

2239 4902 2420 4942 ramus
2467 4887 2627 4957 igitur
2673 4887 2716 4943 si
2764 4889 2987 4945 discindi
3017 4889 3068 4944 in
3097 4898 3279 4960 partes
3307 4890 3517 4944 animus
3553 4901 3754 4962 queat,
3785 4904 3838 4949 et

2243 4981 2479 5035 amoveri
2509 4989 2662 5052 parte
2690 4982 2770 5036 sui
2800 4999 2898 5053 pro
2927 4983 3172 5054 corporis
3201 4991 3353 5053 parte
3377 4984 3568 5054 possit,
3603 5001 3716 5042 nec
3745 5003 3832 5052 ne,

2238 5071 2535 5127 videamus.
2599 5073 2677 5129 Ac
2717 5075 2948 5144 primum
2991 5074 3116 5130 illud
3146 5073 3479 5130 excutiendae
3507 5078 3837 5145 quaestionis

2235 5163 2394 5234 hujus
2443 5166 2881 5237 potissimumque
2927 5167 2998 5220 sit
3041 5165 3214 5233 nobis,
3251 5173 3331 5234 ut,
3373 5166 3419 5221 si
3447 5165 3618 5221 habet
3649 5178 3838 5238 partes

2235 5255 2448 5311 animus
2473 5296 2486 5319 ,
2538 5259 2708 5313 secari
2756 5259 2925 5328 possit
2966 5259 3017 5313 in
3061 5267 3259 5329 partes.
3303 5255 3672 5314 Advertamus
3701 5274 3834 5330 ergo

2235 5347 2414 5402 animo
2434 5387 2448 5411 ,
2479 5351 2622 5418 quod
2659 5351 2862 5406 nullum
2900 5367 3095 5422 corpus
3136 5358 3228 5406 aut
3257 5350 3401 5418 tangi
3429 5349 3593 5414 simul
3626 5360 3832 5415 totum,

2233 5447 2324 5492 aut
2375 5440 2534 5495 simul
2583 5450 2799 5512 tangere
2852 5451 3021 5499 totum
3059 5450 3255 5514 potest.
3299 5440 3363 5494 Et
3403 5441 3583 5495 anima
3630 5444 3688 5498 in
3720 5445 3832 5499 suis

2233 5531 2532 5604 quibusque
2563 5538 2794 5591 motibus
2825 5537 2908 5591 vel
2940 5536 3144 5591 actibus
3176 5543 3286 5592 tota
3317 5533 3473 5588 simul
3503 5542 3608 5589 est.
3669 5535 3829 5601 Nam.

4101 911 4103 936 Α

3951 983 4104 1030 ,ΑΗ

4065 1205 4069 1214 ι

3947 1223 3966 1240 5
4057 1235 4060 1244 ι
