4140 6346
284 422 380 477 721

1469 420 1555 474 DE
1594 414 1813 476 STATU
1855 415 2092 473 ΑΝΙΜΕ
2134 413 2257 472 LIB.
2283 409 2337 473 Ἰ.

3441 420 3547 479 ’199

281 535 342 594 ut
370 553 529 608 supra
559 536 975 608 disputavimus,
1009 550 1169 592 omne
1205 551 1398 608 corpus
1426 535 1721 605 quamlibet
1746 550 1862 588 ma-
1890 539 1938 594 Α
1968 528 2198 584 essentia
2228 528 2426 582 divina.
2463 529 2668 585 Rursus
2694 543 2871 584 amma
2900 525 3132 585 humana
3161 544 3267 584 non
3297 531 3544 587 omnibus

275 647 476 700 gmnu,
527 631 819 700 quamlibet
855 631 1166 696 minimum,
1198 631 1358 684 habet
1388 627 1774 698 longitudinem
1805 635 1860 681 et

1965 620 2230 690 subjacet.
2273 617 2443 674 Porro
2469 636 2667 690 corpus
2695 621 2970 691 quodlibet
2999 622 3242 692 subjacet
3271 625 3538 681 omnibus.

274 723 634 778 altitudinem.
698 722 950 793 Subjacet
995 731 1175 779 autem
1221 737 1318 793 pro
1362 737 1585 777 numero
1626 720 1856 792 partium
1965 710 2096 766 Nam
2125 711 2194 770 de
2240 709 2352 766 Deo
2405 727 2513 766 non
2542 710 2767 767 dicimus
2814 713 2988 782 qualis
3015 722 3116 782 est,
3148 715 3273 785 quia
3301 730 3409 771 non
3439 731 3541 786 po-

271 829 375 870 sex
406 814 909 894 lntiqueqmotibus.
967 813 1211 869 Movetur
1250 822 1429 869 autem
1471 827 1632 868 omne
1659 826 1856 880 corpus

269 869 510 971 sursum,
540 889 790 962 deorsum
819 924 834 973 ;
885 907 938 960 in
967 905 1214 960 dextrum
1252 920 1314 962 ac
1348 905 1646 972 sinistrum,
1675 901 1854 972 prior-

269 1016 370 1056 sus
396 1010 452 1056 et
478 1009 767 1056 retrorsus.
806 998 1052 1055 Movetur
1088 1007 1266 1054 autem
1301 997 1463 1055 etiam
1504 1003 1655 1051 motu
1683 995 1853 1065 septi-

267 1109 384 1160 mo,
415 1092 556 1148 sicut
583 1100 665 1148 est
692 1100 824 1150 rotae
852 1101 907 1149 et
934 1092 1220 1164 sphaeroidi
1245 1109 1258 1144 :
1289 1091 1382 1162 qui
1404 1088 1646 1162 profecto
1674 1096 1852 1144 motus

263 1185 344 1241 ad
368 1186 683 1242 aeternitatis
710 1184 964 1240 indicium
991 1202 1021 1239 a
1049 1199 1128 1251 se,
1160 1191 1214 1239 et
1240 1198 1338 1253 per
1363 1197 1443 1247 se,
1475 1189 1530 1236 et
1558 1181 1610 1236 in
1639 1195 1698 1235 se
1725 1194 1851 1248 per--

263 1279 469 1348 agitur.
527 1277 696 1334 Omne
724 1273 886 1348 igitur
913 1293 1137 1350 corpus,
1168 1286 1226 1332 ut
1252 1276 1516 1341 diximus,
1547 1289 1641 1328 sex
1670 1281 1852 1344 partes

263 1368 515 1437 habens,
563 1385 659 1426 sex
705 1371 939 1426 motibus
978 1369 1299 1447 subjacens,
1349 1369 1511 1424 habet
1539 1367 1722 1436 utique
1751 1381 1850 1437 pro

261 1461 622 1517 crassitudine
668 1463 750 1517 sui
796 1463 995 1532 aliquid
1047 1463 1210 1517 etiam
1257 1459 1512 1516 medium.
1571 1457 1850 1514 Exteriora

263 1567 502 1621 namque
523 1552 574 1607 in
597 1553 912 1623 corporibus
934 1552 1154 1608 omnino
1177 1552 1321 1608 nulla
1348 1559 1548 1616 essent,
1573 1549 1617 1604 si
1639 1549 1850 1604 interna

265 1657 490 1712 quoque
520 1660 625 1699 non
669 1653 867 1700 essent.
907 1643 1192 1711 Quodlibet
1234 1659 1362 1715 ergo
1403 1659 1602 1714 corpus
1639 1641 1850 1698 etiamsi

262 1745 290 1771 ⁸
329 1736 566 1791 clausum
604 1752 765 1792 manu
803 1737 858 1792 in
885 1737 1239 1822 exteriorist
1267 1738 1376 1792 suis
1403 1751 1502 1808 per
1531 1743 1700 1790 totum
1731 1741 1850 1788 tan-

261 1836 444 1896 gatur,
475 1825 526 1880 in
556 1826 898 1882 interioribus
926 1837 1072 1883 certe
1100 1819 1207 1882 non
1238 1827 1491 1894 tangitur.
1533 1819 1669 1879 Hinc
1697 1831 1846 1894 patet

1961 813 2068 859 test
2093 803 2395 874 comparari
2441 805 2593 873 quasi
2623 803 2689 858 ad
2717 805 2858 859 aliud
2883 851 2898 875 ,
2930 815 2989 860 ut
3015 805 3246 874 dicatur,
3286 807 3408 864 talis
3437 816 3538 863 est.

1957 895 2068 962 Nec
2119 897 2346 953 dicimus
2387 903 2619 967 quantus
2665 905 2786 964 est,
2835 899 2961 968 quia
3002 915 3110 956 non
3145 899 3287 955 mole
3316 913 3540 969 magnus

1939 983 2058 1056 ,e'st.
2102 987 2211 1044 Nec
2237 988 2364 1059 quid
2393 987 2573 1052 habet,
2605 988 2730 1059 quia
2760 988 2891 1043 nihil
2921 1004 3027 1044 non
3056 990 3237 1046 habet.
3269 989 3377 1046 Nec
3403 1005 3539 1060 quo-

1954 1077 2117 1135 modo
2164 1087 2275 1145 est,
2325 1079 2449 1151 quia
2491 1081 2605 1150 ipse
2633 1079 2823 1136 modus
2851 1089 2949 1135 est.
3018 1081 3127 1136 Nec
3155 1081 3394 1137 habitum
3421 1081 3537 1152 ejus

1953 1171 2302 1241 inquirimus,
2330 1172 2455 1244 quia
2490 1171 2733 1228 continet
2771 1171 2969 1227 omnia.
3037 1171 3148 1228 Nec
3174 1173 3378 1238 locum,
3408 1173 3533 1243 quia

1951 1280 2060 1322 non
2089 1265 2191 1320 nisi
2219 1279 2416 1335 corpus
2445 1265 2497 1320 in
2528 1265 2648 1322 loco
2675 1273 2774 1321 est.
2829 1263 2936 1320 Nec
2967 1273 3203 1336 tempus,
3235 1266 3359 1336 quia
3389 1281 3532 1321 sem-

1949 1358 2228 1428 piternitas
2276 1366 2378 1413 est.
2435 1357 2546 1413 Nec
2579 1367 2789 1422 actum,
2839 1357 3094 1426 quoniam
3136 1357 3352 1426 quietus
3390 1359 3518 1425 agit.

1951 1449 2060 1507 Nec
2088 1452 2415 1522 passionem,
2441 1450 2566 1518 quia
2590 1467 2695 1504 non
2720 1450 2934 1520 patitur.
2965 1446 3083 1502 Jam
3111 1447 3340 1512 decima,
3367 1447 3532 1502 immo

1949 1543 2120 1614 prima
2149 1551 2231 1597 est
2257 1543 2370 1613 ipsa
2399 1542 2717 1608 substantia,
2747 1541 2814 1597 de
2843 1556 2946 1612 qua
2976 1541 3090 1596 haec
3115 1537 3528 1610 praedicamenta

1951 1641 2224 1690 texuntur.

2545 1701 2773 1757 CAPUT
2810 1701 2930 1756 XX.

2327 1795 2564 1848 Animam
2603 1794 2838 1864 qualitati
2865 1791 2956 1848 sub
2953 1793 3145 1863 jacere.

262 1895 431 1971 omne
459 1933 655 1989 corpus
685 1926 853 1974 totum
883 1918 1039 1974 simul
1068 1918 1215 1988 tangi
1244 1932 1352 1972 non
1381 1931 1559 1988 posse.
1598 1914 1709 1970 Nec
1736 1931 1844 1970 uno
1873 1907 1924 1970 Β
2018 1905 2259 1962 Humana
2302 1921 2430 1962 vero
2479 1906 2656 1960 anima
2704 1905 2842 1960 sicut
2869 1903 3222 1973 quantitatem
3253 1917 3358 1957 non
3387 1895 3526 1958 ri‘ci‘

266 2009 325 2063 in
354 2011 471 2067 loco
501 2026 619 2068 esse
667 2011 958 2083 quamlibet
1004 2011 1310 2077 minimum,
1355 2018 1526 2080 totum
1556 2023 1714 2080 posse
1729 2026 1753 2092 ,ε
1788 2015 1847 2062 ut

263 2112 398 2174 puta
445 2118 669 2173 granum
717 2106 1002 2176 papaveris
1048 2112 1140 2159 aut
1186 2104 1483 2174 quotalibet
1525 2118 1650 2174 pars
1696 2102 1847 2170 grani

265 2201 474 2274 ipsius:
525 2201 669 2272 quod
696 2202 803 2256 illic
832 2216 940 2255 non
970 2199 1134 2255 habet
1159 2198 1414 2277 inferiora
1441 2214 1538 2252 sua
1570 2197 1660 2252 ubi
1689 2211 1848 2266 supe-

266 2295 410 2349 riora
434 2335 452 2369 ,_
498 2311 598 2349 nec
645 2295 752 2349 illic
789 2294 1010 2349 dextera
1044 2293 1138 2366 ubi.
1162 2293 1414 2366 sinistra,
1448 2305 1547 2346 nec
1575 2291 1850 2369 anteriora

265 2385 377 2446 illic
405 2386 492 2441 ubi
528 2386 846 2456 posteriora.
909 2385 1097 2440 Anima
1143 2399 1274 2438 vero
1303 2392 1356 2438 et
1385 2391 1498 2437 tota
1528 2399 1625 2454 per
1652 2397 1847 2454 corpus

267 2477 433 2542 videt,
466 2489 522 2532 et
551 2463 672 2532 tota
695 2471 932 2530 visorum
961 2475 1170 2541 recolit,
1203 2483 1258 2530 et
1287 2483 1398 2530 tota
1428 2473 1615 2540 audit,
1647 2483 1702 2529 et
1732 2483 1845 2530 tota

268 2581 528 2643 song-pm
556 2567 934 2633 reminiscitur,
966 2574 1019 2622 et
1048 2573 1162 2621 tota
1190 2565 1464 2641 odoratum
1497 2575 1551 2622 et
1579 2574 1690 2621 tota
1712 2567 1843 2622 odo-

269 2672 388 2711 rum
418 2657 688 2723 meminit,
720 2665 774 2711 et
804 2667 914 2712 tota
941 2672 1036 2730 per
1062 2657 1327 2728 linguam,
1358 2665 1537 2728 atque,
1571 2665 1630 2711 ut
1656 2656 1846 2712 volunt

272 2749 380 2817 alii,
411 2763 510 2819 per
534 2733 768 2819 palatum
796 2765 1012 2818 sapores
1043 2750 1203 2804 sentit
1221 2750 1545 2819 eosdemque
1564 2749 1842 2816 discernit,

267 2846 323 2891 et
351 2846 464 2892 tota
496 2839 662 2907 tangit
706 2839 846 2918 lenia
890 2854 1112 2909 quasque
1150 2847 1205 2895 et
1243 2855 1464 2918 asyla;
1505 2848 1618 2896 tota
1647 2840 1842 2912 probat

259 2934 426 2997 atque
463 2928 748 2999 improbat.
809 2928 998 2984 Mirum
1027 2938 1206 2986 autem
1230 2930 1443 2986 videtur
1463 2932 1622 3000 juxta
1653 2945 1842 2985 neces-

261 3018 475 3074 sitatem
517 3019 800 3076 localitatis
843 3030 1173 3092 temporum,
1205 3024 1343 3079 sicut
1389 3038 1551 3093 supra
1589 3023 1838 3089 disserui,

259 3111 405 3180 quod
430 3111 608 3170 anima
635 3103 810 3169 totum
838 3127 1032 3183 corpus
1061 3120 1175 3168 tota
1206 3121 1433 3182 vegetat,
1466 3122 1520 3168 et
1543 3122 1656 3169 toto
1678 3114 1840 3168 nihil-

259 3205 474 3260 ominus
515 3205 728 3261 vivente
773 3221 1002 3276 corpore
1031 3212 1253 3276 totoque
1280 3206 1546 3262 sentiente
1564 3247 1580 3272 ,
1609 3221 1706 3278 per
1734 3207 1839 3261 tui-

1949 1999 2055 2069 pit,
2091 1999 2162 2053 ita
2190 1998 2431 2068 subjacet
2458 1998 2721 2068 qualitati.
2765 1997 2896 2052 Nam
2923 1997 2969 2051 si
2997 1996 3064 2051 de
3091 1995 3344 2066 quopiam
3371 1995 3527 2063 quale

1948 2090 2019 2144 sit
2065 2105 2260 2159 corpus
2305 2090 2422 2159 ejus
2472 2089 2788 2158 inquirimus
2814 2129 2829 2153 ,
2877 2089 2955 2142 sic
3002 2085 3250 2141 videlicet
3298 2085 3528 2154 qualitas

1949 2181 2195 2250 corporis
2243 2180 2525 2234 indicatur.
2582 2179 2778 2233 Flavus
2824 2187 2906 2233 est
2953 2178 3042 2234 ille
3065 2217 3081 2242 ,
3133 2177 3375 2232 oculatus
3421 2187 3522 2241 est,

1948 2270 2114 2341 pallet
2143 2270 2231 2324 ille
2258 2269 2343 2325 vel
2373 2268 2525 2338 niger
2553 2277 2652 2323 est.
2693 2268 2788 2323 Sin
2818 2283 2945 2324 vero
2975 2266 3042 2322 de
3070 2267 3249 2321 anima
3277 2267 3523 2321 consula-

1949 2378 2088 2427 mus,
2120 2363 2192 2417 ita
2221 2361 2374 2418 nobis
2401 2362 2631 2431 qualitas
2657 2361 2772 2430 ejus
2799 2360 3134 2417 ostenditur:
3165 2361 3392 2432 superba
3420 2369 3522 2426 est,

1948 2455 2163 2511 humilis
2191 2464 2299 2522 est,
2344 2455 2599 2511 iracunda
2623 2495 2638 2520 ,
2683 2443 2968 2524 tranquilla
2996 2461 3079 2509 est
3105 2472 3116 2506 :
3149 2453 3303 2508 valde
3332 2451 3521 2507 memi—

1947 2547 2045 2612 nit,
2076 2553 2169 2601 aut
2202 2547 2454 2602 celeriter
2489 2545 2839 2601 obliviscitur.
2881 2544 3161 2611 Quantitas
3189 2542 3370 2598 itidem
3399 2559 3517 2598 cor-

1945 2637 2090 2708 poris
2118 2637 2164 2691 si
2191 2645 2491 2706 quzeratur,
2518 2634 2640 2705 jure
2682 2635 2838 2691 nobis
2865 2634 3078 2699 dicitur,
3113 2634 3250 2690 illius
3279 2634 3331 2689 in
3362 2633 3523 2704 pedes

1941 2731 2176 2800 quinque
2205 2729 2540 2800 protenditur
2569 2728 2844 2798 longitudo
2862 2767 2876 2791 ,
2925 2727 3064 2782 latus
3091 2735 3174 2781 est
3201 2727 3411 2782 duobus
3439 2726 3522 2779 itic

1941 2823 2063 2878 dem
2115 2822 2376 2893 pedibus,
2429 2821 2589 2876 habet
2635 2821 2689 2876 in
2739 2834 2922 2874 crasso
2977 2817 3326 2873 tantumdem.
3388 2815 3524 2871 Num

1941 2912 2214 2982 quantitas
2261 2912 2452 2964 anima:
2499 2910 2616 2964 istis
2674 2909 2917 2976 signatur
2962 2907 3203 2971 indiciis,
3233 2914 3324 2960 aut
3353 2905 3405 2959 in
3436 2905 3524 2964 illa

1943 3005 2162 3072 longum
2213 3003 2299 3058 vel
2347 3003 2514 3056 latum
2559 2999 2646 3056 vel
2694 3001 2923 3072 spissum
2978 2997 3176 3069 aliquid
3216 2997 3523 3053 invenitur!

1944 3095 2096 3163 Quod
2125 3096 2168 3149 si
2199 3095 2272 3149 ita
2301 3103 2422 3158 est,
2473 3101 2624 3148 tanto
2669 3091 2896 3163 quisque
2935 3090 3154 3161 majoris
3181 3090 3284 3146 erit
3311 3091 3524 3154 animm,

1943 3195 2146 3256 quanto
2187 3185 2426 3257 corporis
2463 3184 2782 3256 capaciOris.
2839 3184 2948 3240 Nec
2987 3199 3220 3254 unquam
3251 3182 3525 3254 perexigui

258 3295 464 3352 nimam
489 3305 700 3367 partem
728 3298 969 3368 corporis
991 3339 1006 3364 ,
1057 3297 1202 3366 quod
1229 3308 1313 3353 est
1341 3299 1505 3365 visus,
1540 3307 1651 3354 tota
1680 3300 1838 3356 simul

1944 3277 2184 3352 corporis
2247 3277 2520 3335 hominem
2580 3275 2978 3346 magnanimum
3027 3289 3155 3330 vere
3203 3274 3524 3337 diceremus,

253 3387 456 3458 accipit
505 3387 721 3444 formas.
794 3387 864 3444 Et
922 3405 1018 3460 per
1063 3387 1298 3458 ejusdem
1344 3391 1587 3460 corporis
1632 3399 1840 3461 partem

254 3479 406 3547 quod
453 3487 536 3534 est
581 3469 819 3546 auditus,
871 3488 982 3536 tota
1028 3480 1184 3535 simul
1211 3481 1404 3552 accipit
1430 3496 1608 3538 voces.
1648 3480 1716 3536 Et
1743 3497 1842 3553 per

253 3567 531 3636 exiguum.
564 3570 774 3624 narium
820 3571 1116 3626 membrum
1164 3572 1329 3627 sentit
1357 3579 1469 3628 tota
1497 3570 1835 3643 fragrantias.

255 3659 329 3714 Et
356 3677 452 3731 per
477 3663 722 3731 gustandi
749 3679 962 3719 sensum
991 3672 1104 3719 tota
1130 3663 1384 3734 dijudicat
1410 3680 1662 3736 saporum
1689 3663 1840 3720 diffe—

254 3755 483 3810 rentias.
524 3754 592 3808 Et
635 3756 806 3810 calida
853 3757 942 3826 vel
983 3755 1168 3825 frigida
1196 3772 1407 3811 summo
1439 3765 1643 3810 tantum
1673 3755 1840 3823 digito

257 3853 375 3900 tota
406 3846 683 3902 discernit.
743 3847 799 3902 Si
829 3862 956 3916 ergo
987 3848 1230 3902 localiter
1265 3855 1384 3902 tota
1418 3846 1571 3901 adest
1597 3845 1753 3900 oculo
1783 3855 1841 3901 ut

259 3934 479 4000 videat,
528 3936 798 4002 quomodo
845 3937 1092 3990 omnibus
1131 3936 1287 3991 simul
1315 3936 1560 3990 sensibus
1591 3944 1701 3990 tota
1730 3952 1838 3992 non

258 4026 453 4091 deest,
487 4032 544 4078 ut
574 4024 769 4094 ubique
800 4033 909 4080 tota
938 4027 1169 4092 sentiat,
1219 4033 1274 4081 et
1319 4025 1556 4094 singulas
1598 4026 1840 4096 corporis

256 4125 442 4188 partes
487 4131 597 4171 non
626 4117 865 4188 partibus
891 4119 1002 4173 suis
1023 4158 1038 4183 ,
1071 4117 1163 4173 sed
1205 4125 1319 4173 tota
1347 4117 1375 4156 δ
1403 4128 1633 4188 vegetet,
1667 4128 1720 4172 et
1747 4134 1843 4188 per

256 4206 532 4263 diversum
561 4209 720 4262 simul
749 4217 862 4264 tota
901 4208 1205 4264 sentiﬁcet?
1249 4207 1382 4264 Cum
1423 4223 1550 4278 ergo
1580 4212 1693 4265 hzec
1721 4211 1840 4264 ani-

253 4314 401 4354 mam
452 4299 698 4354 localiter
749 4300 974 4355 actitare
1024 4302 1392 4370 persuaseris,
1444 4309 1571 4356 tunc
1617 4302 1842 4357 localem

253 4392 390 4447 mihi
437 4391 680 4446 eamdem
731 4393 816 4448 vel
861 4393 1107 4463 partilem
1158 4391 1521 4464 persuadebis.
1567 4391 1635 4465 Et
1665 4401 1842 4448 tamen

253 4485 373 4540 haec
401 4484 575 4540 adhuc
603 4485 782 4541 omnia
812 4485 1014 4540 homini
1040 4485 1337 4554 bellumque
1365 4486 1667 4541 communia
1695 4494 1840 4541 sunt.

845 4617 1074 4675 CAPUT
1100 4619 1220 4675 XIX

608 4732 792 4788 Anima
815 4734 1088 4807 quantitati
1117 4752 1220 4791 non
1248 4733 1496 4810 subjacet.

725 3824 886 3838 ..ρ-.-

328 4843 490 4914 Igitur
535 4845 580 4898 si
629 4844 908 4903 illocalitas
954 4848 1144 4902 animae
1185 4849 1271 4904 vel
1300 4848 1636 4918 aliquatenus
1663 4863 1832 4918 appa-

252 4933 398 5000 ruit,
430 4949 551 4988 cum
581 4937 817 4991 nondum
847 4936 913 4993 de
940 4937 1216 5018 principali
1237 4979 1252 5004 ,
1295 4939 1399 4994 hoc
1424 4948 1539 5003 est,
1568 4938 1636 4993 de
1665 4940 1833 4993 ratio-

254 5023 368 5078 nali
413 5034 602 5080 nostro
646 5026 1061 5098 disputaverim;
1094 5029 1147 5082 in
1175 5043 1282 5097 quo
1310 5029 1494 5097 utique
1518 5030 1835 5098 incorpora-

253 5115 381 5168 litas
433 5124 592 5186 atque
641 5117 923 5171 illocalitas
982 5117 1178 5171 clarius
1237 5117 1466 5171 elucebit
1511 5135 1524 5170 :
1574 5125 1838 5185 quatenus

253 5207 437 5261 anima
466 5224 565 5264 nec
592 5209 876 5278 quantitati
904 5208 1179 5278 subjaceat
1214 5209 1554 5265 disseramus.
1588 5219 1609 5246 ε
1639 5205 1832 5274 Quam-

254 5298 389 5352 libet
417 5298 505 5352 ubi
536 5299 778 5354 localitas
807 5314 914 5355 non
944 5309 1044 5366 est,
1076 5300 1349 5370 quantitas
1371 5313 1489 5354 esse
1513 5314 1617 5353 non
1645 5297 1836 5368 possit,

253 5388 383 5456 quia
413 5389 512 5443 sibi
562 5390 633 5444 ita
684 5399 870 5446 mutuo
919 5391 1033 5447 haec
1080 5389 1266 5446 eadem
1319 5405 1455 5444 nexa
1507 5399 1632 5445 sunt
1661 5397 1838 5444 utaut

257 5488 545 5551 utrumque
593 5482 646 5536 in
697 5482 878 5552 aliquo
926 5498 1045 5537 esse
1089 5483 1284 5552 possit,
1337 5491 1429 5536 aut
1459 5491 1724 5537 neutrum.
1760 5479 1838 5535 Ex

257 5571 366 5626 illis
416 5572 767 5629 Aristotelicis
811 5572 1108 5643 Categoriis
1156 5576 1285 5630 nulli
1335 5591 1551 5646 prorsus
1599 5573 1839 5642 subjacet

1331 5683 1358 5712 κ

333 5783 362 5847 ξ·
398 5770 719 5847 Orthodox.,
751 5777 934 5847 plausu
955 5792 1216 5832 manuum.

331 5843 362 5886 δ
398 5843 484 5902 ΑΙ.
515 5861 576 5902 8t:
605 5843 816 5919 vegetet.

1943 3387 2065 3428 cum
2112 3371 2342 3439 ingentis
2403 3369 2750 3439 corpulentia:
2806 3365 3166 3438 pusillanimes
3214 3363 3526 3432 plerumque

1940 3462 2196 3518 dicamus.
2263 3460 2414 3514 Sicut
2441 3458 2667 3513 dicimus
2691 3495 2704 3520 ,
2753 3456 3125 3524 magnanimus
3165 3451 3377 3522 Moyses
3401 3465 3525 3506 cum

1943 3553 2108 3607 Rubri
2140 3552 2304 3605 maris
2332 3550 2444 3603 vias
2473 3547 2770 3618 intrepidus
2795 3545 2989 3600 ductor
3017 3543 3263 3602 intravit;
3302 3549 3355 3596 et
3375 3541 3525 3612 parvi

1941 3646 2102 3699 animi
2124 3643 2386 3714 populus,
2416 3640 2506 3709 qui
2536 3639 2640 3694 hoc
2668 3639 2844 3709 ipsum
2890 3636 3198 3692 facillimum
3237 3632 3380 3689 factu
3409 3632 3526 3688 fore

1940 3737 2052 3792 Deo
2099 3735 2448 3807 promittente
2495 3747 2604 3788 non
2654 3729 2899 3787 credidit.
2959 3727 3097 3784 Ecce
3135 3727 3316 3798 populi
3358 3726 3524 3780 totius

1941 3825 2120 3880 animo
2150 3824 2307 3879 unius
2348 3821 2579 3877 hominis
2607 3821 2844 3876 animum
2887 3818 3004 3872 sine
3030 3816 3375 3883 ambiguitate
3403 3828 3521 3868 ina-

1935 3918 2108 3987 jorem
2135 3916 2360 3971 dicimus
2388 3933 2400 3968 :
2423 3914 2671 3969 videlicet
2692 3913 2910 3975 virtute,
2932 3925 3040 3964 non
3065 3907 3226 3962 mole.
3258 3905 3523 3974 Quoniam

1938 4009 1985 4062 si
2028 4007 2170 4062 mole
2218 4006 2392 4074 major
2435 4003 2606 4058 moles
2657 4009 2819 4070 esset,
2864 4001 2949 4054 vel
2975 4000 3198 4053 duarum
3227 3997 3524 4050 animarum

1940 4113 2101 4168 quam
2131 4097 2310 4162 unius,
2343 4109 2451 4150 non
2477 4093 2602 4157 dico
2626 4092 2932 4146 multarum.
2985 4087 3081 4143 Est
3106 4101 3235 4155 ergo
3265 4088 3318 4140 in
3346 4084 3523 4139 anima

1942 4189 2174 4260 qualitas
2196 4229 2210 4252 ,
2257 4187 2352 4241 sed
2392 4183 2668 4255 quantitas
2697 4198 2804 4237 non
2832 4189 2949 4237 est:
2984 4178 3239 4251 quoniam
3270 4175 3413 4247 quod
3440 4173 3524 4227 af-

1944 4281 2177 4336 fectuum
2216 4276 2560 4332 mntabilitati
2603 4273 2842 4343 subjacet
2870 4313 2886 4338 ,
2930 4271 3242 4342 qualitatem
3291 4265 3520 4335 recipit;

1943 4371 2088 4441 quod
2117 4384 2243 4424 vero
2268 4383 2376 4422 non
2399 4366 2562 4421 habet
2587 4363 2805 4428 molem,
2827 4378 2934 4416 non
2957 4361 3118 4416 habet
3145 4358 3520 4429 quantitatem.

1945 4463 2080 4519 Hinc
2106 4475 2190 4518 est
2215 4460 2360 4531 quod
2386 4458 2657 4515 emoriens
2678 4471 2836 4511 omne
2866 4469 3063 4525 corpus
3091 4452 3382 4506 animatum
3412 4463 3522 4503 non

1944 4555 2141 4616 amittit
2176 4556 2408 4609 animam
2432 4592 2447 4617 ,
2500 4551 2595 4607 sed
2643 4549 2861 4605 dimittit
2897 4567 2909 4601 ε
2942 4548 3067 4618 quia
3115 4562 3221 4600 non
3250 4543 3522 4612 egreditur

1860 4668 1914 4730 ι)
1937 4647 2079 4718 quod
2107 4662 2216 4702 non
2246 4646 2532 4702 includitur
2563 4663 2577 4698 :
2635 4659 2736 4700 nec
2763 4641 3024 4697 amittitur
3050 4636 3198 4730 quod
3233 4652 3338 4690 non
3369 4642 3522 4730 tene-

1945 4748 2049 4795 tur.
2091 4737 2148 4794 Si
2177 4738 2318 4793 enim
2347 4745 2580 4802 tenetur,
2605 4750 2712 4790 non
2742 4733 3002 4787 amittitur
3029 4746 3045 4786 :
3075 4735 3130 4780 et
3157 4726 3200 4779 si
3233 4740 3338 4777 non
3367 4722 3520 4774 amit~

1944 4836 2167 4895 teretur,
2220 4843 2378 4883 nemo
2425 4833 2746 4881 moreretur.
2820 4819 2967 4874 Unde
3014 4831 3120 4870 non
3169 4813 3398 4884 poetice,
3428 4811 3521 4866 sed

1943 4919 2313 4988 philosophice
2342 4915 2596 4983 Papinius
2625 4913 2700 4965 ait
2727 4910 2750 4947 ι]
2780 4927 2793 4962 :

2100 5060 2152 5094 ι.
2179 5023 2278 5094 Odi_
2295 5027 2432 5071 artus
2447 5019 2769 5094 fragilemque
2789 5024 2917 5068 nunc
2939 5017 3157 5092 corporis
3179 5026 3339 5073 usum,

2105 5085 2374 5134 Desertore
2395 5085 2554 5130 animi.

2014 5206 2165 5274 Quod
2196 5214 2253 5260 ut
2279 5205 2449 5276 magis
2477 5210 2660 5276 pateat
2703 5203 2807 5259 hoc
2845 5203 3018 5274 ipsum
3046 5198 3352 5269 diligentius
3394 5209 3520 5249 ven-

1948 5299 2160 5353 tilemus
2181 5337 2197 5365 ,
2226 5305 2386 5366 atque
2415 5297 2483 5352 ab
2511 5305 2754 5352 extremo
2783 5295 3074 5351 viventium
3113 5303 3310 5358 genere
3338 5283 3404 5340 ad
3432 5301 3519 5339 ra-

1949 5389 2204 5445 tionalem
2249 5402 2462 5459 quoque
2505 5388 2667 5443 vitam
2707 5385 2992 5443 ordinatim
3030 5379 3400 5448 gradatimque
3427 5389 3519 5430 ve-

1949 5481 2178 5536 niamus.
2204 5479 2274 5534 Ut
2295 5479 2394 5534 tria
2417 5479 2504 5533 illa
2534 5478 2857 5538 metatoriam,
2881 5471 3170 5534 comitium,
3193 5465 3521 5532 uoluntatem,

1947 5570 2145 5640 quibus
2172 5571 2417 5625 humanae
2445 5568 2636 5623 animae
2663 5571 2878 5620 constat
2907 5559 3114 5624 unitas,
3138 5555 3328 5612 videre
3356 5556 3520 5625 possi-

2023 5787 2045 5815 ε
2089 5775 2172 5830 Al.
2206 5775 2349 5828 Licet
2377 5784 2425 5828 et
2448 5773 2554 5834 ubi,
2584 5777 2688 5824 etc.

2019 5845 2044 5884 ⁸
2084 5846 2285 5901 Statius
2308 5842 2563 5915 Papinius
2592 5840 2682 5894 lib.
2715 5853 2806 5893 vnt
2826 5833 3129 5894 Thebaidos
3155 5841 3416 5892 extremo.
