4140 6346
646 361 754 445 gas

646 582 932 650 commune
957 567 1047 623 sit.

1236 654 1464 713 CAPUT
1492 655 1627 711 XXI.
1660 654 1669 659 ”

679 752 987 808 Memoriam
1015 752 1261 806 rationali
1288 760 1338 805 et
1363 751 1661 807 irrationali
1700 751 1889 804 animle
1918 762 2191 803 commune

651 822 659 850 -'
854 824 965 878 esse
985 839 1003 877 :
1031 821 1265 897 quodque
1285 822 1456 878 omnis
1476 828 1715 876 creatura
1738 821 1806 874 sit
1828 819 2003 874 homo.

651 993 657 999 ,
710 934 753 989 l.
794 932 949 991 Unde
994 950 1105 992 non
1152 936 1357 1007 absque
1400 951 1532 992 vero
1579 935 1811 990 dicitur:
1867 933 1927 989 in
1964 933 2226 989 memoria

642 1040 763 1103 esse
812 1026 1046 1083 hominis
1090 1027 1421 1098 pecudisque
1466 1024 1776 1083 conﬁnium.
1828 1025 1963 1081 Nam
1989 1032 2045 1080 et
2070 1023 2227 1080 nidos

641 1117 866 1175 ciconia:
912 1126 1075 1188 atque
1120 1118 1435 1175 hirundines
1479 1126 1604 1189 post
1656 1133 1857 1173 annum
1881 1116 2139 1185 revisunt,
2172 1125 2228 1172 et

639 1209 764 1278 equi
789 1209 998 1266 stabula
1043 1217 1337 1282 repetunt,
1385 1220 1442 1266 et
1486 1226 1649 1268 canes
1687 1211 1936 1281 dominos
1958 1224 2226 1279 recogno-

639 1310 812 1377 scunt.
855 1301 963 1359 Sed
1002 1304 1256 1374 quoniam
1283 1304 1477 1382 anima:
1505 1304 1807 1359 belluarum
1834 1304 1936 1359 etsi
1965 1302 2225 1372 imagines

638 1392 882 1452 locorum
924 1395 1240 1451 naturaliter
1278 1396 1540 1461 retinent,
1574 1395 1740 1466 ipsius
1770 1382 1947 1451 tamen
1976 1394 2225 1449 substan-

643 1486 730 1539 tiae
756 1501 867 1541 suae
905 1488 1182 1543 scientiam
1227 1504 1333 1543 non
1363 1488 1582 1557 habent,
1623 1490 1676 1544 in
1705 1489 2081 1545 recordatione
2108 1503 2225 1544 cor-

640 1576 904 1645 poralium
933 1576 1114 1633 rerum
1141 1593 1276 1648 quas
1304 1594 1401 1649 per
1427 1581 1672 1650 corporis
1715 1595 1906 1636 sensus
1930 1580 2225 1635 hauserunt

642 1669 947 1725 necessario
983 1682 1285 1737 remanent,
1334 1680 1391 1728 et
1417 1672 1774 1728 ratiocinandi
1808 1688 1918 1729 non
1958 1672 2221 1727 habentes

636 1752 852 1814 oculum
876 1800 892 1826 ,
942 1776 1065 1817 non
1097 1761 1272 1818 dicam
1324 1777 1486 1833 supra
1511 1778 1571 1819 se
1616 1763 1835 1834 aliquid,
1866 1762 1961 1819 sed
1989 1777 2048 1818 se
2076 1763 2222 1833 ipsas

1885 351 2203 411 MAMERTI
2240 349 2605 422 cunnum
3809 349 3897 421 τις

644 442 787 545 mus,
807 473 1099 550 quamlibet
1121 472 1369 531 rationali
1396 479 1558 543 atque
1587 442 1883 527 irrationali
1913 469 2225 526 meminisse
2254 470 2304 531 Α
2331 468 2650 539 prolabitur.
2695 466 2817 523 Haec
2848 480 2975 535 ergo
3013 464 3351 521 dissonantia
3388 462 3790 519 contrariorum
3816 462 3910 519 sibi

3809 345 3911 403 716

2332 576 2620 632 corpon
2644 604 2658 628 ,
2710 567 2769 614 ut
2815 557 3099 630 quodlibet
3141 558 3328 614 vivens
3374 571 3573 627 corpus
3615 558 3834 620 existat,
3866 557 3910 611 iu

2270 684 2273 687 -
2331 653 2619 723 quamdam
2671 651 3064 709 concinentiam
3108 650 3319 720 cogitur
3348 654 3483 703 nutu
3511 648 3792 703 creatoris.
3841 643 3910 702 Et

2332 736 2416 799 his
2444 752 2625 816 autem
2653 742 2936 799 elementis
2982 750 3215 812 quatuor
3240 754 3360 811 quas
3386 739 3666 795 moderate
3692 737 3910 793 musice-

2331 850 2438 906 que
2466 836 2519 891 in
2567 837 2777 892 arboris
2822 836 2988 891 vitam
3036 834 3137 891 sibi
3161 834 3471 900 concinunt,
3502 832 3547 888 si
3572 830 3701 903 quid
3728 839 3907 887 contra

2330 931 2639 983 mensuram
2684 927 2773 983 vel
2812 926 3077 999 superfuit
3126 924 3268 981 forte
3315 924 3401 980 vel
3444 922 3644 988 defuit,
3674 923 3909 991 argi-acii

2330 1019 2495 1076 arbor
2539 1020 2653 1091 ipsa
2701 1019 2931 1090 primum
2957 1060 2971 1086 ,
3020 1018 3216 1075 dehinc
3255 1017 3521 1073 emoritur
3553 1014 3723 1071 veluti
3774 1014 3905 1070 victa

2330 1106 2610 1183 languore.
2662 1111 2854 1169 Gemis
2882 1112 3010 1173 istic.
3030 1110 3430 1169 dissonantibus
3457 1110 3525 1166 ab
3546 1108 3768 1164 unitatis
3799 1122 3906 1163 con-

2329 1193 2563 1261 cinentia
2609 1206 2855 1277 corporis
2896 1205 3166 1277 partibus,
3208 1204 3375 1259 vitam
3417 1201 3598 1273 potius
3626 1214 3656 1254 a
3684 1214 3903 1270 corpore

2327 1292 2505 1355 deseri
2550 1314 2713 1369 quam
2758 1299 2957 1354 dimitti
3003 1313 3034 1353 a
3078 1297 3189 1353 vita
3230 1311 3447 1367 corpus.
3502 1293 3734 1349 Constat
3754 1291 3902 1361 igitur

2327 1408 2543 1449 omnem
2596 1392 2764 1449 vitam
2815 1408 2918 1449 nec
2966 1390 3214 1449 localiter
3262 1387 3561 1446 abscedere
3602 1401 3635 1441 a
3661 1400 3897 1456 corpore,

2326 1481 2429 1541 nec
2457 1486 2510 1541 in
2541 1489 2773 1557 carpere
2802 1484 2950 1541 velut
2977 1484 3031 1540 in
3060 1484 3183 1540 loco
3209 1496 3329 1539 esse
3346 1524 3359 1549 ,
3392 1488 3494 1538 nec
3520 1478 3773 1537 localiter
3800 1483 3897 1533 cor-

2325 1576 2442 1646 pori
2474 1577 2751 1633 accedere.

2392 1667 2479 1723 Ill.
2522 1667 2622 1725 Hic
2649 1670 2693 1725 si
2722 1670 3013 1727 causalium
3041 1671 3311 1726 rationum
3338 1676 3547 1725 secreta
3575 1666 3784 1721 rimare
3801 1664 3893 1719 ani-

2322 1759 2650 1831 madvertas,
2683 1762 2810 1818 licet
2837 1762 3022 1819 defore
3045 1764 3134 1818 vix
3173 1762 3258 1818 his
3297 1761 3606 1817 viventibus
3656 1759 3890 1826 animam,

634 1851 819 1913 Videre
846 1869 954 1910 non
984 1862 1226 1925 possunt.
1260 1854 1472 1910 Gratias
1501 1869 1630 1924 ergo
1659 1856 1705 1911 si
1731 1871 1840 1912 non
1867 1864 2096 1925 quantas
2123 1855 2219 1911 de-
2246 1848 2299 1911 B
2322 1850 2417 1908 sed
2449 1868 2557 1909 non
2585 1853 2771 1911 defore
2799 1854 3176 1926 incorpoream
3203 1855 3389 1910 vitam.
3422 1852 3603 1924 Atque
3641 1861 3705 1907 ut
3751 1866 3890 1907 unum

627 1943 745 2017 bet,
777 1953 833 2000 at
860 1957 1093 2017 quantas
1120 1955 1333 2019 potest,
1374 1950 1606 2004 creatori
1634 1964 1732 2004 suo
1762 1936 1915 2005 totus'
1936 1949 2099 2004 homo
2127 1963 2217 2005 re-

633 2037 801 2109 ferat,
832 2038 945 2115 qui»
965 2037 1043 2093 illi
1070 2037 1355 2094 ineiiabilis
1386 2039 1731 2111 benignitatis
1758 2039 2006 2109 largitate
2034 2054 2219 2096 essen—

543 2114 605 2175 t/
633 2128 761 2184 tiam
789 2144 911 2192 cum
934 2128 1231 2201 lapidibus,
1272 2131 1436 2186 vitam
1464 2132 1776 2188 seminalem
1804 2147 1926 2188 cum
1953 2132 2135 2187 herbis
2163 2140 2218 2186 et

522 2259 598 2313 ν
630 2220 913 2293 arboribus
935 2259 951 2288 ,
994 2222 1159 2278 vitam
1205 2223 1507 2279 sensualem
1535 2224 1890 2294 eamdemque
1929 2222 2216 2279 animalem

504 2360 553 2421 ὶκ

512 2426 570 2476 ι]

630 2326 753 2367 cum
781 2312 1094 2383 pecudibus,
1144 2314 1311 2370 vitam
1359 2316 1679 2372 rationalem
1727 2331 1849 2372 cum
1891 2316 2095 2385 angelis
2121 2315 2217 2370 de-

631 2403 728 2465 dit.
768 2403 935 2474 Igitur
981 2416 1040 2461 ut
1087 2406 1376 2462 herbarum
1422 2423 1640 2482 quoque
1687 2416 1743 2464 et
1770 2408 2022 2464 fruticum
2053 2408 2215 2463 vitam

630 2494 1005 2565 iucorpoream
1033 2511 1155 2554 esse
1184 2506 1402 2567 pateat,
1454 2498 1805 2569 eamdemque
1843 2515 1951 2556 non
1980 2500 2154 2554 amitti
2182 2515 2214 2553 a

630 2600 877 2657 corpore,
906 2587 1002 2642 sed
1028 2573 1223 2644 dimitti
1254 2608 1266 2643 :
1299 2605 1482 2660 quaero
1511 2607 1541 2644 a
1572 2599 1658 2657 te,
1689 2591 1885 2646 herbas
1912 2599 1967 2646 et
1994 2591 2214 2646 arbusta

630 2690 809 2737 utrum
839 2699 906 2739 ne
958 2699 1123 2755 neges
1171 2686 1372 2752 vivere,
1406 2702 1474 2741 an
1516 2685 1738 2741 forsitan
1783 2687 1929 2742 dicas
1973 2687 2057 2742 his
2086 2687 2215 2757 ipsis

629 2774 929 2831 viventibus
974 2776 1243 2847 aliquibus
1292 2784 1350 2833 ut
1395 2778 1582 2832 vivant
1620 2779 1828 2833 animas
1870 2779 2065 2834 inesse.
2108 2777 2215 2834 Sed

618 2867 862 2943 Amimata
883 2868 930 2924 si
957 2877 1154 2937 essent,
1174 2878 1337 2926 motu
1380 2871 1601 2941 proprio
1626 2886 1735 2925 non
1763 2879 2043 2938 carerent,
2085 2871 2213 2940 quia

625 2968 750 3016 Iunt
792 2975 914 3030 qua:
956 2971 1243 3018 moventur
1280 2971 1432 3018 m'otu
1476 2978 1585 3018 non
1626 2965 1874 3034 proprio.
1936 2961 2214 3018 Sentirent

628 3051 791 3113 etiam
812 3052 1007 3108 vulnus
1035 3051 1313 3110 indictum.
1354 3054 1463 3110 Sed
1503 3056 1619 3115 haec
1667 3056 1862 3111 talibus
1889 3071 1998 3111 non
2036 3056 2213 3113 inesse

629 3142 713 3196 vel
730 3142 797 3198 de
816 3144 1020 3199 ossium
1048 3146 1308 3213 sectione,
1338 3155 1394 3202 et
1419 3148 1739 3217 capillorum
1763 3156 1925 3218 atque
1952 3149 2211 3218 unguium

2323 1945 2539 2016 aliquod
2561 1961 2631 2001 ex
2650 1946 2797 2002 omni
2818 1948 3083 2002 seminum
3113 1960 3311 2016 genere
3338 1938 3657 2014 deligamus,
3687 1956 3890 2013 granum

2321 2046 2471 2094 certe
2501 2038 2662 2094 tritici
2685 2047 2900 2109 quanta:
2922 2038 2993 2095 sit
3017 2036 3399 2107 magnitudinis
3426 2034 3650 2102 scimus,
3691 2040 3748 2089 et
3771 2033 3889 2102 ejus-

2302 2114 2444 2186 .dem
2492 2132 2793 2202 eapacitate
2836 2132 2920 2187 sui
2950 2139 2976 2169 ι
3003 2129 3221 2187 modum
3251 2129 3398 2185 mole
3443 2127 3716 2183 metimur.
3746 2124 3887 2195 Cujus

2320 2211 2517 2293 siquid
2545 2223 2815 2278 internum
2843 2237 3167 2294 corporeum
3211 2219 3398 2276 videre
3448 2218 3691 2285 velimus,
3738 2218 3884 2274 scisso

2319 2312 2512 2368 eodem
2565 2314 2697 2368 nihil
2744 2313 2844 2369 nisi
2868 2321 3076 2370 tantum
3111 2312 3390 2371 candentis
3424 2310 3577 2369 farris
3618 2311 3880 2383 aspicnnus

2319 2413 2580 2475 quantum
2608 2406 2786 2461 brevis
2814 2407 3084 2477 capacitas
3131 2406 3457 2461 tenuissimae
3483 2404 3612 2460 cutis
3655 2401 3868 2458 includit.

2318 2495 2459 2552 Ecce
2486 2497 2583 2552 tibi
2615 2498 2666 2553 in
2694 2499 2871 2569 spatio
2918 2480 3187 2570 corporali
3214 2512 3482 2553 summam
3507 2497 3655 2566 grani
3678 2496 3875 2552 triticei.

2319 2587 2397 2643 Da
2427 2598 2482 2645 tu
2515 2606 2657 2647 nunc
2685 2591 2739 2645 in
2767 2591 2871 2648 hoc
2898 2591 3086 2647 eodem
3116 2592 3341 2661 granulo
3385 2589 3735 2661 corporaliter
3766 2588 3882 2645 mihi

2316 2686 2560 2735 tumores
2587 2682 2905 2751 germinum,
2932 2682 3223 2738 herbarum
3271 2683 3519 2749 virentia,
3538 2682 3778 2738 calamos
3804 2680 3882 2736 sti-

2317 2771 2584 2842 pularum,
2615 2774 2885 2845 spicarum
2931 2775 3158 2847 hispida,
3190 2776 3329 2831 levia
3359 2766 3662 2855 palearum,
3692 2774 3881 2846 pinguia

2315 2864 2546 2933 frugum,
2573 2872 2735 2936 atque
2762 2882 2830 2923 ex
2850 2868 2935 2923 his
2963 2866 3244 2923 indefeSSis
3268 2865 3790 2939 multiplicandorum
3807 2878 3881 2921 se-

2315 2957 2461 3011 mina
2488 2957 2751 3013 semin'um
2790 2970 2909 3029 qua:
2937 2960 3117 3015 omnia
3143 2960 3199 3014 in
3228 2958 3319 3014 illo
3340 2967 3467 3014 sunt
3494 2959 3740 3027 granulo,
3777 2972 3882 3013 cau-

2315 3049 2518 3105 salibus
2545 3051 2782 3121 reposita
2802 3052 3044 3108 secretis.
3075 3050 3228 3107 Nunc
3256 3051 3420 3120 igitur
3447 3058 3543 3109 aut
3570 3058 3760 3109 cuncta
3785 3063 3880 3121 qua:

2315 3143 2385 3198 dc
2425 3144 2718 3201 seminibus
2743 3144 3010 3216 prodeunt
3039 3145 3179 3201 intra
3207 3144 3397 3201 eadem
3426 3147 3633 3201 semina
3661 3159 3883 3216 corpora

628 3236 940 3304 praecisione
967 3239 1365 3308 cognoscimus,
1394 3254 1514 3309 quae
1539 3241 1655 3295 sine
1684 3240 1793 3296 uno
1821 3256 1982 3298 sensu
2008 3240 2211 3297 doloris
2235 3223 2283 3286 ς.
2316 3234 2441 3289 liter
2468 3235 2712 3303 ostende,
2742 3243 2836 3291 aut
2857 3235 3150 3292 herbarum
3198 3252 3414 3309 quoque
3434 3237 3603 3293 vitam
3651 3229 3883 3307 incorpo-

627 3327 1010 3386 abscindimus.
1051 3328 1148 3386 Est
1192 3345 1325 3401 ergo
1374 3333 1537 3389 etiam
1589 3333 1663 3389 ibi
1709 3334 1837 3398 vita,
1870 3333 1964 3390 ubi
1992 3350 2099 3389 non
2129 3343 2214 3391 est

626 3433 820 3474 mum
1982 3487 1986 3491 4

692 3510 759 3565 il.
800 3512 994 3584 Aspice
1023 3528 1165 3571 nune
1191 3515 1260 3571 ad
1286 3515 1676 3572 conﬁciendam
1695 3516 1838 3572 hanc
1859 3516 2030 3587 ipsam
2059 3517 2214 3574 arbo-

626 3599 700 3656 ris
723 3600 888 3655 vitam
916 3603 1154 3659 omnium
1178 3605 1568 3662 elementorum
1613 3607 1976 3678 particulatim
2003 3609 2209 3665 semina

625 3693 964 3752 convenisse.
1022 3695 1119 3750 Est
1156 3696 1233 3751 illi
1272 3697 1522 3759 videlicet
1558 3708 1704 3754 terra
1746 3699 1801 3754 in
1828 3700 2205 3767 crassitudine,

624 3800 765 3855 aqua
814 3788 881 3842 in»
915 3787 1168 3855 humore,
1199 3800 1295 3845 aer
1321 3790 1375 3844 in
1404 3791 1809 3861 progressione,
1842 3792 1978 3860 ignis
2005 3793 2059 3848 in
2086 3804 2209 3863 ger-

622 3880 788 3935 mine.
845 3877 903 3934 Si
932 3886 1112 3936 autem
1138 3880 1209 3937 de
1235 3897 1362 3937 aere
1386 3890 1470 3938 est
1498 3884 1697 3949 anima,
1730 3892 1823 3940 aut
1849 3885 1964 3940 aeri
1992 3885 2205 3953 similis,

620 3979 684 4026 ut
727 3979 787 4025 tu
833 3972 1152 4041 pronuntias
1184 3991 1197 4027 :
1229 3987 1361 4043 ergo
1409 3974 1659 4032 arborem
1705 3990 1816 4031 non
1839 3976 2063 4046 negabis
2088 3977 2206 4032 ani-

619 4070 850 4127 natam,
880 4063 1006 4133 quia
1028 4064 1368 4134 perspicuum
1394 4073 1480 4122 est
1507 4066 1619 4121 aeri
1646 4066 1875 4122 similem
1903 4066 2082 4123 inesse
2109 4082 2205 4123 na-

621 4162 833 4208 turam.
854 4154 1113 4212 lnferiora
1149 4165 1450 4227 temperato
1488 4174 1681 4222 rerum.
1692 4159 1884 4219 ordine
1911 4160 2205 4232 superiori-

619 4244 724 4301 bus
774 4244 1103 4314 afﬁciuntur,
1158 4257 1432 4305 transacto
1478 4250 1683 4309 scilicet
1729 4250 1927 4320 frigore
1971 4252 2203 4308 brumali

620 4350 722 4407 per
744 4338 1151 4393 conversionem
1198 4340 1349 4403 cmli,
1368 4357 1603 4398 .recursu
1622 4342 1867 4401 siderum
1884 4382 1899 4408 ,
1930 4344 2081 4400 calor
2107 4360 2200 4401 su-

617 4427 972 4497 perveniens,
1013 4443 1195 4484 aerun
1221 4427 1323 4484 sibi
1351 4438 1408 4485 et
1434 4430 1556 4487 loco
1580 4438 1642 4487 et
1668 4440 1863 4488 natura
1894 4434 2200 4503 proximum

619 4517 768 4587 prius
820 4516 1006 4576 afﬁcit.
1053 4519 1156 4588 Qui
1191 4522 1446 4591 quoniam
1491 4530 1642 4580 tanto
1692 4525 1861 4594 gradu
1910 4526 2021 4597 igni
2058 4528 2204 4584 cedit

2317 3342 2467 3382 ream
2513 3327 2791 3385 conﬁtere.
2841 3328 2908 3384 Et
2952 3331 3259 3401 pronuntia,
3290 3332 3336 3386 si
3362 3330 3561 3403 placet,
3589 3324 3886 3402 corpoream

2317 3419 2552 3476 hominis
2580 3421 2834 3488 animam,
2864 3429 2920 3477 et
2946 3436 3264 3493 corpoream
3289 3421 3494 3479 fruticis
3534 3423 3715 3477 vitam.
3746 3414 3888 3488 Quod

2315 3509 2441 3580 quia
2488 3519 2647 3566 nemo
2674 3508 2952 3567 hominum
2996 3512 3252 3568 incolumi
3297 3503 3472 3583 pdtésl
3519 3512 3654 3568 ferre
3669 3511 3887 3581 judicio,

2315 3601 2654 3660 transeamus
2682 3600 2748 3656 ad
2777 3603 3012 3657 animata
3042 3603 3296 3670 viventia,
3327 3620 3444 3675 qua:
3469 3620 3579 3659 non
3603 3603 3780 3658 solum
3811 3601 3887 3657 vi-

2314 3683 2465 3758 vunt,
2498 3692 2591 3749 sed
2621 3695 2781 3749 etiam
2809 3695 3066 3751 sentiunt.

2381 3784 2472 3839 IV.
2513 3784 2608 3840 Est
2633 3801 2761 3856 ergo
2783 3786 2835 3841 in
2858 3787 3063 3858 pecude
3083 3782 3413 3857 corruptibile
3432 3798 3619 3854 corpus
3646 3790 3701 3838 et
3738 3797 3876 3837 mor-

2312 3875 2438 3930 talis
2490 3876 2688 3944 anima,
2741 3893 2861 3947 qua:
2899 3876 3068 3935 'vitam
3095 3878 3333 3950 corporis
3358 3892 3454 3933 nec
3476 3875 3734 3945 anticipat
3781 3890 3886 3930 nec

2311 3966 2341 4007 ι)
2371 3969 2676 4040 posticipat.
2711 3969 2872 4026 Vides
2899 3972 3027 4040 ergo
3056 3970 3202 4040 quod
3233 3971 3351 4026 vita:
3376 3967 3612 4025 seminali
3639 3974 3807 4037 quam
3834 3965 3887 4020 in

2309 4059 2491 4135 herbis
2519 4061 2856 4131 arbustisque
2878 4063 3201 4133 reperimus,
3229 4064 3282 4118 in
3312 4064 3535 4132 corpore
3552 4059 3782 4130 pecudis
3800 4075 3895 4130 per

2308 4147 2581 4224 appetitus
2601 4154 2793 4209 anima:
2811 4154 3029 4210 sensum
3044 4158 3359 4225 motumque
3370 4155 3566 4211 tribuat
3582 4172 3598 4219 ;
3616 4154 3697 4209 sic
3718 4161 3895 4207 tamen

2307 4244 2353 4299 si
2404 4244 2579 4315 ipsum
2630 4260 2827 4315 corpus
2881 4246 3265 4301 convenienter
3311 4244 3593 4300 elementis
3619 4243 3897 4312 analogice

2306 4334 2717 4391 concinentibus
2746 4337 2914 4407 p'robe
2941 4335 3137 4399 valeat,
3165 4345 3220 4392 et
3256 4336 3473 4393 nutibus
3528 4335 3728 4390 anima:
3747 4383 3753 4387 .
3774 4349 3897 4389 con-

2304 4427 2848 4483 sentanea’mdtionis
2870 4428 3161 4484 concordet
3181 4428 3465 4498 obsequio.
3498 4427 3793 4495 Quomodo
3816 4443 3899 4482 au-

2305 4517 2416 4574 tem
2463 4518 2523 4573 lit
2566 4522 2625 4573 ut
2653 4519 2831 4573 anima
2870 4519 3063 4575 eodem
3100 4527 3233 4575 nutu
3285 4535 3477 4575 sanum
3520 4519 3899 4589 infirmumque

617 4616 820 4679 (gestito
864 4610 981 4681 ipse
1007 4613 1160 4681 aquis
1186 4613 1406 4681 eminet,
1438 4630 1551 4685 per
1593 4616 1805 4675 radices
1832 4619 2083 4674 arborum
2112 4621 2201 4676 vel
2223 4603 2281 4665 D
2303 4612 2603 4679 membrum
2630 4612 2959 4684 diSpariliter.
2976 4613 3231 4669 moveat?
3249 4611 3392 4669 Ecce
3413 4613 3507 4668 ille
3538 4615 3694 4671 lame
3723 4629 3901 4669 manus

615 4702 992 4773 quorumpiam
1017 4704 1318 4773 germinum
1349 4704 1419 4761 de
1449 4713 1605 4761 terra:
1633 4706 1834 4763 intimis
1860 4722 1999 4778 aqua
2027 4716 2198 4765 attra-

614 4793 731 4846 hit:
774 4809 842 4849 eo
895 4795 1039 4865 quod
1090 4796 1229 4866 ignis
1274 4797 1601 4856 elementum
1651 4799 1834 4856 omnia
1878 4801 2197 4859 naturaliter

615 4883 827 4951 rapiens
875 4886 1195 4955 tepefactum
1224 4903 1402 4944 aerem
1433 4890 1502 4945 ad
1534 4905 1597 4946 se
1640 4890 1807 4960 cogit,
1853 4905 2056 4962 perque
2103 4907 2195 4949 ar-

604 4973 759 5053 boris
781 4974 1067 5033 medullam
1084 4979 1165 5056 sic
1188 4979 1303 5049 ipse
1324 4981 1507 5037 haurit
1526 4996 1730 5048 aerem,
1746 4983 1826 5038 sic
1850 4999 1947 5039 aer
1973 4998 2193 5055 aquam,

610 5064 688 5118 sic
717 5078 855 5133 aqua
883 5072 1100 5122 terram.
1141 5067 1294 5125 Unde
1322 5080 1406 5126 est
1431 5073 1577 5142 quod
1607 5073 1769 5129 etiam
1794 5089 1895 5130 nos
1914 5088 2019 5145 per
2040 5074 2193 5130 [istu-

611 5156 715 5216 lam
736 5196 752 5222 ,
805 5158 890 5212 vel
941 5157 1307 5229 cujuscemodi
1351 5163 1539 5220 tibiam
1584 5173 1817 5223 attracto
1845 5181 1991 5233 aere,
2024 5182 2192 5236 aquas

608 5248 950 5307 indiliiculter
1007 5252 1303 5310 haurimus.
1378 5255 1447 5312 Et
1488 5272 1519 5312 e
1570 5265 1862 5327 puteorum
1908 5258 2191 5331 profundis

604 5341 893 5400 artiﬁciose
919 5354 1202 5416 compacto
1236 5347 1673 5419 machinamento
1701 5350 1933 5420 quodam
1973 5366 2186 5407 sursum

604 5450 789 5507 versus
834 5438 980 5495 unda
1014 5441 1241 5510 gravior
1291 5442 1362 5500 ob
1406 5450 1658 5499 naturam
1693 5444 1924 5513 cogitur,
1957 5452 2013 5500 et
2041 5445 2184 5500 aeris

603 5529 926 5589 adminiculo
970 5533 1027 5588 in
1073 5543 1331 5604 angustos
1381 5535 1636 5591 tuborum
1681 5543 1891 5591 meatus
1930 5535 1985 5590 vi
2039 5550 2188 5591 com-

602 5625 751 5691 pulsa
805 5625 955 5681 labro
1002 5634 1160 5683 tenus
1207 5643 1368 5700 supra
1417 5643 1688 5684 summum
1733 5627 1885 5684 uutei
1925 5641 2183 5687 expressa

674 5752 699 5778 ιι
738 5740 820 5794 Al.
847 5744 987 5797 modi
1009 5744 1211 5797 molem.
1920 5778 1937 5787 ηε

669 5811 697 5852 ιι
736 5808 1058 5871 Posticiparc
1109 5822 1250 5871 nove
1289 5814 1511 5871 dictum.
1541 5809 2171 5883 liuiusmodiﬂlaudiani

2302 4705 2488 4775 vigore
2534 4705 2696 4772 valet,
2746 4721 2901 4761 usum
2926 4705 3130 4762 dextra:
3156 4706 3268 4762 ictu
3295 4708 3354 4761 ut
3398 4707 3618 4779 assolet
3669 4707 3903 4763 humoris

2301 4797 2478 4873 amisit
2511 4815 2524 4850 :
2548 4812 2739 4853 manus
2767 4796 2977 4867 reliquo
2998 4797 3546 4873 adhaerenscorpori,
3581 4801 3693 4856 etsi
3722 4816 3831 4858 non
3850 4800 3903 4855 in
4000 4791 4011 4799 ’

2300 4870 2494 4944 eodem
2523 4889 2709 4959 vigore
2731 4889 2782 4943 in
2806 4888 2995 4945 eadem
3017 4870 3299 4961 permanei
3322 4891 3532 4963 specie,
3567 4909 3683 4951 nec
3734 4904 3904 4950 tamen

2296 4980 2461 5055 servit
2491 4981 2705 5036 nutibus
2733 4978 2941 5037 animae.
2962 4979 3384 5049 Quiddicemus,
3410 4984 3586 5053 pulsa
3609 4986 3813 5049 exinde
3831 4984 3906 5041 lo—

2298 5074 2489 5128 caliter
2508 5075 2669 5130 cessit
2697 5074 2911 5130 anima?
2939 5084 2995 5130 et
3017 5091 3125 5146 quo
3170 5076 3340 5132 abiit?
3379 5091 3498 5146 quo
3529 5078 3669 5136 inde
3717 5079 3908 5135 disces-

2295 5167 2400 5221 sit?
2429 5167 2533 5223 Sed
2553 5167 2693 5223 forte
2722 5168 2788 5222 ad
2805 5168 3064 5239 reliquam
3084 5176 3295 5239 partem
3318 5170 3403 5225 sui
3432 5185 3502 5226 se
3534 5174 3805 5239 contulit,
3822 5171 3909 5229 sed

2288 5257 2401 5341 jam
2428 5266 2596 5314 totum
2626 5275 2822 5330 corpus
2845 5260 3101 5332 implebat
3129 5262 3330 5316 anima.
3371 5260 3500 5319 Non
3531 5273 3734 5347 potest
3761 5264 3908 5333 adiici

2290 5351 2453 5420 pleno
2480 5351 2755 5422 quippiam
2782 5354 2911 5423 quin
2940 5350 3306 5423 superelliuat.
3361 5351 3519 5423 Ergo
3553 5357 3815 5413 fortassis
3833 5372 3912 5412 ex-

2289 5442 2585 5499 halandum
2606 5453 2689 5501 est
2707 5445 2906 5515 aliquid
2929 5447 3119 5501 animae
3144 5445 3231 5500 vel
3251 5446 3653 5513 eructandum.
3678 5458 3776 5505 aut
3794 5464 3913 5519 quo-

2292 5548 2403 5609 quo
2431 5535 2592 5592 modo
2613 5535 2981 5606 digerendum,
2999 5551 3065 5593 eo
3088 5536 3236 5608 quod
3256 5551 3364 5592 non
3395 5536 3698 5609 integrum
3721 5556 3911 5613 corpus

2291 5642 2405 5683 non
2430 5626 2691 5699 integram
2717 5631 2895 5709 capiat
2915 5631 3170 5685 animam.
3204 5628 3331 5684 Haec
3357 5637 3523 5687 certe
3554 5633 3779 5706 absque
3803 5650 3910 5690 aui-

2284 5742 2435 5801 locus
2462 5746 2665 5815 Cangio
2693 5746 3098 5823 animadversus
3127 5745 3184 5801 in
3211 5743 3516 5801 Glauci-io.
3573 5730 3585 5744 ’
