4140 6346
229 358 331 433 ns
1406 367 1495 424 DE
1532 321 1758 423 erm:
1798 358 2035 421 mum
2076 362 2202 418 us.
2246 365 2285 420 ι.
3405 367 3510 428 πα

227 494 385 563 biguo
414 489 673 559 consequi
701 501 918 543 necesse
934 492 1035 553 est,
1055 485 1100 540 si
1123 499 1320 555 corpus
1341 491 1422 538 est
1444 484 1639 539 anima.
1661 482 1815 549 Quod
1849 485 1893 542 Α
1923 468 1998 536 sic
2029 482 2103 535 ait
2136 499 2146 533 ι
2181 478 2307 533 Cum
2339 495 2514 534 sumus
2538 498 2587 536 ιη
2614 499 2844 554 corpore,
2890 486 3280 555 peregrinantur
3332 500 3363 537 α
3412 483 3514 540 bo.

226 585 480 656 quoniam
505 583 618 638 lleri
640 592 979 653 nequaquam
1007 587 1206 651 potest,
1240 578 1571 650 illud’potius
1602 577 1813 632 intuere
1919 575 2080 629 mino.
2114 574 2371 628 Audemus
2399 584 2567 629 autem
2597 585 2645 629 et
2680 576 2866 631 bonam
2906 578 3221 633 voluntatem
3268 574 3512 634 habemus

226 675 368 748 quod
398 690 508 733 non
560 676 735 731 anima
784 671 1081 744 imperandi
1110 672 1220 725 vim
1248 669 1500 742 perdidit,
1552 667 1647 724 sed
1674 667 1819 723 vires
1919 668 2087 739 magis
2110 668 2430 739 peregrinari
2460 683 2492 720 η
2519 683 2752 739 corpore,
2778 678 2827 723 et
2846 678 3125 741 prmentes
3145 684 3257 724 esse
3285 669 3355 722 ad
3402 668 3513 726 Do-

223 766 494 827 serviendi
533 781 721 821 manus
774 764 970 820 amisit.
1014 763 1110 819 Illo
1136 763 1278 819 enim
1309 770 1367 817 ut
1388 768 1516 832 puta
1545 758 1819 830 sanguinis
1920 762 2117 815 minam
2149 758 2213 829 (ll
2234 758 2357 816 Cor.
2385 777 2437 827 v,
2458 759 2515 825 6,
2547 760 2625 832 8).
2649 760 2805 829 Quid,
2828 774 3033 833 quaiso,
3064 764 3170 819 dici
3194 764 3393 820 clarius
3410 778 3511 835 po-

225 860 429 930 impetu
452 857 853 914 connivendum
868 856 1257 912 elementorum
1276 852 1559 909 harmonia
1585 851 1817 915 turbata,
1922 854 2066 909 test?
2110 851 2301 909 Omnia
2349 864 2576 925 corpora
2625 854 2740 910 sive
2783 868 2965 912 crassa
2988 856 3075 911 vel
3102 856 3306 926 gravia,
3329 861 3399 911 “ut
3425 862 3509 911 est

225 950 442 1021 corpori
473 949 727 1005 adimitur
753 947 1021 1005 serviendi
1046 945 1394 1019 possibilitas,
1424 952 1481 1000 et
1507 944 1690 999 animo
1717 942 1819 998 do-
1924 954 2063 1016 aqua
2108 944 2195 1000 vel
2242 952 2407 1013 terra,
2457 946 2571 1002 sive
2599 947 2778 1001 tenuia
2808 955 2864 1002 et
2889 946 3052 1015 levia,
3082 955 3142 1003 ut
3166 954 3252 1005 est
3276 948 3418 1019 ignis
3458 955 3514 1004 et

227 1041 469 1097 minandi
502 1040 707 1097 accedit
731 1038 1037 1105 difﬁcultas,
1059 1047 1115 1095 et
1140 1038 1327 1111 incipit
1348 1052 1468 1094 esse
1497 1034 1651 1093 oneri
1674 1032 1821 1105 quod

225 1139 344 1187 erat
363 1131 505 1187 usui.
535 1129 652 1186 Non
672 1118 856 1185 tamen
886 1132 1061 1185 anima
1092 1128 1345 1185 movendi
1370 1127 1480 1183 vim
1507 1124 1821 1198 perdidit,si

226 1226 533 1280 membrum
585 1216 972 1279 convenienter
1020 1238 1079 1278 se
1119 1222 1435 1278 necessaria:
1462 1217 1820 1275 motioninon

226 1314 480 1388 praebuit.
513 1311 581 1369 Et
602 1315 655 1370 in
677 1314 919 1386 quolibet
944 1314 1114 1371 oculis
1136 1320 1315 1385 capto,
1345 1319 1605 1384 quantum
1631 1308 1699 1365 ad
1716 1308 1825 1363 ani-

226 1418 372 1464 mam
424 1415 653 1480 spectat,
702 1416 950 1463 remanet
999 1407 1080 1464 vis
1124 1406 1341 1462 videndi
1378 1406 1678 1476 corporalia
1724 1416 1826 1473 per

226 1510 447 1574 corpus,
478 1501 572 1557 sed
602 1516 801 1572 organa
830 1502 1195 1558 membrorum
1217 1499 1487 1567 deficiunt,
1511 1499 1707 1569 quibus
1728 1514 1825 1570 po-

232 1595 435 1649 tentias
482 1604 614 1649 snas
666 1601 882 1649 exserat
936 1592 1004 1649 ad
1050 1592 1327 1649 sentienda
1357 1606 1640 1662 corporea.
1673 1588 1828 1645 Sicut

227 1698 362 1755 ergo
389 1685 601 1741 ratione
646 1685 930 1756 perspicua
977 1685 1147 1741 claret
1197 1683 1418 1755 liquido,
1453 1697 1561 1739 non
1593 1682 1825 1737 animam
1934 1698 2274 1753 nequaquam
2304 1685 2637 1755 peregrinari
2682 1683 2740 1739 in
2779 1699 3008 1754 corpore
3040 1686 3272 1740 animam
3295 1686 3519 1750 diceret,

226 1777 477 1835 membro
498 1776 659 1833 debili
681 1776 926 1834 localiter
953 1778 1180 1851 pulsam,
1210 1777 1308 1834 sed
1329 1778 1398 1833 ab
1427 1777 1618 1831 anima:
1647 1775 1827 1829 inten-
1932 1777 1977 1833 si
2008 1776 2254 1833 eamdem
2278 1793 2474 1849 corpus
2498 1792 2619 1834 esse
2644 1785 2911 1834 censeret.
2939 1778 3075 1845 Quia
3121 1778 3165 1832 si
3194 1780 3369 1833 anima
3397 1795 3522 1834 cor-

230 1870 382 1925 tione
405 1869 578 1925 vivaci
630 1870 932 1926 membrum
960 1869 1219 1939 languore
1247 1858 1489 1939 torpens,
1520 1866 1667 1922 velut
1694 1880 1828 1935 qua-
1857 1862 1906 1931 B
1930 1885 2034 1942 pus
2055 1878 2139 1926 est
2163 1879 2217 1926 et
2237 1871 2613 1942 peregrinatur
2640 1871 2694 1926 in
2717 1884 2946 1942 corpore
2978 1912 2992 1937 ,
3043 1870 3097 1923 in
3122 1884 3217 1924 sua
3240 1882 3370 1939 ergo
3399 1870 3524 1924 Sub-

228 1956 355 2018 dam
405 1963 594 2018 mortis
649 1954 841 2019 vicinia
889 1961 1275 2018 dissidentem:
1308 1962 1383 2015 ita
1413 1975 1536 2017 cum
1578 1957 1825 2013 animalis
1929 1963 2129 2018 stantia
2174 1943 2567 2033 peregrinatur,
2599 1978 2701 2018 nec
2724 1977 2962 2032 unquam
3012 1961 3212 2032 poterit
3239 1976 3344 2016 non
3366 1975 3524 2031 pere-

229 2053 533 2126 cujuspiam
588 2070 783 2126 corpus
831 2053 1164 2109 dissonantia
1212 2055 1294 2109 sui
1340 2051 1616 2117 desiderit,
1645 2067 1828 2106 recur-
1932 2053 2154 2121 grinari,
2198 2067 2317 2122 quae
2367 2055 2483 2109 sine
2517 2068 2577 2108 se
2606 2067 2864 2108 essenon
2911 2051 3131 2122 poterit.
3165 2050 3318 2105 Nulla
3341 2060 3523 2106 autem

227 2146 476 2203 rentibus
514 2146 581 2200 ad
631 2145 882 2215 regiones
926 2160 1052 2202 suas
1095 2145 1484 2200 elementorum
1532 2142 1825 2213 particulis,
1931 2160 2022 2200 res
2060 2160 2120 2200 se
2164 2145 2339 2215 ipsam
2370 2146 2638 2201 ullatenus
2660 2145 2877 2210 amittit,
2900 2144 3025 2214 quia
3048 2158 3154 2198 non
3175 2150 3357 2213 potest
3379 2143 3531 2213 quid-

230 2240 413 2294 anima
446 2256 552 2295 non
576 2236 790 2294 habens
818 2252 927 2309 quo
957 2238 1285 2293 intentiones
1308 2253 1433 2292 suas
1461 2236 1712 2306 explicet,
1736 2249 1831 2305 pe-
1934 2252 2097 2307 quam
2127 2251 2247 2293 esse
2274 2245 2399 2308 post
2421 2252 2501 2293 se.
2530 2236 2767 2293 Facilius
2791 2228 2935 2291 enim
2961 2242 3044 2291 est
3077 2234 3280 2305 aliquid
3310 2248 3533 2306 prorsus

230 2330 387 2384 cudis
408 2328 637 2401 deperit,
670 2327 905 2383 humana
934 2328 1244 2397 requiescit.
1278 2328 1358 2383 Ab
1386 2328 1470 2382 his
1500 2334 1679 2381 tamen
1713 2334 1832 2380 tan-
1938 2326 2145 2383 aboleri
2176 2344 2244 2384 ne
2270 2328 2563 2399 quidquam
2600 2330 2670 2384 sit
2696 2343 2858 2399 quam
2885 2343 2943 2383 se
2971 2335 3026 2383 et
3055 2327 3301 2382 amittere
3349 2334 3404 2382 et
3429 2328 3532 2382 sibi

233 2431 351 2476 tum
378 2423 617 2478 motibus
645 2421 842 2492 quibus
871 2436 1069 2492 corpus
1096 2422 1350 2478 movebat
1378 2438 1476 2492 per
1530 2422 1666 2487 loca,
1719 2422 1834 2492 ipsa
1938 2409 2242 2492 superesse.
2290 2420 2396 2475 Aut
2437 2421 2599 2491 igitur
2644 2421 2821 2476 anima
2869 2434 3069 2491 corpus
3113 2428 3214 2487 est,
3266 2428 3319 2475 et
3350 2418 3534 2474 fefellit

235 2527 336 2583 per
363 2520 585 2583 tempus
605 2511 894 2567 lllocaliter
918 2519 1088 2567 mota.
1940 2513 2266 2584 Apostolus;
2292 2521 2386 2567 aut
2409 2513 2454 2567 si
2482 2511 2859 2584 peregrinatur
2880 2512 2934 2567 in
2955 2526 3204 2583 corpore,
3232 2510 3407 2567 anima
3426 2527 3533 2566 non

310 2603 376 2660 V.
421 2602 538 2660 Non
584 2619 645 2659 se
696 2620 840 2673 nunc
881 2603 1060 2674 aliqua
1090 2604 1281 2660 .veluti
1320 2607 1637 2684 corpuscula
1666 2606 1835 2662 oculis
1940 2611 2022 2659 est
2051 2619 2266 2675 corpus.

240 2695 442 2750 mentis
476 2694 767 2765 obiectent,
798 2704 859 2750 ut
888 2696 1094 2751 animas
1124 2697 1312 2766 positis
1340 2697 1658 2768 corporibus
1683 2714 1832 2768 qua:-

242 2788 364 2842 dam
389 2788 504 2844 loca
533 2789 674 2843 aeris
703 2797 793 2843 aut
822 2784 1106 2858 cujuslibet
1133 2789 1386 2844 elementi
1416 2805 1682 2861 occupare
1711 2806 1834 2846 cre-

239 2876 449 2933 damus.
474 2874 809 2934 lntellectum
831 2887 1000 2944 tuum,
1034 2881 1079 2934 si
1108 2890 1285 2950 potes,
1321 2881 1577 2952 intellige,
1622 2864 1707 2937 cui
1732 2881 1835 2937 soli

238 2973 361 3025 eum
408 2971 600 3040 angelo
648 2971 761 3027 hmo
812 2973 996 3029 videre
1035 2988 1350 3029 concessum
1379 2982 1479 3031 est.
1512 2973 1652 3029 Num
1680 2976 1837 3046 quip—

238 3054 383 3134 piam
412 3060 464 3118 in
488 3063 762 3120 intellectu
782 3075 877 3122 tuo
897 3066 1135 3135 longum,
1160 3066 1329 3121 latum
1352 3075 1446 3122 aut
1465 3066 1839 3122 altumvides?
1942 3065 2220 3139 pore?-Si
2274 3062 2725 3123 resurrectionem
2781 3066 2950 3139 probe
2996 3062 3292 3132 credimus,
3352 3065 3406 3121 in
3446 3065 3534 3120 illa

240 3153 378 3209 Num
407 3155 665 3226 Splendor
700 3156 859 3211 ullius
887 3171 1163 3227 corporeae
1190 3156 1326 3213 lucis
1353 3158 1425 3213 ibi
1454 3159 1674 3213 rutilat?
1701 3156 1838 3213 Num
1945 3171 2163 3229 quoque
2178 3165 2381 3214 aeterna
2406 3158 2582 3230 patria
2608 3174 2715 3214 non
2738 3157 2856 3214 sine
2883 3157 3203 3230 corporibus
3252 3157 3415 3213 futuri
3444 3173 3535 3213 su-

240 3245 434 3316 a‘liquis
462 3247 745 3303 cantilenae
791 3247 1131 3305 modificatus
1185 3256 1240 3304 et
1285 3264 1382 3321 per
1410 3257 1625 3321 tempus
1667 3248 1838 3308 fluens
1864 3248 1915 3317 ο
1943 3267 2083 3307 mus.
2109 3250 2208 3308 Hic
2227 3252 2596 3324 respondeas:
2620 3250 2816 3319 Velim,
2841 3260 3145 3308 utrumnam
3176 3252 3377 3333 idcirco
3396 3268 3538 3308 nunc

238 3349 410 3391 canor
436 3336 545 3393 illic
574 3339 807 3400 insonat,
840 3347 932 3393 aut
976 3342 1350 3396 evanescentis
1377 3340 1681 3412 fragrantia:
1710 3360 1836 3399 sua-
1944 3343 2122 3400 anima
2172 3345 2458 3416 peregrina
2507 3344 2903 3414 dicatur,'quia
2935 3345 2988 3399 in
3025 3358 3253 3415 corpore
3275 3350 3537 3406 moratur,

238 3430 382 3484 Vitas
406 3427 576 3497 halat,
611 3438 704 3485 aut
732 3430 931 3501 aliquid
980 3433 1098 3488 istic
1147 3434 1522 3505 corpulentum
1555 3435 1713 3507 sapit,
1746 3445 1840 3493 aut
1943 3450 2012 3491 an
2041 3437 2166 3509 quia
2207 3436 2261 3492 in
2306 3436 2402 3491 tali
2443 3436 2513 3491 sit
2552 3436 2817 3507 corpore?
2842 3434 2988 3489 Istud
3017 3450 3212 3505 nempe
3241 3442 3456 3503 corpus,
3482 3443 3541 3486 ut

238 3520 446 3592 aliquid
484 3522 648 3580 molle
677 3524 762 3580 vel
792 3523 983 3581 durum
1014 3527 1259 3583 localiter
1282 3528 1555 3600 tangitur?
1583 3527 1743 3585 Visus
1770 3530 1837 3584 il-
1942 3522 2107 3599 supra
2134 3528 2452 3592 memoravi,
2483 3536 2734 3598 aggravat
2754 3528 2983 3581 animam
3013 3526 3169 3598 (Sap.
3201 3514 3276 3591 rx,
3304 3522 3391 3597 l5)
3432 3542 3539 3579 non

237 3608 351 3671 lius
374 3616 622 3674 clarescit
651 3619 936 3691 sapientia,
961 3620 1287 3678 tenebrescit
1306 3622 1631 3694 insipientia.
1676 3622 1840 3678 Audi-
1944 3622 2039 3677 illo
2086 3621 2272 3690 utique
2325 3618 2567 3690 pondere
2614 3618 2761 3688 quod
2787 3617 2948 3690 pendi
2978 3626 3190 3690 potest,
3219 3619 3343 3691 quia
3370 3619 3415 3675 si
3448 3619 3538 3674 illo

240 3717 335 3765 t'us
362 3709 505 3766 illius
532 3708 743 3767 fallacia
774 3710 1081 3781 offenditur,
1126 3715 1354 3770 veritate
1382 3715 1662 3769 mulcetur.
1710 3713 1838 3768 lllo-
1945 3728 2056 3783 quo
2104 3710 2333 3788 quisque
2378 3710 2583 3767 viribus
2610 3710 2733 3782 plus
2758 3709 2977 3777 valebit,
3021 3727 3088 3768 eo
3130 3713 3297 3781 magis
3341 3726 3540 3782 corpus

235 3800 437 3860 éa’liter
465 3800 574 3862 illic
600 3804 805 3875 fragrat
832 3808 1077 3877 (equitas,
1102 3807 1251 3863 fmtet
1281 3807 1535 3877 iniquitas
1560 3825 1572 3859 :
1605 3807 1841 3861 vanitate
1947 3802 2128 3860 inedia
2170 3802 2257 3859 vel
2299 3802 2560 3871 aegritudo
2601 3810 2627 3840 ι
2668 3803 2986 3857 tenuaverit.
3012 3800 3165 3858 Unde
3190 3803 3296 3859 hoc
3324 3817 3539 3872 quoque

239 3895 506 3961 tabescit,
547 3898 747 3952 virtute
788 3898 1108 3968 pinguescit.
1162 3897 1325 3953 Miser
1373 3906 1456 3954 est
1484 3899 1843 3953 contubernio
1948 3895 2177 3950 multum
2207 3894 2406 3949 nostris
2432 3892 2753 3964 astipulatur
2778 3892 3110 3958 rationibus,
3163 3893 3307 3962 quod
3336 3890 3539 3962 liquido

240 3985 521 4049 stultitim,
575 3986 766 4042 beatus
820 3989 1106 4058 complexu
1151 3980 1446 4060 sapientiae.
1481 3986 1650 4044 Totus
1682 3990 1844 4058 igitur
1950 3990 2120 4045 claret
2140 3988 2435 4044 secundum
2466 3986 2613 4041 illam
2633 3985 2801 4041 vitam
2830 3999 2952 4054 quae
2972 3984 3127 4040 nobis
3165 4000 3287 4040 cum
3332 3983 3543 4055 pecudi-

245 4077 442 4134 oculus
470 4088 571 4144 est,
599 4079 726 4149 quia
759 4087 903 4136 totus
933 4079 1097 4147 videt,
1129 4091 1182 4138 et
1211 4090 1387 4139 totum
1436 4084 1583 4154 quod
1630 4083 1846 4156 inspicit
1947 4085 2051 4140 bus
2097 4090 2196 4149 est,
2245 4080 2478 4136 hominis
2532 4079 2767 4134 animam
2815 4093 2989 4133 exeso
3021 4086 3182 4147 atque
3209 4075 3361 4131 arido
3382 4091 3542 4146 quam

243 4167 416 4227 videt.
478 4169 767 4237 Quodlibet
796 4182 976 4228 autem
1032 4188 1229 4244 corpus
1279 4190 1379 4231 nec
1409 4183 1580 4250 totum
1609 4175 1841 4244 videtur,
1949 4182 2110 4248 pasto
2139 4190 2207 4232 ac
2224 4173 2536 4249 succulenta
2580 4189 2811 4246 corpore
2838 4173 3008 4242 magis
3034 4170 3268 4227 onerari.
3301 4168 3454 4237 Quod
3476 4185 3545 4225 eo

242 4280 353 4322 nec
384 4268 557 4320 totum
585 4265 749 4321 videt.
783 4264 953 4322 Totus
975 4265 1192 4323 auditus
1217 4274 1319 4335 cst,
1349 4268 1475 4338 quia
1499 4276 1672 4324 totum
1701 4264 1844 4337 quod

243 4344 400 4412 audit
430 4364 575 4412 totus
605 4356 768 4413 audit.
803 4354 1013 4429 Corpus
1058 4365 1239 4414 autem
1269 4358 1402 4414 nihil
1450 4367 1622 4415 totum
1672 4358 1840 4414 audit.

244 4448 319 4505 Et
367 4457 511 4506 totus
540 4449 817 4518 odoratur,
847 4459 1025 4520 gustat
1053 4466 1116 4507 ac
1147 4452 1334 4520 tangit,
1376 4440 1498 4506 cum
1539 4449 1843 4522 hujusmodi
1952 4442 2208 4520 gravitas,
2242 4450 2337 4507 sed
2357 4450 2552 4521 agendi
2592 4446 2894 4508 difﬁcultas.
2930 4449 3007 4507 Ac
3035 4449 3261 4522 perinde
3282 4449 3327 4503 si
3358 4447 3545 4503 bellul-

206 4542 431 4627 ‘unitas
479 4550 533 4597 et
572 4542 816 4612 potentia
863 4543 917 4596 in
948 4559 1179 4614 corpore
1208 4559 1327 4599 esse
1366 4560 1474 4599 non
1506 4544 1696 4615 possit.
1730 4542 1846 4598 Hoc
1952 4543 2077 4599 nam
2123 4544 2289 4599 vitam
2321 4558 2481 4614 quam
2506 4530 2507 4533 ¹
2532 4542 2687 4601 nobis
2714 4544 2834 4599 istic
2863 4544 3039 4599 inesse
3084 4538 3424 4597 manifestum
3467 4548 3547 4594 εει

246 4630 661 4687 a'utem‘idcirco
691 4631 766 4687 illi
796 4640 987 4703 suapte
1009 4640 1198 4688 natura
1249 4643 1350 4700 est,
1379 4634 1503 4705 quia
1530 4634 1601 4690 ibi
1629 4635 1735 4690 hoc
1762 4643 1847 4691 est
1873 4622 1930 4690 Ι)
1953 4636 2275 4706 cogitamus,
2296 4652 2502 4708 corpus
2539 4636 2684 4693 istud
2713 4652 2821 4692 non
2877 4642 3133 4705 aggravat
3178 4634 3430 4688 animam.
3491 4631 3549 4685 Si

246 4722 438 4779 videre
484 4721 631 4805 quod
681 4723 898 4790 audire;
927 4722 1032 4781 hoc
1077 4724 1263 4781 audire
1288 4726 1431 4795 quod
1461 4727 1714 4791 olfacere,
1738 4727 1845 4785 hoc
1903 4799 1910 4807 .
1956 4713 2089 4784 vero
2114 4726 2258 4784 illam
2285 4744 2404 4799 quae
2423 4745 2544 4785 cum
2590 4728 2796 4797 angelis
2826 4727 2929 4783 erit
2955 4726 3261 4794 aspicimus,
3295 4731 3549 4792 aggravat

247 4813 488 4897 olfacere
515 4808 658 4885 quod
685 4822 919 4884 gustare,
939 4815 1045 4872 hoc
1065 4827 1283 4886 gustare
1302 4818 1447 4889 quod
1471 4826 1708 4889 tangere.
1739 4818 1849 4876 Sed
1904 4806 1908 4807 ν
1959 4806 2195 4876 animam
2219 4820 2534 4890 occupando
2559 4834 2679 4875 eam
2707 4828 2869 4887 atque
2899 4814 3169 4897 illiciendo
3201 4815 3282 4870 vel
3308 4830 3551 4871 necessa-

249 4893 547 4961 occurrun‘t
575 4907 766 4961 anima:
793 4907 1091 4978 phantasia
1137 4925 1446 4981 corporum,
1503 4911 1699 4979 quibus
1752 4927 1847 4980 per
1957 4914 2072 4980 riis,
2089 4914 2178 4968 vel
2195 4912 2531 4983 voluptuosis
2547 4911 2831 4979 deligendo
2852 4893 3098 4965 eamdem
3122 4910 3175 4964 in
3192 4910 3415 4980 pulchra
3437 4925 3551 4966 cor-

250 4992 448 5054 sensus
494 5000 740 5071 corporis
768 4996 982 5069 affecta,
1012 5008 1122 5056 non
1152 5001 1307 5067 locis,
1338 5002 1433 5057 sed
1473 5003 1719 5058 fallaciis.
1744 5004 1849 5059 cir-
1960 5020 2116 5079 pora,
2159 5013 2215 5060 et
2242 5019 2272 5057 a
2300 4992 2758 5073 contemplatione
2786 5017 3007 5058 summa}
3028 5001 3436 5073 pulchritudinis
3457 5002 3551 5055 ab-

252 5084 654 5149 cumscribitur.
685 5090 765 5145 ‘Et
794 5093 919 5163 quia
966 5092 1178 5147 illorum
1206 5100 1415 5147 tantum
1445 5094 1688 5148 meminit
1708 5107 1847 5164 quo-
1962 5094 2231 5152 ducendo.
2261 5093 2371 5148 Isto
2401 5106 2530 5161 ergo
2558 5093 2703 5164 quod
2728 5094 2817 5150 vel
2853 5094 2968 5150 esui
2996 5103 3088 5150 aut
3115 5095 3267 5167 potui
3297 5106 3549 5147 necessa-

252 5174 381 5267 rum
400 5187 607 5257 species
625 5201 725 5257 per
747 5201 943 5256 corpus
962 5185 1188 5256 accepit,
1214 5185 1346 5240 nihil
1366 5199 1488 5240 esse
1509 5185 1681 5241 credit
1702 5182 1852 5255 quid-
1964 5188 2047 5261 rio
2068 5187 2121 5242 in
2141 5185 2369 5242 salutem
2392 5187 2636 5257 corporis
2658 5202 2793 5258 opus
2814 5187 3156 5260 impenditur,
3184 5186 3264 5241 vel
3287 5179 3553 5252 superﬂue

255 5279 390 5359 quid
419 5280 526 5336 tale
550 5297 658 5337 non
680 5279 857 5335 fuerit.
890 5278 999 5361 Nec
1027 5276 1297 5350 suspirare
1326 5286 1505 5350 potest
1534 5278 1607 5333 illi
1637 5280 1844 5351 patrima,
1964 5280 2326 5351 voluptatum‘
2352 5280 2506 5348 nugis
2562 5280 2774 5336 animus
2829 5287 3143 5350 occupatur,
3176 5276 3258 5330 vel
3289 5272 3455 5343 plagis
3489 5285 3553 5325 ac

257 5371 330 5450 de
351 5389 458 5443 qua
486 5372 541 5427 in
570 5373 709 5429 hanc
744 5372 1232 5443 peregrinationem
1282 5373 1475 5426 merito
1519 5371 1851 5444 praecipitata
1961 5371 2241 5427 doloribus
2260 5386 2359 5442 per
2383 5386 2577 5443 corpus
2607 5370 2877 5441 ailligitur,
2912 5382 3205 5438 aggravare
3236 5362 3476 5418 eamdem
3499 5370 3554 5417 et

260 5472 367 5542 est,
398 5480 520 5521 cum
567 5464 895 5537 peregrinari
925 5480 984 5519 se
1028 5463 1254 5519 nesciat.
1283 5461 1617 5533 Peregrinari
1641 5480 1701 5519 se
1722 5480 1854 5519 vero
1964 5481 2067 5537 pro
2095 5464 2437 5520 multitudine
2463 5480 2527 5521 ac
2555 5463 2864 5520 dillicultate
2908 5456 3136 5516 actionis
3164 5470 3390 5509 onerare
3426 5469 3552 5525 per-

259 5558 321 5631 iu
350 5574 578 5630 corpore
604 5559 741 5616 scire
761 5572 869 5614 non
890 5557 1110 5628 poterit,
1134 5557 1181 5613 si
1208 5573 1406 5631 corpus
1434 5572 1554 5614 esse
1578 5572 1638 5612 se
1659 5557 1850 5612 credit.
1965 5557 2215 5627 spicuum
2236 5565 2336 5613 est.
2371 5557 2437 5611 Et
2461 5557 2573 5611 haec
2596 5563 2678 5611 est
2704 5554 2793 5608 illa
2822 5548 3186 5629 peregrinatio
3207 5546 3273 5600 de
3295 5561 3401 5615 qna
3428 5546 3559 5601 dicit

264 5624 421 5707 [inde
446 5624 548 5707 vvir
593 5652 703 5720 ille,
734 5624 1006 5725 quem—sui
1029 5650 1140 5723 jam
1160 5624 1462 5709 substantia
1492 5664 1601 5705 non
1630 5636 1849 5731 latebat,
1968 5624 2262 5719 Apostolus
2296 5667 2308 5701 :
2367 5646 2497 5703 Cum
2527 5661 2701 5701 sumus
2745 5646 2799 5698 in
2840 5626 3070 5711 corpore,
3110 5639 3498 5710 peregrinantur
3527 5656 3559 5691 α

1922 1131 2044 1197 bus,
2076 1131 2320 1202 corporis
2346 1132 2567 1188 nomine
2595 1131 2794 1188 ineludi
2839 1148 2947 1189 non
2999 1133 3305 1202 ambigitur.
3347 1131 3516 1200 Quid-

1924 1222 2053 1294 quid
2083 1231 2261 1279 autem
2288 1223 2582 1293 qualelibet
2631 1238 2829 1295 corpus
2862 1232 2964 1280 est
2990 1224 3098 1280 dici
3126 1232 3305 1295 potest
3346 1224 3521 1280 levius

1925 1328 2142 1386 corpus,
2204 1316 2416 1372 tenuius
2456 1331 2673 1387 corpus,
2732 1314 2962 1373 habilius
2989 1331 3209 1388 corpus,
3238 1312 3521 1371 sublimius

1927 1422 2145 1478 corpus,
2198 1408 2396 1464 clarius
2424 1424 2621 1479 corpus
2655 1427 2669 1476 ;
2728 1423 2834 1465 non
2863 1417 3043 1464 tamen
3064 1415 3248 1480 potest
3265 1408 3371 1464 dici
3418 1408 3520 1464 nisi

1929 1514 2145 1570 corpus.
2189 1498 2479 1570 Apostolus
2526 1509 2707 1556 autem
2760 1501 2886 1571 quid
2917 1502 3088 1558 dicit?
3120 1501 3248 1557 Cum
3269 1517 3446 1557 sums
3463 1502 3521 1556 in

1930 1609 2164 1663 corpore,
2216 1594 2606 1664 peregrinamur
2645 1608 2677 1647 α
2708 1590 2949 1648 Domino.
2976 1592 3349 1651 Videtnrmihi
3377 1592 3523 1664 quod

2518 2674 2751 2731 CAPUT
2790 2675 2953 2731 XXll.
3308 2726 3309 2729 η

2121 2769 2393 2836 Quomodo
2422 2771 2603 2823 animo
2637 2771 3002 2841 peregrinatur
3027 2772 3085 2825 in
3122 2784 3354 2839 corpore.

2008 2858 2053 2938 l.
2097 2882 2363 2953 Subjicias
2401 2882 2488 2938 his
2529 2882 2775 2937 fortaSsis
2823 2898 2887 2937 ac
2925 2883 3110 2939 dicas:
3145 2879 3427 2948 Quomodo
3450 2881 3535 2935 hic

1943 2986 2152 3033 tantum
2180 2976 2514 3047 peregrinari
2534 2975 2731 3031 dicitur
2760 2975 2937 3030 anima
2975 2992 3042 3031 eo
3062 2974 3205 3046 quod
3236 2975 3305 3029 sit
3335 2975 3388 3030 in
3420 2989 3536 3029 cor-

1950 4356 2095 4415 facili
2122 4366 2275 4415 motu
2302 4358 2505 4415 servire
2523 4399 2539 4427 ,
2569 4368 2626 4416 et
2645 4374 2876 4416 onerosa
2919 4357 2995 4415 illi
3024 4365 3127 4425 est,
3156 4373 3262 4413 non
3291 4354 3545 4427 ponderis

342 5843 373 5876 ⁸
412 5836 496 5893 ΔΙ.
530 5846 781 5904 tonuerat.
1881 5876 1951 5943 ἐξ

1888 5959 2000 6001 ..ι

3254 5948 3311 5963 ,⁵ος

2688 5967 2836 5989 .m_,

3592 620 3622 768 ιξ

3603 778 3617 925 ἑ

1924 1052 2037 1106 aer,
2061 1039 2173 1095 sive
2200 1039 2291 1094 illa
2312 1026 2521 1110 quaz'ex
2542 1041 2625 1096 his
2653 1040 2892 1096 confiunt
2914 1040 3249 1097 seminaliter
3268 1042 3515 1098 coeunti-
3600 1030 3606 1055 ³

1951 4266 2012 4322 iit
2055 4267 2182 4339 quia
2237 4266 2438 4323 fessum
2484 4282 2683 4339 corpus
2725 4283 2832 4323 non
2864 4266 2939 4321 ita
2959 4264 3102 4320 valet
3131 4264 3295 4320 animi
3326 4264 3561 4319 nutibus.
3636 4327 3643 4333 _
