4140 6346
593 357 688 415 72⁸1

1859 334 2170 395 MAMERTI
2209 332 2574 390 CLAUDIAM

3749 331 3861 387 7%!

591 476 832 532 Domino.
857 473 988 524 Cum
1018 483 1140 524 vero
1171 467 1236 521 ad
1267 463 1410 520 illam
1451 459 1690 530 corporis
1715 457 2165 528 permutationem
2194 453 2244 511 Α
2270 451 2414 512 dant,
2462 451 2554 518 qui
2597 451 2708 504 sive
2755 449 2992 519 spiritus,
3045 448 3159 502 sive
3188 461 3360 511 mens,
3384 445 3495 499 sive
3522 443 3858 510 intellectus,

592 563 894 638 pervenerit
931 561 1021 631 qui
1059 557 1337 622 meruerit,
1359 554 1425 609 de
1453 568 1556 623 qua
1589 551 1729 606 idem
1757 549 1883 603 dicit
1918 547 2166 638 :_0mnes

589 635 928 726 resurgimus,
982 651 1071 705 sed
1112 665 1213 704 non
1239 663 1416 702 omnes
1438 641 1822 700 immutabimur
1853 639 1894 710 (l
1924 635 2045 692 Cor.
2078 652 2166 701 xv,

589 747 712 817 5i),
760 761 867 801 non
922 742 1160 800 obviabit
1213 749 1340 796 tunc
1367 737 1581 793 nutibus
1628 733 1818 788 anima:
1839 744 2033 800 corpus
2055 727 2172 782 ani-

589 840 730 896 male
765 835 924 908 ‘quod
968 850 1076 890 non
1104 826 1226 899 erit,
1256 830 1352 888 sed
1379 827 1683 902 peremnia
1710 823 1908 880 serviet
1930 817 2172 890 spiritale

589 946 785 1001 corpus
808 927 954 998 quod
975 927 1098 983 erit.
1124 924 1234 982 Sed
1261 937 1361 979 nec
1379 919 1507 977 illud
1533 916 1808 990 quippiam
1829 911 2172 1001 concupiscet

591 999 887 1090 indignum,
935 1033 1038 1074 nec
1062 1018 1178 1072 haec
1219 1013 1420 1084 aliquid
1459 1008 1739 1083 imperabit
1785 1004 2056 1075 injustum.
2103 999 2172 1055 Et

589 1111 844 1182 quoniam
871 1116 1057 1166 sancta
1085 1107 1264 1163 anima
1287 1105 1482 1160 affectu
1501 1109 1650 1159 casto
1680 1101 1735 1156 in
1755 1099 1923 1154 Deum
1943 1095 2169 1167 rapitur,

590 1202 956 1256 animadverte
987 1215 1087 1255 nec
1114 1196 1600 1270 peregrinationem
1653 1192 1730 1247 illi
1771 1188 1998 1245 localem
2052 1200 2172 1242 esse

590 1309 690 1349 nec
720 1295 970 1364 patriam.
1019 1290 1267 1360 Nunquid
1295 1290 1349 1344 in
1395 1288 1498 1343 hac
1525 1287 1636 1342 vita
1663 1284 1806 1339 Deus
1826 1297 1947 1338 cum
1993 1279 2171 1335 anima

589 1400 697 1440 non
723 1393 823 1454 est,
883 1383 1092 1439 etiamsi
1122 1383 1235 1452 ipsa
1263 1395 1384 1436 cum
1413 1379 1524 1435 Deo
1551 1393 1660 1434 non
1689 1377 1796 1432 sit?
1825 1373 1981 1429 Aliud
2027 1373 2170 1428 enim

589 1485 673 1533 est
697 1491 816 1531 esse
835 1491 956 1531 cum
982 1474 1113 1540 Deo,
1146 1472 1288 1528 aliud
1327 1487 1433 1526 non
1460 1485 1579 1526 esse
1599 1470 1715 1524 sine
1742 1469 1853 1523 Deo
1878 1485 1890 1520 :
1915 1466 2040 1537 quia
2062 1480 2172 1520 non

593 1569 836 1623 localiter
857 1566 924 1622 ad
956 1566 1102 1620 illum
1129 1565 1361 1630 venitur,
1386 1578 1486 1617 nec
1517 1561 1759 1617 localiter
1786 1560 1852 1614 ab
1881 1558 1971 1614 illo
1995 1557 2170 1613 (liSCe-

591 1659 754 1714 ditur.
787 1656 1018 1712 Proinde
1043 1656 1221 1711 anima
1246 1655 1336 1710 illa
1377 1669 1499 1709 cum
1548 1653 1660 1708 Deo
1687 1659 1789 1717 est,
1839 1666 1960 1721 qua:
2005 1649 2168 1716 videt,

592 1751 695 1806 hoc
742 1757 846 1814 est,
895 1748 1143 1817 intelligit
1196 1747 1386 1803 Deum.
1417 1745 1485 1800 Et
1514 1745 1606 1800 illa
1629 1760 1750 1799 cum
1790 1743 1900 1799 Deo
1931 1758 2038 1798 non
2063 1750 2167 1808 est,

2273 556 2434 595 unum
2480 550 2642 609 atque
2689 539 2828 595 idem
2878 549 2980 606 est,
3015 541 3116 594 etsi
3145 539 3360 594 divorso
3390 537 3606 592 nomine
3633 537 3853 592 dicitur.

2272 629 2413 701 Ergo
2433 632 2577 702 quod
2598 641 2680 687 est
2701 631 2835 702 lapis
2864 631 2930 686 ad
2955 631 3247 686 inanimum
3268 630 3474 693 vivens,
3506 628 3608 684 hoc
3626 637 3710 684 est
3739 629 3860 683 ina-

2271 724 2471 780 nimum
2499 725 2682 780 vivens
2701 724 2767 780 ad
2787 725 3080 780 animatum
3102 723 3304 779 vivens.
3331 721 3400 776 Et
3425 720 3570 792 quod
3615 728 3701 779 est
3736 721 3861 776 ina-

2271 817 2472 871 nimum
2496 818 2681 872 vivens
2702 816 2767 870 ad
2790 817 3080 870 animatum
3102 815 3310 878 v‘lvens,
3331 813 3436 869 hoc
3455 819 3539 868 est
3558 812 3859 866 animatum

2270 906 2455 962 vivens
2501 907 2570 962 ad
2618 907 2886 963 viventem
2937 915 2994 962 et
3039 905 3454 973 intelligentem.
3501 903 3864 958 Administrat

2271 1000 2598 1056 irrationalis
2620 1002 2797 1055 anima
2824 1015 3020 1070 corpus
3040 999 3290 1064 animale,
3318 998 3375 1052 in
3401 996 3630 1052 salutem
3650 997 3868 1052 scilicet

2271 1090 2424 1160 ejus:
2458 1099 2514 1145 et
2542 1091 2882 1146 administrat
2903 1091 3136 1146 animam
3179 1088 3506 1144 rationalem
3550 1087 3868 1144 intellectus

2272 1180 2498 1236 rationis
2517 1195 2708 1251 capax,
2736 1181 2789 1235 in
2817 1181 3047 1236 salutem
3074 1179 3328 1234 videlicet
3354 1178 3549 1233 anima:
3576 1178 3867 1234 rationalis

2273 1281 2534 1344 operante
2549 1280 2710 1343 atque
2731 1273 3142 1328 administrante
3158 1271 3272 1327 Deo
3285 1271 3568 1342 principali
3589 1277 3868 1342 potestate

2273 1370 2330 1416 et
2356 1361 2532 1416 stabili
2560 1363 2820 1428 motione,
2847 1371 3011 1434 atque
3043 1363 3258 1418 initiato
3289 1361 3713 1417 substantiarum
3743 1376 3870 1416 car-

2272 1453 2398 1508 dine
2425 1473 2436 1506 :
2469 1455 2701 1524 primum
2733 1462 2791 1509 ut
2813 1455 2942 1518 sint,
2969 1454 3228 1524 deinceps
3249 1461 3310 1508 ut
3335 1469 3435 1528 pro
3455 1452 3620 1508 modo
3645 1451 3736 1507 vel
3756 1467 3872 1508 ωε,

2272 1544 2380 1599 rito
2421 1545 2602 1599 taliter
2644 1546 2754 1600 sint
2807 1545 3043 1617 qualiter
3071 1560 3193 1601 esse
3219 1545 3420 1601 debere
3447 1545 3539 1601 ille
3558 1546 3869 1611 constituit,

2274 1635 2365 1704 qui
2393 1651 2503 1690 non
2533 1637 2634 1690 nisi
2676 1637 2821 1702 juste
2865 1636 3116 1691 universa
3161 1635 3418 1707 disponit.
3470 1635 3607 1691 Nam
3628 1636 3874 1692 sicutde

2275 1728 2591 1798 corporibus
2633 1728 2704 1783 ibi
2751 1729 2838 1784 vel
2867 1729 2939 1783 ibi
2961 1743 3083 1784 esse
3105 1736 3330 1799 propter
3357 1728 3652 1784 localitatis
3670 1743 3873 1785 neces-

591 1803 709 1910 quze
739 1803 923 1910 utique
950 1803 1350 1908 nonvintelligit
1375 1838 1566 1893 Deum.
1616 1837 1756 1892 Deus
1783 1843 1963 1890 autem
2009 1842 2064 1890 ct
2093 1803 2174 1888 in;
2200 1817 2252 1882 Β
2277 1819 2490 1910 ἓίῐθιθῐη
2513 1803 2750 1887 ἕτοηετιιθ
2778 1819 2993 1887 (Ποίων,
3042 1820 3114 1874 ila
3144 1819 3213 1874 de
3240 1819 3523 1910 animabujs
3550 1828 3784 1910 propter
3803 1819 3876 1874 ﬂ"

592 1935 848 2004 telligenti
895 1942 951 1989 et
979 1949 1086 1989 non
1136 1932 1454 2001 intelligenti
1479 1929 1952 1986 adestillocaliter.
1982 1927 2089 1983 Sed
2116 1927 2172 1982 in

591 2033 796 2079 tantum
817 2025 939 2080 istic
971 2024 1341 2095 peregrinatur
1363 2024 1417 2077 in
1442 2029 1698 2092 quantum
1721 2035 1816 2091 per
1843 2019 2171 2090 voluptatem

511 2174 518 2178 _
589 2132 654 2171 ac
681 2116 898 2172 dolores
924 2116 1169 2186 corporis
1197 2131 1294 2186 per
1321 2115 1439 2170 loca
1466 2114 1550 2168 vel
1592 2121 1853 2183 tempora,
1878 2126 1975 2181 per
2001 2111 2172 2180 phan-

590 2207 755 2261 tasias
780 2215 835 2262 et
856 2206 1233 2276 phantasmata
1259 2220 1290 2259 a
1311 2204 1505 2259 summi
1532 2203 1660 2259 boni
1707 2201 2173 2272 contemplatione

590 2305 896 2362 revocatur,
917 2296 1065 2366 quod
1090 2305 1218 2350 tunc
1247 2304 1271 2332 α
1301 2296 1367 2350 ad
1393 2294 1610 2364 plenum
1633 2309 1740 2350 non
1765 2294 1887 2357 erit,
1921 2309 2032 2346 cum
2053 2308 2169 2345 cor-

589 2388 830 2458 ruptibile
875 2389 969 2443 hoc
1013 2388 1238 2442 induerit
1265 2387 1818 2458 incorruptibilitatem,
1863 2395 1911 2439 et
1958 2383 2175 2439 mortale

591 2480 819 2532 induerit
844 2479 1288 2533 immortalitatem
1317 2477 1505 2549 (lbid.,
1535 2476 1645 2548 55).

667 2568 729 2621 ll.
770 2569 901 2634 Quae
929 2583 1050 2622 cum
1080 2569 1154 2623 ita
1199 2569 1326 2633 sint,
1376 2568 1747 2638 peregrinatur
1773 2565 1948 2620 anima
1970 2565 2023 2619 in
2053 2579 2173 2620 cor~

594 2674 746 2730 pore,
779 2659 932 2728 cujus
959 2660 1324 2730 corruptione,
1379 2659 1654 2714 debilitate
1683 2667 1844 2730 atque
1883 2657 2170 2726 indigentia

594 2768 624 2804 ει
663 2751 855 2820 patria,
881 2751 985 2807 hoc
1012 2759 1113 2815 est,
1157 2766 1187 2806 a
1217 2751 1328 2806 Deo
1353 2759 1648 2821 separatur.
1683 2739 1820 2804 Puto
1840 2758 2019 2803 autem
2049 2749 2174 2803 sub-

591 2845 843 2902 stantiam
891 2844 1043 2915 cujus
1070 2844 1434 2915 peregrinatio
1482 2843 1653 2899 locale
1682 2850 1764 2898 est
1795 2849 1956 2911 atque
1976 2851 2172 2911 corpo-

593 2952 765 2999 reum,
797 2944 853 2991 et
879 2935 1034 3005 cujus
1063 2936 1231 3006 patria
1263 2936 1641 3006 incorporeum
1670 2945 1726 2992 et
1774 2935 2004 2998 illocale,
2062 2949 2169 2990 non

596 3028 855 3082 veraciter
881 3027 984 3082 dici
1014 3027 1097 3082 vel
1143 3042 1458 3096 corpoream
1485 3027 1569 3081 vel
1599 3025 1843 3081 localem.
1874 3023 1933 3079 In
1961 3023 2053 3079 illo
2076 3038 2171 3078 au-

596 3126 705 3170 tem
741 3117 1104 3186 peregrinatio
1133 3119 1238 3172 neu
1268 3117 1390 3181 erit,
1420 3116 1572 3186 cujus
1601 3116 1747 3171 nullo
1777 3116 2018 3186 appetitu
2039 3129 2168 3186 pro-

2278 1909 2606 1964 localitatem
2652 1909 2737 1964 vel
2785 1910 3097 1980 qualitatem
3123 1909 3244 1964 talis
3272 1924 3394 1964 esse
3430 1909 3519 1964 vel
3546 1909 3734 1964 taliter
3747 1909 3875 1978 jura

2275 2001 2670 2071 pronuntiatur.
2689 2001 2822 2068 Quia
2844 2002 2984 2056 sicut
3010 2002 3211 2057 viventi
3227 2003 3442 2073 corpori
3457 2001 3758 2072 jucundum
3787 2012 3876 2060 est

2276 2095 2578 2150 luculentus
2623 2095 2774 2150 locus
2826 2095 2914 2149 vel
2957 2103 3291 2166 temperatus
3318 2109 3435 2164 aer,
3467 2097 3541 2150 ita
3571 2095 3876 2152 vivificanti

2275 2186 2457 2242 animo
2508 2187 2862 2257 tranquillitas
2908 2186 2962 2240 in
3015 2188 3355 2257 cogitatione.
3407 2196 3464 2243 et
3527 2189 3799 2244 securitas
3840 2204 3873 2242 a

2279 2279 2492 2334 timore.
2515 2278 2727 2344 Itidem,
2751 2281 2892 2335 sicut
2914 2281 3145 2350 poenalia
3165 2289 3291 2335 sunt
3309 2282 3525 2351 corpori
3544 2281 3874 2337 tenebrosus

2278 2372 2434 2428 locus
2463 2382 2519 2428 et
2540 2388 2700 2443 asper
2726 2382 2982 2442 attactus,
3011 2377 3089 2431 sic
3115 2375 3295 2430 animo
3339 2376 3594 2445 cogitanti
3623 2376 3863 2432 instabi-

2275 2467 2398 2524 litas
2427 2477 2483 2524 et
2510 2469 2764 2537 angustia:
2785 2470 3151 2527 fomiidandze.
3175 2472 3366 2542 Agitur
3393 2487 3520 2542 ergo
3535 2474 3722 2548 "anima.
3740 2489 3869 2528 non

2275 2577 2376 2632 per
2403 2561 2598 2627 locum,
2622 2562 2717 2617 sed
2746 2579 2844 2634 pro
2873 2563 3162 2620 aﬁectuum
3190 2564 3505 2621 diversitate
3537 2575 3592 2620 et
3615 2565 3873 2622 delecta-

2278 2651 2458 2706 biliter
2477 2659 2532 2706 et
2558 2653 2864 2723 pmnaliter.
2896 2653 3030 2710 lllud
3051 2664 3234 2712 tamen
3261 2655 3450 2727 liquet,
3481 2657 3715 2714 animant
3749 2656 3876 2712 sine

2279 2758 2506 2812 corpore
2557 2744 2972 2814 incorporaliter
2998 2761 3098 2816 per
3137 2745 3364 2803 aﬂ'ectus
3389 2748 3480 2819 pie
3525 2748 3612 2803 vel
3642 2740 3874 2804 mulceri

2275 2833 2362 2887 vel
2392 2832 2552 2903 aﬂligi
2601 2850 2758 2904 posse
2791 2853 2804 2888 :
2835 2851 3032 2907 corpus
3059 2837 3176 2893 sine
3204 2839 3384 2894 anima
3431 2837 3518 2894 vel
3547 2840 3738 2895 suavia
3781 2841 3869 2895 vel

2275 2926 2510 2995 pmnalia
2539 2928 2740 2983 sentire
2770 2943 2878 3003 non
2907 2945 3086 3000 posse.
3128 2929 3335 2986 Animae
3373 2930 3539 3000 igitur
3563 2940 3871 3003 corporata:

2275 3025 2360 3070 est
2389 3034 2484 3087 per
2503 3034 2700 3088 corpus
2728 2999 2934 3076 seniire
2953 3034 3239 3093 corporea,
3271 3021 3557 3094 eidemque
3596 3025 3719 3080 sine
3742 3040 3870 3081 cor-

2274 3124 2408 3178 pore
2438 3111 2617 3166 videre
2647 3113 2988 3184 incorporea.
3031 3113 3174 3184 Ergo
3228 3123 3289 3170 ut
3327 3131 3526 3187 corpus
3567 3117 3869 3172 inanimum

594 3209 824 3273 licietur,
847 3209 992 3264 nullo
1013 3210 1193 3264 renisu
1211 3209 1580 3278 occupabitur,
1608 3209 1755 3263 nullo
1787 3208 2026 3279 pondere
2046 3223 2176 3278 prte-
2199 3198 2248 3262 C
2279 3201 2413 3255 nihil
2455 3204 2641 3270 sentit,
2674 3205 2746 3258 ita
2775 3205 2986 3261 animus
3014 3206 3130 3261 sine
3157 3219 3386 3279 corpore
3431 3223 3700 3278 corporea
3748 3210 3872 3264 uni-

595 3300 857 3370 pedietur.
902 3299 1075 3365 Patet,
1106 3310 1163 3354 ut
1212 3301 1460 3367 arbitror,
1512 3299 1743 3377 animam
1792 3316 1898 3355 non
1946 3301 1998 3354 in
2027 3301 2173 3355 omni

593 3406 839 3462 corpore,
872 3390 966 3446 sed
995 3391 1048 3445 in
1077 3391 1280 3447 carnali
1311 3400 1516 3446 tantum
1544 3405 1774 3460 corpore
1813 3391 2171 3460 peregrinari;

592 3484 716 3552 quia
746 3484 961 3538 carnale
1007 3498 1205 3553 corpus
1233 3483 1431 3548 obviat,
1464 3492 1519 3536 et
1546 3481 1786 3552 spiritale
1806 3481 2081 3552 ‘proitimat
2101 3482 2176 3536 in-

593 3577 886 3645 corporeis.
918 3574 1074 3645 Ergo,
1099 3584 1160 3630 ut
1185 3575 1470 3644 aliquando
1491 3574 1557 3630 de
1585 3582 1764 3630 nostra
1789 3570 2013 3640 tantum,
2037 3575 2176 3629 sicut

593 3668 855 3737 prolocnti
883 3682 1085 3732 sumus,
1115 3667 1408 3723 substantia
1454 3668 1798 3733 disseramus,
1839 3667 1959 3736 quis
1999 3676 2176 3738 potest

592 3762 818 3831 abyssos
845 3761 1120 3816 memoria:
1148 3762 1294 3816 solus
1323 3761 1519 3816 intueri
1548 3770 1602 3815 et
1652 3769 1802 3815 antra
1853 3762 2172 3830 penetrare?

592 3851 650 3907 ln
705 3853 802 3906 ista
851 3853 978 3907 mihi
1033 3862 1114 3908 est
1154 3853 1410 3923 quidQuid
1448 3869 1672 3924 usquam
1701 3853 1943 3908 colorum
1977 3855 2174 3907 forma-

591 3958 814 4012 rumque
835 3943 964 4011 vidi,
1010 3944 1065 3998 in
1088 3945 1189 4000 hac
1208 3944 1463 4014 quidquid
1490 3946 1777 4000 verborum
1804 3944 1888 4000 vel
1916 3959 2170 4000 sonorum

591 4053 687 4106 per
715 4052 872 4092 aures
903 4037 1108 4107 accepi,
1163 4037 1216 4090 in
1247 4037 1346 4092 hac
1374 4036 1630 4106 quidquid
1652 4036 1875 4091 odorum
1897 4051 1994 4106 per
2014 4052 2172 4092 nares

590 4130 807 4198 attraxi,
830 4130 883 4183 in
913 4130 1012 4184 hac
1035 4129 1292 4199 quidquid
1319 4121 1898 4200 saporum'diversitate
1920 4129 2170 4198 cognovi,

591 4223 644 4273 in
700 4221 802 4275 hac
855 4220 1110 4290 quidquid
1165 4231 1308 4276 tactu
1363 4222 1640 4278 nuntiante
1688 4221 1954 4288 discrevi;
1988 4223 2040 4277 in
2071 4223 2174 4277 hac

592 4310 722 4364 mihi
759 4310 991 4379 reposita
1019 4309 1414 4379 quodammodo
1441 4321 1566 4367 sunt
1593 4321 1649 4367 et
1673 4313 2018 4381 grammatica
2047 4327 2170 4368 cum

593 4399 661 4452 de
689 4399 984 4455 dialecticis
1028 4400 1253 4468 dissero,
1303 4413 1357 4458 et
1403 4404 1672 4459 rhetorica
1702 4420 1824 4460 cum
1853 4404 1920 4461 de
1947 4419 2168 4474 geome-

595 4491 762 4557 tricis,
788 4499 842 4546 et
883 4492 1204 4562 astrologica
1233 4509 1354 4549 cum
1383 4495 1450 4551 de
1478 4496 1696 4550 musicis
1715 4537 1729 4562 ,
1761 4504 1817 4550 et
1846 4496 1959 4551 haec
2007 4497 2165 4551 simul

2278 3307 2432 3347 versa
2456 3310 2564 3348 non
2584 3296 2767 3349 sentit.
2793 3294 2929 3352 Hinc
2947 3305 3033 3352 est
3050 3297 3193 3368 quod
3211 3299 3376 3354 etiam
3404 3298 3532 3355 dtun
3561 3315 3763 3373 corpus
3782 3301 3871 3356 ad-

2275 3385 2545 3440 ministrat
2565 3395 2726 3458 atque
2746 3375 3032 3453 sentiﬁcat,
3047 3391 3090 3444 si
3106 3389 3324 3460 quando
3346 3392 3400 3446 in
3425 3407 3634 3447 summa
3649 3393 3870 3449 eadem-

2275 3491 2381 3546 que
2427 3493 2641 3548 semper
2695 3481 2983 3545 attollitur,
3031 3482 3105 3536 ita
3132 3482 3534 3553 quodammodo
3560 3499 3871 3555 corporeos

2275 3569 2476 3625 deserit
2514 3586 2704 3626 sensus
2743 3572 2810 3628 ab
2858 3573 3154 3645 iisdemque
3201 3575 3480 3631 illocaliter
3504 3574 3770 3641 abscedit,
3803 3585 3873 3634 ut

2274 3679 2457 3720 coram
2504 3666 2678 3733 posita
2708 3682 2817 3720 non
2865 3666 3066 3732 videat,
3092 3675 3152 3721 ut
3170 3666 3320 3737 jukta
3346 3667 3590 3722 sonantia
3617 3683 3733 3722 non
3753 3683 3867 3722 au-

2273 3755 2407 3820 diat,
2439 3765 2500 3811 ut
2539 3773 2850 3827 percursam
2878 3757 3107 3827 legendo
3133 3758 3369 3829 paginam
3405 3772 3512 3812 non
3548 3756 3845 3825 intelligat.

2276 3847 2442 3903 Adest
2469 3849 2646 3904 anima
2669 3858 2726 3903 ut
2746 3865 2846 3920 per
2867 3850 3081 3905 oculum
3112 3850 3400 3904 litterarum
3424 3847 3577 3917 signa
3597 3847 3859 3915 colligat,

2273 3939 2568 4010 eademque
2590 3940 2644 3994 in
2672 3939 2904 4012 syllabas
2931 3941 3134 3996 sociata
3159 3937 3445 4010 conjungat
3463 3953 3526 3994 ac
3557 3953 3658 4010 per
3676 3938 3870 3994 verba

2272 4031 2603 4098 distinguat;
2647 4041 2703 4088 et
2737 4047 2846 4090 non
2895 4032 3049 4088 adest
3080 4042 3140 4087 ut
3166 4032 3295 4103 quid
3320 4047 3418 4102 per
3445 4031 3562 4087 hate
3601 4028 3630 4070 δ
3661 4029 3878 4086 fecerit

2271 4123 2428 4177 sciat.
2478 4121 2623 4190 Lego
2649 4124 2793 4178 clare
2822 4123 3040 4193 aliquid,
3070 4123 3462 4195 pronuntiante
3487 4137 3574 4178 me
3599 4121 3740 4177 alter
3767 4123 3879 4177 in-

2271 4216 2488 4284 telligit,
2521 4217 2612 4286 qui
2637 4217 2689 4270 in
2721 4216 2772 4270 id
2801 4217 2997 4272 mentis
3022 4217 3238 4272 oculum
3271 4216 3422 4285 ﬁgit;
3451 4229 3552 4284 ego
3591 4214 3886 4286 veroipse

2272 4311 2400 4382 quid
2449 4311 2668 4378 legerim
2712 4312 2916 4378 nescio,
2949 4311 3073 4380 quia
3106 4311 3160 4364 in
3199 4308 3346 4365 aliud
3368 4310 3547 4364 anima
3576 4308 3889 4365 illocaliter

2272 4405 2479 4460 intenta
2519 4403 2781 4460 discessit.
2830 4402 3072 4474 Denique
3099 4419 3220 4459 cum
3264 4403 3332 4457 ad
3363 4402 3750 4472 memetipsum
3785 4401 3887 4457 vel

2272 4495 2578 4550 admonitus
2607 4494 2795 4560 redeo,
2830 4507 2933 4562 ego
2973 4495 3086 4565 ipse
3117 4510 3234 4550 sum
3273 4494 3366 4563 qui
3387 4493 3574 4562 utique
3595 4491 3799 4559 redeo,
3823 4502 3892 4549 et

591 4582 774 4635 omnia
804 4598 922 4636 cum
971 4583 1038 4637 de
1089 4583 1440 4639 arithmeticis
1489 4584 1641 4654 juxta
1688 4584 1888 4640 formas
1934 4587 2167 4656 partium
2193 4578 2247 4637 Ι)
2272 4599 2374 4654 ego
2395 4586 2508 4654 ipse
2537 4599 2653 4640 sum
2680 4584 2745 4638 ad
2767 4599 2925 4654 quem
2950 4583 3135 4639 redeo.
3159 4581 3228 4637 Et
3243 4597 3460 4660 mecum
3481 4596 3595 4637 non
3613 4579 3715 4647 fui,
3741 4582 3892 4653 quia

589 4671 770 4726 mundi
799 4687 933 4742 quas
959 4672 1137 4735 video,
1168 4672 1235 4728 de
1264 4673 1346 4728 liis
1373 4689 1506 4743 quas
1534 4689 1641 4729 non
1671 4675 1826 4730 video
1881 4675 2170 4732 adminicu-

589 4765 733 4819 lante
762 4767 967 4821 ratione
996 4779 1346 4835 cognoscens,
1380 4768 1694 4837 incorporea
1726 4768 1977 4824 mundum
2007 4784 2167 4840 capa-

590 4852 751 4907 citate
771 4855 1117 4925 complector.

1146 4947 1373 5004 CAPUT
1412 4948 1596 5004 XXIII.
1663 4961 1666 4964 ’

593 5035 744 5101 Quod
779 5036 954 5089 anima
992 5039 1301 5108 incorporea
1340 5043 1510 5095 videat
1537 5059 1630 5113 per
1664 5059 1736 5106 se,
1782 5026 2027 5113 corporea
2051 5061 2168 5100 vero

1217 5127 1307 5178 per
1326 5128 1530 5181 corpus.
2176 5122 2178 5124 '

657 5217 764 5273 Sed
786 5217 922 5274 dicis
941 5217 1072 5274 mihi
1100 5238 1112 5273 :
1139 5219 1253 5276 Non
1283 5222 1535 5278 mundum
1566 5226 1824 5281 memoria
1847 5227 2169 5298 complecte-

585 5310 677 5377 ris,
707 5311 800 5367 sed
830 5309 1054 5381 ﬁguram
1083 5312 1286 5369 mundi.
1322 5313 1416 5369 Vel
1443 5330 1509 5369 ex
1539 5315 1643 5371 hoc
1671 5317 1904 5386 intelligo
1934 5319 2164 5372 animam

584 5419 691 5460 non
741 5421 861 5462 esse
905 5421 1242 5477 corpoream,
1273 5408 1398 5478 quia
1419 5407 1566 5464 vides
1587 5409 1828 5464 eamdem
1861 5424 1958 5468 nec
1978 5426 2167 5480 corpo-

584 5496 714 5549 ralia
743 5497 1098 5568 corporaliter
1119 5513 1276 5569 posse
1305 5500 1636 5570 conspicere.
1673 5499 1807 5555 Huic
1828 5515 1956 5570 ergo
1985 5516 2166 5572 super-

581 5586 788 5654 positus
841 5597 924 5643 est
970 5607 1074 5646 non
1103 5591 1242 5656 loco,
1273 5591 1364 5648 sed
1387 5593 1439 5646 vi
1469 5606 1530 5648 ac
1563 5595 1804 5664 potentia
1831 5593 2018 5649 oculus
2040 5596 2130 5665 qui
2149 5627 2161 5636 -

654 5710 678 5772 ς’
721 5700 800 5772 Al.
827 5703 895 5754 ad
915 5703 1081 5772 plene.

655 5769 681 5809 δ
713 5769 794 5824 Al.
829 5769 1092 5842 defecerit.

2273 4677 2341 4732 ad
2369 4694 2455 4732 me
2483 4693 2580 4748 per
2610 4678 2967 4743 intervallum,
3000 4692 3111 4732 non
3141 4676 3264 4743 loci,
3295 4675 3393 4731 sed
3414 4674 3680 4746 temporis
3708 4676 3891 4732 redii.

2269 4769 2339 4824 Et
2383 4777 2537 4825 extra
2573 4785 2660 4825 me
2690 4785 2799 4825 non
2839 4769 2934 4834 fui,
2967 4769 3091 4839 quia
3119 4769 3236 4824 sine
3265 4781 3354 4822 me
3393 4780 3514 4821 esse
3541 4780 3656 4820 non
3687 4768 3892 4836 potui.

2269 4863 2391 4933 Ipsa
2421 4874 2442 4902 ε
2476 4863 2593 4918 istic
2621 4871 2705 4917 est
2733 4862 2930 4929 anima,
2964 4871 3022 4916 ut
3065 4875 3161 4932 per
3195 4859 3410 4915 oculum
3451 4873 3570 4929 qua:
3609 4857 3900 4926 leguntur

2271 4956 2479 5022 videat;
2504 4964 2560 5009 et
2589 4956 2701 5026 ipsa
2730 4955 2848 5011 istic
2877 4969 2987 5009 non
3017 4962 3121 5018 est,
3145 4961 3205 5007 ut
3223 4966 3342 5023 qua:
3372 4951 3629 5019 leguntur
3657 4966 3794 5008 non
3817 4953 3901 5008 in-

2272 5049 2498 5116 telligat.
2530 5046 2637 5101 Aut
2663 5062 2773 5101 non
2801 5046 2996 5115 smpius
3025 5043 3128 5099 hoc
3148 5043 3354 5107 evenit,
3380 5049 3439 5097 ut
3465 5041 3581 5095 sive
3604 5039 3902 5111 hujusce—

2272 5137 2418 5193 modi
2461 5136 2781 5191 lectionibus
2823 5133 3299 5190 accommodantes
3328 5132 3525 5208 visum,
3555 5130 3688 5185 sive
3745 5133 3905 5189 tela.

2271 5229 2406 5284 tioni
2427 5228 2721 5299 cujuspiam
2749 5225 3066 5280 adhibentes
3088 5224 3349 5289 auditum,
3373 5238 3494 5278 cum
3521 5221 3646 5276 lucc
3682 5225 3906 5280 eadem

2271 5337 2378 5376 non
2409 5320 2584 5390 minus
2613 5317 2836 5385 intelligi
2876 5331 3034 5386 quam
3082 5312 3250 5370 videri
3274 5322 3435 5384 atque
3466 5311 3649 5366 audiri
3679 5313 3907 5370 faenili-

2271 5427 2418 5467 mum
2445 5411 2534 5473 sit,
2563 5417 2790 5479 utroque
2834 5416 3015 5461 tamen
3035 5421 3196 5462 sensu
3216 5420 3382 5461 sonos
3409 5419 3473 5458 ac
3499 5403 3671 5470 signa
3698 5407 3911 5476 capia-

2271 5520 2422 5571 mus;
2467 5518 2589 5558 cum
2629 5501 2843 5571 quidem
2874 5499 2990 5554 hcce
3017 5497 3208 5554 eadem
3230 5494 3538 5565 signiﬁcent
3561 5511 3690 5552 non
3730 5498 3912 5555 intel—

2270 5596 2530 5667 ligamus?
2559 5592 2626 5647 Et
2657 5601 2836 5647 tamen
2892 5606 3104 5646 rursum
3134 5589 3186 5644 in
3217 5589 3271 5646 id
3324 5587 3468 5659 quod
3526 5588 3914 5651 intellseetum

2343 5723 2364 5752 ε
2400 5710 2482 5764 Al.
2515 5711 2648 5774 istae,
2683 5719 2793 5766 tum
2821 5708 2929 5778 hic,
2963 5715 3073 5762 tum
3103 5707 3262 5777 paulo
3283 5715 3422 5778 post.
