4140 6346
357 325 470 384 729

1539 336 1626 390 DE
1667 335 1892 392 STATU
1929 335 2167 391 ΑΝΙΜᾸΞ
2211 336 2334 394 LIB.
2376 290 2424 396 l:

3526 351 3633 409 750

355 459 471 499 non
497 453 613 499 erat
651 460 812 501 animi
842 448 1136 504 referentes
1173 449 1440 515 obtutum,
1474 452 1677 522 absque
1698 452 1804 506 ulla
1835 453 1936 508 hoc
1963 451 2017 513 Α
2045 453 2314 521 animam,l
2338 456 2463 524 quia
2509 457 2636 513 illud
2665 461 2808 528 quod
2848 462 3235 531 subjiciendum
3265 478 3382 518 esse
3419 465 3623 534 dixisti,

352 534 505 591 idem
532 534 845 594 difﬁcultate
867 539 1398 610 comprehendimus.
1456 559 1466 566 ·

915 694 1144 753 CAPUT
1179 696 1367 754 XXIV.

345 804 509 872 Quod
535 823 641 886 Itan
668 818 757 886 Δεει
797 809 943 864 attitd
969 813 1165 886 anima,
1203 812 1350 886 aliud
1391 814 1937 886 meruerimcogitatio

497 878 574 934 vel
599 879 853 948 uoluntas,
885 897 1000 936 cum
1027 882 1137 938 hac
1162 883 1343 938 eadem
1367 899 1475 938 una
1500 885 1569 938 sit
1595 878 1790 938 animi.

423 1010 464 1064 Ι.
495 1009 603 1066 Sed
631 1012 909 1084 subjungis
935 1028 1000 1070 ac
1024 1013 1158 1070 dicis
1184 1033 1197 1069 :
1222 1014 1382 1071 Aliud
1408 1022 1492 1072 est
1519 1015 1709 1071 animm
1741 1024 1933 1082 status,

337 1101 498 1157 aliud
525 1103 570 1158 is
592 1104 684 1174 qui
713 1104 781 1160 de
807 1105 986 1161 anima
1025 1106 1265 1162 nascitur
1301 1105 1644 1176 cogitationis
1688 1104 1930 1161 allectus.

335 1190 712 1258 Quamobrem
737 1203 830 1250 aut
856 1195 960 1252 hoc
985 1196 1166 1267 potius
1191 1195 1563 1252 aestimandum
1588 1204 1690 1260 εει,
1715 1195 1860 1266 quod
1887 1195 1934 1252 si

332 1282 565 1352 quando
600 1285 703 1340 sibi
748 1285 948 1356 aliquid
996 1287 1332 1357 imaginatur,
1376 1288 1546 1357 magis
1590 1299 1614 1324 κ
1655 1303 1776 1342 cum
1822 1287 1936 1342 suis

331 1374 487 1430 intra
547 1378 895 1448 semetipsum
942 1380 1177 1436 motibus
1223 1389 1532 1452 occupetur:
1589 1377 1658 1434 Et
1701 1379 1748 1434 si
1802 1379 1931 1450 quid

332 1466 490 1522 aliud
517 1477 603 1523 est
629 1469 774 1539 quod
802 1471 1045 1541 aspicere
1069 1471 1300 1538 videtur,
1330 1473 1500 1542 magis
1524 1472 1574 1527 ei
1603 1473 1656 1526 in
1687 1473 1936 1528 recorda-

333 1559 505 1614 tionis
531 1560 754 1630 speculo
783 1561 1137 1618 describatur.
1188 1563 1331 1619 Istud
1371 1573 1622 1619 naturam
1668 1572 1725 1618 tu
1774 1571 1934 1634 putas

330 1649 458 1719 ejus
484 1665 623 1717 esse,
655 1667 762 1707 non
787 1667 1020 1723 pmnam.
1045 1653 1357 1724 Idcircoque
1385 1656 1562 1710 anima
1585 1663 1678 1708 tua
1702 1654 1756 1708 in
1779 1667 1933 1709 reco-

330 1742 581 1808 gnitione
603 1744 686 1798 sui
717 1735 932 1812 fallitur,
961 1747 1087 1815 quia
1110 1747 1210 1802 sibi
1237 1746 1576 1802 adversantia
1604 1760 1705 1816 pro
1725 1760 1785 1801 se
1812 1760 1931 1800 am-

2045 553 2268 602 eatenus
2286 547 2516 602 animam
2545 551 2722 608 solere
2750 555 3107 624 requiescere,
3139 564 3198 611 ut
3236 572 3454 627 prorsus
3479 561 3626 629 cogi-

2042 642 2121 690 tet
2147 635 2298 703 nihil,
2324 647 2474 693 caret
2497 654 2644 696 vero.
2678 641 2868 700 Anima
2908 661 3102 718 nempe
3141 648 3352 703 variare
3390 651 3622 718 cogitata

2039 736 2238 800 potest,
2279 745 2387 786 non
2407 735 2646 801 cogitare
2664 750 2771 791 non
2797 744 2994 808 potest.
3027 739 3164 808 Quid
3185 749 3362 798 autem
3389 742 3516 798 illud
3542 752 3625 799 est

2039 819 2184 891 quod
2225 823 2496 880 somniare
2522 823 2768 893 dicimur,
2797 829 2900 885 nisi
2937 831 3084 900 quod
3120 847 3189 888 ne
3237 831 3379 888 fesso
3405 834 3624 904 quidem

2037 925 2269 982 corpore
2310 913 2362 968 in
2404 921 2733 988 somnosque
2768 920 3010 978 resoluto
3037 923 3228 979 animae
3254 924 3334 980 vis
3357 940 3388 980 a
3415 927 3623 996 cogita-

2038 1003 2277 1061 tionibus
2320 1009 2510 1063 vacat?
2557 1008 2694 1067 Tota
2738 1027 2869 1069 vero
2907 1014 2981 1070 ibi
3009 1023 3094 1071 est
3127 1016 3217 1072 ubi
3245 1017 3465 1087 cogitat,
3495 1020 3621 1088 quia

2037 1105 2168 1153 tota"
2181 1100 2399 1169 cogitat.
2433 1101 2634 1159 Verum
2664 1113 2718 1159 tu
2747 1105 2948 1162 idcirco
2973 1107 3061 1163 vel
3085 1110 3318 1165 maxime
3339 1110 3409 1166 de
3432 1112 3622 1166 animae

2035 1198 2179 1246 statu
2218 1190 2438 1260 falleris,
2467 1195 2594 1266 quia
2639 1196 2783 1253 aliud
2830 1198 3082 1265 animam,
3115 1200 3257 1256 aliud
3286 1216 3406 1258 esse
3429 1204 3620 1259 anima:

2035 1284 2331 1352 potentiam
2366 1285 2560 1341 credis.
2591 1287 2745 1354 Quod
2782 1289 2925 1345 enim
2965 1291 3166 1359 cogitat
3204 1292 3451 1348 accidens
3503 1293 3620 1363 ejus

2035 1383 2145 1442 est,
2177 1375 2475 1432 substantia
2521 1393 2651 1433 vero
2696 1394 2816 1450 qum
2856 1382 3077 1450 cogitat.
3120 1380 3236 1437 Hoc
3272 1382 3516 1452 equidem
3549 1383 3620 1438 de

2034 1465 2314 1521 voluntate
2356 1477 2570 1538 oportet
2610 1483 2885 1538 agnoscas.
2929 1471 3061 1527 Nam
3111 1474 3250 1528 sicut
3293 1482 3405 1529 tota
3440 1473 3618 1528 anima

2035 1558 2291 1625 cogitatio
2338 1568 2438 1627 est,
2489 1561 2564 1615 ita
2601 1563 2776 1617 anima
2816 1572 2930 1619 tota
2975 1564 3226 1620 voluntas
3265 1574 3374 1632 est;
3404 1574 3460 1621 et
3497 1580 3619 1636 qua:

2033 1649 2271 1722 perfecte
2293 1653 2424 1720 vult,
2450 1661 2564 1708 tota
2591 1654 2725 1710 vult.
2748 1652 2836 1720 Et,
2859 1662 2919 1709 ut
2943 1670 3104 1726 supra
3125 1655 3324 1710 dictum
3344 1665 3446 1722 est,
3473 1671 3618 1726 qua-

2036 1757 2249 1812 cunque
2279 1743 2353 1798 illi
2381 1743 2519 1799 velle
2538 1743 2832 1801 accidentia
2852 1753 2952 1811 est,
2977 1745 3153 1816 ipsum
3180 1760 3308 1800 vero
3333 1746 3473 1801 velle
3490 1747 3618 1802 sub-

332 1831 610 1902 plectitur,
655 1843 710 1889 et
753 1849 850 1904 per
884 1850 1075 1890 sensus
1108 1836 1354 1906 corporis
1380 1834 1711 1891 fallaciarum
1740 1835 1929 1890 all'ecta
1956 1818 2007 1880 Β
2033 1835 2229 1888 stantia
2259 1843 2360 1889 est.
2399 1833 2534 1890 Hinc
2574 1835 2736 1890 etiam
2782 1835 2837 1890 in
2885 1835 3052 1891 sacris
3097 1834 3289 1891 litteris
3329 1835 3618 1892 voluntatis

332 1923 601 1991 ludibriis,
633 1934 858 1982 eatenus
896 1927 1198 1997 implicatur
1226 1942 1411 1982 errore
1451 1935 1511 1981 ut
1553 1934 1804 1997 tanquam
1835 1927 1930 1982 ab-

331 2031 462 2072 sens
482 2019 585 2074 sibi
611 2034 672 2075 se
697 2028 920 2088 quaerat,
963 2034 1086 2074 cum
1135 2021 1247 2090 ipsa
1295 2020 1364 2074 sit
1412 2033 1658 2089 quaerens
1697 2035 1774 2074 se.
1808 2017 1927 2073 Non

332 2109 482 2163 enim
511 2109 642 2165 illud
669 2118 753 2165 est
779 2109 956 2164 anima
982 2109 1128 2178 quod
1166 2109 1443 2178 quaeritur,
1475 2109 1574 2164 sed
1612 2109 1755 2178 quod
1783 2124 1932 2179 quae—

334 2202 434 2268 rit;
463 2201 724 2272 quidquid
747 2202 890 2257 enim
917 2202 1129 2270 qumrit,
1155 2209 1310 2256 extra
1338 2216 1401 2256 se
1425 2209 1528 2256 est.
1559 2200 1667 2256 Nec
1686 2215 1931 2270 quaerere

336 2291 414 2347 illi
441 2308 578 2363 opus
604 2281 708 2358 est,
755 2291 857 2346 nisi
899 2290 1042 2362 quod
1083 2307 1266 2346 secum
1295 2307 1400 2346 non
1431 2300 1530 2347 est.
1578 2290 1698 2362 Ipsa
1745 2299 1928 2346 autem

333 2399 522 2440 secum
553 2393 656 2448 est,
685 2383 810 2453 quia
853 2383 971 2437 sine
1004 2396 1064 2437 se
1109 2382 1239 2436 nihil
1277 2391 1378 2438 est.
1409 2382 1661 2448 Quaerere
1707 2397 1768 2437 se
1799 2397 1929 2452 ergo

338 2470 451 2530 non'
476 2474 682 2539 debuit,
704 2475 829 2544 quia
849 2475 968 2530 sine
992 2489 1052 2530 se
1080 2489 1200 2530 esse
1228 2491 1336 2531 non
1362 2476 1556 2547 potuit.
1589 2475 1931 2547 Quapropter

336 2582 459 2622 cum
487 2580 548 2622 se
575 2582 685 2622 non
705 2567 820 2622 sine
846 2582 906 2622 se
929 2569 1138 2638 qumrit,
1166 2570 1470 2625 necessario
1496 2570 1549 2625 in
1578 2569 1723 2624 aliud
1743 2569 1925 2626 incur-

303 2727 311 2736 .
337 2660 427 2725 rit,
456 2659 583 2730 quia
612 2674 718 2714 non
742 2668 918 2730 potest
944 2675 1003 2716 se
1043 2660 1282 2716 invenire
1309 2663 1425 2717 sine
1451 2677 1531 2718 se.
1561 2661 1691 2718 Haec
1719 2671 1802 2719 est
1829 2661 1922 2718 illa

335 2751 536 2814 illusio,
567 2765 729 2821 quam
755 2753 845 2821 qui
875 2752 1123 2822 intelligit
1149 2751 1314 2819 dolet,
1347 2768 1411 2810 ac
1435 2755 1626 2811 dolens
1648 2756 1834 2826 gemit,
1865 2765 1922 2812 et

329 2857 455 2898 cum
492 2843 758 2913 propheta
781 2844 984 2914 plangit
1009 2860 1074 2900 ac
1102 2845 1232 2900 dicit
1261 2862 1278 2900 :
1311 2845 1441 2902 Tota
1469 2849 1552 2904 die
1584 2851 1920 2907 contristatae

328 2931 676 3004 ingrediebar,
700 2936 941 3007 quoniam
969 2937 1147 2990 anima
1183 2953 1298 2991 mea
1314 2939 1587 3009 'completo
1610 2949 1688 2994 est
1712 2941 1924 2996 illusio-

330 3020 478 3077 nibus
519 3021 692 3094 (Psal.
737 3040 938 3090 xxxvn,
972 3026 1024 3090 7,
1055 3025 1132 3097 8).
1165 3025 1272 3082 Sed
1303 3027 1606 3084 istiusmodi
1645 3031 1922 3090 illusiones

2029 1926 2281 1997 perfectae
2317 1927 2577 1992 deﬁnitio,
2620 1935 2782 1999 prout
2817 1928 2946 1984 illud
2991 1936 3094 1996 est,
3125 1927 3270 1998 quod
3308 1928 3380 1982 ita
3423 1927 3508 1983 vel
3545 1929 3616 1984 ita

2032 2020 2202 2073 voluit
2223 2061 2238 2087 ,
2285 2020 2601 2076 damnabilis
2653 2020 3042 2090 laudabilisque
3094 2027 3364 2075 censetur.
3419 2019 3510 2075 Sic
3561 2020 3616 2076 in

2030 2107 2326 2179 Evangelio
2355 2111 2649 2167 Dominus:
2675 2109 2777 2176 Qui
2803 2111 3004 2177 viderit,
3035 2111 3226 2182 inquit,
3256 2112 3518 2166 mulierem
3545 2112 3616 2166 ad

2031 2201 2499 2272 concupiscendum
2528 2219 2659 2268 eam,
2685 2203 2800 2274 jam
2827 2202 3106 2257 mmcltattts
3133 2210 3214 2256 est
3235 2217 3350 2257 eam
3375 2202 3431 2256 in
3463 2201 3616 2256 corde

2029 2307 2124 2346 suo
2156 2289 2370 2360 (Matth.
2401 2308 2457 2358 v,
2482 2290 2597 2363 28).
2639 2290 2708 2358 Et
2752 2293 2806 2347 in
2853 2293 3050 2348 bonam
3095 2299 3306 2364 partem
3348 2292 3469 2350 loco
3506 2293 3615 2347 alio

2030 2383 2344 2452 angelorum
2387 2385 2610 2440 vocibus
2645 2384 2849 2442 dicitur
2878 2403 2893 2438 :
2925 2382 3104 2440 Gloria
3135 2385 3193 2439 ἰὴ
3232 2386 3450 2440 excelsis
3479 2382 3610 2453 Deo,

2026 2482 2078 2528 et
2097 2475 2152 2528 in
2177 2483 2315 2529 terra
2337 2491 2442 2546 pax
2461 2475 2752 2531 hominibus
2771 2474 2922 2531 bona:
2938 2476 3216 2530 voluntatis
3236 2475 3386 2547 (Luc.
3416 2491 3472 2542 II,
3497 2475 3609 2546 M).

2025 2565 2169 2622 Ecce
2192 2566 2430 2632 dilectio,
2464 2576 2521 2622 ut
2547 2576 2605 2623 tu
2634 2567 2931 2634 arbitraris,
2973 2568 3136 2623 animi
3162 2567 3405 2638 quaedam
3432 2569 3612 2639 portio

2024 2665 2107 2714 est
2140 2677 2153 2711 :
2186 2667 2244 2713 ut
2288 2659 2430 2715 ratio
2469 2658 2648 2726 docet,
2678 2660 2887 2716 animus
2927 2667 3074 2715 totus
3108 2667 3210 2715 est.
3240 2659 3298 2715 Si
3325 2659 3452 2729 quid
3481 2673 3610 2730 ergo

2026 2760 2142 2808 toto
2167 2767 2352 2807 amore
2379 2768 2522 2817 amo,
2554 2769 2661 2808 non
2692 2752 2744 2808 id
2773 2753 2945 2822 ipsum
2971 2760 3088 2807 toto
3125 2753 3305 2806 animo
3332 2751 3528 2820 diligo?
3555 2761 3609 2806 et

2024 2842 2116 2896 ubi
2145 2851 2300 2898 vacat
2320 2843 2450 2898 illud
2475 2842 2620 2912 quod
2647 2843 2842 2897 dieitur
2865 2860 2878 2896 :
2909 2841 3109 2914 Diliges
3138 2841 3414 2897 Dominum
3443 2841 3607 2896 Deum

2027 2941 2168 2985 tuum
2205 2949 2270 2985 ex
2301 2943 2406 2987 toto
2433 2933 2586 2986 corde
2611 2941 2717 2997 tuo,
2740 2941 2790 2987 et
2811 2935 2876 2987 et
2907 2941 3013 2988 tota
3055 2933 3233 2988 anima
3274 2943 3359 2987 tua
3391 2924 3608 3003 (Matth.

2025 3039 2157 3090 xxn,
2208 3023 2318 3095 l7),
2362 3026 2404 3080 si
2447 3026 2640 3081 anima:
2683 3028 2804 3096 pars
2848 3029 3069 3098 putatur
3105 3041 3224 3082 esse
3260 3025 3514 3082 dilectio?
3549 3025 3608 3084 Si

327 3113 385 3167 in
413 3115 672 3170 memoria
700 3116 900 3186 patitur
919 3117 1118 3181 anima,
1141 3130 1211 3172 ex
1231 3131 1338 3188 qua
1364 3118 1496 3173 nihil
1516 3117 1918 3190 phaﬂlasiarum
1959 3184 1993 3190 _
2024 3115 2168 3169 enim
2197 3124 2352 3185 parte
2383 3116 2464 3171 sui
2489 3116 2660 3186 diligit
2685 3119 2884 3184 anima,
2917 3133 3022 3174 non
3050 3118 3236 3188 utique
3274 3126 3387 3174 tota
3413 3116 3603 3187 diligit.

329 3204 650 3260 reventilare
678 3184 743 3260 ac
767 3205 1010 3275 prolbrre
1036 3207 1229 3278 possit,
1248 3184 1365 3265 nisi
1407 3184 1624 3267 easdem
1665 3228 1696 3268 a
1731 3213 1920 3272 formis
1945 3184 1994 3250 (ἶ
2022 3207 2116 3264 Sin
2148 3184 2276 3265 vero
2297 3216 2409 3266 tota
2435 3184 2628 3280 diligit,
2655 3219 2766 3268 tota
2795 3211 2995 3282 absque
3020 3184 3366 3280 ambiguitate
3392 3184 3608 3266 dilectio

327 3311 619 3367 corporum
639 3312 739 3368 per
763 3313 1059 3370 corporeos
1085 3315 1277 3358 sensus
1303 3301 1588 3360 hausisset.
1619 3301 1744 3363 Siire
1771 3309 1916 3364 enim

327 3387 517 3444 eadem
545 3404 666 3460 qua:
703 3404 800 3461 per
836 3405 1032 3462 corpus
1060 3394 1282 3450 attraxit
1319 3393 1534 3451 sibimet
1569 3397 1912 3469 imaginatur,

327 3481 442 3537 sive
469 3497 538 3537 ex
570 3482 654 3537 bis
680 3497 800 3554 qua:
837 3484 992 3550 vidit,
1035 3485 1124 3542 illa
1170 3501 1290 3558 qua:
1328 3504 1436 3544 non
1477 3487 1610 3545 vidit
1646 3491 1919 3562 coniectat

327 3580 491 3643 atque
516 3571 792 3642 conﬁngit.
823 3572 1042 3632 Certum
1085 3585 1262 3650 tamen
1300 3588 1404 3646 est,
1448 3581 1726 3651 imaginari
1768 3581 1914 3637 illam

319 3664 468 3719 intra
497 3665 781 3734 quemdam
812 3676 1055 3724 ventrem
1083 3671 1358 3726 memoria:
1377 3684 1717 3740 nequaquam
1731 3686 1913 3742 posse,

329 3757 432 3812 nisi
451 3772 517 3812 ea
544 3773 662 3827 qua:
685 3773 782 3828 per
805 3774 1002 3829 corpus
1029 3763 1255 3831 accepit.
1288 3759 1355 3815 Et
1382 3762 1497 3817 haec
1524 3761 1598 3816 illi
1627 3776 1733 3817 non
1765 3771 1918 3818 natu~

332 3847 486 3912 ralia,
517 3848 610 3902 sed
639 3849 870 3917 pmnalia
915 3859 1060 3906 sunt.
1092 3850 1162 3906 Ut
1189 3853 1442 3921 quoniam
1471 3869 1503 3908 a
1531 3869 1741 3911 summo
1772 3856 1918 3912 bono

330 3935 476 4004 quod
503 3936 552 3990 ei
582 3936 722 3992 Deus
747 3945 851 4004 est,
883 3938 1151 3996 illecebris
1177 3941 1408 4012 pellecta
1439 3945 1719 4014 corporeis
1747 3944 1919 4001 deﬁu-

330 4028 410 4083 xit
439 4027 492 4082 in
520 4043 736 4100 corpus,
768 4030 1003 4100 patiatur
1032 4031 1159 4113 illud
1185 4032 1325 4088 intra
1353 4041 1526 4090 semet
1565 4035 1736 4113 ipsam
1775 4035 1920 4105 juste

327 4120 475 4190 quod
503 4130 656 4177 extra
695 4138 756 4179 se
780 4123 970 4180 dilexit
997 4110 1213 4195 injuste.
1245 4125 1362 4182 Non
1387 4141 1516 4198 ergo
1541 4110 1684 4184 mihi
1702 4136 1756 4185 tu
1786 4127 1918 4184 illud

327 4221 451 4270 esse
478 4215 712 4270 animam
741 4215 1072 4286 persuadere
1097 4218 1250 4284 velis,
1281 4231 1390 4288 quo
1415 4221 1717 4289 perturbari
1739 4221 1920 4292 potius

326 4307 574 4364 eamdem
601 4307 770 4365 vides.
816 4307 911 4363 Illa
948 4323 1181 4380 namque
1207 4311 1252 4366 si
1286 4311 1340 4365 in
1375 4319 1546 4366 status
1585 4311 1794 4383 pristini
1821 4325 1917 4368 su-

325 4398 591 4455 blimitate
631 4399 917 4456 mansisset
952 4415 984 4455 a
1026 4414 1136 4470 quo
1181 4409 1376 4473 sponte
1414 4401 1620 4473 dilapsa
1647 4411 1752 4470 est,
1781 4417 1917 4459 nun-

312 4505 486 4560 quam
511 4498 700 4546 contra
739 4491 984 4561 spiritum
1012 4506 1162 4558 caro,
1196 4506 1298 4549 nec
1322 4502 1512 4549 contra
1543 4508 1763 4550 carnem
1801 4495 1914 4566 spi-

2022 3310 2124 3356 est.
2158 3301 2361 3357 Dicitur
2387 3303 2548 3369 enlm,
2577 3312 2812 3373 vereque
2839 3303 3052 3368 dicitur,
3080 3301 3335 3372 quoniam
3362 3299 3500 3354 Deus
3529 3301 3608 3354 tti-

2020 3393 2172 3448 lectio
2213 3402 2289 3448 est
2342 3393 2522 3464 (Joan.
2556 3397 2630 3462 Iv,
2659 3394 2737 3464 8).
2769 3392 2876 3448 Sed
2901 3393 3118 3450 dilectio
3169 3391 3258 3446 illa
3298 3385 3418 3445 talis
3445 3397 3528 3445 est
3551 3398 3609 3448 ut

2022 3499 2124 3540 nec
2151 3485 2266 3553 ipsa
2295 3485 2517 3551 diligere
2547 3484 2646 3539 nisi
2675 3485 2895 3548 bonum,
2921 3488 3022 3538 nec
3048 3497 3146 3553 per
3173 3495 3292 3536 eam
3317 3479 3462 3549 diligi
3483 3495 3609 3551 pos.

2021 3575 2092 3627 sit
2130 3575 2230 3628 nisi
2265 3573 2421 3629 bene.
2473 3573 2598 3630 Haec
2647 3577 2836 3630 autem
2872 3573 3090 3630 dilectio
3128 3571 3272 3643 quod
3309 3581 3392 3629 est
3430 3572 3606 3627 anima

2021 3667 2275 3733 humana,
2305 3673 2528 3738 propter
2554 3666 2838 3722 affectuum
2881 3665 3291 3722 mutabilitatem
3339 3673 3518 3735 potest
3552 3672 3608 3718 et

2022 3757 2078 3810 in
2101 3757 2399 3826 superiora,
2421 3757 2566 3827 quod
2593 3757 2643 3813 ei
2671 3757 2818 3814 solus
2838 3758 2980 3813 Dens
2999 3765 3101 3823 est,
3123 3755 3327 3811 calcati
3349 3755 3609 3808 charitate

2023 3848 2270 3918 flagrare,
2301 3859 2356 3905 et
2395 3851 2448 3904 in
2478 3849 2729 3904 inferiora
2758 3847 3082 3904 darbnabilia
3127 3860 3310 3902 amore
3343 3843 3607 3900 diﬁluere.

2022 3938 2312 4006 Quodlibet
2357 3949 2536 3994 tamen
2575 3933 2780 4008 diligat,
2820 3938 2866 3993 si
2903 3946 3020 3994 toto
3065 3950 3251 3992 amore
3277 3933 3466 4004 diligit,
3493 3940 3608 3989 tota

2020 4031 2214 4098 diligit.
2264 4030 2332 4086 Et
2377 4047 2498 4087 cum
2546 4039 2661 4087 tota
2699 4030 2903 4099 diligit,
2945 4034 3057 4085 tota
3093 4027 3312 4084 dilectio
3338 4035 3449 4094 est;
3489 4038 3609 4095 quas

2023 4123 2204 4178 unitas
2232 4124 2286 4178 in
2313 4137 2544 4194 corpore
2571 4123 2777 4179 scilicet
2803 4137 2912 4178 non
2942 4131 3043 4179 est.

2596 4235 2823 4294 CAPUT
2860 4234 3024 4291 XXV.

2019 4328 2331 4402 Exemplum
2358 4331 2425 4402 de
2449 4331 2775 4402 geometrica,
2808 4329 3134 4402 arithmetica
3161 4335 3312 4397 atque
3339 4308 3606 4402 dialectica

2090 4393 2510 4472 adérudiendtt'm
2532 4393 2770 4456 lectorem
2788 4402 2844 4472 in
2865 4417 2926 4455 ea
2948 4415 3062 4472 qua:
3083 4393 3300 4453 obscura
3325 4404 3461 4460 sunt,
3485 4393 3605 4465 quid

2090 4471 2260 4526 videat
2288 4473 2464 4526 animo
2492 4489 2584 4543 per
2605 4489 2678 4538 se,
2703 4471 2828 4544 quid
2850 4487 2941 4542 per
2963 4471 3179 4541 corpus.

322 4582 460 4636 ritus
483 4581 846 4652 concupisset.
876 4580 944 4638 Et
978 4583 1024 4637 si
1063 4583 1226 4639 homo
1257 4598 1432 4650 verus,
1464 4584 1569 4641 hoc
1596 4594 1699 4650 est,
1733 4561 1912 4640 anima
1938 4561 1992 4623 D
2090 4581 2131 4636 l.
2174 4579 2281 4637 Sed
2305 4581 2438 4638 dicis
2471 4601 2484 4636 :
2531 4579 2757 4650 Quando
2801 4580 3076 4636 absentem
3104 4593 3285 4633 carum
3315 4590 3467 4630 suum
3508 4589 3604 4630 co-

323 4672 633 4739 rationalis,
680 4672 942 4729 honorem
985 4688 1173 4739 suum,
1227 4674 1515 4743 imaginem
1558 4675 1767 4732 seilicet
1815 4675 1914 4732 Dei

323 4761 696 4825 intellexisset,
727 4777 1000 4833 nunquam
1026 4764 1388 4834 insipientibus
1411 4763 1597 4821 fuisset
1614 4777 1914 4838 comparata

319 4853 566 4924 jumentis
590 4851 761 4924 (Psal.
789 4869 969 4919 XLVIII,
999 4853 1086 4919 15,
1117 4853 1232 4920 21),
1256 4855 1508 4910 videlicet
1528 4865 1586 4910 ut
1613 4857 1950 4914 animaliter.

327 4943 550 4999 viveret.
576 4942 713 4999 Hinc
752 4952 835 4998 est
869 4944 968 5003 ille,
999 4958 1110 5014 prae
1138 4943 1308 5000 oculis
1335 4943 1453 5011 ejus
1481 4945 1770 5013 imaginum
1795 4960 1917 5000 cor-

327 5049 612 5106 porearum
643 5035 919 5101 tumultus,
950 5049 1010 5090 se
1037 5049 1252 5104 semper
1278 5035 1573 5103 objectans,
1598 5045 1658 5090 ut
1681 5037 1726 5090 si
1747 5051 1916 5105 quan-

325 5126 400 5181 do
421 5127 509 5182 vel
536 5127 605 5182 ad
633 5142 713 5196 se,
725 5126 812 5181 vel
839 5125 906 5181 ad
927 5125 1097 5180 Deum
1123 5137 1280 5179 suum
1307 5125 1680 5182 ratiocinando
1711 5126 1916 5191 nititur,

327 5231 542 5286 seraper
561 5216 629 5270 ad
648 5232 912 5287 corporea
941 5215 1237 5288 phantasiis
1259 5216 1538 5285 corporeis
1563 5224 1838 5274 avocetur.

399 5304 462 5360 ll.
518 5305 598 5361 'l‘u
627 5308 770 5362 enim
814 5322 935 5362 cum
982 5307 1112 5361 dicis
1152 5304 1295 5360 aliud
1337 5320 1455 5360 esse
1484 5307 1738 5373 animam,
1770 5307 1917 5362 aliud

327 5397 520 5451 animm
565 5398 982 5466 cogitationem,
1023 5397 1216 5452 melius
1255 5395 1484 5451 fortasse
1523 5398 1769 5464 dixisses,
1824 5399 1914 5454 illa

313 5487 398 5546 de
423 5489 618 5558 quibus
641 5490 844 5558 cogitat
871 5489 1070 5553 anima,
1099 5504 1222 5544 cum
1249 5489 1316 5544 de
1342 5504 1400 5544 se
1429 5506 1534 5545 non
1563 5492 1783 5560 cogitat,
1805 5509 1916 5549 non

328 5590 450 5634 esse
475 5579 735 5634 animam-
769 5579 939 5649 ipsam
965 5593 1095 5634 vero
1123 5579 1505 5635 seritationem
1535 5595 1644 5636 non
1673 5595 1792 5640 esse
1814 5584 1915 5640 nisi

414 5767 436 5794 ο
469 5757 551 5812 Al.
581 5758 814 5820 cujusvis.

2019 4676 2172 4746 gitat,
2220 4675 2460 4746 nunquid
2495 4675 2642 4731 velut
2685 4675 2802 4745 ipso
2829 4680 3118 4742 conspecto
3145 4667 3424 4723 desideriis
3451 4665 3604 4720 satis-

2020 4765 2180 4822 fecit?
2227 4765 2351 4831 Ista,
2398 4773 2459 4819 ut
2503 4778 2604 4832 ego
2651 4761 2880 4831 conjicio
2907 4769 3070 4830 atque
3114 4766 3174 4812 ut
3213 4757 3371 4827 plane
3409 4754 3620 4825 probo,‘

2021 4857 2301 4927 potissima
2323 4854 2610 4912 admodum
2636 4867 2797 4908 causa
2824 4861 2907 4906 est
2932 4864 3051 4921 qua:
3078 4857 3132 4904 te
3153 4849 3334 4919 tuique
3362 4848 3602 4915 ignarum

2023 4947 2257 5016 perpulit
2299 4945 2535 5000 animam
2574 4943 2681 4998 reri
2728 4957 2846 4999 esse
2885 4955 3219 5012 corpoream.
3272 4940 3318 4994 A
3361 4939 3602 4995 sensibus

2021 5050 2204 5104 quaeso
2231 5035 2476 5105 corporis
2517 5035 2786 5105 paulisper
2818 5033 3085 5099 attollere,
3115 5049 3180 5089 ac
3203 5034 3247 5089 si
3277 5032 3442 5096 vales,
3477 5044 3601 5098 per-

2019 5126 2168 5196 spice
2193 5141 2314 5197 qua:
2339 5125 2425 5180 vel
2451 5132 2652 5194 quanta
2688 5127 2770 5181 vis
2805 5125 3019 5182 videndi
3064 5126 3135 5181 sit
3178 5125 3356 5178 animo
3389 5138 3404 5184 ;
3451 5128 3525 5180 et,
3556 5116 3600 5170 si

2019 5215 2146 5286 quid
2194 5224 2365 5287 potes,
2398 5216 2559 5272 animi
2590 5217 2758 5273 visum
2785 5217 3136 5289 corporisque
3161 5213 3426 5267 discerne.
3464 5206 3600 5259 Cor-

2021 5323 2122 5378 pus
2147 5316 2296 5363 certe
2322 5308 2451 5363 nihil
2477 5309 2640 5377 videt,
2671 5310 2797 5380 quia
2825 5308 2957 5363 nihil
2990 5306 3172 5374 utique
3199 5299 3364 5355 sentit
3400 5297 3601 5364 absque

2020 5381 2218 5454 anima.
2245 5401 2321 5455 Ac
2343 5416 2441 5472 per
2464 5401 2566 5457 hoc
2591 5401 2804 5456 animus
2823 5409 3083 5465 corporea
3104 5407 3202 5463 per
3219 5403 3415 5458 corpus
3435 5386 3599 5452 videt,

2020 5491 2340 5564 incorporea
2369 5510 2467 5564 per
2493 5508 2572 5549 se.
2603 5492 2728 5546 Haec
2751 5491 2866 5560 ipsa
2895 5501 3055 5549 nunc,
3099 5489 3355 5553 quantum
3386 5481 3598 5550 impr-tc-

2020 5585 2313 5642 sentiarum
2361 5599 2450 5641 res
2492 5581 2753 5652 postulat,
2797 5583 3217 5649 sequestremus,
3245 5582 3305 5630 ut
3339 5587 3456 5666 qtae
3494 5572 3598 5631 sint
