4140 6346
527 349 630 410 ’151

1741 304 1756 316 ’
1819 345 2140 404 ΜΑΜΕιιτι
2179 343 2546 404 CLAUDIAM

3713 341 3828 398 ηδε

534 474 700 530 animi
729 475 838 530 visa
881 489 977 543 per
1018 487 1232 551 corpus,
1265 485 1385 543 qua:
1423 472 1540 526 sine
1567 486 1818 542 corpore,
1847 471 2128 526 evidenter
2153 471 2208 535 Α
2229 449 2354 528 dine
2381 470 2671 542 perfectior
2708 481 2807 538 est,
2837 485 2954 543 qua:
2979 477 3161 527 tamen
3189 469 3350 525 habet
3379 469 3576 539 aliquid
3615 483 3674 522 se
3703 467 3824 537 ipsa

533 563 850 636 appareant.
897 564 1030 620 Nam
1069 564 1217 619 velut
1247 564 1340 633 qui
1381 563 1464 619 vel
1509 563 1710 632 aliquid
1747 563 1990 618 eruditus
2017 570 2119 625 est,

533 655 698 712 credo
737 656 950 711 noverit
977 656 1031 710 in
1067 655 1395 724 geometrica
1423 655 1704 725 disciplina
1731 654 1860 724 quid
1887 654 1957 709 sit
1985 665 2122 724 pun-

531 757 698 814 ctum,
721 748 921 818 quidve
951 749 1108 804 linea.
1137 748 1242 805 Sed
1259 750 1388 818 quia
1413 749 1556 804 inter
1579 764 1676 805 eos
1697 748 1792 819 qui
1817 748 1919 803 ista
1939 747 2126 816 digna-

533 843 733 897 buntur
787 841 965 908 legere
1007 857 1128 898 esse
1163 845 1344 912 potest
1381 841 1473 910 qui
1513 841 1748 908 nesciat,
1775 839 1844 895 de
1873 841 1978 894 hoc
2007 840 2124 908 ipso

533 931 808 1003 paululum
835 933 1152 989 disserendo
1179 937 1500 1002 quicramus.
1535 933 1700 988 Linea
1725 939 1808 987 est
1831 931 1912 1002 (ut
1931 930 2126 986 doctis-

534 1025 656 1080 simi
703 1033 866 1095 atque
911 1027 1240 1082 excellentes
1286 1025 1384 1080 viri
1423 1041 1533 1080 non
1569 1025 1764 1092 dixere
1797 1023 1991 1088 soluat,
2029 1021 2126 1076 sed

535 1116 908 1174 ratiocinando
945 1117 1264 1188 probavere)
1301 1117 1582 1186 longitudo
1622 1118 1870 1187 simplex,
1913 1131 2034 1188 qum
2071 1115 2124 1169 in

537 1223 768 1278 corpore
811 1217 1036 1280 prorsus
1083 1219 1317 1280 nequeat
1367 1210 1612 1274 inveniri,
1663 1225 1730 1265 eo
1777 1205 1922 1278 quod
1968 1221 2127 1263 omne

539 1316 736 1371 corpus
772 1301 1108 1370 longitudine
1143 1303 1362 1373 longum
1409 1303 1498 1368 sit,
1535 1309 1649 1358 'non
1689 1309 1866 1356 tamen
1907 1301 2128 1371 ipsa-sit

537 1393 850 1464 longitudo,
905 1409 1078 1463 neque
1107 1395 1274 1466 possit
1295 1395 1378 1450 sic
1401 1409 1525 1448 esse
1557 1394 1774 1463 longum
1807 1401 1866 1448 ut
1901 1409 2010 1447 non
2051 1391 2128 1448 la-

541 1493 654 1539 tum
681 1485 841 1540 simul
869 1487 1142 1555 altumque
1169 1487 1258 1540 sit.
1285 1485 1568 1552 Quocirca,
1599 1485 1738 1540 sicut
1763 1485 1932 1546 aiunt,
1965 1483 2128 1538 etiam

541 1577 586 1630 si
615 1592 828 1632 araneae
865 1575 1013 1632 ﬁlum
1053 1577 1394 1646 cogitaveris,
1425 1577 1552 1646 quia
1587 1575 1772 1645 utique
1801 1591 1998 1644 corpus
2025 1582 2126 1639 est,

541 1685 651 1725 non
701 1671 868 1726 solam
908 1670 1296 1738 longitudinem
1335 1671 1604 1740 cogitasti.
1650 1669 1824 1726 Habet
1859 1671 2000 1724 enim
2031 1685 2130 1740 pro

543 1761 704 1832 modo
745 1775 843 1816 suo
879 1761 1338 1817 indissociabilem
1371 1761 1726 1830 longitudinis
1753 1777 1863 1816 sua:
1893 1761 2132 1816 latitudi-

2227 565 2537 638 perfectius.
2579 563 2844 620 Punctum
2875 573 2900 602 ι
2929 575 3121 635 nempe
3147 562 3518 634 principaliter
3555 569 3638 615 est
3665 559 3824 626 origo

2195 659 2402 740 .lineee,
2449 658 2517 712 ab
2547 658 2664 728 ipso
2703 658 2957 728 incipitur
2984 658 3210 728 ipsoque
3251 654 3432 709 linitur
3464 671 3478 719 ;
3523 668 3644 708 cum
3681 667 3826 721 pun-

2229 761 2376 808 ctum
2420 767 2522 807 nec
2567 752 2694 806 oriri
2743 767 2773 805 a
2813 759 3085 821 quoquam
3131 755 3334 821 pateat,
3363 762 3465 803 nec
3501 746 3662 802 finiri.
3707 743 3828 800 Hoc

2229 859 2464 914 namque
2492 844 2732 900 conti-net
2775 843 2828 897 in
2877 843 3059 912 figuris
3093 847 3375 913 punctum,
3411 839 3555 909 quod
3597 852 3738 894 unus
3767 837 3826 891 in

2230 936 2486 990 numeris.
2519 933 2624 990 ista
2651 947 2779 1004 ergo
2808 935 2948 988 linea
2976 945 3095 1003 qua:
3129 932 3474 989 transversim
3510 930 3682 986 secari
3725 945 3828 999 po-

2231 1035 2356 1094 test,
2385 1027 2558 1084 scindi
2603 1043 2702 1098 per
2749 1028 2966 1096 longum
3013 1043 3120 1082 non
3163 1035 3364 1098 potest.
3393 1023 3532 1092 Quia
3561 1025 3750 1093 utique
3779 1023 3828 1077 si

2229 1120 2510 1184 scinditur,
2542 1119 2706 1174 habet
2733 1118 3104 1185 latitudinem;
3144 1134 3266 1174 cum
3301 1117 3531 1174 secanda
3559 1123 3664 1180 est,
3693 1129 3834 1185 pun-

2229 1217 2319 1266 eto
2367 1212 2621 1278 caeditur;
2671 1227 2794 1268 cum
2845 1219 3103 1282 punctum
3155 1211 3364 1266 scilicet
3411 1224 3519 1264 non
3565 1207 3825 1263 caedatur.

2229 1302 2526 1359 Perfectior
2553 1317 2684 1372 ergo
2723 1303 3001 1373 longitudo
3029 1302 3330 1368 latitudine,
3361 1301 3486 1372 quia
3515 1298 3746 1354 latitudo
3775 1307 3832 1352 et

2231 1395 2582 1450 transversim
2613 1403 2668 1450 et
2691 1395 2936 1452 directim
2965 1395 3160 1464 recipit
3179 1394 3496 1449 sectionem.
3531 1388 3836 1444 Perfectior

2233 1488 2462 1544 latitudo
2489 1489 2792 1553 altitudine,
2823 1488 2948 1556 quia
2977 1485 3204 1542 altitudo
3249 1501 3357 1541 non
3401 1485 3576 1539 solum
3603 1483 3740 1538 ﬁndi
3767 1497 3832 1538 ac

2231 1580 2427 1644 secari,
2457 1593 2644 1634 verum
2673 1587 2730 1635 et
2757 1595 2787 1634 a
2811 1580 2979 1634 latere
3007 1578 3138 1634 caedi
3179 1585 3379 1650 potest.
3423 1575 3566 1644 Ergo
3601 1576 3832 1632 altitudo

2235 1671 2354 1724 sine
2383 1669 2664 1726 latitudine
2693 1679 2750 1725 et
2778 1670 3112 1738 longitudine
3141 1683 3260 1724 esse
3287 1685 3393 1724 non
3417 1675 3618 1738 potest.
3652 1666 3720 1721 Et
3739 1667 3834 1722 ubi

2237 1763 2355 1817 haec
2381 1763 2484 1816 tria
2507 1769 2655 1828 sunt,
2689 1762 2830 1816 haud
2857 1762 3018 1816 dubie
3047 1777 3244 1832 corpus
3273 1767 3374 1816 est.
3395 1749 3676 1814 'Latitudo
3715 1759 3836 1815 sine

543 1865 666 1906 nem
707 1859 869 1922 atque
909 1853 1270 1909 altitudinem.
1315 1851 1480 1921 igitur
1519 1854 1584 1919 si,
1631 1860 1692 1907 ut
1739 1851 1896 1908 fateri
1933 1854 2134 1908 veritas
2161 1853 2211 1920 Β
2239 1855 2576 1924 longitudine
2601 1869 2720 1910 esse
2747 1869 2856 1910 non
2897 1862 3095 1924 potest.
3130 1853 3432 1922 Longitudo
3457 1853 3580 1908 sine
3599 1852 3688 1906 bis
3711 1867 3838 1906 orn-

541 1945 704 2015 cogit,
737 1946 881 2000 aliud
907 1955 992 2001 est
1019 1946 1298 2016 longitudo
1323 1959 1486 2015 quam
1515 1944 1760 2008 altitudo,
1785 1947 2019 2015 seposita
2055 1947 2134 2000 la-

524 2029 770 2092 'titudine
817 2037 988 2092 solam
1035 2037 1424 2106 longitudinem
1445 2037 1768 2106 cogitemus.
1799 2037 1925 2092 Scio
1956 2045 2133 2092 autem

540 2127 684 2184 hanc
707 2127 954 2184 eamdem
989 2129 1196 2199 liquido
1235 2128 1476 2199 conspici
1517 2144 1626 2184 non
1665 2143 1785 2183 esse
1825 2129 2132 2194 multorum,

543 2235 702 2290 quam
731 2237 854 2277 cum
889 2221 1120 2277 Marcius
1153 2237 1372 2292 quoque
1397 2223 1753 2294 philosOphus
1777 2231 2004 2292 negaret
2030 2239 2138 2278 ma-

545 2313 836 2369 thematice
881 2313 1110 2370 Adrasto
1155 2331 1216 2370 se
1251 2315 1453 2380 videre,
1481 2325 1605 2371 cum
1653 2313 1822 2370 lineas
1863 2315 2136 2370 fabrorum

545 2407 754 2462 videret
781 2426 792 2460 :
817 2409 1002 2478 utique
1017 2423 1132 2463 non
1153 2409 1348 2463 mirum
1367 2417 1476 2475 est,
1499 2411 1677 2480 inquit
1697 2410 1974 2474 Adrastus,
1993 2409 2139 2478 quod

547 2501 718 2556 habes
761 2501 948 2556 oculos
981 2502 1189 2557 similes
1231 2501 1524 2568 fabrorum,
1571 2505 1840 2572 ingenium
1879 2504 2140 2559 dissimile

549 2593 868 2666 Pythagorae
892 2612 906 2662 ;
931 2595 1026 2652 sed
1045 2611 1153 2650 non
1181 2595 1382 2652 idcirco
1395 2595 1726 2652 tardioribus
1747 2597 2140 2668 desperandum

547 2695 649 2754 est,
669 2689 834 2745 modo
859 2689 944 2744 vel
973 2689 1282 2746 auctoritati
1301 2689 1557 2746 cedamus
1586 2691 1676 2762 qui
1716 2691 1982 2746 rationem
2004 2691 2142 2746 forte

521 2817 524 2820 -
551 2781 658 2836 non
690 2781 950 2852 capimus.
967 2793 978 2806 '

619 2874 680 2929 11.
717 2874 838 2930 Haec
870 2889 999 2945 ergo
1036 2875 1105 2930 de
1133 2890 1238 2945 qua
1283 2875 1432 2945 loqui
1473 2877 1810 2933 institueram
1839 2876 2139 2946 longitudo,

547 2983 670 3022 cum
701 2967 859 3022 fuerit
881 2973 1082 3039 puncto
1114 2969 1363 3024 inchoata
1389 2977 1696 3040 punctoque
1727 2969 1894 3036 finita,
1945 2985 1975 3023 a
2001 2967 2143 3023 Gne-

549 3061 626 3114 cis
653 3065 888 3136 γραμμὴ,
918 3074 948 3112 a
979 3060 1179 3114 nostris
1209 3061 1346 3114 tinea
1373 3059 1588 3116 dicitur.
1623 3059 1738 3114 Jam
1771 3077 1912 3116 nunc
1939 3062 1984 3115 si
2015 3059 2144 3129 quid

550 3151 621 3205 sit
651 3147 927 3217 longitudo
955 3151 1072 3205 sine
1095 3149 1434 3218 longitudine
1461 3165 1792 3219 cognoscere
1819 3152 2054 3213 valuisti,
2089 3159 2145 3206 et

2243 1947 2402 2002 nibus
2431 1961 2550 2002 esse
2573 1955 2776 2018 potest,
2807 1947 2900 2001 sed
2941 1947 3059 2000 sine
3105 1955 3308 2016 puncto
3345 1959 3466 2000 esse
3495 1961 3602 2000 non
3633 1953 3835 2015 potest.

2239 2037 2370 2092 Sine
2398 2037 2482 2092 his
2509 2051 2640 2092 vero
2661 2045 2920 2107 punctum
2943 2053 3160 2107 semper
3179 2045 3282 2101 est,
3311 2051 3414 2092 nec
3431 2037 3754 2106 cuiuspiam,
3781 2047 3838 2090 ut

2239 2129 2331 2194 sit,
2359 2129 2579 2198 indiget,
2601 2129 2728 2197 quia
2747 2127 2906 2183 unius
2929 2129 3129 2182 nullum
3149 2137 3329 2198 potest
3349 2141 3470 2182 esse
3489 2127 3836 2198 principium.

2237 2219 2488 2278 Circulos
2515 2221 2677 2290 igitur
2705 2235 2812 2275 una
2840 2221 3138 2290 eademque
3165 2219 3511 2276 circumﬂexu
3553 2219 3612 2274 fit
3637 2220 3782 2274 linea
3821 2239 3838 2273 :

2239 2315 2337 2370 sed
2365 2316 2506 2369 sicut
2533 2315 2588 2368 in
2620 2315 2842 2382 trigonis
2861 2321 2916 2368 et
2943 2314 3240 2382 tetragonis
3265 2328 3366 2382 per
3391 2312 3605 2380 angulos
3623 2317 3830 2382 puncta

2237 2415 2386 2472 sunt,
2419 2407 2615 2475 quibus
2643 2402 2932 2475 figurarum
2963 2407 3102 2459 ratio
3131 2405 3406 2471 consistit;
3437 2405 3512 2459 sic
3545 2406 3598 2460 in
3624 2405 3836 2460 circulo

2243 2498 2361 2567 ejus
2387 2499 2623 2554 medium
2645 2511 2848 2568 puncto
2873 2497 3254 2568 possidebitur,
3275 2504 3335 2552 ut
3355 2497 3586 2553 circulus
3607 2493 3730 2551 rata
3749 2497 3845 2552 di-

2243 2589 2528 2644 mensione
2571 2588 2849 2644 formetur.
2883 2588 3013 2643 Nam
3045 2603 3170 2644 cum
3209 2603 3374 2642 unum
3401 2589 3594 2644 circini
3627 2589 3846 2644 radium

2243 2682 2448 2746 ﬂxeris,
2473 2691 2634 2752 atque
2671 2683 2835 2738 alium
2877 2699 2906 2737 a
2947 2693 3134 2738 centro
3165 2685 3501 2740 extrinsecus
3531 2684 3850 2740 circumdu-

2243 2776 2421 2842 xeris;
2453 2775 2688 2840 attende,
2733 2785 2990 2844 quantum
3031 2784 3203 2846 potes,
3249 2778 3418 2832 centri
3465 2779 3772 2848 potentiam
3817 2797 3846 2833 a

2243 2867 2424 2922 stabili
2453 2867 2626 2934 radio,
2661 2868 2810 2920 illum
2839 2868 2932 2937 qui
2953 2867 3341 2936 circumagitur
3377 2868 3592 2923 radium
3629 2883 3846 2937 regere,

2241 2967 2303 3014 et
2341 2959 2448 3014 illic
2473 2960 2566 3014 ubi
2597 2959 2840 3016 localiter
2877 2975 2986 3014 non
3025 2965 3128 3025 est,
3173 2959 3544 3028 potentialiter
3583 2959 3847 3016 circulum

2247 3049 2496 3120 figurare.

2319 3142 2408 3197 lV.
2433 3141 2532 3196 Hic
2559 3142 2604 3196 si
2623 3151 2850 3212 purgata
2877 3143 3072 3197 mentis
3093 3142 3338 3198 intendas
3359 3143 3494 3210 acie,
3517 3129 3851 3199 submtil'are

549 3239 750 3296 lineam
797 3240 1130 3311 longitudine
1167 3241 1372 3296 ﬁnitam
1411 3241 1680 3308 formasti,
1728 3243 1862 3299 duas
1912 3243 2146 3311 :equales
2171 3237 2219 3307 C
2247 3236 2347 3291 tibi
2373 3236 2484 3305 jam
2513 3235 2676 3290 debet
2701 3235 2830 3304 quid
2853 3236 2922 3289 sit
2951 3237 3149 3290 anima.
3181 3234 3315 3290 Illud
3343 3235 3507 3290 etiam
3550 3236 3716 3304 quale
3741 3243 3847 3302 est,

551 3317 722 3387 lineas
755 3333 972 3388 sibimet
1012 3335 1322 3395 ἀντιστάτας
1353 3347 1386 3388 ε
1413 3334 1634 3404 regione
1661 3335 1958 3400 constitue;
2001 3334 2146 3403 quod

549 3433 674 3476 cum
701 3413 907 3489 feceris,
933 3415 1171 3494 intellige
1185 3431 1246 3478 tte
1275 3421 1497 3492 figuram
1525 3424 1733 3480 duabus
1753 3425 1908 3480 lineis
1929 3425 2146 3496 paribus

551 3527 664 3568 non
694 3513 901 3569 fecisse.
937 3511 1136 3587 Figura
1157 3515 1310 3570 enim
1339 3514 1542 3570 dicitur
1565 3531 1688 3571 cum
1717 3516 1936 3586 paribus
1976 3517 2146 3586 impa-

495 3660 506 3666 _
554 3607 772 3662 ribusve
821 3607 979 3662 lineis
1023 3605 1286 3679 capitibus
1335 3623 1457 3664 sese
1511 3609 1946 3676 contingentibus
1995 3609 2147 3664 locus

553 3691 806 3750 ambitur.
841 3695 1055 3752 Duabus
1097 3711 1226 3767 ergo
1265 3699 1489 3768 paribus
1531 3697 1686 3754 lineis
1731 3699 1844 3754 sive
1877 3699 2144 3754 adversitn

551 3788 765 3859 positis,
797 3789 912 3844 sive
939 3805 970 3844 a
991 3790 1174 3861 eapite
1203 3779 1634 3858 contingentibus
1667 3791 1832 3860 figura
1863 3807 1970 3846 non
1997 3792 2146 3846 clau—

551 3879 715 3936 ditur.
747 3877 939 3937 Tribus
965 3887 1096 3938 vero
1122 3881 1416 3952 {equalibus
1443 3883 1600 3937 lineis
1626 3883 1792 3950 ligura
1817 3882 1874 3936 lit
1899 3883 2105 3950 trigona
2128 3925 2142 3948 ,

553 3981 611 4029 et
649 3963 756 4031 hoc
801 3982 1002 4029 aeterna
1041 3975 1205 4044 atque
1239 3971 1646 4028 indenmtabilis
1687 3973 1824 4028 ratio
1866 3980 1948 4028 est
1999 3973 2148 4026 omni

549 4061 804 4119 humana:
841 4067 1010 4120 menti
1051 4065 1138 4120 vel
1185 4079 1294 4120 non
1342 4063 1630 4119 admonita:
1667 4063 1878 4119 clarens
1919 4063 2140 4133 liquido.

557 4152 804 4224 Nunquid
831 4171 960 4223 ergo
990 4156 1159 4210 tribus
1187 4155 1343 4210 lineis
1371 4155 1589 4225 paribus
1613 4167 1733 4224 qum
1759 4164 1932 4211 semet
1959 4164 2147 4210 mutuo

555 4245 819 4313 capitibus
859 4254 1080 4313 tangunt
1120 4245 1236 4300 ﬁeri
1269 4257 1503 4314 unquam
1541 4247 1734 4314 tigura,
1799 4247 1898 4301 nisi
1935 4247 2146 4315 trigona

551 4335 790 4406 poterit?
820 4335 928 4390 Aut
967 4335 1109 4392 istud
1137 4337 1306 4405 magis
1335 4352 1478 4392 nunc
1511 4353 1698 4404 verum
1725 4345 1808 4392 est
1833 4351 1996 4405 quam
2025 4336 2142 4404 fuit,

2245 3327 2393 3398 quod
2433 3329 2478 3382 si
2513 3343 2730 3384 sensum
2777 3330 3022 3398 corporis
3051 3329 3414 3394 consulamus,
3459 3343 3562 3400 per
3603 3329 3846 3384 medium

2249 3421 2510 3476 circulum
2536 3420 2654 3474 dum
2679 3424 2836 3490 pares
2865 3421 3018 3475 lineae
3035 3420 3262 3490 iunctim
3285 3421 3408 3476 duci
3429 3427 3590 3491 posse
3615 3419 3846 3475 credan-

2245 3519 2365 3576 tur;
2424 3527 2545 3566 cum
2573 3513 2712 3566 ratio
2739 3511 3020 3568 manifesta
3049 3514 3343 3568 convincat
3371 3527 3706 3582 nequaquam
3745 3527 3846 3582 per

2245 3603 2498 3660 eumdem
2537 3604 2770 3659 medium
2797 3604 2922 3659 duci
2959 3605 3094 3660 duas
3137 3619 3317 3676 posse,
3353 3605 3450 3658 nisi
3481 3619 3582 3658 una
3612 3604 3682 3657 sit
3707 3603 3840 3657 bre-

2251 3695 2399 3751 vior?
2427 3694 2650 3750 Videtur
2691 3696 2842 3761 mihi,
2873 3696 3014 3750 sicut
3041 3697 3278 3766 superius
3304 3694 3368 3750 de
3393 3693 3599 3762 trigono
3625 3693 3820 3762 patuit,

2251 3786 2372 3840 istic
2413 3799 2628 3855 quoque
2657 3786 2840 3841 circuli
2877 3787 3015 3841 ratio
3039 3786 3394 3856 insolubilibus
3421 3793 3580 3854 atqne
3605 3783 3829 3838 aeternis

2249 3895 2474 3934 manere
2503 3879 2710 3947 leg-ibus
2735 3880 2960 3934 stabilis.
2995 3879 3074 3934 Tu
3098 3881 3226 3934 mihi
3257 3893 3392 3934 nunc
3413 3878 3558 3933 dicas
3575 3877 3764 3941 velim,
3785 3877 3840 3930 si

2243 3973 2352 4028 ista
2375 3972 2616 4028 localiter
2633 3973 2898 4043 conspicit
2917 3975 3114 4038 anima,
3143 3971 3275 4042 quid
3297 3985 3470 4028 cauete
3487 3977 3589 4036 est,
3619 3980 3684 4024 ut
3703 3969 3846 4024 mihi

2241 4065 2484 4139 aliquod
2495 4065 2804 4132 rotundum,
2835 4066 3104 4134 trigonum
3136 4065 3216 4120 vel
3247 4072 3582 4132 tetragonum
3613 4063 3666 4117 in
3695 4063 3852 4116 occi—

2251 4157 2412 4212 dente
2445 4157 2515 4212 de
2559 4157 2878 4228 corporibus
2925 4157 3155 4212 fomlare
3199 4155 3464 4218 molienti,
3499 4154 3688 4210 eadem
3725 4154 3854 4209 sine

2251 4257 2462 4304 tumore
2491 4251 2576 4304 vel
2601 4259 2771 4316 motu,
2797 4251 2936 4304 ratio
2966 4249 3176 4304 rotundi
3205 4249 3292 4304 vel
3329 4247 3524 4318 quadri
3553 4261 3662 4302 non
3683 4246 3852 4313 desit,

2241 4355 2374 4396 cum
2411 4341 2600 4396 eodem
2639 4343 2900 4411 temporis
2921 4349 3126 4411 puncto
3145 4341 3450 4396 secundum
3477 4339 3724 4394 eamdem
3751 4353 3856 4392 ro-

551 4433 652 4480 aut
689 4439 808 4481 esse
853 4426 956 4482 hoc
993 4439 1186 4482 verum
1213 4427 1502 4496 aliquando
1529 4430 1712 4499 coepit,
1745 4437 1836 4482 aut
1859 4429 2148 4499 aliquando
2243 4433 2400 4488 tondi
2423 4442 2480 4488 et
2497 4433 2744 4503 quadrati
2775 4433 2947 4502 legem
2977 4435 3030 4487 in
3055 4433 3269 4488 oriente
3289 4432 3426 4486 alius
3451 4431 3604 4502 paria
3623 4430 3696 4484 de
3719 4445 3854 4484 cor-

557 4518 736 4585 desiit,
759 4527 852 4574 aut
879 4536 989 4576 non
1018 4529 1100 4576 est
1127 4519 1337 4577 facilius
1380 4537 1698 4592 corporeum
1727 4523 1948 4578 interire
1985 4537 2144 4578 mun-
2249 4527 2472 4595 poribus
2513 4525 2692 4580 valeat
2737 4524 3034 4580 fabricare?
3080 4524 3312 4580 Videsne
3347 4525 3436 4579 vel
3485 4523 3553 4578 de
3601 4523 3688 4576 his
3727 4537 3858 4592 qua!

557 4609 704 4677 dum,
729 4611 884 4681 cujus
907 4611 1098 4681 utique
1127 4607 1340 4668 turbidae
1367 4613 1674 4682 localesque
1709 4613 1894 4669 formae
1923 4617 2144 4670 istarum
2169 4625 2226 4694 ι)
2241 4616 2592 4686 conspicatur
2631 4617 2830 4679 anima,
2857 4615 2986 4684 quid
3011 4616 3082 4671 sit
3107 4616 3254 4670 visus
3282 4614 3486 4669 animi?
3511 4613 3860 4681 lntelligisne

529 4698 845 4774 _illocalium
887 4701 1412 4774 incorporaliumque
1457 4697 1582 4784 Sunt
1627 4713 1683 4760 et
1721 4705 1897 4774 imago
1943 4705 2145 4761 forma-
2251 4709 2584 4778 intelligibile
2609 4719 2664 4764 et
2693 4709 2994 4776 intelligens
3023 4719 3360 4778 nequaquam
3393 4721 3557 4777 posse
3595 4706 3862 4776 seiungi?

553 4807 698 4859 Tum.
727 4808 888 4862 (illam
917 4804 976 4850 ut
1003 4793 1206 4866 aliquid
1233 4811 1302 4851 ex
1347 4796 1430 4850 bis
1477 4797 1562 4851 vel
1605 4797 1803 4851 variari
1831 4797 2029 4868 specie,
2061 4799 2148 4854 vel
2250 4801 2718 4858 Animadvertisne
2739 4794 2900 4857 etiam
2925 4801 3053 4870 quid
3083 4801 3293 4856 intersit
3331 4802 3473 4854 inter
3493 4799 3616 4853 illas
3641 4797 3862 4854 formas

561 4889 918 4942 transmoveri
943 4889 1085 4955 loco,
1119 4889 1204 4944 vel
1243 4890 1396 4945 senio
1433 4899 1790 4956 veterascere,
1815 4891 1902 4946 vel
1921 4905 2146 4961 quoquo
2233 4905 2384 4963 quas
2405 4907 2632 4964 corpore
2657 4881 2948 4958 cernimus,
2975 4901 3030 4946 et
3051 4893 3182 4948 istas
3203 4903 3341 4960 quas
3362 4898 3546 4945 mente
3573 4891 3864 4960 conspici-

559 4983 720 5046 pacto
767 4979 962 5033 mutari
1003 4981 1204 5048 queat?
1241 4979 1321 5036 Ne
1365 4995 1496 5049 ergo
1533 4997 1636 5051 per
1673 4995 1859 5038 omnes
1907 4991 1958 5038 te
1987 4983 2146 5039 disci-
2239 4989 2406 5043 mus?
2451 4988 2586 5043 [stas
2623 5003 2742 5043 esse
2787 4988 3172 5058 sempiternum
3219 4985 3511 5048 mundum,
3553 4983 3720 5053 cuius
3769 4985 3866 5041 hic

559 5069 719 5139 plina:
743 5069 894 5124 istius
921 5071 1174 5148 minutias
1195 5073 1424 5140 traham,
1459 5089 1592 5129 neve
1617 5075 1972 5132 intentionem
1995 5085 2142 5132 tuam
2237 5079 2480 5135 mundus
2509 5080 2685 5149 imago
2719 5081 2790 5134 sit
2815 5099 2827 5131 :
2857 5080 3000 5134 unde
3025 5078 3283 5132 divinitus
3311 5076 3513 5132 dictum
3535 5082 3620 5130 est
3653 5093 3666 5126 :
3701 5075 3866 5130 Prte-

551 5161 612 5216 in
642 5161 980 5232 aSpectandis
1011 5163 1290 5233 planorum
1339 5167 1626 5234 ﬁgurarum
1657 5167 1740 5222 vel
1768 5169 2028 5224 cuborum
2057 5171 2143 5224 vel
2251 5173 2368 5225 terit
2395 5172 2564 5242 figura
2593 5172 2746 5242 hujus
2775 5170 2952 5225 mundi
2983 5169 3030 5242 (1·
3055 5169 3173 5223 Cor.
3217 5185 3308 5234 vn,
3341 5163 3451 5236 51).
3489 5167 3652 5220 Vides
3683 5167 3864 5222 etiam

547 5253 956 5324 ‘pyramidarum
985 5254 1285 5309 rationibus
1315 5263 1524 5310 teneam
1555 5263 1778 5327 propter
1805 5259 1989 5314 circuli
2019 5275 2143 5330 per—
2247 5263 2390 5331 quod
2415 5277 2538 5316 cum
2561 5262 2944 5330 longitudines,
2971 5259 3280 5315 latitudines
3305 5267 3360 5314 et
3379 5258 3706 5312 altitudines
3727 5273 3866 5314 cor-

547 5337 869 5412 ’fectionem,
903 5345 969 5402 de
1011 5361 1116 5402 una
1145 5355 1354 5402 tantum
1389 5347 1577 5416 ﬁgura,
1613 5355 1668 5402 ut
1698 5348 1870 5405 adhuc
1898 5350 2138 5419 fecimus,
2247 5368 2438 5422 porum
2467 5353 2606 5407 scire
2645 5353 2841 5408 nullius
2877 5352 3265 5422 propemodum
3295 5351 3364 5405 sit
3393 5349 3686 5414 momenti,
3723 5351 3870 5404 satis

549 5435 792 5494 'breviter
813 5439 1209 5511 colloquamur.
2245 5455 2365 5499 esse
2393 5443 2554 5511 aliud,
2587 5443 2727 5498 unde
2754 5444 2884 5499 dicit
2913 5443 3202 5513 Apostolus
3236 5461 3247 5496 :
3283 5440 3536 5514 Oportere
3571 5455 3672 5495 nos
3703 5457 3868 5496 nosse

2245 5537 2369 5607 quid
2389 5537 2456 5590 ait
2483 5536 2700 5590 latitudo
2729 5545 2780 5590 et
2809 5535 3095 5607 longitudo,
3121 5533 3407 5588 sublimitas
3443 5541 3496 5585 et
3523 5533 3866 5602 profundunt

2237 5625 2464 5698 (Ephes.
2489 5645 2564 5697 nt,
2596 5625 2722 5700 18)?
2749 5627 2888 5694 Quid
2926 5625 3070 5683 enim
3099 5626 3227 5681 mihi
3253 5624 3497 5695 proderit
3519 5623 3744 5694 uSpiam
3775 5623 3865 5678 al-
3890 5611 3900 5620 ’

627 5525 712 5583 Ill.
753 5529 987 5586 Circum
1015 5529 1082 5586 lit
1117 5545 1180 5587 ex
1217 5545 1326 5587 una
1359 5531 1522 5588 linea.
1555 5533 1660 5589 Sed
1695 5533 1817 5603 jure
1843 5549 1983 5589 nunc
2011 5534 2142 5589 illud

551 5615 932 5678 'admoneberis
961 5621 1114 5693 quod
1149 5623 1290 5679 linea
1317 5625 1433 5680 sine
1459 5619 1744 5682 altitudine
1775 5633 1936 5695 atque
1963 5625 2142 5679 latitu-

633 5807 658 5836 ⁸·
689 5797 771 5853 Al.
813 5814 990 5862 neque.

2769 5907 2840 5918 -..ο.

2719 5917 2753 5932 Δ

1871 5965 1876 5968 .
1949 5955 2090 5976 ..λιιι-η-
