4140 6346
301 390 412 450 πι

1470 397 1554 453 DE
1589 396 1814 454 STATU
1852 394 2087 454 ΑΝῙΠΕ
2126 396 2253 454 LIB.
2294 398 2334 454 ι.

3466 400 3570 457 ’154

301 510 590 567 titadinem
614 502 864 581 corporei
887 510 1008 567 celi
1040 525 1300 581 quaerere,
1342 512 1622 583 planorum
1651 514 1886 569 siderum
1912 512 1962 578 Α
1990 528 2129 581 mus,
2160 526 2296 584 quas
2325 513 2506 570 videre
2552 513 2727 587 ipsum
2756 522 2837 573 est
2859 509 3065 587 utique
3091 529 3203 571 non
3228 494 3435 571 videre.
3466 514 3572 571 Ve-

300 603 650 675 διαστήματα,
671 602 758 658 vel
793 603 1115 658 circulorum
1152 605 1289 670 vias,
1320 605 1406 660 vel
1444 605 1776 673 singulorum
1806 607 1886 661 iu-

298 694 526 752 tervalla
572 695 792 751 rimari?
828 696 959 768 quid
996 697 1168 768 spatia
1210 706 1367 753 terra:
1406 711 1752 767 cognoscere,
1800 699 1885 755 vel

295 786 481 859 abyssi
508 786 770 858 profunda
799 789 1120 858 penetrare?
1148 786 1275 843 Non
1293 788 1361 845 de
1389 788 1472 844 his
1500 804 1607 853 me,
1642 797 1704 844 ut
1738 804 1880 855 reor,

293 880 594 953 Apostolus
619 880 1005 936 commonita
1033 880 1223 948 voluit,
1254 895 1373 953 qua:
1403 896 1513 938 non
1539 881 1714 937 solum
1742 880 1888 951 laboo

291 974 443 1030 riosa
469 977 618 1039 sunt,
647 970 741 1028 sed
767 972 932 1027 etiam
948 972 1141 1037 noxia;
1163 974 1208 1028 si
1237 988 1359 1028 eam
1382 988 1483 1045 per
1508 973 1622 1029 huic
1642 973 1707 1029 ad
1727 981 1885 1029 aeter-

289 1079 367 1120 na
414 1076 736 1135 semperque
778 1064 1054 1120 manentia
1102 1060 1484 1121 transeundum
1534 1064 1640 1129 sit,
1687 1062 1745 1119 in
1798 1062 1884 1117 his

289 1152 571 1221 meatur
597 1162 761 1226 atque
786 1165 1146 1213 remaneatur.
1202 1214 1209 1220 ,

369 1250 436 1306 ν.
492 1249 787 1305 Revertere
824 1264 971 1305 nunc
1014 1257 1175 1320 atque
1214 1251 1425 1313 intuere
1465 1262 1626 1305 omne
1661 1249 1882 1319 longum

287 1340 632 1412 longitudine
673 1340 892 1410 longum
932 1336 1068 1407 ﬁeri,
1116 1342 1287 1412 ipsam
1334 1356 1465 1398 vero
1492 1340 1881 1410 longitudinem

289 1434 515 1505 longam
542 1433 651 1489 diei
692 1446 806 1489 non
851 1448 1042 1505 posse;
1078 1442 1142 1489 ut
1178 1450 1339 1490 omne
1385 1445 1590 1490 castum
1630 1434 1883 1491 castitate

287 1534 505 1582 castum
532 1523 667 1590 ﬁeri,
696 1526 870 1596 ipsam
897 1541 1028 1582 vero
1057 1535 1259 1582 castam
1304 1543 1416 1582 non
1462 1527 1566 1582 dici
1614 1527 1883 1581 ullatenus

289 1619 621 1674 castitatem.
647 1615 785 1672 Cum
802 1630 935 1687 ergo
971 1632 1177 1673 meram
1216 1618 1606 1687 longitudinem
1635 1629 1881 1677 contem-

287 1710 438 1782 plari
481 1710 657 1780 cupis,
710 1716 801 1764 aut
841 1724 962 1764 cum
1003 1709 1060 1764 in
1104 1710 1377 1779 trigonum
1404 1709 1489 1765 vel
1538 1709 1880 1779 hexagonum

292 1801 496 1856 mentis
519 1800 731 1855 oculum
758 1799 896 1870 ligis,
923 1800 1129 1871 projice
1150 1841 1165 1865 ,
1198 1807 1459 1870 quantum
1486 1800 1634 1854 vales
1656 1841 1671 1867 ,
1705 1815 1769 1854 ac
1796 1815 1881 1855 re-

1988 606 2203 660 ritatcm
2231 612 2379 660 certe
2401 603 2429 643 ιι
2444 605 2732 675 quaerimus
2763 624 2776 661 :
2798 622 2910 664 non
2930 605 3077 662 illam
3101 621 3200 678 per
3226 607 3398 676 spatia
3418 605 3570 661 loco-

1986 712 2108 754 rum
2161 708 2415 771 oportere
2464 699 2651 769 quaeri.
2697 714 2809 755 non
2854 714 2953 772 per
3002 714 3320 771 corporeum
3373 696 3571 768 aliquid

1988 792 2221 847 :estimes
2241 790 2490 847 inveniri.
2527 789 2674 845 Satis
2699 805 2767 846 ex
2794 805 3023 863 corpore
3068 806 3182 847 non
3227 786 3402 846 solum
3444 795 3570 843 tau-

1988 882 2187 952 gendo,
2218 882 2312 939 sed
2350 882 2511 939 etiam
2540 879 2831 952 cogitando
2879 897 2939 939 se
2965 880 3278 954 separabit,
3321 881 3413 952 qui
3439 880 3568 936 huic

1989 971 2303 1028 adhmrebit.
2333 971 2552 1029 lllocale
2577 979 2728 1029 certe
2747 974 3054 1043 quasriums,
3082 984 3197 1029 non
3221 968 3352 1028 illud
3390 984 3572 1041 quaeso

1984 1078 2088 1135 per
2108 1063 2280 1121 locale
2305 1072 2629 1136 quaeramus.
2655 1060 2809 1120 Fecit
2832 1063 2935 1119 sibi
2959 1064 3072 1136 ipsa
3094 1063 3293 1119 veritas
3320 1060 3401 1118 sui
3421 1076 3572 1117 com-

1984 1162 2175 1227 potem
2222 1154 2649 1211 similitudinem.
2700 1151 2820 1211 Boc
2864 1155 2920 1210 in
2956 1153 3117 1212 nobis
3162 1152 3451 1211 offeramus
3499 1150 3573 1206 illi

1986 1248 2133 1318 quod
2158 1247 2305 1303 fecit.
2335 1246 2456 1303 Non
2477 1247 2842 1304 conviciemur
2860 1244 3029 1304 Deum
3050 1256 3318 1313 nostrum,
3335 1244 3575 1303 dicentes

1987 1339 2063 1395 illi
2098 1357 2111 1393 :
2144 1339 2264 1395 Non
2291 1339 2514 1411 potuisti
2557 1339 2735 1396 facere
2775 1339 2978 1411 aliquid
3005 1339 3179 1396 simile
3206 1340 3302 1395 tui.
3335 1337 3471 1407 Quia
3517 1337 3563 1395 si

1986 1447 2186 1505 corpus
2213 1440 2330 1488 sum
2349 1473 2365 1498 ,
2397 1432 2586 1488 similis
2611 1432 2690 1487 tui
2718 1447 2830 1489 non
2869 1448 3010 1501 sum,
3052 1434 3179 1491 auia
3205 1432 3275 1489 de
3301 1430 3569 1488 nobismet

1987 1524 2118 1595 ipsis
2145 1536 2245 1579 nos
2272 1522 2362 1579 ille
2382 1521 2689 1579 convincet.
2934 1530 2941 1537 '

2544 1613 2774 1672 CAPUT
2809 1614 2998 1672 XXV].

1986 1709 2201 1768 Secreta
2239 1707 2340 1764 Dei
2386 1709 2579 1766 locutio
2621 1708 2996 1836 afﬁgamam,
3041 1710 3262 1782 qualiter
3291 1728 3347 1766 se
3389 1708 3572 1766 debeat
3646 1708 3651 1711 ’

2857 1796 2920 1835 rt.

2857 1796 2920 1835 rt.

292 1894 423 1962 lnge
447 1908 556 1948 non
595 1892 769 1948 solum
795 1906 958 1948 omne
990 1906 1331 1963 corporeum,
1362 1891 1458 1946 sed
1497 1891 1755 1961 quidquid
1806 1891 1881 1946 si-
1915 1897 1962 1958 Β
2059 1897 2325 1969 Loquitur-
2361 1896 2507 1952 enim
2551 1896 2605 1951 in
2651 1893 2870 1949 Sllenlio
2908 1892 3042 1949 mihi
3074 1893 3294 1959 veritas,
3343 1901 3399 1947 et
3442 1892 3572 1949 dicit

292 1986 425 2042 mile
454 1992 572 2042 esse
598 1994 777 2057 potest
797 2000 1080 2057 corporeo.
1113 1982 1182 2039 Et
1202 1999 1323 2039 cum
1344 1985 1639 2054 trigonam,
1670 1984 1752 2040 vel
1781 1985 1881 2039 tri-

293 2080 399 2134 bus
428 2080 642 2150 punctis
671 2093 735 2134 ac
779 2078 950 2133 tribus
996 2076 1185 2140 lineis,
1215 2076 1304 2131 vel
1345 2076 1633 2132 rotundam
1678 2080 1884 2147 puncto

294 2172 384 2227 vel
414 2172 557 2227 linea
586 2168 914 2226 conformari
958 2167 1374 2238 incorporaliter
1413 2175 1574 2237 atque
1602 2165 1887 2221 illocaliter

294 2263 527 2330 videris;
557 2263 670 2317 vim
709 2275 925 2332 quoque
963 2274 1027 2315 ac
1071 2258 1587 2329 supercmiuentiam
1632 2257 1886 2328 conspice

296 2369 645 2410 numerorum
665 2394 679 2419 ,
712 2361 767 2408 et
792 2351 1035 2421 intellige
1075 2350 1385 2404 universum
1424 2363 1745 2420 corporeum
1787 2360 1888 2402 nus

296 2446 559 2504 merabile
584 2460 681 2516 per
709 2458 965 2499 numeros
993 2442 1138 2508 ﬁeri;
1162 2441 1309 2511 ipsos
1334 2454 1461 2496 vero
1501 2427 1755 2495 numeros
1777 2455 1887 2493 non

300 2552 463 2609 posse
509 2535 801 2592 numerari.
845 2532 981 2588 Nam
1010 2533 1131 2604 quis
1174 2547 1283 2587 non
1324 2531 1496 2586 dicam
1537 2530 1753 2600 eloqui,
1794 2530 1887 2586 sed

302 2631 541 2698 cogitare
568 2628 727 2698 digne
755 2627 961 2691 valeat,
1005 2624 1150 2697 quod
1191 2639 1447 2680 numerus
1476 2639 1597 2679 cum
1626 2632 1652 2662 ι
1681 2638 1749 2678 ex
1778 2639 1886 2678 uno

305 2733 362 2778 et
388 2738 484 2794 per
512 2736 693 2788 unmu,
711 2730 767 2777 et
794 2721 847 2776 in
874 2736 983 2776 uno
1011 2720 1103 2786 sit,
1123 2717 1445 2790 principium
1472 2730 1654 2773 tamen
1680 2732 1742 2773 ac
1766 2717 1886 2774 linis

304 2814 445 2868 illius
466 2828 573 2867 non
600 2812 706 2867 sit?
732 2810 792 2866 Si
819 2811 961 2865 enim
991 2809 1282 2865 dixerimus
1310 2819 1475 2865 unum
1520 2810 1732 2865 numeri
1766 2824 1886 2866 esse

302 2904 639 2975 principium,
670 2902 837 2973 ipsius
877 2902 1034 2958 unius
1073 2901 1218 2973 quod
1265 2900 1504 2957 dicemus
1528 2916 1649 2957 esse
1688 2902 1887 2973 princi-

301 2997 484 3069 pium?
515 2994 653 3051 Ecce
683 2994 854 3053 habes
881 2995 1208 3066 principium
1256 2996 1466 3050 numeri
1504 2995 1559 3049 in
1600 2995 1885 3066 principio,

303 3096 361 3145 ut
386 3103 457 3143 ex
484 3088 601 3158 ipso
629 3087 698 3141 sit
737 3102 1014 3141 numerus.
1062 3084 1181 3139 lam
1204 3100 1334 3140 vero
1364 3086 1409 3140 si
1436 3100 1724 3140 numerare
1752 3084 1888 3140 Veli-

302 3165 449 3256 ωδε,-
470 3188 656 3258 adjicis
675 3201 842 3242 unum
860 3187 953 3241 uni
983 3195 1043 3240 ut
1070 3182 1201 3239 fiant
1226 3165 1353 3251 duo,
1406 3190 1462 3237 et
1487 3197 1654 3237 unum
1680 3181 1891 3237 duobus

1985 1989 2120 2045 mihi
2150 2008 2162 2043 :
2195 1988 2274 2044 Tu
2295 1994 2443 2044 certe
2488 1988 2580 2057 qui
2609 2000 2805 2057 corpus
2832 1999 2951 2041 esse
2977 1992 3033 2040 te
3068 1982 3244 2039 credis
3267 2021 3283 2046 ,
3314 1980 3455 2038 unde
3484 1983 3567 2038 in-

1986 2098 2251 2154 corporeo
2271 2080 2438 2136 verbo
2460 2080 2663 2136 uteris?
2686 2076 2843 2134 Aliud
2866 2076 3028 2133 credo
3049 2084 3135 2132 est
3153 2075 3374 2131 verbum
3397 2083 3568 2139 tuum,

1987 2173 2042 2228 id
2086 2181 2187 2237 est,
2219 2171 2499 2227 consilium
2530 2178 2702 2234 tuum,
2734 2164 2876 2223 aliud
2902 2182 3007 2221 vox
3034 2165 3214 2232 verbi;
3258 2162 3401 2219 aliud
3430 2163 3573 2234 quod

1988 2270 2167 2325 sonat,
2199 2261 2343 2316 aliud
2368 2259 2512 2332 quod
2536 2259 2872 2330 intelligitur.
2919 2257 3053 2314 Nam
3082 2255 3223 2311 sicut
3247 2271 3355 2311 vox
3399 2260 3578 2325 potest

1989 2371 2112 2413 esse
2160 2355 2277 2412 sine
2313 2353 2499 2420 verbo,
2528 2352 2627 2407 sita
2674 2359 2757 2406 est
2783 2348 3005 2406 verbum
3048 2349 3166 2405 sine
3197 2361 3349 2403 voce.
3380 2342 3577 2419 “Utitur

1988 2458 2172 2505 tamen
2218 2447 2453 2519 quodam
2502 2445 2818 2501 indumento
2860 2445 3010 2499 vocis
3038 2434 3263 2500 verbum
3295 2450 3465 2507 tuum,
3515 2445 3577 2495 ut

1988 2534 2205 2597 insonet
2233 2538 2484 2604 auribus;
2516 2537 2656 2591 sicut
2684 2549 2785 2604 ego
2831 2532 3147 2590 indumento
3175 2533 3373 2599 carnis,
3404 2541 3463 2587 ut
3490 2532 3566 2586 vi-

1987 2632 2150 2687 derer
2175 2627 2507 2685 hominibus.
2541 2624 2609 2680 Et
2645 2642 2766 2683 cum
2817 2625 3052 2696 loqueris
3080 2624 3397 2695 obsequium
3424 2622 3575 2678 vocis

1988 2739 2118 2780 aure
2147 2731 2305 2778 tenus
2333 2729 2496 2788 meat,
2521 2720 2745 2776 verbum
2771 2735 2901 2775 vero
2933 2717 3217 2774 illocaliter
3244 2715 3312 2771 ad
3340 2717 3574 2771 animam

1986 2824 2257 2887 permeat;
2288 2814 2414 2883 quia
2429 2813 2507 2868 sic
2534 2811 2602 2865 ad
2631 2811 2779 2865 illum
2809 2809 2894 2865 cui
2924 2809 3161 2877 loqueris
3190 2803 3576 2873 accedit,un

1989 2918 2104 2964 ate
2134 2908 2319 2977 utique
2356 2922 2467 2962 non
2504 2902 2727 2959 recedit.
2760 2900 2831 2957 Et
2879 2902 2925 2957 si
2972 2901 3287 2970 loquentem
3335 2906 3388 2952 te
3437 2912 3575 2955 unus
3644 2892 3649 2901 ’

1994 2999 2261 3063 audierit,
2294 3005 2469 3052 totum
2508 2993 2731 3050 verbum
2781 3001 2933 3047 tuum
2973 3005 3139 3062 penes
3176 2998 3232 3044 te
3267 2995 3371 3054 est,
3403 2993 3578 3041 totum

1990 3087 2165 3162 penes
2194 3088 2361 3145 illum.
2395 3085 2463 3141 Et
2491 3086 2535 3142 si
2566 3085 2673 3141 duo
2703 3082 3000 3147 audierint,
3032 3089 3205 3137 totum
3237 3077 3479 3136 audiunt.
3511 3073 3580 3131 Et

1990 3186 2036 3242 si
2066 3184 2240 3251 multi,
2274 3190 2482 3248 totum;
2532 3188 2587 3236 et
2615 3177 2866 3234 omnibus
2895 3184 3069 3233 totum
3093 3215 3109 3242 ,
3140 3183 3194 3229 et
3222 3172 3445 3242 singulis
3493 3177 3578 3225 to-

303 3288 362 3338 ut
405 3281 535 3337 ﬂant
579 3280 701 3347 tria,
733 3288 789 3335 et
830 3294 997 3334 unum
1044 3277 1217 3332 tribus
1254 3282 1312 3330 ut
1352 3274 1483 3331 ﬁant
1516 3282 1782 3345 quatuor;
1837 3280 1896 3330 et
1920 3276 1967 3340 ϐ
1997 3288 2131 3346 tum,
2164 3284 2220 3333 et
2250 3275 2345 3331 tibi
2377 3282 2551 3330 totum
2581 3280 2682 3329 est.
2718 3270 2837 3326 Noli
2878 3270 2932 3325 in
2962 3277 3017 3324 te
3047 3267 3271 3339 perdere
3318 3273 3427 3319 tam
3465 3278 3580 3318 ma-

304 3376 556 3445 deinceps
601 3372 816 3441 quoties
869 3384 1035 3426 unum
1083 3367 1619 3439 multiplicaverimus
1646 3408 1660 3435 ,
1730 3366 1893 3422 toties

304 3467 457 3537 quasi
488 3463 673 3519 multis
701 3460 929 3530 singulis
964 3462 1020 3516 in
1042 3467 1255 3515 Summa
1286 3459 1572 3525 ducuntur,
1620 3466 1678 3513 ut
1714 3455 1894 3515 decies

306 3558 453 3615 ducti
481 3558 693 3623 decem,
720 3563 776 3612 et
804 3554 966 3611 vicies
992 3553 1214 3623 viginti,
1246 3562 1303 3608 et
1329 3553 1537 3609 centies
1576 3560 1815 3618 centum,
1840 3560 1896 3606 et

306 3652 502 3707 millies
524 3649 683 3718 mille.
712 3647 1066 3704 nominentur
1093 3665 1105 3699 :
1141 3652 1200 3700 ut
1234 3660 1495 3716 agnoscas
1536 3659 1754 3699 omnem
1795 3659 1895 3697 nu'-

306 3758 514 3800 merum
551 3736 631 3797 ita
654 3752 755 3813 per
784 3755 951 3796 unum
980 3754 1099 3795 esse
1116 3778 1131 3803 ,
1163 3739 1301 3793 sicut
1338 3753 1409 3791 ex
1437 3748 1548 3790 uno
1576 3733 1891 3805 procedere.

306 3837 441 3892 illud
471 3826 600 3891 vero
637 3842 791 3905 patet
830 3834 897 3888 ad
944 3833 1107 3886 linem
1156 3830 1407 3895 numeri,
1448 3827 1540 3897 qui
1588 3826 1762 3881 nullus
1814 3830 1899 3880 est

309 3932 549 3999 prorsus,
579 3924 750 3978 veniri
771 3939 880 3977 non
910 3930 1102 3992 posse;
1133 3921 1259 3988 quia
1286 3928 1437 3973 trans
1460 3933 1674 3972 omnem
1716 3931 1899 3971 nume-

312 4031 433 4071 rum
461 4014 550 4084 qui
579 4026 646 4069 cx
665 4028 795 4077 uno,
826 4019 883 4068 et
908 4027 1006 4083 per
1035 4026 1218 4077 unum,
1249 4019 1304 4066 et
1332 4010 1385 4064 in
1414 4025 1522 4064 uno
1562 4016 1664 4074 est,
1687 4024 1901 4079 semper

315 4114 399 4164 est
425 4120 583 4161 unus.
610 4104 735 4160 Tria
766 4112 945 4159 tamen
974 4102 1076 4158 ista
1102 4108 1227 4157 sunt
1253 4118 1375 4157 cum
1406 4101 1653 4167 dicimus,
1680 4114 1747 4154 ex
1769 4116 1899 4166 uno,

314 4211 371 4260 et
397 4218 495 4274 per
524 4216 712 4268 unum,
737 4208 793 4257 et
819 4200 875 4255 in
902 4215 1012 4254 uno
1035 4198 1237 4269 pariter
1263 4205 1485 4251 aeterna.
1520 4192 1753 4251 Proinde
1790 4194 1903 4250 illo-

313 4295 450 4352 calia
489 4293 688 4363 ubique
736 4299 873 4348 tota.
921 4287 1110 4345 Eidem
1139 4288 1353 4344 inlinito
1401 4302 1615 4359 semper
1648 4284 1898 4358 aequalia,

315 4388 443 4459 quia
479 4385 685 4442 nullum
712 4398 842 4439 vere
882 4398 1047 4437 unum
1076 4380 1267 4449 magus,
1314 4395 1547 4435 unumve
1576 4379 1753 4434 minus
1797 4387 1897 4433 est.

314 4480 442 4536 Hzec
484 4485 612 4534 sunt
654 4490 1003 4532 numerorum
1042 4472 1373 4540 inchoantia,
1405 4470 1652 4528 ducentia
1676 4513 1691 4538 ,
1742 4470 1903 4541 perli-

312 4572 509 4630 cientia
537 4588 550 4623 :
583 4570 694 4640 ipsa
714 4584 817 4624 nec
844 4566 1119 4631 inchoata,
1151 4579 1253 4620 nec
1271 4571 1575 4625 numerata.
1604 4578 1707 4619 nec
1730 4562 1896 4617 linita.

1996 3385 2160 3441 gnum
2208 3358 2404 3424 munus
2451 3379 2660 3432 meum;
2709 3360 3116 3419 similitudinem
3162 3372 3370 3420 meam,
3419 3368 3582 3424 quam

1995 3463 2093 3518 tibi
2122 3458 2503 3529 benignissime
2534 3455 2715 3519 tribui,
2748 3462 2809 3508 ut
2835 3452 3069 3522 qualiter
3099 3447 3167 3502 ad
3194 3462 3282 3501 me
3311 3443 3579 3507 tenderes,

1996 3570 2108 3609 non
2136 3559 2290 3607 extra
2320 3558 2374 3604 te
2414 3560 2702 3617 qumreres.
2737 3541 2909 3597 Nemo
2950 3540 3087 3595 venit
3113 3536 3183 3592 ad
3210 3534 3444 3601 Patrem,
3471 3533 3573 3587 nisi

1995 3660 2090 3714 per
2118 3657 2200 3696 me
2243 3638 2423 3711 (Joan.
2474 3650 2580 3699 xiv,
2613 3628 2699 3702 6);
2731 3640 2787 3687 et
2831 3620 2999 3684 Nemo
3039 3627 3109 3681 ad
3147 3641 3249 3691 me,
3283 3624 3387 3678 nisi
3428 3637 3579 3714 quem

1997 3712 2164 3787 Pater
2182 3745 2325 3784 meus
2352 3725 2628 3782 attraxerit
2660 3720 2840 3793 (Joan.
2867 3738 2938 3785 vl,
2970 3718 3082 3790 44).
3105 3714 3174 3771 Et
3202 3731 3364 3771 nemo
3393 3712 3460 3768 ad
3489 3728 3577 3766 me

1999 3825 2084 3880 vel
2132 3824 2201 3879 ad
2243 3821 2461 3878 Patrem
2490 3818 2671 3883 venit,
2721 3816 2825 3872 nisi
2873 3814 3109 3870 charitas
3153 3807 3480 3864 dillundatur
3526 3805 3583 3858 in

1999 3915 2163 3973 corde
2192 3913 2309 3983 ejus
2336 3928 2435 3984 per
2463 3910 2724 3980 Spiritum
2754 3913 3020 3969 sanctum,
3049 3902 3143 3971 qui
3170 3916 3281 3955 non
3312 3898 3415 3953 nisi
3442 3895 3584 3952 bene

2000 4009 2263 4075 credenti,
2294 4007 2435 4064 bene
2480 4002 2718 4074 speranti
2765 4008 2821 4054 et
2847 3999 2991 4053 bene
3024 3992 3298 4064 quaerenti
3345 3989 3578 4044 dabitur.

2006 4114 2028 4142 ο
2063 4088 2149 4158 Αᾶ
2171 4102 2330 4156 istam
2377 4112 2482 4168 qua
2512 4109 2651 4150 unus
2698 4093 2837 4148 Deus
2866 4097 2949 4145 est
2975 4102 3182 4152 sumus,
3226 4092 3284 4139 tu
3313 4082 3479 4149 homo
3509 4078 3587 4135 fa-

2003 4205 2119 4255 ctus
2149 4212 2227 4261 es,
2278 4194 2344 4249 ad
2374 4190 2725 4254 Trinitatem,
2760 4200 2884 4242 cum
2912 4183 3116 4239 dictum
3146 4187 3229 4236 est
3262 4196 3275 4232 :
3308 4175 3589 4230 Faciamus

2004 4291 2258 4346 hominem
2287 4285 2358 4341 ad
2386 4283 2668 4356 imaginem
2688 4288 2739 4334 et
2766 4273 3158 4333 similitudinem
3172 4265 3585 4354 nostrant(Gen.

2002 4399 2041 4451 ι,
2071 4380 2183 4451 εδγ.
2215 4379 2515 4448 lntrospice
2543 4382 2597 4451 te
2624 4372 2691 4427 de
2721 4379 2774 4427 te
2803 4370 2939 4440 ipsa,
2970 4382 3004 4423 ο
3031 4367 3271 4422 humana
3302 4361 3503 4424 anima,
3534 4366 3591 4414 et

2002 4450 2058 4530 te
2088 4450 2155 4528 ad
2198 4487 2288 4528 me
2317 4471 2508 4526 nitere.
2543 4450 2676 4521 Vide
2722 4470 2963 4519 mentem
3011 4467 3181 4521 tuam,
3216 4454 3336 4511 vide
3363 4452 3591 4508 verbum

2003 4573 2189 4633 tuum,
2238 4562 2361 4618 vide
2410 4559 2741 4615 voluntatem
2795 4563 2965 4609 tuam.
3012 4549 3148 4605 Nam
3206 4556 3377 4604 totum
3406 4552 3489 4601 est
3535 4544 3590 4598 in

315 4667 515 4732 Credo,
554 4635 682 4734 quia
1166 4675 1273 4713 non
1315 4666 1392 4712 est
1424 4655 1897 4727 numerus(Psal.
1930 4657 2192 4718 om
2238 4637 3353 4743 quodeegitas;etquod_totamsimul
3388 4635 3590 4689 merui-

315 4777 488 4839 cxtvl,
516 4758 592 4831 5).
624 4760 759 4816 Nam
786 4775 909 4815 eum
938 4774 1007 4814 ex
1035 4773 1165 4823 uno,
1199 4763 1255 4812 et
1282 4771 1380 4826 per
1407 4760 1594 4821 unum,
1627 4753 1761 4808 etin
1788 4768 1901 4807 uno

314 4854 387 4907 sit
412 4867 685 4920 numerus,
715 4868 818 4909 nec
854 4850 1126 4916 numerari
1156 4849 1259 4904 nisi
1300 4848 1562 4902 trifariam
1590 4845 1763 4916 possit
1794 4844 1813 4915 (
1842 4853 1902 4900 ut

314 4958 415 5014 per
440 4942 691 4999 eumdem
718 4955 1001 4998 numam
1048 4938 1342 5003 ordiamur,
1372 4950 1717 4991 numeremus
1755 4942 1814 4989 et
1839 4933 1903 4985 ti-

274 5074 281 5079 ς
317 5035 529 5091 niamus
552 5034 595 5104 ),
627 5035 743 5105 ipse
762 5040 846 5089 est
873 5031 1145 5088 ternarias
1170 5036 1319 5084 totus
1339 5068 1355 5094 ,
1400 5042 1497 5099 per
1521 5040 1683 5095 quem
1727 5025 1905 5080 omnis

316 5134 404 5184 est
428 5123 876 5183 numeras.’Eece
901 5121 1030 5194 quid
1071 5120 1283 5175 habitat
1318 5120 1377 5175 in
1413 5117 1591 5172 anima
1618 5116 1852 5171 humana
1885 5134 1900 5170 :

318 5234 449 5274 ecce
488 5217 631 5289 quod
662 5216 821 5273 oculo
867 5212 1044 5270 cordis
1064 5209 1248 5266 videre
1288 5222 1608 5266 concessum
1653 5213 1756 5262 est.
1786 5204 1904 5272 Quo

319 5309 646 5381 dillugimus,
691 5322 800 5378 quo
846 5302 1215 5368 distrahimur,
1252 5316 1352 5357 cur
1380 5301 1435 5355 in
1479 5298 1749 5355 nobismet
1776 5298 1908 5369 ipsis

321 5408 476 5467 extra
512 5415 616 5456 nos
661 5397 879 5455 sumus?
920 5394 1034 5451 Cur
1079 5394 1311 5466 patriam
1364 5399 1607 5448 nostram
1662 5390 1908 5447 locamer

320 5492 629 5563 quaerimus,
659 5490 725 5546 de
748 5504 853 5559 qua
894 5487 1076 5555 utique
1118 5501 1231 5540 non
1278 5480 1619 5547 ambulando,
1650 5481 1744 5536 sed
1772 5497 1903 5551 pec-

322 5582 498 5642 cando
533 5579 905 5639 discessimus?
943 5572 1053 5630 Cur
1099 5575 1351 5632 tenebras
1396 5571 1682 5645 splendere
1728 5570 1904 5628 credi-

400 5730 426 5759 α
452 5720 534 5775 Al.
562 5736 626 5774 ea:
662 5734 761 5789 eos

324 5794 331 5797 ’
392 5791 427 5831 ὓ
457 5790 538 5844 ΑΙ.
563 5789 839 5843 credimus.
1776 5816 1785 5823 .

403 5874 425 5903 ο
455 5859 546 5918 Sic
564 5860 728 5939 editio
756 5853 1085 5913 Parisiensis.
1224 5847 1595 5917 Lugdunensis
1618 5853 1674 5903 et
1699 5844 1903 5904 Ortho-

2000 4748 2151 4814 nisti,
2169 4753 2342 4801 totum
2366 4740 2534 4797 simul
2559 4738 2794 4808 cogitas;
2826 4742 2884 4789 et
2908 4733 2987 4787 vis
3016 4730 3254 4799 cogitare
3283 4733 3444 4814 atque
3470 4738 3589 4778 me-

2002 4838 2245 4903 minisse,
2274 4835 2383 4890 hoc
2410 4838 2512 4897 est,
2542 4840 2697 4883 amas
2732 4826 2934 4880 habere
2962 4828 3205 4876 mentem
3233 4824 3290 4871 et
3316 4813 3593 4885 cogitatio-

2005 4947 2151 4987 nem.
2197 4924 2595 4994 Cogitatiouem
2634 4931 2764 4985 ergo
2784 4922 2940 4969 tuam
2962 4922 3092 4969 cum
3129 4916 3313 4966 mente
3352 4906 3592 4976 comple-

2007 5020 2187 5085 cteris,
2219 5018 2329 5071 hoc
2372 5022 2475 5079 est,
2506 5025 2627 5067 cum
2677 5006 2917 5078 cogitare
2948 5012 3001 5059 te
3047 5001 3387 5067 memineris,
3421 5006 3591 5069 totam

2009 5082 2589 5174 certe'cogitationem
2643 5104 2756 5154 tota
2785 5102 2970 5152 mente
3023 5088 3456 5165 comprehendis.
3522 5082 3591 5137 Et

2010 5209 2189 5259 totum
2217 5210 2459 5253 amorem
2497 5202 2646 5249 tuum
2673 5192 2761 5248 vel
2796 5197 3038 5247 mentem
3063 5196 3212 5244 tuam
3248 5190 3360 5239 tota
3382 5179 3589 5248 cogita-

2013 5296 2159 5351 tione
2185 5301 2278 5348 tua
2302 5291 2534 5361 cogitas,
2558 5303 2682 5344 cum
2710 5294 2895 5343 amare
2922 5284 3009 5339 vel
3036 5277 3347 5337 meminisse
3364 5281 3422 5327 te
3448 5271 3591 5339 cogi-

2015 5397 2112 5444 tas.
2127 5380 2193 5441 Et
2224 5391 2340 5441 toto
2369 5397 2554 5439 amore
2584 5390 2680 5439 tuo
2705 5379 2953 5436 eamdem
2976 5381 3146 5429 totam
3162 5375 3400 5425 mentem
3429 5370 3592 5432 atque

2009 5708 2159 5772 dux.,
2190 5708 2273 5762 Ad
2308 5709 2484 5768 istam,
2521 5701 2658 5774 quod
2686 5714 2821 5756 unus
2861 5694 3003 5751 Deus
3022 5708 3217 5763 sumus,
3238 5698 3293 5747 tu
3322 5689 3475 5750 homo
3513 5652 3613 5764 [ιι-ι

2009 5786 2121 5836 ctus
2142 5795 2217 5839 es.
2243 5776 2566 5835 Trinitatem,
2600 5778 2703 5825 etc.
