  <div class='ocr_page' id='page_1' title='image "/cluster/home/n/w/nwhite01/storage/ocr_20150623/53/hvd.32044015471576/373.png"; bbox 0 0 4140 6346; ppageno 0'>
   <div class='ocr_carea' id='block_1_1' title="bbox 1193 254 1308 270">
    <p class='ocr_par' dir='ltr' id='par_1_1' title="bbox 1193 254 1308 270">
     <span class='ocr_line' id='line_1_1' title="bbox 1193 254 1308 270; baseline 0 0"><span class='ocrx_word' id='word_1_1' title='bbox 1193 254 1283 270; x_wconf 28' lang='grc' dir='ltr'><strong><em>*μασξ</em></strong></span> <span class='ocrx_word' id='word_1_2' title='bbox 1300 258 1308 262; x_wconf 73' lang='grc'><em>⁴</em></span> 
     </span>
    </p>
   </div>
   <div class='ocr_carea' id='block_1_2' title="bbox 541 329 647 387">
    <p class='ocr_par' dir='ltr' id='par_1_2' title="bbox 541 329 647 387">
     <span class='ocr_line' id='line_1_2' title="bbox 541 329 647 387; baseline 0.009 -1"><span class='ocrx_word' id='word_1_3' title='bbox 541 329 647 387; x_wconf 74' lang='lat'><strong>735</strong></span> 
     </span>
    </p>
   </div>
   <div class='ocr_carea' id='block_1_3' title="bbox 1798 322 2519 380">
    <p class='ocr_par' dir='ltr' id='par_1_3' title="bbox 1798 322 2519 380">
     <span class='ocr_line' id='line_1_3' title="bbox 1798 322 2519 380; baseline 0 -1"><span class='ocrx_word' id='word_1_4' title='bbox 1798 322 2111 380; x_wconf 73' lang='lat' dir='ltr'><strong>MAMERTI</strong></span> <span class='ocrx_word' id='word_1_5' title='bbox 2151 322 2519 379; x_wconf 72' lang='lat' dir='ltr'><strong>CLAUDIAM</strong></span> 
     </span>
    </p>
   </div>
   <div class='ocr_carea' id='block_1_4' title="bbox 3697 314 3815 376">
    <p class='ocr_par' dir='ltr' id='par_1_4' title="bbox 3697 314 3815 376">
     <span class='ocr_line' id='line_1_4' title="bbox 3697 314 3815 376; baseline 0 0"><span class='ocrx_word' id='word_1_6' title='bbox 3697 314 3815 376; x_wconf 69' lang='lat'><strong>156</strong></span> 
     </span>
    </p>
   </div>
   <div class='ocr_carea' id='block_1_5' title="bbox 538 432 3815 506">
    <p class='ocr_par' dir='ltr' id='par_1_5' title="bbox 538 432 3815 506">
     <span class='ocr_line' id='line_1_5' title="bbox 538 432 3815 506; baseline -0.002 -9"><span class='ocrx_word' id='word_1_7' title='bbox 538 439 844 496; x_wconf 83' lang='lat' dir='ltr'><strong>meminisse</strong></span> <span class='ocrx_word' id='word_1_8' title='bbox 872 442 926 491; x_wconf 90' lang='lat' dir='ltr'><strong>et</strong></span> <span class='ocrx_word' id='word_1_9' title='bbox 955 435 1192 506; x_wconf 86' lang='lat' dir='ltr'><strong>cogitare</strong></span> <span class='ocrx_word' id='word_1_10' title='bbox 1220 442 1273 490; x_wconf 91' lang='lat' dir='ltr'><strong>et</strong></span> <span class='ocrx_word' id='word_1_11' title='bbox 1301 436 1405 491; x_wconf 85' lang='lat' dir='ltr'><strong>hoc</strong></span> <span class='ocrx_word' id='word_1_12' title='bbox 1432 433 1607 505; x_wconf 83' lang='lat' dir='ltr'><strong>ipsum</strong></span> <span class='ocrx_word' id='word_1_13' title='bbox 1633 448 1816 489; x_wconf 86' lang='lat' dir='ltr'><strong>amare</strong></span> <span class='ocrx_word' id='word_1_14' title='bbox 1857 449 1967 490; x_wconf 90' lang='lat' dir='ltr'><strong>non</strong></span> <span class='ocrx_word' id='word_1_15' title='bbox 1994 435 2115 491; x_wconf 88' lang='lat' dir='ltr'><strong>dili-</strong></span> <span class='ocrx_word' id='word_1_16' title='bbox 2149 447 2189 503; x_wconf 70' lang='grc' dir='ltr'><strong>Α</strong></span> <span class='ocrx_word' id='word_1_17' title='bbox 2220 444 2390 501; x_wconf 88' lang='lat' dir='ltr'><strong>certo,</strong></span> <span class='ocrx_word' id='word_1_18' title='bbox 2421 444 2480 489; x_wconf 91' lang='lat' dir='ltr'><strong>ut</strong></span> <span class='ocrx_word' id='word_1_19' title='bbox 2506 438 2554 491; x_wconf 90' lang='lat' dir='ltr'><strong>si</strong></span> <span class='ocrx_word' id='word_1_20' title='bbox 2597 449 2782 490; x_wconf 85' lang='lat' dir='ltr'><strong>carum</strong></span> <span class='ocrx_word' id='word_1_21' title='bbox 2826 441 2993 498; x_wconf 86' lang='lat' dir='ltr'><strong>tuum,</strong></span> <span class='ocrx_word' id='word_1_22' title='bbox 3025 433 3163 490; x_wconf 97' lang='lat' dir='ltr'><strong>sicut</strong></span> <span class='ocrx_word' id='word_1_23' title='bbox 3207 433 3323 503; x_wconf 88' lang='lat' dir='ltr'><strong>ipse</strong></span> <span class='ocrx_word' id='word_1_24' title='bbox 3347 432 3501 500; x_wconf 79' lang='lat' dir='ltr'><strong>dicis,</strong></span> <span class='ocrx_word' id='word_1_25' title='bbox 3528 432 3815 491; x_wconf 82' lang='lat' dir='ltr'><strong>absentem</strong></span> 
     </span>
    </p>
   </div>
   <div class='ocr_carea' id='block_1_6' title="bbox 536 525 2115 601">
    <p class='ocr_par' dir='ltr' id='par_1_6' title="bbox 536 525 2115 601">
     <span class='ocr_line' id='line_1_6' title="bbox 536 525 2115 601; baseline -0.004 -15"><span class='ocrx_word' id='word_1_26' title='bbox 536 539 627 601; x_wconf 87' lang='lat' dir='ltr'><strong>gat</strong></span> <span class='ocrx_word' id='word_1_27' title='bbox 659 550 672 584; x_wconf 87' lang='lat'>:</span> <span class='ocrx_word' id='word_1_28' title='bbox 704 535 1033 584; x_wconf 88' lang='lat' dir='ltr'><strong>cumautem</strong></span> <span class='ocrx_word' id='word_1_29' title='bbox 1066 525 1157 580; x_wconf 91' lang='lat' dir='ltr'><strong>tibi</strong></span> <span class='ocrx_word' id='word_1_30' title='bbox 1191 525 1245 579; x_wconf 89' lang='lat' dir='ltr'><strong>in</strong></span> <span class='ocrx_word' id='word_1_31' title='bbox 1280 533 1463 579; x_wconf 88' lang='lat' dir='ltr'><strong>mente</strong></span> <span class='ocrx_word' id='word_1_32' title='bbox 1503 531 1586 580; x_wconf 91' lang='lat' dir='ltr'><strong>est</strong></span> <span class='ocrx_word' id='word_1_33' title='bbox 1627 525 1888 581; x_wconf 82' lang='lat' dir='ltr'><strong>memoria</strong></span> <span class='ocrx_word' id='word_1_34' title='bbox 1919 526 2115 597; x_wconf 80' lang='lat' dir='ltr'><strong>cogita-</strong></span> 
     </span>
    </p>
   </div>
   <div class='ocr_carea' id='block_1_7' title="bbox 497 613 2117 688">
    <p class='ocr_par' dir='ltr' id='par_1_7' title="bbox 497 613 2117 688">
     <span class='ocr_line' id='line_1_7' title="bbox 497 613 2117 688; baseline -0.003 -10"><span class='ocrx_word' id='word_1_35' title='bbox 497 613 501 617; x_wconf 56' lang='grc'><strong><em>’</em></strong></span> <span class='ocrx_word' id='word_1_36' title='bbox 536 621 699 679; x_wconf 91' lang='lat' dir='ltr'><strong>tionis</strong></span> <span class='ocrx_word' id='word_1_37' title='bbox 719 627 775 675; x_wconf 92' lang='lat' dir='ltr'><strong>et</strong></span> <span class='ocrx_word' id='word_1_38' title='bbox 803 619 1004 674; x_wconf 90' lang='lat' dir='ltr'><strong>amoris</strong></span> <span class='ocrx_word' id='word_1_39' title='bbox 1040 618 1137 683; x_wconf 92' lang='lat' dir='ltr'><strong>tui,</strong></span> <span class='ocrx_word' id='word_1_40' title='bbox 1171 616 1216 673; x_wconf 91' lang='lat' dir='ltr'><strong>si</strong></span> <span class='ocrx_word' id='word_1_41' title='bbox 1244 624 1407 672; x_wconf 81' lang='lat' dir='ltr'><strong>‘tanta</strong></span> <span class='ocrx_word' id='word_1_42' title='bbox 1438 616 1527 672; x_wconf 90' lang='lat' dir='ltr'><strong>illa</strong></span> <span class='ocrx_word' id='word_1_43' title='bbox 1587 617 1879 673; x_wconf 86' lang='lat' dir='ltr'><strong>meministi</strong></span> <span class='ocrx_word' id='word_1_44' title='bbox 1917 626 2117 688; x_wconf 84' lang='lat' dir='ltr'><strong>quanta</strong></span> 
     </span>
    </p>
   </div>
   <div class='ocr_carea' id='block_1_8' title="bbox 531 707 2118 781">
    <p class='ocr_par' dir='ltr' id='par_1_8' title="bbox 531 707 2118 781">
     <span class='ocr_line' id='line_1_8' title="bbox 531 707 2118 781; baseline -0.003 -12"><span class='ocrx_word' id='word_1_45' title='bbox 531 721 677 779; x_wconf 89' lang='lat' dir='ltr'><strong>sunt,</strong></span> <span class='ocrx_word' id='word_1_46' title='bbox 708 714 857 768; x_wconf 84' lang='lat' dir='ltr'><strong>tanta</strong></span> <span class='ocrx_word' id='word_1_47' title='bbox 880 718 964 768; x_wconf 90' lang='lat' dir='ltr'><strong>est</strong></span> <span class='ocrx_word' id='word_1_48' title='bbox 1002 726 1159 767; x_wconf 89' lang='lat' dir='ltr'><strong>mens</strong></span> <span class='ocrx_word' id='word_1_49' title='bbox 1205 718 1299 767; x_wconf 89' lang='lat' dir='ltr'><strong>tua</strong></span> <span class='ocrx_word' id='word_1_50' title='bbox 1340 718 1540 781; x_wconf 89' lang='lat' dir='ltr'><strong>quanta</strong></span> <span class='ocrx_word' id='word_1_51' title='bbox 1569 716 1700 765; x_wconf 91' lang='lat' dir='ltr'><strong>sunt</strong></span> <span class='ocrx_word' id='word_1_52' title='bbox 1740 710 1851 765; x_wconf 86' lang='lat' dir='ltr'><strong>illa.</strong></span> <span class='ocrx_word' id='word_1_53' title='bbox 1880 707 1951 763; x_wconf 87' lang='lat' dir='ltr'><strong>Et</strong></span> <span class='ocrx_word' id='word_1_54' title='bbox 1995 725 2118 765; x_wconf 91' lang='lat' dir='ltr'><strong>cum</strong></span> 
     </span>
    </p>
   </div>
   <div class='ocr_carea' id='block_1_9' title="bbox 534 801 2117 872">
    <p class='ocr_par' dir='ltr' id='par_1_9' title="bbox 534 801 2117 872">
     <span class='ocr_line' id='line_1_9' title="bbox 534 801 2117 872; baseline -0.004 -10"><span class='ocrx_word' id='word_1_55' title='bbox 534 804 875 862; x_wconf 77' lang='lat' dir='ltr'><strong>dilectionem</strong></span> <span class='ocrx_word' id='word_1_56' title='bbox 905 801 990 859; x_wconf 91' lang='lat' dir='ltr'><strong>vel</strong></span> <span class='ocrx_word' id='word_1_57' title='bbox 1041 810 1283 859; x_wconf 79' lang='lat' dir='ltr'><strong>mentem</strong></span> <span class='ocrx_word' id='word_1_58' title='bbox 1322 810 1471 858; x_wconf 88' lang='lat' dir='ltr'><strong>tuam</strong></span> <span class='ocrx_word' id='word_1_59' title='bbox 1508 802 1748 872; x_wconf 79' lang='lat' dir='ltr'><strong>cogitas,</strong></span> <span class='ocrx_word' id='word_1_60' title='bbox 1789 802 1835 857; x_wconf 87' lang='lat' dir='ltr'><strong>si</strong></span> <span class='ocrx_word' id='word_1_61' title='bbox 1865 809 2014 857; x_wconf 89' lang='lat' dir='ltr'><strong>tanta</strong></span> <span class='ocrx_word' id='word_1_62' title='bbox 2051 817 2117 857; x_wconf 87' lang='lat' dir='ltr'><strong>ea</strong></span> 
     </span>
    </p>
   </div>
   <div class='ocr_carea' id='block_1_10' title="bbox 534 891 2119 967">
    <p class='ocr_par' dir='ltr' id='par_1_10' title="bbox 534 891 2119 967">
     <span class='ocr_line' id='line_1_10' title="bbox 534 891 2119 967; baseline -0.003 -16"><span class='ocrx_word' id='word_1_63' title='bbox 534 901 736 967; x_wconf 88' lang='lat' dir='ltr'><strong>quanta</strong></span> <span class='ocrx_word' id='word_1_64' title='bbox 773 899 899 950; x_wconf 89' lang='lat' dir='ltr'><strong>sunt</strong></span> <span class='ocrx_word' id='word_1_65' title='bbox 939 894 1179 963; x_wconf 77' lang='lat' dir='ltr'><strong>cogitas,</strong></span> <span class='ocrx_word' id='word_1_66' title='bbox 1213 899 1361 946; x_wconf 89' lang='lat' dir='ltr'><strong>tanta</strong></span> <span class='ocrx_word' id='word_1_67' title='bbox 1397 900 1482 948; x_wconf 92' lang='lat' dir='ltr'><strong>est</strong></span> <span class='ocrx_word' id='word_1_68' title='bbox 1517 891 1773 962; x_wconf 77' lang='lat' dir='ltr'><strong>cogitatio</strong></span> <span class='ocrx_word' id='word_1_69' title='bbox 1801 898 1891 947; x_wconf 92' lang='lat' dir='ltr'><strong>tua</strong></span> <span class='ocrx_word' id='word_1_70' title='bbox 1918 900 2119 961; x_wconf 89' lang='lat' dir='ltr'><strong>quanta</strong></span> 
     </span>
    </p>
   </div>
   <div class='ocr_carea' id='block_1_11' title="bbox 534 981 2118 1053">
    <p class='ocr_par' dir='ltr' id='par_1_11' title="bbox 534 981 2118 1053">
     <span class='ocr_line' id='line_1_11' title="bbox 534 981 2118 1053; baseline -0.001 -12"><span class='ocrx_word' id='word_1_71' title='bbox 534 982 625 1041; x_wconf 89' lang='lat' dir='ltr'><strong>illa</strong></span> <span class='ocrx_word' id='word_1_72' title='bbox 650 992 796 1040; x_wconf 86' lang='lat' dir='ltr'><strong>sunt.</strong></span> <span class='ocrx_word' id='word_1_73' title='bbox 839 981 908 1038; x_wconf 82' lang='lat' dir='ltr'><strong>Et</strong></span> <span class='ocrx_word' id='word_1_74' title='bbox 936 982 983 1038; x_wconf 88' lang='lat' dir='ltr'><strong>si</strong></span> <span class='ocrx_word' id='word_1_75' title='bbox 1019 990 1263 1039; x_wconf 87' lang='lat' dir='ltr'><strong>mentem</strong></span> <span class='ocrx_word' id='word_1_76' title='bbox 1287 982 1375 1038; x_wconf 89' lang='lat' dir='ltr'><strong>vel</strong></span> <span class='ocrx_word' id='word_1_77' title='bbox 1421 982 1801 1052; x_wconf 80' lang='lat' dir='ltr'><strong>cogitationem</strong></span> <span class='ocrx_word' id='word_1_78' title='bbox 1843 990 1990 1038; x_wconf 88' lang='lat' dir='ltr'><strong>tuam</strong></span> <span class='ocrx_word' id='word_1_79' title='bbox 2020 998 2118 1053; x_wconf 90' lang='lat' dir='ltr'><strong>pro</strong></span> 
     </span>
    </p>
   </div>
   <div class='ocr_carea' id='block_1_12' title="bbox 534 1074 2120 1146">
    <p class='ocr_par' dir='ltr' id='par_1_12' title="bbox 534 1074 2120 1146">
     <span class='ocr_line' id='line_1_12' title="bbox 534 1074 2120 1146; baseline -0.001 -13"><span class='ocrx_word' id='word_1_80' title='bbox 534 1077 618 1133; x_wconf 91' lang='lat' dir='ltr'><strong>sui</strong></span> <span class='ocrx_word' id='word_1_81' title='bbox 653 1077 818 1133; x_wconf 83' lang='lat' dir='ltr'><strong>modo</strong></span> <span class='ocrx_word' id='word_1_82' title='bbox 853 1075 1049 1145; x_wconf 76' lang='lat' dir='ltr'><strong>diligis,</strong></span> <span class='ocrx_word' id='word_1_83' title='bbox 1094 1074 1214 1131; x_wconf 64' lang='lat' dir='ltr'><strong>haec</strong></span> <span class='ocrx_word' id='word_1_84' title='bbox 1252 1082 1307 1130; x_wconf 90' lang='lat' dir='ltr'><strong>et</strong></span> <span class='ocrx_word' id='word_1_85' title='bbox 1352 1090 1509 1131; x_wconf 88' lang='lat' dir='ltr'><strong>amor</strong></span> <span class='ocrx_word' id='word_1_86' title='bbox 1550 1083 1670 1131; x_wconf 90' lang='lat' dir='ltr'><strong>tuus</strong></span> <span class='ocrx_word' id='word_1_87' title='bbox 1705 1075 1933 1146; x_wconf 66' lang='lat' dir='ltr'><strong>aequalia</strong></span> <span class='ocrx_word' id='word_1_88' title='bbox 1973 1083 2120 1131; x_wconf 89' lang='lat' dir='ltr'><strong>certe</strong></span> 
     </span>
    </p>
   </div>
   <div class='ocr_carea' id='block_1_13' title="bbox 533 1166 2117 1238">
    <p class='ocr_par' dir='ltr' id='par_1_13' title="bbox 533 1166 2117 1238">
     <span class='ocr_line' id='line_1_13' title="bbox 533 1166 2117 1238; baseline -0.004 -12"><span class='ocrx_word' id='word_1_89' title='bbox 533 1177 680 1226; x_wconf 88' lang='lat' dir='ltr'><strong>sunt.</strong></span> <span class='ocrx_word' id='word_1_90' title='bbox 709 1167 778 1225; x_wconf 84' lang='lat' dir='ltr'><strong>Et</strong></span> <span class='ocrx_word' id='word_1_91' title='bbox 804 1169 849 1226; x_wconf 88' lang='lat' dir='ltr'><strong>si</strong></span> <span class='ocrx_word' id='word_1_92' title='bbox 877 1183 937 1225; x_wconf 92' lang='lat' dir='ltr'><strong>se</strong></span> <span class='ocrx_word' id='word_1_93' title='bbox 964 1167 1174 1238; x_wconf 89' lang='lat' dir='ltr'><strong>singula</strong></span> <span class='ocrx_word' id='word_1_94' title='bbox 1199 1175 1313 1229; x_wconf 81' lang='lat' dir='ltr'><strong>tota</strong></span> <span class='ocrx_word' id='word_1_95' title='bbox 1334 1166 1493 1231; x_wconf 91' lang='lat' dir='ltr'><strong>simul</strong></span> <span class='ocrx_word' id='word_1_96' title='bbox 1509 1167 1593 1222; x_wconf 90' lang='lat' dir='ltr'><strong>vel</strong></span> <span class='ocrx_word' id='word_1_97' title='bbox 1626 1173 1832 1233; x_wconf 86' lang='lat' dir='ltr'><strong>ament,</strong></span> <span class='ocrx_word' id='word_1_98' title='bbox 1856 1166 1942 1222; x_wconf 91' lang='lat' dir='ltr'><strong>vel</strong></span> <span class='ocrx_word' id='word_1_99' title='bbox 1967 1166 2117 1236; x_wconf 87' lang='lat' dir='ltr'><strong>cogi-</strong></span> 
     </span>
    </p>
   </div>
   <div class='ocr_carea' id='block_1_14' title="bbox 535 1256 2120 1333">
    <p class='ocr_par' dir='ltr' id='par_1_14' title="bbox 535 1256 2120 1333">
     <span class='ocr_line' id='line_1_14' title="bbox 535 1256 2120 1333; baseline -0.004 -15"><span class='ocrx_word' id='word_1_100' title='bbox 535 1270 655 1318; x_wconf 87' lang='lat' dir='ltr'><strong>tent</strong></span> <span class='ocrx_word' id='word_1_101' title='bbox 686 1261 773 1317; x_wconf 90' lang='lat' dir='ltr'><strong>vel</strong></span> <span class='ocrx_word' id='word_1_102' title='bbox 797 1260 1182 1325; x_wconf 82' lang='lat' dir='ltr'><strong>meminerint,</strong></span> <span class='ocrx_word' id='word_1_103' title='bbox 1222 1275 1333 1314; x_wconf 91' lang='lat' dir='ltr'><strong>non</strong></span> <span class='ocrx_word' id='word_1_104' title='bbox 1365 1256 1572 1328; x_wconf 87' lang='lat' dir='ltr'><strong>majora</strong></span> <span class='ocrx_word' id='word_1_105' title='bbox 1609 1266 1769 1314; x_wconf 89' lang='lat' dir='ltr'><strong>erunt</strong></span> <span class='ocrx_word' id='word_1_106' title='bbox 1807 1265 1919 1313; x_wconf 89' lang='lat' dir='ltr'><strong>tota</strong></span> <span class='ocrx_word' id='word_1_107' title='bbox 1958 1257 2120 1333; x_wconf 77' lang='lat' dir='ltr'><strong>simul</strong></span> 
     </span>
    </p>
   </div>
   <div class='ocr_carea' id='block_1_15' title="bbox 537 1348 2121 1423">
    <p class='ocr_par' dir='ltr' id='par_1_15' title="bbox 537 1348 2121 1423">
     <span class='ocr_line' id='line_1_15' title="bbox 537 1348 2121 1423; baseline -0.002 -15"><span class='ocrx_word' id='word_1_108' title='bbox 537 1353 660 1419; x_wconf 84' lang='lat' dir='ltr'><strong>tria,</strong></span> <span class='ocrx_word' id='word_1_109' title='bbox 692 1367 855 1423; x_wconf 85' lang='lat' dir='ltr'><strong>quam</strong></span> <span class='ocrx_word' id='word_1_110' title='bbox 884 1351 971 1407; x_wconf 92' lang='lat' dir='ltr'><strong>vel</strong></span> <span class='ocrx_word' id='word_1_111' title='bbox 1009 1366 1165 1406; x_wconf 91' lang='lat' dir='ltr'><strong>mens</strong></span> <span class='ocrx_word' id='word_1_112' title='bbox 1192 1358 1306 1406; x_wconf 90' lang='lat' dir='ltr'><strong>tota</strong></span> <span class='ocrx_word' id='word_1_113' title='bbox 1335 1350 1537 1421; x_wconf 89' lang='lat' dir='ltr'><strong>pariter</strong></span> <span class='ocrx_word' id='word_1_114' title='bbox 1572 1350 1836 1415; x_wconf 82' lang='lat' dir='ltr'><strong>recolens,</strong></span> <span class='ocrx_word' id='word_1_115' title='bbox 1867 1348 1951 1405; x_wconf 89' lang='lat' dir='ltr'><strong>vel</strong></span> <span class='ocrx_word' id='word_1_116' title='bbox 1973 1349 2121 1418; x_wconf 85' lang='lat' dir='ltr'><strong>cogi-</strong></span> 
     </span>
    </p>
   </div>
   <div class='ocr_carea' id='block_1_16' title="bbox 537 1440 2121 1515">
    <p class='ocr_par' dir='ltr' id='par_1_16' title="bbox 537 1440 2121 1515">
     <span class='ocr_line' id='line_1_16' title="bbox 537 1440 2121 1515; baseline -0.003 -14"><span class='ocrx_word' id='word_1_117' title='bbox 537 1447 671 1505; x_wconf 86' lang='lat' dir='ltr'><strong>tatio</strong></span> <span class='ocrx_word' id='word_1_118' title='bbox 699 1453 813 1501; x_wconf 88' lang='lat' dir='ltr'><strong>tota</strong></span> <span class='ocrx_word' id='word_1_119' title='bbox 841 1458 1189 1515; x_wconf 88' lang='lat' dir='ltr'><strong>cognoscens,</strong></span> <span class='ocrx_word' id='word_1_120' title='bbox 1220 1442 1304 1498; x_wconf 87' lang='lat' dir='ltr'><strong>vel</strong></span> <span class='ocrx_word' id='word_1_121' title='bbox 1336 1458 1490 1498; x_wconf 89' lang='lat' dir='ltr'><strong>amor</strong></span> <span class='ocrx_word' id='word_1_122' title='bbox 1518 1450 1544 1479; x_wconf 67' lang='grc' dir='ltr'><em>λ</em></span> <span class='ocrx_word' id='word_1_123' title='bbox 1576 1449 1685 1497; x_wconf 89' lang='lat' dir='ltr'><strong>tota</strong></span> <span class='ocrx_word' id='word_1_124' title='bbox 1717 1441 1964 1511; x_wconf 76' lang='lat' dir='ltr'><strong>diligens.</strong></span> <span class='ocrx_word' id='word_1_125' title='bbox 1995 1440 2121 1497; x_wconf 65' lang='lat' dir='ltr'><strong>Haec</strong></span> 
     </span>
    </p>
   </div>
   <div class='ocr_carea' id='block_1_17' title="bbox 537 1533 2120 1606">
    <p class='ocr_par' dir='ltr' id='par_1_17' title="bbox 537 1533 2120 1606">
     <span class='ocr_line' id='line_1_17' title="bbox 537 1533 2120 1606; baseline -0.003 -13"><span class='ocrx_word' id='word_1_126' title='bbox 537 1546 593 1593; x_wconf 90' lang='lat' dir='ltr'><strong>et</strong></span> <span class='ocrx_word' id='word_1_127' title='bbox 618 1537 673 1591; x_wconf 93' lang='lat' dir='ltr'><strong>in</strong></span> <span class='ocrx_word' id='word_1_128' title='bbox 704 1544 757 1591; x_wconf 93' lang='lat' dir='ltr'><strong>te</strong></span> <span class='ocrx_word' id='word_1_129' title='bbox 785 1551 905 1592; x_wconf 91' lang='lat' dir='ltr'><strong>esse</strong></span> <span class='ocrx_word' id='word_1_130' title='bbox 933 1551 996 1591; x_wconf 91' lang='lat' dir='ltr'><strong>ac</strong></span> <span class='ocrx_word' id='word_1_131' title='bbox 1023 1535 1206 1606; x_wconf 87' lang='lat' dir='ltr'><strong>potius</strong></span> <span class='ocrx_word' id='word_1_132' title='bbox 1234 1535 1336 1590; x_wconf 88' lang='lat' dir='ltr'><strong>ista</strong></span> <span class='ocrx_word' id='word_1_133' title='bbox 1366 1542 1418 1589; x_wconf 93' lang='lat' dir='ltr'><strong>te</strong></span> <span class='ocrx_word' id='word_1_134' title='bbox 1441 1550 1589 1600; x_wconf 90' lang='lat' dir='ltr'><strong>esse,</strong></span> <span class='ocrx_word' id='word_1_135' title='bbox 1635 1549 1723 1589; x_wconf 91' lang='lat' dir='ltr'><strong>me</strong></span> <span class='ocrx_word' id='word_1_136' title='bbox 1752 1533 1849 1588; x_wconf 87' lang='lat' dir='ltr'><strong>tibi</strong></span> <span class='ocrx_word' id='word_1_137' title='bbox 1876 1533 2120 1589; x_wconf 81' lang='lat' dir='ltr'><strong>radiante</strong></span> 
     </span>
    </p>
   </div>
   <div class='ocr_carea' id='block_1_18' title="bbox 539 1624 2123 1698">
    <p class='ocr_par' dir='ltr' id='par_1_18' title="bbox 539 1624 2123 1698">
     <span class='ocr_line' id='line_1_18' title="bbox 539 1624 2123 1698; baseline -0.001 -15"><span class='ocrx_word' id='word_1_138' title='bbox 539 1628 841 1698; x_wconf 79' lang='lat' dir='ltr'><strong>cognoscis,</strong></span> <span class='ocrx_word' id='word_1_139' title='bbox 885 1627 931 1682; x_wconf 94' lang='lat' dir='ltr'><strong>si</strong></span> <span class='ocrx_word' id='word_1_140' title='bbox 965 1627 1085 1682; x_wconf 92' lang='lat' dir='ltr'><strong>illos</strong></span> <span class='ocrx_word' id='word_1_141' title='bbox 1114 1626 1246 1681; x_wconf 85' lang='lat' dir='ltr'><strong>mihi</strong></span> <span class='ocrx_word' id='word_1_142' title='bbox 1276 1625 1461 1681; x_wconf 90' lang='lat' dir='ltr'><strong>oculos</strong></span> <span class='ocrx_word' id='word_1_143' title='bbox 1490 1624 1686 1695; x_wconf 88' lang='lat' dir='ltr'><strong>quibus</strong></span> <span class='ocrx_word' id='word_1_144' title='bbox 1721 1640 1809 1680; x_wconf 90' lang='lat' dir='ltr'><strong>me</strong></span> <span class='ocrx_word' id='word_1_145' title='bbox 1837 1625 2004 1680; x_wconf 88' lang='lat' dir='ltr'><strong>videri</strong></span> <span class='ocrx_word' id='word_1_146' title='bbox 2046 1625 2123 1681; x_wconf 82' lang='lat' dir='ltr'><strong>di-</strong></span> 
     </span>
    </p>
   </div>
   <div class='ocr_carea' id='block_1_19' title="bbox 537 1716 2117 1791">
    <p class='ocr_par' dir='ltr' id='par_1_19' title="bbox 537 1716 2117 1791">
     <span class='ocr_line' id='line_1_19' title="bbox 537 1716 2117 1791; baseline -0.004 -14"><span class='ocrx_word' id='word_1_147' title='bbox 537 1735 674 1790; x_wconf 89' lang='lat' dir='ltr'><strong>gnor</strong></span> <span class='ocrx_word' id='word_1_148' title='bbox 701 1719 941 1775; x_wconf 88' lang='lat' dir='ltr'><strong>attuleris</strong></span> <span class='ocrx_word' id='word_1_149' title='bbox 973 1737 985 1772; x_wconf 91' lang='lat'><strong>:</strong></span> <span class='ocrx_word' id='word_1_150' title='bbox 1018 1732 1358 1791; x_wconf 85' lang='lat' dir='ltr'><strong>nequaquam</strong></span> <span class='ocrx_word' id='word_1_151' title='bbox 1399 1732 1488 1772; x_wconf 92' lang='lat' dir='ltr'><strong>me</strong></span> <span class='ocrx_word' id='word_1_152' title='bbox 1515 1716 1597 1771; x_wconf 89' lang='lat' dir='ltr'><strong>vel</strong></span> <span class='ocrx_word' id='word_1_153' title='bbox 1629 1716 1979 1787; x_wconf 88' lang='lat' dir='ltr'><strong>incorporeus</strong></span> <span class='ocrx_word' id='word_1_154' title='bbox 2008 1717 2117 1772; x_wconf 86' lang='lat' dir='ltr'><strong>nisi</strong></span> 
     </span>
    </p>
   </div>
   <div class='ocr_carea' id='block_1_20' title="bbox 2218 523 3813 596">
    <p class='ocr_par' dir='ltr' id='par_1_20' title="bbox 2218 523 3813 596">
     <span class='ocr_line' id='line_1_20' title="bbox 2218 523 3813 596; baseline 0.001 -15"><span class='ocrx_word' id='word_1_155' title='bbox 2218 527 2445 596; x_wconf 85' lang='lat' dir='ltr'><strong>cogitas,</strong></span> <span class='ocrx_word' id='word_1_156' title='bbox 2479 527 2677 582; x_wconf 86' lang='lat' dir='ltr'><strong>idcirco</strong></span> <span class='ocrx_word' id='word_1_157' title='bbox 2714 525 2961 581; x_wconf 88' lang='lat' dir='ltr'><strong>eumdem</strong></span> <span class='ocrx_word' id='word_1_158' title='bbox 3003 526 3128 595; x_wconf 87' lang='lat' dir='ltr'><strong>quia</strong></span> <span class='ocrx_word' id='word_1_159' title='bbox 3172 524 3268 580; x_wconf 86' lang='lat' dir='ltr'><strong>tibi</strong></span> <span class='ocrx_word' id='word_1_160' title='bbox 3295 523 3656 596; x_wconf 71' lang='lat' dir='ltr'><strong>corporaliter</strong></span> <span class='ocrx_word' id='word_1_161' title='bbox 3698 542 3813 582; x_wconf 86' lang='lat' dir='ltr'><strong>non</strong></span> 
     </span>
    </p>
   </div>
   <div class='ocr_carea' id='block_1_21' title="bbox 2219 616 3814 690">
    <p class='ocr_par' dir='ltr' id='par_1_21' title="bbox 2219 616 3814 690">
     <span class='ocr_line' id='line_1_21' title="bbox 2219 616 3814 690; baseline 0.002 -17"><span class='ocrx_word' id='word_1_162' title='bbox 2219 627 2461 690; x_wconf 86' lang='lat' dir='ltr'><strong>apparet,</strong></span> <span class='ocrx_word' id='word_1_163' title='bbox 2504 617 2692 674; x_wconf 87' lang='lat' dir='ltr'><strong>credas</strong></span> <span class='ocrx_word' id='word_1_164' title='bbox 2737 618 3045 684; x_wconf 79' lang='lat' dir='ltr'><strong>absentem;</strong></span> <span class='ocrx_word' id='word_1_165' title='bbox 3087 617 3214 687; x_wconf 88' lang='lat' dir='ltr'><strong>quia</strong></span> <span class='ocrx_word' id='word_1_166' title='bbox 3258 618 3304 673; x_wconf 92' lang='lat' dir='ltr'><strong>si</strong></span> <span class='ocrx_word' id='word_1_167' title='bbox 3357 616 3455 671; x_wconf 90' lang='lat' dir='ltr'><strong>tibi</strong></span> <span class='ocrx_word' id='word_1_168' title='bbox 3489 616 3547 672; x_wconf 89' lang='lat' dir='ltr'><strong>in</strong></span> <span class='ocrx_word' id='word_1_169' title='bbox 3593 616 3683 672; x_wconf 82' lang='lat' dir='ltr'><strong>illa</strong></span> <span class='ocrx_word' id='word_1_170' title='bbox 3724 618 3814 676; x_wconf 78' lang='lat' dir='ltr'><strong>sui</strong></span> 
     </span>
    </p>
   </div>
   <div class='ocr_carea' id='block_1_22' title="bbox 2220 708 3814 782">
    <p class='ocr_par' dir='ltr' id='par_1_22' title="bbox 2220 708 3814 782">
     <span class='ocr_line' id='line_1_22' title="bbox 2220 708 3814 782; baseline 0.002 -18"><span class='ocrx_word' id='word_1_171' title='bbox 2220 719 2374 782; x_wconf 87' lang='lat' dir='ltr'><strong>parte</strong></span> <span class='ocrx_word' id='word_1_172' title='bbox 2400 725 2560 768; x_wconf 84' lang='lat' dir='ltr'><strong>carus</strong></span> <span class='ocrx_word' id='word_1_173' title='bbox 2605 717 2709 776; x_wconf 90' lang='lat' dir='ltr'><strong>est,</strong></span> <span class='ocrx_word' id='word_1_174' title='bbox 2738 725 2845 780; x_wconf 91' lang='lat' dir='ltr'><strong>qua</strong></span> <span class='ocrx_word' id='word_1_175' title='bbox 2871 717 3100 779; x_wconf 87' lang='lat' dir='ltr'><strong>uterque</strong></span> <span class='ocrx_word' id='word_1_176' title='bbox 3140 708 3393 765; x_wconf 82' lang='lat' dir='ltr'><strong>homines</strong></span> <span class='ocrx_word' id='word_1_177' title='bbox 3418 708 3574 776; x_wconf 89' lang='lat' dir='ltr'><strong>estis,</strong></span> <span class='ocrx_word' id='word_1_178' title='bbox 3602 717 3661 765; x_wconf 91' lang='lat' dir='ltr'><strong>et</strong></span> <span class='ocrx_word' id='word_1_179' title='bbox 3700 724 3814 780; x_wconf 78' lang='lat' dir='ltr'><strong>qua</strong></span> 
     </span>
    </p>
   </div>
   <div class='ocr_carea' id='block_1_23' title="bbox 2217 800 3813 872">
    <p class='ocr_par' dir='ltr' id='par_1_23' title="bbox 2217 800 3813 872">
     <span class='ocr_line' id='line_1_23' title="bbox 2217 800 3813 872; baseline 0.001 -13"><span class='ocrx_word' id='word_1_180' title='bbox 2217 811 2428 859; x_wconf 79' lang='lat' dir='ltr'><strong>vosmet</strong></span> <span class='ocrx_word' id='word_1_181' title='bbox 2452 802 2656 859; x_wconf 89' lang='lat' dir='ltr'><strong>vicario</strong></span> <span class='ocrx_word' id='word_1_182' title='bbox 2685 817 2873 859; x_wconf 88' lang='lat' dir='ltr'><strong>amore</strong></span> <span class='ocrx_word' id='word_1_183' title='bbox 2916 801 3152 871; x_wconf 86' lang='lat' dir='ltr'><strong>diligitis,</strong></span> <span class='ocrx_word' id='word_1_184' title='bbox 3208 800 3284 856; x_wconf 87' lang='lat' dir='ltr'><strong>ita</strong></span> <span class='ocrx_word' id='word_1_185' title='bbox 3315 800 3414 857; x_wconf 89' lang='lat' dir='ltr'><strong>tibi</strong></span> <span class='ocrx_word' id='word_1_186' title='bbox 3440 801 3533 857; x_wconf 89' lang='lat' dir='ltr'><strong>ille</strong></span> <span class='ocrx_word' id='word_1_187' title='bbox 3570 816 3813 872; x_wconf 70' lang='lat' dir='ltr'><strong>prteseoa</strong></span> 
     </span>
    </p>
   </div>
   <div class='ocr_carea' id='block_1_24' title="bbox 2219 892 3811 965">
    <p class='ocr_par' dir='ltr' id='par_1_24' title="bbox 2219 892 3811 965">
     <span class='ocr_line' id='line_1_24' title="bbox 2219 892 3811 965; baseline -0.001 -16"><span class='ocrx_word' id='word_1_188' title='bbox 2219 901 2322 960; x_wconf 90' lang='lat' dir='ltr'><strong>est,</strong></span> <span class='ocrx_word' id='word_1_189' title='bbox 2352 900 2413 949; x_wconf 91' lang='lat' dir='ltr'><strong>ut</strong></span> <span class='ocrx_word' id='word_1_190' title='bbox 2438 900 2498 948; x_wconf 89' lang='lat' dir='ltr'><strong>tu</strong></span> <span class='ocrx_word' id='word_1_191' title='bbox 2525 894 2642 964; x_wconf 87' lang='lat' dir='ltr'><strong>ipse</strong></span> <span class='ocrx_word' id='word_1_192' title='bbox 2668 893 2782 949; x_wconf 88' lang='lat' dir='ltr'><strong>tibi.</strong></span> <span class='ocrx_word' id='word_1_193' title='bbox 2815 892 3084 965; x_wconf 86' lang='lat' dir='ltr'><strong>Quidquid</strong></span> <span class='ocrx_word' id='word_1_194' title='bbox 3107 892 3255 949; x_wconf 88' lang='lat' dir='ltr'><strong>enim</strong></span> <span class='ocrx_word' id='word_1_195' title='bbox 3282 900 3342 947; x_wconf 90' lang='lat' dir='ltr'><strong>tu</strong></span> <span class='ocrx_word' id='word_1_196' title='bbox 3369 908 3431 949; x_wconf 87' lang='lat' dir='ltr'><strong>es</strong></span> <span class='ocrx_word' id='word_1_197' title='bbox 3471 892 3811 949; x_wconf 81' lang='lat' dir='ltr'><strong>substantia-</strong></span> 
     </span>
    </p>
   </div>
   <div class='ocr_carea' id='block_1_25' title="bbox 2219 982 3811 1049">
    <p class='ocr_par' dir='ltr' id='par_1_25' title="bbox 2219 982 3811 1049">
     <span class='ocr_line' id='line_1_25' title="bbox 2219 982 3811 1049; baseline 0.002 -13"><span class='ocrx_word' id='word_1_198' title='bbox 2219 982 2360 1049; x_wconf 89' lang='lat' dir='ltr'><strong>liter,</strong></span> <span class='ocrx_word' id='word_1_199' title='bbox 2393 984 2500 1040; x_wconf 86' lang='lat' dir='ltr'><strong>hoc</strong></span> <span class='ocrx_word' id='word_1_200' title='bbox 2526 984 2617 1040; x_wconf 92' lang='lat' dir='ltr'><strong>ille</strong></span> <span class='ocrx_word' id='word_1_201' title='bbox 2663 992 2769 1040; x_wconf 89' lang='lat' dir='ltr'><strong>est.</strong></span> <span class='ocrx_word' id='word_1_202' title='bbox 2803 983 2953 1041; x_wconf 80' lang='lat' dir='ltr'><strong>Visio</strong></span> <span class='ocrx_word' id='word_1_203' title='bbox 2982 998 3112 1039; x_wconf 89' lang='lat' dir='ltr'><strong>vero</strong></span> <span class='ocrx_word' id='word_1_204' title='bbox 3141 983 3446 1041; x_wconf 82' lang='lat' dir='ltr'><strong>intellectus</strong></span> <span class='ocrx_word' id='word_1_205' title='bbox 3472 992 3558 1040; x_wconf 86' lang='lat' dir='ltr'><strong>est</strong></span> <span class='ocrx_word' id='word_1_206' title='bbox 3591 984 3811 1040; x_wconf 68' lang='lat' dir='ltr'><strong>animm.</strong></span> 
     </span>
    </p>
   </div>
   <div class='ocr_carea' id='block_1_26' title="bbox 2221 1074 3806 1146">
    <p class='ocr_par' dir='ltr' id='par_1_26' title="bbox 2221 1074 3806 1146">
     <span class='ocr_line' id='line_1_26' title="bbox 2221 1074 3806 1146; baseline 0.002 -16"><span class='ocrx_word' id='word_1_207' title='bbox 2221 1074 2280 1130; x_wconf 92' lang='lat' dir='ltr'><strong>Si</strong></span> <span class='ocrx_word' id='word_1_208' title='bbox 2322 1083 2377 1132; x_wconf 91' lang='lat' dir='ltr'><strong>te</strong></span> <span class='ocrx_word' id='word_1_209' title='bbox 2412 1075 2582 1141; x_wconf 88' lang='lat' dir='ltr'><strong>vides,</strong></span> <span class='ocrx_word' id='word_1_210' title='bbox 2613 1075 2762 1131; x_wconf 91' lang='lat' dir='ltr'><strong>illum</strong></span> <span class='ocrx_word' id='word_1_211' title='bbox 2789 1075 2939 1133; x_wconf 88' lang='lat' dir='ltr'><strong>vides</strong></span> <span class='ocrx_word' id='word_1_212' title='bbox 2966 1077 3060 1146; x_wconf 90' lang='lat' dir='ltr'><strong>qui</strong></span> <span class='ocrx_word' id='word_1_213' title='bbox 3086 1076 3220 1132; x_wconf 84' lang='lat' dir='ltr'><strong>nihil</strong></span> <span class='ocrx_word' id='word_1_214' title='bbox 3243 1084 3329 1132; x_wconf 88' lang='lat' dir='ltr'><strong>est</strong></span> <span class='ocrx_word' id='word_1_215' title='bbox 3353 1075 3502 1132; x_wconf 83' lang='lat' dir='ltr'><strong>aliud</strong></span> <span class='ocrx_word' id='word_1_216' title='bbox 3519 1090 3688 1146; x_wconf 89' lang='lat' dir='ltr'><strong>quam</strong></span> <span class='ocrx_word' id='word_1_217' title='bbox 3714 1086 3806 1143; x_wconf 88' lang='lat' dir='ltr'><strong>tu;</strong></span> 
     </span>
    </p>
   </div>
   <div class='ocr_carea' id='block_1_27' title="bbox 2218 1154 3805 1241">
    <p class='ocr_par' dir='ltr' id='par_1_27' title="bbox 2218 1154 3805 1241">
     <span class='ocr_line' id='line_1_27' title="bbox 2218 1154 3805 1241; baseline 0.003 -19"><span class='ocrx_word' id='word_1_218' title='bbox 2218 1167 2311 1238; x_wconf 88' lang='lat' dir='ltr'><strong>qui</strong></span> <span class='ocrx_word' id='word_1_219' title='bbox 2329 1167 2376 1223; x_wconf 91' lang='lat' dir='ltr'><strong>si</strong></span> <span class='ocrx_word' id='word_1_220' title='bbox 2403 1168 2757 1239; x_wconf 80' lang='lat' dir='ltr'><strong>corporaliter</strong></span> <span class='ocrx_word' id='word_1_221' title='bbox 2783 1154 3080 1236; x_wconf 82' lang='lat' dir='ltr'><strong>assisteret,</strong></span> <span class='ocrx_word' id='word_1_222' title='bbox 3108 1184 3207 1240; x_wconf 90' lang='lat' dir='ltr'><strong>per</strong></span> <span class='ocrx_word' id='word_1_223' title='bbox 3232 1168 3386 1239; x_wconf 87' lang='lat' dir='ltr'><strong>signa</strong></span> <span class='ocrx_word' id='word_1_224' title='bbox 3406 1176 3558 1227; x_wconf 90' lang='lat' dir='ltr'><strong>certe</strong></span> <span class='ocrx_word' id='word_1_225' title='bbox 3602 1184 3805 1241; x_wconf 84' lang='lat' dir='ltr'><strong>oorpo-</strong></span> 
     </span>
    </p>
   </div>
   <div class='ocr_carea' id='block_1_28' title="bbox 2219 1257 3815 1331">
    <p class='ocr_par' dir='ltr' id='par_1_28' title="bbox 2219 1257 3815 1331">
     <span class='ocr_line' id='line_1_28' title="bbox 2219 1257 3815 1331; baseline 0.003 -18"><span class='ocrx_word' id='word_1_226' title='bbox 2219 1258 2295 1315; x_wconf 91' lang='lat' dir='ltr'><strong>ris</strong></span> <span class='ocrx_word' id='word_1_227' title='bbox 2320 1258 2649 1328; x_wconf 85' lang='lat' dir='ltr'><strong>agnitionem</strong></span> <span class='ocrx_word' id='word_1_228' title='bbox 2675 1259 2760 1315; x_wconf 87' lang='lat' dir='ltr'><strong>sui</strong></span> <span class='ocrx_word' id='word_1_229' title='bbox 2780 1259 2878 1316; x_wconf 84' lang='lat' dir='ltr'><strong>tibi</strong></span> <span class='ocrx_word' id='word_1_230' title='bbox 2903 1258 3127 1318; x_wconf 81' lang='lat' dir='ltr'><strong>laceret.</strong></span> <span class='ocrx_word' id='word_1_231' title='bbox 3153 1257 3258 1316; x_wconf 89' lang='lat' dir='ltr'><strong>Per</strong></span> <span class='ocrx_word' id='word_1_232' title='bbox 3289 1275 3410 1331; x_wconf 76' lang='lat' dir='ltr'><strong>qua:</strong></span> <span class='ocrx_word' id='word_1_233' title='bbox 3434 1260 3481 1317; x_wconf 88' lang='lat' dir='ltr'><strong>si</strong></span> <span class='ocrx_word' id='word_1_234' title='bbox 3509 1260 3641 1317; x_wconf 88' lang='lat' dir='ltr'><strong>illud</strong></span> <span class='ocrx_word' id='word_1_235' title='bbox 3667 1263 3815 1318; x_wconf 75' lang='lat' dir='ltr'><strong>forte</strong></span> 
     </span>
    </p>
   </div>
   <div class='ocr_carea' id='block_1_29' title="bbox 2220 1348 3813 1423">
    <p class='ocr_par' dir='ltr' id='par_1_29' title="bbox 2220 1348 3813 1423">
     <span class='ocr_line' id='line_1_29' title="bbox 2220 1348 3813 1423; baseline 0.003 -20"><span class='ocrx_word' id='word_1_236' title='bbox 2220 1348 2457 1419; x_wconf 87' lang='lat' dir='ltr'><strong>cepisses</strong></span> <span class='ocrx_word' id='word_1_237' title='bbox 2482 1348 2759 1417; x_wconf 88' lang='lat' dir='ltr'><strong>indicium,</strong></span> <span class='ocrx_word' id='word_1_238' title='bbox 2782 1364 2890 1421; x_wconf 92' lang='lat' dir='ltr'><strong>quo</strong></span> <span class='ocrx_word' id='word_1_239' title='bbox 2915 1349 3164 1406; x_wconf 86' lang='lat' dir='ltr'><strong>eumdem</strong></span> <span class='ocrx_word' id='word_1_240' title='bbox 3194 1350 3292 1407; x_wconf 90' lang='lat' dir='ltr'><strong>tibi</strong></span> <span class='ocrx_word' id='word_1_241' title='bbox 3320 1351 3597 1407; x_wconf 88' lang='lat' dir='ltr'><strong>inimicum</strong></span> <span class='ocrx_word' id='word_1_242' title='bbox 3623 1353 3813 1423; x_wconf 83' lang='lat' dir='ltr'><strong>potius</strong></span> 
     </span>
    </p>
   </div>
   <div class='ocr_carea' id='block_1_30' title="bbox 2221 1442 3807 1513">
    <p class='ocr_par' dir='ltr' id='par_1_30' title="bbox 2221 1442 3807 1513">
     <span class='ocr_line' id='line_1_30' title="bbox 2221 1442 3807 1513; baseline 0.003 -16"><span class='ocrx_word' id='word_1_243' title='bbox 2221 1455 2340 1498; x_wconf 87' lang='lat' dir='ltr'><strong>esse</strong></span> <span class='ocrx_word' id='word_1_244' title='bbox 2359 1456 2735 1511; x_wconf 88' lang='lat' dir='ltr'><strong>cognosceres,</strong></span> <span class='ocrx_word' id='word_1_245' title='bbox 2765 1442 3110 1499; x_wconf 89' lang='lat' dir='ltr'><strong>reverberata</strong></span> <span class='ocrx_word' id='word_1_246' title='bbox 3150 1443 3336 1513; x_wconf 86' lang='lat' dir='ltr'><strong>utique</strong></span> <span class='ocrx_word' id='word_1_247' title='bbox 3380 1442 3671 1500; x_wconf 76' lang='lat' dir='ltr'><strong>an‘ectuum</strong></span> <span class='ocrx_word' id='word_1_248' title='bbox 3719 1444 3807 1501; x_wconf 83' lang='lat' dir='ltr'><strong>di-</strong></span> 
     </span>
    </p>
   </div>
   <div class='ocr_carea' id='block_1_31' title="bbox 2219 1534 3812 1607">
    <p class='ocr_par' dir='ltr' id='par_1_31' title="bbox 2219 1534 3812 1607">
     <span class='ocr_line' id='line_1_31' title="bbox 2219 1534 3812 1607; baseline 0.003 -19"><span class='ocrx_word' id='word_1_249' title='bbox 2219 1534 2519 1604; x_wconf 87' lang='lat' dir='ltr'><strong>sparilitate</strong></span> <span class='ocrx_word' id='word_1_250' title='bbox 2565 1534 2745 1590; x_wconf 90' lang='lat' dir='ltr'><strong>anima</strong></span> <span class='ocrx_word' id='word_1_251' title='bbox 2791 1542 2883 1590; x_wconf 91' lang='lat' dir='ltr'><strong>tua</strong></span> <span class='ocrx_word' id='word_1_252' title='bbox 2932 1535 3001 1591; x_wconf 89' lang='lat' dir='ltr'><strong>ab</strong></span> <span class='ocrx_word' id='word_1_253' title='bbox 3039 1534 3158 1605; x_wconf 89' lang='lat' dir='ltr'><strong>ejus</strong></span> <span class='ocrx_word' id='word_1_254' title='bbox 3185 1536 3363 1591; x_wconf 89' lang='lat' dir='ltr'><strong>anima</strong></span> <span class='ocrx_word' id='word_1_255' title='bbox 3405 1536 3812 1607; x_wconf 87' lang='lat' dir='ltr'><strong>quodammodo</strong></span> 
     </span>
    </p>
   </div>
   <div class='ocr_carea' id='block_1_32' title="bbox 2219 1625 3813 1698">
    <p class='ocr_par' dir='ltr' id='par_1_32' title="bbox 2219 1625 3813 1698">
     <span class='ocr_line' id='line_1_32' title="bbox 2219 1625 3813 1698; baseline 0.002 -17"><span class='ocrx_word' id='word_1_256' title='bbox 2219 1625 2487 1693; x_wconf 88' lang='lat' dir='ltr'><strong>resiliret,</strong></span> <span class='ocrx_word' id='word_1_257' title='bbox 2537 1634 2593 1682; x_wconf 92' lang='lat' dir='ltr'><strong>et</strong></span> <span class='ocrx_word' id='word_1_258' title='bbox 2626 1626 2678 1682; x_wconf 90' lang='lat' dir='ltr'><strong>in</strong></span> <span class='ocrx_word' id='word_1_259' title='bbox 2708 1641 2818 1682; x_wconf 91' lang='lat' dir='ltr'><strong>uno</strong></span> <span class='ocrx_word' id='word_1_260' title='bbox 2855 1626 3209 1698; x_wconf 79' lang='lat' dir='ltr'><strong>corporaliter</strong></span> <span class='ocrx_word' id='word_1_261' title='bbox 3234 1627 3387 1693; x_wconf 91' lang='lat' dir='ltr'><strong>loco,</strong></span> <span class='ocrx_word' id='word_1_262' title='bbox 3419 1636 3583 1698; x_wconf 85' lang='lat' dir='ltr'><strong>atque</strong></span> <span class='ocrx_word' id='word_1_263' title='bbox 3629 1628 3684 1683; x_wconf 92' lang='lat' dir='ltr'><strong>in</strong></span> <span class='ocrx_word' id='word_1_264' title='bbox 3712 1643 3813 1684; x_wconf 86' lang='lat' dir='ltr'><strong>eo-</strong></span> 
     </span>
    </p>
   </div>
   <div class='ocr_carea' id='block_1_33' title="bbox 2220 1716 3813 1788">
    <p class='ocr_par' dir='ltr' id='par_1_33' title="bbox 2220 1716 3813 1788">
     <span class='ocr_line' id='line_1_33' title="bbox 2220 1716 3813 1788; baseline 0.001 -15"><span class='ocrx_word' id='word_1_265' title='bbox 2220 1718 2362 1781; x_wconf 87' lang='lat' dir='ltr'><strong>dem,</strong></span> <span class='ocrx_word' id='word_1_266' title='bbox 2392 1717 2437 1773; x_wconf 89' lang='lat' dir='ltr'><strong>si</strong></span> <span class='ocrx_word' id='word_1_267' title='bbox 2465 1726 2644 1788; x_wconf 87' lang='lat' dir='ltr'><strong>potest</strong></span> <span class='ocrx_word' id='word_1_268' title='bbox 2670 1716 2794 1785; x_wconf 86' lang='lat' dir='ltr'><strong>dici,</strong></span> <span class='ocrx_word' id='word_1_269' title='bbox 2825 1718 3070 1786; x_wconf 86' lang='lat' dir='ltr'><strong>vestigio,</strong></span> <span class='ocrx_word' id='word_1_270' title='bbox 3101 1718 3233 1774; x_wconf 87' lang='lat' dir='ltr'><strong>satis</strong></span> <span class='ocrx_word' id='word_1_271' title='bbox 3252 1718 3460 1775; x_wconf 89' lang='lat' dir='ltr'><strong>scilicet</strong></span> <span class='ocrx_word' id='word_1_272' title='bbox 3483 1720 3681 1775; x_wconf 62' lang='lat' dir='ltr'><strong>eswtis</strong></span> <span class='ocrx_word' id='word_1_273' title='bbox 3706 1734 3813 1775; x_wconf 77' lang='lat' dir='ltr'><strong>vo-</strong></span> 
     </span>
    </p>
   </div>
   <div class='ocr_carea' id='block_1_34' title="bbox 538 1807 3813 1892">
    <p class='ocr_par' dir='ltr' id='par_1_34' title="bbox 538 1807 3813 1892">
     <span class='ocr_line' id='line_1_34' title="bbox 538 1807 3813 1892; baseline 0 -25"><span class='ocrx_word' id='word_1_274' title='bbox 538 1818 794 1882; x_wconf 88' lang='lat' dir='ltr'><strong>purgatus</strong></span> <span class='ocrx_word' id='word_1_275' title='bbox 812 1809 990 1877; x_wconf 86' lang='lat' dir='ltr'><strong>videt;</strong></span> <span class='ocrx_word' id='word_1_276' title='bbox 1014 1809 1299 1881; x_wconf 88' lang='lat' dir='ltr'><strong>quominus</strong></span> <span class='ocrx_word' id='word_1_277' title='bbox 1320 1807 1489 1863; x_wconf 90' lang='lat' dir='ltr'><strong>videri</strong></span> <span class='ocrx_word' id='word_1_278' title='bbox 1514 1821 1601 1863; x_wconf 91' lang='lat' dir='ltr'><strong>me</strong></span> <span class='ocrx_word' id='word_1_279' title='bbox 1622 1822 1653 1862; x_wconf 91' lang='lat' dir='ltr'><strong>a</strong></span> <span class='ocrx_word' id='word_1_280' title='bbox 1678 1814 1731 1862; x_wconf 89' lang='lat' dir='ltr'><strong>te</strong></span> <span class='ocrx_word' id='word_1_281' title='bbox 1761 1815 1917 1880; x_wconf 86' lang='lat' dir='ltr'><strong>putes</strong></span> <span class='ocrx_word' id='word_1_282' title='bbox 1936 1823 2114 1880; x_wconf 90' lang='lat' dir='ltr'><strong>posse,</strong></span> <span class='ocrx_word' id='word_1_283' title='bbox 2148 1831 2197 1892; x_wconf 69' lang='grc' dir='ltr'><strong>Β</strong></span> <span class='ocrx_word' id='word_1_284' title='bbox 2221 1810 2484 1866; x_wconf 85' lang='lat' dir='ltr'><strong>luntatum</strong></span> <span class='ocrx_word' id='word_1_285' title='bbox 2511 1810 2821 1867; x_wconf 86' lang='lat' dir='ltr'><strong>diversitate</strong></span> <span class='ocrx_word' id='word_1_286' title='bbox 2849 1809 3095 1880; x_wconf 86' lang='lat' dir='ltr'><strong>sejuncti.</strong></span> <span class='ocrx_word' id='word_1_287' title='bbox 3119 1809 3274 1877; x_wconf 85' lang='lat' dir='ltr'><strong>Quod</strong></span> <span class='ocrx_word' id='word_1_288' title='bbox 3317 1825 3440 1866; x_wconf 88' lang='lat' dir='ltr'><strong>cum</strong></span> <span class='ocrx_word' id='word_1_289' title='bbox 3466 1811 3544 1866; x_wconf 85' lang='lat' dir='ltr'><strong>ita</strong></span> <span class='ocrx_word' id='word_1_290' title='bbox 3575 1811 3669 1878; x_wconf 86' lang='lat' dir='ltr'><strong>sit,</strong></span> <span class='ocrx_word' id='word_1_291' title='bbox 3698 1826 3813 1869; x_wconf 86' lang='lat' dir='ltr'><strong>non</strong></span> 
     </span>
    </p>
   </div>
   <div class='ocr_carea' id='block_1_35' title="bbox 536 1899 3815 1975">
    <p class='ocr_par' dir='ltr' id='par_1_35' title="bbox 536 1899 3815 1975">
     <span class='ocr_line' id='line_1_35' title="bbox 536 1899 3815 1975; baseline 0.001 -18"><span class='ocrx_word' id='word_1_292' title='bbox 536 1903 585 1958; x_wconf 88' lang='lat' dir='ltr'><strong>si</strong></span> <span class='ocrx_word' id='word_1_293' title='bbox 611 1903 845 1975; x_wconf 84' lang='lat' dir='ltr'><strong>corpus?</strong></span> <span class='ocrx_word' id='word_1_294' title='bbox 870 1900 982 1971; x_wconf 85' lang='lat' dir='ltr'><strong>Ego</strong></span> <span class='ocrx_word' id='word_1_295' title='bbox 1011 1909 1066 1955; x_wconf 88' lang='lat' dir='ltr'><strong>et</strong></span> <span class='ocrx_word' id='word_1_296' title='bbox 1094 1909 1247 1972; x_wconf 89' lang='lat' dir='ltr'><strong>pater</strong></span> <span class='ocrx_word' id='word_1_297' title='bbox 1273 1909 1328 1956; x_wconf 91' lang='lat' dir='ltr'><strong>et</strong></span> <span class='ocrx_word' id='word_1_298' title='bbox 1355 1900 1552 1956; x_wconf 87' lang='lat' dir='ltr'><strong>caritas</strong></span> <span class='ocrx_word' id='word_1_299' title='bbox 1591 1908 1773 1955; x_wconf 87' lang='lat' dir='ltr'><strong>nostra</strong></span> <span class='ocrx_word' id='word_1_300' title='bbox 1804 1917 1942 1958; x_wconf 91' lang='lat' dir='ltr'><strong>unus</strong></span> <span class='ocrx_word' id='word_1_301' title='bbox 1978 1899 2119 1956; x_wconf 89' lang='lat' dir='ltr'><strong>Deus</strong></span> <span class='ocrx_word' id='word_1_302' title='bbox 2223 1901 2456 1956; x_wconf 88' lang='lat' dir='ltr'><strong>arbitror</strong></span> <span class='ocrx_word' id='word_1_303' title='bbox 2481 1901 2692 1957; x_wconf 86' lang='lat' dir='ltr'><strong>animos</strong></span> <span class='ocrx_word' id='word_1_304' title='bbox 2711 1901 3140 1970; x_wconf 87' lang='lat' dir='ltr'><strong>sequestratione</strong></span> <span class='ocrx_word' id='word_1_305' title='bbox 3161 1900 3352 1971; x_wconf 88' lang='lat' dir='ltr'><strong>disjici,</strong></span> <span class='ocrx_word' id='word_1_306' title='bbox 3398 1916 3538 1971; x_wconf 90' lang='lat' dir='ltr'><strong>quos</strong></span> <span class='ocrx_word' id='word_1_307' title='bbox 3564 1902 3815 1960; x_wconf 80' lang='lat' dir='ltr'><strong>videmus</strong></span> 
     </span>
    </p>
   </div>
   <div class='ocr_carea' id='block_1_36' title="bbox 536 1989 3815 2065">
    <p class='ocr_par' dir='ltr' id='par_1_36' title="bbox 536 1989 3815 2065">
     <span class='ocr_line' id='line_1_36' title="bbox 536 1989 3815 2065; baseline 0 -15"><span class='ocrx_word' id='word_1_308' title='bbox 536 2006 721 2050; x_wconf 82' lang='lat' dir='ltr'><strong>sumus</strong></span> <span class='ocrx_word' id='word_1_309' title='bbox 752 2010 764 2045; x_wconf 93' lang='lat'><strong>:</strong></span> <span class='ocrx_word' id='word_1_310' title='bbox 798 2000 855 2046; x_wconf 89' lang='lat' dir='ltr'><strong>tu</strong></span> <span class='ocrx_word' id='word_1_311' title='bbox 884 2007 1037 2048; x_wconf 90' lang='lat' dir='ltr'><strong>mens</strong></span> <span class='ocrx_word' id='word_1_312' title='bbox 1063 1990 1342 2046; x_wconf 89' lang='lat' dir='ltr'><strong>rationalis</strong></span> <span class='ocrx_word' id='word_1_313' title='bbox 1355 1999 1411 2046; x_wconf 87' lang='lat' dir='ltr'><strong>et</strong></span> <span class='ocrx_word' id='word_1_314' title='bbox 1432 1990 1652 2046; x_wconf 85' lang='lat' dir='ltr'><strong>verbum</strong></span> <span class='ocrx_word' id='word_1_315' title='bbox 1682 1989 1769 2046; x_wconf 87' lang='lat' dir='ltr'><strong>vel</strong></span> <span class='ocrx_word' id='word_1_316' title='bbox 1793 1990 2009 2049; x_wconf 88' lang='lat' dir='ltr'><strong>dilectio</strong></span> <span class='ocrx_word' id='word_1_317' title='bbox 2030 2000 2122 2047; x_wconf 90' lang='lat' dir='ltr'><strong>tua</strong></span> <span class='ocrx_word' id='word_1_318' title='bbox 2216 1989 2418 2060; x_wconf 87' lang='lat' dir='ltr'><strong>junctis</strong></span> <span class='ocrx_word' id='word_1_319' title='bbox 2438 1990 2757 2062; x_wconf 91' lang='lat' dir='ltr'><strong>corporibus</strong></span> <span class='ocrx_word' id='word_1_320' title='bbox 2795 2005 2954 2062; x_wconf 88' lang='lat' dir='ltr'><strong>posse</strong></span> <span class='ocrx_word' id='word_1_321' title='bbox 2978 1992 3235 2061; x_wconf 89' lang='lat' dir='ltr'><strong>separari.</strong></span> <span class='ocrx_word' id='word_1_322' title='bbox 3265 1991 3343 2048; x_wconf 82' lang='lat' dir='ltr'><strong>Ac</strong></span> <span class='ocrx_word' id='word_1_323' title='bbox 3367 1993 3594 2063; x_wconf 87' lang='lat' dir='ltr'><strong>perinde</strong></span> <span class='ocrx_word' id='word_1_324' title='bbox 3617 2009 3815 2065; x_wconf 88' lang='lat' dir='ltr'><strong>parum</strong></span> 
     </span>
    </p>
   </div>
   <div class='ocr_carea' id='block_1_37' title="bbox 539 2082 2118 2151">
    <p class='ocr_par' dir='ltr' id='par_1_37' title="bbox 539 2082 2118 2151">
     <span class='ocr_line' id='line_1_37' title="bbox 539 2082 2118 2151; baseline 0.001 -12"><span class='ocrx_word' id='word_1_325' title='bbox 539 2099 675 2140; x_wconf 89' lang='lat' dir='ltr'><strong>unus</strong></span> <span class='ocrx_word' id='word_1_326' title='bbox 703 2099 762 2139; x_wconf 92' lang='lat' dir='ltr'><strong>es</strong></span> <span class='ocrx_word' id='word_1_327' title='bbox 789 2083 973 2151; x_wconf 85' lang='lat' dir='ltr'><strong>homo,</strong></span> <span class='ocrx_word' id='word_1_328' title='bbox 1004 2082 1072 2139; x_wconf 91' lang='lat' dir='ltr'><strong>ad</strong></span> <span class='ocrx_word' id='word_1_329' title='bbox 1113 2084 1514 2141; x_wconf 88' lang='lat' dir='ltr'><strong>similitudinem</strong></span> <span class='ocrx_word' id='word_1_330' title='bbox 1560 2086 1796 2142; x_wconf 87' lang='lat' dir='ltr'><strong>auctoris</strong></span> <span class='ocrx_word' id='word_1_331' title='bbox 1823 2087 1901 2141; x_wconf 91' lang='lat' dir='ltr'><strong>tui</strong></span> <span class='ocrx_word' id='word_1_332' title='bbox 1929 2086 2118 2151; x_wconf 81' lang='lat' dir='ltr'><strong>lactus,</strong></span> 
     </span>
    </p>
   </div>
   <div class='ocr_carea' id='block_1_38' title="bbox 539 2173 2116 2247">
    <p class='ocr_par' dir='ltr' id='par_1_38' title="bbox 539 2173 2116 2247">
     <span class='ocr_line' id='line_1_38' title="bbox 539 2173 2116 2247; baseline 0.001 -18"><span class='ocrx_word' id='word_1_333' title='bbox 539 2191 646 2229; x_wconf 87' lang='lat' dir='ltr'><strong>non</strong></span> <span class='ocrx_word' id='word_1_334' title='bbox 676 2173 743 2229; x_wconf 88' lang='lat' dir='ltr'><strong>ad</strong></span> <span class='ocrx_word' id='word_1_335' title='bbox 786 2174 1164 2244; x_wconf 74' lang='lat' dir='ltr'><strong>mqualitatem,</strong></span> <span class='ocrx_word' id='word_1_336' title='bbox 1218 2184 1431 2232; x_wconf 87' lang='lat' dir='ltr'><strong>creatus</strong></span> <span class='ocrx_word' id='word_1_337' title='bbox 1483 2191 1698 2247; x_wconf 89' lang='lat' dir='ltr'><strong>nempe,</strong></span> <span class='ocrx_word' id='word_1_338' title='bbox 1731 2193 1839 2233; x_wconf 92' lang='lat' dir='ltr'><strong>nou</strong></span> <span class='ocrx_word' id='word_1_339' title='bbox 1886 2178 2116 2247; x_wconf 86' lang='lat' dir='ltr'><strong>genitus.</strong></span> 
     </span>
    </p>
   </div>
   <div class='ocr_carea' id='block_1_39' title="bbox 538 2263 2121 2352">
    <p class='ocr_par' dir='ltr' id='par_1_39' title="bbox 538 2263 2121 2352">
     <span class='ocr_line' id='line_1_39' title="bbox 538 2263 2121 2352; baseline 0.003 -34"><span class='ocrx_word' id='word_1_340' title='bbox 538 2263 824 2321; x_wconf 86' lang='lat' dir='ltr'><strong>Formatus</strong></span> <span class='ocrx_word' id='word_1_341' title='bbox 850 2280 909 2322; x_wconf 88' lang='lat' dir='ltr'><strong>es</strong></span> <span class='ocrx_word' id='word_1_342' title='bbox 935 2265 1083 2349; x_wconf 72' lang='lat' dir='ltr'><strong>ipse,</strong></span> <span class='ocrx_word' id='word_1_343' title='bbox 1101 2281 1206 2321; x_wconf 90' lang='lat' dir='ltr'><strong>non</strong></span> <span class='ocrx_word' id='word_1_344' title='bbox 1249 2264 1525 2321; x_wconf 76' lang='lat' dir='ltr'><strong>formator.</strong></span> <span class='ocrx_word' id='word_1_345' title='bbox 1554 2265 1767 2352; x_wconf 36' lang='lat' dir='ltr'><strong>R‘ecede</strong></span> <span class='ocrx_word' id='word_1_346' title='bbox 1795 2267 1863 2322; x_wconf 89' lang='lat' dir='ltr'><strong>ab</strong></span> <span class='ocrx_word' id='word_1_347' title='bbox 1893 2267 1975 2323; x_wconf 91' lang='lat' dir='ltr'><strong>his</strong></span> <span class='ocrx_word' id='word_1_348' title='bbox 2001 2282 2121 2337; x_wconf 62' lang='lat' dir='ltr'><strong>quae</strong></span> 
     </span>
    </p>
   </div>
   <div class='ocr_carea' id='block_1_40' title="bbox 539 2355 2121 2427">
    <p class='ocr_par' dir='ltr' id='par_1_40' title="bbox 539 2355 2121 2427">
     <span class='ocr_line' id='line_1_40' title="bbox 539 2355 2121 2427; baseline 0.004 -17"><span class='ocrx_word' id='word_1_349' title='bbox 539 2355 674 2411; x_wconf 76' lang='lat' dir='ltr'><strong>infra</strong></span> <span class='ocrx_word' id='word_1_350' title='bbox 708 2364 759 2411; x_wconf 87' lang='lat' dir='ltr'><strong>te</strong></span> <span class='ocrx_word' id='word_1_351' title='bbox 786 2364 928 2424; x_wconf 90' lang='lat' dir='ltr'><strong>sunt,</strong></span> <span class='ocrx_word' id='word_1_352' title='bbox 967 2357 1142 2413; x_wconf 92' lang='lat' dir='ltr'><strong>minus</strong></span> <span class='ocrx_word' id='word_1_353' title='bbox 1181 2358 1366 2427; x_wconf 90' lang='lat' dir='ltr'><strong>utique</strong></span> <span class='ocrx_word' id='word_1_354' title='bbox 1389 2356 1644 2425; x_wconf 80' lang='lat' dir='ltr'><strong>formata,</strong></span> <span class='ocrx_word' id='word_1_355' title='bbox 1686 2360 1789 2414; x_wconf 92' lang='lat' dir='ltr'><strong>hoc</strong></span> <span class='ocrx_word' id='word_1_356' title='bbox 1816 2367 1899 2414; x_wconf 90' lang='lat' dir='ltr'><strong>est</strong></span> <span class='ocrx_word' id='word_1_357' title='bbox 1945 2360 2121 2416; x_wconf 90' lang='lat' dir='ltr'><strong>minus</strong></span> 
     </span>
    </p>
   </div>
   <div class='ocr_carea' id='block_1_41' title="bbox 541 2446 2120 2520">
    <p class='ocr_par' dir='ltr' id='par_1_41' title="bbox 541 2446 2120 2520">
     <span class='ocr_line' id='line_1_41' title="bbox 541 2446 2120 2520; baseline 0.003 -20"><span class='ocrx_word' id='word_1_358' title='bbox 541 2446 774 2502; x_wconf 81' lang='lat' dir='ltr'><strong>formosa</strong></span> <span class='ocrx_word' id='word_1_359' title='bbox 810 2463 971 2517; x_wconf 84' lang='lat' dir='ltr'><strong>quam</strong></span> <span class='ocrx_word' id='word_1_360' title='bbox 1009 2456 1068 2502; x_wconf 90' lang='lat' dir='ltr'><strong>tu</strong></span> <span class='ocrx_word' id='word_1_361' title='bbox 1103 2463 1180 2503; x_wconf 90' lang='lat' dir='ltr'><strong>es.</strong></span> <span class='ocrx_word' id='word_1_362' title='bbox 1215 2446 1423 2504; x_wconf 82' lang='lat' dir='ltr'><strong>Accede</strong></span> <span class='ocrx_word' id='word_1_363' title='bbox 1463 2448 1754 2504; x_wconf 81' lang='lat' dir='ltr'><strong>formatrici</strong></span> <span class='ocrx_word' id='word_1_364' title='bbox 1787 2448 1969 2505; x_wconf 79' lang='lat' dir='ltr'><strong>formae</strong></span> <span class='ocrx_word' id='word_1_365' title='bbox 2011 2465 2120 2520; x_wconf 92' lang='lat' dir='ltr'><strong>quo</strong></span> 
     </span>
    </p>
   </div>
   <div class='ocr_carea' id='block_1_42' title="bbox 543 2539 2118 2612">
    <p class='ocr_par' dir='ltr' id='par_1_42' title="bbox 543 2539 2118 2612">
     <span class='ocr_line' id='line_1_42' title="bbox 543 2539 2118 2612; baseline 0.004 -20"><span class='ocrx_word' id='word_1_366' title='bbox 543 2540 715 2608; x_wconf 85' lang='lat' dir='ltr'><strong>possis</strong></span> <span class='ocrx_word' id='word_1_367' title='bbox 734 2554 852 2594; x_wconf 89' lang='lat' dir='ltr'><strong>esse</strong></span> <span class='ocrx_word' id='word_1_368' title='bbox 879 2539 1180 2604; x_wconf 79' lang='lat' dir='ltr'><strong>formosior,</strong></span> <span class='ocrx_word' id='word_1_369' title='bbox 1226 2539 1505 2610; x_wconf 88' lang='lat' dir='ltr'><strong>eidemque</strong></span> <span class='ocrx_word' id='word_1_370' title='bbox 1548 2556 1762 2612; x_wconf 87' lang='lat' dir='ltr'><strong>semper</strong></span> <span class='ocrx_word' id='word_1_371' title='bbox 1790 2542 2118 2612; x_wconf 73' lang='lat' dir='ltr'><strong>adiungere;</strong></span> 
     </span>
    </p>
   </div>
   <div class='ocr_carea' id='block_1_43' title="bbox 541 2619 2124 2705">
    <p class='ocr_par' dir='ltr' id='par_1_43' title="bbox 541 2619 2124 2705">
     <span class='ocr_line' id='line_1_43' title="bbox 541 2619 2124 2705; baseline 0.004 -21"><span class='ocrx_word' id='word_1_372' title='bbox 541 2632 667 2701; x_wconf 89' lang='lat' dir='ltr'><strong>quia</strong></span> <span class='ocrx_word' id='word_1_373' title='bbox 696 2639 847 2687; x_wconf 89' lang='lat' dir='ltr'><strong>tanto</strong></span> <span class='ocrx_word' id='word_1_374' title='bbox 875 2631 942 2686; x_wconf 91' lang='lat' dir='ltr'><strong>ab</strong></span> <span class='ocrx_word' id='word_1_375' title='bbox 971 2631 1059 2687; x_wconf 90' lang='lat' dir='ltr'><strong>illa</strong></span> <span class='ocrx_word' id='word_1_376' title='bbox 1107 2632 1306 2703; x_wconf 88' lang='lat' dir='ltr'><strong>speciei</strong></span> <span class='ocrx_word' id='word_1_377' title='bbox 1335 2632 1563 2703; x_wconf 90' lang='lat' dir='ltr'><strong>amplius</strong></span> <span class='ocrx_word' id='word_1_378' title='bbox 1607 2619 1807 2705; x_wconf 73' lang='lat' dir='ltr'><strong>capies,</strong></span> <span class='ocrx_word' id='word_1_379' title='bbox 1838 2643 2040 2705; x_wconf 88' lang='lat' dir='ltr'><strong>quanto</strong></span> <span class='ocrx_word' id='word_1_380' title='bbox 2071 2642 2124 2691; x_wconf 90' lang='lat' dir='ltr'><strong>te</strong></span> 
     </span>
    </p>
   </div>
   <div class='ocr_carea' id='block_1_44' title="bbox 543 2720 2122 2803">
    <p class='ocr_par' dir='ltr' id='par_1_44' title="bbox 543 2720 2122 2803">
     <span class='ocr_line' id='line_1_44' title="bbox 543 2720 2122 2803; baseline 0.002 -27"><span class='ocrx_word' id='word_1_381' title='bbox 543 2720 616 2776; x_wconf 91' lang='lat' dir='ltr'><strong>illi</strong></span> <span class='ocrx_word' id='word_1_382' title='bbox 646 2722 884 2778; x_wconf 89' lang='lat' dir='ltr'><strong>caritatis</strong></span> <span class='ocrx_word' id='word_1_383' title='bbox 923 2723 1157 2794; x_wconf 90' lang='lat' dir='ltr'><strong>pondere</strong></span> <span class='ocrx_word' id='word_1_384' title='bbox 1186 2723 1356 2792; x_wconf 88' lang='lat' dir='ltr'><strong>magis</strong></span> <span class='ocrx_word' id='word_1_385' title='bbox 1383 2723 1736 2794; x_wconf 88' lang='lat' dir='ltr'><strong>impresseris.</strong></span> <span class='ocrx_word' id='word_1_386' title='bbox 1786 2724 1867 2778; x_wconf 86' lang='lat' dir='ltr'><strong>Ab</strong></span> <span class='ocrx_word' id='word_1_387' title='bbox 1896 2722 1986 2803; x_wconf 80' lang='lat' dir='ltr'><strong>illa</strong></span> <span class='ocrx_word' id='word_1_388' title='bbox 2013 2724 2122 2779; x_wconf 86' lang='lat' dir='ltr'><strong>sci--</strong></span> 
     </span>
    </p>
   </div>
   <div class='ocr_carea' id='block_1_45' title="bbox 489 2811 2118 2889">
    <p class='ocr_par' dir='ltr' id='par_1_45' title="bbox 489 2811 2118 2889">
     <span class='ocr_line' id='line_1_45' title="bbox 489 2811 2118 2889; baseline 0.003 -23"><span class='ocrx_word' id='word_1_389' title='bbox 489 2865 495 2873; x_wconf 81' lang='grc'><em>,</em></span> <span class='ocrx_word' id='word_1_390' title='bbox 542 2812 666 2867; x_wconf 87' lang='lat' dir='ltr'><strong>licet</strong></span> <span class='ocrx_word' id='word_1_391' title='bbox 692 2812 959 2869; x_wconf 89' lang='lat' dir='ltr'><strong>obtinebis</strong></span> <span class='ocrx_word' id='word_1_392' title='bbox 988 2815 1234 2884; x_wconf 89' lang='lat' dir='ltr'><strong>imaginis</strong></span> <span class='ocrx_word' id='word_1_393' title='bbox 1262 2813 1420 2884; x_wconf 87' lang='lat' dir='ltr'><strong>hujus</strong></span> <span class='ocrx_word' id='word_1_394' title='bbox 1445 2811 1879 2889; x_wconf 87' lang='lat' dir='ltr'><strong>indem&#39;utabilem</strong></span> <span class='ocrx_word' id='word_1_395' title='bbox 1901 2821 2118 2882; x_wconf 87' lang='lat' dir='ltr'><strong>statum,</strong></span> 
     </span>
    </p>
   </div>
   <div class='ocr_carea' id='block_1_46' title="bbox 540 2891 2122 2978">
    <p class='ocr_par' dir='ltr' id='par_1_46' title="bbox 540 2891 2122 2978">
     <span class='ocr_line' id='line_1_46' title="bbox 540 2891 2122 2978; baseline 0.002 -20"><span class='ocrx_word' id='word_1_396' title='bbox 540 2922 570 2959; x_wconf 87' lang='lat' dir='ltr'><strong>a</strong></span> <span class='ocrx_word' id='word_1_397' title='bbox 601 2920 705 2976; x_wconf 88' lang='lat' dir='ltr'><strong>qua</strong></span> <span class='ocrx_word' id='word_1_398' title='bbox 733 2906 1009 2978; x_wconf 92' lang='lat' dir='ltr'><strong>sumpsisti</strong></span> <span class='ocrx_word' id='word_1_399' title='bbox 1054 2891 1402 2978; x_wconf 57' lang='lat' dir='ltr'><strong>principium.</strong></span> <span class='ocrx_word' id='word_1_400' title='bbox 1446 2904 1573 2962; x_wconf 73' lang='lat' dir='ltr'><strong>Hzec</strong></span> <span class='ocrx_word' id='word_1_401' title='bbox 1618 2912 1674 2961; x_wconf 91' lang='lat' dir='ltr'><strong>et</strong></span> <span class='ocrx_word' id='word_1_402' title='bbox 1721 2906 1847 2961; x_wconf 87' lang='lat' dir='ltr'><strong>talia</strong></span> <span class='ocrx_word' id='word_1_403' title='bbox 1887 2907 2122 2976; x_wconf 87' lang='lat' dir='ltr'><strong>loquitur</strong></span> 
     </span>
    </p>
   </div>
   <div class='ocr_carea' id='block_1_47' title="bbox 543 2997 2118 3065">
    <p class='ocr_par' dir='ltr' id='par_1_47' title="bbox 543 2997 2118 3065">
     <span class='ocr_line' id='line_1_47' title="bbox 543 2997 2118 3065; baseline 0.001 -15"><span class='ocrx_word' id='word_1_404' title='bbox 543 2997 742 3051; x_wconf 87' lang='lat' dir='ltr'><strong>veritas</strong></span> <span class='ocrx_word' id='word_1_405' title='bbox 769 2997 834 3052; x_wconf 89' lang='lat' dir='ltr'><strong>ad</strong></span> <span class='ocrx_word' id='word_1_406' title='bbox 872 3012 1055 3052; x_wconf 89' lang='lat' dir='ltr'><strong>aurem</strong></span> <span class='ocrx_word' id='word_1_407' title='bbox 1085 2997 1263 3053; x_wconf 88' lang='lat' dir='ltr'><strong>cordis</strong></span> <span class='ocrx_word' id='word_1_408' title='bbox 1294 2997 1645 3065; x_wconf 88' lang='lat' dir='ltr'><strong>intrinsecus,</strong></span> <span class='ocrx_word' id='word_1_409' title='bbox 1678 2997 1975 3053; x_wconf 87' lang='lat' dir='ltr'><strong>admonens</strong></span> <span class='ocrx_word' id='word_1_410' title='bbox 2000 3012 2118 3063; x_wconf 86' lang='lat' dir='ltr'><strong>nos,</strong></span> 
     </span>
    </p>
   </div>
   <div class='ocr_carea' id='block_1_48' title="bbox 545 3086 2118 3160">
    <p class='ocr_par' dir='ltr' id='par_1_48' title="bbox 545 3086 2118 3160">
     <span class='ocr_line' id='line_1_48' title="bbox 545 3086 2118 3160; baseline 0.004 -20"><span class='ocrx_word' id='word_1_411' title='bbox 545 3094 602 3140; x_wconf 91' lang='lat' dir='ltr'><strong>ut</strong></span> <span class='ocrx_word' id='word_1_412' title='bbox 620 3086 762 3155; x_wconf 90' lang='lat' dir='ltr'><strong>quod</strong></span> <span class='ocrx_word' id='word_1_413' title='bbox 791 3088 856 3141; x_wconf 85' lang='lat' dir='ltr'><strong>ad</strong></span> <span class='ocrx_word' id='word_1_414' title='bbox 882 3088 1284 3144; x_wconf 89' lang='lat' dir='ltr'><strong>similitudinem</strong></span> <span class='ocrx_word' id='word_1_415' title='bbox 1316 3089 1621 3160; x_wconf 90' lang='lat' dir='ltr'><strong>incorporei</strong></span> <span class='ocrx_word' id='word_1_416' title='bbox 1652 3090 1766 3157; x_wconf 90' lang='lat' dir='ltr'><strong>Dei,</strong></span> <span class='ocrx_word' id='word_1_417' title='bbox 1812 3106 1919 3146; x_wconf 89' lang='lat' dir='ltr'><strong>non</strong></span> <span class='ocrx_word' id='word_1_418' title='bbox 1948 3090 2014 3146; x_wconf 91' lang='lat' dir='ltr'><strong>ad</strong></span> <span class='ocrx_word' id='word_1_419' title='bbox 2042 3092 2118 3147; x_wconf 91' lang='lat' dir='ltr'><strong>si-</strong></span> 
     </span>
    </p>
   </div>
   <div class='ocr_carea' id='block_1_49' title="bbox 2221 2079 3814 2155">
    <p class='ocr_par' dir='ltr' id='par_1_49' title="bbox 2221 2079 3814 2155">
     <span class='ocr_line' id='line_1_49' title="bbox 2221 2079 3814 2155; baseline 0.003 -19"><span class='ocrx_word' id='word_1_420' title='bbox 2221 2089 2323 2146; x_wconf 89' lang='lat' dir='ltr'><strong>cst,</strong></span> <span class='ocrx_word' id='word_1_421' title='bbox 2352 2082 2496 2150; x_wconf 86' lang='lat' dir='ltr'><strong>quod</strong></span> <span class='ocrx_word' id='word_1_422' title='bbox 2521 2079 2762 2137; x_wconf 77' lang='lat' dir='ltr'><strong>emciunt</strong></span> <span class='ocrx_word' id='word_1_423' title='bbox 2795 2097 3026 2153; x_wconf 86' lang='lat' dir='ltr'><strong>corpora</strong></span> <span class='ocrx_word' id='word_1_424' title='bbox 3046 2082 3248 2138; x_wconf 88' lang='lat' dir='ltr'><strong>mutuis</strong></span> <span class='ocrx_word' id='word_1_425' title='bbox 3273 2083 3578 2139; x_wconf 88' lang='lat' dir='ltr'><strong>animorum</strong></span> <span class='ocrx_word' id='word_1_426' title='bbox 3601 2094 3814 2155; x_wconf 57' lang='lat' dir='ltr'><strong>reprae-</strong></span> 
     </span>
    </p>
   </div>
   <div class='ocr_carea' id='block_1_50' title="bbox 2220 2172 3815 2244">
    <p class='ocr_par' dir='ltr' id='par_1_50' title="bbox 2220 2172 3815 2244">
     <span class='ocr_line' id='line_1_50' title="bbox 2220 2172 3815 2244; baseline 0.005 -18"><span class='ocrx_word' id='word_1_427' title='bbox 2220 2172 2629 2239; x_wconf 88' lang='lat' dir='ltr'><strong>sentationibus,</strong></span> <span class='ocrx_word' id='word_1_428' title='bbox 2657 2172 2703 2227; x_wconf 89' lang='lat' dir='ltr'><strong>si</strong></span> <span class='ocrx_word' id='word_1_429' title='bbox 2730 2187 2841 2228; x_wconf 91' lang='lat' dir='ltr'><strong>non</strong></span> <span class='ocrx_word' id='word_1_430' title='bbox 2869 2180 2962 2227; x_wconf 90' lang='lat' dir='ltr'><strong>aut</strong></span> <span class='ocrx_word' id='word_1_431' title='bbox 2986 2188 3086 2244; x_wconf 84' lang='lat' dir='ltr'><strong>per</strong></span> <span class='ocrx_word' id='word_1_432' title='bbox 3111 2172 3300 2229; x_wconf 90' lang='lat' dir='ltr'><strong>eadem</strong></span> <span class='ocrx_word' id='word_1_433' title='bbox 3331 2174 3385 2228; x_wconf 93' lang='lat' dir='ltr'><strong>in</strong></span> <span class='ocrx_word' id='word_1_434' title='bbox 3411 2188 3473 2230; x_wconf 88' lang='lat' dir='ltr'><strong>se</strong></span> <span class='ocrx_word' id='word_1_435' title='bbox 3508 2175 3684 2244; x_wconf 83' lang='lat' dir='ltr'><strong>imago</strong></span> <span class='ocrx_word' id='word_1_436' title='bbox 3710 2173 3815 2234; x_wconf 84' lang='lat' dir='ltr'><strong>Dei</strong></span> 
     </span>
    </p>
   </div>
   <div class='ocr_carea' id='block_1_51' title="bbox 2220 2261 3807 2337">
    <p class='ocr_par' dir='ltr' id='par_1_51' title="bbox 2220 2261 3807 2337">
     <span class='ocr_line' id='line_1_51' title="bbox 2220 2261 3807 2337; baseline 0.003 -21"><span class='ocrx_word' id='word_1_437' title='bbox 2220 2261 2498 2331; x_wconf 76' lang='lat' dir='ltr'><strong>quaeritur,</strong></span> <span class='ocrx_word' id='word_1_438' title='bbox 2529 2270 2623 2317; x_wconf 86' lang='lat' dir='ltr'><strong>aut</strong></span> <span class='ocrx_word' id='word_1_439' title='bbox 2651 2261 2768 2333; x_wconf 88' lang='lat' dir='ltr'><strong>ipsa</strong></span> <span class='ocrx_word' id='word_1_440' title='bbox 2794 2271 3119 2333; x_wconf 69' lang='lat' dir='ltr'><strong>quaerantur.</strong></span> <span class='ocrx_word' id='word_1_441' title='bbox 3151 2262 3405 2319; x_wconf 73' lang='lat' dir='ltr'><strong>Miserum</strong></span> <span class='ocrx_word' id='word_1_442' title='bbox 3443 2280 3672 2337; x_wconf 81' lang='lat' dir='ltr'><strong>namque</strong></span> <span class='ocrx_word' id='word_1_443' title='bbox 3714 2274 3807 2321; x_wconf 87' lang='lat' dir='ltr'><strong>est</strong></span> 
     </span>
    </p>
   </div>
   <div class='ocr_carea' id='block_1_52' title="bbox 2221 2354 3799 2426">
    <p class='ocr_par' dir='ltr' id='par_1_52' title="bbox 2221 2354 3799 2426">
     <span class='ocr_line' id='line_1_52' title="bbox 2221 2354 3799 2426; baseline 0.003 -18"><span class='ocrx_word' id='word_1_444' title='bbox 2221 2354 2556 2424; x_wconf 89' lang='lat' dir='ltr'><strong>multumque</strong></span> <span class='ocrx_word' id='word_1_445' title='bbox 2576 2370 2709 2412; x_wconf 91' lang='lat' dir='ltr'><strong>vero</strong></span> <span class='ocrx_word' id='word_1_446' title='bbox 2749 2355 3096 2420; x_wconf 85' lang='lat' dir='ltr'><strong>contrarium,</strong></span> <span class='ocrx_word' id='word_1_447' title='bbox 3146 2363 3208 2411; x_wconf 91' lang='lat' dir='ltr'><strong>ut</strong></span> <span class='ocrx_word' id='word_1_448' title='bbox 3248 2356 3426 2426; x_wconf 83' lang='lat' dir='ltr'><strong>imago</strong></span> <span class='ocrx_word' id='word_1_449' title='bbox 3452 2355 3559 2421; x_wconf 88' lang='lat' dir='ltr'><strong>Dei,</strong></span> <span class='ocrx_word' id='word_1_450' title='bbox 3598 2357 3652 2412; x_wconf 88' lang='lat' dir='ltr'><strong>id</strong></span> <span class='ocrx_word' id='word_1_451' title='bbox 3688 2366 3799 2426; x_wconf 84' lang='lat' dir='ltr'><strong>est,</strong></span> 
     </span>
    </p>
   </div>
   <div class='ocr_carea' id='block_1_53' title="bbox 2222 2447 3809 2521">
    <p class='ocr_par' dir='ltr' id='par_1_53' title="bbox 2222 2447 3809 2521">
     <span class='ocr_line' id='line_1_53' title="bbox 2222 2447 3809 2521; baseline 0.003 -19"><span class='ocrx_word' id='word_1_452' title='bbox 2222 2461 2380 2502; x_wconf 89' lang='lat' dir='ltr'><strong>verus</strong></span> <span class='ocrx_word' id='word_1_453' title='bbox 2408 2447 2590 2514; x_wconf 87' lang='lat' dir='ltr'><strong>homo,</strong></span> <span class='ocrx_word' id='word_1_454' title='bbox 2622 2462 2721 2518; x_wconf 93' lang='lat' dir='ltr'><strong>per</strong></span> <span class='ocrx_word' id='word_1_455' title='bbox 2746 2462 2945 2518; x_wconf 91' lang='lat' dir='ltr'><strong>corpus</strong></span> <span class='ocrx_word' id='word_1_456' title='bbox 2972 2448 3151 2518; x_wconf 90' lang='lat' dir='ltr'><strong>potius</strong></span> <span class='ocrx_word' id='word_1_457' title='bbox 3177 2463 3338 2518; x_wconf 87' lang='lat' dir='ltr'><strong>quam</strong></span> <span class='ocrx_word' id='word_1_458' title='bbox 3366 2464 3466 2521; x_wconf 87' lang='lat' dir='ltr'><strong>per</strong></span> <span class='ocrx_word' id='word_1_459' title='bbox 3488 2465 3549 2506; x_wconf 85' lang='lat' dir='ltr'><strong>se</strong></span> <span class='ocrx_word' id='word_1_460' title='bbox 3588 2465 3809 2521; x_wconf 58' lang='lat' dir='ltr'><strong>quaera-</strong></span> 
     </span>
    </p>
   </div>
   <div class='ocr_carea' id='block_1_54' title="bbox 2223 2537 3814 2616">
    <p class='ocr_par' dir='ltr' id='par_1_54' title="bbox 2223 2537 3814 2616">
     <span class='ocr_line' id='line_1_54' title="bbox 2223 2537 3814 2616; baseline 0.005 -24"><span class='ocrx_word' id='word_1_461' title='bbox 2223 2546 2330 2594; x_wconf 86' lang='lat' dir='ltr'><strong>tur.</strong></span> <span class='ocrx_word' id='word_1_462' title='bbox 2361 2537 2463 2594; x_wconf 85' lang='lat' dir='ltr'><strong>Per</strong></span> <span class='ocrx_word' id='word_1_463' title='bbox 2490 2554 2550 2595; x_wconf 90' lang='lat' dir='ltr'><strong>se</strong></span> <span class='ocrx_word' id='word_1_464' title='bbox 2573 2548 2751 2595; x_wconf 87' lang='lat' dir='ltr'><strong>autem</strong></span> <span class='ocrx_word' id='word_1_465' title='bbox 2777 2540 3035 2609; x_wconf 69' lang='lat' dir='ltr'><strong>qumritur</strong></span> <span class='ocrx_word' id='word_1_466' title='bbox 3056 2552 3219 2611; x_wconf 86' lang='lat' dir='ltr'><strong>atque</strong></span> <span class='ocrx_word' id='word_1_467' title='bbox 3245 2545 3611 2613; x_wconf 88' lang='lat' dir='ltr'><strong>cognoscitur,</strong></span> <span class='ocrx_word' id='word_1_468' title='bbox 3639 2545 3686 2599; x_wconf 88' lang='lat' dir='ltr'><strong>si</strong></span> <span class='ocrx_word' id='word_1_469' title='bbox 3712 2559 3814 2616; x_wconf 76' lang='lat' dir='ltr'><strong>per</strong></span> 
     </span>
    </p>
   </div>
   <div class='ocr_carea' id='block_1_55' title="bbox 2223 2629 3820 2703">
    <p class='ocr_par' dir='ltr' id='par_1_55' title="bbox 2223 2629 3820 2703">
     <span class='ocr_line' id='line_1_55' title="bbox 2223 2629 3820 2703; baseline 0.006 -19"><span class='ocrx_word' id='word_1_470' title='bbox 2223 2629 2515 2699; x_wconf 89' lang='lat' dir='ltr'><strong>imaginem</strong></span> <span class='ocrx_word' id='word_1_471' title='bbox 2562 2631 2658 2686; x_wconf 89' lang='lat' dir='ltr'><strong>Dei</strong></span> <span class='ocrx_word' id='word_1_472' title='bbox 2703 2632 2980 2702; x_wconf 70' lang='lat' dir='ltr'><strong>qumritur.</strong></span> <span class='ocrx_word' id='word_1_473' title='bbox 3030 2632 3211 2703; x_wconf 81' lang='lat' dir='ltr'><strong>Imago</strong></span> <span class='ocrx_word' id='word_1_474' title='bbox 3257 2643 3438 2692; x_wconf 83' lang='lat' dir='ltr'><strong>autem</strong></span> <span class='ocrx_word' id='word_1_475' title='bbox 3487 2637 3606 2703; x_wconf 86' lang='lat' dir='ltr'><strong>Dei,</strong></span> <span class='ocrx_word' id='word_1_476' title='bbox 3637 2639 3820 2694; x_wconf 85' lang='lat' dir='ltr'><strong>omnis</strong></span> 
     </span>
    </p>
   </div>
   <div class='ocr_carea' id='block_1_56' title="bbox 2222 2719 3819 2799">
    <p class='ocr_par' dir='ltr' id='par_1_56' title="bbox 2222 2719 3819 2799">
     <span class='ocr_line' id='line_1_56' title="bbox 2222 2719 3819 2799; baseline 0.008 -25"><span class='ocrx_word' id='word_1_477' title='bbox 2222 2719 2398 2775; x_wconf 88' lang='lat' dir='ltr'><strong>anima</strong></span> <span class='ocrx_word' id='word_1_478' title='bbox 2428 2721 2710 2777; x_wconf 87' lang='lat' dir='ltr'><strong>rationalis</strong></span> <span class='ocrx_word' id='word_1_479' title='bbox 2736 2731 2839 2778; x_wconf 92' lang='lat' dir='ltr'><strong>est.</strong></span> <span class='ocrx_word' id='word_1_480' title='bbox 2889 2721 3122 2779; x_wconf 88' lang='lat' dir='ltr'><strong>Proinde</strong></span> <span class='ocrx_word' id='word_1_481' title='bbox 3165 2726 3258 2794; x_wconf 89' lang='lat' dir='ltr'><strong>qui</strong></span> <span class='ocrx_word' id='word_1_482' title='bbox 3299 2741 3359 2782; x_wconf 87' lang='lat' dir='ltr'><strong>se</strong></span> <span class='ocrx_word' id='word_1_483' title='bbox 3398 2728 3691 2799; x_wconf 87' lang='lat' dir='ltr'><strong>imaginem</strong></span> <span class='ocrx_word' id='word_1_484' title='bbox 3719 2730 3819 2787; x_wconf 85' lang='lat' dir='ltr'><strong>Dei</strong></span> 
     </span>
    </p>
   </div>
   <div class='ocr_carea' id='block_1_57' title="bbox 2221 2814 3817 2893">
    <p class='ocr_par' dir='ltr' id='par_1_57' title="bbox 2221 2814 3817 2893">
     <span class='ocr_line' id='line_1_57' title="bbox 2221 2814 3817 2893; baseline 0.007 -25"><span class='ocrx_word' id='word_1_485' title='bbox 2221 2814 2433 2883; x_wconf 63' lang='lat' dir='ltr'><strong>quaarit,</strong></span> <span class='ocrx_word' id='word_1_486' title='bbox 2463 2822 2573 2869; x_wconf 86' lang='lat' dir='ltr'><strong>tam</strong></span> <span class='ocrx_word' id='word_1_487' title='bbox 2599 2829 2659 2871; x_wconf 91' lang='lat' dir='ltr'><strong>se</strong></span> <span class='ocrx_word' id='word_1_488' title='bbox 2686 2831 2848 2887; x_wconf 86' lang='lat' dir='ltr'><strong>quam</strong></span> <span class='ocrx_word' id='word_1_489' title='bbox 2875 2817 3180 2888; x_wconf 80' lang='lat' dir='ltr'><strong>proximum</strong></span> <span class='ocrx_word' id='word_1_490' title='bbox 3198 2821 3419 2889; x_wconf 67' lang='lat' dir='ltr'><strong>quaerit.</strong></span> <span class='ocrx_word' id='word_1_491' title='bbox 3453 2820 3523 2876; x_wconf 87' lang='lat' dir='ltr'><strong>Et</strong></span> <span class='ocrx_word' id='word_1_492' title='bbox 3549 2824 3643 2893; x_wconf 89' lang='lat' dir='ltr'><strong>qui</strong></span> <span class='ocrx_word' id='word_1_493' title='bbox 3664 2823 3817 2879; x_wconf 85' lang='lat' dir='ltr'><strong>illam</strong></span> 
     </span>
    </p>
   </div>
   <div class='ocr_carea' id='block_1_58' title="bbox 2222 2905 3821 2987">
    <p class='ocr_par' dir='ltr' id='par_1_58' title="bbox 2222 2905 3821 2987">
     <span class='ocr_line' id='line_1_58' title="bbox 2222 2905 3821 2987; baseline 0.009 -27"><span class='ocrx_word' id='word_1_494' title='bbox 2222 2905 2277 2960; x_wconf 90' lang='lat' dir='ltr'><strong>in</strong></span> <span class='ocrx_word' id='word_1_495' title='bbox 2298 2921 2361 2962; x_wconf 88' lang='lat' dir='ltr'><strong>se</strong></span> <span class='ocrx_word' id='word_1_496' title='bbox 2386 2908 2677 2987; x_wconf 68' lang='lat' dir='ltr'><strong>quaerendo</strong></span> <span class='ocrx_word' id='word_1_497' title='bbox 2705 2912 3037 2981; x_wconf 82' lang='lat' dir='ltr'><strong>cognoverit,</strong></span> <span class='ocrx_word' id='word_1_498' title='bbox 3068 2912 3123 2968; x_wconf 92' lang='lat' dir='ltr'><strong>in</strong></span> <span class='ocrx_word' id='word_1_499' title='bbox 3151 2913 3297 2968; x_wconf 89' lang='lat' dir='ltr'><strong>omni</strong></span> <span class='ocrx_word' id='word_1_500' title='bbox 3320 2914 3565 2971; x_wconf 84' lang='lat' dir='ltr'><strong>eamdem</strong></span> <span class='ocrx_word' id='word_1_501' title='bbox 3586 2915 3821 2975; x_wconf 86' lang='lat' dir='ltr'><strong>homine</strong></span> 
     </span>
    </p>
   </div>
   <div class='ocr_carea' id='block_1_59' title="bbox 2221 2998 3814 3068">
    <p class='ocr_par' dir='ltr' id='par_1_59' title="bbox 2221 2998 3814 3068">
     <span class='ocr_line' id='line_1_59' title="bbox 2221 2998 3814 3068; baseline 0.011 -18"><span class='ocrx_word' id='word_1_502' title='bbox 2221 2998 2577 3067; x_wconf 89' lang='lat' dir='ltr'><strong>recognoscit.</strong></span> <span class='ocrx_word' id='word_1_503' title='bbox 2628 2999 2709 3056; x_wconf 90' lang='lat' dir='ltr'><strong>Tu</strong></span> <span class='ocrx_word' id='word_1_504' title='bbox 2745 3009 2926 3058; x_wconf 87' lang='lat' dir='ltr'><strong>autem</strong></span> <span class='ocrx_word' id='word_1_505' title='bbox 2972 3019 3079 3059; x_wconf 93' lang='lat' dir='ltr'><strong>non</strong></span> <span class='ocrx_word' id='word_1_506' title='bbox 3122 3004 3392 3062; x_wconf 90' lang='lat' dir='ltr'><strong>immerito</strong></span> <span class='ocrx_word' id='word_1_507' title='bbox 3416 3021 3605 3064; x_wconf 85' lang='lat' dir='ltr'><strong>carum</strong></span> <span class='ocrx_word' id='word_1_508' title='bbox 3653 3020 3814 3068; x_wconf 86' lang='lat' dir='ltr'><strong>tuum</strong></span> 
     </span>
    </p>
   </div>
   <div class='ocr_carea' id='block_1_60' title="bbox 2222 3088 3807 3174">
    <p class='ocr_par' dir='ltr' id='par_1_60' title="bbox 2222 3088 3807 3174">
     <span class='ocr_line' id='line_1_60' title="bbox 2222 3088 3807 3174; baseline 0.011 -32"><span class='ocrx_word' id='word_1_509' title='bbox 2222 3088 2497 3145; x_wconf 88' lang='lat' dir='ltr'><strong>absentem</strong></span> <span class='ocrx_word' id='word_1_510' title='bbox 2525 3099 2579 3147; x_wconf 89' lang='lat' dir='ltr'><strong>te</strong></span> <span class='ocrx_word' id='word_1_511' title='bbox 2606 3091 2808 3149; x_wconf 82' lang='lat' dir='ltr'><strong>habere</strong></span> <span class='ocrx_word' id='word_1_512' title='bbox 2833 3095 3100 3162; x_wconf 86' lang='lat' dir='ltr'><strong>causaris,</strong></span> <span class='ocrx_word' id='word_1_513' title='bbox 3133 3096 3186 3152; x_wconf 94' lang='lat' dir='ltr'><strong>in</strong></span> <span class='ocrx_word' id='word_1_514' title='bbox 3230 3111 3341 3167; x_wconf 90' lang='lat' dir='ltr'><strong>quo</strong></span> <span class='ocrx_word' id='word_1_515' title='bbox 3383 3114 3579 3172; x_wconf 81' lang='lat' dir='ltr'><strong>corpus</strong></span> <span class='ocrx_word' id='word_1_516' title='bbox 3602 3102 3807 3174; x_wconf 69' lang='lat' dir='ltr'><strong>diligB.</strong></span> 
     </span>
    </p>
   </div>
   <div class='ocr_carea' id='block_1_61' title="bbox 545 3168 3814 3274">
    <p class='ocr_par' dir='ltr' id='par_1_61' title="bbox 545 3168 3814 3274">
     <span class='ocr_line' id='line_1_61' title="bbox 545 3168 3814 3274; baseline 0.007 -43"><span class='ocrx_word' id='word_1_517' title='bbox 545 3175 897 3232; x_wconf 91' lang='lat' dir='ltr'><strong>militudinem</strong></span> <span class='ocrx_word' id='word_1_518' title='bbox 920 3178 1165 3248; x_wconf 91' lang='lat' dir='ltr'><strong>corporei</strong></span> <span class='ocrx_word' id='word_1_519' title='bbox 1196 3179 1380 3234; x_wconf 89' lang='lat' dir='ltr'><strong>mundi</strong></span> <span class='ocrx_word' id='word_1_520' title='bbox 1402 3179 1524 3235; x_wconf 83' lang='lat' dir='ltr'><strong>facti</strong></span> <span class='ocrx_word' id='word_1_521' title='bbox 1547 3195 1749 3246; x_wconf 90' lang='lat' dir='ltr'><strong>sumus,</strong></span> <span class='ocrx_word' id='word_1_522' title='bbox 1775 3168 2121 3252; x_wconf 70' lang='lat' dir='ltr'><strong>incorporeos</strong></span> <span class='ocrx_word' id='word_1_523' title='bbox 2224 3180 2334 3238; x_wconf 86' lang='lat' dir='ltr'><strong>Nec</strong></span> <span class='ocrx_word' id='word_1_524' title='bbox 2359 3182 2504 3239; x_wconf 90' lang='lat' dir='ltr'><strong>aliud</strong></span> <span class='ocrx_word' id='word_1_525' title='bbox 2530 3199 2691 3256; x_wconf 92' lang='lat' dir='ltr'><strong>quam</strong></span> <span class='ocrx_word' id='word_1_526' title='bbox 2719 3192 2916 3258; x_wconf 80' lang='lat' dir='ltr'><strong>corpus</strong></span> <span class='ocrx_word' id='word_1_527' title='bbox 2943 3188 3164 3258; x_wconf 86' lang='lat' dir='ltr'><strong>diligere</strong></span> <span class='ocrx_word' id='word_1_528' title='bbox 3207 3191 3262 3245; x_wconf 90' lang='lat' dir='ltr'><strong>in</strong></span> <span class='ocrx_word' id='word_1_529' title='bbox 3305 3192 3399 3248; x_wconf 92' lang='lat' dir='ltr'><strong>illo</strong></span> <span class='ocrx_word' id='word_1_530' title='bbox 3436 3168 3612 3264; x_wconf 71' lang='lat' dir='ltr'><strong>potes,</strong></span> <span class='ocrx_word' id='word_1_531' title='bbox 3642 3168 3814 3268; x_wconf 73' lang='lat' dir='ltr'><strong>quem</strong></span> 
     </span>
    </p>
   </div>
   <div class='ocr_carea' id='block_1_62' title="bbox 545 3271 2122 3346">
    <p class='ocr_par' dir='ltr' id='par_1_62' title="bbox 545 3271 2122 3346">
     <span class='ocr_line' id='line_1_62' title="bbox 545 3271 2122 3346; baseline 0.006 -26"><span class='ocrx_word' id='word_1_532' title='bbox 545 3281 642 3321; x_wconf 90' lang='lat' dir='ltr'><strong>nos</strong></span> <span class='ocrx_word' id='word_1_533' title='bbox 666 3283 786 3323; x_wconf 88' lang='lat' dir='ltr'><strong>esse</strong></span> <span class='ocrx_word' id='word_1_534' title='bbox 809 3283 1214 3339; x_wconf 88' lang='lat' dir='ltr'><strong>cognoscamus,</strong></span> <span class='ocrx_word' id='word_1_535' title='bbox 1242 3286 1349 3327; x_wconf 92' lang='lat' dir='ltr'><strong>non</strong></span> <span class='ocrx_word' id='word_1_536' title='bbox 1374 3272 1546 3326; x_wconf 91' lang='lat' dir='ltr'><strong>solum</strong></span> <span class='ocrx_word' id='word_1_537' title='bbox 1574 3273 1698 3343; x_wconf 88' lang='lat' dir='ltr'><strong>quia</strong></span> <span class='ocrx_word' id='word_1_538' title='bbox 1727 3271 1840 3328; x_wconf 90' lang='lat' dir='ltr'><strong>Deo</strong></span> <span class='ocrx_word' id='word_1_539' title='bbox 1870 3274 2122 3346; x_wconf 88' lang='lat' dir='ltr'><strong>incorpo-</strong></span> 
     </span>
    </p>
   </div>
   <div class='ocr_carea' id='block_1_63' title="bbox 544 3359 2123 3432">
    <p class='ocr_par' dir='ltr' id='par_1_63' title="bbox 544 3359 2123 3432">
     <span class='ocr_line' id='line_1_63' title="bbox 544 3359 2123 3432; baseline 0.004 -21"><span class='ocrx_word' id='word_1_540' title='bbox 544 3370 638 3412; x_wconf 89' lang='lat' dir='ltr'><strong>reo</strong></span> <span class='ocrx_word' id='word_1_541' title='bbox 662 3359 863 3415; x_wconf 89' lang='lat' dir='ltr'><strong>similes</strong></span> <span class='ocrx_word' id='word_1_542' title='bbox 890 3375 1099 3430; x_wconf 88' lang='lat' dir='ltr'><strong>sumus,</strong></span> <span class='ocrx_word' id='word_1_543' title='bbox 1131 3359 1227 3417; x_wconf 91' lang='lat' dir='ltr'><strong>sed</strong></span> <span class='ocrx_word' id='word_1_544' title='bbox 1265 3361 1429 3417; x_wconf 89' lang='lat' dir='ltr'><strong>etiam</strong></span> <span class='ocrx_word' id='word_1_545' title='bbox 1467 3361 1592 3431; x_wconf 88' lang='lat' dir='ltr'><strong>quia</strong></span> <span class='ocrx_word' id='word_1_546' title='bbox 1631 3377 1896 3432; x_wconf 90' lang='lat' dir='ltr'><strong>corporeo</strong></span> <span class='ocrx_word' id='word_1_547' title='bbox 1925 3363 2123 3418; x_wconf 93' lang='lat' dir='ltr'><strong>mundo</strong></span> 
     </span>
    </p>
   </div>
   <div class='ocr_carea' id='block_1_64' title="bbox 544 3449 842 3508">
    <p class='ocr_par' dir='ltr' id='par_1_64' title="bbox 544 3449 842 3508">
     <span class='ocr_line' id='line_1_64' title="bbox 544 3449 842 3508; baseline 0.003 -3"><span class='ocrx_word' id='word_1_548' title='bbox 544 3449 842 3508; x_wconf 83' lang='lat' dir='ltr'><strong>dissimiles.</strong></span> 
     </span>
    </p>
   </div>
   <div class='ocr_carea' id='block_1_65' title="bbox 1088 3540 1562 3600">
    <p class='ocr_par' dir='ltr' id='par_1_65' title="bbox 1088 3540 1562 3600">
     <span class='ocr_line' id='line_1_65' title="bbox 1088 3540 1562 3600; baseline 0 -2"><span class='ocrx_word' id='word_1_549' title='bbox 1088 3541 1316 3600; x_wconf 79' lang='lat' dir='ltr'><strong>CAPUT</strong></span> <span class='ocrx_word' id='word_1_550' title='bbox 1352 3540 1562 3600; x_wconf 79' lang='lat' dir='ltr'><strong>XXVII.</strong></span> 
     </span>
    </p>
   </div>
   <div class='ocr_carea' id='block_1_66' title="bbox 546 3631 2124 3708">
    <p class='ocr_par' dir='ltr' id='par_1_66' title="bbox 546 3631 2124 3708">
     <span class='ocr_line' id='line_1_66' title="bbox 546 3631 2124 3708; baseline 0.003 -20"><span class='ocrx_word' id='word_1_551' title='bbox 546 3631 695 3698; x_wconf 79' lang='lat' dir='ltr'><strong>Quod</strong></span> <span class='ocrx_word' id='word_1_552' title='bbox 746 3634 953 3706; x_wconf 79' lang='lat' dir='ltr'><strong>quilibet</strong></span> <span class='ocrx_word' id='word_1_553' title='bbox 1008 3634 1189 3690; x_wconf 78' lang='lat' dir='ltr'><strong>absens</strong></span> <span class='ocrx_word' id='word_1_554' title='bbox 1246 3653 1460 3708; x_wconf 79' lang='lat' dir='ltr'><strong>corpore</strong></span> <span class='ocrx_word' id='word_1_555' title='bbox 1518 3653 1692 3691; x_wconf 86' lang='lat' dir='ltr'><strong>carum</strong></span> <span class='ocrx_word' id='word_1_556' title='bbox 1750 3653 1893 3691; x_wconf 82' lang='lat' dir='ltr'><strong>suum</strong></span> <span class='ocrx_word' id='word_1_557' title='bbox 1955 3647 2124 3693; x_wconf 82' lang='lat' dir='ltr'><strong>mente</strong></span> 
     </span>
    </p>
   </div>
   <div class='ocr_carea' id='block_1_67' title="bbox 808 3707 1424 3761">
    <p class='ocr_par' dir='ltr' id='par_1_67' title="bbox 808 3707 1424 3761">
     <span class='ocr_line' id='line_1_67' title="bbox 808 3707 1424 3761; baseline -0.006 3"><span class='ocrx_word' id='word_1_558' title='bbox 808 3712 815 3719; x_wconf 55' lang='lat'><strong><em>’</em></strong></span> <span class='ocrx_word' id='word_1_559' title='bbox 1235 3707 1424 3761; x_wconf 71' lang='lat' dir='ltr'><strong>rideat.</strong></span> 
     </span>
    </p>
   </div>
   <div class='ocr_carea' id='block_1_68' title="bbox 614 3816 2122 3877">
    <p class='ocr_par' dir='ltr' id='par_1_68' title="bbox 614 3816 2122 3877">
     <span class='ocr_line' id='line_1_68' title="bbox 614 3816 2122 3877; baseline 0.003 -4"><span class='ocrx_word' id='word_1_560' title='bbox 614 3816 753 3874; x_wconf 86' lang='lat' dir='ltr'><strong>Ecce</strong></span> <span class='ocrx_word' id='word_1_561' title='bbox 777 3818 845 3875; x_wconf 88' lang='lat' dir='ltr'><strong>de</strong></span> <span class='ocrx_word' id='word_1_562' title='bbox 868 3826 1011 3875; x_wconf 85' lang='lat' dir='ltr'><strong>statu</strong></span> <span class='ocrx_word' id='word_1_563' title='bbox 1038 3819 1119 3875; x_wconf 88' lang='lat' dir='ltr'><strong>vel</strong></span> <span class='ocrx_word' id='word_1_564' title='bbox 1147 3820 1355 3877; x_wconf 88' lang='lat' dir='ltr'><strong>visione</strong></span> <span class='ocrx_word' id='word_1_565' title='bbox 1395 3820 1675 3877; x_wconf 88' lang='lat' dir='ltr'><strong>rationalis</strong></span> <span class='ocrx_word' id='word_1_566' title='bbox 1714 3821 1904 3877; x_wconf 75' lang='lat' dir='ltr'><strong>anima:</strong></span> <span class='ocrx_word' id='word_1_567' title='bbox 1946 3821 2122 3877; x_wconf 90' lang='lat' dir='ltr'><strong>inlini-</strong></span> 
     </span>
    </p>
   </div>
   <div class='ocr_carea' id='block_1_69' title="bbox 546 3910 2121 3980">
    <p class='ocr_par' dir='ltr' id='par_1_69' title="bbox 546 3910 2121 3980">
     <span class='ocr_line' id='line_1_69' title="bbox 546 3910 2121 3980; baseline 0.003 -17"><span class='ocrx_word' id='word_1_568' title='bbox 546 3915 718 3963; x_wconf 89' lang='lat' dir='ltr'><strong>tarum</strong></span> <span class='ocrx_word' id='word_1_569' title='bbox 763 3923 863 3980; x_wconf 91' lang='lat' dir='ltr'><strong>pro</strong></span> <span class='ocrx_word' id='word_1_570' title='bbox 904 3910 1214 3979; x_wconf 65' lang='lat' dir='ltr'><strong>qurcstiouis</strong></span> <span class='ocrx_word' id='word_1_571' title='bbox 1252 3910 1618 3980; x_wconf 90' lang='lat' dir='ltr'><strong>magnitudine</strong></span> <span class='ocrx_word' id='word_1_572' title='bbox 1645 3912 1935 3978; x_wconf 87' lang='lat' dir='ltr'><strong>rationum,</strong></span> <span class='ocrx_word' id='word_1_573' title='bbox 1966 3915 2121 3969; x_wconf 87' lang='lat' dir='ltr'><strong>tactis</strong></span> 
     </span>
    </p>
   </div>
   <div class='ocr_carea' id='block_1_70' title="bbox 544 3986 2117 4073">
    <p class='ocr_par' dir='ltr' id='par_1_70' title="bbox 544 3986 2117 4073">
     <span class='ocr_line' id='line_1_70' title="bbox 544 3986 2117 4073; baseline 0.004 -21"><span class='ocrx_word' id='word_1_574' title='bbox 544 3996 778 4053; x_wconf 89' lang='lat' dir='ltr'><strong>breviter</strong></span> <span class='ocrx_word' id='word_1_575' title='bbox 821 3986 1001 4070; x_wconf 76' lang='lat' dir='ltr'><strong>potius</strong></span> <span class='ocrx_word' id='word_1_576' title='bbox 1046 3993 1223 4055; x_wconf 78' lang='lat' dir='ltr'><strong>causis</strong></span> <span class='ocrx_word' id='word_1_577' title='bbox 1260 4015 1420 4070; x_wconf 87' lang='lat' dir='ltr'><strong>quam</strong></span> <span class='ocrx_word' id='word_1_578' title='bbox 1459 4002 1590 4058; x_wconf 90' lang='lat' dir='ltr'><strong>satis</strong></span> <span class='ocrx_word' id='word_1_579' title='bbox 1635 4017 1803 4073; x_wconf 87' lang='lat' dir='ltr'><strong>usque</strong></span> <span class='ocrx_word' id='word_1_580' title='bbox 1846 4004 2117 4072; x_wconf 86' lang='lat' dir='ltr'><strong>discussis,</strong></span> 
     </span>
    </p>
   </div>
   <div class='ocr_carea' id='block_1_71' title="bbox 544 4089 2117 4171">
    <p class='ocr_par' dir='ltr' id='par_1_71' title="bbox 544 4089 2117 4171">
     <span class='ocr_line' id='line_1_71' title="bbox 544 4089 2117 4171; baseline 0.008 -29"><span class='ocrx_word' id='word_1_581' title='bbox 544 4089 776 4145; x_wconf 87' lang='lat' dir='ltr'><strong>arbitror</strong></span> <span class='ocrx_word' id='word_1_582' title='bbox 794 4106 880 4146; x_wconf 90' lang='lat' dir='ltr'><strong>me</strong></span> <span class='ocrx_word' id='word_1_583' title='bbox 906 4092 975 4148; x_wconf 91' lang='lat' dir='ltr'><strong>de</strong></span> <span class='ocrx_word' id='word_1_584' title='bbox 1001 4093 1309 4152; x_wconf 89' lang='lat' dir='ltr'><strong>illocalitate</strong></span> <span class='ocrx_word' id='word_1_585' title='bbox 1347 4106 1507 4168; x_wconf 90' lang='lat' dir='ltr'><strong>atque</strong></span> <span class='ocrx_word' id='word_1_586' title='bbox 1538 4100 1971 4171; x_wconf 89' lang='lat' dir='ltr'><strong>incorporalitate</strong></span> <span class='ocrx_word' id='word_1_587' title='bbox 1999 4100 2117 4155; x_wconf 91' lang='lat' dir='ltr'><strong>ani-</strong></span> 
     </span>
    </p>
   </div>
   <div class='ocr_carea' id='block_1_72' title="bbox 545 4182 2121 4262">
    <p class='ocr_par' dir='ltr' id='par_1_72' title="bbox 545 4182 2121 4262">
     <span class='ocr_line' id='line_1_72' title="bbox 545 4182 2121 4262; baseline 0.009 -28"><span class='ocrx_word' id='word_1_588' title='bbox 545 4196 644 4235; x_wconf 70' lang='lat' dir='ltr'><strong>mze</strong></span> <span class='ocrx_word' id='word_1_589' title='bbox 670 4182 938 4240; x_wconf 82' lang='lat' dir='ltr'><strong>sulliciens</strong></span> <span class='ocrx_word' id='word_1_590' title='bbox 965 4185 1177 4242; x_wconf 85' lang='lat' dir='ltr'><strong>dedisse</strong></span> <span class='ocrx_word' id='word_1_591' title='bbox 1213 4204 1546 4259; x_wconf 87' lang='lat' dir='ltr'><strong>responsum.</strong></span> <span class='ocrx_word' id='word_1_592' title='bbox 1583 4190 1662 4247; x_wconf 87' lang='lat' dir='ltr'><strong>Tu</strong></span> <span class='ocrx_word' id='word_1_593' title='bbox 1693 4208 1833 4248; x_wconf 90' lang='lat' dir='ltr'><strong>nunc</strong></span> <span class='ocrx_word' id='word_1_594' title='bbox 1863 4194 1934 4247; x_wconf 86' lang='lat' dir='ltr'><strong>ita</strong></span> <span class='ocrx_word' id='word_1_595' title='bbox 1963 4192 2121 4262; x_wconf 89' lang='lat' dir='ltr'><strong>longe</strong></span> 
     </span>
    </p>
   </div>
   <div class='ocr_carea' id='block_1_73' title="bbox 545 4271 2121 4359">
    <p class='ocr_par' dir='ltr' id='par_1_73' title="bbox 545 4271 2121 4359">
     <span class='ocr_line' id='line_1_73' title="bbox 545 4271 2121 4359; baseline 0.008 -35"><span class='ocrx_word' id='word_1_596' title='bbox 545 4271 851 4341; x_wconf 86' lang='lat' dir='ltr'><strong>disparilem</strong></span> <span class='ocrx_word' id='word_1_597' title='bbox 905 4274 1147 4344; x_wconf 84' lang='lat' dir='ltr'><strong>infraque</strong></span> <span class='ocrx_word' id='word_1_598' title='bbox 1198 4279 1428 4348; x_wconf 89' lang='lat' dir='ltr'><strong>positam</strong></span> <span class='ocrx_word' id='word_1_599' title='bbox 1484 4280 1762 4337; x_wconf 90' lang='lat' dir='ltr'><strong>evidenter</strong></span> <span class='ocrx_word' id='word_1_600' title='bbox 1819 4282 2121 4359; x_wconf 77' lang='lat' dir='ltr'><strong>intelligens</strong></span> 
     </span>
    </p>
   </div>
   <div class='ocr_carea' id='block_1_74' title="bbox 545 4365 2121 4445">
    <p class='ocr_par' dir='ltr' id='par_1_74' title="bbox 545 4365 2121 4445">
     <span class='ocr_line' id='line_1_74' title="bbox 545 4365 2121 4445; baseline 0.01 -30"><span class='ocrx_word' id='word_1_601' title='bbox 545 4376 860 4419; x_wconf 81' lang='lat' dir='ltr'><strong>corpoream</strong></span> <span class='ocrx_word' id='word_1_602' title='bbox 898 4365 1183 4434; x_wconf 89' lang='lat' dir='ltr'><strong>visionem,</strong></span> <span class='ocrx_word' id='word_1_603' title='bbox 1227 4385 1335 4425; x_wconf 91' lang='lat' dir='ltr'><strong>nou</strong></span> <span class='ocrx_word' id='word_1_604' title='bbox 1364 4369 1588 4428; x_wconf 89' lang='lat' dir='ltr'><strong>ulterius</strong></span> <span class='ocrx_word' id='word_1_605' title='bbox 1633 4373 1738 4429; x_wconf 89' lang='lat' dir='ltr'><strong>isto</strong></span> <span class='ocrx_word' id='word_1_606' title='bbox 1773 4373 1995 4445; x_wconf 89' lang='lat' dir='ltr'><strong>jacteris</strong></span> <span class='ocrx_word' id='word_1_607' title='bbox 2041 4376 2121 4430; x_wconf 92' lang='lat' dir='ltr'><strong>in-</strong></span> 
     </span>
    </p>
   </div>
   <div class='ocr_carea' id='block_1_75' title="bbox 675 4523 943 4581">
    <p class='ocr_par' dir='ltr' id='par_1_75' title="bbox 675 4523 943 4581">
     <span class='ocr_line' id='line_1_75' title="bbox 675 4523 943 4581; baseline 0.007 -2"><span class='ocrx_word' id='word_1_608' title='bbox 675 4523 759 4579; x_wconf 83' lang='lat' dir='ltr'><strong>Al.</strong></span> <span class='ocrx_word' id='word_1_609' title='bbox 789 4534 943 4581; x_wconf 74' lang='lat' dir='ltr'><strong>totus.</strong></span> 
     </span>
    </p>
   </div>
   <div class='ocr_carea' id='block_1_76' title="bbox 2224 3275 3814 3354">
    <p class='ocr_par' dir='ltr' id='par_1_76' title="bbox 2224 3275 3814 3354">
     <span class='ocr_line' id='line_1_76' title="bbox 2224 3275 3814 3354; baseline 0.01 -26"><span class='ocrx_word' id='word_1_610' title='bbox 2224 3288 2332 3328; x_wconf 92' lang='lat' dir='ltr'><strong>non</strong></span> <span class='ocrx_word' id='word_1_611' title='bbox 2359 3275 2532 3330; x_wconf 89' lang='lat' dir='ltr'><strong>credis</strong></span> <span class='ocrx_word' id='word_1_612' title='bbox 2559 3291 2680 3332; x_wconf 90' lang='lat' dir='ltr'><strong>esse</strong></span> <span class='ocrx_word' id='word_1_613' title='bbox 2709 3277 2809 3333; x_wconf 90' lang='lat' dir='ltr'><strong>nisi</strong></span> <span class='ocrx_word' id='word_1_614' title='bbox 2838 3293 3055 3349; x_wconf 89' lang='lat' dir='ltr'><strong>corpus.</strong></span> <span class='ocrx_word' id='word_1_615' title='bbox 3100 3279 3270 3349; x_wconf 83' lang='lat' dir='ltr'><strong>Dilige</strong></span> <span class='ocrx_word' id='word_1_616' title='bbox 3297 3282 3486 3354; x_wconf 87' lang='lat' dir='ltr'><strong>Deum</strong></span> <span class='ocrx_word' id='word_1_617' title='bbox 3512 3293 3683 3354; x_wconf 87' lang='lat' dir='ltr'><strong>tuum,</strong></span> <span class='ocrx_word' id='word_1_618' title='bbox 3729 3287 3814 3343; x_wconf 82' lang='lat' dir='ltr'><strong>di-</strong></span> 
     </span>
    </p>
   </div>
   <div class='ocr_carea' id='block_1_77' title="bbox 2223 3352 3815 3443">
    <p class='ocr_par' dir='ltr' id='par_1_77' title="bbox 2223 3352 3815 3443">
     <span class='ocr_line' id='line_1_77' title="bbox 2223 3352 3815 3443; baseline 0.014 -29"><span class='ocrx_word' id='word_1_619' title='bbox 2223 3360 2327 3431; x_wconf 89' lang='lat' dir='ltr'><strong>lige</strong></span> <span class='ocrx_word' id='word_1_620' title='bbox 2356 3363 2410 3419; x_wconf 92' lang='lat' dir='ltr'><strong>in</strong></span> <span class='ocrx_word' id='word_1_621' title='bbox 2435 3363 2548 3422; x_wconf 90' lang='lat' dir='ltr'><strong>Deo</strong></span> <span class='ocrx_word' id='word_1_622' title='bbox 2586 3372 2677 3421; x_wconf 92' lang='lat' dir='ltr'><strong>tuo</strong></span> <span class='ocrx_word' id='word_1_623' title='bbox 2716 3364 2902 3423; x_wconf 69' lang='lat' dir='ltr'><strong>ca&#39;rum</strong></span> <span class='ocrx_word' id='word_1_624' title='bbox 2944 3377 3123 3436; x_wconf 90' lang='lat' dir='ltr'><strong>tuum,</strong></span> <span class='ocrx_word' id='word_1_625' title='bbox 3150 3352 3438 3443; x_wconf 82' lang='lat' dir='ltr'><strong>imaginem</strong></span> <span class='ocrx_word' id='word_1_626' title='bbox 3464 3374 3559 3432; x_wconf 90' lang='lat' dir='ltr'><strong>Dei</strong></span> <span class='ocrx_word' id='word_1_627' title='bbox 3590 3352 3688 3434; x_wconf 76' lang='lat' dir='ltr'><strong>tui.</strong></span> <span class='ocrx_word' id='word_1_628' title='bbox 3713 3377 3815 3437; x_wconf 81' lang='lat' dir='ltr'><strong>Illo</strong></span> 
     </span>
    </p>
   </div>
   <div class='ocr_carea' id='block_1_78' title="bbox 2226 3455 3810 3537">
    <p class='ocr_par' dir='ltr' id='par_1_78' title="bbox 2226 3455 3810 3537">
     <span class='ocr_line' id='line_1_78' title="bbox 2226 3455 3810 3537; baseline 0.013 -29"><span class='ocrx_word' id='word_1_629' title='bbox 2226 3461 2277 3509; x_wconf 91' lang='lat' dir='ltr'><strong>te</strong></span> <span class='ocrx_word' id='word_1_630' title='bbox 2317 3455 2539 3525; x_wconf 89' lang='lat' dir='ltr'><strong>perinde</strong></span> <span class='ocrx_word' id='word_1_631' title='bbox 2580 3456 2851 3527; x_wconf 89' lang='lat' dir='ltr'><strong>diligendo</strong></span> <span class='ocrx_word' id='word_1_632' title='bbox 2880 3458 3044 3516; x_wconf 92' lang='lat' dir='ltr'><strong>Deum</strong></span> <span class='ocrx_word' id='word_1_633' title='bbox 3075 3462 3127 3517; x_wconf 90' lang='lat' dir='ltr'><strong>in</strong></span> <span class='ocrx_word' id='word_1_634' title='bbox 3173 3460 3288 3520; x_wconf 89' lang='lat' dir='ltr'><strong>Deo</strong></span> <span class='ocrx_word' id='word_1_635' title='bbox 3333 3465 3533 3537; x_wconf 85' lang='lat' dir='ltr'><strong>diligat.</strong></span> <span class='ocrx_word' id='word_1_636' title='bbox 3570 3468 3627 3525; x_wconf 91' lang='lat' dir='ltr'><strong>Si</strong></span> <span class='ocrx_word' id='word_1_637' title='bbox 3656 3480 3810 3528; x_wconf 89' lang='lat' dir='ltr'><strong>uter-</strong></span> 
     </span>
    </p>
   </div>
   <div class='ocr_carea' id='block_1_79' title="bbox 2221 3552 3804 3633">
    <p class='ocr_par' dir='ltr' id='par_1_79' title="bbox 2221 3552 3804 3633">
     <span class='ocr_line' id='line_1_79' title="bbox 2221 3552 3804 3633; baseline 0.01 -30"><span class='ocrx_word' id='word_1_638' title='bbox 2221 3563 2327 3618; x_wconf 91' lang='lat' dir='ltr'><strong>que</strong></span> <span class='ocrx_word' id='word_1_639' title='bbox 2354 3566 2519 3605; x_wconf 92' lang='lat' dir='ltr'><strong>unum</strong></span> <span class='ocrx_word' id='word_1_640' title='bbox 2547 3552 2808 3621; x_wconf 59' lang='lat' dir='ltr'><strong>quaeritis,</strong></span> <span class='ocrx_word' id='word_1_641' title='bbox 2839 3554 2907 3608; x_wconf 86' lang='lat' dir='ltr'><strong>ad</strong></span> <span class='ocrx_word' id='word_1_642' title='bbox 2934 3562 3098 3610; x_wconf 86' lang='lat' dir='ltr'><strong>unum</strong></span> <span class='ocrx_word' id='word_1_643' title='bbox 3146 3557 3396 3626; x_wconf 86' lang='lat' dir='ltr'><strong>tenditis;</strong></span> <span class='ocrx_word' id='word_1_644' title='bbox 3423 3576 3633 3632; x_wconf 87' lang='lat' dir='ltr'><strong>semper</strong></span> <span class='ocrx_word' id='word_1_645' title='bbox 3657 3564 3804 3633; x_wconf 85' lang='lat' dir='ltr'><strong>apud</strong></span> 
     </span>
    </p>
   </div>
   <div class='ocr_carea' id='block_1_80' title="bbox 2224 3643 3792 3716">
    <p class='ocr_par' dir='ltr' id='par_1_80' title="bbox 2224 3643 3792 3716">
     <span class='ocr_line' id='line_1_80' title="bbox 2224 3643 3792 3716; baseline 0.008 -19"><span class='ocrx_word' id='word_1_646' title='bbox 2224 3643 2454 3699; x_wconf 89' lang='lat' dir='ltr'><strong>invicem</strong></span> <span class='ocrx_word' id='word_1_647' title='bbox 2500 3644 2670 3711; x_wconf 90' lang='lat' dir='ltr'><strong>eritis,</strong></span> <span class='ocrx_word' id='word_1_648' title='bbox 2716 3645 2843 3716; x_wconf 64' lang='lat' dir='ltr'><strong>Quia</strong></span> <span class='ocrx_word' id='word_1_649' title='bbox 2883 3647 2937 3701; x_wconf 94' lang='lat' dir='ltr'><strong>in</strong></span> <span class='ocrx_word' id='word_1_650' title='bbox 2967 3661 3077 3702; x_wconf 89' lang='lat' dir='ltr'><strong>uno</strong></span> <span class='ocrx_word' id='word_1_651' title='bbox 3123 3649 3425 3706; x_wconf 76' lang='lat' dir='ltr'><strong>censistitis.</strong></span> <span class='ocrx_word' id='word_1_652' title='bbox 3454 3649 3582 3706; x_wconf 82' lang='lat' dir='ltr'><strong>&#39;Non</strong></span> <span class='ocrx_word' id='word_1_653' title='bbox 3609 3662 3792 3710; x_wconf 86' lang='lat' dir='ltr'><strong>autem</strong></span> 
     </span>
    </p>
   </div>
   <div class='ocr_carea' id='block_1_81' title="bbox 2220 3734 3787 3815">
    <p class='ocr_par' dir='ltr' id='par_1_81' title="bbox 2220 3734 3787 3815">
     <span class='ocr_line' id='line_1_81' title="bbox 2220 3734 3787 3815; baseline 0.007 -25"><span class='ocrx_word' id='word_1_654' title='bbox 2220 3734 2378 3792; x_wconf 84' lang='lat' dir='ltr'><strong>video</strong></span> <span class='ocrx_word' id='word_1_655' title='bbox 2400 3738 2545 3808; x_wconf 87' lang='lat' dir='ltr'><strong>quod</strong></span> <span class='ocrx_word' id='word_1_656' title='bbox 2574 3737 2690 3794; x_wconf 81' lang='lat' dir='ltr'><strong>ﬁeri</strong></span> <span class='ocrx_word' id='word_1_657' title='bbox 2731 3747 2913 3809; x_wconf 83' lang='lat' dir='ltr'><strong>queat,</strong></span> <span class='ocrx_word' id='word_1_658' title='bbox 2962 3749 3022 3795; x_wconf 91' lang='lat' dir='ltr'><strong>ut</strong></span> <span class='ocrx_word' id='word_1_659' title='bbox 3066 3749 3286 3813; x_wconf 84' lang='lat' dir='ltr'><strong>corpora</strong></span> <span class='ocrx_word' id='word_1_660' title='bbox 3332 3742 3383 3796; x_wconf 87' lang='lat' dir='ltr'><strong>in</strong></span> <span class='ocrx_word' id='word_1_661' title='bbox 3411 3758 3571 3798; x_wconf 90' lang='lat' dir='ltr'><strong>unum</strong></span> <span class='ocrx_word' id='word_1_662' title='bbox 3609 3745 3787 3815; x_wconf 82' lang='lat' dir='ltr'><strong>posita</strong></span> 
     </span>
    </p>
   </div>
   <div class='ocr_carea' id='block_1_82' title="bbox 2221 3828 3795 3906">
    <p class='ocr_par' dir='ltr' id='par_1_82' title="bbox 2221 3828 3795 3906">
     <span class='ocr_line' id='line_1_82' title="bbox 2221 3828 3795 3906; baseline 0.006 -24"><span class='ocrx_word' id='word_1_663' title='bbox 2221 3828 2506 3897; x_wconf 75' lang='lat' dir='ltr'><strong>praesentia</strong></span> <span class='ocrx_word' id='word_1_664' title='bbox 2535 3828 2638 3884; x_wconf 91' lang='lat' dir='ltr'><strong>sibi</strong></span> <span class='ocrx_word' id='word_1_665' title='bbox 2664 3833 2784 3884; x_wconf 82' lang='lat' dir='ltr'><strong>esse</strong></span> <span class='ocrx_word' id='word_1_666' title='bbox 2810 3830 3037 3900; x_wconf 90' lang='lat' dir='ltr'><strong>possint,</strong></span> <span class='ocrx_word' id='word_1_667' title='bbox 3068 3839 3125 3887; x_wconf 92' lang='lat' dir='ltr'><strong>et</strong></span> <span class='ocrx_word' id='word_1_668' title='bbox 3150 3832 3310 3887; x_wconf 87' lang='lat' dir='ltr'><strong>animi</strong></span> <span class='ocrx_word' id='word_1_669' title='bbox 3342 3832 3398 3887; x_wconf 88' lang='lat' dir='ltr'><strong>in</strong></span> <span class='ocrx_word' id='word_1_670' title='bbox 3420 3848 3528 3889; x_wconf 85' lang='lat' dir='ltr'><strong>uno</strong></span> <span class='ocrx_word' id='word_1_671' title='bbox 3554 3850 3795 3906; x_wconf 70' lang='lat' dir='ltr'><strong>przesen-</strong></span> 
     </span>
    </p>
   </div>
   <div class='ocr_carea' id='block_1_83' title="bbox 2224 3918 3806 3993">
    <p class='ocr_par' dir='ltr' id='par_1_83' title="bbox 2224 3918 3806 3993">
     <span class='ocr_line' id='line_1_83' title="bbox 2224 3918 3806 3993; baseline 0.004 -21"><span class='ocrx_word' id='word_1_672' title='bbox 2224 3925 2303 3973; x_wconf 92' lang='lat' dir='ltr'><strong>tes</strong></span> <span class='ocrx_word' id='word_1_673' title='bbox 2328 3918 2430 3974; x_wconf 89' lang='lat' dir='ltr'><strong>sibi</strong></span> <span class='ocrx_word' id='word_1_674' title='bbox 2459 3934 2581 3975; x_wconf 91' lang='lat' dir='ltr'><strong>esse</strong></span> <span class='ocrx_word' id='word_1_675' title='bbox 2609 3934 2717 3975; x_wconf 92' lang='lat' dir='ltr'><strong>non</strong></span> <span class='ocrx_word' id='word_1_676' title='bbox 2747 3921 2970 3990; x_wconf 88' lang='lat' dir='ltr'><strong>possint.</strong></span> <span class='ocrx_word' id='word_1_677' title='bbox 3003 3920 3108 3978; x_wconf 89' lang='lat' dir='ltr'><strong>Sed</strong></span> <span class='ocrx_word' id='word_1_678' title='bbox 3141 3924 3397 3993; x_wconf 85' lang='lat' dir='ltr'><strong>quoniam</strong></span> <span class='ocrx_word' id='word_1_679' title='bbox 3437 3925 3572 3981; x_wconf 83' lang='lat' dir='ltr'><strong>liber</strong></span> <span class='ocrx_word' id='word_1_680' title='bbox 3594 3926 3697 3983; x_wconf 89' lang='lat' dir='ltr'><strong>iste</strong></span> <span class='ocrx_word' id='word_1_681' title='bbox 3732 3926 3806 3979; x_wconf 79' lang='lat' dir='ltr'><strong>li-</strong></span> 
     </span>
    </p>
   </div>
   <div class='ocr_carea' id='block_1_84' title="bbox 2221 4007 3809 4087">
    <p class='ocr_par' dir='ltr' id='par_1_84' title="bbox 2221 4007 3809 4087">
     <span class='ocr_line' id='line_1_84' title="bbox 2221 4007 3809 4087; baseline 0.008 -26"><span class='ocrx_word' id='word_1_682' title='bbox 2221 4022 2345 4062; x_wconf 92' lang='lat' dir='ltr'><strong>nem</strong></span> <span class='ocrx_word' id='word_1_683' title='bbox 2373 4007 2598 4078; x_wconf 86' lang='lat' dir='ltr'><strong>llagitat,</strong></span> <span class='ocrx_word' id='word_1_684' title='bbox 2628 4025 2696 4066; x_wconf 92' lang='lat' dir='ltr'><strong>eo</strong></span> <span class='ocrx_word' id='word_1_685' title='bbox 2724 4010 2868 4080; x_wconf 91' lang='lat' dir='ltr'><strong>quod</strong></span> <span class='ocrx_word' id='word_1_686' title='bbox 2914 4012 3183 4082; x_wconf 90' lang='lat' dir='ltr'><strong>aliquibus</strong></span> <span class='ocrx_word' id='word_1_687' title='bbox 3218 4014 3502 4087; x_wconf 77' lang='lat' dir='ltr'><strong>superﬁcie</strong></span> <span class='ocrx_word' id='word_1_688' title='bbox 3538 4024 3693 4072; x_wconf 87' lang='lat' dir='ltr'><strong>tenus</strong></span> <span class='ocrx_word' id='word_1_689' title='bbox 3720 4013 3809 4073; x_wconf 83' lang='lat' dir='ltr'><strong>at-</strong></span> 
     </span>
    </p>
   </div>
   <div class='ocr_carea' id='block_1_85' title="bbox 2225 4102 3812 4173">
    <p class='ocr_par' dir='ltr' id='par_1_85' title="bbox 2225 4102 3812 4173">
     <span class='ocr_line' id='line_1_85' title="bbox 2225 4102 3812 4173; baseline 0.008 -18"><span class='ocrx_word' id='word_1_690' title='bbox 2225 4102 2403 4167; x_wconf 89' lang='lat' dir='ltr'><strong>tactis,</strong></span> <span class='ocrx_word' id='word_1_691' title='bbox 2435 4103 2729 4173; x_wconf 85' lang='lat' dir='ltr'><strong>quamlibet</strong></span> <span class='ocrx_word' id='word_1_692' title='bbox 2751 4104 2917 4160; x_wconf 89' lang='lat' dir='ltr'><strong>multa</strong></span> <span class='ocrx_word' id='word_1_693' title='bbox 2946 4105 3229 4162; x_wconf 88' lang='lat' dir='ltr'><strong>brevitatis</strong></span> <span class='ocrx_word' id='word_1_694' title='bbox 3255 4109 3436 4165; x_wconf 87' lang='lat' dir='ltr'><strong>studio</strong></span> <span class='ocrx_word' id='word_1_695' title='bbox 3473 4109 3636 4166; x_wconf 89' lang='lat' dir='ltr'><strong>missa</strong></span> <span class='ocrx_word' id='word_1_696' title='bbox 3659 4109 3812 4166; x_wconf 80' lang='lat' dir='ltr'><strong>lece-</strong></span> 
     </span>
    </p>
   </div>
   <div class='ocr_carea' id='block_1_86' title="bbox 2225 4193 3818 4269">
    <p class='ocr_par' dir='ltr' id='par_1_86' title="bbox 2225 4193 3818 4269">
     <span class='ocr_line' id='line_1_86' title="bbox 2225 4193 3818 4269; baseline 0.01 -22"><span class='ocrx_word' id='word_1_697' title='bbox 2225 4193 2345 4259; x_wconf 91' lang='lat' dir='ltr'><strong>rim,</strong></span> <span class='ocrx_word' id='word_1_698' title='bbox 2372 4210 2481 4249; x_wconf 94' lang='lat' dir='ltr'><strong>non</strong></span> <span class='ocrx_word' id='word_1_699' title='bbox 2510 4203 2693 4251; x_wconf 90' lang='lat' dir='ltr'><strong>tamen</strong></span> <span class='ocrx_word' id='word_1_700' title='bbox 2733 4197 2981 4253; x_wconf 90' lang='lat' dir='ltr'><strong>omnibus</strong></span> <span class='ocrx_word' id='word_1_701' title='bbox 3026 4213 3126 4269; x_wconf 91' lang='lat' dir='ltr'><strong>pro</strong></span> <span class='ocrx_word' id='word_1_702' title='bbox 3169 4212 3349 4257; x_wconf 68' lang='lat' dir='ltr'><strong>causas</strong></span> <span class='ocrx_word' id='word_1_703' title='bbox 3375 4203 3690 4258; x_wconf 78' lang='lat' dir='ltr'><strong>excellentia</strong></span> <span class='ocrx_word' id='word_1_704' title='bbox 3718 4219 3818 4263; x_wconf 82' lang='lat' dir='ltr'><strong>su-</strong></span> 
     </span>
    </p>
   </div>
   <div class='ocr_carea' id='block_1_87' title="bbox 2223 4285 3821 4369">
    <p class='ocr_par' dir='ltr' id='par_1_87' title="bbox 2223 4285 3821 4369">
     <span class='ocr_line' id='line_1_87' title="bbox 2223 4285 3821 4369; baseline 0.009 -30"><span class='ocrx_word' id='word_1_705' title='bbox 2223 4285 2434 4356; x_wconf 91' lang='lat' dir='ltr'><strong>persedi</strong></span> <span class='ocrx_word' id='word_1_706' title='bbox 2468 4304 2481 4341; x_wconf 90' lang='lat'><strong>:</strong></span> <span class='ocrx_word' id='word_1_707' title='bbox 2511 4302 2632 4357; x_wconf 78' lang='lat' dir='ltr'><strong>quae</strong></span> <span class='ocrx_word' id='word_1_708' title='bbox 2657 4297 2781 4359; x_wconf 91' lang='lat' dir='ltr'><strong>post</strong></span> <span class='ocrx_word' id='word_1_709' title='bbox 2824 4290 2951 4346; x_wconf 85' lang='lat' dir='ltr'><strong>hinc</strong></span> <span class='ocrx_word' id='word_1_710' title='bbox 2994 4289 3314 4362; x_wconf 85' lang='lat' dir='ltr'><strong>disputanda</strong></span> <span class='ocrx_word' id='word_1_711' title='bbox 3355 4303 3500 4361; x_wconf 87' lang='lat' dir='ltr'><strong>sunt,</strong></span> <span class='ocrx_word' id='word_1_712' title='bbox 3546 4296 3821 4369; x_wconf 88' lang='lat' dir='ltr'><strong>principio</strong></span> 
     </span>
    </p>
   </div>
   <div class='ocr_carea' id='block_1_88' title="bbox 2220 4376 3659 4438">
    <p class='ocr_par' dir='ltr' id='par_1_88' title="bbox 2220 4376 3659 4438">
     <span class='ocr_line' id='line_1_88' title="bbox 2220 4376 3659 4438; baseline 0.007 -7"><span class='ocrx_word' id='word_1_713' title='bbox 2220 4376 2443 4433; x_wconf 78' lang='lat' dir='ltr'><strong>secundi</strong></span> <span class='ocrx_word' id='word_1_714' title='bbox 2466 4378 2751 4436; x_wconf 87' lang='lat' dir='ltr'><strong>voluminis</strong></span> <span class='ocrx_word' id='word_1_715' title='bbox 2769 4380 3060 4438; x_wconf 89' lang='lat' dir='ltr'><strong>ordiamur.</strong></span> <span class='ocrx_word' id='word_1_716' title='bbox 3656 4384 3659 4387; x_wconf 81' lang='grc'><em>’</em></span> 
     </span>
    </p>
   </div>
   <div class='ocr_carea' id='block_1_89' title="bbox 628 4623 3788 4672">
    <p class='ocr_par' dir='ltr' id='par_1_89' title="bbox 628 4623 3788 4672">
     <span class='ocr_line' id='line_1_89' title="bbox 628 4623 3788 4672; baseline 0.003 -17"><span class='ocrx_word' id='word_1_717' title='bbox 628 4623 3788 4672; x_wconf 42' lang='lat' dir='ltr'><strong>mw</strong></span> 
     </span>
    </p>
   </div>
   <div class='ocr_carea' id='block_1_90' title="bbox 1480 4705 2845 4830">
    <p class='ocr_par' dir='ltr' id='par_1_90' title="bbox 1480 4705 2845 4830">
     <span class='ocr_line' id='line_1_90' title="bbox 1480 4705 2845 4830; baseline 0.001 -2"><span class='ocrx_word' id='word_1_718' title='bbox 1480 4720 1953 4830; x_wconf 84' lang='lat' dir='ltr'><strong>LIBER</strong></span> <span class='ocrx_word' id='word_1_719' title='bbox 2021 4705 2845 4830; x_wconf 78' lang='lat' dir='ltr'><strong>SECUNDUS.</strong></span> 
     </span>
    </p>
   </div>
   <div class='ocr_carea' id='block_1_91' title="bbox 1178 4881 1487 4940">
    <p class='ocr_par' dir='ltr' id='par_1_91' title="bbox 1178 4881 1487 4940">
     <span class='ocr_line' id='line_1_91' title="bbox 1178 4881 1487 4940; baseline 0 -2"><span class='ocrx_word' id='word_1_720' title='bbox 1178 4881 1410 4940; x_wconf 79' lang='lat' dir='ltr'><strong>CAPUT</strong></span> <span class='ocrx_word' id='word_1_721' title='bbox 1447 4883 1487 4938; x_wconf 89' lang='grc' dir='ltr'><strong>Ι.</strong></span> 
     </span>
    </p>
   </div>
   <div class='ocr_carea' id='block_1_92' title="bbox 616 5005 2037 5090">
    <p class='ocr_par' dir='ltr' id='par_1_92' title="bbox 616 5005 2037 5090">
     <span class='ocr_line' id='line_1_92' title="bbox 616 5005 2037 5090; baseline 0.006 -27"><span class='ocrx_word' id='word_1_722' title='bbox 616 5005 721 5063; x_wconf 82' lang='lat' dir='ltr'><strong>Cur</strong></span> <span class='ocrx_word' id='word_1_723' title='bbox 756 5006 897 5067; x_wconf 78' lang='lat' dir='ltr'><strong>Deus</strong></span> <span class='ocrx_word' id='word_1_724' title='bbox 919 5018 1022 5066; x_wconf 88' lang='lat' dir='ltr'><strong>tam</strong></span> <span class='ocrx_word' id='word_1_725' title='bbox 1042 5029 1175 5084; x_wconf 69' lang='lat' dir='ltr'><strong>acopo</strong></span> <span class='ocrx_word' id='word_1_726' title='bbox 1201 5019 1485 5089; x_wconf 83' lang='lat' dir='ltr'><strong>oppugnari</strong></span> <span class='ocrx_word' id='word_1_727' title='bbox 1513 5019 1772 5073; x_wconf 76' lang='lat' dir='ltr'><strong>veritatem</strong></span> <span class='ocrx_word' id='word_1_728' title='bbox 1793 5019 2037 5090; x_wconf 83' lang='lat' dir='ltr'><strong>patiatur.</strong></span> 
     </span>
    </p>
   </div>
   <div class='ocr_carea' id='block_1_93' title="bbox 610 5144 2115 5223">
    <p class='ocr_par' dir='ltr' id='par_1_93' title="bbox 610 5144 2115 5223">
     <span class='ocr_line' id='line_1_93' title="bbox 610 5144 2115 5223; baseline 0.007 -24"><span class='ocrx_word' id='word_1_729' title='bbox 610 5144 991 5215; x_wconf 62' lang='lat' dir='ltr'><strong>Saepenumero</strong></span> <span class='ocrx_word' id='word_1_730' title='bbox 1010 5159 1217 5201; x_wconf 76' lang='lat' dir='ltr'><strong>mecum</strong></span> <span class='ocrx_word' id='word_1_731' title='bbox 1238 5151 1505 5219; x_wconf 86' lang='lat' dir='ltr'><strong>reputanti</strong></span> <span class='ocrx_word' id='word_1_732' title='bbox 1526 5151 1656 5206; x_wconf 81' lang='lat' dir='ltr'><strong>milii</strong></span> <span class='ocrx_word' id='word_1_733' title='bbox 1683 5167 1919 5220; x_wconf 81' lang='lat' dir='ltr'><strong>quonam</strong></span> <span class='ocrx_word' id='word_1_734' title='bbox 1955 5161 2115 5223; x_wconf 90' lang='lat' dir='ltr'><strong>pacto</strong></span> 
     </span>
    </p>
   </div>
   <div class='ocr_carea' id='block_1_94' title="bbox 542 5234 2115 5299">
    <p class='ocr_par' dir='ltr' id='par_1_94' title="bbox 542 5234 2115 5299">
     <span class='ocr_line' id='line_1_94' title="bbox 542 5234 2115 5299; baseline 0.008 -12"><span class='ocrx_word' id='word_1_735' title='bbox 542 5234 987 5292; x_wconf 80' lang='lat' dir='ltr'><strong>excellentissima</strong></span> <span class='ocrx_word' id='word_1_736' title='bbox 1045 5236 1244 5292; x_wconf 83' lang='lat' dir='ltr'><strong>veritas</strong></span> <span class='ocrx_word' id='word_1_737' title='bbox 1309 5246 1515 5295; x_wconf 88' lang='lat' dir='ltr'><strong>tantum</strong></span> <span class='ocrx_word' id='word_1_738' title='bbox 1563 5242 1894 5297; x_wconf 86' lang='lat' dir='ltr'><strong>inimicorum</strong></span> <span class='ocrx_word' id='word_1_739' title='bbox 1941 5252 2115 5299; x_wconf 88' lang='lat' dir='ltr'><strong>semet</strong></span> 
     </span>
    </p>
   </div>
   <div class='ocr_carea' id='block_1_95' title="bbox 542 5322 2112 5402">
    <p class='ocr_par' dir='ltr' id='par_1_95' title="bbox 542 5322 2112 5402">
     <span class='ocr_line' id='line_1_95' title="bbox 542 5322 2112 5402; baseline 0.008 -26"><span class='ocrx_word' id='word_1_740' title='bbox 542 5322 741 5380; x_wconf 82' lang='lat' dir='ltr'><strong>habere</strong></span> <span class='ocrx_word' id='word_1_741' title='bbox 759 5326 992 5395; x_wconf 88' lang='lat' dir='ltr'><strong>sciverit,</strong></span> <span class='ocrx_word' id='word_1_742' title='bbox 1014 5335 1138 5398; x_wconf 88' lang='lat' dir='ltr'><strong>post</strong></span> <span class='ocrx_word' id='word_1_743' title='bbox 1157 5328 1381 5384; x_wconf 91' lang='lat' dir='ltr'><strong>multum</strong></span> <span class='ocrx_word' id='word_1_744' title='bbox 1400 5330 1469 5385; x_wconf 89' lang='lat' dir='ltr'><strong>de</strong></span> <span class='ocrx_word' id='word_1_745' title='bbox 1491 5331 1589 5386; x_wconf 86' lang='lat' dir='ltr'><strong>hac</strong></span> <span class='ocrx_word' id='word_1_746' title='bbox 1609 5333 1793 5386; x_wconf 86' lang='lat' dir='ltr'><strong>eadem</strong></span> <span class='ocrx_word' id='word_1_747' title='bbox 1814 5335 2112 5402; x_wconf 76' lang='lat' dir='ltr'><strong>quaestione</strong></span> 
     </span>
    </p>
   </div>
   <div class='ocr_carea' id='block_1_96' title="bbox 541 5420 2113 5494">
    <p class='ocr_par' dir='ltr' id='par_1_96' title="bbox 541 5420 2113 5494">
     <span class='ocr_line' id='line_1_96' title="bbox 541 5420 2113 5494; baseline 0.006 -25"><span class='ocrx_word' id='word_1_748' title='bbox 541 5423 823 5473; x_wconf 75' lang='lat' dir='ltr'><strong>tractatum</strong></span> <span class='ocrx_word' id='word_1_749' title='bbox 852 5434 960 5475; x_wconf 91' lang='lat' dir='ltr'><strong>non</strong></span> <span class='ocrx_word' id='word_1_750' title='bbox 988 5420 1355 5492; x_wconf 88' lang='lat' dir='ltr'><strong>improbabilis</strong></span> <span class='ocrx_word' id='word_1_751' title='bbox 1387 5422 1544 5489; x_wconf 88' lang='lat' dir='ltr'><strong>ratio,</strong></span> <span class='ocrx_word' id='word_1_752' title='bbox 1574 5422 1730 5478; x_wconf 87' lang='lat' dir='ltr'><strong>sicuti</strong></span> <span class='ocrx_word' id='word_1_753' title='bbox 1772 5438 1913 5489; x_wconf 86' lang='lat' dir='ltr'><strong>reor,</strong></span> <span class='ocrx_word' id='word_1_754' title='bbox 1945 5440 2113 5494; x_wconf 87' lang='lat' dir='ltr'><strong>appa-</strong></span> 
     </span>
    </p>
   </div>
   <div class='ocr_carea' id='block_1_97' title="bbox 541 5507 2114 5584">
    <p class='ocr_par' dir='ltr' id='par_1_97' title="bbox 541 5507 2114 5584">
     <span class='ocr_line' id='line_1_97' title="bbox 541 5507 2114 5584; baseline 0.009 -25"><span class='ocrx_word' id='word_1_755' title='bbox 541 5507 655 5577; x_wconf 42' lang='lat' dir='ltr'><strong>ruit.</strong></span> <span class='ocrx_word' id='word_1_756' title='bbox 680 5525 692 5560; x_wconf 93' lang='lat'>:</span> <span class='ocrx_word' id='word_1_757' title='bbox 723 5512 903 5566; x_wconf 88' lang='lat' dir='ltr'><strong>omnia</strong></span> <span class='ocrx_word' id='word_1_758' title='bbox 931 5512 1137 5578; x_wconf 84' lang='lat' dir='ltr'><strong>scilicet</strong></span> <span class='ocrx_word' id='word_1_759' title='bbox 1172 5514 1558 5584; x_wconf 86' lang='lat' dir='ltr'><strong>diguoscuntur</strong></span> <span class='ocrx_word' id='word_1_760' title='bbox 1595 5516 1785 5572; x_wconf 88' lang='lat' dir='ltr'><strong>melius</strong></span> <span class='ocrx_word' id='word_1_761' title='bbox 1813 5519 2114 5573; x_wconf 87' lang='lat' dir='ltr'><strong>contrario-</strong></span> 
     </span>
    </p>
   </div>
   <div class='ocr_carea' id='block_1_98' title="bbox 542 5603 2119 5683">
    <p class='ocr_par' dir='ltr' id='par_1_98' title="bbox 542 5603 2119 5683">
     <span class='ocr_line' id='line_1_98' title="bbox 542 5603 2119 5683; baseline 0.008 -34"><span class='ocrx_word' id='word_1_762' title='bbox 542 5609 659 5651; x_wconf 90' lang='lat' dir='ltr'><strong>rum</strong></span> <span class='ocrx_word' id='word_1_763' title='bbox 680 5603 1095 5670; x_wconf 87' lang='lat' dir='ltr'><strong>comparatione.</strong></span> <span class='ocrx_word' id='word_1_764' title='bbox 1127 5605 1216 5661; x_wconf 88' lang='lat' dir='ltr'><strong>Sic</strong></span> <span class='ocrx_word' id='word_1_765' title='bbox 1260 5606 1505 5678; x_wconf 89' lang='lat' dir='ltr'><strong>equidem</strong></span> <span class='ocrx_word' id='word_1_766' title='bbox 1546 5608 1724 5664; x_wconf 90' lang='lat' dir='ltr'><strong>lumen</strong></span> <span class='ocrx_word' id='word_1_767' title='bbox 1754 5607 2006 5671; x_wconf 81' lang='lat' dir='ltr'><strong>tenebris,</strong></span> <span class='ocrx_word' id='word_1_768' title='bbox 2037 5608 2119 5683; x_wconf 81' lang='lat' dir='ltr'><strong>sic</strong></span> 
     </span>
    </p>
   </div>
   <div class='ocr_carea' id='block_1_99' title="bbox 543 5684 2111 5769">
    <p class='ocr_par' dir='ltr' id='par_1_99' title="bbox 543 5684 2111 5769">
     <span class='ocr_line' id='line_1_99' title="bbox 543 5684 2111 5769; baseline 0.009 -31"><span class='ocrx_word' id='word_1_769' title='bbox 543 5684 653 5739; x_wconf 85' lang='lat' dir='ltr'><strong>vita</strong></span> <span class='ocrx_word' id='word_1_770' title='bbox 691 5693 871 5757; x_wconf 85' lang='lat' dir='ltr'><strong>morti,</strong></span> <span class='ocrx_word' id='word_1_771' title='bbox 901 5695 977 5750; x_wconf 91' lang='lat' dir='ltr'><strong>sic</strong></span> <span class='ocrx_word' id='word_1_772' title='bbox 1001 5697 1202 5751; x_wconf 87' lang='lat' dir='ltr'><strong>veritas</strong></span> <span class='ocrx_word' id='word_1_773' title='bbox 1230 5697 1448 5754; x_wconf 75' lang='lat' dir='ltr'><strong>falsitati</strong></span> <span class='ocrx_word' id='word_1_774' title='bbox 1487 5700 1785 5769; x_wconf 82' lang='lat' dir='ltr'><strong>composita</strong></span> <span class='ocrx_word' id='word_1_775' title='bbox 1815 5699 1933 5769; x_wconf 92' lang='lat' dir='ltr'><strong>plus</strong></span> <span class='ocrx_word' id='word_1_776' title='bbox 1962 5698 2111 5753; x_wconf 88' lang='lat' dir='ltr'><strong>delc-</strong></span> 
     </span>
    </p>
   </div>
   <div class='ocr_carea' id='block_1_100' title="bbox 539 5775 2114 5862">
    <p class='ocr_par' dir='ltr' id='par_1_100' title="bbox 539 5775 2114 5862">
     <span class='ocr_line' id='line_1_100' title="bbox 539 5775 2114 5862; baseline 0.006 -28"><span class='ocrx_word' id='word_1_777' title='bbox 539 5780 673 5834; x_wconf 71' lang='lat' dir='ltr'><strong>etet.</strong></span> <span class='ocrx_word' id='word_1_778' title='bbox 700 5775 946 5849; x_wconf 71' lang='lat' dir='ltr'><strong>Oportuit</strong></span> <span class='ocrx_word' id='word_1_779' title='bbox 972 5786 1132 5851; x_wconf 79' lang='lat' dir='ltr'><strong>igitur</strong></span> <span class='ocrx_word' id='word_1_780' title='bbox 1158 5788 1318 5844; x_wconf 86' lang='lat' dir='ltr'><strong>hasce</strong></span> <span class='ocrx_word' id='word_1_781' title='bbox 1343 5788 1624 5847; x_wconf 88' lang='lat' dir='ltr'><strong>distantias</strong></span> <span class='ocrx_word' id='word_1_782' title='bbox 1666 5807 1766 5861; x_wconf 90' lang='lat' dir='ltr'><strong>pro</strong></span> <span class='ocrx_word' id='word_1_783' title='bbox 1806 5794 1917 5847; x_wconf 88' lang='lat' dir='ltr'><strong>suis</strong></span> <span class='ocrx_word' id='word_1_784' title='bbox 1944 5787 2114 5862; x_wconf 80' lang='lat' dir='ltr'><strong>quali-</strong></span> 
     </span>
    </p>
   </div>
   <div class='ocr_carea' id='block_1_101' title="bbox 1718 5939 1797 5952">
    <p class='ocr_par' dir='ltr' id='par_1_101' title="bbox 1718 5939 1797 5952">
     <span class='ocr_line' id='line_1_101' title="bbox 1718 5939 1797 5952; baseline -0.013 0"><span class='ocrx_word' id='word_1_785' title='bbox 1718 5939 1797 5952; x_wconf 53' lang='lat'><strong><em>&quot;</em></strong></span> 
     </span>
    </p>
   </div>
   <div class='ocr_carea' id='block_1_102' title="bbox 2144 4855 3832 4960">
    <p class='ocr_par' dir='ltr' id='par_1_102' title="bbox 2144 4855 3832 4960">
     <span class='ocr_line' id='line_1_102' title="bbox 2144 4855 3832 4960; baseline 0.011 -23"><span class='ocrx_word' id='word_1_786' title='bbox 2144 4892 2197 4954; x_wconf 77' lang='grc' dir='ltr'><strong>ι)</strong></span> <span class='ocrx_word' id='word_1_787' title='bbox 2221 4884 2423 4940; x_wconf 89' lang='lat' dir='ltr'><strong>tatibus</strong></span> <span class='ocrx_word' id='word_1_788' title='bbox 2442 4884 2546 4939; x_wconf 89' lang='lat' dir='ltr'><strong>sibi</strong></span> <span class='ocrx_word' id='word_1_789' title='bbox 2566 4894 2847 4956; x_wconf 89' lang='lat' dir='ltr'><strong>compotes</strong></span> <span class='ocrx_word' id='word_1_790' title='bbox 2888 4888 3070 4943; x_wconf 88' lang='lat' dir='ltr'><strong>sortiri</strong></span> <span class='ocrx_word' id='word_1_791' title='bbox 3109 4855 3387 4960; x_wconf 83' lang='lat' dir='ltr'><strong>patronos,</strong></span> <span class='ocrx_word' id='word_1_792' title='bbox 3438 4900 3496 4947; x_wconf 90' lang='lat' dir='ltr'><strong>ut</strong></span> <span class='ocrx_word' id='word_1_793' title='bbox 3543 4908 3650 4949; x_wconf 89' lang='lat' dir='ltr'><strong>nec</strong></span> <span class='ocrx_word' id='word_1_794' title='bbox 3701 4898 3832 4955; x_wconf 79' lang='lat' dir='ltr'><strong>falsi</strong></span> 
     </span>
    </p>
   </div>
   <div class='ocr_carea' id='block_1_103' title="bbox 2220 4972 3834 5060">
    <p class='ocr_par' dir='ltr' id='par_1_103' title="bbox 2220 4972 3834 5060">
     <span class='ocr_line' id='line_1_103' title="bbox 2220 4972 3834 5060; baseline 0.006 -29"><span class='ocrx_word' id='word_1_795' title='bbox 2220 4978 2413 5031; x_wconf 90' lang='lat' dir='ltr'><strong>lateret</strong></span> <span class='ocrx_word' id='word_1_796' title='bbox 2453 4972 2724 5041; x_wconf 78' lang='lat' dir='ltr'><strong>defensor,</strong></span> <span class='ocrx_word' id='word_1_797' title='bbox 2769 4991 2869 5033; x_wconf 91' lang='lat' dir='ltr'><strong>nec</strong></span> <span class='ocrx_word' id='word_1_798' title='bbox 2896 4979 3008 5033; x_wconf 91' lang='lat' dir='ltr'><strong>veri</strong></span> <span class='ocrx_word' id='word_1_799' title='bbox 3055 4990 3271 5036; x_wconf 87' lang='lat' dir='ltr'><strong>vacaret</strong></span> <span class='ocrx_word' id='word_1_800' title='bbox 3316 4990 3575 5039; x_wconf 88' lang='lat' dir='ltr'><strong>assertor.</strong></span> <span class='ocrx_word' id='word_1_801' title='bbox 3618 4983 3834 5060; x_wconf 83' lang='lat' dir='ltr'><strong>Itaque</strong></span> 
     </span>
    </p>
   </div>
   <div class='ocr_carea' id='block_1_104' title="bbox 2219 5066 3833 5139">
    <p class='ocr_par' dir='ltr' id='par_1_104' title="bbox 2219 5066 3833 5139">
     <span class='ocr_line' id='line_1_104' title="bbox 2219 5066 3833 5139; baseline 0.007 -19"><span class='ocrx_word' id='word_1_802' title='bbox 2219 5068 2372 5122; x_wconf 79' lang='lat' dir='ltr'><strong>ﬁeret</strong></span> <span class='ocrx_word' id='word_1_803' title='bbox 2400 5074 2458 5121; x_wconf 92' lang='lat' dir='ltr'><strong>ut</strong></span> <span class='ocrx_word' id='word_1_804' title='bbox 2483 5081 2585 5122; x_wconf 91' lang='lat' dir='ltr'><strong>nec</strong></span> <span class='ocrx_word' id='word_1_805' title='bbox 2614 5066 2704 5122; x_wconf 91' lang='lat' dir='ltr'><strong>ille</strong></span> <span class='ocrx_word' id='word_1_806' title='bbox 2730 5068 2901 5136; x_wconf 86' lang='lat' dir='ltr'><strong>magis</strong></span> <span class='ocrx_word' id='word_1_807' title='bbox 2944 5078 3164 5126; x_wconf 89' lang='lat' dir='ltr'><strong>noceret</strong></span> <span class='ocrx_word' id='word_1_808' title='bbox 3203 5072 3469 5139; x_wconf 81' lang='lat' dir='ltr'><strong>occultus,</strong></span> <span class='ocrx_word' id='word_1_809' title='bbox 3517 5090 3618 5129; x_wconf 86' lang='lat' dir='ltr'><strong>nec</strong></span> <span class='ocrx_word' id='word_1_810' title='bbox 3648 5080 3833 5139; x_wconf 58' lang='lat' dir='ltr'><strong>,otio-</strong></span> 
     </span>
    </p>
   </div>
   <div class='ocr_carea' id='block_1_105' title="bbox 2216 5158 2705 5229">
    <p class='ocr_par' dir='ltr' id='par_1_105' title="bbox 2216 5158 2705 5229">
     <span class='ocr_line' id='line_1_105' title="bbox 2216 5158 2705 5229; baseline 0 -16"><span class='ocrx_word' id='word_1_811' title='bbox 2216 5174 2307 5213; x_wconf 88' lang='lat' dir='ltr'><strong>sus</strong></span> <span class='ocrx_word' id='word_1_812' title='bbox 2328 5158 2428 5214; x_wconf 86' lang='lat' dir='ltr'><strong>iste</strong></span> <span class='ocrx_word' id='word_1_813' title='bbox 2448 5165 2705 5229; x_wconf 88' lang='lat' dir='ltr'><strong>torperet.</strong></span> 
     </span>
    </p>
   </div>
   <div class='ocr_carea' id='block_1_106' title="bbox 2218 5339 3829 5420">
    <p class='ocr_par' dir='ltr' id='par_1_106' title="bbox 2218 5339 3829 5420">
     <span class='ocr_line' id='line_1_106' title="bbox 2218 5339 3829 5420; baseline 0.008 -26"><span class='ocrx_word' id='word_1_814' title='bbox 2218 5339 2488 5404; x_wconf 79' lang='lat' dir='ltr'><strong>Quomodo</strong></span> <span class='ocrx_word' id='word_1_815' title='bbox 2514 5339 2820 5420; x_wconf 63' lang='lat' dir='ltr'><strong>philosophi</strong></span> <span class='ocrx_word' id='word_1_816' title='bbox 2850 5342 3045 5420; x_wconf 54' lang='lat' dir='ltr'><strong>mundi</strong></span> <span class='ocrx_word' id='word_1_817' title='bbox 3083 5344 3443 5415; x_wconf 70' lang='lat' dir='ltr'><strong>indagarerint</strong></span> <span class='ocrx_word' id='word_1_818' title='bbox 3485 5349 3778 5420; x_wconf 68' lang='lat' dir='ltr'><strong>veritatem</strong></span> <span class='ocrx_word' id='word_1_819' title='bbox 3807 5392 3829 5420; x_wconf 89' lang='lat'><strong>,</strong></span> 
     </span>
    </p>
   </div>
   <div class='ocr_carea' id='block_1_107' title="bbox 2392 5409 3620 5486">
    <p class='ocr_par' dir='ltr' id='par_1_107' title="bbox 2392 5409 3620 5486">
     <span class='ocr_line' id='line_1_107' title="bbox 2392 5409 3620 5486; baseline 0.007 -23"><span class='ocrx_word' id='word_1_820' title='bbox 2392 5409 2749 5483; x_wconf 73' lang='lat' dir='ltr'><strong>gradatimque</strong></span> <span class='ocrx_word' id='word_1_821' title='bbox 2791 5413 2861 5466; x_wconf 82' lang='lat' dir='ltr'><strong>ad</strong></span> <span class='ocrx_word' id='word_1_822' title='bbox 2904 5411 3069 5466; x_wconf 80' lang='lat' dir='ltr'><strong>Deum</strong></span> <span class='ocrx_word' id='word_1_823' title='bbox 3089 5409 3245 5485; x_wconf 64' lang='lat' dir='ltr'><strong>usque</strong></span> <span class='ocrx_word' id='word_1_824' title='bbox 3272 5418 3620 5486; x_wconf 78' lang='lat' dir='ltr'><strong>pervenerint.</strong></span> 
     </span>
    </p>
   </div>
   <div class='ocr_carea' id='block_1_108' title="bbox 2286 5522 3835 5594">
    <p class='ocr_par' dir='ltr' id='par_1_108' title="bbox 2286 5522 3835 5594">
     <span class='ocr_line' id='line_1_108' title="bbox 2286 5522 3835 5594; baseline 0.01 -18"><span class='ocrx_word' id='word_1_825' title='bbox 2286 5522 2327 5577; x_wconf 92' lang='lat' dir='ltr'><strong>l.</strong></span> <span class='ocrx_word' id='word_1_826' title='bbox 2368 5522 2438 5576; x_wconf 85' lang='lat' dir='ltr'><strong>Et</strong></span> <span class='ocrx_word' id='word_1_827' title='bbox 2464 5523 2716 5592; x_wconf 82' lang='lat' dir='ltr'><strong>quoniam</strong></span> <span class='ocrx_word' id='word_1_828' title='bbox 2742 5524 3046 5579; x_wconf 89' lang='lat' dir='ltr'><strong>mortalium</strong></span> <span class='ocrx_word' id='word_1_829' title='bbox 3065 5527 3248 5594; x_wconf 88' lang='lat' dir='ltr'><strong>generi</strong></span> <span class='ocrx_word' id='word_1_830' title='bbox 3276 5535 3469 5583; x_wconf 86' lang='lat' dir='ltr'><strong>natura</strong></span> <span class='ocrx_word' id='word_1_831' title='bbox 3509 5529 3714 5588; x_wconf 86' lang='lat' dir='ltr'><strong>datum</strong></span> <span class='ocrx_word' id='word_1_832' title='bbox 3740 5543 3835 5592; x_wconf 84' lang='lat' dir='ltr'><strong>est</strong></span> 
     </span>
    </p>
   </div>
   <div class='ocr_carea' id='block_1_109' title="bbox 2217 5614 3829 5694">
    <p class='ocr_par' dir='ltr' id='par_1_109' title="bbox 2217 5614 3829 5694">
     <span class='ocr_line' id='line_1_109' title="bbox 2217 5614 3829 5694; baseline 0.009 -25"><span class='ocrx_word' id='word_1_833' title='bbox 2217 5623 2277 5669; x_wconf 87' lang='lat' dir='ltr'><strong>ut</strong></span> <span class='ocrx_word' id='word_1_834' title='bbox 2297 5615 2542 5670; x_wconf 86' lang='lat' dir='ltr'><strong>abstrusa</strong></span> <span class='ocrx_word' id='word_1_835' title='bbox 2572 5614 2761 5670; x_wconf 83' lang='lat' dir='ltr'><strong>fortius</strong></span> <span class='ocrx_word' id='word_1_836' title='bbox 2787 5625 3013 5685; x_wconf 73' lang='lat' dir='ltr'><strong>quaerat,</strong></span> <span class='ocrx_word' id='word_1_837' title='bbox 3045 5628 3103 5673; x_wconf 87' lang='lat' dir='ltr'><strong>ut</strong></span> <span class='ocrx_word' id='word_1_838' title='bbox 3130 5628 3322 5687; x_wconf 84' lang='lat' dir='ltr'><strong>negata</strong></span> <span class='ocrx_word' id='word_1_839' title='bbox 3371 5623 3543 5690; x_wconf 84' lang='lat' dir='ltr'><strong>magis</strong></span> <span class='ocrx_word' id='word_1_840' title='bbox 3571 5625 3829 5694; x_wconf 86' lang='lat' dir='ltr'><strong>ambiat,</strong></span> 
     </span>
    </p>
   </div>
   <div class='ocr_carea' id='block_1_110' title="bbox 2217 5705 3831 5784">
    <p class='ocr_par' dir='ltr' id='par_1_110' title="bbox 2217 5705 3831 5784">
     <span class='ocr_line' id='line_1_110' title="bbox 2217 5705 3831 5784; baseline 0.011 -24"><span class='ocrx_word' id='word_1_841' title='bbox 2217 5714 2276 5760; x_wconf 91' lang='lat' dir='ltr'><strong>ut</strong></span> <span class='ocrx_word' id='word_1_842' title='bbox 2296 5706 2500 5760; x_wconf 80' lang='lat' dir='ltr'><strong>tardius</strong></span> <span class='ocrx_word' id='word_1_843' title='bbox 2526 5705 2718 5777; x_wconf 89' lang='lat' dir='ltr'><strong>adepta</strong></span> <span class='ocrx_word' id='word_1_844' title='bbox 2752 5709 2870 5779; x_wconf 90' lang='lat' dir='ltr'><strong>plus</strong></span> <span class='ocrx_word' id='word_1_845' title='bbox 2897 5710 3111 5780; x_wconf 88' lang='lat' dir='ltr'><strong>diligat;</strong></span> <span class='ocrx_word' id='word_1_846' title='bbox 3143 5721 3199 5766; x_wconf 92' lang='lat' dir='ltr'><strong>et</strong></span> <span class='ocrx_word' id='word_1_847' title='bbox 3226 5728 3293 5768; x_wconf 91' lang='lat' dir='ltr'><strong>eo</strong></span> <span class='ocrx_word' id='word_1_848' title='bbox 3314 5712 3635 5784; x_wconf 83' lang='lat' dir='ltr'><strong>ﬂagrantius</strong></span> <span class='ocrx_word' id='word_1_849' title='bbox 3659 5735 3831 5776; x_wconf 75' lang='lat' dir='ltr'><strong>aue-</strong></span> 
     </span>
    </p>
   </div>
   <div class='ocr_carea' id='block_1_111' title="bbox 2216 5797 3828 5871">
    <p class='ocr_par' dir='ltr' id='par_1_111' title="bbox 2216 5797 3828 5871">
     <span class='ocr_line' id='line_1_111' title="bbox 2216 5797 3828 5871; baseline 0.015 -24"><span class='ocrx_word' id='word_1_850' title='bbox 2216 5803 2304 5849; x_wconf 89' lang='lat' dir='ltr'><strong>tur</strong></span> <span class='ocrx_word' id='word_1_851' title='bbox 2332 5797 2528 5852; x_wconf 85' lang='lat' dir='ltr'><strong>veritas</strong></span> <span class='ocrx_word' id='word_1_852' title='bbox 2555 5810 2664 5866; x_wconf 88' lang='lat' dir='ltr'><strong>quo</strong></span> <span class='ocrx_word' id='word_1_853' title='bbox 2692 5799 2777 5857; x_wconf 87' lang='lat' dir='ltr'><strong>vel</strong></span> <span class='ocrx_word' id='word_1_854' title='bbox 2805 5799 3005 5865; x_wconf 86' lang='lat' dir='ltr'><strong>diutius</strong></span> <span class='ocrx_word' id='word_1_855' title='bbox 3034 5802 3372 5860; x_wconf 70' lang='lat' dir='ltr'><strong>desideratur</strong></span> <span class='ocrx_word' id='word_1_856' title='bbox 3443 5805 3526 5861; x_wconf 88' lang='lat' dir='ltr'><strong>vel</strong></span> <span class='ocrx_word' id='word_1_857' title='bbox 3557 5806 3828 5871; x_wconf 72' lang='lat' dir='ltr'><strong>laborio-</strong></span> 
     </span>
    </p>
   </div>
  </div>
