4140 6346
243 367 348 428 731

1437 363 1523 420 DE
1557 357 1781 420 STATB
1823 356 2059 414 ANlM/E
2099 355 2226 412 LIB.
2270 357 2332 413 ll.

3419 363 3522 422 738

243 485 352 542 sius
390 484 666 554 queritur,
696 483 782 539 vel
817 481 1031 538 tardius
1071 482 1344 539 invenitur
1395 501 1410 535 :
1460 481 1587 536 hinc
1635 477 1834 534 factum
1866 477 1915 539 Δ
1937 474 2184 544 judicare
2211 483 2266 529 et
2288 473 2546 543 judicari,
2577 491 2801 547 corpora
2845 477 3070 554 judicari
3113 494 3210 534 nec
3255 479 3515 549 judicare.

242 585 324 634 est
381 584 441 631 ut
489 575 792 646 philosophi
845 589 1061 646 quoque
1111 574 1508 630 excellentibus
1558 572 1788 642 ingeniis
1813 611 1828 636 ,

242 665 570 723 multimodis
594 665 882 732 doctrinis,
913 666 1274 735 pugnantibus
1317 663 1623 729 sententiis,
1658 663 1832 731 longis

241 758 450 816 seculis
476 758 545 814 de
571 757 759 814 eadem
786 758 1016 814 veritate
1042 765 1374 828 quaerentes,
1426 757 1494 812 ab
1517 771 1687 826 usque
1727 754 1832 827 Py-

243 851 466 920 thagora
512 848 696 916 ltdico
723 849 810 904 vel
848 848 1030 905 Ionico
1076 848 1303 905 Thalete
1351 863 1566 919 semper
1607 847 1832 902 exstite-

241 945 367 1008 rint,
398 944 491 1012 qui
527 941 913 998 dissidentibus
953 941 1072 997 aliis
1100 942 1187 997 vel
1212 942 1265 997 in
1299 949 1465 1012 parte
1520 939 1698 1011 operis
1737 937 1833 993 ali-

240 1036 369 1106 quid
387 1035 609 1105 dignum
638 1044 786 1090 tanta
816 1035 1007 1105 indage
1042 1024 1326 1091 sentirent.
1360 1033 1516 1090 Unde
1540 1036 1703 1090 etiam
1726 1033 1834 1088 Do-

240 1137 362 1185 ctor
385 1128 629 1197 gentium
675 1143 784 1182 non
825 1134 936 1182 tam
982 1127 1201 1195 ignaros
1226 1126 1341 1182 veri
1369 1125 1720 1196 philosophos
1749 1123 1836 1194 ju-

241 1217 408 1283 dicat,
439 1232 605 1287 quam
627 1217 830 1287 cogniti
859 1223 1263 1288 contemptores
1287 1223 1522 1282 accusat,
1542 1215 1786 1286 inquiens
1817 1231 1831 1268 :

243 1308 538 1366 Invisibilia
573 1307 674 1363 Dei
696 1349 711 1374 ,
743 1326 777 1362 α
814 1319 1054 1364 creatura
1085 1308 1283 1373 mutuli,
1325 1324 1416 1380 per
1447 1323 1508 1362 ea
1547 1323 1662 1378 qua:
1694 1307 1838 1377 facta

237 1411 383 1468 sunt,
404 1391 668 1456 intellecta
707 1401 1097 1471 conspiciantur
1125 1417 1144 1453 :
1177 1399 1488 1471 sempiterna
1521 1413 1716 1474 quoque
1736 1399 1838 1453 vir-

240 1505 324 1548 lus
349 1493 462 1566 ejus
482 1500 532 1547 et
554 1492 796 1546 divinitas
812 1508 832 1556 ;
864 1498 920 1544 ut
961 1491 1066 1545 sint
1094 1489 1474 1545 inexcusabile:
1503 1505 1523 1545 .'
1552 1489 1690 1562 quod
1725 1506 1839 1543 cum

239 1583 602 1656 cognovissent
636 1580 825 1645 Deum,
870 1597 973 1636 non
1011 1583 1146 1636 sicut
1183 1579 1350 1635 Deum
1381 1580 1842 1652 magniﬁcaverunt

242 1675 426 1745 (Rom.
453 1691 490 1741 ι,
521 1672 608 1739 ω,
638 1672 754 1743 21).
784 1672 928 1743 Ergo
955 1682 1360 1743 cognoverunt,
1403 1680 1460 1727 et
1489 1671 1729 1742 ingressa
1756 1679 1842 1727 est

241 1765 545 1821 divinitatis
575 1747 771 1820 abdita:
797 1780 951 1822 mens
977 1764 1211 1818 humana
1246 1769 1543 1827 secretum,
1571 1767 1845 1817 transcen-

1938 565 2092 621 Tunc
2129 574 2307 620 autem
2338 565 2555 621 minime
2600 568 2705 622 falli
2732 568 3076 648 judicantem,
3126 588 3245 628 cum
3286 575 3523 634 adhaeret

1936 659 2009 714 illi
2037 658 2328 714 secundum
2357 659 2500 728 quod
2525 659 2732 728 judicat
2758 680 2768 714 :
2797 670 2922 718 tunc
2950 665 3180 720 maxime
3209 683 3329 722 cum
3355 670 3521 724 colla-

1935 751 2082 808 bitur
2101 752 2167 805 ad
2194 751 2320 806 illud
2343 751 2408 806 de
2423 768 2529 822 quo
2546 752 2766 820 judicat.
2786 753 3052 812 intellexit
3069 774 3283 830 quoque
3303 769 3522 832 propter

1936 841 2323 898 immutabilem
2352 842 2456 896 vim
2486 845 2911 913 contrariorum,
2949 848 3086 904 sicut
3117 853 3362 908 tenebras
3392 853 3518 919 luci,

1937 934 2074 990 sicut
2103 935 2348 992 essentia:
2377 935 2634 1002 nihilum,
2679 936 2751 991 ita
2795 938 3112 1012 incorporeo
3161 961 3355 1016 corpus
3403 963 3522 1003 esse

1938 1025 2283 1081 contrarium.
2332 1025 2399 1079 Et
2447 1026 2579 1081 vidit
2622 1027 3022 1088 similitudinem
3067 1032 3323 1106 cujusque
3361 1037 3439 1092 rei
3466 1037 3518 1094 in

1937 1116 2205 1173 contraria
2236 1131 2354 1172 esse
2390 1133 2496 1172 non
2541 1133 2726 1189 posse,
2757 1120 2881 1190 quia
2911 1120 3157 1178 videlicet
3187 1124 3404 1181 immota
3434 1143 3519 1183 re-

1937 1226 2058 1265 rum
2085 1211 2222 1266 ratio
2249 1228 2356 1266 non
2376 1212 2537 1280 sinat,
2564 1223 2621 1268 ut
2643 1213 2841 1284 aliquid
2862 1216 3003 1270 vivat
3027 1226 3317 1285 mortuum,
3342 1221 3522 1278 videat

1940 1319 2160 1370 aecum,
2191 1306 2484 1361 substantia
2535 1309 2604 1362 sit
2650 1308 2808 1362 simul
2859 1317 2912 1362 et
2941 1309 3183 1364 nihilum.
3236 1311 3333 1367 llic
3363 1313 3523 1382 igitur

1941 1394 2244 1465 intelligens
2272 1399 2511 1454 nonnihil
2538 1399 2598 1454 in
2611 1400 2785 1455 anima
2808 1400 3037 1456 humana
3057 1417 3175 1459 esse
3197 1403 3306 1459 Deo
3327 1404 3520 1465 simile.

1940 1488 2063 1558 quia
2092 1489 2163 1542 sit
2191 1489 2279 1544 ille
2307 1489 2484 1545 lumen
2514 1492 2849 1558 illuminans,
2881 1501 2936 1548 et
2977 1493 3090 1550 haec
3118 1495 3295 1550 lumen
3326 1496 3515 1551 illumi-

1942 1578 2146 1645 nabilc;
2200 1579 2570 1652 incorpoream
2614 1597 2672 1637 sc
2717 1599 2824 1637 non
2866 1583 3025 1638 dubie
3068 1584 3338 1652 decrevit,
3389 1587 3523 1643 illud

1944 1671 2206 1742 adjiciens
2232 1691 2244 1728 :
2270 1674 2414 1744 quod
2441 1674 2486 1728 si
2511 1674 2689 1728 anima
2711 1690 2906 1745 corpus
2936 1684 3096 1740 esset,
3119 1685 3174 1730 et
3197 1676 3313 1732 hzec
3335 1677 3523 1734 eadem

1945 1765 2238 1821 similitudo
2268 1765 2361 1822 Dei
2409 1776 2583 1832 esset,
2634 1782 2927 1837 corporeus
2972 1780 3101 1835 ergo
3148 1767 3288 1823 Deus
3333 1777 3521 1835 esset;

243 1857 430 1927 sisque
458 1856 736 1926 corporeis
764 1855 1012 1911 omnibus
1040 1856 1284 1920 emetita,
1308 1853 1384 1907 ita
1412 1853 1560 1908 illum
1588 1851 1841 1908 videlicet
1869 1858 1918 1922 Β
1937 1855 2191 1926 justeque
2221 1857 2407 1912 maluit
2434 1863 2655 1928 propter
2675 1855 3076 1910 similitudinem
3110 1855 3368 1911 creatoris
3395 1856 3523 1911 sub-

245 1947 616 2002 universitatis
661 1945 794 2001 vidit
825 1961 946 2002 esse
991 1954 1331 2009 creatorem,
1381 1943 1475 2014 qui
1513 1959 1620 1998 non
1663 1943 1838 1999 solum
1887 1986 1897 1995 .

246 2053 514 2110 corporea
545 2039 794 2094 universa
827 2037 1070 2108 praeiret,
1100 2037 1252 2093 sicut
1264 2035 1592 2090 irrationalis
1620 2035 1797 2089 anima
1822 2050 1838 2100 ;

246 2148 428 2202 neque
457 2133 598 2188 hanc
635 2131 822 2195 etiam,
871 2130 1012 2184 sicut
1037 2127 1320 2184 rationalis
1348 2127 1714 2188 antecelleret,
1746 2126 1844 2182 sed

247 2227 342 2298 qui
393 2225 480 2280 his
525 2224 687 2280 simul
733 2222 983 2278 omnibus
1025 2221 1185 2290 longe
1231 2219 1556 2289 incorporali
1601 2220 1842 2290 potentia

252 2324 555 2389 praestaret.
589 2313 819 2370 Videbat
845 2313 992 2367 enim
1032 2311 1240 2366 moveri
1278 2325 1474 2382 corpus
1499 2325 1597 2382 per
1641 2311 1759 2366 lo'ca
1789 2317 1846 2365 et

255 2418 522 2479 tempora,
553 2422 676 2463 cum
704 2405 790 2459 vel
816 2404 885 2460 de
930 2405 1052 2459 loco
1081 2403 1146 2458 in
1165 2402 1342 2457 locum
1388 2401 1624 2468 cederet,
1652 2401 1738 2458 vel
1765 2416 1840 2456 a3-

253 2509 422 2556 tatem
451 2498 709 2568 temporis
739 2495 1134 2550 transcursione
1171 2500 1426 2548 mutaret.
1466 2493 1621 2564 Apud
1647 2509 1706 2549 se
1734 2493 1842 2548 ita-

261 2609 368 2662 «pie
403 2589 676 2661 paululum
708 2587 966 2654 constitit,
1015 2586 1422 2657 potentiamque
1449 2585 1532 2640 sui
1573 2599 1680 2640 non
1724 2586 1841 2640 sine

265 2687 493 2739 horrore
521 2681 834 2752 suspiciens,
857 2680 1202 2750 quaerendum
1230 2692 1299 2733 ne
1325 2693 1485 2748 supra
1521 2692 1582 2732 se
1609 2677 1834 2748 aliquid,

266 2793 336 2832 an
365 2777 417 2830 in
447 2789 506 2830 se
531 2783 673 2831 esset
695 2770 1098 2829 consistendum
1143 2769 1267 2835 sibi,
1297 2768 1576 2823 dubitavit.
1609 2767 1715 2823 Sed
1739 2768 1839 2823 du-

255 2867 515 2922 bitantem
539 2882 598 2921 se
625 2882 730 2920 non
769 2880 889 2920 esse
915 2863 1086 2919 Deum
1109 2861 1358 2917 dubitare
1385 2876 1493 2917 non
1522 2862 1716 2931 potuit,
1750 2860 1840 2917 cui

252 2974 414 3013 causa
461 2957 748 3012 dubietatis
793 2955 1059 3024 ignoratio
1099 2961 1243 3009 esset
1283 2971 1297 3005 :
1352 2969 1463 3007 non
1505 2958 1689 3007 autem
1737 2951 1840 3006 nisi

252 3048 472 3118 ignarus
497 3047 813 3117 ambigeret.
844 3047 985 3102 Deus
1008 3059 1142 3113 vero
1172 3042 1306 3098 nihil
1336 3042 1631 3112 ignoraret,
1655 3054 1720 3096 ac
1741 3047 1836 3110 pe'r

250 3142 358 3195 hoc
386 3139 632 3194 dubitare
653 3154 760 3193 non
783 3146 981 3208 posset.

325 3229 386 3284 ll.
422 3227 590 3285 Porro
615 3237 794 3283 autem
815 3243 873 3282 se
894 3225 1355 3281 animadvertebat
1379 3233 1436 3278 et
1463 3224 1714 3293 ignorare
1743 3238 1841 3281 ne-

248 3322 489 3378 cessario
518 3329 575 3375 et
601 3325 996 3388 consequenter
1024 3316 1315 3384 ambigere,
1345 3313 1558 3386 adjecto
1587 3332 1674 3382 eo,
1697 3315 1842 3387 quod

248 3415 358 3470 etsi
388 3429 493 3469 non
523 3411 840 3468 subderetur
868 3409 1094 3465 moticni
1140 3423 1235 3481 per
1281 3407 1488 3475 locum,
1534 3417 1842 3466 moveretur

249 3515 501 3576 tempore
529 3518 627 3573 per
654 3501 925 3558 allectum.
957 3501 1068 3558 Nec
1097 3500 1387 3572 principale
1414 3516 1594 3556 rerum
1633 3501 1842 3557 stabili-

248 3604 496 3651 mentum
528 3593 697 3660 foret,
728 3593 874 3664 quod
920 3593 1005 3649 vel
1047 3593 1170 3648 loco
1216 3591 1301 3647 vel
1347 3599 1588 3662 tempore
1637 3598 1844 3662 posset,

250 3687 386 3760 quia
417 3688 514 3743 nisi
543 3701 640 3759 per
659 3685 803 3741 aliud
830 3686 1036 3741 moveri
1063 3685 1195 3740 nihil
1222 3692 1424 3756 posset.
1451 3683 1510 3738 ln
1532 3699 1641 3752 quo
1663 3692 1844 3738 autem

250 3779 564 3835 universum
611 3785 799 3844 staret,
848 3777 901 3832 id
945 3777 1000 3832 in
1045 3793 1106 3832 se
1152 3777 1270 3846 ipso
1296 3775 1616 3830 consisteret
1645 3791 1660 3828 :
1685 3775 1764 3830 sic
1792 3775 1848 3831 in

250 3878 482 3925 auctore
509 3885 607 3923 suo
635 3868 794 3922 altius
821 3867 1160 3931 ratiocinata,
1191 3866 1444 3934 cognovit
1466 3865 1595 3920 illud
1619 3865 1763 3934 quod
1794 3866 1849 3920 in

261 3960 550 4030 superiore
588 3959 724 4014 libro
768 3958 1082 4024 memoravi,
1111 3957 1348 4027 viditque
1377 3959 1477 4014 nisi
1517 3958 1584 4012 a‘b
1624 3959 1850 4013 immoto

253 4051 470 4108 moveri
509 4051 638 4107 nihil
665 4064 843 4123 posse.
874 4050 1062 4120 itaque
1105 4049 1405 4105 necessario
1446 4057 1590 4105 stare
1617 4050 1849 4104 animam

255 4155 326 4202 ut
351 4152 799 4216 corpus_moveat
843 4159 940 4214 per
985 4151 1197 4214 tempus
1224 4150 1282 4198 et
1305 4142 1502 4197 locum.
1534 4139 1693 4198 Stare
1722 4157 1850 4198 vero

256 4241 320 4295 in
349 4253 409 4293 se
452 4238 570 4308 ipso
610 4237 800 4300 Deum,
850 4236 945 4307 qui
989 4243 1206 4291 moveat
1233 4235 1468 4290 animam
1493 4249 1594 4306 per
1617 4243 1850 4305 tempus,

254 4345 463 4400 corpus
481 4344 610 4385 vero
632 4343 730 4399 per
748 4327 925 4384 locum
947 4327 1150 4398 pariter
1175 4335 1232 4383 et
1250 4342 1346 4398 per
1371 4335 1599 4399 tempus.
1627 4327 1694 4383 Et
1715 4343 1853 4397 quo-

262 4421 413 4477 niam
443 4419 707 4491 principio
735 4418 938 4474 nullum
977 4425 1155 4489 potest
1181 4434 1300 4475 esse
1327 4420 1642 4492 principium
1659 4463 1674 4489 ,
1705 4423 1850 4491 quod

253 4515 418 4584 juxta
445 4513 513 4568 de
540 4513 902 4579 immensitate
929 4527 994 4568 ac
1039 4513 1464 4582 sempiternitate
1505 4514 1846 4584 cogitandum

1943 1946 2133 2015 limare
2173 1956 2494 2013 creaturam,
2523 1962 2684 2015 quam
2715 1953 2935 2016 propter
2957 1946 3201 2000 eamdem
3226 1945 3526 2000 similitudi-

1944 2051 2066 2090 nem
2090 2036 2369 2091 humiliare
2396 2044 2696 2091 creatorem
2724 2053 2734 2088 :
2762 2044 2911 2091 certo
2940 2048 3270 2102 cognoscens
3297 2033 3526 2091 indisso-

1943 2125 2176 2180 lubiliter
2194 2142 2410 2190 nexum,
2428 2135 2485 2180 ut
2501 2127 2606 2181 duo
2620 2127 2834 2188 similia,
2853 2135 2946 2180 aut
2967 2135 3190 2196 utraque
3209 2127 3525 2198 incorporea

1942 2217 2082 2282 sint,
2132 2224 2226 2270 aut
2274 2225 2499 2286 utraque
2548 2232 2827 2285 corporea.
2864 2216 2994 2272 Esse
3040 2230 3254 2287 quoque
3283 2218 3335 2272 in
3365 2217 3526 2274 rebus

1941 2308 2287 2365 substantivis
2306 2309 2548 2378 qumdam
2572 2325 2678 2365 non
2701 2309 2873 2365 solum
2894 2311 3074 2382 Specie
3095 2310 3393 2376 dissimilia,
3430 2312 3526 2367 sed

1943 2400 2104 2457 etiam
2148 2401 2377 2455 naturali
2407 2402 2592 2472 vigore
2620 2403 2916 2469 contraria,
2948 2412 3005 2458 ut
3033 2419 3170 2473 aqua
3201 2403 3284 2458 vel
3311 2401 3522 2466 ﬂamma

1946 2501 2048 2558 est,
2076 2501 2132 2548 et
2159 2493 2272 2548 hmc
2302 2502 2477 2548 tamen
2508 2511 2628 2549 esse
2657 2510 2938 2565 corporea.
2972 2495 3147 2566 Atque
3174 2497 3299 2552 hinc
3326 2497 3520 2552 mirum

1942 2583 2076 2649 fore,
2121 2585 2164 2639 si
2195 2584 2302 2639 duo
2328 2585 2604 2640 dissimilia
2652 2586 2946 2656 eademque
2988 2587 3291 2654 contraria,
3340 2596 3397 2642 ut
3444 2597 3525 2644 est

1941 2689 2079 2743 aqua
2105 2674 2186 2729 vel
2217 2673 2448 2738 ﬂamma,
2475 2690 2736 2746 corporea
2757 2676 2912 2730 simul
2936 2691 3054 2733 esse
3075 2679 3312 2748 possint;
3344 2686 3399 2732 et
3418 2679 3525 2732 duo

1939 2764 2131 2819 similia
2180 2767 2475 2835 eademque
2524 2766 2916 2830 convenientia,
2966 2767 3108 2835 quod
3157 2776 3242 2823 est
3288 2767 3428 2822 Deus
3471 2775 3526 2824 et

1944 2857 2145 2921 anima,
2175 2856 2490 2926 incorporea
2521 2855 2681 2909 simul
2709 2870 2827 2910 esse
2853 2871 2960 2912 non
2987 2857 3212 2926 possint.

2556 2986 2786 3044 CAPUT
2823 2987 2909 3044 lll.

1945 3119 2507 3205 Philosopftis'ﬁmcis.
2532 3122 2682 3177 πείθω
2720 3120 3022 3205 tes-tiburtia
3049 3139 3307 3205 corporeis
3346 3126 3422 3178 rel
3447 3127 3528 3180 in-

1863 3221 1913 3288 ο
1979 3193 2236 3264 corporeis
2261 3235 2277 3260 ,
2307 3193 2592 3264 exemptum
2630 3194 2812 3249 cameli
2839 3202 2888 3249 et
2918 3193 3149 3266 formicae
3177 3212 3485 3266 proponens.

2013 3327 2051 3382 Ι.
2085 3325 2400 3397 Hujusmodi
2450 3328 2608 3396 igitur
2656 3329 2951 3384 rationibus
2981 3329 3244 3383 utentium
3289 3329 3528 3396 philoso-

1943 3421 2191 3490 phorum,
2221 3419 2397 3489 quoad
2425 3420 2594 3490 potui,
2625 3419 2982 3474 voluminibus
3009 3420 3335 3490 perdagatis,
3369 3420 3523 3488 igno-

1944 3510 2130 3564 bilium
2159 3510 2314 3580 plebe
2359 3511 2578 3578 rejecta,
2631 3511 2872 3580 potiores
2917 3525 3159 3581 quosque
3197 3499 3403 3580 delegi,
3436 3513 3529 3581 qui

1945 3600 2161 3654 veritati
2191 3599 2669 3669 impnesentiarum
2703 3600 3134 3666 testilicarentur,
3157 3615 3383 3670 quorum
3413 3602 3533 3671 qui-

1947 3694 2068 3748 dem
2098 3709 2166 3748 ex
2194 3692 2484 3747 abundanti
2514 3701 2596 3748 est
2626 3692 2865 3764 proferre
2893 3695 3216 3761 sententias;
3245 3711 3349 3750 non
3388 3695 3532 3763 quod

1949 3783 2182 3855 propriis
2209 3781 2552 3846 deliciamus,
2585 3783 2680 3838 sed
2716 3782 2861 3852 quod
2887 3783 3057 3851 magis
3080 3784 3273 3838 mirum
3314 3783 3402 3845 sit,
3435 3784 3531 3838 ad-

1949 3891 2162 3931 versum
2207 3891 2306 3930 nos
2331 3875 2589 3930 dimicare
2637 3884 2868 3941 nostros,
2902 3884 2956 3930 et
2983 3882 3270 3932 extraneos
3295 3891 3532 3947 pugnare

1949 3982 2050 4038 pro
2080 3967 2252 4021 nobis.
2310 3967 2494 4037 Neque
2521 3967 2652 4021 mihi
2677 3966 2918 4038 profecto
2947 3969 3094 4023 cordi
3121 3968 3260 4024 foret
3288 3977 3531 4036 mutuum

1951 4073 2020 4114 ex
2048 4059 2129 4114 his
2157 4073 2352 4129 capere
2398 4058 2702 4128 quippiam,
2753 4059 2856 4114 nisi
2901 4059 3002 4115 iste
3046 4061 3291 4131 corporis
3333 4061 3536 4117 amicus

1949 4151 2064 4206 sola
2091 4149 2446 4221 philosophici
2476 4151 2706 4207 nominis
2752 4152 3045 4218 mentione,
3092 4153 3535 4210 terriculamenta

1953 4240 2199 4311 quaedam
2248 4241 2402 4296 nobis
2449 4241 2685 4296 scientia:
2731 4240 3095 4312 profundioris
3140 4243 3533 4300 ostentavisset.

1951 4332 2032 4389 Ex
2079 4333 2164 4389 his
2209 4333 2370 4402 igitur
2415 4350 2551 4405 quos
2579 4342 2767 4390 contra
2797 4331 3079 4390 veritatem
3122 4345 3300 4402 vocat,
3349 4353 3534 4393 vocem

1950 4425 2194 4481 veritatis
2223 4425 2470 4496 accipiat,
2501 4432 2556 4481 et
2582 4427 2806 4494 geminae
2833 4426 3062 4496 primum
3091 4425 3308 4484 Graecia:
3349 4429 3535 4484 classi-

1951 4532 2073 4571 cum
2120 4517 2463 4573 multisonam
2515 4515 2970 4588 Pythagoreorum
3023 4518 3201 4574 tubam
3251 4527 3306 4575 et
3335 4521 3534 4575 .lituuni

258 4581 368 4660 est.
401 4604 534 4671 Quia
579 4603 719 4660 sicut
759 4619 790 4658 a
819 4602 965 4659 nullo
992 4581 1186 4676 carpit,
1219 4605 1293 4660 ita
1324 4605 1376 4660 in
1404 4605 1552 4660 nullo
1580 4581 1844 4673 consistit,
1873 4581 1930 4645 D
1952 4605 2190 4663 Platonis
2217 4608 2486 4663 exaudiat.
2521 4581 2630 4663 Nec
2658 4581 2919 4664 tumescat
2947 4609 3059 4665 sola
3089 4610 3327 4664 vanitate
3361 4610 3535 4663 nomi-

261 4712 378 4752 non
405 4697 521 4753 sine
547 4694 780 4764 quodam
809 4696 990 4751 medio
1018 4695 1085 4751 ab
1114 4695 1234 4751 imis
1259 4696 1404 4766 quod
1449 4712 1613 4754 omne
1653 4713 1851 4768 corpus

262 4794 370 4850 est,
403 4787 468 4841 ad
497 4801 703 4842 summa
730 4786 875 4856 quod
903 4785 1046 4842 Deus
1072 4793 1174 4854 est,
1207 4788 1587 4843 transeundum
1613 4797 1729 4844 rata
1754 4807 1767 4842 :
1790 4803 1852 4845 se

264 4881 481 4935 scilicet
511 4879 649 4934 inter
675 4887 917 4934 extrema
946 4879 1178 4935 mediam
1205 4881 1454 4950 reperiit,
1486 4895 1552 4936 co
1579 4881 1722 4950 quod
1751 4897 1853 4936 nec

265 4970 516 5039 cuiquam
545 4984 832 5039 corporum
859 4968 1048 5023 similis
1075 4969 1363 5035 existeret,
1405 4970 1532 5038 quia
1559 4971 1852 5027 similitudo

270 5061 369 5116 Dei
395 5069 565 5124 esset;
596 5075 698 5115 nec
717 5059 902 5114 itidem
927 5059 1128 5127 aequari
1145 5058 1258 5114 Deo
1286 5059 1478 5129 possit,
1509 5060 1632 5129 quia
1653 5061 1755 5116 etsi
1782 5061 1851 5114 ab

269 5153 368 5208 illo
399 5153 677 5224 cmpisset,
708 5150 777 5206 de
805 5150 897 5206 illo
925 5166 1033 5205 non
1060 5159 1220 5205 esset.

347 5244 431 5299 Ill.
467 5242 854 5299 Animadvertit
870 5241 1034 5298 etiam
1057 5240 1111 5296 in
1131 5255 1311 5296 rerum
1331 5239 1680 5312 plenitudine,
1710 5241 1854 5297 aliud

273 5357 397 5397 esse
425 5349 449 5378 ⁸
479 5339 770 5396 secundum
813 5337 1093 5394 veritatem
1132 5336 1273 5406 quod
1299 5335 1562 5407 judicaret
1589 5353 1688 5392 nec
1707 5336 1854 5407 judi-

272 5440 518 5497 caretur,
562 5427 706 5485 aliud
733 5427 876 5498 quod
901 5427 1165 5496 judicaret
1210 5433 1268 5480 et
1305 5425 1660 5495 judicaretur,
1705 5427 1850 5482 aliud

274 5521 422 5593 quod
456 5521 783 5590 judicaretur
824 5532 922 5572 nec
965 5517 1256 5586 judicaret;
1289 5517 1314 5555 δ
1337 5519 1628 5576 secundum
1659 5520 1853 5572 verita-

279 5622 392 5670 tem
415 5614 582 5669 Deum
614 5611 853 5682 judicare
887 5609 952 5663 de
979 5623 1085 5677 quo
1115 5625 1218 5664 non
1241 5609 1589 5678 judicaretur,
1619 5613 1852 5670 animam

360 5803 384 5832 ⁸
414 5795 497 5851 ΑΙ.
534 5794 804 5852 secundum
835 5798 967 5864 quod
993 5792 1303 5858 judicarcrit
1332 5801 1376 5846 et
1400 5791 1680 5860 judicaret.

1953 4716 2101 4764 num,
2134 4699 2229 4756 sed
2274 4701 2587 4772 pinguescat
2631 4700 2948 4754 multimoda
2978 4699 3206 4754 veritate
3246 4700 3534 4756 rationum.

1951 4790 2269 4863 Pythagora:
2297 4790 2614 4859 igitur,quia
2646 4790 2776 4844 nihil
2802 4790 2917 4858 ipse
2946 4787 3346 4858 scriptitaverit,
3379 4805 3406 4843 a
3437 4806 3536 4860 po-

1952 4886 2111 4940 steris
2137 4883 2422 4952 quaerenda
2451 4883 2716 4936 sententia
2749 4888 2850 4935 est.
2896 4879 2953 4934 In
2981 4879 3173 4949 quibus
3201 4881 3284 4936 vel
3317 4883 3533 4952 potissi-

1954 4990 2100 5029 mum
2144 4973 2390 5027 ﬂoruisse
2432 4969 2732 5025 Philolaum
2781 4971 2991 5042 reperio
3039 4969 3403 5038 Tarentinum,
3445 4974 3536 5042 qui

1956 5063 2138 5117 multis
2166 5060 2524 5115 voluminibus
2549 5059 2617 5115 de
2665 5060 3021 5129 intelligendis
3068 5064 3259 5131 rebus,
3311 5072 3365 5119 et
3411 5062 3536 5131 quid

1956 5137 2182 5223 qu'thue
2207 5151 2508 5220 Signiﬁcent
2529 5151 2728 5222 oppido
2753 5151 2980 5208 obscure
3021 5154 3333 5218 dissertans,
3364 5151 3536 5221 prius-

1957 5258 2119 5314 quam
2147 5242 2214 5298 de
2241 5242 2435 5298 animai
2475 5241 2775 5298 substantia
2817 5244 3091 5308 decernat,
3137 5245 3204 5298 de
3250 5239 3565 5311 mensuris,

1957 5333 2285 5406 ponderibus
2311 5340 2367 5389 et
2395 5335 2630 5389 numeris
2651 5333 2804 5402 juxta
2833 5335 3208 5402 geometricam
3231 5371 3245 5396 ,
3277 5330 3533 5384 musicam

1959 5437 2120 5498 atque
2149 5429 2520 5484 arthmeticam
2548 5429 2770 5484 mirillce
2797 5427 3034 5495 disputat
3061 5444 3072 5477 :
3103 5439 3198 5495 per
3235 5423 3348 5478 hmc
3377 5439 3536 5479 omne

1961 5522 2264 5577 universum
2284 5521 2552 5577 exstitisse
2575 5518 2914 5580 conﬁrmans,
2940 5517 3012 5570 illi
3033 5515 3278 5569 videlicet
3297 5514 3536 5584 Scriptun

1961 5630 2033 5670 rae
2061 5615 2426 5679 consentiens,
2464 5620 2568 5684 qua
2598 5611 2708 5663 Deo
2735 5607 2965 5662 dicitur:
3001 5605 3279 5670 Mensura,
3312 5607 3536 5677 pondere

2032 5793 2059 5830 δ
2087 5792 2171 5848 ΔΙ.
2205 5790 2482 5847 secundum
2509 5785 2776 5841 veritatem
2813 5782 3121 5839 iudicantem
3158 5784 3394 5839 iudicari;
3421 5797 3424 5801 '
3477 5775 3484 5780 Α
