  <div class='ocr_page' id='page_1' title='image "/cluster/home/n/w/nwhite01/storage/ocr_20150623/53/hvd.32044015471576/375.png"; bbox 0 0 4140 6346; ppageno 0'>
   <div class='ocr_carea' id='block_1_1' title="bbox 555 351 661 410">
    <p class='ocr_par' dir='ltr' id='par_1_1' title="bbox 555 351 661 410">
     <span class='ocr_line' id='line_1_1' title="bbox 555 351 661 410; baseline 0 -12"><span class='ocrx_word' id='word_1_1' title='bbox 555 351 661 410; x_wconf 71' lang='lat'><strong>739</strong></span> 
     </span>
    </p>
   </div>
   <div class='ocr_carea' id='block_1_2' title="bbox 1823 337 3050 398">
    <p class='ocr_par' dir='ltr' id='par_1_2' title="bbox 1823 337 3050 398">
     <span class='ocr_line' id='line_1_2' title="bbox 1823 337 3050 398; baseline 0.003 -4"><span class='ocrx_word' id='word_1_2' title='bbox 1823 337 2144 395; x_wconf 70' lang='lat' dir='ltr'><strong>MAMERTI</strong></span> <span class='ocrx_word' id='word_1_3' title='bbox 2178 337 2544 398; x_wconf 73' lang='lat' dir='ltr'><strong>CLAUDIAM</strong></span> <span class='ocrx_word' id='word_1_4' title='bbox 3032 337 3050 365; x_wconf 78' lang='grc'><strong>⁸</strong></span> 
     </span>
    </p>
   </div>
   <div class='ocr_carea' id='block_1_3' title="bbox 3711 338 3834 402">
    <p class='ocr_par' dir='ltr' id='par_1_3' title="bbox 3711 338 3834 402">
     <span class='ocr_line' id='line_1_3' title="bbox 3711 338 3834 402; baseline 0.033 -4"><span class='ocrx_word' id='word_1_5' title='bbox 3711 338 3834 402; x_wconf 74' lang='grc' dir='ltr'><strong><em>τιο</em></strong></span> 
     </span>
    </p>
   </div>
   <div class='ocr_carea' id='block_1_4' title="bbox 555 419 3828 532">
    <p class='ocr_par' dir='ltr' id='par_1_4' title="bbox 555 419 3828 532">
     <span class='ocr_line' id='line_1_4' title="bbox 555 419 3828 532; baseline -0.002 -9"><span class='ocrx_word' id='word_1_6' title='bbox 555 475 608 523; x_wconf 80' lang='lat' dir='ltr'><strong>et</strong></span> <span class='ocrx_word' id='word_1_7' title='bbox 638 480 848 521; x_wconf 79' lang='lat' dir='ltr'><strong>numero</strong></span> <span class='ocrx_word' id='word_1_8' title='bbox 881 463 1057 518; x_wconf 83' lang='lat' dir='ltr'><strong>omnia</strong></span> <span class='ocrx_word' id='word_1_9' title='bbox 1088 459 1384 532; x_wconf 81' lang='lat' dir='ltr'><strong>disposuisti</strong></span> <span class='ocrx_word' id='word_1_10' title='bbox 1409 457 1562 529; x_wconf 85' lang='lat' dir='ltr'><strong>(Sap.</strong></span> <span class='ocrx_word' id='word_1_11' title='bbox 1591 472 1660 524; x_wconf 79' lang='lat' dir='ltr'><strong>xi,</strong></span> <span class='ocrx_word' id='word_1_12' title='bbox 1683 455 1795 526; x_wconf 74' lang='lat'><strong>21).</strong></span> <span class='ocrx_word' id='word_1_13' title='bbox 1821 456 1993 524; x_wconf 86' lang='lat' dir='ltr'><strong>Quam</strong></span> <span class='ocrx_word' id='word_1_14' title='bbox 2013 455 2132 527; x_wconf 92' lang='lat' dir='ltr'><strong>qui-</strong></span> <span class='ocrx_word' id='word_1_15' title='bbox 2157 457 2208 524; x_wconf 66' lang='grc' dir='ltr'><strong>Α</strong></span> <span class='ocrx_word' id='word_1_16' title='bbox 2236 471 2341 526; x_wconf 91' lang='lat' dir='ltr'><strong>que</strong></span> <span class='ocrx_word' id='word_1_17' title='bbox 2362 419 2700 530; x_wconf 68' lang='lat' dir='ltr'><strong>proveniret,</strong></span> <span class='ocrx_word' id='word_1_18' title='bbox 2721 458 3012 516; x_wconf 71' lang='lat' dir='ltr'><strong>liberaliter</strong></span> <span class='ocrx_word' id='word_1_19' title='bbox 3030 458 3281 518; x_wconf 73' lang='lat' dir='ltr'><strong>videlicet</strong></span> <span class='ocrx_word' id='word_1_20' title='bbox 3299 469 3536 525; x_wconf 80' lang='lat' dir='ltr'><strong>agerem,</strong></span> <span class='ocrx_word' id='word_1_21' title='bbox 3564 457 3828 516; x_wconf 69' lang='lat' dir='ltr'><strong>nonnulla</strong></span> 
     </span>
    </p>
   </div>
   <div class='ocr_carea' id='block_1_5' title="bbox 554 546 2132 615">
    <p class='ocr_par' dir='ltr' id='par_1_5' title="bbox 554 546 2132 615">
     <span class='ocr_line' id='line_1_5' title="bbox 554 546 2132 615; baseline -0.009 -1"><span class='ocrx_word' id='word_1_22' title='bbox 554 558 678 615; x_wconf 87' lang='lat' dir='ltr'><strong>dem</strong></span> <span class='ocrx_word' id='word_1_23' title='bbox 706 573 772 614; x_wconf 85' lang='lat' dir='ltr'><strong>ex</strong></span> <span class='ocrx_word' id='word_1_24' title='bbox 799 555 977 609; x_wconf 86' lang='lat' dir='ltr'><strong>divina</strong></span> <span class='ocrx_word' id='word_1_25' title='bbox 1006 553 1239 610; x_wconf 74' lang='lat' dir='ltr'><strong>lectione</strong></span> <span class='ocrx_word' id='word_1_26' title='bbox 1267 549 1587 606; x_wconf 89' lang='lat' dir='ltr'><strong>sententiam</strong></span> <span class='ocrx_word' id='word_1_27' title='bbox 1643 547 1797 603; x_wconf 90' lang='lat' dir='ltr'><strong>nobis</strong></span> <span class='ocrx_word' id='word_1_28' title='bbox 1845 548 1912 604; x_wconf 88' lang='lat' dir='ltr'><strong>ab</strong></span> <span class='ocrx_word' id='word_1_29' title='bbox 1941 546 2132 601; x_wconf 86' lang='lat' dir='ltr'><strong>adver-</strong></span> 
     </span>
    </p>
   </div>
   <div class='ocr_carea' id='block_1_6' title="bbox 555 637 2131 714">
    <p class='ocr_par' dir='ltr' id='par_1_6' title="bbox 555 637 2131 714">
     <span class='ocr_line' id='line_1_6' title="bbox 555 637 2131 714; baseline -0.009 -9"><span class='ocrx_word' id='word_1_30' title='bbox 555 649 698 706; x_wconf 90' lang='lat' dir='ltr'><strong>sario</strong></span> <span class='ocrx_word' id='word_1_31' title='bbox 725 646 891 702; x_wconf 84' lang='lat' dir='ltr'><strong>miror</strong></span> <span class='ocrx_word' id='word_1_32' title='bbox 917 643 1204 714; x_wconf 88' lang='lat' dir='ltr'><strong>objectam.</strong></span> <span class='ocrx_word' id='word_1_33' title='bbox 1256 640 1394 697; x_wconf 80' lang='lat' dir='ltr'><strong>Dicit</strong></span> <span class='ocrx_word' id='word_1_34' title='bbox 1433 641 1578 696; x_wconf 88' lang='lat' dir='ltr'><strong>enim</strong></span> <span class='ocrx_word' id='word_1_35' title='bbox 1620 640 1796 695; x_wconf 85' lang='lat' dir='ltr'><strong>verbis</strong></span> <span class='ocrx_word' id='word_1_36' title='bbox 1834 639 1915 693; x_wconf 90' lang='lat' dir='ltr'><strong>his</strong></span> <span class='ocrx_word' id='word_1_37' title='bbox 1946 657 1959 692; x_wconf 88' lang='lat'><strong>:</strong></span> <span class='ocrx_word' id='word_1_38' title='bbox 1991 637 2131 692; x_wconf 85' lang='lat' dir='ltr'><strong>Deus</strong></span> 
     </span>
    </p>
   </div>
   <div class='ocr_carea' id='block_1_7' title="bbox 551 730 2129 816">
    <p class='ocr_par' dir='ltr' id='par_1_7' title="bbox 551 730 2129 816">
     <span class='ocr_line' id='line_1_7' title="bbox 551 730 2129 816; baseline -0.007 -21"><span class='ocrx_word' id='word_1_39' title='bbox 551 739 756 814; x_wconf 77' lang='lat' dir='ltr'><strong>quidem</strong></span> <span class='ocrx_word' id='word_1_40' title='bbox 785 753 848 816; x_wconf 74' lang='lat' dir='ltr'><strong>ea:</strong></span> <span class='ocrx_word' id='word_1_41' title='bbox 872 737 1032 792; x_wconf 78' lang='lat' dir='ltr'><strong>nihilo</strong></span> <span class='ocrx_word' id='word_1_42' title='bbox 1054 736 1176 807; x_wconf 76' lang='lat' dir='ltr'><strong>fecit</strong></span> <span class='ocrx_word' id='word_1_43' title='bbox 1204 735 1406 799; x_wconf 83' lang='lat' dir='ltr'><strong>omnia,</strong></span> <span class='ocrx_word' id='word_1_44' title='bbox 1434 734 1519 805; x_wconf 85' lang='lat' dir='ltr'><strong>qui</strong></span> <span class='ocrx_word' id='word_1_45' title='bbox 1539 733 1673 786; x_wconf 84' lang='lat' dir='ltr'><strong>sicut</strong></span> <span class='ocrx_word' id='word_1_46' title='bbox 1701 748 1853 801; x_wconf 85' lang='lat' dir='ltr'><strong>opere</strong></span> <span class='ocrx_word' id='word_1_47' title='bbox 1882 730 2129 795; x_wconf 85' lang='lat' dir='ltr'><strong>instituit,</strong></span> 
     </span>
    </p>
   </div>
   <div class='ocr_carea' id='block_1_8' title="bbox 551 823 2132 898">
    <p class='ocr_par' dir='ltr' id='par_1_8' title="bbox 551 823 2132 898">
     <span class='ocr_line' id='line_1_8' title="bbox 551 823 2132 898; baseline -0.008 -12"><span class='ocrx_word' id='word_1_48' title='bbox 551 834 624 886; x_wconf 87' lang='lat' dir='ltr'><strong>ita</strong></span> <span class='ocrx_word' id='word_1_49' title='bbox 652 830 923 886; x_wconf 86' lang='lat' dir='ltr'><strong>materiam</strong></span> <span class='ocrx_word' id='word_1_50' title='bbox 950 827 1295 898; x_wconf 84' lang='lat' dir='ltr'><strong>incorporavit</strong></span> <span class='ocrx_word' id='word_1_51' title='bbox 1324 823 1472 879; x_wconf 81' lang='lat' dir='ltr'><strong>rebus</strong></span> <span class='ocrx_word' id='word_1_52' title='bbox 1519 824 1786 890; x_wconf 84' lang='lat' dir='ltr'><strong>omnibus,</strong></span> <span class='ocrx_word' id='word_1_53' title='bbox 1834 824 1969 876; x_wconf 91' lang='lat' dir='ltr'><strong>inter</strong></span> <span class='ocrx_word' id='word_1_54' title='bbox 2003 837 2132 894; x_wconf 85' lang='lat' dir='ltr'><strong>quas</strong></span> 
     </span>
    </p>
   </div>
   <div class='ocr_carea' id='block_1_9' title="bbox 553 915 2133 988">
    <p class='ocr_par' dir='ltr' id='par_1_9' title="bbox 553 915 2133 988">
     <span class='ocr_line' id='line_1_9' title="bbox 553 915 2133 988; baseline -0.005 -12"><span class='ocrx_word' id='word_1_55' title='bbox 553 929 601 977; x_wconf 89' lang='lat' dir='ltr'><strong>et</strong></span> <span class='ocrx_word' id='word_1_56' title='bbox 626 923 802 976; x_wconf 89' lang='lat' dir='ltr'><strong>anima</strong></span> <span class='ocrx_word' id='word_1_57' title='bbox 840 928 1093 975; x_wconf 81' lang='lat' dir='ltr'><strong>censetur.</strong></span> <span class='ocrx_word' id='word_1_58' title='bbox 1135 917 1283 973; x_wconf 87' lang='lat' dir='ltr'><strong>Sicut</strong></span> <span class='ocrx_word' id='word_1_59' title='bbox 1309 916 1568 972; x_wconf 77' lang='lat' dir='ltr'><strong>distribuit</strong></span> <span class='ocrx_word' id='word_1_60' title='bbox 1591 915 1836 988; x_wconf 62' lang='lat' dir='ltr'><strong>pondus.</strong></span> <span class='ocrx_word' id='word_1_61' title='bbox 1866 929 2133 968; x_wconf 81' lang='lat' dir='ltr'><strong>numerant</strong></span> 
     </span>
    </p>
   </div>
   <div class='ocr_carea' id='block_1_10' title="bbox 552 1008 1702 1086">
    <p class='ocr_par' dir='ltr' id='par_1_10' title="bbox 552 1008 1702 1086">
     <span class='ocr_line' id='line_1_10' title="bbox 552 1008 1702 1086; baseline -0.006 -19"><span class='ocrx_word' id='word_1_62' title='bbox 552 1024 703 1086; x_wconf 84' lang='lat' dir='ltr'><strong>atque</strong></span> <span class='ocrx_word' id='word_1_63' title='bbox 723 1027 1034 1078; x_wconf 83' lang='lat' dir='ltr'><strong>mensuram,</strong></span> <span class='ocrx_word' id='word_1_64' title='bbox 1057 1011 1130 1063; x_wconf 88' lang='lat' dir='ltr'><strong>ita</strong></span> <span class='ocrx_word' id='word_1_65' title='bbox 1158 1009 1327 1080; x_wconf 84' lang='lat' dir='ltr'><strong>posuit</strong></span> <span class='ocrx_word' id='word_1_66' title='bbox 1347 1008 1702 1080; x_wconf 84' lang='lat' dir='ltr'><strong>quantitatem.</strong></span> 
     </span>
    </p>
   </div>
   <div class='ocr_carea' id='block_1_11' title="bbox 621 1096 2134 1167">
    <p class='ocr_par' dir='ltr' id='par_1_11' title="bbox 621 1096 2134 1167">
     <span class='ocr_line' id='line_1_11' title="bbox 621 1096 2134 1167; baseline -0.006 -9"><span class='ocrx_word' id='word_1_67' title='bbox 621 1104 686 1160; x_wconf 90' lang='lat' dir='ltr'><strong>ll.</strong></span> <span class='ocrx_word' id='word_1_68' title='bbox 717 1101 1128 1166; x_wconf 83' lang='lat' dir='ltr'><strong>Animadverte,</strong></span> <span class='ocrx_word' id='word_1_69' title='bbox 1159 1100 1330 1156; x_wconf 87' lang='lat' dir='ltr'><strong>nostri</strong></span> <span class='ocrx_word' id='word_1_70' title='bbox 1371 1097 1512 1156; x_wconf 90' lang='lat' dir='ltr'><strong>bone</strong></span> <span class='ocrx_word' id='word_1_71' title='bbox 1559 1098 1823 1167; x_wconf 85' lang='lat' dir='ltr'><strong>cognitor,</strong></span> <span class='ocrx_word' id='word_1_72' title='bbox 1854 1096 2134 1165; x_wconf 64' lang='lat' dir='ltr'><strong>praesentis</strong></span> 
     </span>
    </p>
   </div>
   <div class='ocr_carea' id='block_1_12' title="bbox 553 1187 2131 1266">
    <p class='ocr_par' dir='ltr' id='par_1_12' title="bbox 553 1187 2131 1266">
     <span class='ocr_line' id='line_1_12' title="bbox 553 1187 2131 1266; baseline -0.01 -12"><span class='ocrx_word' id='word_1_73' title='bbox 553 1196 732 1254; x_wconf 61' lang='lat' dir='ltr'><strong>saeculi</strong></span> <span class='ocrx_word' id='word_1_74' title='bbox 761 1194 992 1266; x_wconf 90' lang='lat' dir='ltr'><strong>peritum</strong></span> <span class='ocrx_word' id='word_1_75' title='bbox 1020 1188 1412 1258; x_wconf 85' lang='lat' dir='ltr'><strong>facundumque</strong></span> <span class='ocrx_word' id='word_1_76' title='bbox 1439 1188 1716 1244; x_wconf 90' lang='lat' dir='ltr'><strong>doctorem</strong></span> <span class='ocrx_word' id='word_1_77' title='bbox 1735 1226 1750 1251; x_wconf 93' lang='lat'><strong>,</strong></span> <span class='ocrx_word' id='word_1_78' title='bbox 1782 1187 1918 1241; x_wconf 61' lang='lat' dir='ltr'><strong>nihil.</strong></span> <span class='ocrx_word' id='word_1_79' title='bbox 1953 1187 2131 1242; x_wconf 88' lang='lat' dir='ltr'><strong>incor-</strong></span> 
     </span>
    </p>
   </div>
   <div class='ocr_carea' id='block_1_13' title="bbox 553 1279 2135 1360">
    <p class='ocr_par' dir='ltr' id='par_1_13' title="bbox 553 1279 2135 1360">
     <span class='ocr_line' id='line_1_13' title="bbox 553 1279 2135 1360; baseline -0.006 -16"><span class='ocrx_word' id='word_1_80' title='bbox 553 1301 779 1360; x_wconf 90' lang='lat' dir='ltr'><strong>poreum</strong></span> <span class='ocrx_word' id='word_1_81' title='bbox 809 1283 922 1340; x_wconf 88' lang='lat' dir='ltr'><strong>vult</strong></span> <span class='ocrx_word' id='word_1_82' title='bbox 948 1291 1211 1348; x_wconf 89' lang='lat' dir='ltr'><strong>creatum,</strong></span> <span class='ocrx_word' id='word_1_83' title='bbox 1259 1289 1315 1336; x_wconf 91' lang='lat' dir='ltr'><strong>et</strong></span> <span class='ocrx_word' id='word_1_84' title='bbox 1356 1280 1753 1350; x_wconf 82' lang='lat' dir='ltr'><strong>incorporatum</strong></span> <span class='ocrx_word' id='word_1_85' title='bbox 1798 1279 1927 1334; x_wconf 84' lang='lat' dir='ltr'><strong>dicit</strong></span> <span class='ocrx_word' id='word_1_86' title='bbox 1973 1294 2135 1350; x_wconf 83' lang='lat' dir='ltr'><strong>omne</strong></span> 
     </span>
    </p>
   </div>
   <div class='ocr_carea' id='block_1_14' title="bbox 553 1371 2136 1452">
    <p class='ocr_par' dir='ltr' id='par_1_14' title="bbox 553 1371 2136 1452">
     <span class='ocr_line' id='line_1_14' title="bbox 553 1371 2136 1452; baseline -0.009 -15"><span class='ocrx_word' id='word_1_87' title='bbox 553 1393 893 1452; x_wconf 89' lang='lat' dir='ltr'><strong>corporeum.</strong></span> <span class='ocrx_word' id='word_1_88' title='bbox 941 1375 1042 1430; x_wconf 90' lang='lat' dir='ltr'><strong>Cui</strong></span> <span class='ocrx_word' id='word_1_89' title='bbox 1087 1375 1490 1447; x_wconf 64' lang='lat' dir='ltr'><strong>incorporatur,</strong></span> <span class='ocrx_word' id='word_1_90' title='bbox 1531 1388 1732 1441; x_wconf 80' lang='lat' dir='ltr'><strong>qmeso,</strong></span> <span class='ocrx_word' id='word_1_91' title='bbox 1767 1371 1909 1442; x_wconf 91' lang='lat' dir='ltr'><strong>quod</strong></span> <span class='ocrx_word' id='word_1_92' title='bbox 1937 1386 2136 1440; x_wconf 90' lang='lat' dir='ltr'><strong>corpus</strong></span> 
     </span>
    </p>
   </div>
   <div class='ocr_carea' id='block_1_15' title="bbox 553 1463 2135 1538">
    <p class='ocr_par' dir='ltr' id='par_1_15' title="bbox 553 1463 2135 1538">
     <span class='ocr_line' id='line_1_15' title="bbox 553 1463 2135 1538; baseline -0.008 -11"><span class='ocrx_word' id='word_1_93' title='bbox 553 1465 669 1528; x_wconf 83' lang='lat' dir='ltr'><strong>est?</strong></span> <span class='ocrx_word' id='word_1_94' title='bbox 698 1469 755 1525; x_wconf 91' lang='lat' dir='ltr'><strong>Si</strong></span> <span class='ocrx_word' id='word_1_95' title='bbox 783 1471 836 1523; x_wconf 84' lang='lat' dir='ltr'><strong>in</strong></span> <span class='ocrx_word' id='word_1_96' title='bbox 854 1509 868 1534; x_wconf 98' lang='lat'><strong>,</strong></span> <span class='ocrx_word' id='word_1_97' title='bbox 899 1483 998 1538; x_wconf 92' lang='lat' dir='ltr'><strong>pro</strong></span> <span class='ocrx_word' id='word_1_98' title='bbox 1026 1483 1129 1522; x_wconf 85' lang='lat' dir='ltr'><strong>non</strong></span> <span class='ocrx_word' id='word_1_99' title='bbox 1147 1507 1162 1532; x_wconf 94' lang='lat'><strong>,</strong></span> <span class='ocrx_word' id='word_1_100' title='bbox 1192 1463 1330 1519; x_wconf 89' lang='lat' dir='ltr'><strong>forte</strong></span> <span class='ocrx_word' id='word_1_101' title='bbox 1359 1463 1618 1535; x_wconf 89' lang='lat' dir='ltr'><strong>posuisti,</strong></span> <span class='ocrx_word' id='word_1_102' title='bbox 1652 1474 1707 1516; x_wconf 85' lang='lat' dir='ltr'><strong>ut</strong></span> <span class='ocrx_word' id='word_1_103' title='bbox 1750 1464 2135 1531; x_wconf 83' lang='lat' dir='ltr'><strong>incorporatum</strong></span> 
     </span>
    </p>
   </div>
   <div class='ocr_carea' id='block_1_16' title="bbox 552 1555 2137 1638">
    <p class='ocr_par' dir='ltr' id='par_1_16' title="bbox 552 1555 2137 1638">
     <span class='ocr_line' id='line_1_16' title="bbox 552 1555 2137 1638; baseline -0.007 -19"><span class='ocrx_word' id='word_1_104' title='bbox 552 1581 651 1638; x_wconf 89' lang='lat' dir='ltr'><strong>pro</strong></span> <span class='ocrx_word' id='word_1_105' title='bbox 682 1579 786 1619; x_wconf 89' lang='lat' dir='ltr'><strong>non</strong></span> <span class='ocrx_word' id='word_1_106' title='bbox 828 1569 1097 1632; x_wconf 86' lang='lat' dir='ltr'><strong>corporato</strong></span> <span class='ocrx_word' id='word_1_107' title='bbox 1144 1558 1277 1614; x_wconf 88' lang='lat' dir='ltr'><strong>velis</strong></span> <span class='ocrx_word' id='word_1_108' title='bbox 1315 1557 1558 1624; x_wconf 77' lang='lat' dir='ltr'><strong>intelligi,</strong></span> <span class='ocrx_word' id='word_1_109' title='bbox 1613 1557 1732 1626; x_wconf 83' lang='lat' dir='ltr'><strong>plus</strong></span> <span class='ocrx_word' id='word_1_110' title='bbox 1779 1555 1933 1608; x_wconf 89' lang='lat' dir='ltr'><strong>nobis</strong></span> <span class='ocrx_word' id='word_1_111' title='bbox 1973 1569 2137 1624; x_wconf 88' lang='lat' dir='ltr'><strong>quam</strong></span> 
     </span>
    </p>
   </div>
   <div class='ocr_carea' id='block_1_17' title="bbox 553 1646 2137 1724">
    <p class='ocr_par' dir='ltr' id='par_1_17' title="bbox 553 1646 2137 1724">
     <span class='ocr_line' id='line_1_17' title="bbox 553 1646 2137 1724; baseline -0.007 -12"><span class='ocrx_word' id='word_1_112' title='bbox 553 1657 800 1713; x_wconf 89' lang='lat' dir='ltr'><strong>volumus</strong></span> <span class='ocrx_word' id='word_1_113' title='bbox 847 1660 1040 1724; x_wconf 85' lang='lat' dir='ltr'><strong>sponte</strong></span> <span class='ocrx_word' id='word_1_114' title='bbox 1086 1650 1312 1720; x_wconf 77' lang='lat' dir='ltr'><strong>largiris.</strong></span> <span class='ocrx_word' id='word_1_115' title='bbox 1358 1649 1494 1715; x_wconf 84' lang='lat' dir='ltr'><strong>Quia</strong></span> <span class='ocrx_word' id='word_1_116' title='bbox 1536 1648 1580 1702; x_wconf 91' lang='lat' dir='ltr'><strong>si</strong></span> <span class='ocrx_word' id='word_1_117' title='bbox 1621 1655 1810 1704; x_wconf 86' lang='lat' dir='ltr'><strong>auctor</strong></span> <span class='ocrx_word' id='word_1_118' title='bbox 1837 1662 2016 1702; x_wconf 90' lang='lat' dir='ltr'><strong>rerum</strong></span> <span class='ocrx_word' id='word_1_119' title='bbox 2043 1646 2137 1715; x_wconf 86' lang='lat' dir='ltr'><strong>qui</strong></span> 
     </span>
    </p>
   </div>
   <div class='ocr_carea' id='block_1_18' title="bbox 554 1741 2135 1813">
    <p class='ocr_par' dir='ltr' id='par_1_18' title="bbox 554 1741 2135 1813">
     <span class='ocr_line' id='line_1_18' title="bbox 554 1741 2135 1813; baseline -0.005 -11"><span class='ocrx_word' id='word_1_120' title='bbox 554 1748 680 1804; x_wconf 89' lang='lat' dir='ltr'><strong>fecit</strong></span> <span class='ocrx_word' id='word_1_121' title='bbox 704 1747 883 1802; x_wconf 88' lang='lat' dir='ltr'><strong>omnia</strong></span> <span class='ocrx_word' id='word_1_122' title='bbox 903 1786 917 1811; x_wconf 98' lang='lat'><strong>,</strong></span> <span class='ocrx_word' id='word_1_123' title='bbox 946 1759 1059 1799; x_wconf 90' lang='lat' dir='ltr'><strong>non</strong></span> <span class='ocrx_word' id='word_1_124' title='bbox 1089 1742 1426 1813; x_wconf 87' lang='lat' dir='ltr'><strong>corporavit;</strong></span> <span class='ocrx_word' id='word_1_125' title='bbox 1459 1741 1574 1795; x_wconf 90' lang='lat' dir='ltr'><strong>sine</strong></span> <span class='ocrx_word' id='word_1_126' title='bbox 1603 1755 1830 1810; x_wconf 87' lang='lat' dir='ltr'><strong>corpore</strong></span> <span class='ocrx_word' id='word_1_127' title='bbox 1854 1747 1978 1794; x_wconf 87' lang='lat' dir='ltr'><strong>sunt</strong></span> <span class='ocrx_word' id='word_1_128' title='bbox 2005 1754 2135 1809; x_wconf 86' lang='lat' dir='ltr'><strong>ergo</strong></span> 
     </span>
    </p>
   </div>
   <div class='ocr_carea' id='block_1_19' title="bbox 2235 549 3836 619">
    <p class='ocr_par' dir='ltr' id='par_1_19' title="bbox 2235 549 3836 619">
     <span class='ocr_line' id='line_1_19' title="bbox 2235 549 3836 619; baseline 0.003 -16"><span class='ocrx_word' id='word_1_129' title='bbox 2235 551 2330 606; x_wconf 85' lang='lat' dir='ltr'><strong>tibi</strong></span> <span class='ocrx_word' id='word_1_130' title='bbox 2378 549 2446 605; x_wconf 90' lang='lat' dir='ltr'><strong>de</strong></span> <span class='ocrx_word' id='word_1_131' title='bbox 2489 565 2610 606; x_wconf 87' lang='lat' dir='ltr'><strong>meo</strong></span> <span class='ocrx_word' id='word_1_132' title='bbox 2651 549 2773 619; x_wconf 85' lang='lat' dir='ltr'><strong>jure</strong></span> <span class='ocrx_word' id='word_1_133' title='bbox 2817 550 3189 607; x_wconf 85' lang='lat' dir='ltr'><strong>concederem.</strong></span> <span class='ocrx_word' id='word_1_134' title='bbox 3242 549 3428 619; x_wconf 82' lang='lat' dir='ltr'><strong>Neque</strong></span> <span class='ocrx_word' id='word_1_135' title='bbox 3474 549 3723 619; x_wconf 77' lang='lat' dir='ltr'><strong>protinus</strong></span> <span class='ocrx_word' id='word_1_136' title='bbox 3751 550 3836 608; x_wconf 79' lang='lat' dir='ltr'><strong>de</strong></span> 
     </span>
    </p>
   </div>
   <div class='ocr_carea' id='block_1_20' title="bbox 2236 640 3830 712">
    <p class='ocr_par' dir='ltr' id='par_1_20' title="bbox 2236 640 3830 712">
     <span class='ocr_line' id='line_1_20' title="bbox 2236 640 3830 712; baseline 0.003 -18"><span class='ocrx_word' id='word_1_137' title='bbox 2236 640 2455 696; x_wconf 89' lang='lat' dir='ltr'><strong>homine</strong></span> <span class='ocrx_word' id='word_1_138' title='bbox 2483 655 2777 711; x_wconf 61' lang='lat' dir='ltr'><strong>quaererem</strong></span> <span class='ocrx_word' id='word_1_139' title='bbox 2797 683 2812 709; x_wconf 95' lang='lat'><strong>,</strong></span> <span class='ocrx_word' id='word_1_140' title='bbox 2844 641 2937 698; x_wconf 84' lang='lat' dir='ltr'><strong>sed</strong></span> <span class='ocrx_word' id='word_1_141' title='bbox 2965 641 3113 712; x_wconf 87' lang='lat' dir='ltr'><strong>prius</strong></span> <span class='ocrx_word' id='word_1_142' title='bbox 3166 640 3417 712; x_wconf 83' lang='lat' dir='ltr'><strong>precario</strong></span> <span class='ocrx_word' id='word_1_143' title='bbox 3442 655 3726 711; x_wconf 75' lang='lat' dir='ltr'><strong>poscerem</strong></span> <span class='ocrx_word' id='word_1_144' title='bbox 3758 649 3830 698; x_wconf 86' lang='lat' dir='ltr'><strong>ut</strong></span> 
     </span>
    </p>
   </div>
   <div class='ocr_carea' id='block_1_21' title="bbox 2236 731 3828 803">
    <p class='ocr_par' dir='ltr' id='par_1_21' title="bbox 2236 731 3828 803">
     <span class='ocr_line' id='line_1_21' title="bbox 2236 731 3828 803; baseline 0.002 -17"><span class='ocrx_word' id='word_1_145' title='bbox 2236 747 2414 787; x_wconf 89' lang='lat' dir='ltr'><strong>rerum</strong></span> <span class='ocrx_word' id='word_1_146' title='bbox 2460 733 2662 790; x_wconf 89' lang='lat' dir='ltr'><strong>callens</strong></span> <span class='ocrx_word' id='word_1_147' title='bbox 2702 733 2938 790; x_wconf 80' lang='lat' dir='ltr'><strong>evidenti</strong></span> <span class='ocrx_word' id='word_1_148' title='bbox 2979 734 3211 790; x_wconf 89' lang='lat' dir='ltr'><strong>faterere</strong></span> <span class='ocrx_word' id='word_1_149' title='bbox 3251 745 3531 803; x_wconf 76' lang='lat' dir='ltr'><strong>responso.</strong></span> <span class='ocrx_word' id='word_1_150' title='bbox 3561 731 3828 789; x_wconf 62' lang='lat' dir='ltr'><strong>Formica:</strong></span> 
     </span>
    </p>
   </div>
   <div class='ocr_carea' id='block_1_22' title="bbox 2234 822 3834 894">
    <p class='ocr_par' dir='ltr' id='par_1_22' title="bbox 2234 822 3834 894">
     <span class='ocr_line' id='line_1_22' title="bbox 2234 822 3834 894; baseline 0.003 -17"><span class='ocrx_word' id='word_1_151' title='bbox 2234 830 2292 877; x_wconf 90' lang='lat' dir='ltr'><strong>et</strong></span> <span class='ocrx_word' id='word_1_152' title='bbox 2332 823 2524 878; x_wconf 87' lang='lat' dir='ltr'><strong>cameli</strong></span> <span class='ocrx_word' id='word_1_153' title='bbox 2567 825 2770 879; x_wconf 86' lang='lat' dir='ltr'><strong>animas</strong></span> <span class='ocrx_word' id='word_1_154' title='bbox 2823 832 3130 880; x_wconf 86' lang='lat' dir='ltr'><strong>utrumnam</strong></span> <span class='ocrx_word' id='word_1_155' title='bbox 3179 822 3521 894; x_wconf 65' lang='lat' dir='ltr'><strong>providentia</strong></span> <span class='ocrx_word' id='word_1_156' title='bbox 3563 837 3633 878; x_wconf 84' lang='lat' dir='ltr'><strong>an</strong></span> <span class='ocrx_word' id='word_1_157' title='bbox 3672 824 3834 882; x_wconf 71' lang='lat' dir='ltr'><strong>mole.</strong></span> 
     </span>
    </p>
   </div>
   <div class='ocr_carea' id='block_1_23' title="bbox 2235 913 3832 985">
    <p class='ocr_par' dir='ltr' id='par_1_23' title="bbox 2235 913 3832 985">
     <span class='ocr_line' id='line_1_23' title="bbox 2235 913 3832 985; baseline 0.001 -17"><span class='ocrx_word' id='word_1_158' title='bbox 2235 914 2522 970; x_wconf 85' lang='lat' dir='ltr'><strong>censeres?</strong></span> <span class='ocrx_word' id='word_1_159' title='bbox 2550 914 2607 969; x_wconf 88' lang='lat' dir='ltr'><strong>Si</strong></span> <span class='ocrx_word' id='word_1_160' title='bbox 2633 914 2988 985; x_wconf 86' lang='lat' dir='ltr'><strong>providentia,</strong></span> <span class='ocrx_word' id='word_1_161' title='bbox 3014 915 3132 971; x_wconf 90' lang='lat' dir='ltr'><strong>luce</strong></span> <span class='ocrx_word' id='word_1_162' title='bbox 3157 913 3412 983; x_wconf 80' lang='lat' dir='ltr'><strong>liquidius</strong></span> <span class='ocrx_word' id='word_1_163' title='bbox 3451 921 3597 974; x_wconf 80' lang='lat' dir='ltr'><strong>esset.</strong></span> <span class='ocrx_word' id='word_1_164' title='bbox 3628 914 3832 970; x_wconf 68' lang='lat' dir='ltr'><strong>animas</strong></span> 
     </span>
    </p>
   </div>
   <div class='ocr_carea' id='block_1_24' title="bbox 2235 1004 3829 1075">
    <p class='ocr_par' dir='ltr' id='par_1_24' title="bbox 2235 1004 3829 1075">
     <span class='ocr_line' id='line_1_24' title="bbox 2235 1004 3829 1075; baseline 0.003 -15"><span class='ocrx_word' id='word_1_165' title='bbox 2235 1004 2426 1060; x_wconf 87' lang='lat' dir='ltr'><strong>cameli</strong></span> <span class='ocrx_word' id='word_1_166' title='bbox 2473 1005 2551 1060; x_wconf 89' lang='lat' dir='ltr'><strong>sic</strong></span> <span class='ocrx_word' id='word_1_167' title='bbox 2579 1005 2812 1060; x_wconf 87' lang='lat' dir='ltr'><strong>animam</strong></span> <span class='ocrx_word' id='word_1_168' title='bbox 2857 1014 3113 1075; x_wconf 63' lang='lat' dir='ltr'><strong>praestare</strong></span> <span class='ocrx_word' id='word_1_169' title='bbox 3160 1005 3430 1072; x_wconf 67' lang='lat' dir='ltr'><strong>formicae,</strong></span> <span class='ocrx_word' id='word_1_170' title='bbox 3482 1014 3542 1061; x_wconf 79' lang='lat' dir='ltr'><strong>ut</strong></span> <span class='ocrx_word' id='word_1_171' title='bbox 3581 1007 3829 1064; x_wconf 85' lang='lat' dir='ltr'><strong>eamelus</strong></span> 
     </span>
    </p>
   </div>
   <div class='ocr_carea' id='block_1_25' title="bbox 2236 1097 3830 1168">
    <p class='ocr_par' dir='ltr' id='par_1_25' title="bbox 2236 1097 3830 1168">
     <span class='ocr_line' id='line_1_25' title="bbox 2236 1097 3830 1168; baseline 0 -16"><span class='ocrx_word' id='word_1_172' title='bbox 2236 1106 2387 1154; x_wconf 91' lang='lat' dir='ltr'><strong>tanto</strong></span> <span class='ocrx_word' id='word_1_173' title='bbox 2417 1114 2553 1168; x_wconf 89' lang='lat' dir='ltr'><strong>pene</strong></span> <span class='ocrx_word' id='word_1_174' title='bbox 2581 1099 2757 1152; x_wconf 90' lang='lat' dir='ltr'><strong>minor</strong></span> <span class='ocrx_word' id='word_1_175' title='bbox 2785 1097 3020 1156; x_wconf 67' lang='lat' dir='ltr'><strong>formica:</strong></span> <span class='ocrx_word' id='word_1_176' title='bbox 3063 1098 3135 1153; x_wconf 87' lang='lat' dir='ltr'><strong>sit</strong></span> <span class='ocrx_word' id='word_1_177' title='bbox 3177 1097 3358 1154; x_wconf 76' lang='lat' dir='ltr'><strong>atumo</strong></span> <span class='ocrx_word' id='word_1_178' title='bbox 3375 1137 3390 1163; x_wconf 89' lang='lat'><strong>,</strong></span> <span class='ocrx_word' id='word_1_179' title='bbox 3417 1104 3620 1166; x_wconf 86' lang='lat' dir='ltr'><strong>quanto</strong></span> <span class='ocrx_word' id='word_1_180' title='bbox 3648 1098 3830 1167; x_wconf 82' lang='lat' dir='ltr'><strong>major</strong></span> 
     </span>
    </p>
   </div>
   <div class='ocr_carea' id='block_1_26' title="bbox 2235 1188 3836 1260">
    <p class='ocr_par' dir='ltr' id='par_1_26' title="bbox 2235 1188 3836 1260">
     <span class='ocr_line' id='line_1_26' title="bbox 2235 1188 3836 1260; baseline 0.001 -16"><span class='ocrx_word' id='word_1_181' title='bbox 2235 1197 2319 1245; x_wconf 89' lang='lat' dir='ltr'><strong>est</strong></span> <span class='ocrx_word' id='word_1_182' title='bbox 2346 1206 2593 1259; x_wconf 85' lang='lat' dir='ltr'><strong>corpore.</strong></span> <span class='ocrx_word' id='word_1_183' title='bbox 2625 1188 2680 1244; x_wconf 90' lang='lat' dir='ltr'><strong>Si</strong></span> <span class='ocrx_word' id='word_1_184' title='bbox 2710 1190 2879 1246; x_wconf 88' lang='lat' dir='ltr'><strong>moles</strong></span> <span class='ocrx_word' id='word_1_185' title='bbox 2901 1189 2995 1244; x_wconf 86' lang='lat' dir='ltr'><strong>tibi</strong></span> <span class='ocrx_word' id='word_1_186' title='bbox 3015 1189 3070 1243; x_wconf 88' lang='lat' dir='ltr'><strong>in</strong></span> <span class='ocrx_word' id='word_1_187' title='bbox 3091 1188 3392 1250; x_wconf 67' lang='lat' dir='ltr'><strong>&#39;mtiusmodi</strong></span> <span class='ocrx_word' id='word_1_188' title='bbox 3415 1191 3836 1260; x_wconf 76' lang='lat' dir='ltr'><strong>coparatioue</strong></span> 
     </span>
    </p>
   </div>
   <div class='ocr_carea' id='block_1_27' title="bbox 2234 1282 3834 1353">
    <p class='ocr_par' dir='ltr' id='par_1_27' title="bbox 2234 1282 3834 1353">
     <span class='ocr_line' id='line_1_27' title="bbox 2234 1282 3834 1353; baseline 0.003 -17"><span class='ocrx_word' id='word_1_189' title='bbox 2234 1283 2541 1353; x_wconf 84' lang='lat' dir='ltr'><strong>placuisset,</strong></span> <span class='ocrx_word' id='word_1_190' title='bbox 2574 1282 2760 1337; x_wconf 91' lang='lat' dir='ltr'><strong>eadem</strong></span> <span class='ocrx_word' id='word_1_191' title='bbox 2792 1297 2988 1353; x_wconf 86' lang='lat' dir='ltr'><strong>nempe</strong></span> <span class='ocrx_word' id='word_1_192' title='bbox 3013 1282 3348 1353; x_wconf 73' lang='lat' dir='ltr'><strong>replicat-em,</strong></span> <span class='ocrx_word' id='word_1_193' title='bbox 3372 1291 3429 1338; x_wconf 90' lang='lat' dir='ltr'><strong>et</strong></span> <span class='ocrx_word' id='word_1_194' title='bbox 3451 1282 3622 1338; x_wconf 86' lang='lat' dir='ltr'><strong>nihilo</strong></span> <span class='ocrx_word' id='word_1_195' title='bbox 3646 1284 3834 1340; x_wconf 81' lang='lat' dir='ltr'><strong>secius</strong></span> 
     </span>
    </p>
   </div>
   <div class='ocr_carea' id='block_1_28' title="bbox 2235 1375 3826 1446">
    <p class='ocr_par' dir='ltr' id='par_1_28' title="bbox 2235 1375 3826 1446">
     <span class='ocr_line' id='line_1_28' title="bbox 2235 1375 3826 1446; baseline 0.001 -16"><span class='ocrx_word' id='word_1_196' title='bbox 2235 1391 2574 1444; x_wconf 66' lang='lat' dir='ltr'><strong>quaererem:</strong></span> <span class='ocrx_word' id='word_1_197' title='bbox 2607 1375 2662 1430; x_wconf 91' lang='lat' dir='ltr'><strong>Si</strong></span> <span class='ocrx_word' id='word_1_198' title='bbox 2703 1375 2896 1432; x_wconf 89' lang='lat' dir='ltr'><strong>modus</strong></span> <span class='ocrx_word' id='word_1_199' title='bbox 2941 1375 3132 1430; x_wconf 68' lang='lat' dir='ltr'><strong>animas</strong></span> <span class='ocrx_word' id='word_1_200' title='bbox 3176 1377 3422 1446; x_wconf 78' lang='lat' dir='ltr'><strong>corporis</strong></span> <span class='ocrx_word' id='word_1_201' title='bbox 3461 1377 3655 1436; x_wconf 77' lang='lat' dir='ltr'><strong>modus</strong></span> <span class='ocrx_word' id='word_1_202' title='bbox 3701 1386 3826 1441; x_wconf 78' lang='lat' dir='ltr'><strong>est.</strong></span> 
     </span>
    </p>
   </div>
   <div class='ocr_carea' id='block_1_29' title="bbox 2237 1467 3830 1542">
    <p class='ocr_par' dir='ltr' id='par_1_29' title="bbox 2237 1467 3830 1542">
     <span class='ocr_line' id='line_1_29' title="bbox 2237 1467 3830 1542; baseline 0.002 -18"><span class='ocrx_word' id='word_1_203' title='bbox 2237 1483 2331 1524; x_wconf 89' lang='lat' dir='ltr'><strong>cur</strong></span> <span class='ocrx_word' id='word_1_204' title='bbox 2352 1467 2488 1522; x_wconf 87' lang='lat' dir='ltr'><strong>infra</strong></span> <span class='ocrx_word' id='word_1_205' title='bbox 2510 1468 2754 1537; x_wconf 89' lang='lat' dir='ltr'><strong>corporis</strong></span> <span class='ocrx_word' id='word_1_206' title='bbox 2773 1467 2992 1526; x_wconf 88' lang='lat' dir='ltr'><strong>modum</strong></span> <span class='ocrx_word' id='word_1_207' title='bbox 3011 1468 3249 1526; x_wconf 84' lang='lat' dir='ltr'><strong>eamelus</strong></span> <span class='ocrx_word' id='word_1_208' title='bbox 3267 1467 3562 1534; x_wconf 85' lang='lat' dir='ltr'><strong>brutescat,</strong></span> <span class='ocrx_word' id='word_1_209' title='bbox 3583 1479 3642 1525; x_wconf 90' lang='lat' dir='ltr'><strong>et</strong></span> <span class='ocrx_word' id='word_1_210' title='bbox 3659 1486 3830 1542; x_wconf 85' lang='lat' dir='ltr'><strong>supra</strong></span> 
     </span>
    </p>
   </div>
   <div class='ocr_carea' id='block_1_30' title="bbox 2237 1559 3830 1630">
    <p class='ocr_par' dir='ltr' id='par_1_30' title="bbox 2237 1559 3830 1630">
     <span class='ocr_line' id='line_1_30' title="bbox 2237 1559 3830 1630; baseline 0.001 -14"><span class='ocrx_word' id='word_1_211' title='bbox 2237 1561 2481 1630; x_wconf 87' lang='lat' dir='ltr'><strong>corporis</strong></span> <span class='ocrx_word' id='word_1_212' title='bbox 2510 1560 2725 1622; x_wconf 87' lang='lat' dir='ltr'><strong>modum</strong></span> <span class='ocrx_word' id='word_1_213' title='bbox 2754 1560 2974 1617; x_wconf 81' lang='lat' dir='ltr'><strong>formica</strong></span> <span class='ocrx_word' id='word_1_214' title='bbox 2995 1561 3206 1630; x_wconf 75' lang='lat' dir='ltr'><strong>vigeat?</strong></span> <span class='ocrx_word' id='word_1_215' title='bbox 3233 1559 3501 1618; x_wconf 86' lang='lat' dir='ltr'><strong>Sisterent</strong></span> <span class='ocrx_word' id='word_1_216' title='bbox 3519 1563 3687 1618; x_wconf 79' lang='lat' dir='ltr'><strong>verba</strong></span> <span class='ocrx_word' id='word_1_217' title='bbox 3717 1564 3830 1618; x_wconf 83' lang='lat' dir='ltr'><strong>for-</strong></span> 
     </span>
    </p>
   </div>
   <div class='ocr_carea' id='block_1_31' title="bbox 2240 1652 3828 1725">
    <p class='ocr_par' dir='ltr' id='par_1_31' title="bbox 2240 1652 3828 1725">
     <span class='ocr_line' id='line_1_31' title="bbox 2240 1652 3828 1725; baseline 0.004 -20"><span class='ocrx_word' id='word_1_218' title='bbox 2240 1652 2394 1708; x_wconf 85' lang='lat' dir='ltr'><strong>tassis</strong></span> <span class='ocrx_word' id='word_1_219' title='bbox 2419 1668 2538 1722; x_wconf 74' lang='lat' dir='ltr'><strong>quae</strong></span> <span class='ocrx_word' id='word_1_220' title='bbox 2566 1661 2682 1708; x_wconf 91' lang='lat' dir='ltr'><strong>tuto</strong></span> <span class='ocrx_word' id='word_1_221' title='bbox 2711 1654 2808 1710; x_wconf 88' lang='lat' dir='ltr'><strong>tibi</strong></span> <span class='ocrx_word' id='word_1_222' title='bbox 2836 1668 3029 1722; x_wconf 82' lang='lat' dir='ltr'><strong>magna</strong></span> <span class='ocrx_word' id='word_1_223' title='bbox 3055 1653 3258 1710; x_wconf 88' lang='lat' dir='ltr'><strong>volant.</strong></span> <span class='ocrx_word' id='word_1_224' title='bbox 3303 1654 3408 1710; x_wconf 90' lang='lat' dir='ltr'><strong>lsta</strong></span> <span class='ocrx_word' id='word_1_225' title='bbox 3435 1654 3554 1711; x_wconf 73' lang='lat' dir='ltr'><strong>hzec</strong></span> <span class='ocrx_word' id='word_1_226' title='bbox 3582 1655 3698 1725; x_wconf 86' lang='lat' dir='ltr'><strong>ipsa</strong></span> <span class='ocrx_word' id='word_1_227' title='bbox 3723 1656 3828 1711; x_wconf 90' lang='lat' dir='ltr'><strong>du-</strong></span> 
     </span>
    </p>
   </div>
   <div class='ocr_carea' id='block_1_32' title="bbox 2238 1744 3828 1817">
    <p class='ocr_par' dir='ltr' id='par_1_32' title="bbox 2238 1744 3828 1817">
     <span class='ocr_line' id='line_1_32' title="bbox 2238 1744 3828 1817; baseline 0.004 -20"><span class='ocrx_word' id='word_1_228' title='bbox 2238 1744 2364 1813; x_wconf 88' lang='lat' dir='ltr'><strong>plici</strong></span> <span class='ocrx_word' id='word_1_229' title='bbox 2409 1745 2546 1800; x_wconf 86' lang='lat' dir='ltr'><strong>forte</strong></span> <span class='ocrx_word' id='word_1_230' title='bbox 2593 1760 2950 1814; x_wconf 87' lang='lat' dir='ltr'><strong>proponerem</strong></span> <span class='ocrx_word' id='word_1_231' title='bbox 2969 1787 2982 1810; x_wconf 97' lang='lat'><strong>,</strong></span> <span class='ocrx_word' id='word_1_232' title='bbox 3033 1745 3205 1802; x_wconf 82' lang='lat' dir='ltr'><strong>utrius</strong></span> <span class='ocrx_word' id='word_1_233' title='bbox 3249 1745 3440 1801; x_wconf 88' lang='lat' dir='ltr'><strong>malles</strong></span> <span class='ocrx_word' id='word_1_234' title='bbox 3468 1746 3566 1801; x_wconf 89' lang='lat' dir='ltr'><strong>tibi</strong></span> <span class='ocrx_word' id='word_1_235' title='bbox 3611 1749 3828 1817; x_wconf 85' lang='lat' dir='ltr'><strong>copiam</strong></span> 
     </span>
    </p>
   </div>
   <div class='ocr_carea' id='block_1_33' title="bbox 551 1831 3830 1910">
    <p class='ocr_par' dir='ltr' id='par_1_33' title="bbox 551 1831 3830 1910">
     <span class='ocr_line' id='line_1_33' title="bbox 551 1831 3830 1910; baseline -0.004 -15"><span class='ocrx_word' id='word_1_236' title='bbox 551 1855 879 1910; x_wconf 60' lang='lat' dir='ltr'><strong>quaecunque</strong></span> <span class='ocrx_word' id='word_1_237' title='bbox 907 1846 1050 1892; x_wconf 90' lang='lat' dir='ltr'><strong>sunt.</strong></span> <span class='ocrx_word' id='word_1_238' title='bbox 1085 1834 1372 1889; x_wconf 79' lang='lat' dir='ltr'><strong>Enimvero</strong></span> <span class='ocrx_word' id='word_1_239' title='bbox 1394 1834 1537 1903; x_wconf 92' lang='lat' dir='ltr'><strong>quod</strong></span> <span class='ocrx_word' id='word_1_240' title='bbox 1575 1841 1675 1898; x_wconf 87' lang='lat' dir='ltr'><strong>est,</strong></span> <span class='ocrx_word' id='word_1_241' title='bbox 1707 1840 1762 1887; x_wconf 93' lang='lat' dir='ltr'><strong>et</strong></span> <span class='ocrx_word' id='word_1_242' title='bbox 1789 1831 1988 1900; x_wconf 87' lang='lat' dir='ltr'><strong>absque</strong></span> <span class='ocrx_word' id='word_1_243' title='bbox 2015 1846 2135 1885; x_wconf 86' lang='lat' dir='ltr'><strong>cor-</strong></span> <span class='ocrx_word' id='word_1_244' title='bbox 2164 1832 2217 1906; x_wconf 61' lang='grc' dir='ltr'>β</span> <span class='ocrx_word' id='word_1_245' title='bbox 2238 1833 2489 1894; x_wconf 77' lang='lat' dir='ltr'><strong>facerem.</strong></span> <span class='ocrx_word' id='word_1_246' title='bbox 2539 1834 2598 1890; x_wconf 81' lang='lat' dir='ltr'><strong>Si</strong></span> <span class='ocrx_word' id='word_1_247' title='bbox 2641 1836 2842 1893; x_wconf 83' lang='lat' dir='ltr'><strong>molem</strong></span> <span class='ocrx_word' id='word_1_248' title='bbox 2869 1837 3115 1906; x_wconf 72' lang='lat' dir='ltr'><strong>corporis</strong></span> <span class='ocrx_word' id='word_1_249' title='bbox 3148 1837 3424 1905; x_wconf 61' lang='lat' dir='ltr'><strong>elegiam,</strong></span> <span class='ocrx_word' id='word_1_250' title='bbox 3471 1838 3830 1907; x_wconf 64' lang='lat' dir='ltr'><strong>perexiguum</strong></span> 
     </span>
    </p>
   </div>
   <div class='ocr_carea' id='block_1_34' title="bbox 551 1921 2140 2005">
    <p class='ocr_par' dir='ltr' id='par_1_34' title="bbox 551 1921 2140 2005">
     <span class='ocr_line' id='line_1_34' title="bbox 551 1921 2140 2005; baseline -0.007 -16"><span class='ocrx_word' id='word_1_251' title='bbox 551 1950 681 2005; x_wconf 88' lang='lat' dir='ltr'><strong>pore</strong></span> <span class='ocrx_word' id='word_1_252' title='bbox 703 1941 806 1999; x_wconf 88' lang='lat' dir='ltr'><strong>est,</strong></span> <span class='ocrx_word' id='word_1_253' title='bbox 831 1933 1208 2001; x_wconf 89' lang='lat' dir='ltr'><strong>incorporeum</strong></span> <span class='ocrx_word' id='word_1_254' title='bbox 1239 1943 1357 1982; x_wconf 89' lang='lat' dir='ltr'><strong>esse</strong></span> <span class='ocrx_word' id='word_1_255' title='bbox 1386 1942 1606 1983; x_wconf 90' lang='lat' dir='ltr'><strong>necesse</strong></span> <span class='ocrx_word' id='word_1_256' title='bbox 1635 1934 1717 1981; x_wconf 86' lang='lat' dir='ltr'><strong>est</strong></span> <span class='ocrx_word' id='word_1_257' title='bbox 1748 1944 1760 1978; x_wconf 90' lang='lat'><strong>:</strong></span> <span class='ocrx_word' id='word_1_258' title='bbox 1793 1925 1936 1996; x_wconf 89' lang='lat' dir='ltr'><strong>quod</strong></span> <span class='ocrx_word' id='word_1_259' title='bbox 1964 1921 2140 1979; x_wconf 68' lang='lat' dir='ltr'><strong>Graeci</strong></span> 
     </span>
    </p>
   </div>
   <div class='ocr_carea' id='block_1_35' title="bbox 551 2008 2138 2100">
    <p class='ocr_par' dir='ltr' id='par_1_35' title="bbox 551 2008 2138 2100">
     <span class='ocr_line' id='line_1_35' title="bbox 551 2008 2138 2100; baseline -0.008 -15"><span class='ocrx_word' id='word_1_260' title='bbox 551 2030 849 2099; x_wconf 86' lang='lat' dir='ltr'><strong>elegantius</strong></span> <span class='ocrx_word' id='word_1_261' title='bbox 873 2031 1140 2100; x_wconf 65' lang='grc' dir='ltr'><strong>ἀσώματιιν</strong></span> <span class='ocrx_word' id='word_1_262' title='bbox 1164 2031 1380 2078; x_wconf 88' lang='lat' dir='ltr'><strong>vocant.</strong></span> <span class='ocrx_word' id='word_1_263' title='bbox 1406 2022 1464 2076; x_wconf 90' lang='lat' dir='ltr'><strong>Si</strong></span> <span class='ocrx_word' id='word_1_264' title='bbox 1490 2032 1672 2076; x_wconf 90' lang='lat' dir='ltr'><strong>autem</strong></span> <span class='ocrx_word' id='word_1_265' title='bbox 1693 2019 1992 2076; x_wconf 87' lang='lat' dir='ltr'><strong>istiusmodi</strong></span> <span class='ocrx_word' id='word_1_266' title='bbox 2013 2008 2138 2089; x_wconf 72' lang='lat' dir='ltr'><strong>pro-</strong></span> 
     </span>
    </p>
   </div>
   <div class='ocr_carea' id='block_1_36' title="bbox 551 2112 2136 2194">
    <p class='ocr_par' dir='ltr' id='par_1_36' title="bbox 551 2112 2136 2194">
     <span class='ocr_line' id='line_1_36' title="bbox 551 2112 2136 2194; baseline -0.008 -15"><span class='ocrx_word' id='word_1_267' title='bbox 551 2123 821 2194; x_wconf 84' lang='lat' dir='ltr'><strong>positione</strong></span> <span class='ocrx_word' id='word_1_268' title='bbox 848 2120 1164 2191; x_wconf 87' lang='lat' dir='ltr'><strong>simpliciter</strong></span> <span class='ocrx_word' id='word_1_269' title='bbox 1191 2133 1318 2172; x_wconf 91' lang='lat' dir='ltr'><strong>usus</strong></span> <span class='ocrx_word' id='word_1_270' title='bbox 1347 2132 1424 2182; x_wconf 90' lang='lat' dir='ltr'><strong>es,</strong></span> <span class='ocrx_word' id='word_1_271' title='bbox 1455 2115 1728 2170; x_wconf 88' lang='lat' dir='ltr'><strong>incurristi</strong></span> <span class='ocrx_word' id='word_1_272' title='bbox 1756 2113 1968 2168; x_wconf 85' lang='lat' dir='ltr'><strong>nescius</strong></span> <span class='ocrx_word' id='word_1_273' title='bbox 1995 2112 2136 2168; x_wconf 86' lang='lat' dir='ltr'><strong>veri-</strong></span> 
     </span>
    </p>
   </div>
   <div class='ocr_carea' id='block_1_37' title="bbox 552 2207 2138 2276">
    <p class='ocr_par' dir='ltr' id='par_1_37' title="bbox 552 2207 2138 2276">
     <span class='ocr_line' id='line_1_37' title="bbox 552 2207 2138 2276; baseline -0.006 -8"><span class='ocrx_word' id='word_1_274' title='bbox 552 2222 738 2270; x_wconf 88' lang='lat' dir='ltr'><strong>tatem.</strong></span> <span class='ocrx_word' id='word_1_275' title='bbox 773 2213 876 2268; x_wconf 87' lang='lat' dir='ltr'><strong>Per</strong></span> <span class='ocrx_word' id='word_1_276' title='bbox 915 2211 1158 2268; x_wconf 87' lang='lat' dir='ltr'><strong>eamdem</strong></span> <span class='ocrx_word' id='word_1_277' title='bbox 1195 2219 1375 2262; x_wconf 90' lang='lat' dir='ltr'><strong>tamen</strong></span> <span class='ocrx_word' id='word_1_278' title='bbox 1405 2207 1762 2276; x_wconf 80' lang='lat' dir='ltr'><strong>ignorantiam</strong></span> <span class='ocrx_word' id='word_1_279' title='bbox 1792 2221 1899 2260; x_wconf 93' lang='lat' dir='ltr'><strong>uno</strong></span> <span class='ocrx_word' id='word_1_280' title='bbox 1929 2212 2138 2269; x_wconf 84' lang='lat' dir='ltr'><strong>tantum</strong></span> 
     </span>
    </p>
   </div>
   <div class='ocr_carea' id='block_1_38' title="bbox 552 2297 2140 2376">
    <p class='ocr_par' dir='ltr' id='par_1_38' title="bbox 552 2297 2140 2376">
     <span class='ocr_line' id='line_1_38' title="bbox 552 2297 2140 2376; baseline -0.006 -16"><span class='ocrx_word' id='word_1_281' title='bbox 552 2307 734 2376; x_wconf 89' lang='lat' dir='ltr'><strong>lapsus</strong></span> <span class='ocrx_word' id='word_1_282' title='bbox 762 2303 1010 2367; x_wconf 88' lang='lat' dir='ltr'><strong>articulo,</strong></span> <span class='ocrx_word' id='word_1_283' title='bbox 1042 2299 1188 2371; x_wconf 91' lang='lat' dir='ltr'><strong>quod</strong></span> <span class='ocrx_word' id='word_1_284' title='bbox 1207 2300 1387 2356; x_wconf 88' lang='lat' dir='ltr'><strong>omnia</strong></span> <span class='ocrx_word' id='word_1_285' title='bbox 1416 2299 1761 2369; x_wconf 88' lang='lat' dir='ltr'><strong>incorporata</strong></span> <span class='ocrx_word' id='word_1_286' title='bbox 1782 2297 1982 2362; x_wconf 81' lang='lat' dir='ltr'><strong>dixisti,</strong></span> <span class='ocrx_word' id='word_1_287' title='bbox 2014 2312 2140 2351; x_wconf 89' lang='lat' dir='ltr'><strong>cum</strong></span> 
     </span>
    </p>
   </div>
   <div class='ocr_carea' id='block_1_39' title="bbox 551 2387 2137 2463">
    <p class='ocr_par' dir='ltr' id='par_1_39' title="bbox 551 2387 2137 2463">
     <span class='ocr_line' id='line_1_39' title="bbox 551 2387 2137 2463; baseline -0.007 -10"><span class='ocrx_word' id='word_1_288' title='bbox 551 2399 682 2453; x_wconf 84' lang='lat' dir='ltr'><strong>satis</strong></span> <span class='ocrx_word' id='word_1_289' title='bbox 711 2404 925 2463; x_wconf 86' lang='lat' dir='ltr'><strong>constet</strong></span> <span class='ocrx_word' id='word_1_290' title='bbox 952 2394 1178 2463; x_wconf 89' lang='lat' dir='ltr'><strong>duplicis</strong></span> <span class='ocrx_word' id='word_1_291' title='bbox 1207 2399 1465 2448; x_wconf 77' lang='lat' dir='ltr'><strong>creatura:</strong></span> <span class='ocrx_word' id='word_1_292' title='bbox 1492 2390 1846 2445; x_wconf 88' lang='lat' dir='ltr'><strong>substantiam</strong></span> <span class='ocrx_word' id='word_1_293' title='bbox 1876 2388 1953 2443; x_wconf 92' lang='lat' dir='ltr'><strong>sic</strong></span> <span class='ocrx_word' id='word_1_294' title='bbox 1989 2387 2137 2443; x_wconf 76' lang='lat' dir='ltr'><strong>ordi—</strong></span> 
     </span>
    </p>
   </div>
   <div class='ocr_carea' id='block_1_40' title="bbox 554 2480 2136 2553">
    <p class='ocr_par' dir='ltr' id='par_1_40' title="bbox 554 2480 2136 2553">
     <span class='ocr_line' id='line_1_40' title="bbox 554 2480 2136 2553; baseline -0.005 -11"><span class='ocrx_word' id='word_1_295' title='bbox 554 2487 828 2542; x_wconf 87' lang='lat' dir='ltr'><strong>natissima</strong></span> <span class='ocrx_word' id='word_1_296' title='bbox 869 2486 984 2553; x_wconf 89' lang='lat' dir='ltr'><strong>lege</strong></span> <span class='ocrx_word' id='word_1_297' title='bbox 1029 2483 1382 2553; x_wconf 86' lang='lat' dir='ltr'><strong>compositam</strong></span> <span class='ocrx_word' id='word_1_298' title='bbox 1412 2489 1471 2536; x_wconf 91' lang='lat' dir='ltr'><strong>ut</strong></span> <span class='ocrx_word' id='word_1_299' title='bbox 1499 2495 1659 2540; x_wconf 85' lang='lat' dir='ltr'><strong>omne</strong></span> <span class='ocrx_word' id='word_1_300' title='bbox 1686 2489 1928 2534; x_wconf 89' lang='lat' dir='ltr'><strong>creatum</strong></span> <span class='ocrx_word' id='word_1_301' title='bbox 1956 2480 2136 2534; x_wconf 87' lang='lat' dir='ltr'><strong>incor-</strong></span> 
     </span>
    </p>
   </div>
   <div class='ocr_carea' id='block_1_41' title="bbox 555 2573 2140 2649">
    <p class='ocr_par' dir='ltr' id='par_1_41' title="bbox 555 2573 2140 2649">
     <span class='ocr_line' id='line_1_41' title="bbox 555 2573 2140 2649; baseline -0.004 -17"><span class='ocrx_word' id='word_1_302' title='bbox 555 2591 775 2649; x_wconf 89' lang='lat' dir='ltr'><strong>poreum</strong></span> <span class='ocrx_word' id='word_1_303' title='bbox 801 2583 857 2629; x_wconf 87' lang='lat' dir='ltr'><strong>et</strong></span> <span class='ocrx_word' id='word_1_304' title='bbox 883 2576 1285 2644; x_wconf 88' lang='lat' dir='ltr'><strong>incorporatum</strong></span> <span class='ocrx_word' id='word_1_305' title='bbox 1311 2573 1400 2637; x_wconf 89' lang='lat' dir='ltr'><strong>sit,</strong></span> <span class='ocrx_word' id='word_1_306' title='bbox 1425 2587 1536 2626; x_wconf 90' lang='lat' dir='ltr'><strong>non</strong></span> <span class='ocrx_word' id='word_1_307' title='bbox 1555 2579 1734 2626; x_wconf 88' lang='lat' dir='ltr'><strong>autem</strong></span> <span class='ocrx_word' id='word_1_308' title='bbox 1759 2586 1919 2625; x_wconf 90' lang='lat' dir='ltr'><strong>omne</strong></span> <span class='ocrx_word' id='word_1_309' title='bbox 1947 2586 2140 2640; x_wconf 86' lang='lat' dir='ltr'><strong>corpo-</strong></span> 
     </span>
    </p>
   </div>
   <div class='ocr_carea' id='block_1_42' title="bbox 555 2665 2141 2735">
    <p class='ocr_par' dir='ltr' id='par_1_42' title="bbox 555 2665 2141 2735">
     <span class='ocr_line' id='line_1_42' title="bbox 555 2665 2141 2735; baseline -0.004 -11"><span class='ocrx_word' id='word_1_310' title='bbox 555 2685 708 2726; x_wconf 92' lang='lat' dir='ltr'><strong>reum</strong></span> <span class='ocrx_word' id='word_1_311' title='bbox 754 2669 826 2723; x_wconf 87' lang='lat' dir='ltr'><strong>sit</strong></span> <span class='ocrx_word' id='word_1_312' title='bbox 871 2676 928 2724; x_wconf 92' lang='lat' dir='ltr'><strong>et</strong></span> <span class='ocrx_word' id='word_1_313' title='bbox 971 2667 1283 2721; x_wconf 87' lang='lat' dir='ltr'><strong>animatum.</strong></span> <span class='ocrx_word' id='word_1_314' title='bbox 1336 2665 1414 2720; x_wconf 87' lang='lat' dir='ltr'><strong>Ac</strong></span> <span class='ocrx_word' id='word_1_315' title='bbox 1461 2680 1556 2735; x_wconf 87' lang='lat' dir='ltr'><strong>per</strong></span> <span class='ocrx_word' id='word_1_316' title='bbox 1599 2665 1703 2719; x_wconf 89' lang='lat' dir='ltr'><strong>hoc</strong></span> <span class='ocrx_word' id='word_1_317' title='bbox 1740 2665 2141 2732; x_wconf 84' lang='lat' dir='ltr'><strong>incorporatum</strong></span> 
     </span>
    </p>
   </div>
   <div class='ocr_carea' id='block_1_43' title="bbox 554 2756 2140 2833">
    <p class='ocr_par' dir='ltr' id='par_1_43' title="bbox 554 2756 2140 2833">
     <span class='ocr_line' id='line_1_43' title="bbox 554 2756 2140 2833; baseline -0.007 -13"><span class='ocrx_word' id='word_1_318' title='bbox 554 2778 753 2833; x_wconf 89' lang='lat' dir='ltr'><strong>corpus</strong></span> <span class='ocrx_word' id='word_1_319' title='bbox 775 2761 879 2816; x_wconf 88' lang='lat' dir='ltr'><strong>dici</strong></span> <span class='ocrx_word' id='word_1_320' title='bbox 907 2776 1018 2815; x_wconf 89' lang='lat' dir='ltr'><strong>non</strong></span> <span class='ocrx_word' id='word_1_321' title='bbox 1040 2759 1235 2830; x_wconf 88' lang='lat' dir='ltr'><strong>potuit,</strong></span> <span class='ocrx_word' id='word_1_322' title='bbox 1263 2758 1412 2814; x_wconf 89' lang='lat' dir='ltr'><strong>velut</strong></span> <span class='ocrx_word' id='word_1_323' title='bbox 1440 2759 1495 2812; x_wconf 91' lang='lat' dir='ltr'><strong>in</strong></span> <span class='ocrx_word' id='word_1_324' title='bbox 1522 2762 1718 2826; x_wconf 81' lang='lat' dir='ltr'><strong>corpus</strong></span> <span class='ocrx_word' id='word_1_325' title='bbox 1743 2757 1991 2821; x_wconf 90' lang='lat' dir='ltr'><strong>missum;</strong></span> <span class='ocrx_word' id='word_1_326' title='bbox 2014 2756 2140 2825; x_wconf 89' lang='lat' dir='ltr'><strong>quia</strong></span> 
     </span>
    </p>
   </div>
   <div class='ocr_carea' id='block_1_44' title="bbox 555 2848 2144 2925">
    <p class='ocr_par' dir='ltr' id='par_1_44' title="bbox 555 2848 2144 2925">
     <span class='ocr_line' id='line_1_44' title="bbox 555 2848 2144 2925; baseline -0.006 -13"><span class='ocrx_word' id='word_1_327' title='bbox 555 2855 919 2925; x_wconf 87' lang='lat' dir='ltr'><strong>ineorporatio</strong></span> <span class='ocrx_word' id='word_1_328' title='bbox 963 2853 1032 2910; x_wconf 92' lang='lat' dir='ltr'><strong>ad</strong></span> <span class='ocrx_word' id='word_1_329' title='bbox 1078 2852 1228 2906; x_wconf 90' lang='lat' dir='ltr'><strong>illam</strong></span> <span class='ocrx_word' id='word_1_330' title='bbox 1271 2851 1507 2922; x_wconf 87' lang='lat' dir='ltr'><strong>pertinet</strong></span> <span class='ocrx_word' id='word_1_331' title='bbox 1546 2850 1747 2919; x_wconf 87' lang='lat' dir='ltr'><strong>absque</strong></span> <span class='ocrx_word' id='word_1_332' title='bbox 1793 2848 2144 2916; x_wconf 80' lang='lat' dir='ltr'><strong>ambiguitate</strong></span> 
     </span>
    </p>
   </div>
   <div class='ocr_carea' id='block_1_45' title="bbox 555 2929 2143 3014">
    <p class='ocr_par' dir='ltr' id='par_1_45' title="bbox 555 2929 2143 3014">
     <span class='ocr_line' id='line_1_45' title="bbox 555 2929 2143 3014; baseline -0.006 -13"><span class='ocrx_word' id='word_1_333' title='bbox 555 2953 820 3011; x_wconf 82' lang='lat' dir='ltr'><strong>naturam,</strong></span> <span class='ocrx_word' id='word_1_334' title='bbox 845 2929 964 3014; x_wconf 77' lang='lat' dir='ltr'><strong>qua:</strong></span> <span class='ocrx_word' id='word_1_335' title='bbox 990 2951 1047 2998; x_wconf 92' lang='lat' dir='ltr'><strong>et</strong></span> <span class='ocrx_word' id='word_1_336' title='bbox 1075 2942 1383 3013; x_wconf 82' lang='lat' dir='ltr'><strong>priusquam</strong></span> <span class='ocrx_word' id='word_1_337' title='bbox 1405 2942 1747 3010; x_wconf 77' lang='lat' dir='ltr'><strong>incorporate</strong></span> <span class='ocrx_word' id='word_1_338' title='bbox 1777 2947 1880 3003; x_wconf 89' lang='lat' dir='ltr'><strong>est,</strong></span> <span class='ocrx_word' id='word_1_339' title='bbox 1907 2954 2016 2993; x_wconf 89' lang='lat' dir='ltr'><strong>non</strong></span> <span class='ocrx_word' id='word_1_340' title='bbox 2044 2938 2143 2994; x_wconf 90' lang='lat' dir='ltr'><strong>fuit</strong></span> 
     </span>
    </p>
   </div>
   <div class='ocr_carea' id='block_1_46' title="bbox 558 3035 2134 3108">
    <p class='ocr_par' dir='ltr' id='par_1_46' title="bbox 558 3035 2134 3108">
     <span class='ocr_line' id='line_1_46' title="bbox 558 3035 2134 3108; baseline -0.006 -14"><span class='ocrx_word' id='word_1_341' title='bbox 558 3054 782 3108; x_wconf 90' lang='lat' dir='ltr'><strong>corpus;</strong></span> <span class='ocrx_word' id='word_1_342' title='bbox 805 3045 862 3092; x_wconf 92' lang='lat' dir='ltr'><strong>et</strong></span> <span class='ocrx_word' id='word_1_343' title='bbox 880 3044 1165 3107; x_wconf 86' lang='lat' dir='ltr'><strong>postquam</strong></span> <span class='ocrx_word' id='word_1_344' title='bbox 1196 3035 1536 3103; x_wconf 86' lang='lat' dir='ltr'><strong>ineorporata</strong></span> <span class='ocrx_word' id='word_1_345' title='bbox 1564 3041 1665 3097; x_wconf 90' lang='lat' dir='ltr'><strong>est,</strong></span> <span class='ocrx_word' id='word_1_346' title='bbox 1689 3048 1798 3088; x_wconf 91' lang='lat' dir='ltr'><strong>non</strong></span> <span class='ocrx_word' id='word_1_347' title='bbox 1818 3040 1901 3087; x_wconf 88' lang='lat' dir='ltr'><strong>est</strong></span> <span class='ocrx_word' id='word_1_348' title='bbox 1923 3048 2134 3102; x_wconf 88' lang='lat' dir='ltr'><strong>corpus.</strong></span> 
     </span>
    </p>
   </div>
   <div class='ocr_carea' id='block_1_47' title="bbox 559 3123 2138 3198">
    <p class='ocr_par' dir='ltr' id='par_1_47' title="bbox 559 3123 2138 3198">
     <span class='ocr_line' id='line_1_47' title="bbox 559 3123 2138 3198; baseline -0.003 -14"><span class='ocrx_word' id='word_1_349' title='bbox 559 3129 616 3184; x_wconf 89' lang='lat' dir='ltr'><strong>Si</strong></span> <span class='ocrx_word' id='word_1_350' title='bbox 639 3143 770 3184; x_wconf 86' lang='lat' dir='ltr'><strong>vero</strong></span> <span class='ocrx_word' id='word_1_351' title='bbox 797 3127 1146 3198; x_wconf 86' lang='lat' dir='ltr'><strong>incorporata</strong></span> <span class='ocrx_word' id='word_1_352' title='bbox 1171 3125 1351 3181; x_wconf 86' lang='lat' dir='ltr'><strong>omnia</strong></span> <span class='ocrx_word' id='word_1_353' title='bbox 1379 3140 1447 3181; x_wconf 91' lang='lat' dir='ltr'><strong>eo</strong></span> <span class='ocrx_word' id='word_1_354' title='bbox 1475 3123 1700 3181; x_wconf 89' lang='lat' dir='ltr'><strong>forsitan</strong></span> <span class='ocrx_word' id='word_1_355' title='bbox 1739 3139 1899 3181; x_wconf 86' lang='lat' dir='ltr'><strong>sensu</strong></span> <span class='ocrx_word' id='word_1_356' title='bbox 1935 3124 2138 3188; x_wconf 79' lang='lat' dir='ltr'><strong>dixisti,</strong></span> 
     </span>
    </p>
   </div>
   <div class='ocr_carea' id='block_1_48' title="bbox 559 3206 2213 3291">
    <p class='ocr_par' dir='ltr' id='par_1_48' title="bbox 559 3206 2213 3291">
     <span class='ocr_line' id='line_1_48' title="bbox 559 3206 2213 3291; baseline -0.003 -15"><span class='ocrx_word' id='word_1_357' title='bbox 559 3235 668 3291; x_wconf 86' lang='lat' dir='ltr'><strong>quo</strong></span> <span class='ocrx_word' id='word_1_358' title='bbox 694 3219 801 3274; x_wconf 89' lang='lat' dir='ltr'><strong>diei</strong></span> <span class='ocrx_word' id='word_1_359' title='bbox 840 3218 1000 3288; x_wconf 85' lang='lat' dir='ltr'><strong>plane</strong></span> <span class='ocrx_word' id='word_1_360' title='bbox 1044 3217 1241 3288; x_wconf 89' lang='lat' dir='ltr'><strong>potuit,</strong></span> <span class='ocrx_word' id='word_1_361' title='bbox 1273 3217 1378 3272; x_wconf 84' lang='lat' dir='ltr'><strong>etsi</strong></span> <span class='ocrx_word' id='word_1_362' title='bbox 1423 3232 1532 3271; x_wconf 90' lang='lat' dir='ltr'><strong>non</strong></span> <span class='ocrx_word' id='word_1_363' title='bbox 1559 3217 1766 3282; x_wconf 88' lang='lat' dir='ltr'><strong>debuit,</strong></span> <span class='ocrx_word' id='word_1_364' title='bbox 1792 3217 1972 3271; x_wconf 88' lang='lat' dir='ltr'><strong>omnia</strong></span> <span class='ocrx_word' id='word_1_365' title='bbox 1999 3217 2139 3271; x_wconf 85' lang='lat' dir='ltr'><strong>facta</strong></span> <span class='ocrx_word' id='word_1_366' title='bbox 2166 3206 2213 3271; x_wconf 92' lang='lat' dir='ltr'>C</span> 
     </span>
    </p>
   </div>
   <div class='ocr_carea' id='block_1_49' title="bbox 558 3309 2140 3382">
    <p class='ocr_par' dir='ltr' id='par_1_49' title="bbox 558 3309 2140 3382">
     <span class='ocr_line' id='line_1_49' title="bbox 558 3309 2140 3382; baseline -0.003 -14"><span class='ocrx_word' id='word_1_367' title='bbox 558 3328 677 3368; x_wconf 90' lang='lat' dir='ltr'><strong>esse</strong></span> <span class='ocrx_word' id='word_1_368' title='bbox 696 3327 988 3382; x_wconf 91' lang='lat' dir='ltr'><strong>corporea,</strong></span> <span class='ocrx_word' id='word_1_369' title='bbox 1009 3309 1255 3366; x_wconf 83' lang='lat' dir='ltr'><strong>excidisti</strong></span> <span class='ocrx_word' id='word_1_370' title='bbox 1277 3309 1476 3381; x_wconf 88' lang='lat' dir='ltr'><strong>pariter</strong></span> <span class='ocrx_word' id='word_1_371' title='bbox 1496 3317 1551 3364; x_wconf 90' lang='lat' dir='ltr'><strong>et</strong></span> <span class='ocrx_word' id='word_1_372' title='bbox 1571 3325 1602 3364; x_wconf 89' lang='lat' dir='ltr'><strong>a</strong></span> <span class='ocrx_word' id='word_1_373' title='bbox 1623 3310 1951 3380; x_wconf 88' lang='lat' dir='ltr'><strong>proprietate</strong></span> <span class='ocrx_word' id='word_1_374' title='bbox 1970 3310 2140 3373; x_wconf 87' lang='lat' dir='ltr'><strong>verbi,</strong></span> 
     </span>
    </p>
   </div>
   <div class='ocr_carea' id='block_1_50' title="bbox 557 3402 2144 3473">
    <p class='ocr_par' dir='ltr' id='par_1_50' title="bbox 557 3402 2144 3473">
     <span class='ocr_line' id='line_1_50' title="bbox 557 3402 2144 3473; baseline -0.003 -12"><span class='ocrx_word' id='word_1_375' title='bbox 557 3415 613 3462; x_wconf 89' lang='lat' dir='ltr'><strong>et</strong></span> <span class='ocrx_word' id='word_1_376' title='bbox 639 3421 671 3461; x_wconf 93' lang='lat' dir='ltr'><strong>a</strong></span> <span class='ocrx_word' id='word_1_377' title='bbox 697 3405 910 3462; x_wconf 88' lang='lat' dir='ltr'><strong>ratione</strong></span> <span class='ocrx_word' id='word_1_378' title='bbox 933 3405 1065 3460; x_wconf 91' lang='lat' dir='ltr'><strong>veri.</strong></span> <span class='ocrx_word' id='word_1_379' title='bbox 1099 3402 1236 3471; x_wconf 86' lang='lat' dir='ltr'><strong>Quia</strong></span> <span class='ocrx_word' id='word_1_380' title='bbox 1276 3404 1322 3458; x_wconf 90' lang='lat' dir='ltr'><strong>si</strong></span> <span class='ocrx_word' id='word_1_381' title='bbox 1369 3403 1546 3458; x_wconf 89' lang='lat' dir='ltr'><strong>omnis</strong></span> <span class='ocrx_word' id='word_1_382' title='bbox 1590 3410 1835 3458; x_wconf 88' lang='lat' dir='ltr'><strong>creatura</strong></span> <span class='ocrx_word' id='word_1_383' title='bbox 1881 3417 2144 3473; x_wconf 89' lang='lat' dir='ltr'><strong>corporea</strong></span> 
     </span>
    </p>
   </div>
   <div class='ocr_carea' id='block_1_51' title="bbox 557 3486 2144 3567">
    <p class='ocr_par' dir='ltr' id='par_1_51' title="bbox 557 3486 2144 3567">
     <span class='ocr_line' id='line_1_51' title="bbox 557 3486 2144 3567; baseline 0 -15"><span class='ocrx_word' id='word_1_384' title='bbox 557 3506 661 3563; x_wconf 90' lang='lat' dir='ltr'><strong>est,</strong></span> <span class='ocrx_word' id='word_1_385' title='bbox 697 3486 830 3552; x_wconf 70' lang='lat' dir='ltr'><strong>nihil</strong></span> <span class='ocrx_word' id='word_1_386' title='bbox 861 3498 1263 3567; x_wconf 87' lang='lat' dir='ltr'><strong>incorporatum</strong></span> <span class='ocrx_word' id='word_1_387' title='bbox 1293 3503 1379 3551; x_wconf 91' lang='lat' dir='ltr'><strong>est</strong></span> <span class='ocrx_word' id='word_1_388' title='bbox 1405 3513 1415 3547; x_wconf 90' lang='lat'>:</span> <span class='ocrx_word' id='word_1_389' title='bbox 1445 3495 1490 3550; x_wconf 93' lang='lat' dir='ltr'><strong>si</strong></span> <span class='ocrx_word' id='word_1_390' title='bbox 1531 3503 1714 3551; x_wconf 88' lang='lat' dir='ltr'><strong>autem</strong></span> <span class='ocrx_word' id='word_1_391' title='bbox 1762 3496 2144 3566; x_wconf 87' lang='lat' dir='ltr'><strong>incorporeum</strong></span> 
     </span>
    </p>
   </div>
   <div class='ocr_carea' id='block_1_52' title="bbox 562 3589 2140 3660">
    <p class='ocr_par' dir='ltr' id='par_1_52' title="bbox 562 3589 2140 3660">
     <span class='ocr_line' id='line_1_52' title="bbox 562 3589 2140 3660; baseline 0.002 -17"><span class='ocrx_word' id='word_1_392' title='bbox 562 3591 692 3658; x_wconf 82' lang='lat' dir='ltr'><strong>quid</strong></span> <span class='ocrx_word' id='word_1_393' title='bbox 721 3599 962 3645; x_wconf 89' lang='lat' dir='ltr'><strong>creatum</strong></span> <span class='ocrx_word' id='word_1_394' title='bbox 990 3597 1103 3654; x_wconf 91' lang='lat' dir='ltr'><strong>est,</strong></span> <span class='ocrx_word' id='word_1_395' title='bbox 1138 3605 1244 3643; x_wconf 91' lang='lat' dir='ltr'><strong>non</strong></span> <span class='ocrx_word' id='word_1_396' title='bbox 1274 3597 1356 3645; x_wconf 90' lang='lat' dir='ltr'><strong>est</strong></span> <span class='ocrx_word' id='word_1_397' title='bbox 1384 3589 1559 3644; x_wconf 91' lang='lat' dir='ltr'><strong>omnis</strong></span> <span class='ocrx_word' id='word_1_398' title='bbox 1584 3597 1831 3644; x_wconf 88' lang='lat' dir='ltr'><strong>creatura</strong></span> <span class='ocrx_word' id='word_1_399' title='bbox 1860 3603 2140 3660; x_wconf 88' lang='lat' dir='ltr'><strong>corporea.</strong></span> 
     </span>
    </p>
   </div>
   <div class='ocr_carea' id='block_1_53' title="bbox 631 3681 2144 3752">
    <p class='ocr_par' dir='ltr' id='par_1_53' title="bbox 631 3681 2144 3752">
     <span class='ocr_line' id='line_1_53' title="bbox 631 3681 2144 3752; baseline 0 -16"><span class='ocrx_word' id='word_1_400' title='bbox 631 3681 717 3737; x_wconf 81' lang='grc' dir='ltr'><strong>ιιι.</strong></span> <span class='ocrx_word' id='word_1_401' title='bbox 749 3681 854 3736; x_wconf 86' lang='lat' dir='ltr'><strong>Sed</strong></span> <span class='ocrx_word' id='word_1_402' title='bbox 884 3698 989 3736; x_wconf 90' lang='lat' dir='ltr'><strong>una</strong></span> <span class='ocrx_word' id='word_1_403' title='bbox 1014 3682 1130 3742; x_wconf 78' lang='lat' dir='ltr'><strong>haec</strong></span> <span class='ocrx_word' id='word_1_404' title='bbox 1158 3681 1452 3750; x_wconf 89' lang='lat' dir='ltr'><strong>eademque</strong></span> <span class='ocrx_word' id='word_1_405' title='bbox 1481 3697 1642 3737; x_wconf 90' lang='lat' dir='ltr'><strong>causa</strong></span> <span class='ocrx_word' id='word_1_406' title='bbox 1662 3691 1762 3746; x_wconf 90' lang='lat' dir='ltr'><strong>est,</strong></span> <span class='ocrx_word' id='word_1_407' title='bbox 1787 3697 1905 3752; x_wconf 81' lang='lat' dir='ltr'><strong>quae</strong></span> <span class='ocrx_word' id='word_1_408' title='bbox 1927 3690 1981 3738; x_wconf 91' lang='lat' dir='ltr'><strong>te</strong></span> <span class='ocrx_word' id='word_1_409' title='bbox 2004 3682 2144 3737; x_wconf 92' lang='lat' dir='ltr'><strong>mul-</strong></span> 
     </span>
    </p>
   </div>
   <div class='ocr_carea' id='block_1_54' title="bbox 562 3772 2143 3844">
    <p class='ocr_par' dir='ltr' id='par_1_54' title="bbox 562 3772 2143 3844">
     <span class='ocr_line' id='line_1_54' title="bbox 562 3772 2143 3844; baseline 0 -16"><span class='ocrx_word' id='word_1_410' title='bbox 562 3773 727 3844; x_wconf 90' lang='lat' dir='ltr'><strong>tiplici</strong></span> <span class='ocrx_word' id='word_1_411' title='bbox 757 3772 982 3828; x_wconf 84' lang='lat' dir='ltr'><strong>involvit</strong></span> <span class='ocrx_word' id='word_1_412' title='bbox 1009 3787 1194 3827; x_wconf 90' lang='lat' dir='ltr'><strong>errore</strong></span> <span class='ocrx_word' id='word_1_413' title='bbox 1233 3791 1244 3823; x_wconf 90' lang='lat'>:</span> <span class='ocrx_word' id='word_1_414' title='bbox 1280 3785 1472 3840; x_wconf 88' lang='lat' dir='ltr'><strong>magna</strong></span> <span class='ocrx_word' id='word_1_415' title='bbox 1503 3773 1752 3827; x_wconf 89' lang='lat' dir='ltr'><strong>videlicet</strong></span> <span class='ocrx_word' id='word_1_416' title='bbox 1778 3787 1958 3827; x_wconf 88' lang='lat' dir='ltr'><strong>rerum</strong></span> <span class='ocrx_word' id='word_1_417' title='bbox 1987 3773 2143 3842; x_wconf 85' lang='lat' dir='ltr'><strong>igno-</strong></span> 
     </span>
    </p>
   </div>
   <div class='ocr_carea' id='block_1_55' title="bbox 560 3865 2146 3938">
    <p class='ocr_par' dir='ltr' id='par_1_55' title="bbox 560 3865 2146 3938">
     <span class='ocr_line' id='line_1_55' title="bbox 560 3865 2146 3938; baseline 0.001 -18"><span class='ocrx_word' id='word_1_418' title='bbox 560 3867 716 3932; x_wconf 90' lang='lat' dir='ltr'><strong>ratio,</strong></span> <span class='ocrx_word' id='word_1_419' title='bbox 749 3873 804 3921; x_wconf 90' lang='lat' dir='ltr'><strong>et</strong></span> <span class='ocrx_word' id='word_1_420' title='bbox 841 3865 1078 3920; x_wconf 68' lang='lat' dir='ltr'><strong>scientiae</strong></span> <span class='ocrx_word' id='word_1_421' title='bbox 1113 3865 1247 3920; x_wconf 90' lang='lat' dir='ltr'><strong>mira</strong></span> <span class='ocrx_word' id='word_1_422' title='bbox 1277 3865 1642 3936; x_wconf 56' lang='lat' dir='ltr'><strong>praesumptio.</strong></span> <span class='ocrx_word' id='word_1_423' title='bbox 1675 3865 1810 3920; x_wconf 85' lang='lat' dir='ltr'><strong>Hinc</strong></span> <span class='ocrx_word' id='word_1_424' title='bbox 1846 3866 2043 3938; x_wconf 88' lang='lat' dir='ltr'><strong>quippe</strong></span> <span class='ocrx_word' id='word_1_425' title='bbox 2084 3867 2146 3922; x_wconf 82' lang='lat' dir='ltr'><strong>tit</strong></span> 
     </span>
    </p>
   </div>
   <div class='ocr_carea' id='block_1_56' title="bbox 560 3958 2148 4029">
    <p class='ocr_par' dir='ltr' id='par_1_56' title="bbox 560 3958 2148 4029">
     <span class='ocr_line' id='line_1_56' title="bbox 560 3958 2148 4029; baseline 0.001 -15"><span class='ocrx_word' id='word_1_426' title='bbox 560 3967 622 4014; x_wconf 91' lang='lat' dir='ltr'><strong>ut</strong></span> <span class='ocrx_word' id='word_1_427' title='bbox 661 3958 746 4014; x_wconf 87' lang='lat' dir='ltr'><strong>vel</strong></span> <span class='ocrx_word' id='word_1_428' title='bbox 795 3959 1014 4029; x_wconf 88' lang='lat' dir='ltr'><strong>spiritus</strong></span> <span class='ocrx_word' id='word_1_429' title='bbox 1060 3966 1376 4029; x_wconf 89' lang='lat' dir='ltr'><strong>corporatos</strong></span> <span class='ocrx_word' id='word_1_430' title='bbox 1421 3974 1618 4028; x_wconf 91' lang='lat' dir='ltr'><strong>corpus</strong></span> <span class='ocrx_word' id='word_1_431' title='bbox 1656 3973 1775 4014; x_wconf 89' lang='lat' dir='ltr'><strong>esse</strong></span> <span class='ocrx_word' id='word_1_432' title='bbox 1819 3958 2026 4026; x_wconf 90' lang='lat' dir='ltr'><strong>eredas,</strong></span> <span class='ocrx_word' id='word_1_433' title='bbox 2057 3961 2148 4016; x_wconf 89' lang='lat' dir='ltr'><strong>vel</strong></span> 
     </span>
    </p>
   </div>
   <div class='ocr_carea' id='block_1_57' title="bbox 466 4047 2141 4120">
    <p class='ocr_par' dir='ltr' id='par_1_57' title="bbox 466 4047 2141 4120">
     <span class='ocr_line' id='line_1_57' title="bbox 466 4047 2141 4120; baseline -0.001 -16"><span class='ocrx_word' id='word_1_434' title='bbox 466 4069 471 4074; x_wconf 95' lang='grc'>·</span> <span class='ocrx_word' id='word_1_435' title='bbox 561 4051 690 4105; x_wconf 90' lang='lat' dir='ltr'><strong>item</strong></span> <span class='ocrx_word' id='word_1_436' title='bbox 717 4064 947 4120; x_wconf 89' lang='lat' dir='ltr'><strong>corpora</strong></span> <span class='ocrx_word' id='word_1_437' title='bbox 979 4050 1324 4118; x_wconf 88' lang='lat' dir='ltr'><strong>incorporata</strong></span> <span class='ocrx_word' id='word_1_438' title='bbox 1353 4047 1593 4104; x_wconf 86' lang='lat' dir='ltr'><strong>deﬁnias.</strong></span> <span class='ocrx_word' id='word_1_439' title='bbox 1637 4048 1697 4104; x_wconf 91' lang='lat' dir='ltr'><strong>1n</strong></span> <span class='ocrx_word' id='word_1_440' title='bbox 1739 4050 1856 4108; x_wconf 88' lang='lat' dir='ltr'><strong>istis</strong></span> <span class='ocrx_word' id='word_1_441' title='bbox 1885 4058 1994 4104; x_wconf 89' lang='lat' dir='ltr'><strong>tam</strong></span> <span class='ocrx_word' id='word_1_442' title='bbox 2023 4049 2141 4106; x_wconf 86' lang='lat' dir='ltr'><strong>dia-</strong></span> 
     </span>
    </p>
   </div>
   <div class='ocr_carea' id='block_1_58' title="bbox 560 4141 2146 4212">
    <p class='ocr_par' dir='ltr' id='par_1_58' title="bbox 560 4141 2146 4212">
     <span class='ocr_line' id='line_1_58' title="bbox 560 4141 2146 4212; baseline 0.001 -16"><span class='ocrx_word' id='word_1_443' title='bbox 560 4141 763 4198; x_wconf 90' lang='lat' dir='ltr'><strong>lecticis</strong></span> <span class='ocrx_word' id='word_1_444' title='bbox 809 4141 1244 4197; x_wconf 84' lang='lat' dir='ltr'><strong>conclusionibus</strong></span> <span class='ocrx_word' id='word_1_445' title='bbox 1295 4141 1418 4204; x_wconf 90' lang='lat' dir='ltr'><strong>tuis,</strong></span> <span class='ocrx_word' id='word_1_446' title='bbox 1464 4156 1676 4212; x_wconf 89' lang='lat' dir='ltr'><strong>semper</strong></span> <span class='ocrx_word' id='word_1_447' title='bbox 1723 4143 1814 4198; x_wconf 89' lang='lat' dir='ltr'><strong>tibi</strong></span> <span class='ocrx_word' id='word_1_448' title='bbox 1864 4144 2044 4198; x_wconf 86' lang='lat' dir='ltr'><strong>veniat</strong></span> <span class='ocrx_word' id='word_1_449' title='bbox 2088 4143 2146 4198; x_wconf 84' lang='lat' dir='ltr'><strong>in</strong></span> 
     </span>
    </p>
   </div>
   <div class='ocr_carea' id='block_1_59' title="bbox 559 4231 2144 4301">
    <p class='ocr_par' dir='ltr' id='par_1_59' title="bbox 559 4231 2144 4301">
     <span class='ocr_line' id='line_1_59' title="bbox 559 4231 2144 4301; baseline 0.001 -14"><span class='ocrx_word' id='word_1_450' title='bbox 559 4239 795 4287; x_wconf 90' lang='lat' dir='ltr'><strong>mentem</strong></span> <span class='ocrx_word' id='word_1_451' title='bbox 817 4232 957 4288; x_wconf 90' lang='lat' dir='ltr'><strong>illius</strong></span> <span class='ocrx_word' id='word_1_452' title='bbox 975 4248 1134 4301; x_wconf 89' lang='lat' dir='ltr'><strong>quam</strong></span> <span class='ocrx_word' id='word_1_453' title='bbox 1156 4231 1470 4294; x_wconf 89' lang='lat' dir='ltr'><strong>inurendam</strong></span> <span class='ocrx_word' id='word_1_454' title='bbox 1492 4233 1643 4288; x_wconf 90' lang='lat' dir='ltr'><strong>ducis</strong></span> <span class='ocrx_word' id='word_1_455' title='bbox 1663 4234 1800 4300; x_wconf 90' lang='lat' dir='ltr'><strong>aliis,</strong></span> <span class='ocrx_word' id='word_1_456' title='bbox 1830 4235 1923 4288; x_wconf 90' lang='lat' dir='ltr'><strong>alti</strong></span> <span class='ocrx_word' id='word_1_457' title='bbox 1943 4234 2144 4289; x_wconf 87' lang='lat' dir='ltr'><strong>erroris</strong></span> 
     </span>
    </p>
   </div>
   <div class='ocr_carea' id='block_1_60' title="bbox 563 4320 2139 4389">
    <p class='ocr_par' dir='ltr' id='par_1_60' title="bbox 563 4320 2139 4389">
     <span class='ocr_line' id='line_1_60' title="bbox 563 4320 2139 4389; baseline 0.001 -15"><span class='ocrx_word' id='word_1_458' title='bbox 563 4320 799 4375; x_wconf 79' lang='lat' dir='ltr'><strong>infamia.</strong></span> <span class='ocrx_word' id='word_1_459' title='bbox 847 4320 1064 4376; x_wconf 90' lang='lat' dir='ltr'><strong>Divinus</strong></span> <span class='ocrx_word' id='word_1_460' title='bbox 1091 4335 1306 4389; x_wconf 87' lang='lat' dir='ltr'><strong>quoque</strong></span> <span class='ocrx_word' id='word_1_461' title='bbox 1336 4329 1501 4376; x_wconf 89' lang='lat' dir='ltr'><strong>temet</strong></span> <span class='ocrx_word' id='word_1_462' title='bbox 1527 4338 1706 4378; x_wconf 88' lang='lat' dir='ltr'><strong>sermo</strong></span> <span class='ocrx_word' id='word_1_463' title='bbox 1751 4332 2096 4382; x_wconf 83' lang='lat' dir='ltr'><strong>commoneat</strong></span> <span class='ocrx_word' id='word_1_464' title='bbox 2126 4343 2139 4377; x_wconf 87' lang='lat'>:</span> 
     </span>
    </p>
   </div>
   <div class='ocr_carea' id='block_1_61' title="bbox 2195 1925 3831 2001">
    <p class='ocr_par' dir='ltr' id='par_1_61' title="bbox 2195 1925 3831 2001">
     <span class='ocr_line' id='line_1_61' title="bbox 2195 1925 3831 2001; baseline 0.003 -20"><span class='ocrx_word' id='word_1_465' title='bbox 2195 1993 2204 2001; x_wconf 38' lang='lat'><em>.</em></span> <span class='ocrx_word' id='word_1_466' title='bbox 2242 1925 2480 1982; x_wconf 76' lang='lat' dir='ltr'><strong>formica:</strong></span> <span class='ocrx_word' id='word_1_467' title='bbox 2499 1943 2698 1998; x_wconf 85' lang='lat' dir='ltr'><strong>corpus</strong></span> <span class='ocrx_word' id='word_1_468' title='bbox 2717 1944 3067 1998; x_wconf 85' lang='lat' dir='ltr'><strong>opponerem.</strong></span> <span class='ocrx_word' id='word_1_469' title='bbox 3092 1927 3186 1984; x_wconf 88' lang='lat' dir='ltr'><strong>Sin</strong></span> <span class='ocrx_word' id='word_1_470' title='bbox 3207 1929 3371 1984; x_wconf 88' lang='lat' dir='ltr'><strong>animi</strong></span> <span class='ocrx_word' id='word_1_471' title='bbox 3391 1929 3658 1996; x_wconf 79' lang='lat' dir='ltr'><strong>vigorem,</strong></span> <span class='ocrx_word' id='word_1_472' title='bbox 3680 1930 3831 1986; x_wconf 88' lang='lat' dir='ltr'><strong>hunc</strong></span> 
     </span>
    </p>
   </div>
   <div class='ocr_carea' id='block_1_62' title="bbox 2241 2018 3826 2087">
    <p class='ocr_par' dir='ltr' id='par_1_62' title="bbox 2241 2018 3826 2087">
     <span class='ocr_line' id='line_1_62' title="bbox 2241 2018 3826 2087; baseline 0.003 -15"><span class='ocrx_word' id='word_1_473' title='bbox 2241 2018 2485 2074; x_wconf 87' lang='lat' dir='ltr'><strong>eumdem</strong></span> <span class='ocrx_word' id='word_1_474' title='bbox 2515 2019 2717 2076; x_wconf 85' lang='lat' dir='ltr'><strong>nullum</strong></span> <span class='ocrx_word' id='word_1_475' title='bbox 2740 2018 3034 2078; x_wconf 70' lang='lat' dir='ltr'><strong>secundum</strong></span> <span class='ocrx_word' id='word_1_476' title='bbox 3059 2020 3258 2077; x_wconf 85' lang='lat' dir='ltr'><strong>molem</strong></span> <span class='ocrx_word' id='word_1_477' title='bbox 3284 2020 3400 2076; x_wconf 85' lang='lat' dir='ltr'><strong>fore</strong></span> <span class='ocrx_word' id='word_1_478' title='bbox 3420 2020 3826 2087; x_wconf 82' lang='lat' dir='ltr'><strong>convincerem,</strong></span> 
     </span>
    </p>
   </div>
   <div class='ocr_carea' id='block_1_63' title="bbox 2246 2108 3832 2181">
    <p class='ocr_par' dir='ltr' id='par_1_63' title="bbox 2246 2108 3832 2181">
     <span class='ocr_line' id='line_1_63' title="bbox 2246 2108 3832 2181; baseline 0.003 -15"><span class='ocrx_word' id='word_1_479' title='bbox 2246 2108 2398 2179; x_wconf 86' lang='lat' dir='ltr'><strong>cujus</strong></span> <span class='ocrx_word' id='word_1_480' title='bbox 2427 2125 2548 2166; x_wconf 90' lang='lat' dir='ltr'><strong>esse</strong></span> <span class='ocrx_word' id='word_1_481' title='bbox 2576 2111 2708 2166; x_wconf 82' lang='lat' dir='ltr'><strong>nihil</strong></span> <span class='ocrx_word' id='word_1_482' title='bbox 2738 2111 2792 2166; x_wconf 90' lang='lat' dir='ltr'><strong>in</strong></span> <span class='ocrx_word' id='word_1_483' title='bbox 2819 2111 2908 2166; x_wconf 90' lang='lat' dir='ltr'><strong>illa</strong></span> <span class='ocrx_word' id='word_1_484' title='bbox 2951 2126 3210 2181; x_wconf 83' lang='lat' dir='ltr'><strong>corporea</strong></span> <span class='ocrx_word' id='word_1_485' title='bbox 3239 2111 3432 2170; x_wconf 77' lang='lat' dir='ltr'><strong>cameli</strong></span> <span class='ocrx_word' id='word_1_486' title='bbox 3458 2113 3832 2181; x_wconf 83' lang='lat' dir='ltr'><strong>magnitudine</strong></span> 
     </span>
    </p>
   </div>
   <div class='ocr_carea' id='block_1_64' title="bbox 2240 2202 3829 2275">
    <p class='ocr_par' dir='ltr' id='par_1_64' title="bbox 2240 2202 3829 2275">
     <span class='ocr_line' id='line_1_64' title="bbox 2240 2202 3829 2275; baseline 0.001 -17"><span class='ocrx_word' id='word_1_487' title='bbox 2240 2204 2665 2274; x_wconf 87' lang='lat' dir='ltr'><strong>comprobarem.</strong></span> <span class='ocrx_word' id='word_1_488' title='bbox 2692 2203 2788 2259; x_wconf 81' lang='lat' dir='ltr'><strong>Hic</strong></span> <span class='ocrx_word' id='word_1_489' title='bbox 2817 2203 2980 2259; x_wconf 87' lang='lat' dir='ltr'><strong>etiam</strong></span> <span class='ocrx_word' id='word_1_490' title='bbox 3010 2203 3106 2257; x_wconf 90' lang='lat' dir='ltr'><strong>tibi</strong></span> <span class='ocrx_word' id='word_1_491' title='bbox 3127 2202 3500 2260; x_wconf 75' lang='lat' dir='ltr'><strong>Maronianum</strong></span> <span class='ocrx_word' id='word_1_492' title='bbox 3528 2205 3656 2262; x_wconf 83' lang='lat' dir='ltr'><strong>illud</strong></span> <span class='ocrx_word' id='word_1_493' title='bbox 3682 2205 3829 2275; x_wconf 78' lang='lat' dir='ltr'><strong>obji-</strong></span> 
     </span>
    </p>
   </div>
   <div class='ocr_carea' id='block_1_65' title="bbox 2239 2295 3708 2365">
    <p class='ocr_par' dir='ltr' id='par_1_65' title="bbox 2239 2295 3708 2365">
     <span class='ocr_line' id='line_1_65' title="bbox 2239 2295 3708 2365; baseline 0 -15"><span class='ocrx_word' id='word_1_494' title='bbox 2239 2310 2418 2351; x_wconf 89' lang='lat' dir='ltr'><strong>cerem</strong></span> <span class='ocrx_word' id='word_1_495' title='bbox 2435 2336 2449 2361; x_wconf 94' lang='lat'><strong>,</strong></span> <span class='ocrx_word' id='word_1_496' title='bbox 2481 2295 2624 2364; x_wconf 89' lang='lat' dir='ltr'><strong>quod</strong></span> <span class='ocrx_word' id='word_1_497' title='bbox 2653 2295 2932 2351; x_wconf 86' lang='lat' dir='ltr'><strong>verissime</strong></span> <span class='ocrx_word' id='word_1_498' title='bbox 2957 2295 3025 2350; x_wconf 91' lang='lat' dir='ltr'><strong>de</strong></span> <span class='ocrx_word' id='word_1_499' title='bbox 3051 2295 3274 2365; x_wconf 87' lang='lat' dir='ltr'><strong>apiculis</strong></span> <span class='ocrx_word' id='word_1_500' title='bbox 3299 2295 3499 2352; x_wconf 84' lang='lat' dir='ltr'><strong>dictum</strong></span> <span class='ocrx_word' id='word_1_501' title='bbox 3533 2306 3614 2353; x_wconf 90' lang='lat' dir='ltr'><strong>est</strong></span> <span class='ocrx_word' id='word_1_502' title='bbox 3641 2306 3670 2336; x_wconf 77' lang='grc' dir='ltr'>ι</span> <span class='ocrx_word' id='word_1_503' title='bbox 3694 2316 3708 2350; x_wconf 92' lang='lat'>:</span> 
     </span>
    </p>
   </div>
   <div class='ocr_carea' id='block_1_66' title="bbox 2365 2408 3532 2471">
    <p class='ocr_par' dir='ltr' id='par_1_66' title="bbox 2365 2408 3532 2471">
     <span class='ocr_line' id='line_1_66' title="bbox 2365 2408 3532 2471; baseline 0.001 -13"><span class='ocrx_word' id='word_1_504' title='bbox 2365 2408 2599 2470; x_wconf 83' lang='lat' dir='ltr'><strong>lgentes</strong></span> <span class='ocrx_word' id='word_1_505' title='bbox 2613 2410 2798 2458; x_wconf 75' lang='lat' dir='ltr'><strong>animos</strong></span> <span class='ocrx_word' id='word_1_506' title='bbox 2819 2415 3026 2471; x_wconf 80' lang='lat' dir='ltr'><strong>angusto</strong></span> <span class='ocrx_word' id='word_1_507' title='bbox 3049 2411 3100 2457; x_wconf 89' lang='lat' dir='ltr'><strong>in</strong></span> <span class='ocrx_word' id='word_1_508' title='bbox 3122 2414 3327 2471; x_wconf 82' lang='lat' dir='ltr'><strong>pectore</strong></span> <span class='ocrx_word' id='word_1_509' title='bbox 3346 2416 3532 2460; x_wconf 75' lang='lat' dir='ltr'><strong>versant</strong></span> 
     </span>
    </p>
   </div>
   <div class='ocr_carea' id='block_1_67' title="bbox 2318 2495 3826 2584">
    <p class='ocr_par' dir='ltr' id='par_1_67' title="bbox 2318 2495 3826 2584">
     <span class='ocr_line' id='line_1_67' title="bbox 2318 2495 3826 2584; baseline 0.003 -18"><span class='ocrx_word' id='word_1_510' title='bbox 2318 2512 2375 2566; x_wconf 82' lang='lat' dir='ltr'><strong>V.</strong></span> <span class='ocrx_word' id='word_1_511' title='bbox 2407 2510 2522 2566; x_wconf 84' lang='lat' dir='ltr'><strong>Jam</strong></span> <span class='ocrx_word' id='word_1_512' title='bbox 2553 2495 2672 2568; x_wconf 84' lang='lat' dir='ltr'><strong>eum</strong></span> <span class='ocrx_word' id='word_1_513' title='bbox 2702 2528 2863 2584; x_wconf 91' lang='lat' dir='ltr'><strong>super</strong></span> <span class='ocrx_word' id='word_1_514' title='bbox 2889 2521 3033 2568; x_wconf 88' lang='lat' dir='ltr'><strong>statu</strong></span> <span class='ocrx_word' id='word_1_515' title='bbox 3062 2513 3296 2568; x_wconf 91' lang='lat' dir='ltr'><strong>hominis</strong></span> <span class='ocrx_word' id='word_1_516' title='bbox 3323 2513 3603 2569; x_wconf 87' lang='lat' dir='ltr'><strong>dissertare</strong></span> <span class='ocrx_word' id='word_1_517' title='bbox 3626 2515 3826 2584; x_wconf 56' lang='lat' dir='ltr'><strong>emiss</strong></span> 
     </span>
    </p>
   </div>
   <div class='ocr_carea' id='block_1_68' title="bbox 2242 2605 3838 2676">
    <p class='ocr_par' dir='ltr' id='par_1_68' title="bbox 2242 2605 3838 2676">
     <span class='ocr_line' id='line_1_68' title="bbox 2242 2605 3838 2676; baseline 0 -16"><span class='ocrx_word' id='word_1_518' title='bbox 2242 2619 2373 2668; x_wconf 87' lang='lat' dir='ltr'><strong>sem,</strong></span> <span class='ocrx_word' id='word_1_519' title='bbox 2400 2620 2428 2658; x_wconf 88' lang='lat' dir='ltr'><strong>a</strong></span> <span class='ocrx_word' id='word_1_520' title='bbox 2461 2611 2514 2659; x_wconf 89' lang='lat' dir='ltr'><strong>te</strong></span> <span class='ocrx_word' id='word_1_521' title='bbox 2541 2605 2747 2659; x_wconf 88' lang='lat' dir='ltr'><strong>scilicet</strong></span> <span class='ocrx_word' id='word_1_522' title='bbox 2768 2620 2906 2659; x_wconf 89' lang='lat' dir='ltr'><strong>novo</strong></span> <span class='ocrx_word' id='word_1_523' title='bbox 2930 2613 3223 2673; x_wconf 85' lang='lat' dir='ltr'><strong>geometra,</strong></span> <span class='ocrx_word' id='word_1_524' title='bbox 3251 2614 3310 2659; x_wconf 90' lang='lat' dir='ltr'><strong>ut</strong></span> <span class='ocrx_word' id='word_1_525' title='bbox 3339 2606 3549 2676; x_wconf 89' lang='lat' dir='ltr'><strong>ingenia</strong></span> <span class='ocrx_word' id='word_1_526' title='bbox 3577 2620 3838 2675; x_wconf 82' lang='lat' dir='ltr'><strong>quorum-</strong></span> 
     </span>
    </p>
   </div>
   <div class='ocr_carea' id='block_1_69' title="bbox 2242 2695 3837 2768">
    <p class='ocr_par' dir='ltr' id='par_1_69' title="bbox 2242 2695 3837 2768">
     <span class='ocr_line' id='line_1_69' title="bbox 2242 2695 3837 2768; baseline 0.001 -18"><span class='ocrx_word' id='word_1_527' title='bbox 2242 2711 2452 2764; x_wconf 89' lang='lat' dir='ltr'><strong>eunque</strong></span> <span class='ocrx_word' id='word_1_528' title='bbox 2481 2695 2846 2762; x_wconf 88' lang='lat' dir='ltr'><strong>dignoscerem</strong></span> <span class='ocrx_word' id='word_1_529' title='bbox 2878 2695 3261 2765; x_wconf 83' lang='lat' dir='ltr'><strong>decempedam</strong></span> <span class='ocrx_word' id='word_1_530' title='bbox 3301 2697 3353 2750; x_wconf 92' lang='lat' dir='ltr'><strong>in</strong></span> <span class='ocrx_word' id='word_1_531' title='bbox 3387 2697 3651 2766; x_wconf 86' lang='lat' dir='ltr'><strong>judicium</strong></span> <span class='ocrx_word' id='word_1_532' title='bbox 3681 2697 3837 2768; x_wconf 78' lang='lat' dir='ltr'><strong>ﬂagi-</strong></span> 
     </span>
    </p>
   </div>
   <div class='ocr_carea' id='block_1_70' title="bbox 2243 2787 3834 2860">
    <p class='ocr_par' dir='ltr' id='par_1_70' title="bbox 2243 2787 3834 2860">
     <span class='ocr_line' id='line_1_70' title="bbox 2243 2787 3834 2860; baseline 0.004 -20"><span class='ocrx_word' id='word_1_533' title='bbox 2243 2795 2432 2841; x_wconf 84' lang='lat' dir='ltr'><strong>tarern.</strong></span> <span class='ocrx_word' id='word_1_534' title='bbox 2469 2787 2567 2841; x_wconf 84' lang='lat' dir='ltr'><strong>Ubi</strong></span> <span class='ocrx_word' id='word_1_535' title='bbox 2597 2788 2641 2842; x_wconf 91' lang='lat' dir='ltr'><strong>si</strong></span> <span class='ocrx_word' id='word_1_536' title='bbox 2660 2789 2764 2841; x_wconf 89' lang='lat' dir='ltr'><strong>.illo</strong></span> <span class='ocrx_word' id='word_1_537' title='bbox 2793 2787 3016 2842; x_wconf 77' lang='lat' dir='ltr'><strong>forsitan</strong></span> <span class='ocrx_word' id='word_1_538' title='bbox 3048 2789 3310 2844; x_wconf 89' lang='lat' dir='ltr'><strong>voluisses</strong></span> <span class='ocrx_word' id='word_1_539' title='bbox 3338 2789 3417 2843; x_wconf 88' lang='lat' dir='ltr'><strong>uti</strong></span> <span class='ocrx_word' id='word_1_540' title='bbox 3458 2789 3705 2860; x_wconf 84' lang='lat' dir='ltr'><strong>perfugio</strong></span> <span class='ocrx_word' id='word_1_541' title='bbox 3727 2831 3742 2853; x_wconf 90' lang='lat'><strong>,</strong></span> <span class='ocrx_word' id='word_1_542' title='bbox 3780 2801 3834 2846; x_wconf 74' lang='lat' dir='ltr'><strong>ut</strong></span> 
     </span>
    </p>
   </div>
   <div class='ocr_carea' id='block_1_71' title="bbox 2243 2879 3834 2952">
    <p class='ocr_par' dir='ltr' id='par_1_71' title="bbox 2243 2879 3834 2952">
     <span class='ocr_line' id='line_1_71' title="bbox 2243 2879 3834 2952; baseline 0.003 -18"><span class='ocrx_word' id='word_1_543' title='bbox 2243 2880 2448 2934; x_wconf 85' lang='lat' dir='ltr'><strong>diceres</strong></span> <span class='ocrx_word' id='word_1_544' title='bbox 2475 2879 2758 2935; x_wconf 87' lang='lat' dir='ltr'><strong>invisibilia</strong></span> <span class='ocrx_word' id='word_1_545' title='bbox 2784 2881 3082 2936; x_wconf 88' lang='lat' dir='ltr'><strong>‘visibilibus</strong></span> <span class='ocrx_word' id='word_1_546' title='bbox 3111 2898 3217 2936; x_wconf 93' lang='lat' dir='ltr'><strong>non</strong></span> <span class='ocrx_word' id='word_1_547' title='bbox 3240 2897 3399 2952; x_wconf 91' lang='lat' dir='ltr'><strong>posse</strong></span> <span class='ocrx_word' id='word_1_548' title='bbox 3429 2883 3647 2948; x_wconf 89' lang='lat' dir='ltr'><strong>metiri;</strong></span> <span class='ocrx_word' id='word_1_549' title='bbox 3680 2899 3711 2939; x_wconf 90' lang='lat' dir='ltr'><strong>e</strong></span> <span class='ocrx_word' id='word_1_550' title='bbox 3738 2899 3834 2938; x_wconf 82' lang='lat' dir='ltr'><strong>ve-</strong></span> 
     </span>
    </p>
   </div>
   <div class='ocr_carea' id='block_1_72' title="bbox 2181 2971 3834 3044">
    <p class='ocr_par' dir='ltr' id='par_1_72' title="bbox 2181 2971 3834 3044">
     <span class='ocr_line' id='line_1_72' title="bbox 2181 2971 3834 3044; baseline 0.004 -19"><span class='ocrx_word' id='word_1_551' title='bbox 2181 3025 2186 3031; x_wconf 83' lang='grc'><strong>,</strong></span> <span class='ocrx_word' id='word_1_552' title='bbox 2243 2971 2402 3039; x_wconf 89' lang='lat' dir='ltr'><strong>stigio</strong></span> <span class='ocrx_word' id='word_1_553' title='bbox 2431 2973 2842 3042; x_wconf 88' lang='lat' dir='ltr'><strong>responderem,</strong></span> <span class='ocrx_word' id='word_1_554' title='bbox 2888 2988 2953 3026; x_wconf 88' lang='lat' dir='ltr'><strong>ex</strong></span> <span class='ocrx_word' id='word_1_555' title='bbox 2993 2972 3359 3039; x_wconf 80' lang='lat' dir='ltr'><strong>magnitudine</strong></span> <span class='ocrx_word' id='word_1_556' title='bbox 3403 2975 3652 3044; x_wconf 88' lang='lat' dir='ltr'><strong>corporis</strong></span> <span class='ocrx_word' id='word_1_557' title='bbox 3688 2975 3834 3044; x_wconf 88' lang='lat' dir='ltr'><strong>quod</strong></span> 
     </span>
    </p>
   </div>
   <div class='ocr_carea' id='block_1_73' title="bbox 2245 3067 3835 3139">
    <p class='ocr_par' dir='ltr' id='par_1_73' title="bbox 2245 3067 3835 3139">
     <span class='ocr_line' id='line_1_73' title="bbox 2245 3067 3835 3139; baseline 0.002 -18"><span class='ocrx_word' id='word_1_558' title='bbox 2245 3069 2482 3122; x_wconf 89' lang='lat' dir='ltr'><strong>animum</strong></span> <span class='ocrx_word' id='word_1_559' title='bbox 2524 3068 2819 3123; x_wconf 87' lang='lat' dir='ltr'><strong>includeret</strong></span> <span class='ocrx_word' id='word_1_560' title='bbox 2846 3081 3004 3137; x_wconf 89' lang='lat' dir='ltr'><strong>posse</strong></span> <span class='ocrx_word' id='word_1_561' title='bbox 3032 3067 3213 3121; x_wconf 88' lang='lat' dir='ltr'><strong>metiri</strong></span> <span class='ocrx_word' id='word_1_562' title='bbox 3247 3067 3484 3122; x_wconf 84' lang='lat' dir='ltr'><strong>animum</strong></span> <span class='ocrx_word' id='word_1_563' title='bbox 3514 3067 3608 3137; x_wconf 88' lang='lat' dir='ltr'><strong>qui</strong></span> <span class='ocrx_word' id='word_1_564' title='bbox 3635 3083 3835 3139; x_wconf 80' lang='lat' dir='ltr'><strong>corpus</strong></span> 
     </span>
    </p>
   </div>
   <div class='ocr_carea' id='block_1_74' title="bbox 2249 3159 3834 3232">
    <p class='ocr_par' dir='ltr' id='par_1_74' title="bbox 2249 3159 3834 3232">
     <span class='ocr_line' id='line_1_74' title="bbox 2249 3159 3834 3232; baseline 0.002 -18"><span class='ocrx_word' id='word_1_565' title='bbox 2249 3161 2512 3231; x_wconf 89' lang='lat' dir='ltr'><strong>impleret.</strong></span> <span class='ocrx_word' id='word_1_566' title='bbox 2545 3160 2599 3215; x_wconf 91' lang='lat' dir='ltr'><strong>Si</strong></span> <span class='ocrx_word' id='word_1_567' title='bbox 2632 3175 2736 3214; x_wconf 93' lang='lat' dir='ltr'><strong>non</strong></span> <span class='ocrx_word' id='word_1_568' title='bbox 2766 3175 2923 3230; x_wconf 88' lang='lat' dir='ltr'><strong>posse</strong></span> <span class='ocrx_word' id='word_1_569' title='bbox 2951 3159 3194 3225; x_wconf 83' lang='lat' dir='ltr'><strong>dixisses,</strong></span> <span class='ocrx_word' id='word_1_570' title='bbox 3219 3161 3606 3217; x_wconf 89' lang='lat' dir='ltr'><strong>instantissime</strong></span> <span class='ocrx_word' id='word_1_571' title='bbox 3627 3176 3834 3232; x_wconf 56' lang='lat' dir='ltr'><strong>quaere</strong></span> 
     </span>
    </p>
   </div>
   <div class='ocr_carea' id='block_1_75' title="bbox 2247 3253 3837 3326">
    <p class='ocr_par' dir='ltr' id='par_1_75' title="bbox 2247 3253 3837 3326">
     <span class='ocr_line' id='line_1_75' title="bbox 2247 3253 3837 3326; baseline 0.003 -19"><span class='ocrx_word' id='word_1_572' title='bbox 2247 3269 2380 3319; x_wconf 90' lang='lat' dir='ltr'><strong>rem,</strong></span> <span class='ocrx_word' id='word_1_573' title='bbox 2410 3270 2506 3309; x_wconf 90' lang='lat' dir='ltr'><strong>cur</strong></span> <span class='ocrx_word' id='word_1_574' title='bbox 2533 3255 2649 3308; x_wconf 81' lang='lat' dir='ltr'><strong>ﬁeri</strong></span> <span class='ocrx_word' id='word_1_575' title='bbox 2693 3253 2760 3308; x_wconf 89' lang='lat' dir='ltr'><strong>de</strong></span> <span class='ocrx_word' id='word_1_576' title='bbox 2807 3256 3048 3326; x_wconf 87' lang='lat' dir='ltr'><strong>corporis</strong></span> <span class='ocrx_word' id='word_1_577' title='bbox 3075 3268 3271 3322; x_wconf 85' lang='lat' dir='ltr'><strong>genere</strong></span> <span class='ocrx_word' id='word_1_578' title='bbox 3314 3271 3423 3310; x_wconf 90' lang='lat' dir='ltr'><strong>uno</strong></span> <span class='ocrx_word' id='word_1_579' title='bbox 3469 3271 3579 3311; x_wconf 90' lang='lat' dir='ltr'><strong>non</strong></span> <span class='ocrx_word' id='word_1_580' title='bbox 3626 3263 3837 3326; x_wconf 80' lang='lat' dir='ltr'><strong>posset,</strong></span> 
     </span>
    </p>
   </div>
   <div class='ocr_carea' id='block_1_76' title="bbox 2246 3343 3836 3416">
    <p class='ocr_par' dir='ltr' id='par_1_76' title="bbox 2246 3343 3836 3416">
     <span class='ocr_line' id='line_1_76' title="bbox 2246 3343 3836 3416; baseline 0.004 -19"><span class='ocrx_word' id='word_1_581' title='bbox 2246 3343 2390 3412; x_wconf 91' lang='lat' dir='ltr'><strong>quod</strong></span> <span class='ocrx_word' id='word_1_582' title='bbox 2415 3343 2481 3398; x_wconf 88' lang='lat' dir='ltr'><strong>de</strong></span> <span class='ocrx_word' id='word_1_583' title='bbox 2529 3344 3032 3415; x_wconf 83' lang='lat' dir='ltr'><strong>omnibuspossit?</strong></span> <span class='ocrx_word' id='word_1_584' title='bbox 3077 3344 3132 3399; x_wconf 93' lang='lat' dir='ltr'><strong>Si</strong></span> <span class='ocrx_word' id='word_1_585' title='bbox 3182 3345 3465 3400; x_wconf 90' lang='lat' dir='ltr'><strong>annuisses</strong></span> <span class='ocrx_word' id='word_1_586' title='bbox 3501 3360 3683 3416; x_wconf 87' lang='lat' dir='ltr'><strong>posse,</strong></span> <span class='ocrx_word' id='word_1_587' title='bbox 3735 3346 3836 3404; x_wconf 87' lang='lat' dir='ltr'><strong>tibi</strong></span> 
     </span>
    </p>
   </div>
   <div class='ocr_carea' id='block_1_77' title="bbox 2246 3436 3835 3509">
    <p class='ocr_par' dir='ltr' id='par_1_77' title="bbox 2246 3436 3835 3509">
     <span class='ocr_line' id='line_1_77' title="bbox 2246 3436 3835 3509; baseline 0.003 -20"><span class='ocrx_word' id='word_1_588' title='bbox 2246 3436 2479 3490; x_wconf 89' lang='lat' dir='ltr'><strong>dicerem</strong></span> <span class='ocrx_word' id='word_1_589' title='bbox 2509 3452 2759 3492; x_wconf 90' lang='lat' dir='ltr'><strong>sermone</strong></span> <span class='ocrx_word' id='word_1_590' title='bbox 2801 3437 3120 3508; x_wconf 86' lang='lat' dir='ltr'><strong>prephetico</strong></span> <span class='ocrx_word' id='word_1_591' title='bbox 3149 3457 3161 3490; x_wconf 88' lang='lat'><strong>:</strong></span> <span class='ocrx_word' id='word_1_592' title='bbox 3200 3436 3348 3492; x_wconf 84' lang='lat' dir='ltr'><strong>Vade</strong></span> <span class='ocrx_word' id='word_1_593' title='bbox 3376 3439 3445 3491; x_wconf 91' lang='lat' dir='ltr'><strong>ad</strong></span> <span class='ocrx_word' id='word_1_594' title='bbox 3475 3439 3768 3509; x_wconf 76' lang='lat' dir='ltr'><strong>formicam,</strong></span> <span class='ocrx_word' id='word_1_595' title='bbox 3801 3456 3835 3495; x_wconf 90' lang='grc' dir='ltr'><strong><em>ο</em></strong></span> 
     </span>
    </p>
   </div>
   <div class='ocr_carea' id='block_1_78' title="bbox 2244 3529 3932 3602">
    <p class='ocr_par' dir='ltr' id='par_1_78' title="bbox 2244 3529 3932 3602">
     <span class='ocr_line' id='line_1_78' title="bbox 2244 3529 3932 3602; baseline 0.004 -22"><span class='ocrx_word' id='word_1_596' title='bbox 2244 3529 2408 3598; x_wconf 83' lang='lat' dir='ltr'><strong>piger,</strong></span> <span class='ocrx_word' id='word_1_597' title='bbox 2451 3536 2499 3580; x_wconf 86' lang='lat' dir='ltr'><strong>et</strong></span> <span class='ocrx_word' id='word_1_598' title='bbox 2527 3529 2792 3592; x_wconf 75' lang='lat' dir='ltr'><strong>temulare,</strong></span> <span class='ocrx_word' id='word_1_599' title='bbox 2826 3529 3044 3584; x_wconf 82' lang='lat' dir='ltr'><strong>videndo</strong></span> <span class='ocrx_word' id='word_1_600' title='bbox 3084 3531 3192 3584; x_wconf 82' lang='lat' dir='ltr'><strong>vias</strong></span> <span class='ocrx_word' id='word_1_601' title='bbox 3221 3530 3331 3602; x_wconf 82' lang='lat' dir='ltr'><strong>ejus</strong></span> <span class='ocrx_word' id='word_1_602' title='bbox 3363 3529 3540 3598; x_wconf 85' lang='lat' dir='ltr'><strong>(Prov.</strong></span> <span class='ocrx_word' id='word_1_603' title='bbox 3569 3546 3636 3596; x_wconf 81' lang='lat' dir='ltr'><strong>vr,</strong></span> <span class='ocrx_word' id='word_1_604' title='bbox 3665 3529 3742 3599; x_wconf 87' lang='lat'><strong>6),</strong></span> <span class='ocrx_word' id='word_1_605' title='bbox 3774 3530 3834 3586; x_wconf 88' lang='lat' dir='ltr'><strong>id</strong></span> <span class='ocrx_word' id='word_1_606' title='bbox 3929 3573 3932 3576; x_wconf 71' lang='lat'><strong>.</strong></span> 
     </span>
    </p>
   </div>
   <div class='ocr_carea' id='block_1_79' title="bbox 2246 3617 3830 3690">
    <p class='ocr_par' dir='ltr' id='par_1_79' title="bbox 2246 3617 3830 3690">
     <span class='ocr_line' id='line_1_79' title="bbox 2246 3617 3830 3690; baseline 0.001 -16"><span class='ocrx_word' id='word_1_607' title='bbox 2246 3627 2360 3685; x_wconf 88' lang='lat' dir='ltr'><strong>est,</strong></span> <span class='ocrx_word' id='word_1_608' title='bbox 2391 3618 2755 3690; x_wconf 89' lang='lat' dir='ltr'><strong>providentias</strong></span> <span class='ocrx_word' id='word_1_609' title='bbox 2783 3619 2916 3688; x_wconf 88' lang='lat' dir='ltr'><strong>ejus.</strong></span> <span class='ocrx_word' id='word_1_610' title='bbox 2964 3619 3072 3674; x_wconf 87' lang='lat' dir='ltr'><strong>Nisi</strong></span> <span class='ocrx_word' id='word_1_611' title='bbox 3102 3617 3241 3674; x_wconf 84' lang='lat' dir='ltr'><strong>forte</strong></span> <span class='ocrx_word' id='word_1_612' title='bbox 3267 3619 3583 3674; x_wconf 85' lang='lat' dir='ltr'><strong>credendum</strong></span> <span class='ocrx_word' id='word_1_613' title='bbox 3621 3629 3704 3674; x_wconf 87' lang='lat' dir='ltr'><strong>est</strong></span> <span class='ocrx_word' id='word_1_614' title='bbox 3749 3621 3830 3675; x_wconf 88' lang='lat' dir='ltr'><strong>ob</strong></span> 
     </span>
    </p>
   </div>
   <div class='ocr_carea' id='block_1_80' title="bbox 2247 3705 3822 3775">
    <p class='ocr_par' dir='ltr' id='par_1_80' title="bbox 2247 3705 3822 3775">
     <span class='ocr_line' id='line_1_80' title="bbox 2247 3705 3822 3775; baseline -0.001 -11"><span class='ocrx_word' id='word_1_615' title='bbox 2247 3709 2300 3764; x_wconf 93' lang='lat' dir='ltr'><strong>id</strong></span> <span class='ocrx_word' id='word_1_616' title='bbox 2350 3725 2450 3765; x_wconf 90' lang='lat' dir='ltr'><strong>nos</strong></span> <span class='ocrx_word' id='word_1_617' title='bbox 2501 3710 2720 3765; x_wconf 82' lang='lat' dir='ltr'><strong>oraculo</strong></span> <span class='ocrx_word' id='word_1_618' title='bbox 2767 3709 2973 3764; x_wconf 68' lang='lat' dir='ltr'><strong>caelesti</strong></span> <span class='ocrx_word' id='word_1_619' title='bbox 3021 3708 3386 3771; x_wconf 87' lang='lat' dir='ltr'><strong>commonitos,</strong></span> <span class='ocrx_word' id='word_1_620' title='bbox 3439 3715 3495 3760; x_wconf 93' lang='lat' dir='ltr'><strong>ut</strong></span> <span class='ocrx_word' id='word_1_621' title='bbox 3536 3705 3822 3775; x_wconf 82' lang='lat' dir='ltr'><strong>gradiendi</strong></span> 
     </span>
    </p>
   </div>
   <div class='ocr_carea' id='block_1_81' title="bbox 2245 3795 3818 3870">
    <p class='ocr_par' dir='ltr' id='par_1_81' title="bbox 2245 3795 3818 3870">
     <span class='ocr_line' id='line_1_81' title="bbox 2245 3795 3818 3870; baseline -0.003 -16"><span class='ocrx_word' id='word_1_622' title='bbox 2245 3799 2524 3854; x_wconf 87' lang='lat' dir='ltr'><strong>scientiam</strong></span> <span class='ocrx_word' id='word_1_623' title='bbox 2555 3815 2585 3853; x_wconf 90' lang='lat' dir='ltr'><strong>a</strong></span> <span class='ocrx_word' id='word_1_624' title='bbox 2615 3795 2834 3854; x_wconf 84' lang='lat' dir='ltr'><strong>formica</strong></span> <span class='ocrx_word' id='word_1_625' title='bbox 2863 3813 3230 3870; x_wconf 67' lang='lat' dir='ltr'><strong>quaereremus.</strong></span> <span class='ocrx_word' id='word_1_626' title='bbox 3255 3796 3365 3852; x_wconf 85' lang='lat' dir='ltr'><strong>Non</strong></span> <span class='ocrx_word' id='word_1_627' title='bbox 3395 3804 3448 3851; x_wconf 89' lang='lat' dir='ltr'><strong>te</strong></span> <span class='ocrx_word' id='word_1_628' title='bbox 3473 3797 3524 3850; x_wconf 93' lang='lat' dir='ltr'><strong>in</strong></span> <span class='ocrx_word' id='word_1_629' title='bbox 3553 3795 3653 3851; x_wconf 91' lang='lat' dir='ltr'><strong>hac</strong></span> <span class='ocrx_word' id='word_1_630' title='bbox 3680 3812 3818 3866; x_wconf 88' lang='lat' dir='ltr'><strong>pro-</strong></span> 
     </span>
    </p>
   </div>
   <div class='ocr_carea' id='block_1_82' title="bbox 2246 3887 3822 3959">
    <p class='ocr_par' dir='ltr' id='par_1_82' title="bbox 2246 3887 3822 3959">
     <span class='ocr_line' id='line_1_82' title="bbox 2246 3887 3822 3959; baseline -0.001 -14"><span class='ocrx_word' id='word_1_631' title='bbox 2246 3892 2517 3947; x_wconf 90' lang='lat' dir='ltr'><strong>locutione</strong></span> <span class='ocrx_word' id='word_1_632' title='bbox 2545 3892 2799 3947; x_wconf 89' lang='lat' dir='ltr'><strong>sollicitet</strong></span> <span class='ocrx_word' id='word_1_633' title='bbox 2826 3891 3133 3947; x_wconf 88' lang='lat' dir='ltr'><strong>ambulandi</strong></span> <span class='ocrx_word' id='word_1_634' title='bbox 3161 3903 3281 3947; x_wconf 86' lang='lat' dir='ltr'><strong>cura</strong></span> <span class='ocrx_word' id='word_1_635' title='bbox 3299 3932 3312 3955; x_wconf 91' lang='lat'><strong>,</strong></span> <span class='ocrx_word' id='word_1_636' title='bbox 3342 3888 3437 3944; x_wconf 87' lang='lat' dir='ltr'><strong>sed</strong></span> <span class='ocrx_word' id='word_1_637' title='bbox 3473 3887 3666 3959; x_wconf 82' lang='lat' dir='ltr'><strong>agendi</strong></span> <span class='ocrx_word' id='word_1_638' title='bbox 3691 3889 3822 3944; x_wconf 86' lang='lat' dir='ltr'><strong>sol-</strong></span> 
     </span>
    </p>
   </div>
   <div class='ocr_carea' id='block_1_83' title="bbox 2247 3983 2496 4046">
    <p class='ocr_par' dir='ltr' id='par_1_83' title="bbox 2247 3983 2496 4046">
     <span class='ocr_line' id='line_1_83' title="bbox 2247 3983 2496 4046; baseline -0.004 -8"><span class='ocrx_word' id='word_1_639' title='bbox 2247 3985 2401 4038; x_wconf 87' lang='lat' dir='ltr'><strong>lertia</strong></span> <span class='ocrx_word' id='word_1_640' title='bbox 2431 3983 2457 4022; x_wconf 78' lang='grc' dir='ltr'>δ</span> <span class='ocrx_word' id='word_1_641' title='bbox 2483 4002 2496 4046; x_wconf 83' lang='lat'><strong>;</strong></span> 
     </span>
    </p>
   </div>
   <div class='ocr_carea' id='block_1_84' title="bbox 2373 4075 3525 4137">
    <p class='ocr_par' dir='ltr' id='par_1_84' title="bbox 2373 4075 3525 4137">
     <span class='ocr_line' id='line_1_84' title="bbox 2373 4075 3525 4137; baseline 0.001 -14"><span class='ocrx_word' id='word_1_642' title='bbox 2373 4077 2442 4124; x_wconf 73' lang='lat' dir='ltr'><strong>Ac</strong></span> <span class='ocrx_word' id='word_1_643' title='bbox 2460 4075 2609 4124; x_wconf 86' lang='lat' dir='ltr'><strong>veluti</strong></span> <span class='ocrx_word' id='word_1_644' title='bbox 2635 4077 2886 4137; x_wconf 81' lang='lat' dir='ltr'><strong>ingentem</strong></span> <span class='ocrx_word' id='word_1_645' title='bbox 2910 4076 3121 4126; x_wconf 64' lang='lat' dir='ltr'><strong>formica;</strong></span> <span class='ocrx_word' id='word_1_646' title='bbox 3137 4075 3282 4126; x_wconf 82' lang='lat' dir='ltr'><strong>farris</strong></span> <span class='ocrx_word' id='word_1_647' title='bbox 3296 4086 3525 4126; x_wconf 77' lang='lat' dir='ltr'><strong>acervum</strong></span> 
     </span>
    </p>
   </div>
   <div class='ocr_carea' id='block_1_85' title="bbox 2370 4137 3850 4202">
    <p class='ocr_par' dir='ltr' id='par_1_85' title="bbox 2370 4137 3850 4202">
     <span class='ocr_line' id='line_1_85' title="bbox 2370 4137 3850 4202; baseline -0.005 -12"><span class='ocrx_word' id='word_1_648' title='bbox 2370 4137 2489 4190; x_wconf 87' lang='lat' dir='ltr'><strong>Cum</strong></span> <span class='ocrx_word' id='word_1_649' title='bbox 2515 4138 2743 4200; x_wconf 85' lang='lat' dir='ltr'><strong>populant</strong></span> <span class='ocrx_word' id='word_1_650' title='bbox 2767 4138 2942 4190; x_wconf 86' lang='lat' dir='ltr'><strong>hiemis</strong></span> <span class='ocrx_word' id='word_1_651' title='bbox 2960 4151 3224 4199; x_wconf 80' lang='lat' dir='ltr'><strong>memores.</strong></span> <span class='ocrx_word' id='word_1_652' title='bbox 3247 4145 3486 4202; x_wconf 78' lang='lat' dir='ltr'><strong>tectoque</strong></span> <span class='ocrx_word' id='word_1_653' title='bbox 3501 4141 3777 4200; x_wconf 73' lang='lat' dir='ltr'><strong>reponunt;</strong></span> <span class='ocrx_word' id='word_1_654' title='bbox 3837 4141 3850 4150; x_wconf 92' lang='lat'><strong><em>‘</em></strong></span> 
     </span>
    </p>
   </div>
   <div class='ocr_carea' id='block_1_86' title="bbox 2246 4239 3854 4312">
    <p class='ocr_par' dir='ltr' id='par_1_86' title="bbox 2246 4239 3854 4312">
     <span class='ocr_line' id='line_1_86' title="bbox 2246 4239 3854 4312; baseline -0.002 -13"><span class='ocrx_word' id='word_1_655' title='bbox 2246 4244 2344 4305; x_wconf 85' lang='lat' dir='ltr'><strong>sic,</strong></span> <span class='ocrx_word' id='word_1_656' title='bbox 2361 4242 2527 4299; x_wconf 88' lang='lat' dir='ltr'><strong>homo</strong></span> <span class='ocrx_word' id='word_1_657' title='bbox 2546 4243 2742 4310; x_wconf 86' lang='lat' dir='ltr'><strong>omnis,</strong></span> <span class='ocrx_word' id='word_1_658' title='bbox 2759 4243 2814 4297; x_wconf 81' lang='lat' dir='ltr'><strong>in</strong></span> <span class='ocrx_word' id='word_1_659' title='bbox 2829 4242 3272 4312; x_wconf 68' lang='lat' dir='ltr'><strong>eorporatione—</strong></span> <span class='ocrx_word' id='word_1_660' title='bbox 3291 4239 3682 4298; x_wconf 64' lang='lat' dir='ltr'><strong>irrationalia:</strong></span> <span class='ocrx_word' id='word_1_661' title='bbox 3700 4255 3854 4312; x_wconf 67' lang='lat' dir='ltr'><strong>peo-</strong></span> 
     </span>
    </p>
   </div>
   <div class='ocr_carea' id='block_1_87' title="bbox 2248 4333 3852 4406">
    <p class='ocr_par' dir='ltr' id='par_1_87' title="bbox 2248 4333 3852 4406">
     <span class='ocr_line' id='line_1_87' title="bbox 2248 4333 3852 4406; baseline 0 -17"><span class='ocrx_word' id='word_1_662' title='bbox 2248 4335 2468 4404; x_wconf 85' lang='lat' dir='ltr'><strong>toplasti</strong></span> <span class='ocrx_word' id='word_1_663' title='bbox 2487 4335 2672 4404; x_wconf 79' lang='lat' dir='ltr'><strong>lapsus</strong></span> <span class='ocrx_word' id='word_1_664' title='bbox 2688 4343 2930 4406; x_wconf 83' lang='lat' dir='ltr'><strong>peccato,</strong></span> <span class='ocrx_word' id='word_1_665' title='bbox 2952 4351 3028 4391; x_wconf 85' lang='lat' dir='ltr'><strong>ne</strong></span> <span class='ocrx_word' id='word_1_666' title='bbox 3037 4337 3220 4392; x_wconf 77' lang='lat' dir='ltr'><strong>hieme</strong></span> <span class='ocrx_word' id='word_1_667' title='bbox 3238 4334 3362 4404; x_wconf 67' lang='lat' dir='ltr'><strong>fuga</strong></span> <span class='ocrx_word' id='word_1_668' title='bbox 3382 4342 3478 4390; x_wconf 70' lang='lat' dir='ltr'><strong>tua</strong></span> <span class='ocrx_word' id='word_1_669' title='bbox 3502 4333 3852 4405; x_wconf 53' lang='lat' dir='ltr'><strong>huicut.</strong></span> 
     </span>
    </p>
   </div>
   <div class='ocr_carea' id='block_1_88' title="bbox 561 4409 3852 4498">
    <p class='ocr_par' dir='ltr' id='par_1_88' title="bbox 561 4409 3852 4498">
     <span class='ocr_line' id='line_1_88' title="bbox 561 4409 3852 4498; baseline 0.004 -30"><span class='ocrx_word' id='word_1_670' title='bbox 561 4420 815 4483; x_wconf 87' lang='lat' dir='ltr'><strong>oportere</strong></span> <span class='ocrx_word' id='word_1_671' title='bbox 861 4413 1008 4483; x_wconf 89' lang='lat' dir='ltr'><strong>prius</strong></span> <span class='ocrx_word' id='word_1_672' title='bbox 1057 4412 1252 4481; x_wconf 91' lang='lat' dir='ltr'><strong>deponi</strong></span> <span class='ocrx_word' id='word_1_673' title='bbox 1283 4409 1486 4468; x_wconf 76' lang='lat' dir='ltr'><strong>trabem</strong></span> <span class='ocrx_word' id='word_1_674' title='bbox 1528 4415 1818 4484; x_wconf 86' lang='lat' dir='ltr'><strong>propriam,</strong></span> <span class='ocrx_word' id='word_1_675' title='bbox 1870 4416 2148 4487; x_wconf 67' lang='lat' dir='ltr'><strong>ut,possit</strong></span> <span class='ocrx_word' id='word_1_676' title='bbox 2247 4441 2394 4491; x_wconf 72' lang='lat' dir='ltr'><strong>my,</strong></span> <span class='ocrx_word' id='word_1_677' title='bbox 2419 4424 2512 4493; x_wconf 66' lang='lat'><strong>20)</strong></span> <span class='ocrx_word' id='word_1_678' title='bbox 2541 4427 2662 4482; x_wconf 74' lang='lat' dir='ltr'><strong>ﬁdei</strong></span> <span class='ocrx_word' id='word_1_679' title='bbox 2703 4427 2884 4483; x_wconf 58' lang='lat' dir='ltr'><strong>calore</strong></span> <span class='ocrx_word' id='word_1_680' title='bbox 2921 4436 2978 4483; x_wconf 75' lang='lat' dir='ltr'><strong>et</strong></span> <span class='ocrx_word' id='word_1_681' title='bbox 3003 4429 3190 4498; x_wconf 73' lang='lat' dir='ltr'><strong>operis</strong></span> <span class='ocrx_word' id='word_1_682' title='bbox 3225 4427 3522 4482; x_wconf 71' lang='lat' dir='ltr'><strong>devotione</strong></span> <span class='ocrx_word' id='word_1_683' title='bbox 3545 4440 3852 4496; x_wconf 79' lang='lat' dir='ltr'><strong>procures,</strong></span> 
     </span>
    </p>
   </div>
   <div class='ocr_carea' id='block_1_89' title="bbox 562 4503 3862 4590">
    <p class='ocr_par' dir='ltr' id='par_1_89' title="bbox 562 4503 3862 4590">
     <span class='ocr_line' id='line_1_89' title="bbox 562 4503 3862 4590; baseline 0.005 -33"><span class='ocrx_word' id='word_1_684' title='bbox 562 4504 793 4558; x_wconf 89' lang='lat' dir='ltr'><strong>alienam</strong></span> <span class='ocrx_word' id='word_1_685' title='bbox 816 4505 938 4574; x_wconf 91' lang='lat' dir='ltr'><strong>quis</strong></span> <span class='ocrx_word' id='word_1_686' title='bbox 963 4503 1173 4559; x_wconf 88' lang='lat' dir='ltr'><strong>auferre</strong></span> <span class='ocrx_word' id='word_1_687' title='bbox 1203 4503 1460 4560; x_wconf 89' lang='lat' dir='ltr'><strong>festucam</strong></span> <span class='ocrx_word' id='word_1_688' title='bbox 1491 4505 1707 4577; x_wconf 81' lang='lat' dir='ltr'><strong>(Matth.</strong></span> <span class='ocrx_word' id='word_1_689' title='bbox 1730 4524 1832 4570; x_wconf 86' lang='lat' dir='ltr'><strong>vn.</strong></span> <span class='ocrx_word' id='word_1_690' title='bbox 1859 4507 1986 4576; x_wconf 77' lang='lat'><strong>5-5;</strong></span> <span class='ocrx_word' id='word_1_691' title='bbox 2013 4509 2139 4564; x_wconf 85' lang='lat' dir='ltr'><strong>Luc.</strong></span> <span class='ocrx_word' id='word_1_692' title='bbox 2168 4578 2219 4590; x_wconf 35' lang='grc' dir='ltr'><em>ᾳ</em></span> <span class='ocrx_word' id='word_1_693' title='bbox 2249 4533 2312 4574; x_wconf 80' lang='lat' dir='ltr'><strong>ac</strong></span> <span class='ocrx_word' id='word_1_694' title='bbox 2341 4518 2544 4587; x_wconf 64' lang='lat' dir='ltr'><strong>pariter</strong></span> <span class='ocrx_word' id='word_1_695' title='bbox 2580 4519 2848 4587; x_wconf 63' lang='lat' dir='ltr'><strong>intelligas</strong></span> <span class='ocrx_word' id='word_1_696' title='bbox 2890 4518 3184 4578; x_wconf 65' lang='grc' dir='ltr'><strong>ςοεωίωιω</strong></span> <span class='ocrx_word' id='word_1_697' title='bbox 3229 4525 3290 4575; x_wconf 79' lang='lat' dir='ltr'><strong>et</strong></span> <span class='ocrx_word' id='word_1_698' title='bbox 3325 4518 3550 4590; x_wconf 60' lang='lat' dir='ltr'><strong>apicula</strong></span> <span class='ocrx_word' id='word_1_699' title='bbox 3587 4518 3862 4588; x_wconf 80' lang='lat' dir='ltr'><strong>ingentes</strong></span> 
     </span>
    </p>
   </div>
   <div class='ocr_carea' id='block_1_90' title="bbox 561 4578 3861 4682">
    <p class='ocr_par' dir='ltr' id='par_1_90' title="bbox 561 4578 3861 4682">
     <span class='ocr_line' id='line_1_90' title="bbox 561 4578 3861 4682; baseline 0.006 -34"><span class='ocrx_word' id='word_1_700' title='bbox 561 4610 642 4660; x_wconf 78' lang='lat' dir='ltr'><strong>vr,</strong></span> <span class='ocrx_word' id='word_1_701' title='bbox 685 4592 774 4660; x_wconf 69' lang='lat' dir='ltr'><strong>4i,</strong></span> <span class='ocrx_word' id='word_1_702' title='bbox 818 4592 940 4666; x_wconf 70' lang='grc'><strong>42).</strong></span> <span class='ocrx_word' id='word_1_703' title='bbox 975 4592 1205 4650; x_wconf 89' lang='lat' dir='ltr'><strong>Proinde</strong></span> <span class='ocrx_word' id='word_1_704' title='bbox 1234 4596 1359 4664; x_wconf 90' lang='lat' dir='ltr'><strong>quia</strong></span> <span class='ocrx_word' id='word_1_705' title='bbox 1390 4611 1496 4651; x_wconf 91' lang='lat' dir='ltr'><strong>non</strong></span> <span class='ocrx_word' id='word_1_706' title='bbox 1528 4597 1748 4652; x_wconf 83' lang='lat' dir='ltr'><strong>lacessis</strong></span> <span class='ocrx_word' id='word_1_707' title='bbox 1773 4599 1925 4668; x_wconf 86' lang='lat' dir='ltr'><strong>quasi</strong></span> <span class='ocrx_word' id='word_1_708' title='bbox 1952 4599 2146 4678; x_wconf 85' lang='lat' dir='ltr'><strong>dubios</strong></span> <span class='ocrx_word' id='word_1_709' title='bbox 2167 4578 2457 4666; x_wconf 44' lang='lat' dir='ltr'><strong>l’aniinos</strong></span> <span class='ocrx_word' id='word_1_710' title='bbox 2500 4626 2666 4680; x_wconf 88' lang='lat' dir='ltr'><strong>parvo</strong></span> <span class='ocrx_word' id='word_1_711' title='bbox 2693 4578 2922 4682; x_wconf 60' lang='lat' dir='ltr'><strong>corpore</strong></span> <span class='ocrx_word' id='word_1_712' title='bbox 2945 4611 3162 4668; x_wconf 80' lang='lat' dir='ltr'><strong>includi.</strong></span> <span class='ocrx_word' id='word_1_713' title='bbox 3197 4578 3529 4666; x_wconf 47' lang='lat' dir='ltr'><strong>Nihil-enim</strong></span> <span class='ocrx_word' id='word_1_714' title='bbox 3576 4578 3861 4682; x_wconf 60' lang='lat' dir='ltr'><strong>magnum</strong></span> 
     </span>
    </p>
   </div>
   <div class='ocr_carea' id='block_1_91' title="bbox 563 4685 3865 4778">
    <p class='ocr_par' dir='ltr' id='par_1_91' title="bbox 563 4685 3865 4778">
     <span class='ocr_line' id='line_1_91' title="bbox 563 4685 3865 4778; baseline 0.001 -22"><span class='ocrx_word' id='word_1_715' title='bbox 563 4685 759 4756; x_wconf 68' lang='grc' dir='ltr'><strong>βτωῙίίν</strong></span> <span class='ocrx_word' id='word_1_716' title='bbox 809 4686 902 4742; x_wconf 70' lang='lat' dir='ltr'><strong>sed</strong></span> <span class='ocrx_word' id='word_1_717' title='bbox 930 4685 1197 4756; x_wconf 67' lang='grc' dir='ltr'><strong>,Ρθῑεθηίε</strong></span> <span class='ocrx_word' id='word_1_718' title='bbox 1243 4687 1457 4756; x_wconf 70' lang='grc' dir='ltr'><strong>(Ιυίθιοδ</strong></span> <span class='ocrx_word' id='word_1_719' title='bbox 1502 4702 1757 4744; x_wconf 68' lang='lat' dir='ltr'><strong>mucrone</strong></span> <span class='ocrx_word' id='word_1_720' title='bbox 1799 4689 2055 4755; x_wconf 72' lang='lat' dir='ltr'><strong>convicii;</strong></span> <span class='ocrx_word' id='word_1_721' title='bbox 2086 4701 2143 4746; x_wconf 76' lang='lat' dir='ltr'><strong>et</strong></span> <span class='ocrx_word' id='word_1_722' title='bbox 2248 4703 2421 4758; x_wconf 85' lang='lat' dir='ltr'><strong>locale</strong></span> <span class='ocrx_word' id='word_1_723' title='bbox 2460 4703 2672 4774; x_wconf 84' lang='lat' dir='ltr'><strong>capitur</strong></span> <span class='ocrx_word' id='word_1_724' title='bbox 2708 4704 2898 4772; x_wconf 77' lang='lat' dir='ltr'><strong>exigua</strong></span> <span class='ocrx_word' id='word_1_725' title='bbox 2943 4719 3006 4759; x_wconf 88' lang='lat' dir='ltr'><strong>re</strong></span> <span class='ocrx_word' id='word_1_726' title='bbox 3032 4703 3232 4778; x_wconf 71' lang='lat' dir='ltr'><strong>locati:</strong></span> <span class='ocrx_word' id='word_1_727' title='bbox 3261 4710 3319 4759; x_wconf 88' lang='lat' dir='ltr'><strong>et</strong></span> <span class='ocrx_word' id='word_1_728' title='bbox 3361 4715 3586 4774; x_wconf 82' lang='lat' dir='ltr'><strong>parvum</strong></span> <span class='ocrx_word' id='word_1_729' title='bbox 3638 4717 3865 4774; x_wconf 80' lang='lat' dir='ltr'><strong>corpus</strong></span> 
     </span>
    </p>
   </div>
   <div class='ocr_carea' id='block_1_92' title="bbox 562 4779 3865 4866">
    <p class='ocr_par' dir='ltr' id='par_1_92' title="bbox 562 4779 3865 4866">
     <span class='ocr_line' id='line_1_92' title="bbox 562 4779 3865 4866; baseline 0.005 -34"><span class='ocrx_word' id='word_1_730' title='bbox 562 4779 764 4836; x_wconf 89' lang='lat' dir='ltr'><strong>cunctis</strong></span> <span class='ocrx_word' id='word_1_731' title='bbox 787 4787 1046 4834; x_wconf 69' lang='lat' dir='ltr'><strong>creatura:</strong></span> <span class='ocrx_word' id='word_1_732' title='bbox 1074 4779 1334 4850; x_wconf 78' lang='lat' dir='ltr'><strong>partibus,</strong></span> <span class='ocrx_word' id='word_1_733' title='bbox 1363 4795 1691 4848; x_wconf 86' lang='lat' dir='ltr'><strong>mensuram,</strong></span> <span class='ocrx_word' id='word_1_734' title='bbox 1721 4783 1931 4853; x_wconf 84' lang='lat' dir='ltr'><strong>pondus</strong></span> <span class='ocrx_word' id='word_1_735' title='bbox 1957 4791 2016 4840; x_wconf 91' lang='lat' dir='ltr'><strong>et</strong></span> <span class='ocrx_word' id='word_1_736' title='bbox 2040 4801 2139 4840; x_wconf 92' lang='lat' dir='ltr'><strong>nu-</strong></span> <span class='ocrx_word' id='word_1_737' title='bbox 2248 4801 2412 4861; x_wconf 70' lang='lat' dir='ltr'><strong>atque</strong></span> <span class='ocrx_word' id='word_1_738' title='bbox 2437 4795 2624 4862; x_wconf 69' lang='lat' dir='ltr'><strong>ingens</strong></span> <span class='ocrx_word' id='word_1_739' title='bbox 2662 4795 2871 4850; x_wconf 71' lang='lat' dir='ltr'><strong>animus</strong></span> <span class='ocrx_word' id='word_1_740' title='bbox 2897 4803 2984 4850; x_wconf 82' lang='lat' dir='ltr'><strong>est</strong></span> <span class='ocrx_word' id='word_1_741' title='bbox 3017 4795 3258 4864; x_wconf 55' lang='lat' dir='ltr'><strong>apicula.</strong></span> <span class='ocrx_word' id='word_1_742' title='bbox 3301 4793 3419 4848; x_wconf 77' lang='lat' dir='ltr'><strong>Non</strong></span> <span class='ocrx_word' id='word_1_743' title='bbox 3446 4807 3578 4862; x_wconf 89' lang='lat' dir='ltr'><strong>ergo</strong></span> <span class='ocrx_word' id='word_1_744' title='bbox 3622 4795 3865 4866; x_wconf 82' lang='lat' dir='ltr'><strong>capitur</strong></span> 
     </span>
    </p>
   </div>
   <div class='ocr_carea' id='block_1_93' title="bbox 564 4869 3866 4955">
    <p class='ocr_par' dir='ltr' id='par_1_93' title="bbox 564 4869 3866 4955">
     <span class='ocr_line' id='line_1_93' title="bbox 564 4869 3866 4955; baseline 0.007 -33"><span class='ocrx_word' id='word_1_745' title='bbox 564 4883 769 4923; x_wconf 88' lang='lat' dir='ltr'><strong>merum</strong></span> <span class='ocrx_word' id='word_1_746' title='bbox 798 4869 963 4924; x_wconf 81' lang='lat' dir='ltr'><strong>indita</strong></span> <span class='ocrx_word' id='word_1_747' title='bbox 991 4886 1112 4926; x_wconf 81' lang='lat' dir='ltr'><strong>esse</strong></span> <span class='ocrx_word' id='word_1_748' title='bbox 1134 4870 1338 4937; x_wconf 79' lang='lat' dir='ltr'><strong>dixisti,</strong></span> <span class='ocrx_word' id='word_1_749' title='bbox 1359 4873 1612 4941; x_wconf 91' lang='lat' dir='ltr'><strong>quoniam</strong></span> <span class='ocrx_word' id='word_1_750' title='bbox 1640 4874 1755 4930; x_wconf 80' lang='lat' dir='ltr'><strong>haec</strong></span> <span class='ocrx_word' id='word_1_751' title='bbox 1782 4875 1948 4934; x_wconf 70' lang='lat' dir='ltr'><strong>simul.</strong></span> <span class='ocrx_word' id='word_1_752' title='bbox 1967 4877 2141 4941; x_wconf 85' lang='lat' dir='ltr'><strong>omni-</strong></span> <span class='ocrx_word' id='word_1_753' title='bbox 2248 4899 2477 4955; x_wconf 85' lang='lat' dir='ltr'><strong>corpore</strong></span> <span class='ocrx_word' id='word_1_754' title='bbox 2505 4894 2657 4942; x_wconf 69' lang='lat' dir='ltr'><strong>extra</strong></span> <span class='ocrx_word' id='word_1_755' title='bbox 2687 4901 2774 4950; x_wconf 87' lang='lat' dir='ltr'><strong>se;</strong></span> <span class='ocrx_word' id='word_1_756' title='bbox 2807 4887 2968 4955; x_wconf 87' lang='lat' dir='ltr'><strong>igitur</strong></span> <span class='ocrx_word' id='word_1_757' title='bbox 2994 4893 3105 4951; x_wconf 85' lang='lat' dir='ltr'><strong>est;</strong></span> <span class='ocrx_word' id='word_1_758' title='bbox 3146 4885 3241 4941; x_wconf 86' lang='lat' dir='ltr'><strong>sed</strong></span> <span class='ocrx_word' id='word_1_759' title='bbox 3269 4893 3422 4940; x_wconf 82' lang='lat' dir='ltr'><strong>extra</strong></span> <span class='ocrx_word' id='word_1_760' title='bbox 3463 4898 3526 4939; x_wconf 84' lang='lat' dir='ltr'><strong>se</strong></span> <span class='ocrx_word' id='word_1_761' title='bbox 3550 4885 3702 4939; x_wconf 84' lang='lat' dir='ltr'><strong>nihil</strong></span> <span class='ocrx_word' id='word_1_762' title='bbox 3731 4903 3866 4942; x_wconf 79' lang='lat' dir='ltr'><strong>esse</strong></span> 
     </span>
    </p>
   </div>
   <div class='ocr_carea' id='block_1_94' title="bbox 563 4958 3864 5052">
    <p class='ocr_par' dir='ltr' id='par_1_94' title="bbox 563 4958 3864 5052">
     <span class='ocr_line' id='line_1_94' title="bbox 563 4958 3864 5052; baseline 0.005 -38"><span class='ocrx_word' id='word_1_763' title='bbox 563 4958 661 5052; x_wconf 86' lang='lat' dir='ltr'><strong>bus</strong></span> <span class='ocrx_word' id='word_1_764' title='bbox 689 4965 902 5052; x_wconf 89' lang='lat' dir='ltr'><strong>constat</strong></span> <span class='ocrx_word' id='word_1_765' title='bbox 928 4961 1104 5052; x_wconf 74' lang='lat' dir='ltr'><strong>inesse</strong></span> <span class='ocrx_word' id='word_1_766' title='bbox 1121 4961 1456 5032; x_wconf 87' lang='lat' dir='ltr'><strong>corporibus,</strong></span> <span class='ocrx_word' id='word_1_767' title='bbox 1477 4970 1533 5017; x_wconf 90' lang='lat' dir='ltr'><strong>et</strong></span> <span class='ocrx_word' id='word_1_768' title='bbox 1553 4964 1782 5026; x_wconf 86' lang='lat' dir='ltr'><strong>animam</strong></span> <span class='ocrx_word' id='word_1_769' title='bbox 1808 4981 2004 5035; x_wconf 78' lang='lat' dir='ltr'><strong>corpus</strong></span> <span class='ocrx_word' id='word_1_770' title='bbox 2023 4982 2142 5025; x_wconf 82' lang='lat' dir='ltr'><strong>esse</strong></span> <span class='ocrx_word' id='word_1_771' title='bbox 2246 4984 2440 5047; x_wconf 79' lang='lat' dir='ltr'><strong>potest.</strong></span> <span class='ocrx_word' id='word_1_772' title='bbox 2478 4975 2574 5032; x_wconf 80' lang='lat' dir='ltr'><strong>Est</strong></span> <span class='ocrx_word' id='word_1_773' title='bbox 2599 4991 2727 5044; x_wconf 87' lang='lat' dir='ltr'><strong>ergo</strong></span> <span class='ocrx_word' id='word_1_774' title='bbox 2754 4985 2897 5031; x_wconf 88' lang='lat' dir='ltr'><strong>totus</strong></span> <span class='ocrx_word' id='word_1_775' title='bbox 2941 4977 2992 5030; x_wconf 87' lang='lat' dir='ltr'><strong>in</strong></span> <span class='ocrx_word' id='word_1_776' title='bbox 3020 4991 3269 5046; x_wconf 85' lang='lat' dir='ltr'><strong>corpore,</strong></span> <span class='ocrx_word' id='word_1_777' title='bbox 3299 4975 3393 5031; x_wconf 87' lang='lat' dir='ltr'><strong>sed</strong></span> <span class='ocrx_word' id='word_1_778' title='bbox 3421 4979 3689 5043; x_wconf 77' lang='lat' dir='ltr'><strong>maguum</strong></span> <span class='ocrx_word' id='word_1_779' title='bbox 3726 4993 3864 5033; x_wconf 82' lang='lat' dir='ltr'><strong>eor--</strong></span> 
     </span>
    </p>
   </div>
   <div class='ocr_carea' id='block_1_95' title="bbox 562 5050 2140 5140">
    <p class='ocr_par' dir='ltr' id='par_1_95' title="bbox 562 5050 2140 5130">
     <span class='ocr_line' id='line_1_95' title="bbox 562 5050 2140 5130; baseline 0.006 -24"><span class='ocrx_word' id='word_1_780' title='bbox 562 5050 834 5116; x_wconf 76' lang='lat' dir='ltr'><strong>decentis;</strong></span> <span class='ocrx_word' id='word_1_781' title='bbox 863 5050 982 5119; x_wconf 63' lang='lat' dir='ltr'><strong>quin</strong></span> <span class='ocrx_word' id='word_1_782' title='bbox 1008 5052 1166 5120; x_wconf 88' lang='lat' dir='ltr'><strong>hujus</strong></span> <span class='ocrx_word' id='word_1_783' title='bbox 1192 5069 1442 5110; x_wconf 90' lang='lat' dir='ltr'><strong>mensura</strong></span> <span class='ocrx_word' id='word_1_784' title='bbox 1469 5055 1557 5119; x_wconf 85' lang='lat' dir='ltr'><strong>sit,</strong></span> <span class='ocrx_word' id='word_1_785' title='bbox 1581 5056 1671 5126; x_wconf 89' lang='lat' dir='ltr'><strong>qui</strong></span> <span class='ocrx_word' id='word_1_786' title='bbox 1693 5071 1965 5126; x_wconf 81' lang='lat' dir='ltr'><strong>numerus,</strong></span> <span class='ocrx_word' id='word_1_787' title='bbox 1997 5059 2140 5130; x_wconf 79' lang='lat' dir='ltr'><strong>quod</strong></span> 
     </span>
    </p>
   </div>
   <div class='ocr_carea' id='block_1_96' title="bbox 2238 5050 3867 5140">
    <p class='ocr_par' dir='ltr' id='par_1_96' title="bbox 2247 5068 3867 5140">
     <span class='ocr_line' id='line_1_96' title="bbox 2247 5068 3867 5140; baseline 0.001 -16"><span class='ocrx_word' id='word_1_788' title='bbox 2247 5083 2470 5140; x_wconf 89' lang='lat' dir='ltr'><strong>poreum</strong></span> <span class='ocrx_word' id='word_1_789' title='bbox 2497 5085 2758 5140; x_wconf 89' lang='lat' dir='ltr'><strong>corporeo</strong></span> <span class='ocrx_word' id='word_1_790' title='bbox 2786 5085 2954 5140; x_wconf 84' lang='lat' dir='ltr'><strong>parvo</strong></span> <span class='ocrx_word' id='word_1_791' title='bbox 2981 5083 3086 5124; x_wconf 89' lang='lat' dir='ltr'><strong>non</strong></span> <span class='ocrx_word' id='word_1_792' title='bbox 3115 5070 3342 5138; x_wconf 80' lang='lat' dir='ltr'><strong>capitur,</strong></span> <span class='ocrx_word' id='word_1_793' title='bbox 3371 5068 3495 5137; x_wconf 82' lang='lat' dir='ltr'><strong>quia</strong></span> <span class='ocrx_word' id='word_1_794' title='bbox 3527 5075 3650 5121; x_wconf 86' lang='lat' dir='ltr'><strong>tam</strong></span> <span class='ocrx_word' id='word_1_795' title='bbox 3699 5085 3867 5140; x_wconf 84' lang='lat' dir='ltr'><strong>mag-</strong></span> 
     </span>
    </p>
   </div>
   <div class='ocr_carea' id='block_1_97' title="bbox 563 5140 3860 5231">
    <p class='ocr_par' dir='ltr' id='par_1_97' title="bbox 563 5140 3860 5231">
     <span class='ocr_line' id='line_1_97' title="bbox 563 5140 3860 5231; baseline 0.007 -34"><span class='ocrx_word' id='word_1_796' title='bbox 563 5140 774 5212; x_wconf 89' lang='lat' dir='ltr'><strong>pondus</strong></span> <span class='ocrx_word' id='word_1_797' title='bbox 802 5141 1034 5214; x_wconf 75' lang='lat' dir='ltr'><strong>inquiro.</strong></span> <span class='ocrx_word' id='word_1_798' title='bbox 1065 5143 1121 5197; x_wconf 90' lang='lat' dir='ltr'><strong>Si</strong></span> <span class='ocrx_word' id='word_1_799' title='bbox 1154 5144 1374 5200; x_wconf 88' lang='lat' dir='ltr'><strong>modum</strong></span> <span class='ocrx_word' id='word_1_800' title='bbox 1396 5148 1664 5214; x_wconf 84' lang='lat' dir='ltr'><strong>vcgetanti</strong></span> <span class='ocrx_word' id='word_1_801' title='bbox 1693 5149 1884 5206; x_wconf 76' lang='lat' dir='ltr'><strong>anima:</strong></span> <span class='ocrx_word' id='word_1_802' title='bbox 1913 5150 2144 5208; x_wconf 58' lang='lat' dir='ltr'><strong>viventk</strong></span> <span class='ocrx_word' id='word_1_803' title='bbox 2245 5176 2370 5215; x_wconf 87' lang='lat' dir='ltr'><strong>num</strong></span> <span class='ocrx_word' id='word_1_804' title='bbox 2400 5162 2571 5231; x_wconf 83' lang='lat' dir='ltr'><strong>replet</strong></span> <span class='ocrx_word' id='word_1_805' title='bbox 2594 5161 2789 5224; x_wconf 88' lang='lat' dir='ltr'><strong>locum,</strong></span> <span class='ocrx_word' id='word_1_806' title='bbox 2819 5176 2978 5229; x_wconf 90' lang='lat' dir='ltr'><strong>quam</strong></span> <span class='ocrx_word' id='word_1_807' title='bbox 3001 5174 3250 5230; x_wconf 86' lang='lat' dir='ltr'><strong>magnum</strong></span> <span class='ocrx_word' id='word_1_808' title='bbox 3269 5159 3504 5229; x_wconf 73' lang='lat' dir='ltr'><strong>quidQue</strong></span> <span class='ocrx_word' id='word_1_809' title='bbox 3525 5159 3728 5217; x_wconf 75' lang='lat' dir='ltr'><strong>locale</strong></span> <span class='ocrx_word' id='word_1_810' title='bbox 3746 5173 3860 5218; x_wconf 85' lang='lat' dir='ltr'><strong>est.</strong></span> 
     </span>
    </p>
   </div>
   <div class='ocr_carea' id='block_1_98' title="bbox 562 5232 3866 5324">
    <p class='ocr_par' dir='ltr' id='par_1_98' title="bbox 562 5232 3866 5324">
     <span class='ocr_line' id='line_1_98' title="bbox 562 5232 3866 5324; baseline 0.002 -36"><span class='ocrx_word' id='word_1_811' title='bbox 562 5233 804 5304; x_wconf 89' lang='lat' dir='ltr'><strong>corporis</strong></span> <span class='ocrx_word' id='word_1_812' title='bbox 833 5233 1023 5288; x_wconf 91' lang='lat' dir='ltr'><strong>modus</strong></span> <span class='ocrx_word' id='word_1_813' title='bbox 1051 5232 1206 5300; x_wconf 84' lang='lat' dir='ltr'><strong>facit,</strong></span> <span class='ocrx_word' id='word_1_814' title='bbox 1259 5237 1383 5304; x_wconf 86' lang='lat' dir='ltr'><strong>quia</strong></span> <span class='ocrx_word' id='word_1_815' title='bbox 1410 5252 1604 5307; x_wconf 83' lang='lat' dir='ltr'><strong>corpus</strong></span> <span class='ocrx_word' id='word_1_816' title='bbox 1646 5240 1942 5294; x_wconf 84' lang='lat' dir='ltr'><strong>extrarium</strong></span> <span class='ocrx_word' id='word_1_817' title='bbox 1982 5241 2134 5308; x_wconf 91' lang='lat' dir='ltr'><strong>quasi</strong></span> <span class='ocrx_word' id='word_1_818' title='bbox 2243 5251 2353 5307; x_wconf 79' lang='grc' dir='ltr'><strong>Αυι</strong></span> <span class='ocrx_word' id='word_1_819' title='bbox 2380 5253 2544 5320; x_wconf 58' lang='lat' dir='ltr'><strong>igitur</strong></span> <span class='ocrx_word' id='word_1_820' title='bbox 2571 5252 2991 5307; x_wconf 76' lang='lat' dir='ltr'><strong>anima&#39;illocalis</strong></span> <span class='ocrx_word' id='word_1_821' title='bbox 3021 5260 3123 5315; x_wconf 65' lang='lat' dir='ltr'><strong>est,</strong></span> <span class='ocrx_word' id='word_1_822' title='bbox 3156 5260 3211 5306; x_wconf 63' lang='lat' dir='ltr'><strong>ei</strong></span> <span class='ocrx_word' id='word_1_823' title='bbox 3239 5267 3336 5322; x_wconf 64' lang='lat' dir='ltr'><strong>per</strong></span> <span class='ocrx_word' id='word_1_824' title='bbox 3362 5251 3478 5306; x_wconf 51' lang='lat' dir='ltr'><strong>hac</strong></span> <span class='ocrx_word' id='word_1_825' title='bbox 3505 5251 3866 5324; x_wconf 62' lang='lat' dir='ltr'><strong>imm</strong></span> 
     </span>
    </p>
   </div>
   <div class='ocr_carea' id='block_1_99' title="bbox 563 5325 3868 5409">
    <p class='ocr_par' dir='ltr' id='par_1_99' title="bbox 563 5325 3868 5409">
     <span class='ocr_line' id='line_1_99' title="bbox 563 5325 3868 5409; baseline 0.007 -31"><span class='ocrx_word' id='word_1_826' title='bbox 563 5341 656 5380; x_wconf 90' lang='lat' dir='ltr'><strong>vas</strong></span> <span class='ocrx_word' id='word_1_827' title='bbox 684 5325 921 5396; x_wconf 91' lang='lat' dir='ltr'><strong>aliquod,</strong></span> <span class='ocrx_word' id='word_1_828' title='bbox 964 5325 1198 5381; x_wconf 88' lang='lat' dir='ltr'><strong>animam</strong></span> <span class='ocrx_word' id='word_1_829' title='bbox 1228 5327 1391 5383; x_wconf 87' lang='lat' dir='ltr'><strong>veluti</strong></span> <span class='ocrx_word' id='word_1_830' title='bbox 1433 5329 1606 5384; x_wconf 87' lang='lat' dir='ltr'><strong>minus</strong></span> <span class='ocrx_word' id='word_1_831' title='bbox 1648 5331 1916 5400; x_wconf 86' lang='lat' dir='ltr'><strong>quoddam</strong></span> <span class='ocrx_word' id='word_1_832' title='bbox 1943 5348 2139 5404; x_wconf 89' lang='lat' dir='ltr'><strong>corpus</strong></span> <span class='ocrx_word' id='word_1_833' title='bbox 2243 5345 2364 5409; x_wconf 68' lang='lat' dir='ltr'><strong>erit,</strong></span> <span class='ocrx_word' id='word_1_834' title='bbox 2392 5353 2488 5397; x_wconf 78' lang='lat' dir='ltr'><strong>aut</strong></span> <span class='ocrx_word' id='word_1_835' title='bbox 2513 5359 2694 5399; x_wconf 78' lang='lat' dir='ltr'><strong>secum</strong></span> <span class='ocrx_word' id='word_1_836' title='bbox 2725 5351 2835 5398; x_wconf 79' lang='lat' dir='ltr'><strong>tota</strong></span> <span class='ocrx_word' id='word_1_837' title='bbox 2865 5358 2970 5397; x_wconf 82' lang='lat' dir='ltr'><strong>non</strong></span> <span class='ocrx_word' id='word_1_838' title='bbox 3001 5343 3122 5397; x_wconf 88' lang='lat' dir='ltr'><strong>erit.</strong></span> <span class='ocrx_word' id='word_1_839' title='bbox 3167 5341 3274 5398; x_wconf 89' lang='lat' dir='ltr'><strong>Sed</strong></span> <span class='ocrx_word' id='word_1_840' title='bbox 3301 5342 3432 5397; x_wconf 85' lang='lat' dir='ltr'><strong>nihil</strong></span> <span class='ocrx_word' id='word_1_841' title='bbox 3459 5356 3584 5398; x_wconf 84' lang='lat' dir='ltr'><strong>esse</strong></span> <span class='ocrx_word' id='word_1_842' title='bbox 3616 5346 3744 5402; x_wconf 88' lang='lat' dir='ltr'><strong>nisi</strong></span> <span class='ocrx_word' id='word_1_843' title='bbox 3773 5364 3868 5405; x_wconf 81' lang='lat' dir='ltr'><strong>se-</strong></span> 
     </span>
    </p>
   </div>
   <div class='ocr_carea' id='block_1_100' title="bbox 565 5415 3869 5510">
    <p class='ocr_par' dir='ltr' id='par_1_100' title="bbox 565 5415 3869 5510">
     <span class='ocr_line' id='line_1_100' title="bbox 565 5415 3869 5510; baseline 0.007 -41"><span class='ocrx_word' id='word_1_844' title='bbox 565 5415 824 5470; x_wconf 85' lang='lat' dir='ltr'><strong>includit:</strong></span> <span class='ocrx_word' id='word_1_845' title='bbox 857 5431 986 5487; x_wconf 89' lang='lat' dir='ltr'><strong>ergo</strong></span> <span class='ocrx_word' id='word_1_846' title='bbox 1015 5416 1236 5483; x_wconf 63' lang='lat' dir='ltr'><strong>animat,</strong></span> <span class='ocrx_word' id='word_1_847' title='bbox 1272 5427 1330 5471; x_wconf 92' lang='lat' dir='ltr'><strong>ut</strong></span> <span class='ocrx_word' id='word_1_848' title='bbox 1365 5425 1421 5473; x_wconf 88' lang='lat' dir='ltr'><strong>tu</strong></span> <span class='ocrx_word' id='word_1_849' title='bbox 1464 5421 1570 5484; x_wconf 88' lang='lat' dir='ltr'><strong>ais,</strong></span> <span class='ocrx_word' id='word_1_850' title='bbox 1601 5423 1873 5492; x_wconf 81' lang='lat' dir='ltr'><strong>quantitas</strong></span> <span class='ocrx_word' id='word_1_851' title='bbox 1900 5439 1996 5493; x_wconf 79' lang='lat' dir='ltr'><strong>pro</strong></span> <span class='ocrx_word' id='word_1_852' title='bbox 2023 5440 2136 5482; x_wconf 84' lang='lat' dir='ltr'><strong>cor—</strong></span> <span class='ocrx_word' id='word_1_853' title='bbox 2245 5450 2366 5490; x_wconf 78' lang='lat' dir='ltr'><strong>cum</strong></span> <span class='ocrx_word' id='word_1_854' title='bbox 2412 5442 2607 5504; x_wconf 85' lang='lat' dir='ltr'><strong>potest.</strong></span> <span class='ocrx_word' id='word_1_855' title='bbox 2650 5434 2934 5490; x_wconf 89' lang='lat' dir='ltr'><strong>lllocaliter</strong></span> <span class='ocrx_word' id='word_1_856' title='bbox 2961 5447 3089 5502; x_wconf 90' lang='lat' dir='ltr'><strong>ergo</strong></span> <span class='ocrx_word' id='word_1_857' title='bbox 3119 5435 3169 5488; x_wconf 90' lang='lat' dir='ltr'><strong>in</strong></span> <span class='ocrx_word' id='word_1_858' title='bbox 3200 5449 3258 5488; x_wconf 84' lang='lat' dir='ltr'><strong>re</strong></span> <span class='ocrx_word' id='word_1_859' title='bbox 3296 5448 3460 5504; x_wconf 83' lang='lat' dir='ltr'><strong>parva</strong></span> <span class='ocrx_word' id='word_1_860' title='bbox 3506 5449 3598 5488; x_wconf 77' lang='lat' dir='ltr'><strong>res</strong></span> <span class='ocrx_word' id='word_1_861' title='bbox 3645 5453 3869 5510; x_wconf 78' lang='lat' dir='ltr'><strong>magna</strong></span> 
     </span>
    </p>
   </div>
   <div class='ocr_carea' id='block_1_101' title="bbox 566 5510 3868 5592">
    <p class='ocr_par' dir='ltr' id='par_1_101' title="bbox 566 5510 3868 5592">
     <span class='ocr_line' id='line_1_101' title="bbox 566 5510 3868 5592; baseline 0.009 -30"><span class='ocrx_word' id='word_1_862' title='bbox 566 5510 711 5576; x_wconf 90' lang='lat' dir='ltr'><strong>poris</strong></span> <span class='ocrx_word' id='word_1_863' title='bbox 737 5511 1039 5579; x_wconf 88' lang='lat' dir='ltr'><strong>quantitate</strong></span> <span class='ocrx_word' id='word_1_864' title='bbox 1061 5511 1329 5568; x_wconf 89' lang='lat' dir='ltr'><strong>censenda</strong></span> <span class='ocrx_word' id='word_1_865' title='bbox 1358 5523 1458 5570; x_wconf 85' lang='lat' dir='ltr'><strong>est.</strong></span> <span class='ocrx_word' id='word_1_866' title='bbox 1691 5565 1699 5576; x_wconf 86' lang='lat'><strong><em>,</em></strong></span> <span class='ocrx_word' id='word_1_867' title='bbox 2244 5535 2342 5580; x_wconf 81' lang='lat' dir='ltr'><strong>est.</strong></span> <span class='ocrx_word' id='word_1_868' title='bbox 2377 5525 2490 5581; x_wconf 87' lang='lat' dir='ltr'><strong>Non</strong></span> <span class='ocrx_word' id='word_1_869' title='bbox 2536 5527 2697 5592; x_wconf 89' lang='lat' dir='ltr'><strong>igitur</strong></span> <span class='ocrx_word' id='word_1_870' title='bbox 2739 5526 2924 5581; x_wconf 88' lang='lat' dir='ltr'><strong>localis</strong></span> <span class='ocrx_word' id='word_1_871' title='bbox 2948 5534 3031 5579; x_wconf 87' lang='lat' dir='ltr'><strong>est</strong></span> <span class='ocrx_word' id='word_1_872' title='bbox 3058 5525 3293 5591; x_wconf 88' lang='lat' dir='ltr'><strong>animus,</strong></span> <span class='ocrx_word' id='word_1_873' title='bbox 3341 5534 3398 5579; x_wconf 87' lang='lat' dir='ltr'><strong>et</strong></span> <span class='ocrx_word' id='word_1_874' title='bbox 3437 5525 3570 5578; x_wconf 87' lang='lat' dir='ltr'><strong>nihil</strong></span> <span class='ocrx_word' id='word_1_875' title='bbox 3621 5528 3868 5590; x_wconf 76' lang='lat' dir='ltr'><strong>illocale</strong></span> 
     </span>
    </p>
   </div>
   <div class='ocr_carea' id='block_1_102' title="bbox 633 5598 3868 5688">
    <p class='ocr_par' dir='ltr' id='par_1_102' title="bbox 633 5598 3868 5688">
     <span class='ocr_line' id='line_1_102' title="bbox 633 5598 3868 5688; baseline 0.007 -35"><span class='ocrx_word' id='word_1_876' title='bbox 633 5599 721 5654; x_wconf 80' lang='lat' dir='ltr'><strong>iV.</strong></span> <span class='ocrx_word' id='word_1_877' title='bbox 751 5598 796 5656; x_wconf 92' lang='grc' dir='ltr'>Ο</span> <span class='ocrx_word' id='word_1_878' title='bbox 823 5603 865 5656; x_wconf 93' lang='lat' dir='ltr'><strong>si</strong></span> <span class='ocrx_word' id='word_1_879' title='bbox 896 5605 1023 5658; x_wconf 92' lang='lat' dir='ltr'><strong>mihi</strong></span> <span class='ocrx_word' id='word_1_880' title='bbox 1052 5604 1120 5658; x_wconf 88' lang='lat' dir='ltr'><strong>de</strong></span> <span class='ocrx_word' id='word_1_881' title='bbox 1146 5604 1228 5658; x_wconf 84' lang='lat' dir='ltr'><strong>his</strong></span> <span class='ocrx_word' id='word_1_882' title='bbox 1268 5607 1410 5675; x_wconf 80' lang='lat' dir='ltr'><strong>loqui</strong></span> <span class='ocrx_word' id='word_1_883' title='bbox 1444 5617 1616 5666; x_wconf 86' lang='lat' dir='ltr'><strong>tecum</strong></span> <span class='ocrx_word' id='word_1_884' title='bbox 1637 5628 1888 5668; x_wconf 79' lang='lat' dir='ltr'><strong>cominus</strong></span> <span class='ocrx_word' id='word_1_885' title='bbox 1927 5615 2131 5682; x_wconf 82' lang='lat' dir='ltr'><strong>palam-</strong></span> <span class='ocrx_word' id='word_1_886' title='bbox 2243 5633 2531 5688; x_wconf 89' lang='lat' dir='ltr'><strong>coporeum</strong></span> <span class='ocrx_word' id='word_1_887' title='bbox 2564 5635 2574 5667; x_wconf 86' lang='lat'><strong>:</strong></span> <span class='ocrx_word' id='word_1_888' title='bbox 2600 5632 2891 5683; x_wconf 83' lang='lat' dir='ltr'><strong>corporeus</strong></span> <span class='ocrx_word' id='word_1_889' title='bbox 2917 5618 3075 5685; x_wconf 86' lang='lat' dir='ltr'><strong>igitur</strong></span> <span class='ocrx_word' id='word_1_890' title='bbox 3096 5625 3324 5670; x_wconf 87' lang='lat' dir='ltr'><strong>nonest.</strong></span> <span class='ocrx_word' id='word_1_891' title='bbox 3351 5617 3628 5686; x_wconf 82' lang='lat' dir='ltr'><strong>Quidquid</strong></span> <span class='ocrx_word' id='word_1_892' title='bbox 3656 5631 3868 5680; x_wconf 60' lang='lat' dir='ltr'><strong>autat}</strong></span> 
     </span>
    </p>
   </div>
   <div class='ocr_carea' id='block_1_103' title="bbox 643 5780 3264 5865">
    <p class='ocr_par' dir='ltr' id='par_1_103' title="bbox 643 5780 3264 5865">
     <span class='ocr_line' id='line_1_103' title="bbox 643 5780 3264 5865; baseline 0.006 -29"><span class='ocrx_word' id='word_1_893' title='bbox 643 5786 671 5817; x_wconf 74' lang='grc'><strong>⁸</strong></span> <span class='ocrx_word' id='word_1_894' title='bbox 693 5780 960 5863; x_wconf 77' lang='lat' dir='ltr'><strong>Virgilius,</strong></span> <span class='ocrx_word' id='word_1_895' title='bbox 991 5785 1175 5853; x_wconf 79' lang='lat' dir='ltr'><strong>Georg.</strong></span> <span class='ocrx_word' id='word_1_896' title='bbox 1209 5803 1279 5849; x_wconf 78' lang='lat' dir='ltr'><strong>iv,</strong></span> <span class='ocrx_word' id='word_1_897' title='bbox 1311 5803 1444 5843; x_wconf 87' lang='lat' dir='ltr'><strong>vers.</strong></span> <span class='ocrx_word' id='word_1_898' title='bbox 1473 5789 1555 5843; x_wconf 65' lang='lat'><strong>“25.</strong></span> <span class='ocrx_word' id='word_1_899' title='bbox 2313 5795 2339 5834; x_wconf 66' lang='grc' dir='ltr'>δ</span> <span class='ocrx_word' id='word_1_900' title='bbox 2371 5798 2632 5865; x_wconf 76' lang='lat' dir='ltr'><strong>Virgilius,</strong></span> <span class='ocrx_word' id='word_1_901' title='bbox 2657 5799 2875 5854; x_wconf 74' lang='lat' dir='ltr'><strong>.Eneid.</strong></span> <span class='ocrx_word' id='word_1_902' title='bbox 2902 5815 2971 5863; x_wconf 81' lang='lat' dir='ltr'><strong>iv,</strong></span> <span class='ocrx_word' id='word_1_903' title='bbox 2998 5815 3134 5854; x_wconf 86' lang='lat' dir='ltr'><strong>vers.</strong></span> <span class='ocrx_word' id='word_1_904' title='bbox 3165 5799 3264 5852; x_wconf 59' lang='lat' dir='ltr'><strong>itii</strong></span> 
     </span>
    </p>
   </div>
  </div>
