4140 6346
234 340 348 412 ’m

1428 336 1516 404 DE
1548 347 1774 407 STATU
1813 346 2052 406 ΑΝΙΜΑΞ
2091 346 2219 405 LIB.
2260 348 2323 405 Il.

3437 360 3545 417 7&3

251 482 572 542 corporeum
614 482 724 523 non
752 472 854 531 est,
886 454 994 520 non
1022 464 1166 521 mole
1205 463 1540 520 censendum
1582 471 1689 520 est.
1720 462 1842 519 Non
1867 466 1918 531 Α
1944 478 2065 519 ram
2089 477 2211 534 quae
2237 462 2477 534 metitur,
2508 442 2602 523 sed
2641 480 2748 539 qua
2790 469 3027 533 metitur.
3059 468 3210 527 Sicut
3257 470 3384 530 item
3432 490 3542 539 non

249 576 381 633 ergo
408 576 477 616 ex
505 557 866 629 magnitudine
891 556 1135 627 corporis
1162 555 1328 611 animi
1357 555 1731 633 magnitudo.-

318 653 406 709 Vl.
438 650 706 720 Quorsum
732 656 914 705 autem
940 648 1140 705 evadas
1181 664 1326 705 nunc
1353 648 1651 705 videamus.
1705 647 1840 721 Api-

244 746 370 804 eula
400 744 497 801 tibi
523 742 796 815 corporis,
829 741 1066 797 camelus
1094 740 1259 797 animi
1288 741 1716 812 magnitudinem
1745 758 1841 798 ne-

248 847 356 910 gat.
388 836 602 893 Videris
644 850 714 890 ne
758 832 1060 889 istiusmodi
1105 833 1407 890 rationibus
1449 834 1716 889 sententia
1746 833 1843 889 tibi

244 932 332 1003 pla
341 931 450 987 cita
473 926 749 985 labascat?
767 925 846 982 Ne
863 925 1158 985 secundum
1176 941 1467 998 corporeas
1485 928 1860 998 quantitates,-

242 1022 510 1087 numeris,
540 1020 867 1093 ponderibus
909 1026 964 1075 et
1010 1018 1275 1079 mensuris
1321 1020 1483 1077 animi
1530 1018 1842 1091 magnitudo

241 1116 546 1185 subjaceat,
586 1113 679 1184 qui
721 1119 777 1167 et
822 1128 1018 1183 parvus
1047 1111 1101 1166 in
1130 1126 1325 1182 magno
1354 1119 1527 1167 totum
1576 1119 1754 1179 tenet,
1788 1117 1843 1168 et

242 1222 478 1278 magnus
505 1207 561 1263 in
590 1222 759 1279 parvo
788 1222 897 1263 non
924 1203 1112 1263 eflluit.
1163 1204 1268 1261 Sed
1311 1204 1450 1263 forte
1490 1205 1846 1279 corporaliter

240 1299 434 1355 metiri
462 1298 674 1354 animus
701 1313 811 1354 non
839 1305 1049 1369 potest,
1078 1304 1134 1359 et
1168 1296 1330 1371 pendi
1357 1305 1554 1369 potest.
1584 1295 1636 1353 Is
1664 1297 1844 1353 dicere

242 1392 443 1448 audeat
476 1391 615 1449 seire
648 1407 708 1447 se
746 1406 906 1463 posse
928 1397 1062 1462 quot
1085 1390 1296 1449 animus
1320 1390 1614 1449 secundum
1636 1390 1846 1463 pondus

241 1484 424 1556 possit
451 1498 572 1540 esse
592 1480 874 1552 librarum,
921 1481 1015 1552 qui
1043 1481 1493 1555 comprehensum
1523 1490 1672 1537 tenet
1712 1489 1847 1553 quot

241 1578 321 1633 sit
347 1576 639 1633 secundum
666 1575 1055 1646 longitudinem
1083 1574 1298 1648 pedum.
1328 1573 1565 1646 Vestigia
1593 1590 1725 1631 vero
1746 1591 1847 1631 nu-

241 1684 522 1727 merorum
569 1669 624 1723 in
670 1668 988 1740 corporibus
1035 1666 1237 1722 trifaria
1283 1666 1654 1731 dinoscuntur.
1700 1663 1848 1722 Loco

241 1762 451 1819 etenim
480 1761 673 1835 primo,
704 1767 763 1815 ut
791 1760 860 1815 sit
887 1774 1084 1831 corpus
1107 1758 1403 1814 maximum
1432 1758 1518 1813 vel
1540 1756 1841 1843 minimum,

1949 551 2055 613 hoe
2101 565 2184 613 est
2218 555 2534 626 magnitudo
2573 559 2721 628 quod
2771 576 3049 632 magnum,
3077 578 3177 619 nec
3203 563 3307 620 hoc
3332 567 3541 636 aequale

1947 647 2089 717 quod
2118 647 2415 718 inqualitas,
2442 663 2545 705 nec
2562 648 2667 707 hoc
2696 652 3041 723 pulchritudo
3060 655 3205 727 quod
3234 656 3538 728 pulchrum.

1943 738 2090 795 Nihil
2119 740 2262 796 enim
2289 748 2534 799 creatum
2553 757 2651 813 per
2679 757 2740 799 se
2766 759 3022 816 magnum
3050 754 3167 815 est;
3199 747 3298 804 sed
3334 764 3404 806 ex
3433 752 3538 808 mi-

1946 835 2096 903 noris
2124 835 2538 909 comparatione.
2558 851 2812 909 magnum
2832 839 3037 913 aliquid
3056 841 3272 903 dicitur.
3295 842 3436 902 Hinc
3459 853 3544 902 est

1948 927 2094 999 quod
2140 935 2379 985 montem
2417 943 2642 1000 parvum
2680 927 2929 1007 dicimus,
2960 939 3018 988 et
3061 934 3265 1004 grande
3310 934 3539 995 milium.

1948 1018 2220 1077 Grandem
2248 1035 2467 1093 quoque
2493 1036 2759 1090 muscam.
2800 1031 2858 1081 et
2883 1023 3079 1083 bovem
3117 1042 3364 1103 parvum.
3405 1027 3544 1087 Cum

1950 1127 2078 1169 vero
2125 1112 2194 1168 ad
2245 1112 2418 1184 ipsam
2464 1114 2785 1171 creatricem
2826 1116 3045 1175 venitur
3096 1120 3544 1191 magnitudinem,

1947 1204 2074 1276 quia
2101 1206 2408 1277 comparari
2429 1222 2539 1263 non
2560 1213 2761 1278 potest,
2787 1222 2888 1266 nec
2907 1207 3082 1280 major
3108 1225 3211 1267 nec
3234 1212 3414 1273 minor
3433 1219 3537 1269 est.

1948 1294 2039 1354 Sic
2065 1304 2122 1354 et
2149 1297 2204 1352 in
2232 1296 2316 1353 his
2343 1298 2731 1373 principalibus
2757 1297 2948 1357 formis
2971 1300 3111 1358 ratio
3134 1317 3234 1373 par
3258 1310 3360 1371 est,
3406 1318 3543 1377 quas

1950 1384 2105 1447 Plato
2132 1389 2281 1445 ideas
2315 1391 2578 1447 nominat.
2609 1390 2747 1447 Nam
2774 1391 3072 1449 secundum
3118 1393 3366 1451 eamdem
3399 1409 3539 1473 qua.

1948 1480 2089 1539 drati
2117 1481 2292 1553 legem
2316 1483 2641 1541 fabricamus
2668 1491 2722 1540 et
2749 1485 3071 1556 quadratam
3098 1486 3334 1545 tabulam
3364 1495 3421 1545 et
3456 1486 3540 1545 fo-

1949 1590 2068 1631 rum
2089 1574 2428 1644 quadratum.
2463 1575 2529 1630 Et
2549 1592 2672 1632 cum
2696 1575 2873 1633 forum
2898 1576 3072 1649 majus
3100 1578 3420 1649 quadratum
3445 1580 3538 1651 sit,

1952 1683 2061 1723 non
2087 1675 2267 1725 tamen
2296 1668 2465 1739 magis
2493 1668 2813 1739 quadratum
2835 1678 2939 1725 est.
2968 1669 3105 1727 Hinc
3123 1671 3305 1745 capias
3324 1680 3544 1745 oportet

1952 1759 2208 1823 indicium
2236 1761 2379 1817 illius
2421 1778 2530 1818 non
2553 1762 2707 1834 pensi
2736 1762 2992 1835 ponderis
3012 1770 3067 1819 et
3089 1763 3541 1827 immensurabilis

250 1868 422 1909 unum
452 1851 507 1908 id
544 1867 663 1908 esse
692 1867 974 1909 necessum
1004 1860 1113 1919 est,
1143 1850 1287 1923 quod
1328 1851 1533 1907 scilicet
1558 1866 1589 1909 a
1619 1867 1844 1907 numero
1878 1846 1920 1913 Β
1949 1869 2234 1920 mensura),
2265 1862 2320 1910 et
2358 1854 2764 1911 innumerabilis
2789 1854 3003 1915 numeri
3041 1873 3055 1909 :
3092 1870 3213 1928 qua:
3239 1856 3345 1912 tria
3381 1857 3542 1917 simul

241 1948 340 2003 ille
369 1952 470 2003 est.
514 1945 792 2013 Secundo,
825 1936 959 2018 quot
988 1945 1232 2018 partibus
1277 1951 1519 2012 constat;
1549 1959 1669 2014 qua:
1714 1959 1843 2015 pro-

245 2038 396 2095 fecto
424 2045 627 2110 partes,
662 2049 720 2092 ut
744 2036 859 2107 jam
881 2037 1133 2103 diximus,
1158 2036 1347 2093 dextra
1371 2044 1427 2091 et
1446 2036 1597 2104 laeva,
1631 2053 1845 2095 sursum

242 2146 315 2185 ac
339 2129 612 2196 deorsum,
646 2128 788 2183 ultro
836 2138 891 2183 et
937 2129 1076 2183 citro
1115 2137 1258 2181 sunt.
1290 2126 1495 2194 Tertio,
1527 2136 1662 2198 quot
1692 2126 1848 2195 juxta

243 2222 526 2294 praefatam
571 2220 937 2276 diversitatem
965 2218 1217 2291 partium,
1250 2217 1422 2274 secari
1462 2232 1623 2283 omne
1650 2233 1848 2288 corpus

247 2317 305 2371 in
336 2323 519 2388 partes
548 2322 754 2387 potest;
784 2328 1013 2384 quarum
1044 2312 1172 2366 item
1193 2327 1319 2382 pars
1338 2310 1594 2382 quaelibet
1612 2311 1849 2385 partium

245 2408 495 2479 corporis
524 2415 744 2477 propter
789 2405 897 2458 vim
940 2402 1315 2472 primigeniam
1360 2402 1570 2458 numeri
1598 2410 1653 2458 et
1680 2417 1848 2456 unum

248 2497 447 2569 corpus
473 2497 597 2561 erit,
620 2504 677 2550 et
706 2494 925 2557 totidem
949 2493 1191 2566 partibus
1216 2493 1505 2559 constabit,
1536 2502 1593 2550 et
1620 2493 1845 2566 perinde

250 2591 307 2646 in
336 2596 519 2659 partes
545 2587 717 2642 secari
741 2586 958 2657 poterit.
1011 2584 1171 2641 Modo
1220 2594 1277 2642 tu
1314 2585 1510 2651 videris
1538 2594 1845 2641 utrumnam

253 2658 378 2741 eum
419 2678 704 2748 cujuslibet
732 2666 1020 2733 animantis
1067 2692 1171 2733 una
1200 2679 1269 2732 sit
1297 2677 1504 2744 anima,
1537 2672 1703 2732 dividi
1729 2658 1843 2732 btec

262 2768 449 2824 eadem
479 2770 649 2840 possit
671 2774 727 2827 ut
748 2769 939 2823 iterum
962 2768 1262 2845 quotalibet
1291 2784 1417 2841 pars
1445 2768 1637 2823 animm
1665 2768 1844 2829 anima

255 2860 353 2926 sit,
386 2859 523 2914 sicut
551 2860 849 2930 quotalibet
875 2876 999 2931 pars
1045 2861 1288 2932 corporis
1316 2876 1512 2932 corpus
1555 2869 1656 2917 est.
1689 2859 1846 2928 Quod

253 2953 380 3025 quia
409 2968 661 3009 sanorum
700 2954 967 3009 neminem
996 2970 1121 3010 reor
1148 2970 1306 3031 posse
1334 2954 1537 3021 dicere,
1565 2954 1847 3019 terendum

253 3056 464 3123 tempus
491 3062 598 3102 non
627 3055 709 3102 est
735 3047 788 3101 in
818 3062 1003 3103 earum
1031 3047 1366 3114 discussione
1396 3062 1701 3128 causarum,
1724 3060 1847 3115 qua:

249 3147 444 3213 suapte
493 3147 683 3194 natura
727 3148 836 3193 tam
866 3139 1024 3194 clarae
1069 3147 1195 3195 sunt
1240 3147 1301 3194 ut
1346 3138 1622 3196 obscurari
1667 3136 1845 3209 potius

246 3232 611 3309 disputatione
639 3231 844 3287 minuta
871 3230 1171 3287 videantur.

860 3365 1088 3425 CAPUT
1114 3356 1223 3421 Ἰν.

427 3485 503 3542 De
530 3502 791 3551 mensura,
822 3501 1035 3540 numero
1062 3495 1109 3541 et
1144 3485 1372 3557 pondere
1402 3484 1652 3553 corporis.

322 3605 363 3660 l.
411 3605 470 3660 In
511 3603 642 3661 illud
682 3619 826 3669 nunc
852 3603 1041 3674 magis,
1086 3601 1189 3657 nisi
1235 3600 1557 3667 contemnis,
1589 3598 1838 3665 advertas

246 3698 510 3773 animum,
554 3707 611 3751 ut
657 3696 770 3765 tibi,
807 3696 859 3750 in
902 3702 1162 3766 quantum
1200 3709 1261 3750 se
1299 3692 1469 3749 videri
1509 3689 1834 3759 dignabitur,

243 3772 534 3856 mensurzc,
583 3787 839 3860 ponderis
869 3796 923 3843 et
953 3787 1161 3851 numeri
1203 3786 1282 3841 vis
1319 3782 1500 3843 divina
1546 3780 1835 3851 pandatur.

245 3881 366 3936 Diei
405 3894 598 3947 nempe
624 3879 690 3932 de
731 3879 841 3932 Deo
890 3877 1117 3947 legimus
1165 3894 1178 3927 :
1216 3874 1487 3936 Mensura,
1538 3887 1751 3926 numero
1788 3879 1847 3924 et

243 3970 477 4042 pondere
504 3970 679 4023 omnia
717 3968 1022 4039 disposuisti
1049 3967 1203 4037 (Sap.
1236 3983 1291 4032 ι,
1325 3965 1413 4036 ll)
1450 3983 1461 4018 :
1494 3979 1601 4034 quo
1622 3962 1838 4034 potissi-

247 4077 401 4117 mum
429 4058 738 4114 testimonio
766 4059 820 4112 in
842 4058 895 4111 id
922 4058 1127 4112 scilicet
1156 4072 1282 4111 usus
1301 4071 1378 4121 es,
1405 4063 1465 4110 ut
1488 4055 1613 4110 exin
1643 4052 1839 4124 proba-

245 4162 366 4208 tum
395 4151 580 4217 velles,
605 4149 886 4207 animabus
905 4162 1122 4223 quoque
1142 4147 1344 4205 nostris
1363 4159 1659 4217 corporeas
1674 4158 1838 4213 quas-

241 4245 373 4301 dam
404 4242 599 4298 inditas
625 4242 974 4312 quantitates.
1008 4239 1296 4295 Videamus
1341 4238 1503 4309 igitur
1539 4256 1549 4290 :
1583 4251 1837 4292 mensura

243 4340 383 4406 haec,
424 4335 634 4411 pondus
662 4335 786 4401 hoc,
816 4349 1070 4390 numerus
1098 4333 1185 4388 hic
1212 4332 1428 4391 ubinam
1470 4330 1573 4387 loci
1616 4328 1834 4395 fuerint,

240 4429 532 4504 quandove
561 4444 685 4495 esse
713 4428 994 4500 coeperint,
1028 4434 1089 4482 ut
1116 4427 1183 4482 ad
1213 4427 1438 4482 istorum
1466 4423 1621 4495 quasi
1650 4436 1847 4481 exem-.

239 4527 365 4599 plar
384 4525 526 4579 Deus
548 4523 797 4579 universa
825 4520 1121 4577 formaret?
1162 4519 1219 4575 Si
1249 4520 1379 4574 nihil
1407 4520 1705 4576 increatum
1733 4515 1837 4572 nisi

1947 1947 2265 2016 aequiterna,
2315 1961 2533 2019 semper
2570 1947 2863 2015 individua,
2894 1948 3098 2021 ubique
3142 1956 3200 2009 et
3233 1948 3543 2021 ubicunque

1950 2028 2083 2101 tota',
2110 2052 2250 2093 unus
2271 2037 2413 2093 Deus
2440 2047 2581 2094 sunt.

2020 2127 2083 2182 ll.
2115 2125 2307 2185 Omnia
2355 2130 2555 2186 etenim
2604 2144 2837 2201 corpora
2886 2128 3083 2205 quibus
3128 2128 3422 2203 quidquam
3460 2130 3544 2191 vel

1950 2231 2316 2281 numeramus,
2346 2217 2431 2273 vel
2452 2218 2754 2288 pendimus,
2777 2218 2865 2274 vel
2885 2219 3157 2287 metimur,
3192 2219 3544 2287 numerabilia

1949 2313 2096 2373 sunt,
2128 2315 2183 2362 et
2211 2306 2603 2379 ponderabilia,
2632 2320 2689 2365 et
2733 2310 3138 2373 mensurabilia.
3170 2309 3307 2367 Nam
3340 2320 3401 2369 et
3443 2328 3545 2370 nus
3650 2304 3665 2317 ’

1949 2402 2083 2456 meri
2132 2401 2187 2457 in
2227 2402 2545 2473 corporibus
2583 2410 2763 2460 certus
2810 2410 2894 2460 est
2940 2402 3153 2472 modus,
3184 2410 3243 2461 et
3267 2403 3543 2476 peudiculi

1950 2495 2165 2551 trutina:
2184 2502 2389 2553 certum
2413 2503 2498 2551 est
2525 2495 2754 2566 pondus,
2777 2504 2837 2553 et
2854 2495 3195 2567 decempeda:
3213 2504 3363 2561 certa
3386 2512 3541 2559 nien-

1947 2601 2071 2655 sura
2101 2594 2203 2643 est.
2239 2585 2285 2640 A
2322 2584 2479 2655 eujus
2507 2587 2877 2657 magnitudine
2917 2595 2974 2643 et
2999 2587 3138 2649 citra
3176 2589 3387 2647 recurri
3411 2588 3541 2653 licet

1946 2694 2117 2751 usque
2160 2678 2230 2734 ad
2259 2680 2463 2746 uncias,
2496 2688 2552 2737 et
2576 2681 2922 2747 semiuncias,
2970 2689 3029 2737 et
3054 2696 3226 2752 usque
3261 2680 3332 2739 ad
3372 2681 3540 2739 mini-

1943 2788 2112 2837 mum,
2144 2773 2283 2835 citra
2310 2774 2457 2844 quod
2486 2773 2619 2831 nihil
2645 2784 2747 2830 est.
2799 2773 2870 2829 Et
2916 2773 3059 2830 ultra
3107 2774 3239 2830 item
3286 2773 3541 2848 progredi

1946 2879 2117 2935 usque
2141 2864 2208 2919 ad
2248 2864 2502 2927 maxima,
2534 2870 2590 2918 et
2619 2864 2788 2933 ipsius
2813 2877 3032 2933 quoque
3059 2862 3249 2927 mundi,
3268 2863 3543 2927 maccessa

1948 2972 2090 3013 nunc
2116 2957 2364 3039 sensibus
2383 2957 2579 3026 spatia.
2604 2954 2779 3013 Habet
2805 2956 2953 3012 enim
2973 2963 3182 3013 certum
3209 2955 3541 3029 magnitudiq

1949 3050 2033 3105 nis
2051 3048 2271 3104 modum
2294 3047 2554 3118 quidquid
2593 3046 2753 3105 finale
2775 3057 2878 3104 est.
2904 3046 3139 3105 Proinde
3159 3047 3347 3111 mundi
3364 3048 3541 3109 moles

1949 3142 2218 3206 universa,
2235 3141 2491 3212 quoniam
2511 3155 2581 3197 ex
2603 3140 2769 3199 ﬁnitis
2789 3148 2873 3198 est
2897 3148 3180 3215 compacta
3198 3140 3542 3213 corporibus.

1864 3213 1921 3287 α
1944 3232 2144 3304 quippe
2172 3247 2295 3288 cum
2320 3232 2547 3288 alterum
2581 3248 2780 3304 corpus
2807 3232 2964 3289 alteri
2996 3213 3161 3289 finem
3184 3231 3383 3299 faciat,
3412 3248 3541 3304 prov-

1942 3325 2032 3382 cul
2051 3324 2216 3382 dubio
2242 3325 2357 3397 ipsa
2382 3325 2557 3380 linalis
2577 3334 2680 3392 est,
2703 3332 3103 3398 proptereaque
3128 3325 3537 3393 mensurabilis.

1942 3416 2113 3475 Trans
2122 3433 2284 3489 quam
2294 3419 2342 3474 si
2356 3418 2484 3488 quid
2501 3418 2799 3488 spatiorum
2815 3417 3051 3475 humana
3062 3426 3228 3475 luens
3246 3415 3545 3487 cogitauit

1940 3526 2006 3571 ea
2026 3518 2177 3569 certe
2196 3511 2407 3567 ratione
2428 3524 2693 3567 mensurae
2712 3524 2811 3583 per
2830 3509 3142 3579 corporales
3161 3508 3363 3564 formas
3389 3507 3541 3575 mitti

1937 3619 2100 3675 posse
2128 3619 2239 3660 non
2265 3603 2477 3658 dubitat
2507 3620 2520 3655 :
2552 3601 2696 3672 quod
2715 3600 2933 3673 quidem
2957 3602 3035 3658 ita
3059 3616 3224 3674 posse
3251 3599 3368 3661 ﬁeri
3390 3601 3528 3663 veri-

1940 3701 2055 3763 tate
2095 3694 2283 3761 claret,
2325 3692 2372 3749 si
2410 3692 2551 3759 ullus
2577 3702 2734 3750 extra
2772 3693 3035 3767 mundum
3076 3694 3230 3763 locus
3269 3701 3373 3755 est.
3424 3692 3541 3751 Sed

1939 3786 2201 3857 quoniam
2224 3793 2381 3843 extra
2413 3801 2632 3845 omnem
2667 3786 2847 3844 locum
2874 3777 3028 3849 locus
3057 3802 3184 3843 esse
3203 3802 3313 3845 non
3332 3794 3540 3857 potest.

1940 3879 2128 3936 localis
2166 3894 2421 3937 mensura
2449 3879 2542 3934 ubi
2568 3879 2719 3935 locus
2746 3885 2850 3945 est,
2882 3894 2993 3934 non
3032 3877 3241 3934 accedit
3273 3895 3285 3930 :
3315 3884 3375 3933 et
3411 3892 3541 3941 eum

1940 3972 2081 4031 desit
2106 3972 2253 4042 quod
2279 3970 2459 4027 metiri
2484 3971 2679 4041 possit,
2708 3984 2818 4040 quo
2858 3968 3031 4039 possit
3056 3967 3238 4024 metiri
3264 3975 3539 4038 superest,

1940 4065 2067 4135 quia
2094 4064 2245 4121 linito
2272 4062 2625 4119 mensurabili
2651 4059 3104 4128 immensumme
3129 4064 3383 4121 manu
3424 4074 3540 4121 non

1939 4158 2138 4215 deficit.
2177 4156 2420 4225 Eatenus
2461 4155 2714 4227 eqdidem
2758 4154 2900 4211 ratio
2945 4152 3221 4225 ponderis.
3272 4167 3343 4211 eo
3391 4151 3541 4225 quod

1940 4252 2102 4324 pendi
2129 4259 2311 4324 potest
2337 4258 2607 4317 cessante.
2638 4264 2751 4307 non
2767 4248 2981 4309 interit.
3003 4247 3074 4309 Et
3099 4262 3356 4305 numerus
3383 4245 3541 4306 Inita

1939 4343 2263 4399 numerabili
2284 4357 2394 4398 non
2421 4340 2623 4396 linitur.
2646 4341 2815 4411 Igitur
2833 4341 2879 4397 si
2900 4339 3179 4399 immensas
3196 4339 3332 4399 lucis
3353 4339 3537 4411 splene

1939 4435 2040 4491 dor
2067 4435 2249 4505 aliquo
2277 4434 2433 4489 nobis
2472 4432 2684 4503 fulgore
2718 4432 3027 4500 subrutilat,
3057 4431 3362 4488 necessario
3391 4430 3528 4487 scili-

1939 4533 2026 4583 cet
2054 4527 2215 4600 istinc
2243 4524 2626 4592 admcnebere,
2659 4532 2719 4580 ut
2745 4523 3025 4595 paululum
3068 4522 3311 4593 seposita
3338 4516 3527 4580 carna-

240 4623 459 4672 creator
504 4623 619 4680 est,
662 4615 776 4669 bzec
815 4626 946 4683 ergo
988 4620 1166 4667 creata
1196 4619 1338 4667 sunt.
1372 4610 1428 4667 Si
1457 4617 1640 4666 creata
1668 4616 1832 4676 sunt,
1864 4598 2073 4679 Dlium
2099 4598 2620 4687 fallaciavisionum,
2645 4612 3341 4685 dicas-nobmdeeempedm
3362 4614 3534 4671 forma

242 4723 353 4762 non
386 4706 545 4776 igitur
582 4705 761 4762 omnia
802 4705 945 4765 Deus
994 4703 1279 4770 mensuris,
1310 4704 1550 4759 numeris
1576 4702 1830 4774 ponderi-

148 4786 157 4801 ’
239 4800 451 4869 busque
498 4797 780 4869 disposuit.
812 4793 1256 4868 Quandoquidem
1285 4795 1400 4852 base
1443 4796 1558 4867 ipsa
1601 4809 1711 4855 non
1739 4810 1828 4853 se-

239 4880 477 4947 cundum
508 4888 609 4944 ista
637 4889 902 4944 formavit.
935 4885 1042 4943 Sed
1061 4888 1369 4944 auctoritati
1389 4886 1582 4942 divinae
1610 4888 1830 4944 obviare

243 4983 394 5036 nefas
415 4989 515 5049 est.
542 4980 789 5037 Numeris
811 4993 960 5049 ergo,
984 4979 1309 5051 ponderibus
1335 4985 1391 5034 et
1411 4980 1677 5035 mensuris
1705 4979 1826 5032 uni-

246 5090 397 5129 versa
427 5083 611 5129 creata
638 5082 779 5127 sunt.
807 5069 1057 5135 Mensura
1083 5083 1234 5139 ergo,
1255 5069 1465 5141 pondus
1491 5076 1546 5124 et
1576 5083 1829 5125 numerus

241 5181 354 5221 non
381 5174 562 5221 creata
589 5171 750 5220 sunt:
781 5163 906 5233 quia
943 5176 1052 5218 non
1090 5160 1386 5219 secundum
1413 5160 1603 5217 eadem
1648 5168 1833 5219 creata

154 5250 163 5255 ”
241 5266 371 5313 sunt
398 5258 596 5322 omnia,
627 5256 674 5311 si
698 5264 753 5311 et
781 5255 895 5329 ipsa
923 5261 1106 5311 creata
1136 5260 1277 5308 sunt.
1334 5252 1431 5311 llic
1458 5253 1707 5311 omnibus
1738 5269 1851 5311 cod

243 5348 449 5420 gitandi
486 5348 684 5405 viribus
730 5346 1041 5403 enitendum
1070 5353 1154 5402 est
1178 5352 1236 5407 ut
1262 5359 1481 5415 quoque
1510 5344 1671 5403 modo
1701 5361 1828 5416 pos-

241 5443 316 5499 sit
359 5441 574 5510 agnosci
614 5456 720 5496 non
760 5440 864 5495 hoc
912 5454 1031 5493 esse
1077 5436 1288 5508 pondus
1339 5437 1637 5509 principale
1683 5438 1828 5508 quod

242 5536 513 5609 penditur,
545 5534 635 5589 sed
658 5549 765 5603 quo
796 5532 1078 5604 penditur;
1102 5524 1201 5588 nec
1219 5531 1467 5588 eumdem
1494 5547 1615 5588 esse
1640 5547 1826 5588 nume-

242 5646 362 5685 rum
384 5627 475 5697 qni
503 5635 828 5692 numeratur,
855 5623 949 5680 sed
976 5640 1083 5696 quo
1114 5633 1456 5681 numeratur
1485 5642 1582 5679 nec
1610 5640 1826 5683 mensu-

322 5829 342 5853 η
386 5816 471 5870 Al.
502 5814 583 5869 cui
611 5829 731 5869 non.

1934 4726 2213 4783 corporeae
2239 4720 2266 4755 ⁸
2291 4711 2380 4769 cui
2403 4718 2650 4777 nostrum
2929 4706 3040 4764 sit?
3067 4706 3177 4764 Sed
3212 4705 3341 4775 quia
3370 4704 3531 4771 hanc,

1936 4805 2041 4867 nisi
2061 4806 2285 4873 nimiam
2304 4804 2533 4867 fortasse
2546 4814 2890 4865 simas.
2909 4797 3128 4867 amri
3141 4795 3535 4867 θοιιωηιιαδδο
3574 4861 3589 4869 -

1933 4898 2041 4959 lem
2059 4914 2170 4959 non
2186 4896 2409 4965 negabis
2423 4913 2437 4949 :
2450 4899 2844 4962 consequenter
2862 4906 3051 4962 quiem
3075 4890 3225 4951 illam
3239 4890 3507 4947 innuerim
3526 4920 3536 4934 ι

1932 4987 2159 5045 rabilem
2178 4986 2250 5043 de
2272 4999 2381 5054 qua
2404 4998 2565 5054 supra
2593 4996 2778 5039 atauus
2790 4981 2961 5039 locuti
2971 4997 3300 5051 mensulam,
3324 4983 3530 5038 animo-

1934 5092 2004 5146 ne
2016 5093 2085 5134 an
2097 5076 2318 5147 corpori
2334 5075 2997 5146 dicascssecenspieuamt
3013 5075 3122 5133 Sed
3138 5092 3250 5133 non
3260 5077 3333 5137 ita
3346 5090 3531 5146 quem-

1932 5169 2077 5240 piam
2103 5169 2302 5227 veritas
2329 5168 2545 5241 deserat
2583 5175 2655 5226 ,ιιι
2698 5168 2885 5231 divina
2910 5170 3129 5242 corpori
3155 5169 3385 5227 visibiia
3412 5166 3529 5223 fore

1933 5262 2244 5330 contendat,
2268 5276 2392 5331 cum
2411 5277 2513 5333 nec
2530 5278 2757 5335 corpora
2776 5264 2947 5323 videri
2975 5264 3044 5319 ab
3066 5265 3172 5318 hoc
3192 5261 3293 5316 nisi
3321 5252 3530 5313 misria.

1934 5363 1994 5413 to
2012 5364 2323 5425 cognoscat,
2343 5363 2455 5425 aut,
2470 5364 2530 5412 ut
2554 5358 2729 5417 dicam
2756 5358 2954 5421 verius,
2986 5356 3227 5435 animam
3237 5351 3417 5422 potius
3429 5364 3521 5420 per

1936 5441 2141 5519 corpus
2171 5463 2335 5518 quam
2376 5449 2669 5522 quidquam
2696 5465 2793 5520 per
2820 5464 2883 5504 se
2907 5445 3109 5507 sentire
3140 5456 3337 5514 corpus
3365 5442 3525 5499 intel—

1936 5539 2083 5610 ligat.
2113 5540 2320 5611 Duplex
2343 5549 2429 5597 est
2455 5556 2586 5610 ergo
2605 5537 2822 5594 videndi
2848 5537 2933 5592 vis
2958 5535 3171 5590 animm.
3196 5532 3355 5589 Videt
3379 5546 3526 5589 men-

1935 5647 2134 5699 suram,
2165 5631 2379 5690 nomine
2415 5639 2471 5686 et
2498 5642 2787 5685 numerum
2808 5640 2907 5696 per
2932 5637 2992 5681 se
3024 5643 3040 5681 :
3070 5624 3219 5681 videt
3245 5640 3527 5682 mensura-
