4140 6346
547 372 656 430 ἠδ

553 595 650 652 per
697 592 892 648 corpus
937 573 1084 630 videt
1125 586 1248 642 qua:
1297 577 1422 626 sunt
1458 567 1652 624 similia
1684 565 1920 636 corpori,
1952 563 2003 618 id
2033 573 2137 631 est,

552 687 812 742 corpora;
843 669 1162 739 incorporea
1193 679 1321 721 vero
1349 677 1447 735 per
1475 677 1554 727 se,
1584 659 1780 730 quibus
1809 667 1892 713 est
1920 657 2035 728 ipsa
2065 655 2138 713 si-

554 765 717 822 mﬂb.
1647 759 1656 767 '
2044 742 2058 755 '

623 854 708 909 lll.
741 852 893 908 Nunc
931 851 976 906 si
1000 849 1195 920 placet,
1220 847 1475 918 quoniam
1505 842 1791 906 mensuris,
1815 840 2144 912 ponderibus

553 955 607 1001 et
637 947 874 1001 numeris
901 941 1083 998 omnia
1113 939 1376 1010 disposita
1403 944 1547 1002 sunt,
1581 933 1891 990 eorumdem
1919 933 1973 986 in
1999 947 2148 987 erea-

555 1036 689 1092 turis
716 1035 869 1104 signa
890 1047 1213 1104 quaeramus.
1246 1030 1419 1084 lmum
1439 1035 1588 1084 certe
1616 1026 2007 1082 elementorum
2031 1037 2146 1078 om-

541 1126 702 1184 hium
734 1132 878 1180 terra
905 1129 990 1178 est
1019 1139 1032 1175 :
1067 1121 1122 1176 in
1148 1113 1380 1176 rotundo
1420 1117 1626 1174 scilicet
1653 1114 1784 1171 illud
1824 1113 1990 1169 imum
2011 1127 2146 1170 con-

1727 349 1731 354 .
1769 361 1775 366 ’
1837 357 2145 416 ΜᾹΜΕΒΤΙ
2187 360 2553 417 CLAUDIAM

551 491 698 553 bilia,
731 483 1078 543 numerabilia
1119 487 1175 537 et
1221 476 1586 552 ponderabilia
1613 490 1710 546 per
1736 489 1952 544 corpus.
1989 473 2132 543 Ergo
2167 477 2215 536 Α
2242 475 2421 555 anima
2450 475 2684 530 humana
2715 475 2988 546 sapientia:

3739 354 3858 410 711

3036 493 3048 529 :
3096 490 3268 547 capax
3311 489 3541 544 namque
3568 481 3655 527 est
3695 471 3852 543 ejus,

2245 582 2350 634 qua
2381 566 2685 636 intelligens
2713 573 2814 621 est.
2846 565 2987 636 Ergo
3031 574 3091 621 ut
3134 575 3261 621 ante
3301 565 3574 636 indeptam
3617 564 3851 633 sapien-

2247 658 2398 722 tiam,
2421 657 2698 728 sapientia:
2717 672 2887 728 capax
2924 657 3032 712 dici
3061 673 3167 712 non
3199 665 3412 728 potest;
3438 657 3516 711 sic
3545 663 3853 724 antequam

2247 749 2516 820 particeps
2540 749 2657 819 ejus
2679 748 2792 814 iiat,
2823 750 3038 821 sapiens
3060 750 3166 806 diei
3195 765 3304 805 non
3331 756 3530 820 potest.
3565 748 3690 803 Istic
3711 763 3854 818 ergo

2235 849 2656 922 percunctatum
2696 843 2856 899 venio
2890 860 2902 896 :
2962 842 3267 914 spatiumne
3307 841 3412 896 loci
3460 839 3575 895 fore
3613 839 3854 909 judices,

2249 949 2318 990 an
2347 927 2561 991 illocale
2583 933 2786 1005 aliquid
2800 951 2909 1006 quo
2924 935 3134 1006 capitur
3150 934 3453 1005 sapientia?
3482 932 3595 1002 Ego
3621 933 3699 988 sic
3722 949 3860 988 cen-

2250 1044 2366 1093 seo,
2413 1028 2560 1100 quod
2586 1028 2632 1085 si
2663 1027 2957 1085 secundum
3005 1027 3241 1099 spatium
3269 1026 3527 1097 sapientis
3553 1025 3730 1080 anima
3760 1042 3858 1080 sa-

2249 1119 2469 1191 pientia:
2497 1134 2672 1190 capax
2699 1126 2800 1186 est,
2835 1132 2966 1189 ergo
2999 1117 3296 1174 secundum
3326 1117 3524 1174 molem
3544 1131 3739 1186 magna
3769 1127 3862 1171 est

556 1225 664 1274 stat
700 1232 836 1282 esse,
861 1215 1007 1286 quod
1047 1214 1280 1270 medium
1311 1218 1412 1278 est,
1445 1211 1571 1282 quia
1603 1209 1659 1265 in
1686 1207 1904 1264 rotundi
1932 1205 2150 1262 extimis
2253 1212 2534 1284 sapientia.
2568 1210 2724 1279 Quod
2754 1221 2779 1251 ι
2808 1211 2936 1283 quia
2965 1226 3074 1267 non
3102 1209 3230 1267 sinit
3254 1210 3360 1265 dici
3389 1210 3611 1275 veritas,
3636 1209 3861 1264 illocale

557 1310 723 1369 imum
767 1325 874 1364 non
922 1315 1024 1362 est.
1056 1305 1319 1373 Quaelibet
1345 1289 1656 1373 ergo't‘errae
1685 1316 1813 1372 pars
1839 1313 2034 1370 magna
2061 1297 2148 1354 vel

2261 1313 2344 1362 est
2371 1305 2517 1376 quod
2537 1305 2705 1376 capit,
2743 1311 2804 1359 ut
2831 1301 3043 1359 illocale
3063 1301 3234 1373 possit
3269 1315 3389 1357 esse
3431 1300 3575 1372 quod
3618 1300 3854 1370 capitur.

558 1401 800 1467 minima,
831 1408 890 1469 ut
918 1399 1133 1470 lapillus
1162 1399 1408 1468 exiguus,
1453 1396 1537 1452 vel
1565 1395 1954 1451 minutissimus
1983 1391 2154 1464 pulvi-
2254 1395 2332 1452 En
2362 1395 2459 1452 tibi
2487 1395 2708 1451 humani
2751 1394 2915 1450 animi
2945 1393 3063 1450 sine
3089 1393 3236 1450 mole
3261 1391 3704 1462 magnitudinem.
3739 1389 3860 1444 Nu-

560 1493 739 1550 sculus
765 1492 857 1564 qui
896 1498 1098 1562 puncto
1125 1489 1319 1545 visibili
1348 1488 1586 1556 contingi
1615 1503 1724 1542 non
1762 1493 1946 1556 queat,
1988 1483 2154 1540 habet
2256 1489 2392 1544 meri
2413 1503 2557 1544 nunc
2581 1487 2793 1543 intuere
2813 1486 3080 1543 rationem

561 1592 617 1639 et
643 1598 947 1639 mensuram
977 1597 1077 1652 pro
1097 1581 1315 1636 modulo
1343 1580 1448 1646 sui,
1470 1587 1526 1634 et
1554 1593 1837 1634 numerum
1865 1591 1965 1648 pro
1993 1576 2157 1632 ratio—
2329 1579 2392 1635 ll.
2419 1564 2882 1642 Animadvertisti,
2906 1584 2965 1633 ut
2993 1577 3246 1642 arbitror,
3277 1577 3392 1632 haec
3421 1590 3542 1631 esse
3569 1574 3624 1629 in
3655 1589 3860 1645 corpo-s

561 1691 631 1731 ne
652 1676 900 1746 partium,
925 1673 1118 1744 quibus
1145 1672 1347 1726 distant
1376 1671 1657 1741 superiora
1686 1668 1753 1724 ab
1783 1665 2153 1732 inferioribus,
2257 1671 2404 1728 ribus
2430 1671 2585 1741 signa
2614 1684 2982 1735 numerorum,
3009 1669 3154 1741 quod
3181 1667 3387 1724 scilicet
3420 1682 3709 1722 numerosa
3750 1666 3862 1722 sint

562 1767 749 1822 dextra
771 1782 801 1820 a
827 1764 1078 1828 sinistris,
1103 1779 1134 1818 a
1160 1763 1556 1834 posterioribus
1576 1761 1777 1832 priora.
1807 1758 1962 1815 Unde
1990 1759 2154 1815 etiam
2257 1765 2510 1836 οοφοι-ε,
2534 1779 2655 1835 qua;
2675 1763 2776 1820 sibi
2802 1763 3101 1820 secundum
3122 1762 3616 1833 pmumissimam
3648 1761 3860 1816 numer;

562 1857 856 1928 quamlibet
882 1856 1163 1910 minimum
1183 1854 1348 1910 dividi
1379 1855 1432 1909 in
1452 1853 1560 1908 duo
1582 1859 1780 1924 potest,
1803 1851 1930 1921 quia
1957 1865 2158 1922 corpus
2186 1860 2234 1922 Β
2259 1855 2623 1926 mqualitatem
2651 1855 2886 1927 partium
2915 1854 3187 1926 parilitate
3207 1855 3603 1926 respondeant:
3632 1861 3691 1908 ut
3717 1868 3828 1922 quo

563 1957 662 2005 est.
697 1947 912 2005 Pondus
932 1963 1063 2004 vero
1087 1947 1230 2002 illius
1261 1947 1381 2001 hinc
1412 1944 1870 2010 animadvertitur,
1893 1943 2040 2014 quod
2069 1943 2149 2014 ip-

563 2057 680 2096 sum
708 2040 986 2095 minimum
1016 2039 1083 2094 ab
1105 2037 1312 2108 origine
1341 2052 1436 2093 sua
1466 2036 1752 2100 sublatum,
1784 2042 1839 2090 et
1882 2035 1936 2089 in
1986 2049 2150 2104 aqua,

563 2133 842 2204 superiore
870 2132 1118 2188 videlicet
1145 2132 1415 2187 elemento
1441 2130 1737 2194 dimissum,
1770 2135 1922 2184 motu
1971 2125 2151 2181 infati-

565 2227 724 2298 gabili
755 2241 861 2282 non
889 2226 1136 2296 quiescit,
1161 2224 1335 2280 donec
1365 2223 1594 2279 naturali
1625 2222 1864 2293 pondere
1886 2221 1952 2276 ad
1977 2219 2150 2277 solum

565 2325 724 2372 terrae
748 2316 1075 2386 pervenerit.
1101 2313 1252 2370 Hunc
1281 2313 1346 2368 ad
1377 2313 1597 2370 modum
1627 2312 1854 2368 rationis
1877 2311 2154 2366 tramitem

567 2409 622 2464 in
650 2407 872 2478 reliquis
900 2414 1119 2479 oportet
1154 2414 1342 2462 tenere
1381 2404 1719 2476 corporibus,
1753 2405 1880 2474 quia
1911 2410 1966 2459 et
2004 2417 2158 2472 aqua:

567 2501 831 2571 guttulam
877 2515 1039 2570 quam
1086 2499 1256 2567 digito
1304 2499 1477 2553 tincto
1523 2497 1830 2571 sustuleris,
1863 2496 2156 2552 habentem

567 2594 775 2652 scilicet
798 2609 898 2664 pro
919 2591 1303 2662 magnitudinis
1333 2589 1496 2645 modo
1536 2604 1869 2654 mensuram,
1904 2604 2000 2659 pro
2032 2604 2159 2658 par-

568 2687 702 2741 tium
741 2685 996 2740 distantia
1037 2698 1362 2750 numerum;
1395 2682 1514 2752 lege
1540 2681 1798 2752 ponderis
1827 2681 1873 2736 si
1916 2679 2160 2735 dimittas

569 2776 622 2831 in
652 2791 856 2840 aerem,
900 2791 1012 2830 non
1040 2774 1245 2830 residet
1280 2774 1382 2829 nisi
1412 2773 1478 2829 ad
1513 2789 1610 2828 sua
1651 2771 1976 2844 pervenerit.
2007 2771 2162 2826 Aeris
2197 2825 2200 2828 .

567 2885 784 2942 quoque
813 2869 952 2924 ratio
981 2884 1081 2939 par
1110 2875 1213 2933 est,
1242 2867 1395 2936 cujus
1426 2867 1560 2922 nihil
1588 2867 1673 2920 vel
1704 2866 1805 2921 sub
1847 2880 1989 2936 aqua
2028 2879 2161 2920 con-

569 2964 750 3028 tineri,
773 2964 861 3021 vel
883 2978 1046 3032 supra
1075 2962 1255 3030 ignem
1286 2960 1413 3016 ferri
1440 2967 1641 3032 potest.
1670 2957 1825 3026 Quod
1855 2958 1900 3014 si
1930 2973 2039 3028 quo
2065 2971 2161 3028 pa-

570 3061 658 3110 cto
703 3050 825 3118 ﬁat,
871 3052 1200 3109 necessitate
1251 3051 1508 3121 ponderis
1549 3050 1635 3105 vel
1672 3049 1801 3104 hinc
1835 3047 2163 3104 naturaliter

571 3151 844 3214 erumpat,
897 3144 984 3198 vel
1040 3141 1165 3196 inde
1214 3149 1410 3211 sponte
1460 3140 1695 3197 decidat.
1742 3139 2158 3196 Mensurabilem

2257 1949 2402 2004 niam
2440 1949 2598 2004 unius
2626 1947 2694 2003 ad
2737 1963 2924 2013 unum,
2955 1956 3012 2003 et
3038 1946 3267 2003 duorum
3311 1946 3380 2002 ad
3407 1945 3536 2012 duo,
3577 1953 3635 2000 et
3661 1944 3730 1999 ad
3754 1945 3862 2000 tria

2256 2043 2416 2097 trium
2447 2056 2657 2097 summa
2685 2039 2963 2111 aequalitas
2989 2048 3106 2106 est;
3136 2039 3215 2096 sic
3233 2039 3418 2094 itidem
3443 2036 3574 2093 illud
3603 2052 3862 2092 numero-

2261 2150 2378 2189 sum
2409 2148 2606 2204 corpus
2633 2147 2754 2188 esse
2773 2131 3033 2197 dicamus,
3065 2131 3211 2202 quod
3237 2137 3355 2187 rata
3383 2129 3718 2185 dimensione
3747 2129 3864 2185 for-

2257 2235 2480 2292 rnatum,
2507 2231 2566 2278 ut
2593 2225 2760 2279 verbo
2787 2233 2943 2280 tenus
2969 2224 3280 2289 humanum,
3305 2237 3427 2292 quae
3454 2229 3579 2278 sunt
3617 2221 3744 2278 bina
3777 2222 3863 2280 sic

2258 2320 2456 2376 habeat
2483 2315 2551 2375 ex
2581 2317 2808 2375 adverso
2835 2317 3033 2389 posita,
3065 2324 3124 2372 ut
3174 2315 3277 2371 sibi
3317 2330 3419 2371 nec
3459 2314 3847 2385 magnitudine,

2257 2428 2357 2468 nec
2383 2412 2578 2483 spatio,
2624 2426 2724 2467 nec
2769 2411 2892 2466 loco
2937 2409 3283 2476 dissentiant,
3317 2416 3379 2464 ut
3423 2409 3540 2464 sunt
3580 2423 3739 2464 aures
3790 2417 3853 2466 et

2258 2505 2420 2560 oculi.
2452 2503 2582 2571 Quae
2610 2503 2739 2559 item
2779 2503 3008 2574 singula,
3041 2511 3101 2558 ut
3128 2518 3290 2558 nasus
3311 2509 3367 2558 et
3412 2518 3475 2558 os
3501 2501 3736 2557 medium
3760 2501 3860 2557 lo-

2259 2611 2381 2651 cum
2411 2602 2650 2651 teneant.
2684 2594 2858 2664 Atque
2902 2601 2961 2648 ut
2987 2608 3105 2650 esse
3132 2594 3354 2665 pulchra
3401 2593 3633 2664 possint,
3669 2593 3862 2665 concie

2261 2687 2498 2742 nentiam
2527 2700 2749 2741 summa:
2776 2685 3098 2755 mqualitatid
3124 2664 3418 2740 imitentur.
3454 2683 3737 2752 Quatenus
3758 2664 3860 2754 igi;

2261 2786 2351 2832 tur
2378 2776 2584 2833 numeri
2625 2776 2908 2832 veritatem
2937 2776 2992 2831 in
3020 2775 3198 2830 anima
3235 2775 3573 2847 reperiamus
3598 2775 3859 2841 humana,

2259 2869 2496 2942 primum
2524 2867 2685 2924 debet
2723 2868 2838 2940 ipsa
2880 2867 3096 2924 sibimet
3141 2866 3399 2922 actitandi
3447 2866 3721 2922 rationem
3762 2883 3860 2937 pro

2260 2962 2519 3017 virtutum
2549 2959 2824 3030 parilitate
2869 2958 3176 3025 concinere,
3209 2965 3268 3014 ut
3295 2959 3576 3029 sapientiae
3614 2958 3856 3029 justitia,

2263 3052 2632 3125 temperantiae
2667 3051 2924 3108 fortitudo
2951 3050 3301 3122 respondeat;
3330 3064 3453 3121 qua:
3480 3051 3731 3122 parilitas
3752 3051 3856 3107 uti-

2261 3160 2368 3215 que
2409 3159 2697 3200 numerosa
2738 3151 2840 3211 est,
2873 3143 2998 3214 quia
3022 3151 3174 3199 tanto
3203 3150 3289 3198 est
3322 3142 3563 3198 numeris
3600 3143 3856 3209 vicinius,

571 3251 702 3291 vero
731 3250 914 3291 acrem
943 3242 1000 3290 et
1031 3249 1129 3304 pro
1157 3231 1387 3289 numero
1418 3234 1650 3304 partium
1679 3247 2049 3298 numerosum,
2069 3231 2157 3287 vel
2184 3234 2232 3301 C
2261 3246 2465 3310 quanto
2481 3244 2567 3294 est
2592 3235 2883 3308 quidqualn
2899 3236 3290 3294 concinentius.
3309 3235 3419 3292 Sed
3444 3236 3575 3293 illud
3595 3237 3650 3293 in
3675 3239 3855 3294 anima

572 3329 715 3395 hinc,
768 3335 829 3383 ut
882 3328 1136 3393 arbitror,
1199 3327 1388 3398 liquet,
1447 3326 1592 3397 quod
1623 3341 1947 3397 corporeum
1977 3325 2157 3382 metiri

571 3434 730 3490 posse
759 3418 1018 3474 mundum
1049 3404 1251 3480 sciant,
1285 3416 1438 3486 cujus
1467 3432 1564 3470 aer
1596 3416 1752 3470 tertia
1782 3429 1906 3486 pars
1934 3424 2038 3472 cst.
2070 3415 2161 3472 Sic

571 3510 734 3565 etiam
779 3509 916 3578 ignis
959 3509 1288 3564 elementum
1331 3515 1527 3578 quarto
1568 3506 1683 3576 jam
1724 3508 1972 3563 constitit
2015 3507 2156 3574 loco,

573 3599 716 3671 quod
763 3607 819 3654 et
859 3615 957 3669 pro
997 3599 1240 3670 partibus
1281 3599 1393 3654 suis
1434 3600 1628 3670 recipit
1665 3616 1943 3666 numeros,
1976 3608 2033 3655 et
2059 3615 2164 3671 pro

573 3690 768 3760 spatio,
811 3689 936 3760 quia
978 3690 1136 3744 linale
1177 3698 1281 3753 est,
1327 3691 1596 3745 mensuris
1637 3691 1904 3745 subditur.
1938 3689 2159 3748 Pondus

572 3790 755 3836 autem
813 3780 952 3850 ignis
1004 3780 1107 3835 iste
1163 3787 1408 3836 terrenus
1461 3782 1614 3852 quasi
1657 3782 1928 3854 quoddam
1965 3799 2157 3839 semen

576 3871 777 3940 ignium
800 3887 1178 3944 supremorum
1197 3887 1414 3930 sursum
1435 3887 1623 3928 versus
1653 3873 1846 3939 habet;
1870 3874 1964 3945 qui
1986 3890 2161 3945 quan-

578 3973 633 4018 to
663 3962 867 4033 majore
895 3963 1137 4020 fomento
1178 3971 1384 4036 pastus,
1418 3965 1688 4034 majorum
1719 3964 1884 4022 fuerit
1910 3967 2107 4022 virium
2142 3983 2158 4020 :

576 4055 724 4110 velut
750 4055 806 4110 in
827 4043 1055 4126 patriam
1084 4057 1311 4112 tendens
1337 4057 1521 4112 subtili
1551 4064 1747 4112 natura
1776 4071 2002 4128 magnas
2031 4074 2163 4128 par-

578 4152 662 4201 tes
688 4148 871 4217 stipati
902 4145 1342 4219 aeris‘irrumplt,
1375 4157 1430 4204 et
1468 4138 1574 4204 nisi
1607 4148 1862 4205 eumdem
1901 4151 2161 4207 clementi

579 4238 802 4292 alterius
828 4238 1153 4306 profundum
1180 4241 1442 4308 vinceret,
1470 4257 1580 4312 quo
1608 4257 1707 4314 per
1734 4251 1986 4298 naturam
2016 4245 2161 4315 rapi~

586 4333 673 4381 tur
691 4327 1023 4398 perveniret.

731 4496 736 4501 '
916 4450 920 4455 ι
1203 4421 1433 4478 CAPUT
1475 4423 1540 4478 v.

765 4509 840 4564 De
874 4527 1136 4576 mensura,
1179 4527 1390 4568 numero
1432 4523 1482 4568 et
1505 4515 1752 4584 [pondere
1778 4519 2016 4573 animm.

2261 3346 2612 3388 numerosum
2641 3330 2823 3402 potius
2848 3330 3102 3396 arbitror,
3130 3345 3240 3401 quo
3286 3329 3475 3386 eadem
3501 3331 3849 3389 scientialitet

2260 3438 2483 3493 compos
2504 3429 2588 3478 est
2615 3423 2856 3490 numeri;
2887 3431 2949 3477 ut
2984 3436 3094 3477 non
3133 3421 3396 3493 partibus,
3427 3422 3588 3478 sicuti
3626 3439 3851 3495 corpus,

2261 3527 2548 3569 numerosa
2605 3514 2693 3578 sit,
2744 3512 2838 3569 sed
2895 3513 3068 3584 ipsum
3115 3513 3414 3583 dignoscat,
3459 3522 3515 3570 et
3550 3515 3853 3572 secundum

2261 3603 2510 3660 eumdem
2531 3603 2738 3674 judicet
2761 3605 3063 3659 numerum.
3090 3602 3224 3660 Nam
3252 3607 3352 3660 tria
3375 3613 3430 3661 et
3451 3613 3685 3675 quatuor
3714 3621 3850 3678 sep-

2263 3702 2373 3750 tem
2402 3693 2546 3762 iore;
2574 3702 2629 3750 et
2656 3695 2772 3751 haec
2799 3695 2901 3751 tria
2930 3704 2985 3751 et
3012 3704 3216 3767 septem
3243 3696 3440 3762 decem,
3465 3697 3603 3751 nulla
3631 3707 3842 3767 przeter

2263 3787 2553 3842 humanam
2593 3788 2826 3842 animam
2853 3788 2938 3842 vel
2965 3795 3147 3859 potest
3169 3789 3298 3845 scire
3321 3788 3404 3843 vel
3429 3788 3644 3860 poterit.
3676 3788 3842 3847 Sicut

2264 3879 2426 3949 igitur
2439 3880 2508 3936 de
2536 3895 2786 3935 mensura
2807 3880 3018 3946 claruit,
3045 3884 3120 3936 ita
3147 3888 3203 3937 et
3225 3881 3291 3937 de
3324 3880 3556 3938 numeris
3579 3881 3717 3938 satis
3736 3899 3846 3955 ap-

2264 3981 2419 4044 paret
2449 3988 2568 4030 esse
2608 3974 2708 4030 hos
2741 3973 2794 4029 in
2824 3988 3052 4046 corpore
3071 3970 3372 4043 visibiliter,
3402 3975 3457 4030 in
3475 3975 3652 4030 anima
3683 3975 3854 4033 intel-

2265 4065 2583 4122 lectualiter.

2337 4157 2422 4212 lll.
2454 4157 2640 4213 Restat
2659 4174 2800 4215 nunc
2823 4167 2882 4215 ut
2901 4159 2968 4216 de
2988 4159 3228 4232 pondere
3253 4160 3605 4232 disputemus.
3637 4161 3856 4236 Corpo-

2267 4267 2384 4307 rum
2414 4251 2623 4322 pondus
2655 4251 2783 4307 illud
2812 4268 2932 4309 esse
2959 4253 3150 4324 patuit,
3183 4269 3293 4326 quo
3315 4255 3575 4310 eademin
3604 4257 3859 4325 regiones

2269 4357 2394 4398 suas
2420 4342 2561 4398 unde
2589 4341 3006 4414 primordialiter
3033 4345 3294 4410 existunt,
3332 4344 3649 4402 naturaliter
3676 4344 3858 4402 ferun-

2271 4442 2377 4500 tur,
2406 4449 2504 4489 nec
2533 4434 2833 4503 quiescunt,
2866 4435 3215 4507 quoadusque
3253 4422 3572 4493 transmisso
3599 4437 3857 4494 elementi

2270 4524 2492 4580 alterius
2518 4526 2712 4595 spatio,
2746 4525 2798 4580 in
2842 4542 2936 4581 sua
2966 4527 3302 4598 perveniant.
3335 4528 3541 4584 Animae
3567 4543 3694 4584 vero
3721 4545 3861 4600 pon-

653 4598 794 4657 Ecce
820 4602 996 4696 patuit
1013 4603 1144 4657 nihil
1169 4618 1289 4659 esse
1316 4620 1656 4696 corporeum,
1679 4609 1766 4663 cui
1796 4624 1902 4663 non
1927 4610 1998 4664 sit
2018 4625 2167 4666 men-
2197 4612 2245 4673 D
2269 4614 2368 4670 dus
2396 4615 2645 4671 voluntas
2686 4627 2770 4671 est
2797 4617 2933 4686 ejus,
2963 4633 3084 4688 qua:
3115 4620 3332 4696 proprie
3360 4621 3530 4688 magis
3549 4635 3703 4675 amor
3721 4598 3860 4676 dici—

584 4706 728 4757 sura,
759 4691 969 4762 pondus
991 4700 1050 4746 et
1079 4708 1347 4749 numerus.
1379 4694 1532 4751 Nunc
1565 4697 1822 4765 quoniam
1851 4698 2165 4754 earumdem

543 4846 546 4848 γ
582 4790 669 4837 est
695 4791 751 4837 et
776 4783 983 4852 partilis
1011 4784 1210 4852 unitas,
1241 4793 1299 4840 et
1324 4786 1500 4842 locale
1516 4785 1745 4857 pondus,
1777 4796 1832 4843 et
1857 4789 2168 4857 magnitudo

585 4874 956 4930 tnensurabilis
987 4915 1004 4944 ,
1055 4883 1231 4930 utrum
1280 4877 1381 4931 tria
1422 4877 1536 4934 haec
1591 4887 1816 4935 eatenus
1866 4880 1921 4934 in
1967 4882 2164 4946 anima,

587 4973 647 5019 ut
689 4964 742 5018 in
779 4981 1026 5035 corpore,
1067 4968 1175 5022 sint
1213 4983 1530 5037 quaeramus.
1576 4969 1825 5040 Magnum
1871 4981 2020 5028 certe
2046 4985 2169 5029 cor-

585 5072 688 5127 pus
725 5055 1056 5125 longitudine
1089 5067 1146 5113 et
1184 5059 1466 5117 latitudine
1503 5072 1560 5118 et
1596 5063 1878 5120 altitudine
1917 5065 2164 5135 dicimus,

583 5146 737 5215 cujus
765 5146 951 5218 utique
976 5149 1208 5218 spatium
1234 5153 1436 5218 grande
1462 5153 1547 5208 vel
1577 5169 1799 5223 parvum
1847 5171 1947 5226 pro
1968 5157 2052 5212 sui
2078 5172 2169 5212 ca-

585 5238 820 5308 pacitate
864 5253 1164 5294 censemus.
1211 5240 1351 5309 Ergo
1395 5250 1599 5298 tantum
1639 5245 1895 5315 quidquid
1925 5248 2170 5318 corporis

584 5328 943 5400 quodcunque
958 5345 1154 5402 corpus
1173 5332 1382 5402 recipit,
1406 5342 1664 5402 quantum
1687 5351 1785 5407 pro
1812 5338 2164 5408 amplitudine

586 5436 755 5492 capax
781 5430 880 5478 est.
923 5421 1014 5478 Sic
1037 5411 1289 5493 equidem
1316 5433 1627 5481 transcenso
1653 5427 1920 5484 inferioris
1948 5421 2165 5484 creatu-

591 5527 661 5566 rae
704 5513 871 5580 gradu
906 5515 1273 5572 sublimiorem
1310 5527 1610 5574 creaturam
1663 5535 1844 5586 cerne,
1894 5529 1950 5576 et
2003 5523 2167 5578 animi

592 5604 1008 5672 magnitudinem
1035 5607 1117 5662 sui
1145 5611 1443 5680 capacitate
1482 5611 1688 5668 metire.
1712 5611 1860 5673 Ecce
1887 5627 2055 5684 capax
2087 5624 2172 5670 est

670 5791 694 5819 ·
730 5785 812 5842 At.
845 5790 964 5854 quia
991 5790 1136 5846 nisti.

2272 4713 2374 4771 tur,
2398 4720 2506 4775 quo
2525 4707 2827 4763 scilicetvel
2860 4724 2919 4764 se
2947 4709 3138 4780 ipsam,
3162 4711 3246 4766 vel
3268 4711 3371 4766 alia
3400 4711 3651 4782 quaelibet
3675 4718 3857 4767 amat:

2271 4797 2383 4852 a‘ve
2412 4798 2552 4852 enim
2580 4799 2680 4853 sibi
2712 4799 3029 4870 incorporea
3058 4801 3262 4872 diligat,
3296 4811 3355 4856 ut
3380 4810 3463 4857 est
3490 4818 3613 4858 vera
3644 4803 3863 4874 sapien-

2272 4887 2376 4950 tia;
2426 4888 2539 4944 sive
2584 4889 2800 4959 corpori
2843 4905 3101 4961 corporea
3149 4893 3513 4963 concupiscat,
3546 4901 3604 4949 ut
3635 4893 3859 4964 pulchra

2273 4987 2398 5033 sunt
2426 4994 2654 5049 corpora
2683 4997 2693 5032 :
2728 4979 2925 5036 illocali
2950 4983 3148 5038 amoris
3177 4985 3414 5054 pondere
3434 4986 3654 5056 rapitur,
3684 4985 3864 5042 donec

2271 5079 2571 5126 amatorum
2601 5072 2888 5143 adeptione
2915 5075 3168 5145 potiatur.
3202 5075 3366 5146 Igitur
3382 5077 3590 5148 pondus
3615 5080 3866 5150 corporis

2271 5180 2589 5234 quocunque
2617 5182 2813 5237 corpus
2844 5167 3045 5233 tulerit,
3069 5185 3349 5227 mensuras
3385 5169 3502 5239 ejus
3529 5178 3582 5226 et
3605 5186 3867 5227 numeros

2273 5248 2741 5314 indissociabiliter
2767 5274 2948 5314 secum
2989 5261 3170 5316 trahit.
3203 5260 3334 5318 Item
3366 5263 3592 5334 pondus,
3626 5262 3732 5319 hoc
3759 5273 3863 5328 est,

2274 5361 2428 5401 amor
2455 5347 2666 5414 animm,
2691 5350 2741 5404 in
2774 5350 2824 5404 id
2853 5351 2996 5420 quod
3025 5352 3215 5421 diligit,
3240 5363 3294 5409 et
3321 5355 3635 5410 memoriam
3664 5364 3722 5410 et
3741 5371 3870 5411 con-

2274 5437 2450 5493 silium
2479 5455 2659 5495 secum
2689 5443 2865 5512 cogit;
2894 5444 3019 5512 quia
3070 5445 3198 5500 nihil
3243 5445 3386 5501 aliud
3422 5447 3734 5503 meminisse
3780 5447 3867 5503 vel

2273 5529 2509 5598 cogitare
2539 5532 2699 5596 valet,
2731 5535 2832 5589 nisi
2864 5535 2991 5590 illud
3018 5535 3170 5607 cujus
3196 5553 3381 5593 amore
3402 5536 3673 5594 fervescit.
3708 5537 3866 5595 Unde

2273 5620 2527 5680 divinitus
2575 5623 2778 5680 homini
2819 5625 3013 5683 dicitur
3053 5645 3063 5681 :
3116 5621 3316 5700 Diliges
3365 5627 3647 5685 Dominum
3692 5631 3867 5688 Deum

2823 5852 2849 5867 Ω
