4140 6346
284 368 394 437 Ἰιὸ

1492 372 1582 430 DE
1617 366 1841 431 STATU
1882 370 2120 430 ΑΝῘΜΑΞ
2162 372 2289 429 LIB.
2331 373 2393 429 ll.

3471 375 3586 443 τω

280 503 433 553 tuum
476 510 541 549 ea:
569 503 677 551 toto
696 493 853 550 corde
880 503 988 562 tuo,
1015 495 1065 548 et
1086 506 1152 549 ea:
1179 500 1293 549 tota
1333 494 1514 548 anima
1553 503 1644 548 tua
1670 492 1885 565 (Matth.
1914 496 1967 555 Α
1991 506 2190 561 gnarus
2208 490 2349 546 ferre
2370 488 2715 557 sententiam,
2738 502 2879 547 anne
2906 486 2976 546 sit
3004 491 3156 549 locus
3180 493 3326 566 quod
3366 494 3583 557 ilices].

282 604 419 655 nn,
449 588 571 661 37).
597 587 859 667 Videlicet
883 597 943 644 ut
988 589 1128 645 sicut
1168 602 1365 658 corpus
1404 586 1644 659 pondere
1671 588 1880 657 cogitur

279 685 344 743 in
381 675 621 756 propria,
644 686 722 741 sic
748 686 927 741 anima
955 681 1197 756 pondere
1223 682 1491 740 referatur
1523 683 1579 738 in
1627 683 1876 753 patriam.

278 775 402 835 Hoc
429 778 670 850 pondere
694 793 793 833 suo
814 788 995 833 tamen
1018 777 1199 831 anima
1220 791 1327 831 non
1355 775 1531 831 solum
1557 774 1676 829 aliis
1698 773 1878 843 jungi-

277 879 392 938 tur,
416 872 510 928 sed
530 872 645 942 ipsa
665 886 881 943 quoque
904 871 1194 939 solidatur;
1217 871 1342 942 quia
1368 870 1578 927 consilii
1600 886 1662 926 ac
1686 870 1883 927 mentis

276 979 473 1019 amore
500 964 699 1032 medio,
730 974 788 1021 et
813 981 967 1022 mens
1013 964 1261 1031 consilio,
1293 972 1349 1019 et
1388 957 1672 1020 consilium
1699 970 1881 1017 mente

277 1055 547 1127 diligitur.

908 1127 1135 1185 CAPUT
1172 1128 1260 1184 Vl.

274 1216 369 1275 De
408 1237 671 1288 mensura,
720 1237 933 1292 numero
980 1230 1030 1275 et
1066 1220 1296 1292 pondere
1342 1220 1531 1275 divinat
1570 1218 1877 1284 Trinitatis;

572 1291 824 1366 quomodo
845 1292 953 1347 lucc
986 1290 1090 1347 tria
1110 1292 1225 1364 ipsa
1253 1290 1480 1346 Trinitas
1501 1292 1587 1345 sit.

357 1403 447 1462 Sic
474 1413 530 1461 et
554 1405 965 1477 incorporaliter
1004 1412 1198 1461 cuncta
1248 1404 1655 1477 supereminens
1702 1402 1883 1457 unitas

272 1500 707 1571 praecelsissimae
735 1499 1015 1555 Trinitatis
1035 1514 1286 1556 mensura
1316 1508 1431 1565 est,
1474 1506 1535 1553 ut
1573 1496 1743 1562 aiunt,
1767 1496 1883 1550 sine

274 1606 556 1659 mensura,
586 1601 642 1649 et
688 1591 900 1664 pondus
944 1592 1062 1647 sine
1094 1591 1352 1663 pondere,
1382 1599 1439 1646 et
1480 1604 1739 1645 numerus
1767 1588 1884 1642 sine

278 1698 538 1741 numero.
555 1682 772 1740 Pondus
791 1698 922 1753 ergo
939 1699 1047 1753 quo
1069 1683 1186 1739 haec
1204 1682 1393 1738 eadem
1416 1696 1601 1737 secum
1616 1678 1889 1735 ineffabili.

277 1785 373 1833 ter
392 1794 559 1836 unum
588 1785 733 1844 sunt,
764 1778 1000 1834 charitas
1024 1786 1108 1833 est
1129 1776 1304 1832 Patris
1330 1784 1387 1832 et
1414 1774 1556 1841 Filii,
1587 1773 1886 1844 quemSpi-

1982 586 2197 657 recipit,
2224 601 2293 640 an
2316 584 2512 655 partile
2533 584 2681 653 quod
2701 587 2873 642 secari
2894 587 3100 657 nequit,
3123 602 3192 641 an
3219 590 3584 649 mensurabile

1982 677 2130 748 quod
2181 674 2451 732 inﬁnitum
2491 676 2655 745 capit.
2689 675 2842 732 Nunc
2883 676 2949 732 ad
2979 675 3281 735 Philolaum
3314 680 3502 750 redeo,
3547 698 3584 739 α

1984 785 2094 840 quo
2120 770 2322 826 dudum
2364 782 2562 839 magno
2605 768 2888 824 intervallo
2935 768 3205 839 digressus
3231 787 3369 840 sum,
3408 772 3583 843 quiin
3699 839 3708 849 ι

1985 863 2147 918 tertio
2167 862 2501 917 voluminum
2520 876 2641 931 qua:
2660 866 2779 940 περί
2808 863 3009 935 ῥυθμῶν
3035 867 3119 920 καὶ
3146 866 3343 939 μέτρων
3368 879 3583 935 praeno-

1984 965 2083 1021 tat,
2108 956 2175 1011 de
2204 956 2381 1012 anima
2413 958 2648 1012 humana
2690 956 2769 1011 sic
2816 956 3092 1027 loquitur:
3140 959 3331 1013 Anima
3383 960 3583 1015 inditur

1984 1050 2209 1119 corpori,
2238 1066 2332 1119 per
2378 1066 2647 1103 numerum
2673 1056 2722 1103 et
2750 1049 3095 1104 immortalem
3142 1051 3472 1125 eamdemque
3497 1053 3583 1106 in-

1982 1143 2303 1214 corporalem
2350 1143 2781 1197 ‘convenientiam.
2811 1141 2945 1198 ltem
2973 1155 3097 1214 post
3125 1144 3229 1200 alia
3263 1162 3277 1199 :
3327 1144 3583 1217 Diligitur

1982 1250 2167 1305 corpus
2196 1233 2260 1288 ab
2279 1236 2476 1301 anima,
2505 1235 2627 1307 quia
2655 1235 2767 1290 sine
2785 1252 2847 1291 eo
2884 1252 2987 1290 non
3016 1245 3182 1307 potest
3208 1238 3286 1292 uti
3318 1237 3576 1293 sensibus.

1982 1326 2027 1379 Α
2057 1343 2156 1397 quo
2185 1335 2457 1398 postquam
2484 1337 2651 1383 morte
2677 1326 2895 1383 deducta
2922 1335 3019 1394 est,
3062 1330 3174 1399 agit
3198 1330 3255 1384 in
3282 1331 3476 1385 mundo
3495 1330 3581 1384 in—

1985 1420 2306 1490 corporalem
2331 1420 2507 1473 vitam.
2550 1418 2669 1475 Non
2695 1434 2797 1489 ego
2823 1435 2966 1475 nunc
2992 1419 3263 1476 rationum
3304 1420 3582 1477 tramitem

1986 1528 2087 1583 per
2129 1512 2551 1567 nexuosissimas
2605 1512 2964 1582 quaestionum
3015 1514 3268 1569 minutias
3320 1513 3579 1580 revolvo,

1987 1603 2183 1672 quibus
2225 1603 2341 1659 haec
2376 1602 2693 1673 probabilia,
2726 1619 2834 1673 quo
2860 1602 3011 1659 voles
3032 1604 3367 1672 adversante,
3396 1600 3583 1661 Philo-

1988 1695 2107 1750 laus
2134 1695 2331 1750 elfecit.
2362 1694 2423 1750 ln
2449 1710 2569 1765 qua:
2596 1695 2644 1749 si
2671 1695 2792 1764 quis
2811 1694 2909 1749 velo
2925 1696 3259 1764 curiositate,
3287 1697 3374 1752 vel
3400 1697 3580 1754 studio

1988 1787 2127 1844 forte
2156 1786 2484 1857 ﬂagraverit,
2512 1788 2581 1844 de
2602 1788 2719 1859 ipso
2739 1787 2945 1844 scilicet
2963 1787 3111 1845 fonte
3130 1789 3361 1844 hauriat.
3393 1788 3580 1846 Enim-

274 1868 447 1926 rimm
469 1877 713 1925 5300mm
733 1869 1023 1941 Αβθείοιυε
1049 1868 1266 1940 Proprie
1294 1868 1590 1931 ίηδίηυθηεν
1622 1865 1883 1931 (λωτίωῆ
1992 1896 2120 1936 vero
2143 1854 2345 1937 memet
2372 1854 2535 1937 causa
2564 1854 2901 1937 auctoritatis
2921 1880 2976 1935 in
2997 1880 3246 1935 eumdem
3268 1881 3403 1935 tanti
3423 1883 3546 1938 testi
3560 1913 3579 1927 -

276 1960 479 2031 inquit,
510 1960 610 2016 Dei
630 1962 825 2032 diﬂ'usa
845 1973 924 2017 est
946 1962 1001 2016 in
1030 1962 1273 2016 cordibus
1303 1960 1492 2015 nostris
1519 1976 1611 2032 per
1626 1958 1883 2031 Spiritum

276 2064 518 2109 sanctum
545 2056 631 2127 qui
659 2054 811 2109 datus
856 2062 931 2109 est
960 2052 1107 2108 nobis
1148 2053 1323 2125 (Rom.
1360 2070 1413 2119 v,
1446 2050 1513 2123 5)
1548 2070 1560 2105 :
1605 2050 1884 2107 evidenter

282 2147 599 2214 ostendens,
632 2148 737 2204 isto
760 2146 1018 2218 pondere,
1049 2147 1230 2201 divina
1258 2146 1465 2201 scilicet
1493 2144 1777 2210 charitate,
1820 2143 1884 2197 il-

278 2238 397 2296 lum
447 2239 775 2296 ineffabilem
827 2254 1109 2294 numerum
1160 2238 1414 2307 illamque
1454 2251 1762 2292 mensuram
1791 2235 1884 2290 illo

278 2330 549 2387 stabiliter
574 2330 703 2386 ferri
731 2346 841 2400 quo
870 2329 978 2384 tale
1007 2328 1220 2400 pondus
1253 2327 1563 2384 accesserit.
1594 2326 1761 2396 igitur
1780 2327 1883 2381 tria

282 2419 403 2479 lucc
432 2423 815 2493 inseparabilia
843 2428 969 2476 sunt
998 2423 1053 2477 in
1082 2436 1342 2492 corpore,
1374 2421 1469 2477 sed
1507 2421 1677 2476 multo
1714 2421 1885 2491 magis

284 2511 341 2569 in
367 2514 583 2579 anima;
615 2520 671 2568 et
692 2512 968 2567 individua
996 2521 1121 2569 sunt
1142 2513 1196 2568 in
1226 2513 1424 2578 anima,
1455 2512 1551 2569 scd
1580 2512 1751 2568 multo
1769 2528 1883 2568 ma-

284 2604 371 2675 gis
413 2605 468 2660 in
497 2620 577 2659 se.
603 2603 671 2659 Et
707 2604 846 2661 sicut
883 2605 1014 2660 nihil
1052 2605 1169 2661 sine
1194 2621 1302 2661 uno
1330 2613 1596 2672 creatore,
1633 2604 1739 2660 hoc
1776 2613 1876 2668 est,

288 2696 410 2768 ipsa
438 2695 704 2753 Trinitate
744 2698 977 2765 exstitit;
1019 2698 1094 2753 ita
1120 2697 1255 2753 nihil
1284 2697 1503 2753 omnino
1531 2712 1652 2753 esse
1678 2704 1877 2768 potest,

285 2786 435 2857 quod
464 2803 573 2843 non
601 2795 657 2844 et
682 2787 938 2843 trifariam
978 2788 1254 2855 subsistat,
1298 2796 1353 2843 et
1395 2804 1559 2844 unum
1588 2788 1689 2844 sit:
1719 2803 1878 2844 omne

247 2936 253 2943 ,
280 2876 494 2933 scilicet
522 2888 740 2950 corpus,
763 2887 819 2934 et
848 2894 1010 2935 unum
1039 2880 1165 2945 erit,
1189 2888 1245 2935 et
1273 2880 1635 2936 mensurabile
1672 2880 1793 2947 erit,
1825 2890 1881 2935 et

281 2968 642 3034 numerabile,
676 2977 731 3024 et
760 2968 1127 3041 ponderabile.
1152 2968 1219 3025 Et
1240 2971 1416 3026 omnis
1435 2971 1616 3025 anima
1642 2971 1881 3026 rationa-

279 3058 351 3116 lis
371 3060 543 3116 tribus
572 3059 877 3129 individuis,
903 3064 1174 3130 memoria,
1196 3063 1434 3127 consilio,
1465 3063 1728 3117 voluntate
1754 3063 1881 3121 sub-

275 3152 443 3221 sistit,
471 3153 665 3223 quibus
692 3170 865 3226 capas
886 3156 968 3212 es't
986 3171 1273 3221 mensurae,
1295 3155 1550 3227 ponderis
1576 3164 1635 3211 et
1649 3156 1874 3213 numeri.

1987 1973 2226 2030 monium
2254 1974 2562 2045 philosophi
2585 1973 2783 2042 jecisse
2811 1970 3061 2040 sufﬁciet,
3085 1972 3242 2027 sicuti
3261 1981 3579 2027 cancrorum

1985 2075 2111 2136 post
2139 2066 2265 2121 hinc
2286 2066 2515 2121 strictim
2540 2064 2785 2135 profane
2819 2064 3123 2120 conveniet.
3156 2064 3355 2133 lnjnria
3384 2079 3580 2136 nempe

1986 2172 2017 2211 a
2040 2172 2314 2227 quoquam
2337 2157 2600 2229 poscitur,
2632 2166 2687 2212 et
2716 2164 3092 2225 argumentum
3124 2158 3330 2226 pariter
3350 2165 3407 2213 et
3426 2157 3580 2214 testi-

1984 2250 2245 2305 monium.

2054 2342 2119 2397 ll.
2145 2342 2409 2415 Archytas
2433 2342 2657 2413 perinde
2685 2342 3027 2409 Tarentinus,
3075 2341 3325 2413 idemque
3368 2341 3576 2417 Pytha-

1984 2435 2219 2504 goricus,
2250 2435 2303 2491 in
2332 2450 2399 2490 eo
2426 2450 2591 2505 opere
2611 2434 2756 2506 quod
2794 2432 3134 2503 magnificum
3158 2434 3239 2491 De
3266 2453 3442 2492 rerum
3478 2453 3579 2492 na-

1986 2536 2101 2582 tura
2126 2527 2378 2599 prodidit,
2397 2536 2520 2599 post
2539 2529 2762 2583 multam
2792 2528 2860 2583 de
2879 2529 3118 2585 numeris
3146 2516 3575 2586 subtilissimam-

1982 2637 2087 2693 que
2136 2622 2574 2693 disputationem,
2630 2622 2852 2689 Anima,
2910 2621 3115 2691 inquit,
3166 2622 3235 2676 ad
3283 2623 3575 2695 exemplum

1979 2718 2135 2770 unius
2154 2718 2440 2784 composita
2468 2723 2561 2781 est,
2593 2732 2709 2787 qua:
2734 2716 2809 2769 sic
2862 2715 3140 2769 illocaliter
3175 2716 3475 2771 dominatur
3518 2718 3576 2770 in

1979 2824 2212 2881 corpore,
2232 2812 2365 2864 sicut
2389 2826 2523 2864 unus
2537 2811 2591 2863 in
2619 2810 2867 2863 numeris.
2898 2808 3036 2874 Quid
3054 2850 3068 2873 ,
3101 2824 3303 2878 qumso,
3344 2823 3576 2879 praees-

1981 2904 2093 2957 sius
2138 2903 2246 2958 dici
2289 2904 2503 2973 potest?
2551 2902 2681 2971 quid
2740 2900 2959 2956 verius?
2998 2902 3079 2955 Ad
3122 2904 3275 2955 unius
3324 2900 3576 2958 videlicet

1981 2996 2271 3064 exemplum
2329 2997 2633 3066 composita,
2670 2994 2796 3065 quia
2820 2994 2889 3049 ad
2928 2995 3085 3051 unius
3125 2994 3412 3064 imaginem
3433 2996 3573 3052 facta

1983 3094 2084 3143 cst.
2118 3084 2185 3140 Et
2214 3085 2413 3141 idcirco
2460 3102 2599 3142 unus
2641 3094 2744 3154 est,
2788 3086 3099 3157 exemplum
3129 3087 3425 3159 principale
3465 3086 3574 3144 for-
3652 3126 3655 3131 ν

1984 3192 2218 3242 marum.
2251 3178 2503 3249 quoniam
2536 3178 2837 3235 iormabilia
2875 3179 2945 3234 ab
2984 3179 3077 3235 illo
3107 3177 3309 3236 formas
3330 3181 3573 3251 capiunt,

277 3240 591 3341 s‘iclllldum
614 3246 728 3301 hinc
755 3246 823 3302 de
850 3247 1302 3303 ωθοευηδίιίδυε
1328 3248 1651 3341 (ἰυίδιξείίυθο
1672 3248 1877 3319 Ροηάθ·
1901 3268 1948 3333 C
1980 3270 2071 3341 qui
2100 3240 2214 3325 non
2230 3240 2390 3340 cepit.
2408 3268 2704 3326 Eromenes
2730 3269 3054 3327 Tarentinus
3076 3286 3139 3325 ex
3171 3271 3361 3325 eadem
3389 3240 3573 3330 schola

277 3336 541 3394 rabilibus
585 3347 640 3394 et
686 3340 1131 3406 numerabilibus,
1165 3341 1267 3397 hoc
1305 3348 1416 3407 est,
1464 3340 1532 3397 de
1561 3342 1878 3413 corporibus

276 3426 556 3499 judicans,
580 3444 700 3500 qua:
725 3432 772 3487 si
816 3446 1015 3503 corpus
1044 3439 1205 3499 esset,
1237 3432 1557 3505 incorporea
1596 3440 1743 3488 certe
1769 3448 1878 3488 non

277 3532 520 3593 caperet,
546 3525 687 3580 sicut
712 3541 911 3608 corpus
939 3527 1101 3582 etiam
1115 3525 1346 3596 judicari
1366 3534 1550 3597 posset
1576 3535 1631 3583 et
1658 3526 1725 3582 de
1753 3542 1877 3583 cor-

277 3615 504 3687 poribus
525 3616 767 3687 judicare
786 3634 896 3675 non
920 3627 1122 3691 posset.
1148 3618 1437 3675 Permanat
1456 3635 1587 3690 ergo
1616 3635 1649 3675 a
1666 3636 1877 3676 summo
1907 3686 1911 3690 ἢ

280 3708 429 3777 quod
459 3708 599 3765 Deus
629 3722 734 3779 est,
759 3727 861 3783 per
888 3712 1123 3767 medium
1147 3712 1292 3784 quod
1328 3713 1526 3780 anima,
1560 3723 1586 3750 ἰ
1616 3712 1685 3767 ad
1711 3714 1878 3767 imum

280 3799 429 3869 quod
458 3809 540 3856 est
561 3818 776 3873 corpus,
804 3804 969 3858 unita:
997 3806 1271 3876 specimen
1300 3804 1610 3868 Trinitatis,
1636 3805 1879 3874 corpori-

280 3887 385 3945 bus
413 3890 562 3958 signa
590 3894 671 3947 sui
718 3894 1052 3963 imprimens,
1094 3896 1375 3949 animabus
1419 3895 1582 3967 etiam
1630 3895 1877 3950 notitiam

285 3979 533 4037 tribuens
563 4000 575 4035 :
601 3983 690 4037 illa
734 3984 971 4045 formans
999 3984 1298 4051 visibiliter,
1330 3986 1429 4043 has
1454 3986 1873 4056 intelligibiliter.

287 4067 422 4125 Cum
450 4087 579 4141 ergo
612 4073 636 4111 δ
668 4074 799 4129 nihil
839 4076 1139 4132 substantia
1168 4078 1271 4133 nisi
1318 4078 1559 4134 absentia
1586 4079 1782 4150 capiat,
1823 4087 1880 4135 et

283 4160 419 4217 nihil
449 4164 551 4219 nisi
581 4166 769 4233 tribus,
802 4167 940 4224 sicut
962 4184 1123 4239 supra
1162 4168 1531 4236 disseruimus,
1557 4186 1721 4227 unum
1752 4171 1873 4238 ﬁat;

280 4254 504 4323 quando
524 4262 675 4312 tanta
699 4267 783 4313 est
809 4258 988 4315 unitas
1016 4261 1071 4315 in
1099 4276 1349 4331 corpore,
1378 4263 1483 4318 hoc
1522 4271 1601 4318 est
1629 4263 1684 4317 in
1709 4264 1873 4319 vesti-

280 4346 374 4417 gio
400 4346 700 4418 Trinitatis,
730 4344 947 4422 quanta,
980 4362 1065 4409 est
1094 4354 1147 4409 in
1170 4355 1371 4423 anima,
1399 4356 1505 4411 hoc
1530 4365 1615 4412 est
1653 4357 1708 4411 in
1736 4357 1875 4411 ima-

281 4436 409 4507 gine
446 4437 751 4509 Trinitatis;
795 4451 851 4498 et
877 4444 1007 4499 item
1052 4461 1174 4501 cum
1218 4454 1364 4502 tanta
1412 4440 1481 4503 sit
1527 4449 1581 4504 in
1622 4448 1874 4519 imagine,

280 4537 483 4599 quanta
512 4540 594 4587 est
620 4532 674 4587 in
703 4533 819 4605 ipsa
849 4534 1131 4593 Trinitate.

890 4646 1119 4704 CAPUT
1156 4649 1271 4705 VII;

282 4734 517 4809 Paganis
544 4739 706 4793 utitur
734 4738 963 4807 testibus,
986 4742 1239 4817 nullashin
1262 4746 1438 4817 anima
1464 4761 1739 4817 corporeus
1760 4763 1871 4802 esse

649 4825 918 4865 mensuras
943 4812 1021 4866 vel
1039 4812 1229 4868 localia
1248 4814 1498 4885 pondera.

354 4917 397 4971 ι.
438 4917 547 4974 Sed
589 4920 847 4989 quoniam
889 4938 1034 4979 nunc
1062 4932 1275 4995 tempus
1303 4926 1449 4981 aliud
1474 4936 1576 4993 est,
1609 4943 1772 4998 quam
1812 4938 1872 4984 ut

280 5008 352 5066 de
379 5012 690 5081 quaestionis
716 5015 876 5085 hujus
902 5017 1306 5085 praeeminentia
1335 5020 1607 5088 copiosius
1632 5020 1873 5090 dispute-

218 5140 221 5145 μ
282 5118 436 5171 mus;
477 5112 687 5161 tantum
735 5107 940 5163 scilicet
967 5109 1021 5164 in
1058 5109 1142 5164 his
1168 5117 1411 5166 moratus
1437 5126 1576 5177 sum,
1608 5121 1869 5182 quantum

282 5195 637 5265 prudentibus
674 5199 806 5255 satis
832 5200 1087 5268 arbitror,
1129 5201 1309 5271 quoad
1354 5202 1513 5273 plene
1549 5212 1878 5274 cognoscant

283 5287 458 5344 nullas
484 5290 540 5345 in
569 5292 747 5347 anima
773 5308 1065 5365 corporeas
1097 5310 1218 5352 esse
1245 5311 1541 5365 mensuras,
1571 5296 1657 5353 vel
1686 5297 1877 5355 localia

282 5380 548 5450 pondera,
570 5384 657 5439 vel
684 5384 917 5455 partium
945 5388 1145 5458 spatia;
1167 5387 1262 5443 sed
1292 5387 1423 5443 illud
1447 5389 1515 5445 ab
1542 5404 1607 5446 ea
1636 5391 1875 5462 percipi,

286 5472 433 5541 quod
463 5490 567 5531 nec
592 5476 742 5533 locus
762 5480 926 5549 capit,
957 5496 1058 5537 nec
1087 5479 1297 5552 pondus
1324 5490 1526 5550 movet,
1556 5497 1659 5539 nec
1683 5483 1878 5540 divisio

284 5565 500 5623 minuit.
524 5567 684 5626 Modo
712 5578 793 5640 tu,
822 5572 1026 5629 arbiter
1062 5572 1239 5642 docte,
1269 5576 1584 5647 probaveris
1629 5586 1652 5615 °
1678 5574 1877 5646 justam

362 5773 393 5847 ξ
430 5767 540 5847 ,ᾼῙέ
578 5769 648 5847 “.d
672 5771 994 5847 ίπικηιδὲοά
1020 5790 1285 5847 corporea.

362 5789 393 5881 ἶ
426 5789 1303 5931 διτίίιὲἕοῃαῗὶὥωωῖῗῖἔηοὲἰῗι
1322 5896 1325 5897 ν
1346 5850 1447 5905 nisi
1492 5850 1719 5906 essentia
1753 5866 1878 5926 cap.

660 5936 933 6002 Panos.
965 5937 1132 6003 ιω.

1982 3363 2321 3437 Pythagorae,
2355 3366 2649 3435 praemissis
2676 3380 2778 3435 pro
2808 3372 2953 3420 statu
2982 3366 3265 3420 sententia:
3292 3380 3402 3419 suae
3428 3366 3575 3421 inso-

1979 3458 2232 3514 lubilibus
2261 3459 2609 3526 argumentis,
2633 3456 2701 3512 de
2720 3458 2898 3511 anima
2927 3458 3005 3512 sic
3021 3457 3334 3527 pronuntiat
3358 3476 3370 3509 :
3394 3455 3576 3529 Longe

1980 3551 2125 3604 aliud
2152 3552 2349 3613 anima,
2374 3549 2519 3603 aliud
2547 3564 2733 3619 corpus
2761 3557 2858 3611 est,
2890 3564 3005 3620 qua:
3032 3558 3081 3601 et
3108 3564 3323 3619 corpore
3343 3557 3577 3620 torpente

1978 3644 2132 3713 viget,
2165 3651 2214 3695 et
2238 3656 2377 3695 circa
2404 3641 2561 3707 videt,
2593 3649 2642 3693 et
2682 3648 2884 3696 mortuo
2930 3642 3068 3695 vivit.
3104 3638 3257 3697 Unde
3294 3646 3496 3710 autem,
3525 3642 3575 3698 si

1979 3732 2086 3788 hoc
2109 3740 2213 3798 est,
2244 3747 2352 3802 quo
2395 3732 2662 3803 principio
2706 3724 2917 3788 nescire
2953 3748 3013 3788 se
3032 3733 3194 3788 dicit?
3223 3731 3331 3789 Sed
3361 3748 3471 3789 non
3498 3734 3574 3788 ita

1981 3842 2124 3881 nunc
2159 3826 2398 3880 omnium
2445 3825 2892 3895 philosophorum
2939 3824 3309 3897 Pythagorica:
3356 3824 3574 3880 familia:

1979 3917 2275 3974 sententias
2301 3931 2613 3987 persequor,
2639 3924 2701 3970 ut
2720 3916 2935 3971 easdem
2956 3916 3227 3985 copiosius
3246 3915 3571 3984 aggerando,

1979 4011 2047 4066 de
2072 4011 2262 4065 alienis
2290 4009 2578 4065 admodum
2604 4008 2967 4063 voluminibus
2986 4023 3167 4062 meum
3196 4007 3407 4075 faciam,
3440 4008 3574 4065 satis

1980 4102 2248 4158 arbitrans
2273 4109 2475 4156 memet
2501 4100 2822 4171 principium
2844 4097 3186 4171 Pythagorici
3215 4096 3483 4171 gymnasii
3502 4097 3572 4156 dc

1979 4195 2234 4268 prmsenti
2252 4194 2549 4264 quaestione
2577 4194 2712 4248 scita
2742 4192 3011 4248 evidentia
3032 4192 3343 4262 protulisse.
3376 4189 3569 4247 Certus

1978 4288 2185 4344 scilicet
2213 4287 2480 4342 neminem
2506 4284 2743 4343 refutare
2771 4284 3053 4340 doctorum
3073 4326 3087 4351 ,
3131 4285 3261 4354 quin
3290 4284 3394 4339 hoc
3423 4283 3567 4339 idem

1974 4378 2243 4437 ‘senserint
2270 4382 2579 4451 scriptoque
2606 4378 2963 4450 prodiderint,
2994 4379 3313 4450 Archippus,
3344 4377 3567 4450 Epami-

1978 4458 2206 4539 nondas,
2231 4473 2492 4538 Aristeus,
2515 4471 2832 4540 Gorgiades,
2864 4470 3131 4527 Diodorus
3159 4480 3215 4526 et
3242 4486 3431 4528 omnes
3458 4470 3567 4543 Py-

1980 4566 2220 4635 thagora:
2240 4564 2443 4636 posteri
2469 4582 2481 4615 :
2514 4578 2744 4633 quorum
2772 4562 3024 4617 videlicet
3064 4563 3361 4630 nominum,
3392 4576 3462 4619 ne
3486 4561 3569 4617 di-

1895 4646 2092 4715 Dcam
2139 4658 2526 4714 sententiarum
2575 4656 2993 4721 multitudinem,
3024 4656 3069 4711 si
3116 4657 3303 4711 eadem
3350 4656 3565 4726 prodita

1975 4749 2155 4815 velim,
2186 4750 2440 4805 volumen
2470 4746 2758 4802 efficerem.

2044 4840 2131 4895 IIl.
2164 4840 2331 4908 Igitur
2368 4838 2521 4892 Plato
2561 4836 2817 4907 procedat
2846 4836 2901 4890 in
2946 4834 3204 4901 medium,
3230 4851 3261 4891 a
3299 4852 3407 4907 quo
3434 4854 3567 4897 vere

1974 4932 2165 4997 claret,
2196 4945 2357 5000 quam
2384 4942 2638 4997 magnum
2665 4928 2721 4981 in
2745 4935 2917 4982 semet
2942 4927 3145 4983 bonum
3177 4943 3345 4999 genus
3371 4933 3566 4991 huma-

1974 5039 2105 5077 num
2154 5022 2387 5089 negligat
2432 5028 2619 5075 nostro
2647 5020 2947 5090 praesertim
2997 5023 3221 5090 saeculo,
3266 5040 3375 5097 quo
3408 5027 3566 5085 dictis

1976 5114 2239 5182 factisque
2285 5112 2495 5169 coalitus
2540 5112 2718 5179 editis,
2747 5122 2971 5171 eatenus
2997 5116 3185 5187 religio
3230 5117 3569 5174 conclamata

1980 5214 2084 5275 est,
2099 5212 2158 5260 ut
2171 5219 2310 5275 pene
2327 5204 2437 5275 jam
2460 5205 2801 5263 credentibus
2820 5207 3007 5265 labore
3021 5210 3294 5273 submoto,
3320 5218 3567 5278 tempore

1982 5301 2106 5358 fidei
2127 5301 2365 5357 scientia:
2391 5303 2621 5358 fructum
2649 5312 2894 5374 capessat
2921 5303 3229 5371 laborisque
3258 5300 3567 5356 mercedem

1982 5409 2148 5466 opere
2170 5410 2276 5450 non
2303 5404 2515 5466 patrato
2541 5396 2824 5467 percipiat.
2856 5394 2973 5461 Quo
3004 5391 3063 5446 ﬁt
3088 5401 3148 5446 ut
3170 5392 3355 5446 mirari
3384 5391 3569 5448 admo-

1982 5486 2109 5542 dum
2163 5485 2323 5554 digne
2376 5502 2637 5558 nequeam
2693 5487 2853 5554 hujus
2889 5481 3129 5537 Platonis
3175 5481 3431 5547 animam,
3472 5482 3569 5553 qui

1982 5580 2147 5635 tantis
2194 5578 2443 5649 equidem
2490 5577 2698 5634 sscculis
2752 5582 2875 5628 ante
2919 5572 3264 5643 puerperium
3311 5571 3566 5645 Virginis,

1978 5779 2431 5853 Fortelegrnihil
2454 5779 2759 5833 substantia:
2787 5780 2888 5833 nisi
2917 5780 3140 5835 essentia
3163 5795 3281 5853 cap.

2061 5862 2084 5891 ε
2123 5850 2237 5922 AL,
2256 5851 2405 5925 justo
2431 5852 2669 5926 ignarus.

3087 5942 3174 6011 Ἀ
