4140 6346
547 319 648 386 7ὰῖ

1831 317 2144 376 ωΕΒΤΙ
2183 317 2552 382 CLAUDIAM

3745 330 3860 402 M3

549 443 674 492 ante
697 435 1117 492 incarnationem
1131 435 1388 502 Dei,ante
1407 433 1642 492 hominis
1664 437 2140 502 resurrectionem,
2175 442 2222 502 Α
2251 447 2348 508 est,
2377 440 2588 520 ipsaque
2616 458 2672 498 se
2701 451 2898 514 movet,
2948 443 3174 502 aliorum
3217 459 3416 520 quoque
3455 446 3708 520 agitasti:
3735 463 3861 522 qu;

550 543 675 586 ante
699 525 1039 600 praedicatum
1079 543 1304 582 summie
1331 525 1611 584 Trinitatis
1643 528 1696 584 in
1742 529 1994 598 gentibus
2023 528 2148 584 uni-

551 625 718 678 tatem
747 617 1088 686 ineil'abilem,
1121 617 1318 690 Unum,
1351 629 1460 678 tres
1487 622 1540 678 in
1563 621 1846 678 divinitate
1860 638 2148 696 personas,

549 711 804 770 laudabili
850 729 1001 780 ausu,
1029 713 1264 770 mirabili
1293 715 1546 788 ingenio,
1579 716 1882 774 inimitabili
1934 713 2152 786 eloquio

551 805 815 880 IllltBSlVlt,
849 806 1074 872 invenit,
1098 808 1353 880 prodidit,
1387 807 1604 878 Patrem
1637 808 1810 868 Deum
1843 817 2156 890 paternam;

553 915 657 972 que
679 906 938 968 mentem,
961 907 1136 966 artem
1157 901 1274 960 sive
1312 903 1616 970 consilium,
1647 911 1703 960 et
1731 904 2008 973 utriusque
2049 903 2152 960 ho-

555 1007 674 1050 rum
697 1007 939 1047 amorem
960 1001 1232 1058 mutuum,
1253 1010 1438 1062 unam,
1461 1010 1750 1062 summam,
1776 995 2150 1066 nequiter-nam,

557 1089 842 1146 indivisam
868 1089 1228 1158 divinitatem,
1263 1109 1368 1148 non
1399 1093 1578 1150 solum
1609 1094 1684 1148 ita
1726 1092 1872 1150 credi
1901 1101 2156 1164 oportere

558 1183 760 1254 docuit,
793 1185 888 1240 sed
939 1186 1010 1240 ita
1060 1201 1179 1242 esse
1225 1187 1476 1242 convicit.
1530 1187 1864 1244 Persuadere
1885 1187 2016 1244 mihi
2047 1202 2156 1244 non

559 1292 800 1348 possum,
833 1276 978 1346 quod
1007 1277 1314 1350 philosophi
1337 1279 1496 1350 hujus
1527 1279 1706 1338 anima
1733 1294 1996 1350 corporea
2037 1277 2156 1334 lue-

558 1369 660 1436 rit;
695 1385 758 1424 ac
788 1369 833 1426 si
863 1369 1044 1426 forsan
1073 1369 1336 1442 praecipiti
1369 1355 1522 1442 lapsu
1557 1371 1818 1447 stultitiae,
1845 1371 1954 1426 ulla
1974 1369 2154 1426 anima

561 1479 759 1536 corpus
787 1479 906 1520 esse
929 1462 1214 1532 iudicanda
1264 1471 1366 1528 est,
1418 1463 1536 1518 illas
1585 1464 1832 1534 equidem
1864 1477 2158 1534 corporeus

557 1557 936 1638 iudicaverint,
951 1573 1070 1628 qua:
1091 1573 1149 1614 se
1174 1575 1370 1628 corpus
1393 1574 1512 1614 esse
1532 1558 1778 1614 credunt.
1805 1557 1919 1614 Non
1941 1571 2037 1630 per
2055 1557 2160 1612 hoc

562 1649 864 1704 animarum
890 1650 1072 1718 generi
1102 1649 1368 1718 derogans
1388 1690 1402 1714 ,
1427 1651 1520 1705 sed
1565 1649 1830 1722 quosdam
1879 1649 2160 1708 sententia:

563 1757 675 1798 suae
697 1741 1068 1812 improbitate,
1107 1759 1216 1798 non
1239 1759 1360 1798 mea
1385 1744 1900 1814 spontedenotans,
1949 1741 2159 1816 etquid

2257 533 2565 598 naturaliter
2591 545 2730 592 mota
2765 545 2908 592 sunt.
2941 535 2996 592 In
3043 535 3326 600 Phaedone
3367 552 3550 612 autern
3592 539 3672 596 sic
3713 541 3858 616 aput!

2257 629 2506 684 eumdem
2537 629 2844 710 Platonem,
2871 645 2996 704 cum
3025 629 3250 690 Simmia
3297 639 3358 708 et
3382 630 3584 690 Cebete
3627 633 3862 706 aliisque

2257 723 2592 802 philosoPhis
2620 721 2874 780 Socrates
2903 723 3142 798 loquitur
3167 743 3182 784 ι
3217 732 3280 784 ut
3295 739 3422 800 cum
3449 725 3726 786 videamus
3745 727 3866 790 illic.

2257 816 2413 872 valde
2461 825 2824 878 consentanea
2871 818 3178 896 nostrisque
3230 817 3432 896 oppido
3477 821 3860 882 convenientia

2257 910 2617 982 pronuntiari,
2643 927 2759 984 quae
2807 927 2917 968 non
2945 912 3120 968 solum
3151 913 3466 992 prejudin
3515 915 3860 974 auctoritatis

2261 1011 2502 1070 utuntur,
2534 1003 2627 1060 sed
2653 1005 2848 1059 virtute
2863 1006 3089 1061 rationis
3109 1006 3591 1080 adminiculanlur;

2259 1103 2532 1150 vertamus
2563 1105 2756 1168 printer
2804 1097 3312 1156 nativumhumsnte
3358 1101 3556 1164 mentis
3593 1102 3854 1170 vigorem,

2261 1187 2422 1248 hasce
2452 1187 2698 1250 videlicet
2727 1189 2962 1257 ultimas,
2989 1205 3114 1260 quae
3155 1201 3266 1248 tam
3305 1203 3518 1250 remota
3557 1203 3860 1266 permuta:

2259 1291 2404 1346 sunt,
2440 1291 2549 1336 tam
2576 1283 2758 1338 clausa
2789 1281 3068 1351 adierunt,
3105 1293 3216 1341 tam
3247 1285 3418 1358 perita
3463 1287 3737 1359 viderunt,
3778 1291 3861 1346 id-

2257 1374 2408 1434 circo
2429 1376 2638 1434 scilicet
2663 1377 2866 1434 uimine
2889 1379 3132 1435 veritatis
3166 1377 3396 1448 allatas,
3427 1389 3490 1436 ut
3523 1382 3580 1438 in
3623 1383 3862 1440 salutem

2257 1469 2476 1538 generis
2487 1469 2732 1538 humani,
2745 1472 2848 1528 toti
2869 1472 3198 1544 quandoque
3211 1473 3414 1532 mundo
3425 1475 3686 1532 divinitus
3697 1489 3724 1526 ρ
3739 1477 3865 1540 odo-

2257 1570 2412 1620 ιαωι·
2439 1561 2666 1632 deum;
2689 1565 2830 1634 apud
2859 1565 3022 1622 rudes
3048 1581 3178 1622 vero
3205 1569 3447 1638 gentium
3475 1579 3710 1636 mentes,
3737 1585 3867 1642 gnu-

2261 1653 2434 1712 tilium
2465 1655 2788 1712 testimoniis
2837 1665 3144 1726 uterentur;
3193 1675 3301 1731 quo
3327 1663 3502 1731 magis
3543 1661 3866 1732 ignorantia:

2263 1747 2449 1832 nubila
2499 1757 2726 1813 eccam,
2759 1757 2815 1804 et
2843 1749 3176 1807 infulelitatis
3225 1751 3428 1824 frigore
3473 1754 3530 1810 in
3571 1757 3866 1826 quamdam

563 1835 630 1890 de
659 1836 968 1892 hominibus
999 1835 1112 1902 ﬁat,
1138 1853 1276 1906 quos
1297 1854 1420 1894 cum
1441 1853 1684 1908 eousque
1705 1838 1918 1894 inscitia
1949 1835 2236 1904 teneat,'B
2261 1835 2484 1906 glaciem
2515 1837 2708 1896 durata
2737 1841 3036 1909 gentilitas,
3067 1844 3390 1912 evangelica:
3417 1847 3666 1902 veritatis
3695 1848 3868 1904 calori

561 1936 622 1984 ut
641 1929 885 1984 indoctos
907 1945 964 1984 se
985 1945 1106 1984 esse
1127 1931 1388 1996 nesciant,
1413 1931 1652 1988 scientiae
1671 1930 2022 1988 nihilominus
2045 1930 2155 2002 pri-

561 2021 814 2090 vilegium
861 2021 962 2078 sibi
993 2023 1296 2078 vindicant:
1329 2023 1568 2098 dumque
1593 2023 1646 2078 in
1691 2023 1968 2096 imperitas
1997 2037 2157 2078 aures

561 2113 850 2168 verborum
907 2113 1192 2182 puerilium
1236 2129 1458 2192 spumas
1488 2121 1776 2192 exSpuunt,
1807 2130 1914 2172 uno
1936 2117 2156 2170 eodem-

541 2217 668 2272 que
689 2205 970 2260 inendacio
1009 2214 1184 2261 semet
1208 2191 1448 2262 scientia:
1495 2207 1708 2274 fallunt,
1742 2207 1876 2263 alios
1910 2207 2156 2264 docendo

560 2295 868 2366 decipiunt;
901 2295 1072 2369 Lysian
1102 2299 1323 2366 similes,
1355 2313 1518 2370 quem
1547 2297 1702 2356 Plato
1727 2299 1870 2356 idem
1891 2314 2044 2354 cassa
2071 2314 2157 2354 re-

563 2403 684 2442 rum
717 2387 878 2442 verba
911 2387 1245 2458 fundentem,
1277 2391 1330 2444 in
1361 2389 1588 2448 Phazdro
1632 2399 1858 2447 eatenus
1885 2391 2152 2464 increpat,

565 2490 627 2536 ut
657 2495 776 2536 esse
810 2480 1048 2536 deterius
1075 2491 1538 2551 astruatgnarum
1567 2483 1880 2552 verborum,
1911 2483 2154 2552 ignarum

564 2588 685 2630 esse
697 2589 1004 2640 causarum,
1021 2589 1182 2644 quam
1195 2575 1524 2632 nescientem
1544 2592 1728 2632 rerum
1745 2577 1907 2632 verba
1923 2577 2154 2648 nescire,

561 2670 744 2746 potius
765 2670 1033 2726 arbitrans
1057 2670 1370 2742 imperitum
1393 2671 1668 2728 silentium
1689 2673 1908 2742 loquaci
1933 2673 2157 2746 imperi—

563 2761 656 2818 tia.
686 2758 837 2818 Unde
867 2760 1028 2816 etiam
1052 2761 1256 2817 Tullius
1284 2761 1423 2818 libro
1446 2763 1514 2818 de
1538 2761 1766 2820 Oratore
1791 2764 1965 2836 primo
1998 2782 2010 2817 :
2039 2761 2162 2820 Elo-

562 2857 770 2928 quentia
792 2865 886 2922 est,
907 2855 1100 2924 inquit,
1119 2855 1333 2910 scientia
1359 2857 1964 2932 comprcltendendarum
1989 2873 2159 2914 rerum
2182 2855 2188 2860 ’

564 2945 932 3018 plurimarum,
963 2947 1075 3002 sine
1105 2964 1206 3020 qua
1255 2947 1523 3008 verborum
1551 2947 1841 3006 volubilitas
1869 2951 2044 3004 inanis
2074 2959 2158 3006 at-

565 3054 662 3110 que
687 3037 956 3092 irridendo
985 3047 1078 3094 est.
1112 3037 1180 3092 Et
1223 3041 1384 3110 paulo
1423 3048 1591 3114 post:
1635 3039 1844 3096 Etenim
1884 3058 1949 3096 ea:
1987 3058 2160 3098 rerum

567 3131 860 3202 cognitione
889 3132 1174 3202 efflorescat
1219 3142 1268 3188 et
1299 3133 1548 3190 redundet
1591 3145 1793 3206 oportet
1828 3137 2028 3202 oratio;
2077 3136 2160 3190 cui

2257 1931 2498 1998 cederet,
2529 1933 2572 1990 si
2603 1933 2794 1990 eadem
2821 1936 3024 1992 veritas
3047 1937 3454 2002 adversantium
3477 1955 3704 2010 quoque
3735 1941 3868 2002 sibi—

2261 2033 2374 2084 met
2399 2041 2497 2082 ore
2523 2026 2817 2084 souuisset.
2849 2026 2958 2082 Aut
2995 2043 3094 2083 cur
3119 2045 3232 2086 non
3257 2029 3374 2086 hinc
3393 2029 3588 2096 eadem
3619 2047 3720 2104 per
3747 2034 3870 2104 phi—

2257 2119 2524 2190 losophos
2551 2121 2706 2177 nobis
2735 2122 2790 2178 in
2819 2139 2972 2178 usum
3001 2124 3118 2178 veri
3157 2125 3371 2190 eminus
3413 2137 3700 2198 procurata
3743 2145 3870 2186 cre-

2259 2213 2484 2280 damus,
2535 2231 2656 2286 qme
2701 2216 2772 2270 ad
2819 2218 3244 2288 redarguendam
3293 2230 3598 2278 nostrorum
3645 2238 3876 2294 quoque

2259 2311 2586 2381 inperitiam
2617 2312 2768 2366 utilia
2797 2311 2918 2369 fore
2949 2315 3370 2384 cognoscimus?
3401 2315 3728 2372 Persuadens
3759 2318 3868 2388 igi-

2261 2411 2352 2468 tur
2387 2404 2442 2459 in
2489 2403 2766 2462 Phaedone
2813 2405 3025 2462 Socrati
3051 2409 3132 2464 sic
3171 2409 3248 2463 ait
3275 2421 3402 2464 vera
3447 2409 3576 2466 ratio
3613 2427 3626 2462 :
3671 2409 3862 2466 Donec

2259 2511 2452 2568 corpus
2477 2496 2778 2564 habemus,
2827 2499 3215 2572 pcnuiutusquo
3261 2503 3330 2556 sit
3359 2503 3452 2555 tuti
3492 2503 3628 2558 male
3681 2515 3872 2558 noster

2261 2593 2490 2658 animus,
2539 2607 2804 2664 nunquam
2831 2607 2946 2659 nos,
2971 2593 3030 2648 id
3073 2593 3214 2664 quod
3245 2595 3361 2667 jam
3381 2595 3507 2650 olim
3545 2597 3876 2668 concupisci-

2263 2697 2398 2752 ω,
2423 2686 2551 2740 satis
2589 2685 2738 2756 pleno
2781 2695 3169 2742 consecuturos.
3213 2684 3640 2753 Concupiscimus
3695 2703 3874 2746 autem

2261 2777 2372 2832 sort
2397 2779 2685 2832 scientiam.
2717 2777 2917 2850 Corpus
2945 2782 3085 2834 enim
3125 2781 3274 2837 nobis
3299 2783 3526 2852 primum
3561 2785 3872 2840 innumeru-

2263 2871 2394 2930 ωια
2413 2881 2464 2926 ct
2485 2873 2720 2944 inﬁnitus
2749 2875 3114 2946 occupationes
3135 2876 3311 2947 infert,
3343 2875 3530 2948 quibus
3549 2879 3874 2934 conterimur

2266 2965 2330 3021 ob
2357 2969 2707 3022 necessarium
2737 2969 2920 3024 victum
2943 2979 2993 3024 et
3021 2969 3324 3024 alimentum
3355 2971 3740 3044 quotidianum.
3769 2973 3874 3029 Be-

2263 3057 2390 3112 inde
2436 3059 2483 3113 si
2521 3061 2616 3130 qui
2655 3058 2820 3114 πιανὸί
2859 3061 3185 3132 ingruerunt,
3207 3061 3584 3132 impedimento
3607 3076 3734 3120 sunt
3773 3083 3870 3138 quo

2265 3152 2440 3206 asinus
2465 3153 2730 3224 inquirere
2757 3161 2808 3206 et
2847 3155 3078 3208 invenire
3101 3155 3374 3210 ceritatem
3399 3159 3684 3227 possimus.
3723 3157 3872 3214 Nam

565 3209 670 3278 nisi
699 3221 870 3278 subest
909 3240 992 3280 res
1017 3225 1078 3278 ab
1110 3234 1315 3284 oratore
1361 3235 1600 3300 percepta
1627 3237 1674 3282 et
1698 3230 1921 3304 cognita,
1953 3230 2156 3288 inanem

2269 3209 2639 3317 ωρέάίιαιξδκε
2679 3253 2728 3300 et
2775 3245 3048 3302 timoribus
3073 3209 3872 3317 ammenti};tanta;

565 3314 844 3386 quamdam
865 3313 1016 3372 habet
1054 3316 1367 3372 locutionem
1387 3329 1436 3374 et
1464 3336 1594 3391 pene
1612 3319 1880 3392 puerilem.
1911 3319 2018 3376 Sed
2037 3319 2162 3376 hinc

567 3403 725 3462 alias.

637 3495 726 3552 Ν.
765 3497 824 3554 In
854 3497 1080 3568 Plizedro
1109 3508 1289 3556 autem
1319 3499 1474 3558 Plato
1503 3503 1570 3560 de
1608 3504 1786 3558 anima
1814 3506 1894 3562 sic
1923 3520 2162 3578 pronun-

574 3587 675 3645 tiat
699 3605 712 3641 :
737 3591 945 3658 Anima,
977 3594 1166 3662 inquit,
1215 3595 1524 3652 immortalis
1563 3607 1658 3664 est,
1684 3614 1797 3674 qua:
1817 3615 2018 3674 semper
2045 3617 2076 3654 a
2103 3617 2160 3658 se

565 3683 683 3754 ipsa
701 3694 946 3750 movetur,
963 3695 1011 3740 et
1039 3687 1156 3742 aliis
1174 3704 1332 3742 causa
1353 3699 1627 3748 metusest.
1645 3691 1853 3763 Corpus
1867 3675 2048 3752 autem
2063 3711 2161 3768 per

565 3790 628 3834 se
649 3791 760 3834 non
787 3787 1052 3834 movetur.
1079 3779 1196 3838 Non
1226 3781 1300 3836 ait
1321 3789 1550 3852 tantum,
1575 3797 1738 3840 movet
1759 3787 1886 3856 alia,
1909 3789 2022 3854 sed,
2039 3791 2158 3846 aliis

565 3885 723 3926 causa
740 3879 908 3926 motus
928 3881 1023 3940 est;
1041 3874 1474 3932 anhnadvertens
1495 3879 1743 3950 equidem
1753 3882 1835 3937 vir
1848 3883 2160 3942 excellentis

564 3961 790 4038 ingenii,
822 3961 938 4020 fore
972 3967 1230 4024 nonnulla
1269 3969 1465 4042 quibus
1500 3971 1570 4028 sit
1611 3975 1816 4030 moveri
1857 3979 2154 4048 proprium,

563 4069 726 4112 causa
740 4065 919 4114 motus
935 4058 1112 4116 alieni.
1136 4059 1404 4133 Quidquid
1415 4067 1560 4120 enim
1570 4067 1872 4124 voluntarie
1887 4079 2154 4142 movetur,

562 4145 743 4220 ipsum
763 4148 876 4206 fere
898 4149 1000 4206 sibi
1021 4168 1182 4208 causa
1203 4164 1382 4212 motus
1407 4167 1508 4213 est.
1523 4158 1678 4228 Quod
1701 4170 1884 4234 autem
1909 4173 2159 4222 movetur

563 4241 650 4296 vel
673 4243 920 4298 nesciens
941 4246 1026 4302 vel
1048 4246 1292 4314 invitum,
1308 4265 1475 4320 penes
1491 4253 1750 4310 scientem
1770 4255 1856 4310 vel
1873 4267 2157 4328 cogentem

565 4345 756 4392 causas
779 4341 960 4390 motus
987 4336 1170 4394 habet.
1203 4338 1314 4396 Nec
1341 4353 1603 4414 repugnat
1649 4346 2008 4406 anterioribus
2053 4366 2156 4406 uo-

566 4423 692 4482 stris
719 4423 1194 4496 disputationibus,
1218 4433 1364 4500 quod
1391 4433 1514 4490 istic
1549 4452 1582 4492 a
1609 4453 1670 4492 se
1687 4440 1894 4498 moveri
1923 4443 2156 4500 animam

2265 3353 2438 3394 rerum
2465 3340 2940 3412 oppetitionumque
2967 3343 3268 3410 visionibus,
3312 3353 3362 3397 et
3389 3345 3598 3416 inﬁnita
3637 3347 3872 3418 qundam

2263 3431 2524 3486 dementia
2545 3449 2732 3504 corpus
2747 3447 3010 3502 oneratur,
3034 3447 3088 3490 ut
3117 3455 3226 3510 pra
3243 3439 3334 3494 illo
3353 3456 3418 3494 ne
3446 3457 3626 3513 sapere
3654 3444 3872 3510 quidem

2211 3581 2213 3583 ,
2261 3523 2376 3578 ulla
2400 3525 2454 3578 in
2483 3539 2539 3578 re
2567 3529 2842 3596 possimus.
2877 3526 2946 3581 Et
2975 3530 3020 3584 si
3049 3531 3256 3600 quando
3305 3541 3503 3603 tempus
3549 3533 3768 3605 aliquod
3795 3539 3872 3590 ad

2261 3616 2732 3688 philosophandum
2749 3635 2967 3675 vacuum
2989 3621 3070 3676 vel
3095 3623 3422 3678 habuerimus
3451 3626 3526 3679 vel
3550 3628 3862 3696 fecerimus,

2261 3717 2384 3763 tunc
2407 3725 2606 3782 quoque
2627 3711 2677 3764 in
2701 3713 2830 3782 ipsis
2857 3713 3248 3784 cegitationibus
3265 3719 3454 3770 nostris
3469 3733 3654 3788 corpus
3671 3719 3852 3772 inter-

2263 3801 2446 3864 currit,
2479 3802 2685 3857 turbam
2711 3817 2947 3860 errorum
2985 3806 3212 3879 inferens
3239 3811 3392 3862 menti
3407 3851 3422 3875 ,
3447 3819 3506 3863 ut
3541 3807 3850 3868 obctccante

2259 3889 2354 3946 illo
2407 3894 2675 3947 ceritatem
2721 3897 2986 3965 perridere
3015 3913 3118 3952 non
3159 3899 3426 3967 possimus.
3453 3897 3634 3970 Itaque
3679 3917 3861 3956 unum

2263 3985 2360 4040 hoc
2379 3983 2432 4040 in
2453 3989 2594 4040 omni
2619 3989 2902 4058 quaestione
2925 3992 3092 4058 nobis,
3117 4002 3164 4046 et
3185 3992 3240 4046 id
3257 3995 3462 4065 quidem
3475 3993 3864 4054 euidentissime

2261 4079 2528 4150 probatur.
2563 4081 2624 4136 Si
2655 4081 2778 4152 quid
2805 4099 3033 4156 unquam
3054 4085 3190 4140 bona
3211 4085 3317 4158 [ide
3347 4089 3478 4142 scire
3498 4087 3750 4156 volumus,
3775 4105 3872 4144 re—

2261 4173 2546 4228 cedendum
2561 4189 2674 4230 esse
2702 4191 2734 4230 a
2753 4193 2988 4248 corpore,
3019 4189 3070 4234 et
3087 4181 3150 4254 in,
3166 4181 3280 4252 ipso
3306 4183 3481 4238 animo
3509 4199 3590 4238 res
3623 4183 3866 4239 conside-

2262 4267 2477 4321 randas.
2515 4265 2656 4322 Tunc
2685 4272 2821 4324 enim
2849 4271 3078 4326 ridemur
3106 4277 3434 4330 consecuturi
3473 4259 3616 4346 quod
3661 4294 3862 4336 concu-

2261 4359 2525 4430 piscimus,
2558 4371 2607 4416 et
2658 4363 2807 4434 cujus
2853 4363 2930 4418 rei
2955 4375 3214 4422 nutritores
3257 4381 3354 4422 nos
3381 4369 3706 4440 profitentur,
3741 4387 3862 4426 cum

2263 4451 2496 4524 defuncti
2523 4455 2718 4508 erimus
2743 4472 2761 4509 :
2792 4472 2914 4510 nam
2943 4457 3063 4512 dum
3093 4459 3326 4524 vivimus,
3345 4460 3726 4530 desperandum
3756 4471 3858 4518 est.

566 4513 813 4624 dicimus,
1039 4521 1387 4624 principal-em
1429 4528 1734 4624 motionum
1781 4533 2057 4590 cardinem
2101 4537 2156 4592 in
2182 4613 2231 4624 _
2263 4540 2473 4598 Etenim
2488 4545 2531 4598 si
2553 4557 2752 4600 constat
2779 4549 2908 4602 nihil
2927 4551 3118 4604 sinceri
3145 4551 3364 4604 mixtum
3389 4555 3598 4624 corpori
3624 4555 3862 4609 animum

563 4603 678 4714 1)(ξο
699 4622 819 4714 θξξθ
840 4609 1100 4714 άίίξδωυδι
1133 4613 1494 4714 Ουοιιίδωᾎ-ίιξ
1527 4621 1702 4690 ipsum
1731 4623 1844 4682 Γθΐθ
1869 4642 1902 4682 εἰ
1929 4625 2042 4682 Deo
2077 4629 2158 4690 illi
2182 4613 2238 4680 Ῑ)
2261 4639 2528 4710 pervidere
2555 4656 2736 4710 posse;
2771 4643 3000 4714 sequitur
3043 4643 3372 4710 alterutrum,

564 4708 667 4766 est,
689 4709 749 4755 ut
775 4707 968 4773 ‘sponte
995 4713 1306 4774 moveatur;
1340 4709 1586 4770 videlicet
1617 4717 1834 4774 utsicut
1857 4733 2020 4784 causa
2039 4737 2158 4786 mo-

563 4799 652 4852 tus
672 4797 836 4856 animi
867 4798 1116 4860 voluntas
1141 4811 1224 4858 est
1251 4802 1388 4876 ejus,
1412 4805 1490 4864 sic
1511 4806 1826 4866 substantias
1841 4826 1962 4881 qua:
1991 4816 2157 4878 utitur

561 4885 862 4958 voluntate,
887 4907 1047 4950 causa
1075 4895 1146 4950 sit
1165 4894 1326 4952 Deus.
1359 4897 1495 4966 Quia
1520 4901 1623 4966 etsi
1645 4918 1806 4976 posse
1833 4906 1971 4968 velle
1999 4909 2156 4970 nobis

562 4993 634 5058 es.
652 4979 765 5038 Deo
795 4991 892 5050 est,
938 5002 1044 5042 non
1072 4991 1248 5046 omnis
1285 4992 1581 5052 voluntatis
1608 5005 1808 5060 nostris
1841 5011 2022 5058 motus
2047 5005 2154 5064 erit

562 5085 628 5132 ex
676 5069 809 5128 Deo.
845 5072 939 5130 Vel
969 5083 1095 5132 tunc
1135 5067 1268 5136 reor.
1305 5101 1317 5136 :
1361 5099 1481 5142 cum
1517 5089 1798 5148 voluntate
1843 5109 2150 5165 peccantis,

564 5165 734 5220 nostri
761 5179 920 5222 causa
945 5177 1126 5242 motus
1145 5186 1214 5226 ex
1233 5175 1390 5232 nobis
1403 5187 1504 5244 est,
1527 5196 1596 5236 ne
1609 5191 1954 5252 peccaturum
1981 5189 2152 5248 Deum

560 5253 818 5314 faciamus
841 5269 1140 5318 auctorem.
1169 5263 1428 5332 Quocirca
1458 5271 1502 5326 si
1526 5288 1722 5344 corpus
1749 5293 1780 5330 a
1807 5293 1870 5336 se
1891 5297 2000 5338 non
2027 5299 2148 5344 mo-

561 5356 734 5416 vetur,
768 5359 824 5410 et
851 5368 1048 5426 corpus
1077 5371 1186 5412 non
1208 5367 1291 5414 est
1318 5361 1462 5432 quod
1487 5363 1592 5420 sibi
1619 5381 1780 5426 causa
1805 5381 1985 5429 motus
2013 5384 2099 5436 est
2129 5397 2164 5431 εΔ

561 5443 684 5543 quia
703 5445 756 5543 in
767 5461 824 5502 se
837 5463 928 5543 mo
931 5457 1015 5504 tus
1035 5451 1116 5506 sui
1130 5468 1318 5510 causas
1329 5455 1490 5513 habet
1503 5459 1698 5530 anima,
1715 5481 1822 5522 non
1833 5477 1916 5526 est
1927 5475 2156 5543 corpus:

633 5533 700 5635 γ’.
731 5535 876 5635 Idem
895 5537 1049 5635 Plato
1081 5543 1136 5600 in
1161 5545 1302 5604 libro
1329 5563 1494 5620 quem
1519 5559 1864 5631 περὶφύσεως
1891 5533 2106 5635 scripsit
2131 5586 2146 5622 :

563 5623 769 5694 Anima,
802 5629 991 5701 inquit,
1047 5637 1390 5696 animantium
1437 5647 1667 5703 omnium
1714 5656 2001 5724 corporalis
2041 5676 2148 5718 non

636 5807 663 5837 ⁸
681 5797 794 5870 AL,
816 5803 1030 5862 editum.
1063 5809 1174 5876 AL,
1202 5813 1400 5874 editum
1424 5830 1578 5882 esset.

2261 4747 2388 4800 pore
2431 4747 2524 4784 uec
2557 4747 2778 4804 usquam
2801 4733 3104 4806 contingere
3137 4737 3334 4790 homini
3369 4753 3546 4792 verum
3581 4739 3862 4793 scientiam

2261 4839 2434 4892 posse,
2467 4833 2554 4878 aut
2577 4834 2697 4879 tunc
2727 4825 2930 4882 demum
2975 4843 3090 4884 cum
3135 4833 3510 4886 excesserimus
3537 4849 3566 4886 ε
3591 4835 3716 4887 vita.
3749 4832 3864 4886 De-

2262 4917 2558 4988 funcsorum
2579 4920 2718 4974 enim
2745 4923 2954 4976 animus
2975 4921 3106 4976 iiber
3125 4931 3222 4990 est,
3265 4933 3318 4979 et
3336 4923 3536 4980 solutus
3555 4943 3588 4978 a
3615 4941 3860 4993 corpore.

2261 5007 2344 5064 Eo
2363 5017 2537 5066 autem
2557 5019 2787 5080 tcntporc
2815 5029 2916 5084 quo
2945 5016 3184 5082 trivimus,
3225 5017 3302 5070 ita
3329 5017 3536 5072 demum
3565 5021 3860 5090 appromit-

2263 5102 2532 5174 qrtabiutus
2559 5105 3034 5179 appiicabimurquo
3059 5109 3309 5174 scientia,
3337 5111 3384 5164 si
3411 5109 3546 5164 nihil
3583 5121 3676 5164 aut
3701 5125 3864 5184 quam

2261 5198 2533 5258 minimum
2553 5211 2768 5270 corpore
2795 5209 3000 5256 utamur
3015 5241 3030 5268 ,
3055 5217 3218 5274 neque
3243 5202 3298 5257 in
3327 5203 3574 5258 societate
3593 5203 3730 5275 ejus,
3755 5203 3868 5258 nisi

2261 5303 2514 5365 quatenus
2561 5309 2765 5352 necesse
2803 5305 2902 5362 est,
2941 5297 3172 5351 animum
3219 5297 3560 5352 dimittamus.
3589 5297 3680 5352 Ita
3721 5300 3866 5354 enim

2263 5388 2476 5442 minime
2495 5387 2808 5459 replebimur
2831 5392 3014 5446 vitiosa
3037 5391 3430 5463 turbulentaque
3447 5401 3642 5447 natura
3665 5407 3870 5464 carpo-

2259 5481 2356 5548 ris,
2377 5481 2468 5537 sed
2485 5483 2602 5553 puri
2619 5499 2654 5536 α
2675 5485 2984 5556 contagione
2995 5485 3129 5556 ejus,
3145 5485 3202 5540 in
3217 5493 3466 5558 quantum
3484 5487 3660 5558 facere
3673 5503 3872 5562 possu—

2259 5589 2395 5642 mus,
2423 5575 2636 5630 erimus.
2665 5574 2738 5629 Et
2761 5577 2808 5630 si
2831 5577 2910 5632 ita
2937 5577 3227 5649 fecerimus,
3243 5575 3538 5649 incorrupti
3562 5577 3876 5649 sincerique

2260 5667 2629 5740 digredientes,
2641 5669 2710 5725 ad
2729 5671 2906 5728 omnia
2927 5669 3230 5727 incorruota
3253 5672 3560 5746 sinceraque
3569 5671 3878 5730 veniemus.
