2070 3173
199 144 252 173 ’149

795 144 839 177 DE
858 141 970 173 ετΑτυ
991 145 1110 175 ΜΔΕ
1130 147 1194 177 LIB.
1214 147 1246 176 Il.

1784 152 1838 182 750

235 202 277 230 Vl.
292 200 356 230 Haec
380 202 413 231 ad
427 202 539 232 verbum
552 210 585 230 ex
607 201 715 239 dialogo
727 202 882 239 philosophi
897 203 992 231 admo—
1006 209 1027 234 Α
1043 205 1168 239 quiverit,
1182 209 1211 232 et
1233 206 1293 234 aliis
1311 204 1433 241 ignorata
1453 207 1506 242 ait;
1520 215 1581 239 eun
1591 209 1648 238 veri
1662 217 1774 246 mp0s
1787 211 1838 241 hu-

197 248 262 276 dum
275 248 403 284 principis
416 249 599 284 excerpenda,
616 253 698 284 atque
712 249 775 277 huic
800 251 895 278 nostro
918 250 991 278 inse-

196 294 282 323 renda
296 294 425 322 volumini
436 299 509 321 ratus
523 303 591 322 sum.
607 295 666 322 Non
680 295 814 323 arbitrans
828 295 886 323 fore
897 303 991 330 quem-

197 341 271 378 piam
285 341 473 369 illectamentis
481 340 646 369 fallaciarum
661 342 845 377 corporalibus
859 342 992 370 obsistere

198 388 318 421 solitum,
339 388 384 423 qui
402 388 482 416 hasce
502 389 694 424 repugnantias
708 389 735 417 in
759 389 906 425 semetipso
927 397 991 417 sen-

197 435 279 466 tiens,
296 433 441 470 disparium
469 438 627 462 naturarum
650 435 771 470 corporis
796 438 878 470 atque
897 434 989 468 animi,

196 483 268 508 teste
279 488 308 508 se
323 480 349 507 in
361 479 415 507 hoc
425 480 510 516 ipsum
525 480 585 513 sibi,
602 480 757 508 indiscussis
770 480 895 515 equidem
912 480 991 515 longe

195 526 307 554 maximi
318 526 389 553 inter
403 525 581 562 philosophos
595 526 645 553 viri
660 526 887 562 disputationibus
898 534 991 561 assen—

194 573 288 605 tiatur,
306 573 429 607 interque
442 573 562 601 animum
572 581 723 609 corpusque
733 581 810 601 suum
824 574 937 609 przeside
951 582 992 602 ra-

194 620 270 648 tione
293 620 436 656 disceptet.
460 619 593 654 Quidnam
613 621 647 648 sit
672 620 735 648 illud
755 620 837 656 quod,
853 624 882 649 ut
905 621 990 654 aiunt,

194 673 344 703 corporeus
371 666 477 694 animus
501 666 535 693 ab
559 666 632 694 omni
660 666 817 695 inventione
831 671 991 695 occursante

193 713 247 741 sibi
261 720 369 749 semper
383 713 494 741 extrarii
514 713 636 749 corporis
647 713 827 749 pnepediatur
840 713 989 742 obstaculo.

194 760 249 788 Aut
262 768 309 788 cur
319 760 474 795 extrarium‘
483 768 582 796 corpus
601 761 628 788 in
644 764 747 788 reatum
760 765 848 792 vocet,
864 761 936 795 quod
946 768 991 790 Se-

194 810 252 834 met
263 815 277 833 a
298 807 527 842 contemplatione
543 807 597 835 veri
613 810 733 839 revocet,
744 814 803 834 cum
821 806 872 834 sibi
887 806 944 841 ipse
956 807 993 834 sit

194 853 397 890 impedimento,
414 853 436 880 si
451 860 549 888 corpus
563 856 614 880 est.
631 852 684 879 Sed
704 860 785 889 super
807 852 849 879 his
870 860 925 879 non
949 861 992 880 ar-

1043 259 1122 278 mana
1137 252 1287 280 substantia
1300 261 1357 283 non
1367 254 1404 282 ait
1413 255 1534 289 regione.
1549 255 1597 285 sed
1611 263 1719 291 genere,
1735 257 1837 286 Roma-

1043 306 1092 326 nos
1115 299 1197 326 etiam
1211 300 1375 335 eosdemque
1398 301 1577 337 philosophos
1600 307 1684 332 testes
1711 305 1836 338 citemus,

1043 345 1113 379 apud
1127 353 1196 379 quos
1209 345 1318 374 Sextius
1337 351 1415 382 pater
1428 347 1592 383 Sextiusque
1616 349 1685 378 lilius
1700 358 1836 385 propenso

1043 391 1070 419 in
1084 392 1244 420 exercitium
1267 393 1408 428 sapientia:
1421 394 1510 422 studio
1524 395 1645 430 apprime
1655 395 1838 432 philosophati

1042 441 1114 470 sunt,
1131 441 1211 472 atque
1223 437 1295 466 hanc
1305 446 1388 473 super
1402 440 1476 467 omni
1491 440 1580 467 anima
1595 441 1712 469 attulere
1726 446 1838 470 senten-

1044 483 1108 511 tiam
1120 493 1126 510 :
1143 483 1332 521 lncorporalit,
1342 485 1476 520 inquiunt.
1489 487 1573 516 omnia
1588 491 1626 515 ert
1635 488 1734 520 enim,
1749 489 1841 516 atilla-

1043 530 1108 558 cah't
1126 535 1204 567 atque
1216 531 1404 566 indepran
1417 533 1455 560 sit
1470 533 1602 568 quietiam,
1614 542 1672 569 qua
1685 534 1741 562 sine
1754 536 1839 570 spatio

1042 584 1138 612 copas,
1150 584 1244 611 corpus
1257 577 1345 605 haurit
1355 582 1380 605 et
1394 579 1517 606 continet.
1534 579 1629 610 Acrius
1643 580 1696 613 isti,
1711 580 1738 607 ni
1748 580 1837 613 fallor,

1043 622 1181 650 abstrusas
1202 631 1293 650 rerum
1307 623 1428 654 rationes
1447 624 1562 658 ingressi
1587 630 1659 658 tum,
1673 633 1753 660 quam
1768 634 1838 654 non-

1043 669 1109 696 nulli
1132 673 1282 703 nostrates.
1307 671 1354 705 qui
1373 671 1544 701 cubiculariis
1562 671 1789 707 disputationibus
1806 673 1839 700 de

1042 715 1196 743 sublimium
1217 717 1316 752 indage
1332 725 1471 747 causarum
1495 718 1596 753 aliquid
1614 719 1793 754 soporiferum
1813 720 1840 746 in

1044 760 1149 788 lectulis
1171 761 1327 795 oscitantes,
1345 762 1512 797 pet-pellente
1527 763 1604 798 copia
1620 764 1769 799 tepentium
1784 772 1840 794 nae-

1044 807 1160 840 niarum,
1175 807 1275 835 stolido
1303 807 1445 835 laudatore
1468 812 1628 838 veternosus
1652 810 1763 837 aniliurn
1782 810 1841 845 opi-

1044 853 1156 881 nionum
1166 854 1335 889 suspiciones
1348 854 1512 887 edormiunt,
1535 855 1715 890 innexamque
1729 856 1841 884 visceri-

195 898 384 936 gumentabor.
398 897 456 934 Ipsa
471 906 519 934 per
532 906 562 926 se
577 898 703 926 nimirum
721 897 821 925 veritas
836 896 930 930 claret,
942 904 994 926 nec
1010 902 1033 931 Β
1044 901 1096 929 bus
1119 901 1249 934 animam,
1261 901 1385 936 corporis
1400 901 1525 929 claustris
1547 901 1648 929 includi
1667 906 1696 929 et
1709 903 1841 930 contineri

171 943 174 946 ’
196 949 358 973 ornamento
370 949 416 971 aut
440 944 597 979 adiumento
617 943 787 971 extrinsecus
807 942 919 977 indiget,
933 951 993 979 qua:

194 997 225 1023 et
236 992 375 1029 pulchrior
385 995 413 1019 et
428 990 523 1031 fortior
536 990 607 1018 nuda
619 995 669 1018 est.
680 989 749 1021 Hinc
761 995 870 1024 egomet
885 990 992 1018 testium

194 1046 317 1068 meorum
334 1036 480 1064 indefensis
493 1036 628 1067 hactenus
651 1035 717 1063 mihi
738 1035 902 1063 testimoniis
917 1039 994 1063 uten-

194 1084 259 1113 dum
283 1088 358 1112 ratus
373 1090 449 1114 sum;
473 1082 536 1117 quia
550 1089 635 1116 penes
650 1081 711 1110 illos
735 1085 850 1114 tantum,
865 1081 911 1116 qui
935 1085 994 1109 toto

194 1132 236 1160 sui
251 1131 395 1159 admodum
409 1137 508 1165 corpus
521 1132 594 1161 sunt,
611 1128 644 1155 de
658 1128 733 1156 hisce
747 1128 869 1156 veritatis
883 1127 995 1156 vadibus

195 1178 387 1206 dubitabimus.

230 1223 285 1251 νυ.
309 1223 408 1250 Verum
434 1221 499 1255 quid
519 1220 564 1249 hic
589 1219 660 1249 idem
686 1218 764 1248 Plato
779 1220 807 1247 in
830 1219 992 1256 Hipparcho,

196 1270 263 1308 quid.
275 1270 302 1297 in
326 1267 455 1299 Lachete,
468 1267 495 1295 in
516 1266 675 1302 Protagora,
691 1267 719 1294 in
734 1266 886 1304 Symposio,
902 1267 930 1295 in
949 1267 994 1294 Al-

197 1315 312 1348 cibiade,
325 1315 352 1341 in
364 1314 471 1350 Gorgia,
486 1314 514 1341 in
528 1313 655 1347 Critone;
670 1313 733 1349 quid
744 1314 773 1342 in
788 1313 895 1346 Timaeo,
912 1315 993 1342 etiam

198 1369 260 1390 arce
281 1361 395 1396 quadam
415 1365 443 1389 et
457 1365 469 1379 ⁸
481 1360 598 1397 quodam
618 1360 796 1396 philosophia
820 1361 931 1394 vertice,
959 1362 992 1390 de

195 1407 285 1435 anima
299 1406 521 1442 pronuntiaverit,
537 1405 641 1441 placita;
654 1405 795 1433 brevitatis
815 1407 901 1440 gratia
922 1407 991 1435 mis-

194 1461 254 1482 sum
269 1453 347 1480 facio.
368 1451 460 1487 Neque
479 1452 553 1480 enim
573 1451 658 1479 refert
680 1451 713 1479 ad
733 1452 901 1487 agnitionem
924 1453 991 1485 veri,

195 1499 259 1536 quid
272 1498 305 1526 de
320 1498 416 1526 eodem
436 1498 535 1533 saepius
558 1498 672 1535 quisque
696 1498 805 1530 dixerit,
826 1505 909 1533 quam
929 1498 993 1532 quid

194 1546 310 1574 senserit
333 1552 464 1580 qumrere.
479 1544 547 1578 Quia
571 1544 599 1571 in
613 1551 685 1580 saepe
710 1544 789 1571 dictis
812 1551 861 1572 nec
886 1544 994 1572 uberior

1044 947 1203 976 decernunt.
1211 947 1264 976 Sed
1274 948 1344 976 istuc
1356 947 1498 982 imperitia
1508 948 1565 976 veri
1573 955 1663 975 vacum
1675 947 1841 981 ﬁgmentum,

1045 997 1126 1029 prout
1140 993 1262 1021 locorum
1277 994 1348 1022 ratio
1362 993 1498 1028 poposcit.
1510 996 1539 1021 et
1552 994 1693 1028 superiore
1707 993 1776 1021 libro
1789 994 1843 1021 dis-

1044 1039 1188 1071 cussimus,
1199 1043 1228 1067 et
1240 1039 1352 1074 prolatis
1366 1046 1439 1067 nunc
1452 1046 1620 1067 summorum
1634 1039 1739 1073 magnis
1749 1043 1842 1067 aucto~

1045 1092 1105 1112 rum
1120 1084 1294 1117 testimoniis,
1304 1084 1332 1112 in
1344 1092 1402 1112 rem
1412 1084 1453 1112 sui
1467 1085 1546 1112 nobis
1560 1084 1711 1119 opitulante
1717 1084 1842 1117 veritate,

1045 1130 1159 1157 rationis
1170 1137 1280 1164 quoque
1304 1129 1317 1149 δ
1338 1129 1440 1157 viribus
1454 1129 1610 1161 reiellinius.
1632 1129 1668 1158 Μ.
1684 1129 1780 1163 Varro,
1802 1131 1842 1160 sui

1045 1175 1137 1203 seculi
1150 1176 1340 1210 peritissimus,
1357 1179 1385 1204 et
1399 1179 1470 1204 teste
1485 1175 1574 1203 Tullio
1589 1175 1710 1204 omnium
1725 1175 1784 1204 sine
1795 1175 1844 1203 du-

1044 1221 1177 1249 bitatione
1188 1221 1370 1255 doctissimus,
1386 1221 1450 1256 quid
1463 1222 1491 1251 in
1504 1222 1624 1255 musicis.
1639 1222 1704 1257 Quid
1717 1222 1745 1250 in
1759 1221 1843 1251 arith-

1044 1268 1159 1299 meticis,
1175 1267 1239 1302 quid
1249 1268 1277 1295 in
1286 1268 1466 1302 geometricis,
1483 1273 1493 1287 ε
1508 1268 1573 1302 quid
1585 1268 1614 1297 in
1627 1269 1844 1305 φιλοσοφουμένων

1043 1315 1119 1350 libris
1132 1315 1221 1343 divina
1236 1315 1352 1350 quadarn
1376 1315 1561 1350 disputatione
1583 1315 1733 1348 contendit,
1748 1314 1800 1343 nisi
1814 1318 1843 1343 ut

1043 1369 1059 1389 a
1073 1362 1223 1391 visibilibus
1238 1362 1273 1390 ad
1289 1362 1443 1394 invisibilia,
1464 1370 1480 1389 a
1495 1362 1625 1389 localibus
1639 1361 1673 1388 ad
1688 1361 1815 1395 illocnlia,
1827 1368 1842 1389 a

1043 1409 1185 1443 corporeis
1199 1408 1240 1435 ad»
1252 1408 1423 1442 incorporea.
1440 1408 1515 1435 miris
1529 1406 1542 1426 ιι
1557 1411 1667 1436 mter-n2
1679 1407 1745 1434 artis
1755 1406 1843 1434 modis

1043 1455 1184 1483 abstrahat
1197 1454 1328 1486 animum,
1342 1457 1371 1481 et
1383 1454 1410 1481 in
1424 1460 1549 1487 corpora,
1564 1452 1618 1480 hoc
1632 1452 1714 1480 estin
1729 1451 1842 1479 adversa

1043 1501 1094 1529 sibi
1107 1501 1239 1535 dilapsum
1253 1500 1296 1529 sui
1314 1503 1468 1536 compotem
1482 1499 1581 1527 faciat?
1595 1498 1645 1526 Cui
1655 1499 1678 1527 ai
1689 1506 1789 1534 corpus
1799 1507 1842 1526 es-

1044 1551 1096 1580 set,
1108 1554 1207 1582 corpus
1215 1546 1357 1575 adversum
1367 1553 1427 1574 esse
1438 1554 1494 1575 non
1505 1549 1607 1582 posset.
1624 1545 1693 1578 Quid
1709 1553 1759 1580 ego
1769 1553 1842 1573 nunc

194 1596 238 1622 est
251 1591 371 1627 cognitio
384 1599 484 1623 rerum,
499 1598 579 1626 quam
593 1591 630 1618 sit
645 1590 786 1626 prolixitas
804 1598 920 1619 onerosa
930 1598 990 1619 ver-
1003 1593 1024 1624 C
1041 1593 1188 1627 Zoroastri,
1200 1593 1265 1628 quid
1279 1592 1474 1622 Brachmanum
1485 1601 1521 1621 ex
1533 1592 1618 1624 india,
1627 1592 1690 1627 quid
1706 1592 1841 1619 Aracha...

194 1639 300 1667 borum.
318 1638 489 1673 Quapropter
502 1637 531 1665 in
544 1637 737 1666 astrucu‘onem
750 1637 806 1665 veri
822 1638 908 1672 magis
923 1645 989 1667 con-

194 1684 366 1714 siderandum
379 1687 442 1717 est,
451 1684 515 1721 quid
539 1691 621 1713 unum
642 1683 719 1711 multi
744 1683 886 1717 senserint,
907 1691 988 1719 quam

194 1731 259 1767 quid
272 1739 341 1759 unus
354 1738 427 1766 saepe
441 1730 549 1758 dixerit.
565 1729 622 1765 Ego
637 1734 729 1759 tamen
743 1729 896 1764 Platonem,
908 1736 990 1766 prout

194 1785 254 1806 mea
268 1778 361 1813 opinio
376 1781 426 1811 est,
438 1777 662 1814 philosophorum
674 1777 793 1811 omnium
806 1778 905 1809 merito
915 1779 989 1813 prin-

193 1824 290 1860 cipem,
303 1824 331 1852 in
340 1824 479 1858 negotium
487 1831 604 1860 praesens
610 1824 789 1852 admiratione
796 1824 837 1852 sui
847 1824 988 1859 pellectus,

194 1874 291 1898 testem
305 1878 377 1906 saepe
389 1870 505 1903 vocitavi
514 1879 521 1903 ;
530 1870 679 1906 quamlibet
687 1878 748 1904 qure
758 1870 834 1905 plura
846 1870 906 1898 istic
918 1871 987 1905 eju-

194 1916 254 1944 dem
273 1916 356 1950 legas,
376 1916 524 1944 innumeris
545 1919 703 1950 comparata
723 1923 783 1950 quae
803 1923 886 1951 super
901 1916 989 1944 anima

195 1962 360 1994 dissertavit,
386 1969 470 1997 pauca
495 1961 639 1988 admodum
651 1969 775 2000 censeas.
790 1961 844 1989 Sed
858 1969 909 1990 nec
922 1961 990 1990 Por-

195 2008 306 2044 phyrius
327 2007 492 2040 Platonicus,
506 2008 598 2035 multis
617 2012 680 2041 post
693 2007 835 2036 Platonem
847 2008 960 2040 saeculis,
976 2017 992 2036 a

195 2054 325 2088 magistro
336 2054 440 2089 uspiam
455 2053 483 2081 in
496 2053 549 2086 hac
561 2053 659 2085 eadem
682 2061 764 2081 causa
778 2053 914 2082 dissensit.
930 2053 991 2081 lllu-

194 2099 243 2128 stri
257 2100 357 2135 quippe
372 2107 439 2127 voce
453 2106 539 2134 genus
561 2099 710 2127 humanum
724 2107 780 2128 sua:
791 2100 929 2134 dignitatis
943 2101 991 2128 ad-

195 2145 319 2173 monuit:
344 2145 375 2173 Si
395 2145 474 2178 beo’li,
489 2145 591 2180 inquit,
617 2153 673 2177 esse
695 2146 819 2178 uolumus,
842 2154 935 2181 corpus
955 2151 991 2174 est

193 2200 269 2220 omne
282 2192 443 2228 fugiendum.
466 2191 515 2220 Est
526 2199 592 2226 ergo
616 2192 807 2227 incorporeum
827 2193 953 2227 quiddam
965 2194 992 2221 in

194 2238 282 2271 nobis,
298 2238 341 2265 cui
356 2237 469 2265 adversa
483 2238 606 2273 corporis
618 2238 735 2270 universi
749 2239 875 2273 contagio
889 2243 940 2267 est.
957 2239 991 2266 Et

1040 1640 1078 1669 sia
1090 1647 1107 1669 θ
1120 1638 1244 1675 Scythia,
1254 1639 1318 1674 quid
1331 1647 1395 1667 vero
1404 1638 1551 1672 Catonum,
1562 1638 1627 1672 quid
1639 1638 1674 1664 It.
1690 1637 1841 1670 Ciceronis,

1039 1685 1105 1721 quid
1116 1684 1261 1721 Chrysippi
1277 1685 1334 1720 (qui
1349 1685 1382 1713 ab
1395 1685 1456 1720 ipso
1467 1692 1537 1719 pene
1547 1683 1681 1719 principio
1695 1684 1736 1710 sui
1750 1684 1841 1718 operis

1039 1732 1132 1763 animo
1145 1730 1304 1760 dominandi
1315 1730 1361 1764 ius
1375 1730 1480 1764 tribuit,
1486 1729 1594 1763 corpori
1604 1729 1692 1761 legem
1703 1728 1840 1757 servitutis

1039 1777 1175 1813 imponit)
1201 1778 1230 1805 in
1253 1776 1441 1805 defensionem
1464 1775 1521 1803 veri
1541 1775 1693 1803 sententias
1711 1774 1841 1802 aferant?

1039 1824 1110 1857 Quid
1119 1823 1193 1852 orbis
1207 1822 1325 1851 universi
1339 1822 1374 1850 de
1384 1822 1482 1850 animae
1493 1825 1568 1850 statu
1580 1820 1659 1849 nob'u
1672 1828 1839 1856 concrepare

1038 1869 1180 1905 judicium,
1197 1869 1225 1896 in
1239 1868 1282 1897 his
1294 1868 1426 1897 duntaxat
1439 1868 1485 1902 qui
1501 1868 1599 1896 merito
1615 1866 1750 1899 enituere,
1766 1874 1834 1894 eon-

1041 1916 1147 1946 vincam
1157 1915 1169 1941 ?
1499 1936 1502 1939 .

1352 1958 1467 1987 CAPUT
1486 1959 1532 1987 1X.

1080 2007 1271 2035 Eccieaiasticis
1285 2005 1431 2035 doctoribus
1443 2006 1526 2033 utitur
1540 2003 1647 2033 testibus
1661 2004 1694 2031 de
1707 2004 1804 2033 nni-ue

1324 2041 1545 2076 incorporalitate.

1079 2101 1100 2132 l.
1120 2099 1345 2139 Facile‘prol'ecto
1359 2100 1412 2127 hoc
1426 2099 1497 2127 idem
1515 2099 1588 2127 tactu
1603 2099 1668 2127 mihi
1683 2103 1771 2132 esset,
1786 2100 1838 2127 uti

1044 2147 1124 2182 adjici
1146 2147 1293 2182 quaepiam,
1319 2149 1412 2173 coacta
1432 2145 1540 2173 testium
1562 2145 1639 2173 turba
1655 2153 1710 2175 non
1724 2145 1835 2180 sineret,

1044 2198 1071 2221 et
1085 2194 1175 2221 divina
1193 2192 1247 2226 jam
1268 2200 1339 2219 nunc
1357 2192 1465 2219 oracula
1485 2191 1604 2226 pandere
1619 2192 1661 2219 vel
1676 2195 1781 2228 tempus
1795 2193 1837 2221 fo—

1044 2234 1095 2271 ret,
1113 2239 1155 2267 vel
1169 2239 1239 2267 ratio
1254 2242 1449 2266 commoneret.
1474 2238 1562 2273 Atque
1576 2242 1606 2266 ut
1619 2238 1653 2266 ad
1668 2239 1742 2274 ipsos
1754 2240 1837 2268 εαιε-

194 2282 260 2318 quid
273 2282 343 2310 istud
358 2283 420 2315 erit,
436 2283 488 2311 nisi
501 2283 591 2318 imago
605 2283 672 2311 Dei?
691 2287 720 2312 et
737 2284 801 2319 quid
826 2285 914 2319 imago
930 2285 987 2318 Dei,
1006 2288 1029 2318 Ι)
1041 2287 1121 2315 stium
1145 2285 1309 2313 voluminum
1333 2284 1421 2312 fontes
1445 2284 1498 2311 illis
1521 2283 1578 2312 fere
1602 2284 1716 2312 ducibus
1738 2285 1784 2319 qui
1804 2292 1838 2314 σι

194 2331 247 2358 nisi
258 2330 391 2358 humanus
405 2330 528 2359 animus?
542 2331 588 2365 qui
601 2331 624 2361 si
638 2331 666 2358 in
686 2334 803 2366 corpore
813 2332 909 2360 beatus
927 2340 987 2361 esse

194 2384 251 2406 non
263 2380 363 2411 potest,
378 2381 406 2405 et
418 2377 594 2412 incorporeus
607 2385 663 2406 non
676 2382 727 2411 est,
743 2386 879 2414 nunquam
892 2379 987 2408 beatus

171 2425 175 2431 '
194 2423 256 2460 erit,
271 2423 318 2459 qui
331 2422 390 2461 sine
403 2430 433 2451 se
447 2431 503 2452 non
514 2423 576 2451 erit.

489 2469 603 2503 CAPUT
623 2470 688 2499 νιιι.

194 2515 321 2545 Romani;
330 2516 493 2552 philosophia
508 2517 592 2577 litauit;
601 2516 706 2577 t‘estibur
717 2516 748 2543 de
764 2517 860 2545 animus
868 2518 988 2552 incorpo—

531 2560 544 2577 τ
573 2559 581 2577 t
594 2560 609 2577 a
621 2559 644 2577 ε.

531 2555 644 2578 ralttate.

231 2609 411 2641 Plurimorum
425 2610 454 2638 in
473 2609 611 2644 negotium
630 2615 749 2643 praesens
763 2607 986 2643 philosophorum

195 2656 318 2691 plurimis
331 2656 496 2687 tesﬁmoniis
507 2655 547 2685 usi
557 2662 658 2686 manus.
674 2654 829 2689 multosque
844 2661 878 2682 ex
890 2654 987 2683 eadem

193 2701 307 2735 Gracia,
321 2702 345 2730 si
358 2702 401 2730 vel
413 2710 495 2730 caiisa
510 2705 634 2736 posceret
650 2701 692 2729 vel
706 2701 776 2729 ratio
799 2701 912 2734 sineret,
925 2709 988 2736 pro-

193 2748 265 2779 ferre
279 2756 430 2784 possemus.
445 2748 500 2777 Sed
514 2755 548 2776 ne
562 2748 686 2777 localiter
707 2748 849 2776 veritatem
862 2747 988 2782 quiasisse

193 2794 344 2828 uideantur,
359 2798 389 2822 ut
402 2794 461 2825 haec
473 2794 570 2824 eadem
580 2794 615 2823 ab
623 2801 674 2823 una
686 2797 793 2824 tantum
808 2792 894 2822 videri
907 2797 988 2827 gente

230 2860 245 2893 ξ
316 2857 442 2893 omittunt
456 2855 579 2893 quodam.

230 2890 481 2926 immanibus.

1041 2333 1142 2362 eisdem
1157 2332 1257 2366 largius
1267 2331 1381 2359 hausere
1395 2331 1544 2362 veniamus,
1561 2330 1706 2363 Gregorius
1720 2330 1834 2360 Nazian-

1042 2387 1123 2409 zenus
1138 2380 1165 2407 in
1179 2378 1355 2413 Apologeu'eo
1368 2397 1375 2410 ,
1400 2384 1525 2411 agnum
1549 2376 1675 2405 videlicet
1694 2376 1766 2405 inter
1779 2379 1837 2406 ani-

1042 2434 1114 2454 mam
1137 2429 1164 2454 et
1186 2432 1287 2459 corpus
1309 2424 1408 2451 clamat
1431 2430 1492 2450 esse
1515 2422 1678 2457 discrimen;
1703 2427 1784 2461 atque
1807 2430 1838 2453 ut

1041 2478 1141 2505 corpus
1159 2469 1344 2503 corporalibus
1367 2468 1442 2503 pasci
1453 2488 1460 2501 ,
1486 2468 1525 2495 sic
1539 2468 1655 2496 animam
1669 2469 1837 2505 incorporeis

1041 2516 1167 2551 saginari.
1198 2515 1297 2542 Beatus
1319 2514 1476 2543 Ambrosius
1499 2515 1532 2542 ad
1556 2514 1783 2544 Mediolaneusem
1808 2517 1835 2543 in

1041 2561 1155 2590 ecclesia
1171 2560 1300 2595 populum
1314 2561 1398 2588 verbo
1417 2560 1572 2589 doet'usimo
1592 2565 1673 2595 atque
1687 2560 1837 2591 eruditissi-

1041 2615 1085 2636 me
1098 2616 1104 2634 :
1119 2607 1313 2643 manus
1325 2614 1383 2640 nea,
1396 2607 1493 2642 inquit,
1508 2615 1525 2634 ο
1536 2614 1657 2641 corpore,
1667 2605 1836 2640 σοικαψοά

1039 2653 1130 2686 nobis,
1152 2653 1176 2680 ai
1187 2652 1252 2680 salvi
1264 2661 1319 2681 care
1332 2653 1461 2686 utimur,
1474 2653 1538 2688 iuga
1556 2655 1686 2681 cum
1707 2654 1755 2677 ut.
1777 2649 1836 2678 Una

1041 2698 1249 2734 pneeellentium
1272 2699 1422 2733 eademque
1441 2697 1576 2725 sententia
1595 2703 1650 2722 non
1672 2695 1724 2723 nisi
1737 2695 1835 2723 eodem

1041 2746 1179 2774 intellectu
1192 2744 1430 2773 animadvertenda
1445 2747 1486 2771 est
1496 2763 1504 2776 ,
1529 2742 1680 2776 eodemque
1693 2742 1835 2770 tractanda

1042 2787 1834 2822 semone.Dicmnnncieiturquedsapema.dinad

1081 2857 1093 2872 ε
1113 2851 1155 2877 Al.
1170 2851 1298 2878 omittunt
1307 2848 1370 2883 quid
1384 2849 1422 2874 in.

1080 2886 1094 2906 ι
1111 2884 1347 2921 nmmo-us.
