2070 3173
261 154 311 184 751

890 147 1045 180 MAMERTI
1064 150 1248 179 CLAUDIAM

1844 155 1901 184 752

261 214 288 242 id
301 214 422 241 locorum
433 215 543 240 ventum
552 214 632 243 esset,
648 210 738 238 dicere
748 210 868 238 memini.
883 209 1048 247 Sequestrari
1061 210 1088 239 Δ
1101 210 1189 237 verius
1201 230 1208 243 ,
1223 210 1290 237 nihil
1303 210 1439 246 disputare
1453 218 1532 246 posse
1545 210 1699 248 perfectius.
1715 210 1755 240 En
1765 211 1816 240 tibi
1829 212 1901 242 duos

259 269 308 288 nos
322 268 339 286 a
352 266 460 294 corpore
470 278 478 291 ,
498 257 654 285 Ambrosius
668 261 795 292 oportere
810 256 962 292 persuadet.
988 256 1053 290 Quis

259 312 324 340 ergo
348 305 398 332 iste
420 304 473 337 sit,
499 303 541 331 cui
565 311 580 330 a
602 310 715 338 corpore
729 307 899 337 sequestrare
909 302 1053 330 conveniat

258 351 369 387 quaero?
390 350 431 378 Ex
453 350 542 377 anima
562 349 634 377 enim
655 356 747 376 sumus
761 353 789 377 et
803 356 926 384 corpore.
952 348 990 375 Ac
1003 355 1052 383 per

258 399 311 426 hoc
324 406 386 426 cum
409 396 573 431 sequestrari
594 404 609 423 a
631 396 776 432 semetipso
804 399 920 430 nequeat
934 395 1049 428 animus,

259 443 325 470 nihil
340 443 367 470 in
382 442 460 470 nobis
473 446 515 469 est
531 441 603 476 quod
618 442 781 476 sequestrari
795 441 880 476 possit
894 449 909 468 a
923 448 1049 475 corpore,

257 490 279 517 si
294 496 394 524 corpus
407 492 449 516 est
463 488 576 515 animus.
602 487 666 520 Cur,
681 491 775 515 sancte
789 487 914 514 Ambrosi
927 507 934 520 ,
950 494 997 513 cur
1009 490 1051 513 ta-

257 534 319 562 liter
342 534 443 561 doces?
470 533 525 569 Cur
549 540 674 568 sponsam
698 531 798 559 Christi
820 540 898 559 caeno
926 531 1051 559 falsitatis

257 580 373 608 oblinis?
393 579 448 607 Cur
467 580 589 608 eamdem
608 588 624 606 a
639 580 681 606 via
694 579 814 607 veritatis
829 587 907 606 saevae
919 578 1050 614 praedica-

256 626 338 654 tionis
352 626 467 661 impulsu
478 647 485 659 ,
502 626 529 653 in
548 625 627 653 devia
641 626 755 661 abrupta
770 625 917 661 propellis?
940 624 995 653 Cur
1009 633 1051 652 se-

256 673 390 708 questrari
403 677 530 708 oportere
544 681 559 700 a
572 680 686 708 corpore
700 681 798 708 corpus
810 673 953 708 perhibes?
968 672 1050 705 Quid—

258 727 319 746 nam
344 718 434 752 istud,
461 719 718 754 quaesotproderit
741 719 866 746 homini?
894 718 962 746 Num
986 718 1049 753 quia

257 765 374 793 hominis
399 765 534 792 interioris
555 769 596 793 est
619 768 715 792 natura
739 765 872 797 subtilior,
888 772 948 799 qua:
960 769 1049 791 tamen

257 819 311 839 non
324 815 366 839 est
379 811 430 838 nisi
445 819 555 846 corpus;
571 811 670 838 idcirco
683 811 806 838 eamdem
821 810 907 845 disjici
922 809 1050 837 convenit

257 862 337 892 atque
360 857 501 893 separari?
521 856 645 891 Nunquid
659 857 786 891 quoniam
808 857 833 883 in
850 857 899 884 hac
913 860 1046 884 structura

1104 257 1323 292 pmclarissimos
1345 258 1475 285 virtutum
1487 258 1744 295 'doctrinarumque
1774 259 1901 295 praemi-

1104 303 1195 330 nentia
1206 303 1285 338 longe
1298 311 1380 338 porro
1394 304 1521 339 praeditos
1540 312 1622 339 super
1636 308 1709 332 statu
1722 305 1819 332 anima:
1832 312 1900 333 sen-

1103 350 1154 377 tire
1168 350 1309 378 nobiscum
1320 371 1328 384 ,
1353 350 1537 385 inermemque
1551 354 1578 378 te
1592 351 1762 379 auctoritatis
1775 351 1900 387 pondere

1102 400 1130 423 et
1142 397 1255 424 rationis
1268 396 1371 424 viribus
1383 401 1567 432 prosternere,
1580 397 1626 432 qui
1639 397 1784 433 disparatis
1798 405 1899 433 corpo-

1102 443 1176 471 ribus
1196 443 1318 471 vanitate
1332 443 1471 479 sapientia:
1482 465 1489 476 ,
1512 443 1578 471 duas
1592 444 1697 472 animas
1711 444 1750 472 vis
1764 452 1844 472 unam
1861 443 1901 472 fa-

1102 496 1173 516 cere.
1214 489 1289 517 Unde
1301 490 1414 517 multum
1428 490 1513 517 miror
1528 489 1721 526 Hieronymum
1735 490 1783 518 tibi
1797 495 1899 518 testem

1101 534 1223 567 citatu‘m,
1235 543 1296 563 cum
1310 535 1467 571 potissimus
1482 539 1657 563 tractatorum
1671 536 1782 564 minime
1796 540 1897 572 potue-

1101 580 1136 607 rit
1150 584 1178 608 et
1189 588 1238 615 pro
1253 580 1343 608 anima
1355 584 1383 608 et
1397 581 1425 608 in
1440 581 1556 608 animam
1571 581 1718 617 disputare.
1735 581 1897 617 Quanquam

1101 633 1160 661 qua:
1174 633 1208 653 ex
1221 626 1316 654 eodem
1330 620 1472 654 adversum
1488 635 1538 655 nos
1560 627 1633 655 haud
1652 628 1788 655 intellecta
1803 629 1898 664 posui—

1100 671 1144 704 sti,
1158 679 1209 699 nos
1223 679 1256 699 eo
1270 680 1355 708 usque
1368 672 1534 706 conducant,
1562 674 1601 701 uti
1620 682 1702 708 quam
1721 674 1816 702 callide
1838 682 1898 703 non

1101 716 1270 746 adversarius
1282 738 1289 751 ,
1322 726 1417 746 verum
1439 719 1631 754 praevaricator
1651 720 1813 748 subornatus
1834 729 1898 749 esse

1099 764 1233 798 videaris,
1258 765 1304 800 qui
1329 765 1403 793 velut
1426 770 1582 794 assentante
1604 766 1720 794 colludio
1734 767 1831 795 feceris
1843 775 1897 796 nos

1100 810 1153 837 tuis
1179 810 1323 838 admodum
1346 811 1458 839 testibus
1481 812 1599 840 vincere.
1629 812 1734 848 Quippe
1746 812 1897 848 gloriosum

1099 856 1225 884 victoria!
1241 863 1325 890 genus
1345 860 1403 889 est,
1429 857 1463 884 ab
1486 865 1519 885 eo
1534 865 1595 885 cum
1610 865 1663 892 quo
1682 857 1806 886 decertes
1819 866 1897 887 arma

255 901 396 929 mundanae
410 902 489 929 molis
503 902 626 936 quaedam
640 901 780 929 subtiliora
796 906 823 929 et
838 901 940 929 leviora
949 922 956 934 ,
973 908 1048 935 quae-
1064 896 1086 926 Β
1100 909 1207 937 capere,
1224 902 1419 937 quaesitumque
1433 902 1588 931 adversario
1603 906 1700 931 testem
1713 902 1788 931 illinc
1801 907 1877 932 stare
1886 923 1894 938 ,

255 948 317 975 dam
330 948 463 975 crassiora
476 952 557 982 atque
571 947 695 982 graviora
710 952 785 981 sunt,
802 947 902 975 idcirco
916 947 1048 975 tenuiori-

255 995 305 1022 bus
319 996 470 1023 universam
492 995 569 1022 solidi
583 994 662 1029 hujus
676 995 804 1022 convenit
817 994 922 1029 rnpisse
937 1001 1047 1029 compa-

254 1041 335 1075 gem?
350 1041 402 1068 Aut
416 1040 521 1068 beatior
532 1048 578 1067 aer
592 1041 653 1073 erit,
669 1041 691 1068 si
706 1048 767 1068 cum
782 1048 850 1075 aqua
862 1048 894 1067 ac
908 1044 979 1068 terra
993 1048 1047 1068 non

253 1088 354 1115 fuerit?
372 1087 453 1115 Hisce
474 1087 631 1122 falsiloquiis
645 1087 941 1122 circumgarrientibus,
957 1087 1048 1115 istius-

253 1134 327 1162 modi
350 1134 402 1162 l'ert
425 1134 470 1162 ille
494 1142 672 1169 responsum:
688 1134 814 1168 Quasdam
835 1134 912 1162 nobis
927 1134 1049 1162 oboritur

253 1180 399 1208 verborum
414 1180 494 1212 nuda,
511 1180 616 1207 virtutis
631 1188 716 1212 cassa,
733 1180 846 1208 rationis
860 1180 961 1213 aliena,
977 1180 1048 1207 veri-

254 1226 317 1253 tatis
331 1234 427 1258 vacua,
442 1226 567 1253 vanitatis
581 1233 657 1259 cava,
674 1226 806 1261 superbia).
822 1226 933 1259 tumida,
949 1226 1048 1253 novelli

255 1272 335 1306 hujus
349 1272 500 1300 schismatis
520 1272 578 1299 sine
592 1276 702 1299 auctore
719 1272 853 1304 doctrina,
868 1272 939 1299 elata
953 1279 1048 1307 super-

255 1317 327 1351 cilio,
348 1316 452 1351 abjecta
471 1316 625 1349 mendacio,
647 1316 747 1343 referta
767 1317 899 1348 convicio,
927 1316 1048 1344 Creatori

254 1366 416 1399 potestatem
439 1362 591 1398 subripiens
604 1382 612 1395 ,
636 1362 746 1396 imagini
768 1361 941 1395 dignitatem,
967 1369 1048 1396 quam

253 1409 323 1437 miro
350 1408 469 1436 stultitia:
500 1415 600 1442 genere
622 1408 869 1443 comparationibus
892 1408 1048 1435 substantiae

252 1455 403 1490 corporalis
426 1454 547 1482 infamat.
577 1454 707 1482 Asserens
724 1454 826 1482 scilicet
840 1458 894 1481 tam
910 1454 976 1481 nihil
990 1454 1048 1481 ani-

252 1509 298 1528 mo
318 1500 427 1535 profore
440 1500 514 1535 quod
535 1500 625 1528 valeat
638 1508 754 1536 corpore
768 1501 883 1532 secerni,
898 1508 978 1535 quam
993 1509 1047 1528 non

253 1547 289 1574 sit
311 1546 366 1573 aeri
387 1546 557 1574 conducibile
589 1547 767 1574 crassioribus
799 1547 942 1574 mundanas
967 1547 1047 1574 molis

253 1592 412 1627 corporibus
432 1592 561 1627 separari.
587 1592 672 1620 Porro
686 1593 709 1620 si
722 1593 768 1628 qui
782 1593 847 1620 estis
861 1593 965 1628 uspiam
979 1600 1045 1627 gen-
1058 1582 1081 1614 ο

253 1637 321 1664 tium
333 1657 340 1670 ,
364 1645 479 1671 quorum
503 1637 617 1671 ingeniis
631 1638 763 1666 cesserint
779 1645 876 1665 arcana
890 1646 1042 1672 causarum,

201 1696 204 1700 λ
253 1682 346 1711 adeste
359 1687 501 1718 prtepetes,
516 1687 621 1711 vosmet
635 1684 792 1719 ignorantiae
805 1685 925 1720 plectite.
941 1684 1044 1713 Novum

253 1728 349 1763 dogma
359 1729 511 1756 miramini:
533 1729 637 1757 Animae
657 1729 814 1764 dignitatem
827 1731 944 1766 capessit
957 1731 983 1758 in
998 1739 1044 1759 so-

252 1774 307 1802 lido
322 1776 433 1808 mundi,
456 1777 546 1811 portio
568 1777 691 1812 corporis
712 1781 809 1812 quarta
824 1777 961 1805 mundani.
983 1777 1045 1805 Haec

253 1826 319 1856 ergo
334 1823 459 1857 nimirum
482 1823 633 1850 animarum
646 1824 766 1854 omnium
786 1824 874 1859 major
887 1828 930 1852 est
943 1824 1042 1857 anima,

251 1874 355 1904 proque
368 1862 420 1895 'sui
442 1868 514 1896 mole
532 1869 617 1903 magis
640 1869 755 1904 sapiens.
775 1869 869 1904 Itaque
882 1878 954 1897 nunc
968 1874 1044 1897 tanto

251 1914 342 1949 potius
355 1914 488 1949 quispiam
499 1915 648 1950 prudentia:
658 1923 770 1951 compos
781 1917 842 1949 erit,
857 1920 960 1951 quanto
974 1917 1044 1956 aeris

250 1958 330 1994 hujus
350 1968 398 1995 pro
420 1961 462 1988 sui
482 1961 630 1996 capacitate
644 1962 704 1997 plus
717 1962 847 1990 hauserit.
879 1962 935 1990 Nec
947 1962 1044 1997 injuria

250 2014 335 2042 genus
349 2008 494 2035 humanum
508 2013 632 2036 naturam
646 2010 788 2043 incusavit,
805 2017 863 2045 quae
877 2014 980 2044 quanto
990 2017 1045 2037 ma-

250 2051 322 2088 jores
353 2053 507 2081 hominibus
530 2052 614 2082 boves
637 2055 711 2083 lucas
734 2054 833 2088 edidit;
850 2063 897 2083 .eo
920 2056 1045 2083 videlicet

250 2097 385 2126 beatiores
397 2119 405 2131 ,
427 2107 482 2133 quo
495 2100 661 2134 capaciores.
686 2100 740 2128 Sed
757 2101 887 2129 hactenus
901 2103 967 2130 satis
980 2103 1044 2130 Am—

253 2142 374 2177 brosius,
397 2145 443 2178 qui
461 2145 502 2172 vel
522 2145 595 2172 solus
608 2146 730 2180 profecto
745 2147 780 2173 sit
794 2148 869 2175 satis.
896 2148 988 2176 Faxim
1004 2153 1044 2176 ta-

253 2195 315 2218 men
325 2193 352 2217 et
366 2189 425 2216 aliis
437 2189 598 2217 testiﬁcandi
613 2190 710 2218 locum.

286 2234 318 2261 ll.
339 2234 464 2262 Aurelius
486 2234 667 2269 Augustinus,
693 2240 721 2264 ct
745 2238 878 2267 acumine;
891 2239 1000 2273 ingenii,
1016 2232 1044 2267 et

1100 951 1128 975 et
1139 948 1218 976 istinc
1232 947 1359 982 dejicere.

1134 993 1178 1021 Ill.
1198 993 1237 1021 Ne
1250 993 1314 1028 quid
1328 997 1420 1022 tamen
1434 1001 1545 1028 segnem
1559 1002 1603 1022 me
1625 994 1800 1023 redhibendzn
1811 995 1895 1024 vicis-

1099 1039 1224 1067 situdinis
1238 1039 1393 1073 arbitreris,
1408 1044 1488 1075 prout
1508 1040 1584 1068 locus
1597 1044 1640 1068 est
1652 1048 1762 1074 moneo,
1777 1049 1895 1070 consen-

1099 1088 1209 1112 taneum
1233 1085 1318 1119 magis
1341 1084 1391 1112 tibi
1421 1093 1502 1120 super
1525 1086 1659 1114 sententia
1683 1090 1728 1114 tua
1752 1086 1895 1115 Pictavun

1099 1130 1229 1158 Hilarium
1249 1139 1310 1159 esse
1332 1131 1471 1167 potuisse,
1492 1132 1538 1167 qui
1552 1132 1656 1160 scilicet
1669 1133 1739 1161 inter
1752 1134 1892 1169 complura

1098 1176 1288 1212 praecelsarum
1314 1177 1527 1212 disputationum
1544 1185 1654 1205 suarum
1668 1178 1788 1213 quiddam
1807 1187 1888 1207 secus

1098 1223 1217 1251 sentiens
1229 1243 1237 1256 ,
1260 1223 1314 1251 duo
1333 1223 1394 1251 haec
1406 1223 1478 1251 veris
1499 1223 1613 1252 adversa
1634 1224 1777 1252 disseruit:
1791 1233 1888 1258 unum,

1098 1269 1170 1303 quod
1182 1269 1249 1296 nihil
1269 1269 1459 1305 incorporeum
1483 1274 1603 1298 creatum
1627 1270 1713 1304 dixit;
1731 1271 1801 1299 aliud
1813 1293 1821 1306 ,
1836 1279 1895 1307 quo

1097 1316 1164 1343 nihil
1178 1316 1280 1343 doloris
1294 1315 1431 1345 Christum
1445 1316 1474 1344 in
1487 1317 1614 1352 passione
1628 1317 1753 1345 sensisse.
1774 1317 1857 1353 Cujus
1872 1318 1898 1347 si

1097 1369 1161 1389 vera
1176 1362 1264 1397 passio
1277 1370 1332 1390 non
1353 1362 1402 1390 fuit
1414 1383 1422 1396 ,
1438 1362 1588 1399 redemptio
1602 1371 1710 1399 quoque
1723 1369 1817 1392 nostra
1830 1373 1898 1393 vera
1948 1375 1953 1379 ·

1098 1415 1157 1435 esse
1181 1416 1236 1436 non
1259 1408 1358 1444 potuit.
1383 1408 1437 1436 Sed
1450 1409 1579 1444 quoniam
1593 1409 1689 1438 beatus
1703 1409 1822 1438 Hilarius
1836 1411 1899 1447 opi~

1098 1454 1187 1482 nionis
1207 1454 1320 1489 hujusce
1338 1455 1433 1482 vitium
1457 1455 1556 1482 virtute
1570 1455 1749 1483 confessionis
1764 1456 1899 1491 abolevit,

1098 1500 1137 1528 sic
1151 1500 1265 1528 sustinet
1278 1500 1500 1535 reprehensionis
1514 1501 1622 1537 stylum,
1639 1502 1711 1537 quod
1721 1510 1777 1530 non
1792 1503 1900 1538 patitur

1098 1545 1260 1573 detrimenta
1281 1547 1450 1574 meritorum.
1478 1546 1649 1582 Quapropter
1663 1552 1777 1576 eatenus
1790 1549 1900 1577 divina-

1096 1600 1156 1619 rum
1170 1592 1363 1620 tractatoribus
1388 1591 1588 1627 Scripturarum
1608 1593 1688 1621 ﬁdem
1707 1594 1832 1622 adhiberi
1847 1603 1901 1630 par

1097 1642 1148 1671 est,
1164 1638 1339 1673 quoadusque
1358 1638 1445 1666 eidem
1462 1639 1550 1666 tenori
1561 1639 1684 1668 veritatis
1702 1640 1897 1676 astipulantur.

1096 1684 1151 1712 Sed
1164 1692 1317 1719 quanquam
1331 1684 1470 1712 nonnullis
1489 1685 1711 1714 dissertatoribus
1725 1686 1900 1723 proferendis

1096 1732 1250 1759 necessario
1265 1732 1476 1767 supersederim,
1493 1733 1557 1761 dum
1571 1734 1606 1761 ad
1621 1734 1730 1762 oracula
1746 1734 1837 1762 divina
1861 1743 1899 1763 ex

1096 1776 1192 1810 quibus
1215 1777 1372 1806 earumdem
1395 1779 1496 1814 pendet
1519 1780 1677 1813 auctoritas,
1697 1780 1757 1814 jure
1770 1780 1895 1814 festino;

1095 1821 1302 1857 haudquaquam
1321 1827 1414 1851 tamen
1431 1823 1594 1852 Eucherium
1612 1825 1790 1860 pneterierim,
1806 1825 1892 1852 mibi-

1095 1871 1152 1895 met
1164 1867 1301 1896 viventem
1314 1868 1436 1896 doctrina
1450 1873 1478 1898 et
1491 1870 1678 1905 praesentaneis
1691 1877 1779 1897 coram
1790 1869 1886 1905 dispu-

1095 1914 1244 1942 tationibus
1257 1915 1392 1948 cognitum
1402 1937 1409 1949 ,
1432 1923 1487 1943 non
1501 1924 1583 1951 porro
1596 1915 1692 1943 nuntiis
1705 1919 1751 1942 aut
1764 1915 1887 1944 lectione

1095 1964 1264 1994 compertum
1279 1969 1285 1987 :
1302 1961 1348 1995 qui
1361 1961 1465 1989 scilicet
1479 1961 1572 1989 viridis
1584 1962 1643 1995 :evi,
1657 1965 1776 1989 maturus
1790 1962 1889 1995 animi,

1095 2008 1174 2032 teme
1197 2005 1340 2041 dispuens,
1362 2007 1424 2035 caeli
1442 2012 1573 2042 appetens
1587 2007 1695 2035 humilis
1714 2007 1808 2042 spiritu
1821 2027 1828 2040 ,
1846 2015 1894 2035 ar-

1095 2050 1164 2079 duus
1177 2052 1284 2084 merito,
1300 2059 1332 2080 ac
1346 2052 1457 2087 perinde
1472 2053 1572 2087 ingenii
1586 2052 1787 2085 subtilissimus,
1800 2053 1895 2080 scien-

1096 2098 1140 2125 tia:
1154 2098 1250 2134 plenus
1262 2119 1269 2132 ,
1285 2098 1385 2134 eloquii
1410 2098 1530 2134 proﬂuus
1543 2120 1550 2132 ,
1570 2106 1731 2134 magnorum
1745 2099 1835 2127 stcculi
1849 2100 1895 2127 sui

1095 2145 1254 2180 pontiﬁcum
1268 2145 1349 2180 longe
1362 2145 1496 2173 maximus
1505 2165 1512 2178 ,
1534 2146 1614 2174 editis
1628 2146 1656 2173 in
1671 2153 1729 2182 rem
1743 2145 1804 2173 tidei
1819 2145 1894 2173 mul-

1096 2190 1188 2225 tijugis
1211 2191 1347 2218 variorum
1372 2186 1485 2226 operum
1501 2191 1697 2225 voluminibus,
1714 2191 1748 2218 ad
1762 2191 1896 2227 populum

1095 2245 1204 2272 quoque
1218 2237 1260 2264 his
1274 2245 1355 2273 super
1368 2241 1441 2265 statu
1449 2238 1544 2265 animae
1555 2238 1734 2265 concionatus
1748 2241 1805 2265 est:
1818 2236 1894 2269 Qum

249 2287 341 2309 rerum
361 2281 533 2309 multitudine
544 2301 552 2314 ,
576 2286 604 2309 et
623 2283 712 2317 operis
735 2283 807 2310 mole
830 2285 911 2311 veluti
935 2285 1042 2319 quidam
1055 2274 1082 2305 D
1096 2295 1162 2319 rere,
1178 2285 1278 2320 inquit,
1300 2285 1405 2321 quidam
1427 2285 1525 2318 solent,
1542 2285 1669 2321 quomodo
1680 2285 1709 2312 in
1723 2283 1826 2312 Christo
1840 2285 1895 2312 mi-

250 2328 416 2365 Chrysippus
431 2330 636 2364 argumentandi
652 2331 760 2364 virtute,
772 2335 819 2358 aut
833 2332 905 2360 Zeno
918 2340 1043 2360 sensuum

250 2374 415 2409 subtilitate,
439 2379 485 2403 aut
506 2375 589 2404 Varro
613 2381 706 2404 noster
732 2377 898 2405 voluminum
911 2380 1045 2413 magnitu-

250 2420 330 2455 dine,
345 2424 373 2448 et
386 2421 431 2456 qui
445 2421 567 2456 profecto
582 2421 642 2450 talis
660 2427 772 2456 natura,
790 2424 949 2458 attentione,
966 2424 1044 2453 disci-

250 2466 330 2501 plinis
346 2468 494 2500 exstiterit,
510 2472 540 2495 ut
553 2477 609 2496 non
625 2469 760 2497 immerito
775 2470 809 2497 ab
824 2471 882 2498 istis
896 2472 1043 2506 corporali-

250 2512 301 2540 bus
326 2513 412 2540 nostri
436 2514 525 2541 szeculi
549 2513 689 2556 Epicureis
707 2520 754 2543 aut
770 2514 878 2552 Cynicis
890 2536 898 2549 ,
914 2517 1043 2551 spiritalis

250 2557 372 2593 sophista
387 2557 563 2591 dissenserit,
585 2560 654 2588 libro
677 2560 711 2588 ad
731 2560 924 2596 Hieronymum
943 2562 977 2589 de
991 2562 1046 2590 ori-

249 2604 312 2638 gine
332 2604 428 2632 anima:
447 2604 486 2632 sic
504 2606 680 2640 pronuntiat:
703 2606 889 2642 lncorpoream
909 2616 965 2635 esse
984 2609 1044 2635 aui-

250 2657 320 2677 mam
336 2651 383 2677 etsi
403 2650 506 2686 difﬁcile
521 2650 677 2678 tardioribus
700 2652 851 2686 persuaderi
865 2657 967 2688 potest,
981 2654 1043 2681 mihi

250 2701 338 2723 tamen
354 2698 438 2732 fatear
448 2705 504 2724 esse
515 2705 676 2733 persuasum.
701 2697 822 2733 Cumque
836 2698 862 2726 id
876 2699 913 2726 ita
928 2699 986 2726 fore
1000 2707 1044 2727 ra-

250 2740 369 2769 tionibus
378 2743 482 2777 magnis
492 2746 574 2778 atque
584 2743 721 2771 insolubili
731 2746 966 2778 argumentatione
975 2754 1043 2773 con-

250 2787 351 2821 vincat,
366 2796 398 2816 ac
411 2797 492 2825 super
511 2790 564 2818 hoc
584 2790 742 2827 Hieronymi
755 2793 921 2819 sententiam
935 2797 1041 2827 poscat,

250 2831 339 2860 laudis
346 2841 401 2861 sua:
407 2839 509 2863 tantum
514 2844 529 2863 a
536 2835 699 2873 Hieronymo
706 2838 806 2873 scripta
813 2842 955 2873 recuperat
963 2847 969 2865 ε
979 2839 1044 2873 quin

251 2877 328 2907 haud
346 2878 425 2907 dubie
448 2880 626 2917 Hieronymus
639 2883 707 2910 nihil
720 2883 753 2911 de
769 2884 858 2911 anima
872 2883 965 2911 sentiri
980 2883 1045 2912 dicit

1097 2331 1162 2358 scari
1174 2329 1285 2365 potuerit
1297 2330 1372 2357 homo
1386 2334 1411 2357 et
1424 2329 1503 2357 Deus.
1526 2328 1654 2361 Quarum
1667 2334 1692 2356 et
1704 2330 1833 2356 rationem
1847 2329 1895 2355 hu-

1092 2378 1137 2413 jus
1147 2377 1263 2412 mysterii
1277 2376 1344 2411 quod
1357 2377 1435 2403 semel
1449 2377 1546 2412 {acum
1558 2381 1610 2409 est,
1638 2384 1695 2402 cum
1714 2376 1766 2411 ipsi
1784 2375 1895 2402 reddere

1095 2425 1225 2451 rationem
1240 2432 1400 2460 nequaquam
1415 2424 1515 2460 possint
1536 2423 1591 2459 ejus
1610 2424 1648 2451 rei
1662 2431 1720 2459 qui:
1733 2423 1765 2458 ﬁt
1779 2430 1891 2457 semper,

1096 2471 1221 2506 quomodo
1235 2471 1346 2498 societur
1360 2471 1448 2498 anima
1467 2471 1585 2506 corpori,
1600 2474 1629 2496 ut
1643 2470 1692 2505 ﬁat
1712 2470 1799 2497 homo.
1819 2467 1893 2504 Ergo

1095 2517 1222 2553 quomodo
1244 2525 1368 2553 corporea
1388 2525 1428 2544 res
1450 2517 1653 2551 incorporeaque
1675 2514 1850 2551 conjungilur,
1867 2518 1893 2541 et

1093 2564 1196 2598 corpori
1211 2564 1299 2590 anima
1317 2563 1440 2590 miscetur
1461 2566 1490 2589 ut
1510 2562 1586 2589 homo
1604 2561 1798 2597 efficiaturﬂta
1811 2560 1892 2587 homo

1092 2610 1243 2645 eonjunctus
1266 2613 1304 2636 est
1322 2608 1393 2642 Deo,
1409 2613 1435 2636 et
1454 2610 1537 2645 factus
1553 2612 1592 2635 est
1612 2607 1749 2635 Christus:
1764 2611 1789 2634 et
1802 2611 1892 2634 tamen

1091 2659 1120 2681 ut
1131 2655 1205 2690 fieret
1219 2653 1346 2687 Christus,
1363 2654 1413 2681 duo
1427 2654 1474 2681 illa
1486 2654 1641 2688 incorporea
1651 2674 1659 2687 ,
1672 2652 1700 2679 id
1712 2656 1751 2679 est
1765 2653 1855 2679 animo
1865 2656 1892 2679 et

1093 2701 1174 2733 Deus,
1190 2700 1293 2736 facilius
1307 2700 1432 2735 conjungi
1442 2699 1641 2735 permiscerique
1651 2701 1802 2733 potuerunt,
1813 2704 1891 2733 quam

1093 2747 1216 2774 miscetur
1226 2754 1280 2773 una
1290 2746 1445 2781 incorporea
1455 2745 1558 2780 aliaque
1572 2751 1706 2779 corporea,
1721 2742 1750 2769 id
1764 2746 1813 2775 est,
1829 2742 1891 2768 ani-

1094 2803 1136 2822 ma
1150 2799 1174 2821 et
1188 2802 1293 2830 corpus,
1304 2797 1333 2820 ut
1345 2801 1457 2827 persona
1472 2792 1585 2820 hominis
1596 2791 1702 2818 existat.
1722 2788 1810 2816 Credo
1823 2786 1891 2815 mihi

1095 2847 1166 2867 nunc
1180 2840 1239 2867 illos
1251 2859 1258 2871 ,
1274 2839 1320 2874 qui
1343 2846 1421 2873 aeque
1443 2838 1542 2865 talibus
1554 2836 1687 2869 instituti,
1703 2834 1737 2862 ab
1751 2833 1828 2862 hisce
1839 2832 1891 2861 do-

1095 2886 1187 2914 ctrinis
1210 2885 1460 2920 degeneraverunt;
1487 2891 1595 2921 pessum
1619 2881 1751 2910 facientm
1769 2877 1893 2914 salubria

1356 2935 1374 2950 /
