4140 6346
324 380 440 443 753

1520 378 1606 436 DE
1642 375 1870 434 STATU
1907 372 2146 432 ΛΝῙΜᾹΞ.
2187 375 2314 432 LIB.
2352 376 2416 433 II.

3501 381 3608 436 ’154

328 513 431 557 sua
453 538 470 566 ,
532 504 592 555 et
637 498 827 556 alienis
872 506 1042 556 semet
1095 500 1254 556 noxis
1309 498 1670 554 obnoxiantes
1719 495 1919 565 injusto
1945 495 1998 556 Δ
2024 496 2290 556 facturum
2322 519 2334 553 :
2367 498 2505 565 Quid
2555 507 2612 554 tn
2638 541 2652 565 ,
2685 501 2826 557 unde
2855 499 2997 556 unde
3023 499 3317 556 contractis
3361 500 3610 556 testifica-

329 589 628 648 amantium
656 592 739 646 sui
767 591 891 647 odio
920 608 1159 662 eousque
1199 590 1476 663 prolapsi,
1535 596 1596 644 ut
1635 596 1922 644 extraneos

330 684 557 740 mallent
583 700 704 741 cum
734 685 965 742 falsitate
1013 686 1334 757 pnelegere,
1365 694 1420 740 et
1446 683 1770 739 Eucherium
1798 698 1922 737 cum

327 774 562 832 veritate
589 776 865 832 damnare.

402 865 490 920 IV.
537 865 734 922 Videas
771 867 900 923 hinc
947 868 1082 923 alios
1126 867 1380 939 quiddam
1417 867 1630 945 socordi
1660 865 1925 921 trutinare

328 955 535 1027 judicio
561 997 576 1023 ,
628 958 764 1013 alios
811 957 864 1012 id
908 958 1080 1030 ipsum
1130 967 1224 1013 aut
1270 959 1482 1013 nescios
1508 958 1674 1012 stulto
1706 956 1926 1011 laudare

332 1049 635 1120 praeconio,
667 1057 762 1104 aut
801 1049 998 1105 sciolos
1027 1049 1254 1105 subdolo
1284 1049 1460 1105 ridere
1500 1041 1794 1114 consensit;
1825 1049 1926 1103 hos

331 1141 480 1196 inter
506 1141 719 1214 placere
739 1142 840 1197 sibi
863 1143 1031 1207 illum,
1058 1157 1220 1213 quem
1246 1157 1425 1218 nemo,
1458 1141 1559 1197 nisi
1588 1149 1681 1196 aut
1708 1142 1925 1210 ignarus

334 1231 573 1288 laudavit
617 1243 711 1288 aut
760 1234 1003 1289 callidus.
1058 1233 1157 1290 Hic
1198 1234 1311 1304 jam
1341 1233 1585 1289 feruntur
1611 1233 1678 1288 de
1705 1232 1927 1302 singulis

335 1339 446 1378 non
475 1340 574 1396 pro
602 1325 915 1381 meritorum
935 1365 950 1390 ,
987 1325 1082 1382 sed
1110 1342 1210 1397 pro
1238 1334 1487 1381 votorum
1517 1325 1777 1396 qualitate
1804 1340 1928 1380 sen-

335 1418 538 1473 tentim.
591 1415 670 1473 Ob
712 1418 925 1473 laudem
953 1419 1296 1489 przesentium
1323 1410 1696 1489 quarumpiam
1724 1415 1931 1472 fabula-

336 1524 456 1562 rum
505 1508 662 1578 longe
708 1509 927 1564 maximi
973 1509 1297 1564 damnantur
1342 1516 1610 1565 auctores.
1671 1507 1797 1562 Istic
1843 1508 1931 1562 ille

335 1598 589 1654 laudatus
635 1615 704 1654 ne
751 1600 886 1655 infra
934 1600 1268 1655 laudantium
1317 1601 1564 1656 videatur
1608 1606 1753 1655 stare
1788 1599 1932 1669 judi-

338 1691 483 1748 cium
508 1734 523 1759 ,
555 1693 874 1763 panniculos
919 1693 1180 1764 quosdam
1205 1710 1273 1750 ex
1302 1693 1639 1749 diversorum
1664 1693 1812 1747 varia
1851 1692 1931 1746 le-

338 1783 522 1858 ctione
573 1786 889 1856 concerpit,
943 1785 1272 1855 eosdemque
1320 1767 1518 1840 vilibus
1565 1785 1712 1849 suis,
1762 1783 1932 1838 veluti

2027 592 2262 649 tionibus
2287 593 2471 657 uteris,
2505 593 2918 664 haudquaquam
2939 601 3118 649 tamen
3143 593 3370 648 veritate
3393 593 3613 663 pulsan-

2027 685 2171 743 tibus
2197 685 2540 741 conscientize
2570 694 2766 740 nostrae
2788 687 3098 742 sincerum?
3125 684 3261 753 Quid
3283 695 3472 741 autem.
3492 701 3613 741 mea
3715 747 3720 752 ,

2028 777 2221 842 refert;
2270 776 2399 846 quid
2438 792 2603 847 porro
2632 777 2856 842 attinet,
2890 778 3083 848 impios
3109 778 3180 832 ob
3207 763 3503 833 detractam
3528 777 3612 831 di-

2028 870 2164 924 vinte
2214 869 2430 937 imagini
2478 869 2792 937 dignitatem
2838 869 3093 924 divinitus
3120 869 3312 940 plecti,
3344 885 3466 926 cum
3496 885 3613 924 me-

2029 970 2140 1016 met
2166 962 2461 1032 impietatis
2507 961 2730 1031 hujusce
2760 963 2966 1031 laqueis
2994 963 3234 1018 noverim
3264 979 3372 1019 non
3397 964 3567 1018 teneri
3593 965 3616 1016 ?

2029 1053 2261 1109 Proinde
2308 1069 2506 1109 moneo
2554 1053 2826 1120 facessas,
2877 1069 2978 1109 nec
3021 1055 3300 1111 sententia:
3339 1055 3460 1110 talis
3487 1055 3617 1108 infa-

2029 1146 2191 1201 miam
2222 1146 2355 1200 mihi
2402 1145 2740 1201 mendaciter
2788 1146 2989 1207 inuras.
3050 1146 3201 1201 Nunc
3251 1161 3352 1215 ego
3399 1146 3502 1202 nisi
3529 1162 3616 1200 re-

2030 1240 2172 1306 nuis,
2205 1239 2258 1294 in
2303 1246 2396 1293 tua
2445 1245 2622 1294 tecum
2667 1238 2830 1294 redeo
2855 1279 2869 1304 ,
2927 1255 2995 1294 ex
3045 1239 3196 1309 queis
3242 1239 3612 1302 arbitrabere,

2031 1340 2338 1387 utrumnam
2373 1330 2512 1386 istud
2558 1331 2610 1385 in
2660 1332 2851 1402 impios
2878 1330 3180 1401 prophetici
3209 1330 3474 1386 sermonis
3500 1345 3619 1384 ora-

2031 1426 2210 1480 culum
2230 1466 2245 1488 ,
2280 1431 2303 1460 ε
2335 1439 2402 1477 an
2435 1423 2486 1476 in
2515 1432 2568 1477 te
2596 1425 2664 1477 sit
2687 1423 3031 1494 porrectum?
3069 1431 3123 1477 te
3150 1422 3388 1486 scilicet,
3421 1427 3476 1474 te
3501 1435 3619 1474 ma-

2032 1518 2112 1585 gis
2157 1515 2508 1586 perstringit,
2561 1516 2653 1584 qni
2712 1522 2976 1585 praetenta
3031 1514 3268 1569 scientia:
3314 1511 3615 1584 privilegio,

2033 1616 2223 1664 contra
2251 1605 2447 1661 famam
2476 1606 2688 1661 deditus
2717 1605 2999 1660 sententia:
3021 1646 3036 1669 ,
3083 1614 3140 1659 et
3183 1612 3373 1661 contra
3402 1610 3621 1657 senten-

2037 1701 2163 1756 tiam
2210 1699 2471 1754 sollicitus
2518 1698 2698 1762 famae,
2731 1696 2919 1752 eadem
2957 1711 3076 1766 qua:
3122 1697 3241 1750 istic
3271 1696 3419 1749 velut
3446 1695 3620 1749 aliena

2036 1789 2238 1851 renuis,
2269 1797 2324 1842 et
2351 1789 2460 1842 illic
2491 1787 2676 1842 itidem
2706 1785 2872 1840 veluti
2900 1785 3118 1856 propria
3145 1783 3404 1838 defendis.

335 1875 656 1946 quibusdam
685 1877 926 1948 stuppeis
955 1875 1471 1946 assnit,-laceroque
1498 1875 1696 1930 vestitu
1726 1875 1935 1945 turpior
1967 1880 2016 1939 B
2111 1882 2176 1936 ll.
2218 1881 2294 1936 Ne
2321 1880 2441 1950 quis
2488 1881 2558 1936 sit
2608 1887 2788 1934 tamen
2835 1878 2920 1933 vel
2970 1878 3101 1932 mihi
3147 1893 3302 1932 secus
3353 1877 3620 1946 interpre-

340 1967 499 2024 nudis
547 1968 749 2038 absque
791 1968 961 2024 furaci
1007 1968 1358 2036 meditatione
1407 1975 1586 2023 mutus
1622 1968 1932 2037 eloquentia

339 2060 590 2132 palliatus
620 2061 836 2117 incedit.
867 2059 1073 2116 Cernas
1100 2060 1230 2116 hinc
1257 2061 1420 2115 alium
1443 2101 1457 2126 ,
1491 2061 1598 2114 situ
1626 2059 1932 2124 fetidarum,

340 2153 576 2224 turpium
605 2169 672 2209 ex
698 2153 865 2208 olenti
895 2152 1064 2207 cumis
1093 2151 1204 2206 suis
1233 2167 1296 2206 ac
1323 2151 1563 2207 tenebris
1591 2152 1777 2205 cloaca
1805 2166 1936 2205 ven-

340 2245 438 2302 tris
467 2254 524 2302 et
551 2246 664 2301 oris
711 2245 955 2300 inhalare
1001 2245 1295 2308 sentinam,
1342 2243 1589 2312 interque
1615 2242 1934 2298 ructandum

338 2340 600 2412 quasdam
623 2337 1122 2408 suggillatiunculas
1144 2335 1562 2405 fringultientem
1593 2335 1661 2389 ab
1689 2336 1817 2401 alio,
1845 2335 1938 2404 qui

341 2437 543 2508 stipem
571 2450 726 2490 suam
768 2433 934 2488 variis
983 2431 1550 2488 conlucernationibus
1600 2429 1935 2501 dilapidavit,

342 2529 640 2604 parasitico
707 2542 859 2610 more
908 2525 1132 2580 laudari.
1206 2524 1352 2579 Inter
1399 2524 1499 2579 has
1545 2523 1936 2593 hujusdemque

344 2621 493 2676 modi
533 2617 848 2688 quisquilias
878 2616 1080 2687 aliquid
1107 2625 1164 2670 tu
1192 2616 1430 2671 sobrium
1458 2623 1573 2677 tuto
1625 2614 1936 2670 dixerisne?

345 2711 518 2768 Porro
562 2723 812 2778 magnum
862 2708 1080 2779 aliquod
1128 2724 1159 2763 e
1205 2707 1415 2763 socordi
1457 2708 1610 2762 turba
1638 2706 1933 2778 periculum

344 2801 761 2874 periclitabere:
815 2809 841 2838 ι
888 2799 980 2872 qui
1019 2799 1146 2853 dum
1191 2798 1462 2870 (Imperio
1501 2798 1527 2838 ι)
1566 2789 1774 2871 quippe"
1801 2798 1935 2852 nihil

341 2891 622 2966 quidquam
651 2891 925 2962 injustius)
976 2889 1078 2945 hos
1125 2906 1188 2946 ac
1213 2891 1348 2946 tales
1377 2899 1557 2946 tamen
1585 2898 1802 2962 egomet
1825 2906 1934 2944 non

342 2998 601 3055 pavesco.
637 2982 716 3038 Ac
743 2983 789 3037 si
817 2982 939 3052 quis
968 2998 1112 3038 nunc
1138 2982 1395 3038 monendi
1422 2982 1573 3037 locus
1602 2991 1704 3049 est,
1736 2997 1936 3038 moneo

342 3083 506 3146 atque
531 3073 790 3130 denuntio
816 3091 828 3126 :
861 3074 1061 3142 quique
1092 3073 1182 3127 isti
1209 3074 1408 3142 quique
1435 3079 1565 3127 sunt
1591 3073 1703 3138 alii,
1731 3073 1824 3142 qui
1854 3073 1939 3128 vel

346 3168 403 3224 in
430 3182 656 3237 magnos
683 3168 831 3222 viros
859 3165 1112 3235 obloquia
1132 3206 1146 3228 ,
1178 3165 1263 3220 vel
1308 3165 1376 3219 de
1404 3165 1566 3220 rebus
1593 3165 1816 3220 summis
1844 3165 1939 3220 de-

2037 1974 2206 2038 tandi,
2237 1974 2322 2028 vel
2353 1973 2449 2027 tibi
2496 1972 2676 2030 forsan
2719 1970 2986 2026 inliciandi
3014 1972 3164 2026 locus
3187 2011 3201 2034 ,
3233 1970 3621 2038 imprmsentia-

2037 2081 2159 2120 rum
2187 2079 2349 2134 super
2393 2063 2596 2132 quibus
2633 2063 2840 2130 agimus
2888 2069 3116 2129 utraque
3143 2060 3437 2114 videamus.
3489 2057 3623 2113 Pro-

2039 2159 2204 2228 pheta
2247 2153 2449 2254 nempeK
2482 2154 2612 2209 dicit
2653 2154 2850 2224 impios
2883 2153 3063 2208 dicere
3100 2170 3111 2206 :
3162 2152 3466 2205 Emstinctus
3495 2151 3627 2206 cinis

2039 2251 2138 2303 erit
2165 2264 2350 2319 corpus
2388 2243 2624 2302 nostrum
2649 2287 2664 2312 ,
2699 2253 2749 2299 et
2782 2246 2995 2315 spiritus
3035 2243 3354 2314 diffundatur
3383 2252 3627 2312 tanquam

2040 2340 2211 2396 mollis
2232 2357 2340 2394 aer.
2374 2338 2661 2395 Enimvero
2682 2343 2798 2393 tute
2817 2335 2946 2408 quid
2971 2335 3143 2390 dicis?
3174 2333 3453 2389 Nonnulla:
3479 2340 3626 2400 sunt,

2041 2434 2240 2505 inquis,
2269 2433 2576 2505 spirituales
2606 2438 2830 2496 naturte,
2865 2437 2925 2484 ut
2948 2428 3158 2498 angeli,
3188 2426 3624 2507 archangeli’cae-

2040 2535 2275 2596 temque
2299 2526 2545 2590 virtutes,
2579 2525 2691 2594 ipsa
2713 2537 2928 2592 quoque
2947 2522 3126 2576 anima
3155 2528 3340 2575 nostra
3367 2519 3452 2574 vel
3479 2526 3627 2574 certe

2038 2634 2132 2674 aer
2159 2619 2259 2674 iste
2287 2618 2498 2673 subtilis
2523 2657 2536 2680 ,
2569 2626 2748 2672 tamen
2777 2615 3114 2686 incorporea:
3149 2613 3457 2668 nullatenus
3483 2611 3626 2667 msti-

2037 2712 2264 2768 mandm.
2305 2710 2566 2778 Intende,
2613 2725 2816 2780 quzeso,
2873 2709 3111 2763 animum
3153 2722 3252 2776 pro
3301 2713 3354 2760 te
3399 2704 3628 2773 quisque

2038 2797 2211 2861 nostri
2239 2804 2459 2867 arbiter,
2492 2802 2678 2870 ferque
2718 2799 3005 2869 judicium,
3046 2802 3186 2851 sitne
3240 2794 3456 2864 aliquod
3502 2809 3629 2864 pro-

2040 2895 2371 2951 locutionum
2421 2894 2681 2946 harumce
2728 2889 3058 2945 discrimen:
3108 2887 3258 2958 lmpii
3287 2887 3353 2942 de
3391 2886 3628 2940 humano

2041 2987 2232 3058 spiritu
2255 3025 2269 3049 ,
2320 2985 2388 3039 de
2434 2983 2672 3039 humana
2699 2982 2953 3039 videlicet
2975 2982 3154 3037 anima
3182 2981 3452 3045 dixerunt,
3483 2977 3631 3048 quod

2041 3077 2367 3135 diffundatur
2390 3077 2612 3148 spiritus
2638 3084 2893 3145 tanquam
2917 3074 3096 3130 mollis
3123 3089 3234 3130 aer.
3286 3069 3632 3127 Necessarins

2043 3170 2134 3227 hic
2160 3178 2346 3225 noster
2374 3168 2650 3238 adjungit,
2675 3167 2820 3238 quod
2847 3164 3024 3222 anima
3053 3167 3289 3220 humana
3318 3173 3372 3219 et
3407 3178 3501 3218 aer
3529 3162 3632 3216 iste

346 3258 633 3314 “ramenta
700 3255 944 3326 αυωάειῐη
1014 3270 1135 3310 cum
1183 3255 1589 3324 θοῐηρυιοτίδυε
1634 3256 1937 3322 "limitant.
1966 3257 2014 3321 C
2045 3263 2256 3320 subtilis
2275 3277 2429 3332 teque
2453 3261 2751 3332 spiritualia
2773 3268 2918 3324 sunt,
2944 3258 3038 3314 sed
3063 3256 3284 3328 perinde
3315 3255 3631 3322 incorporea

348 3359 443 3407 aut
468 3351 648 3423 palam
696 3349 1005 3418 loquantur,
1037 3353 1128 3401 aut
1155 3354 1388 3402 taceant.
1433 3345 1720 3402 Enimvero
1743 3361 1938 3402 eruen-

349 3453 437 3501 tur
457 3444 597 3499 mihi
649 3449 812 3512 atque
861 3439 1219 3496 extrahentur
1265 3439 1425 3492 etiam
1479 3440 1826 3510 nuncupatim
1873 3454 1943 3494 ex

349 3536 547 3593 abditis
575 3534 967 3590 tenebellarum
991 3573 1006 3598 ,
1044 3531 1136 3600 qui
1173 3529 1436 3586 hactenus
1463 3531 1743 3587 delituere.
1793 3530 1940 3586 Prm-

352 3628 503 3684 nosci
547 3642 677 3682 vero
724 3625 886 3690 licet,
943 3633 1122 3680 tacere
1166 3642 1233 3681 ne
1275 3627 1504 3681 habeam
1543 3624 1684 3679 facta
1711 3637 1960 3692 quorum‘

356 3719 572 3775 nomina
618 3734 729 3774 non
776 3717 988 3772 tacebo.
1040 3716 1235 3772 Faxint
1285 3726 1466 3772 tamen
1515 3716 1602 3769 isti
1630 3713 1776 3783 quod
1805 3713 1946 3767 foret

353 3813 582 3876 libitum,
611 3811 962 3880 salubresque
990 3811 1228 3866 monitus
1254 3815 1530 3880 spernant,
1555 3807 1701 3861 haud
1731 3807 1946 3876 impune

359 3904 583 3958 scilicet.
633 3903 749 3970 Ego
777 3916 908 3955 vero
948 3901 1315 3970 prmeligerem
1347 3900 1416 3953 ab
1445 3899 1564 3954 istis
1588 3914 1710 3954 cum
1734 3897 1947 3953 Euche-

359 3993 443 4047 rio
472 3992 641 4061 rejici,
675 4006 836 4060 quam
884 4006 1004 4046 cum
1035 3991 1152 4045 istis
1205 4006 1235 4044 a
1266 3991 1495 4044 veritate
1531 3989 1790 4044 damnari.
1841 3988 1948 4043 Sed

361 4085 482 4142 istic
515 4084 672 4140 'nunc
720 4083 870 4138 locus
899 4089 954 4138 et
1005 4089 1218 4153 tempus
1247 4091 1330 4138 est
1353 4122 1366 4146 ,
1399 4090 1458 4136 ut
1479 4083 1618 4139 sicut
1645 4098 1676 4136 a
1705 4073 1947 4152 philoso-

362 4177 485 4250 phis
513 4176 580 4232 ad
609 4182 931 4232 tractatores
949 4216 964 4242 ,
1014 4176 1094 4231 sic
1139 4191 1170 4229 a
1210 4175 1593 4230 tractatoribus
1621 4175 1689 4229 ad
1719 4174 1950 4229 authen-

363 4271 499 4327 ticos
523 4269 744 4339 gradum
773 4284 1045 4339 consequa
1092 4269 1304 4324 ratione
1332 4268 1592 4323 faciamus
1614 4306 1630 4332 ,
1688 4267 1950 4323 suadente

363 4363 546 4432 modo,
576 4363 781 4421 scilicet
809 4363 1079 4434 plerisque
1107 4364 1326 4418 testium
1357 4362 1555 4417 tacitis.

996 4453 1224 4510 CAPUT
1253 4454 1316 4508 Χ.

664 4546 816 4602 Teste
841 4548 1004 4602 utitur
1030 4549 1145 4620 ipsa
1171 4548 1346 4602 divina
1373 4549 1648 4619 sapientia.

434 4641 477 4698 I.
520 4640 813 4697 Audiamus
850 4639 1011 4709 igitur
1049 4639 1176 4710 quid
1216 4641 1463 4709 imaginis
1503 4657 1613 4697 suae
1641 4644 1954 4712 pronuntiet
1976 4631 2031 4692 Ι)

365 4735 598 4795 inimicis
641 4733 818 4790 divina
867 4733 1179 4805 Sapientia:
1232 4733 1524 4799 Dixerunt,
1569 4735 1760 4804 inquit,
1809 4735 1956 4807 impii

368 4833 656 4903 cogitantes
681 4845 787 4884 non
816 4836 983 4882 recte:
1031 4826 1292 4900 Exiguum
1314 4836 1364 4881 et
1391 4843 1508 4882 cum
1537 4828 1692 4883 twdio
1717 4835 1793 4882 est
1827 4836 1956 4881 tem-

369 4940 465 4996 pus
504 4923 622 4978 vitte
662 4927 885 4985 nostrae;
929 4927 978 4974 et
1007 4922 1296 4974 exstinctus
1333 4920 1463 4973 cinis
1497 4921 1594 4974 erit
1630 4936 1816 4991 corpus
1862 4938 1953 4974 no-

369 5022 562 5080 strum,
614 5019 666 5066 et
721 5012 937 5082 spiritus
976 5010 1298 5082 di/I'undetur
1344 5018 1592 5080 tanquam
1644 5011 1814 5064 mollis
1866 5027 1958 5064 aer

374 5104 529 5177 (Sap.
556 5121 611 5171 ιι,
645 5103 699 5169 l,
728 5103 801 5174 5).
835 5100 990 5171 Impii
1011 5100 1128 5155 haac
1154 5100 1428 5165 dixerunt,
1459 5116 1618 5170 super
1638 5116 1776 5170 quos
1795 5103 1955 5171 paulo

371 5203 501 5267 post
568 5193 758 5251 eadem
819 5191 1098 5264 Scriptura
1146 5192 1225 5248 sic
1272 5193 1510 5260 loquitur
1573 5209 1585 5245 :
1658 5191 1958 5248 Excwcavit

374 5289 512 5343 enim
535 5287 653 5342 illos
698 5286 904 5340 malitia
931 5301 1144 5351 eorum;
1187 5286 1430 5358 quoniam
1471 5284 1611 5340 Deus
1641 5287 1830 5340 creavit
1859 5286 1957 5342 ho-

374 5381 567 5435 minem
593 5375 1126 5458 in'exterminabilem,
1156 5386 1205 5432 et
1225 5377 1294 5431 ad
1319 5378 1602 5447 imaginem
1629 5394 1737 5432 sua:
1773 5379 1961 5433 simili-

375 5473 571 5529 tudinis
594 5472 717 5545 fecit
741 5457 889 5526 illum
919 5470 1107 5543 (11254.,
1137 5471 1224 5538 ει,
1254 5471 1365 5543 ss).
1397 5471 1523 5528 Istic
1551 5486 1680 5541 ergo
1708 5457 1877 5528 temet
1905 5476 1959 5529 in

374 5565 748 5624 defensionem
772 5567 853 5622 tui
878 5566 1055 5623 acrius
1080 5568 1503 5638 permovendum
1532 5571 1725 5636 credo,
1755 5587 1963 5643 proque

375 5657 792 5718 causte'merito
838 5659 893 5714 in
940 5675 1028 5715 me
1068 5660 1230 5715 etiam
1271 5659 1572 5716 istiusmodi
1600 5659 1768 5716 ferme
1797 5665 1959 5721 verba

454 5786 483 5815 ἰ
518 5775 621 5833 Hic
647 5775 837 5834 deesse
872 5775 1074 5846 aliquid
1100 5774 1330 5832 videtur.

451 5846 485 5890 δ
523 5848 826 5916 Terentius,
857 5849 1106 5921 Adelph.,
1136 5855 1242 5903 act.
1274 5847 1327 5917 l,
1350 5860 1500 5906 scen.
1524 5846 1580 5917 2,
1608 5861 1752 5907 vers.
1784 5850 1872 5905 i8.

2043 3373 2152 3413 non
2181 3356 2306 3410 sint.
2367 3354 2546 3410 Verba
2575 3367 2720 3406 nunc
2741 3350 2929 3405 eadem
2953 3390 2968 3414 ,
3013 3355 3068 3402 et
3095 3361 3311 3402 sensum
3341 3341 3588 3414 expende
3614 3359 3627 3393 :

2042 3468 2166 3508 nam
2195 3449 2340 3521 quod
2369 3450 2480 3504 illic
2511 3447 2730 3516 spiritus
2764 3444 2960 3498 dicitur
2985 3442 3285 3502 humanus,
3316 3437 3401 3492 hic
3429 3435 3626 3488 anima.

2043 3545 2119 3598 Ita
2169 3543 2414 3614 profecto
2461 3537 2793 3600 concordat,
2845 3543 3008 3606 atque
3055 3534 3099 3588 si
3141 3539 3366 3599 uterque
3396 3528 3632 3583 animam

2045 3642 2139 3690 aut
2165 3633 2411 3703 spiritum
2453 3637 2681 3698 uterque
2728 3627 2982 3691 dixisset;
3032 3626 3125 3696 qui
3168 3623 3374 3682 scilicet
3421 3621 3529 3676 illic
3578 3618 3632 3673 in

2046 3729 2264 3784 mollem
2293 3725 2438 3781 fundi
2471 3707 2890 3787 aeremdicitur,
2922 3721 3064 3774 sicut
3091 3718 3274 3773 itidem
3303 3715 3484 3769 subtili
3515 3713 3635 3767 istic

2048 3820 2160 3876 aeri
2188 3825 2553 3888 comparatur.
2595 3813 2750 3880 Quod
2789 3824 2917 3879 ergo
2943 3809 3166 3863 diffundi
3195 3806 3412 3876 spiritus
3439 3803 3636 3858 dicitur

2049 3921 2304 3980 tanquam
2333 3908 2511 3962 mollis
2541 3921 2654 3967 aer,
2689 3904 2796 3958 tale
2826 3909 2906 3956 est
2929 3917 2994 3955 ac
3020 3900 3066 3954 si
3095 3899 3384 3960 diceretur,
3406 3893 3637 3964 Spiritus

2050 4003 2158 4058 hoc
2183 4011 2268 4056 est.
2292 3998 2438 4069 quod
2467 3996 2644 4052 mollis
2673 4010 2784 4049 aer.
2838 3992 3096 4060 Itemque,
3125 3985 3383 4058 spiritalis
3410 3992 3492 4038 est
3519 3983 3636 4037 ani-

2050 4113 2139 4152 ma
2167 4103 2350 4150 nostra
2371 4101 2426 4147 et
2453 4106 2546 4146 aer
2568 4091 2670 4144 iste
2697 4086 2941 4150 subtilis;
2967 4085 3042 4138 ita
3067 4090 3151 4138 est
3175 4096 3238 4136 ac
3264 4079 3308 4154 si
3328 4078 3595 4134 diceretur
3619 4094 3632 4128 :

2051 4187 2240 4242 Anima
2269 4191 2455 4239 nostra
2484 4182 2592 4237 hoc
2619 4189 2704 4236 est
2738 4177 2883 4248 quod
2910 4177 3022 4231 'aer
3068 4175 3168 4230 iste
3197 4171 3428 4227 subtilis.
3471 4167 3638 4223 Cum-

2052 4293 2157 4348 que
2184 4275 2210 4315 δ
2243 4291 2309 4331 ex
2338 4275 2422 4330 bis
2467 4258 2676 4330 duobus
2725 4269 2869 4340 quod
2917 4275 3043 4322 ante
3087 4265 3290 4320 dictum
3319 4269 3424 4326 est,
3456 4259 3640 4331 impio-

2054 4388 2171 4427 rum
2199 4368 2533 4440 blasphemia
2574 4367 2680 4432 sit,
2729 4363 2875 4434 quod
2914 4359 3273 4434 postpositum
3303 4364 3394 4411 tua
3419 4362 3640 4410 senten-

2054 4465 2148 4532 tia,
2191 4462 2408 4532 duoque
2433 4461 2536 4516 ista
2565 4466 2792 4514 eatenus
2819 4455 3094 4517 uniantur,
3119 4459 3180 4521 ut
3206 4449 3314 4505 sint
3342 4455 3397 4503 et
3424 4445 3642 4516 negotio

2053 4565 2109 4614 et
2134 4572 2294 4614 sensu
2320 4562 2374 4610 et
2393 4553 2560 4609 verbo
2583 4545 3076 4606 indiscriminabilia
3106 4562 3119 4598 :
3151 4540 3280 4612 quid
3305 4538 3644 4610 potissimum

2057 4651 2425 4721 consequitur,
2475 4647 2578 4703 nisi
2631 4653 2690 4699 ut
2738 4650 2830 4697 aut
2859 4657 2959 4711 pro
2989 4635 3338 4693 similitudine
3364 4629 3645 4686 sententia:

2058 4755 2200 4811 tum,
2247 4745 2293 4800 si
2340 4741 2586 4797 eamdem
2632 4729 3060 4792 defensitandam‘
3105 4726 3282 4782 credis
3307 4763 3322 4788 ,
3355 4723 3646 4811 impiorum

2059 4808 2274 4907 quoque
2325 4831 2592 4889 sententia
2642 4824 2922 4880 laudabilis
2949 4821 3049 4884 sit;
3082 4825 3176 4872 aut
3202 4816 3329 4887 quia
3357 4808 3646 4886 plectibilis

2059 4931 2148 4984 illa
2181 4936 2291 4995 est,
2321 4933 2414 4980 tua
2441 4933 2657 4992 quoque
2692 4918 2761 4972 sit
2801 4930 2900 4985 pro
2941 4912 3056 4981 ejus
3101 4909 3372 4982 parilitate
3420 4907 3647 4963 damna-

2060 5023 2181 5078 bilis
2201 5023 2224 5075 ?

2133 5110 2218 5166 llI.
2251 5107 2358 5164 Sed
2386 5104 2514 5176 quid
2541 5102 2740 5160 diutius
2785 5101 2871 5156 vel
2909 5102 3347 5169 argumentantes
3385 5088 3650 5144 allucina-

2063 5219 2203 5268 mur,
2233 5215 2356 5257 cum
2393 5212 2554 5269 super
2581 5195 2688 5251 hoc
2733 5193 2997 5266 propheta
3033 5187 3341 5246 censuerit:
3369 5181 3650 5240 Dixerunt,

2064 5294 2257 5363 inquit,
2297 5292 2442 5362 impii
2480 5288 2621 5362 apud
2649 5303 2702 5343 se
2730 5288 3014 5360 cogitantes
3043 5296 3149 5335 non
3187 5282 3325 5332 recte
3347 5289 3364 5326 :
3385 5269 3651 5339 Exiguum

2065 5395 2144 5442 est
2171 5394 2367 5456 tempus
2387 5384 2504 5438 vitae
2532 5387 2750 5446 nostris;
2791 5386 2842 5432 et
2879 5374 3162 5431 exstinctus
3184 5366 3314 5422 cinis
3340 5363 3677 5456 πίε-ξουνρωὶ

2066 5451 2314 5544 nostrum,
2359 5482 2409 5530 et
2450 5476 2662 5546 spiritus
2705 5467 3023 5539 diﬂ‘undetur
3063 5471 3308 5530 tanquam
3345 5451 3649 5546 mollis

2065 5541 2600 5641 Postquevpaulu'lum
2629 5558 2954 5619 sententiam
2993 5565 3210 5624 quoque
3253 5545 3500 5604 intersita
3536 5541 3652 5599 dis-

2064 5664 2344 5738 putatione
2389 5655 2660 5727 suhjungit
2691 5671 2705 5707 :
2738 5651 2899 5717 Haec,
2943 5647 3138 5718 inquit,
3179 5643 3563 5718 cogitaverunt,
3601 5640 3654 5694 et

2146 5792 2170 5859 ξ
2211 5778 2335 5859 tum
2358 5773 2594 5859 nam“
2617 5769 2794 5859 ait“?
2815 5767 3120 5859 PPﬁdE’E'..-
3151 5797 3163 5803 ·

2148 5847 2174 5888 ἀ
2212 5847 2340 5905 Ηωο
2358 5840 2491 5906 item
2522 5843 2724 5900 omittit
2742 5842 2931 5901 eadem
2958 5840 3145 5898 editio.
3234 5869 3240 5877 -
