4140 6346
432 420 546 483 755

439 645 698 708 tanquam
725 632 935 688 diceres
968 630 1157 702 I,QUid
1205 635 1259 688 in
1297 636 1377 687 eis
1406 630 1576 700 culpas
1617 626 1868 690 vertitur,
1908 623 2038 692 quid

381 793 390 798 ,
439 727 674 791 erroris?
702 725 794 786 ille
819 727 1128 800 respondit:
1151 724 1434 778 Hominem
1458 721 1693 775 animam
1715 727 2038 787 corpoream

439 826 832 897 cogitaverunt,
879 829 936 896 et
972 825 1288 876 erraverunt
1320 834 1332 869 :
1366 830 1430 870 ac
1471 814 1617 868 velut
1642 818 1863 880 rogaret
1891 819 1914 847 ε
1946 822 2039 876 ge-

441 920 765 983 minantem;
789 923 845 972 et
863 914 990 986 quid
1021 915 1075 969 in
1103 915 1207 968 hoc
1234 911 1433 966 veritas
1457 907 1694 974 claudat,
1723 909 1786 960 ut
1804 904 2039 958 animam

442 1025 639 1083 corpus
665 1020 786 1065 esse
813 1009 935 1078 quis
960 1005 1178 1067 sentiat,
1205 1005 1365 1058 iterat
1385 1001 1648 1072 prOpheta
1678 1009 1994 1067 responsum
2022 1011 2035 1045 :

442 1101 764 1158 Erraverunt
810 1099 1079 1163 videlicet,
1131 1099 1452 1159 erraverunt,
1501 1094 1622 1163 quia
1673 1087 1814 1142 Deus
1852 1085 2042 1140 creavit

441 1197 702 1251 hominem
720 1189 1251 1254 inexterminabilem,
1281 1195 1330 1242 et
1359 1186 1426 1240 ad
1455 1185 1732 1256 imaginem
1761 1193 1869 1235 sum
1897 1178 2043 1232 simi-

440 1285 684 1343 litudinis
729 1287 850 1358 fecit
877 1284 1046 1338 illum.
1085 1282 1144 1336 Id
1183 1288 1265 1335 est
1309 1279 1489 1334 dicere
1521 1295 1533 1327 ε
1568 1274 1721 1330 Adeo‘
1747 1276 1903 1326 tenus
1934 1284 2043 1323 non

442 1384 531 1436 est
547 1357 742 1448 corpus
773 1377 971 1438 anima,
998 1378 1058 1448 ut
1083 1373 1154 1426 sit
1179 1371 1357 1439 imago
1385 1368 1582 1423 divina.
1628 1364 1796 1419 Estne
1839 1357 2042 1430 aliquid

445 1485 556 1542 quo
601 1470 670 1525 ab
715 1468 1128 1524 hinc'locorum
1178 1463 1384 1534 uspiam
1423 1457 1803 1530 progrediaris,
1836 1458 2046 1508 tuomet

445 1563 646 1619 indicio
691 1561 953 1633 proditus,
988 1550 1226 1613 veritatis
1273 1553 1476 1608 viribus
1517 1556 1732 1620 ‘captus,
1768 1545 2046 1617 propheta:

447 1655 829 1712 testiﬁcatione
875 1648 1190 1706 convictus?
1237 1646 1343 1701 Sed
1395 1643 1590 1699 viderit
1634 1641 1859 1710 quisque
1901 1635 2047 1707 quod

450 1751 691 1806 sentiat:
725 1753 887 1818 prout
933 1759 1054 1801 mea
1083 1750 1261 1798 tamen
1305 1741 1489 1811 opinio
1535 1737 1657 1802 fert,
1704 1736 1809 1789 hoc
1855 1733 2047 1788 saltem

448 1843 678 1916 probum
717 1837 864 1908 qtiod
897 1848 1124 1893 eatenus
1162 1831 1568 1888 dissertavimus
1607 1827 1892 1882 adversum
1921 1837 2045 1879 cor-

1594 439 1643 480 _.
1686 396 2001 470 rimari
2041 401 2413 466 CLAUDIAM
2489 467 2493 471 ,
2583 373 2588 378 ’

437 546 739 598 erraverint
765 553 784 592 ἔ
812 531 1090 590 MOU“
1128 531 1268 594 Νη
1307 526 1430 591 iac!
1464 525 1673 588 malitia
1712 547 1918 586 eorum.
1967 524 2038 582 Et
2069 529 2121 588 A

3628 391 3752 463 πθ

2763 516 2972 576 ΞΑΡῐῙτ
3007 517 3120 576 ΧΠ.

2763 543 2766 547 λ
2785 516 2874 576 AP
3108 562 3120 574 .

2145 616 2227 679 De
2253 633 2314 671 eo
2339 613 2474 686 quod
2495 517 2782 686 Apostolus:
2803 515 3266 742 ταΞΞηκξῗηεᾳα
3285 614 3357 668 ad
3384 616 3592 670 tertium
3613 615 3750 671 dicit

2841 703 2870 740 ε
3027 727 3041 740 .

2841 703 3041 740 cm.

2215 803 2252 858 I.
2285 801 2430 858 Sana
2458 803 2658 873 quippe
2692 803 2974 858 catholica
3012 801 3137 858 ﬁdei
3172 801 3420 858 doctrina
3466 801 3540 858 ita
3585 810 3754 860 tenus

2145 896 2394 952 intersito
2417 895 2587 966 gradu
2607 893 2676 950 ab
2701 894 2822 950 imis
2849 895 2916 950 ad
2945 894 3140 961 media,
3172 910 3203 949 a
3231 894 3423 950 mediis
3444 894 3509 949 ad
3535 911 3752 950 summa

2144 990 2546 1063 conscenditur,
2579 995 2638 1044 ut
2682 993 2802 1044 rato
2844 987 3050 1057 judicio
3089 1003 3409 1059 corpoream
3439 995 3753 1044 creaturam

2146 1082 2473 1154 incorporali
2511 1088 2775 1137 creaturas
2817 1080 3070 1147 subdens,
3103 1087 3157 1136 et
3185 1098 3396 1138 summo
3423 1082 3754 1153 incorporeo

2147 1177 2382 1232 creatori
2405 1177 2544 1231 hanc
2573 1175 2819 1231 eamdem
2847 1191 2969 1231 cum
2998 1175 3080 1231 sui
3110 1173 3350 1253 inferio‘ri
3379 1173 3673 1246 subjiciens
3692 1173 3756 1230 in

2148 1270 2365 1325 tertium
2394 1270 2589 1325 caelum
2618 1267 2768 1324 Pauli
2798 1269 3148 1341 pedissequos
3177 1269 3371 1340 rapiat,
3395 1270 3487 1340 qui
3515 1269 3756 1326 solidum

2148 1361 2420 1418 sensibilis
2468 1363 2652 1416 mundi
2712 1363 3034 1433 penetrabili
3080 1371 3264 1418 mente
3320 1363 3754 1430 transmiserint;

2150 1457 2517 1526 intentamque
2541 1457 2710 1512 aciem
2729 1473 2793 1512 ex
2819 1457 2927 1512 imo
2950 1458 3071 1514 caeli
3099 1467 3249 1527 tergo
3271 1459 3547 1524 sistentes,
3569 1458 3758 1514 redin-

2151 1550 2374 1620 tegratis
2413 1549 2614 1605 viribus
2650 1566 2811 1606 omne
2847 1551 3226 1622 incorporeum
3265 1559 3511 1606 creatum
3539 1551 3760 1622 potiore

2153 1642 2269 1698 nisu
2298 1658 2398 1714 pro
2427 1641 2742 1698 substantia:
2772 1643 3170 1699 excellentioris
3203 1643 3466 1713 dignitate
3499 1651 3760 1699 tranave-

2151 1735 2279 1802 rint,
2313 1743 2475 1806 atque
2503 1735 2630 1791 hinc
2658 1731 2890 1792 redactis
2912 1736 3186 1808 paululum
3216 1737 3546 1809 respiraculo
3574 1753 3764 1808 pausa

2152 1828 2378 1896 viribus,
2413 1829 2466 1883 in
2513 1846 2761 1901 suprema
2810 1830 3127 1903 incorporea
3175 1830 3437 1886 creatoris
3481 1829 3767 1899 agnitione

449 1912 681 2006 porales,
717 1946 818 2002 pro
858 1928 1190 2000 spiritalibus
1217 1934 1303 1982 sat
1329 1924 1486 1988 foret,
1519 1921 1575 1976 ni
1615 1935 1712 1991 par
1739 1932 1857 1973 esse
1884 1916 2048 1971 duee-
2078 1912 2125 1971 Β
2154 1921 2514 1977 constiterint.
2548 1918 2812 1987 Quocirca
2843 1936 2986 1976 nunc
3024 1919 3266 1976 locorum
3295 1921 3765 1991 percunctarise—

449 2043 587 2094 rem,
620 2025 917 2097 apostolica
945 2038 1162 2093 quoque
1191 2028 1285 2076 aut
1313 2020 1478 2076 etiam
1508 2013 1819 2086 evangelica
1849 2010 1904 2066 in
1932 2024 2048 2065 rem

448 2117 834 2179 controversia:
862 2115 1142 2187 praesentis
1171 2113 1444 2168 adhibere.

1069 2203 1300 2262 CAPUT
1337 2203 1426 2258 XI.

521 2303 696 2361 Paulo
723 2303 960 2376 apostolo
987 2309 1113 2356 teste
1134 2316 1227 2372 pro
1248 2293 1553 2352 illocalitate
1573 2290 1766 2347 anime
1790 2289 1974 2344 utitur.

522 2395 692 2469 igitur
713 2409 1021 2466 quanquam
1045 2389 1322 2447 nonnullis
1347 2387 1588 2443 locorum
1631 2382 1802 2440 sicubi
1841 2378 2048 2436 condu-

453 2492 556 2556 xit,
579 2488 955 2560 quarumpiam
984 2483 1382 2555 Scripturarum
1409 2478 1732 2534 testimoniis
1761 2489 1888 2530 usus
1913 2473 2050 2538 sim;

453 2581 537 2636 fas
576 2587 760 2635 tamen
806 2584 890 2633 est
937 2573 1254 2630 multimodo
1283 2569 1528 2627 veritatis
1557 2567 1752 2638 gaudio
1784 2562 2052 2632 falsiloqui

454 2672 782 2730 cerviculam
845 2667 1048 2726 salubri
1100 2665 1410 2725 concisione
1457 2661 1802 2733 concipilare.
1856 2657 2055 2712 Paulus

453 2765 647 2820 doctor
667 2759 926 2835 gentium,
953 2777 1047 2816 vas
1071 2759 1302 2816 electum
1334 2771 1349 2813 :
1379 2756 1542 2812 Omne
1556 2763 1839 2828 peccatum,
1859 2751 2050 2820 inquit,

454 2868 605 2914 extra
626 2873 811 2930 corpus
836 2866 931 2912 est.
967 2852 1070 2921 Qui
1089 2859 1260 2910 autem
1285 2855 1594 2925 fornicatur,
1624 2847 1680 2904 in
1702 2863 1886 2919 corpus
1906 2859 2055 2900 suum

453 2960 632 3031 peccat
653 2947 721 3026 (ll
748 2951 868 3008 Cor.
901 2965 974 3018 vi,
1008 2949 1119 3023 18).
1149 2947 1206 3004 Si
1237 2954 1465 3017 excepto
1487 2944 1713 3001 crimine
1741 2938 2057 2997 fornicatio-

455 3047 561 3113 nis,
597 3052 750 3101 estra
779 3057 974 3114 corpus
1001 3049 1086 3097 est
1114 3055 1273 3095 omne
1301 3045 1604 3110 peccatum,
1639 3036 1694 3089 in
1725 3033 1901 3087 anima
1926 3044 2054 3099 ergo

459 3142 563 3192 est.
595 3132 771 3191 Porro
801 3134 846 3189 si
875 3135 932 3189 in
957 3134 1139 3212 anima
1165 3138 1267 3196 est,
1299 3137 1355 3186 et
1383 3141 1577 3200 corpus
1606 3133 1690 3182 est
1713 3126 1911 3187 anima,
1943 3135 2055 3178 non

459 3239 592 3297 ergo
621 3232 773 3281 extra
803 3239 1003 3297 corpus
1027 3231 1110 3279 est
1139 3233 1299 3277 omne
1326 3228 1626 3292 peccatum.
1671 3213 1779 3272 Sed
1819 3215 2054 3287 Aposto-

459 3318 544 3376 lus
586 3313 733 3383 dicit,
783 3325 984 3388 praeter
1035 3314 1448 3370 fornicationem
1498 3317 1650 3366 extra
1695 3324 1893 3379 corpus
1937 3321 2055 3361 esse
2082 3300 2128 3363 C

461 3427 624 3466 omne
664 3417 968 3481 peccatum.
1012 3407 1341 3480 incorporea
1389 3419 1517 3474 ergo
1554 3411 1639 3460 est
1671 3404 1869 3467 anima,
1903 3407 1962 3456 ut
1988 3401 2059 3456 sit

463 3504 663 3574 aliquid
710 3505 766 3559 in
809 3519 917 3576 quo
964 3511 1118 3559 extra
1161 3515 1360 3572 corpus
1401 3500 1574 3572 possit
1599 3513 1719 3554 esse
1749 3503 2052 3569 peccatum.

459 3593 703 3665 itemque
741 3591 808 3650 ad
845 3593 1160 3651 Corinthios
1199 3593 1255 3649 in
1292 3608 1416 3650 eum
1455 3591 1546 3663 qui
1585 3591 1788 3648 scelere
1823 3589 2061 3660 pollutus

463 3680 676 3753 incesti,
707 3683 1052 3742 novercalem
1079 3693 1261 3742 torum
1289 3699 1429 3756 pene
1463 3684 1650 3738 matris
1688 3690 1964 3753 stuprator
1991 3680 2058 3734 il-

465 3779 684 3844 luserat,
720 3777 1049 3835 sententiam
1096 3777 1533 3849 promulgaturus
1560 3777 1637 3830 sic
1661 3776 1736 3828 ait
1769 3793 1781 3826 :
1820 3772 1930 3827 Etsi
1964 3771 2058 3826 ab-

467 3885 585 3926 sens
609 3885 840 3942 corpore,
863 3885 1095 3943 presseris
1125 3877 1298 3924 autem
1332 3869 1536 3940 spiritu,
1568 3883 1683 3921 eum
1705 3867 1789 3938 qui
1817 3867 1911 3919 hoc
1935 3880 2061 3936 opus

469 3959 591 4038 fecit
617 3964 732 4035 jam
753 3963 1005 4034 judicavi.
1041 3961 1180 4030 Quid
1221 3961 1385 4024 istud,
1428 3960 1674 4033 apostolo
1722 3955 1903 4024 Paule,
1935 3955 2064 4026 quid

468 4049 612 4113 istud
637 4055 755 4111 est?
783 4039 1068 4124 Quomodo
1113 4055 1308 4110 absens
1349 4067 1578 4124 corpore
1616 4067 1692 4120 es,
1727 4051 1818 4106 ubi
1845 4049 2067 4121 spiritus

473 4151 744 4222 praesens?
769 4148 828 4204 Si
872 4165 1068 4220 corpus
1115 4157 1197 4203 est
1241 4149 1479 4218 spiritus,
1523 4161 1620 4202 cur
1657 4161 1766 4201 non
1793 4144 1973 4215 potius
1999 4157 2066 4197 ex

475 4240 685 4298 duobus
714 4239 742 4278 ι’
764 4248 1076 4309 compactus
1115 4238 1453 4308 corporibus,
1485 4251 1591 4292 uno
1631 4237 1927 4300 absentem,
1961 4234 2067 4288 alio

476 4336 798 4404 praesentem
842 4337 897 4384 te
945 4341 1064 4385 esse
1109 4327 1276 4384 dicis?
1307 4341 1328 4367 ε
1361 4327 1466 4382 Aut
1503 4329 1550 4381 si
1598 4343 1759 4382 unum
1789 4343 1984 4397 corpus
2012 4341 2072 4381 es

477 4429 646 4488 totus,
677 4431 774 4479 cur
799 4435 911 4478 non
936 4429 1093 4494 parte
1118 4421 1366 4493 corporis
1386 4419 1575 4476 abesse
1606 4428 1677 4486 te,
1702 4429 1755 4475 et
1782 4428 1937 4490 parte
1957 4436 2074 4476 cor-

477 4516 628 4590 poris
657 4514 846 4570 adesse
872 4511 1119 4585 proi‘ersi
1149 4509 1220 4569 Ut
1249 4513 1393 4568 enim
1431 4525 1660 4582 corpore
1698 4509 1992 4566 Corinthiis
2019 4519 2073 4567 te

481 4609 627 4665 dicas
654 4605 954 4674 absentem,
999 4619 1067 4662 eo
1113 4603 1364 4661 videlicet
1404 4601 1534 4659 ferri
1572 4610 1744 4674 potes,
1776 4605 1901 4674 quia
1929 4604 2073 4657 totus

2156 2013 2284 2068 dnlo
2314 2013 2624 2084 corporales
2656 2012 2789 2068 istos
2820 2011 3002 2078 velim,
3033 2028 3153 2083 qua:
3181 2028 3309 2067 vera
3338 2013 3442 2069 illis
3470 2028 3636 2084 super
3657 2014 3764 2072 hac

2157 2106 2454 2177 apostolica
2475 2105 2746 2161 sententia
2776 2105 2862 2161 sit.
2894 2105 3028 2161 Nam
3050 2123 3170 2162 cum
3201 2122 3260 2164 se
3288 2107 3434 2163 dicat
3466 2107 3764 2178 Apostolus

2155 2207 2372 2270 raptum
2421 2215 2589 2270 usque
2637 2197 2703 2252 ad
2755 2199 2971 2254 tertium
3014 2199 3232 2265 malum,
3280 2200 3514 2271 primum
3549 2212 3760 2270 quarm,

2157 2294 2422 2360 localiter,
2453 2309 2521 2348 an
2547 2291 2830 2348 iilocaliter
2849 2293 2918 2348 sit
2935 2302 3122 2364 raptus
3149 2312 3161 2347 :
3187 2300 3242 2348 et
3263 2294 3355 2364 qui
3385 2302 3492 2349 tres
3519 2294 3604 2349 isti
3631 2294 3758 2352 celi

2158 2387 2296 2453 sint,
2327 2401 2469 2440 anne
2496 2385 2675 2456 plures
2714 2384 2939 2451 horum,
2971 2401 3039 2439 an
3070 2400 3258 2439 omnes
3299 2383 3566 2454 corporei,
3597 2398 3745 2439 anne

2158 2477 2464 2549 incorporei
2515 2477 2820 2548 quippiam;
2854 2486 2915 2532 ut
2953 2477 3210 2546 quoniam
3250 2493 3353 2532 nos
3389 2475 3455 2531 ad
3493 2476 3543 2531 id
3579 2492 3755 2547 usque

2159 2573 2265 2646 loci
2284 2572 2664 2644 disputationis
2687 2572 2820 2627 ordo
2841 2569 3076 2639 devexit,
3098 2572 3226 2642 quid
3247 2572 3407 2629 istinc
3425 2570 3766 2643 sequendum

2160 2667 2246 2731 sit,
2274 2665 2431 2720 nobis
2459 2663 2705 2719 consulta
2734 2663 2982 2730 veritate,
3009 2663 3305 2720 videamus.

2229 2755 2294 2813 ll.
2327 2757 2403 2813 Ac
2431 2758 2662 2829 primum
2707 2772 2818 2812 non
2867 2772 3036 2829 usque
3076 2755 3231 2812 facile
3260 2756 3330 2813 de
3370 2756 3636 2813 collorum
3665 2774 3772 2814 nu—

2160 2867 2311 2906 mero
2367 2849 2721 2920 quzestionem
2777 2849 2937 2921 paulo
2994 2848 3362 2920 scrupulosius
3416 2850 3768 2907 ventilemus.

2161 2942 2364 3014 Nempe
2411 2941 2684 3011 legimus:
2731 2937 2964 2997 Laudate
3005 2940 3308 3007 Dominum,
3351 2942 3470 2998 creti
3521 2942 3774 3000 calorum

2163 3033 2336 3099 (Psal.
2370 3050 2584 3100 cxmn,
2617 3032 2695 3106 4).
2739 3030 2845 3090 Sed
2882 3033 3019 3090 istuc
3045 3042 3100 3089 et
3131 3033 3202 3090 de
3236 3033 3419 3090 multis
3448 3043 3503 3090 et
3527 3034 3598 3090 de
3623 3034 3776 3094 binis

2159 3125 2287 3181 licet
2315 3125 2557 3198 intelligi,
2591 3135 2649 3181 ut
2677 3133 2732 3182 et
2759 3127 2940 3198 plures
2967 3125 3089 3182 οωιί
3128 3127 3364 3199 plurium
3392 3127 3680 3194 caelorum,
3712 3137 3778 3186 et

2160 3222 2268 3278 duo
2290 3221 2411 3278 ραδιί
2441 3221 2670 3277 duorum
2699 3221 2960 3278 calorum
2986 3223 3154 3279 tacito
3183 3222 3395 3278 numeri
3420 3221 3654 3278 articulo
3675 3238 3773 3279 ac-

2161 3317 2266 3386 cipi
2288 3330 2448 3386 posse
2475 3315 2780 3371 videantur.
2814 3313 2955 3371 Ecce
2981 3324 3138 3370 terrm
3166 3315 3438 3385 contiguis
3461 3330 3588 3372 aere
3607 3324 3774 3373 tenus

2163 3425 2422 3480 aquarum
2445 3408 2774 3464 elementum
2795 3417 2896 3464 est.
2923 3407 3059 3464 Exin
3081 3407 3408 3484 profundum
3430 3409 3572 3464 aeris
3591 3424 3769 3478 usque

2164 3497 2231 3557 ad
2277 3502 2482 3558 lunaris
2522 3502 2713 3557 sideris
2761 3503 3002 3558 citimnm
3042 3502 3245 3558 lumen.
3290 3501 3373 3556 Ab
3401 3502 3531 3557 hinc
3557 3503 3767 3570 ignium

2163 3591 2510 3650 aetheriorum
2546 3595 2724 3665 spatia
2764 3609 2934 3666 usque
2981 3595 3037 3649 in
3075 3594 3275 3650 extima
3313 3593 3760 3658 transmundana,

2165 3702 2270 3758 qua
2317 3675 2639 3765 σφαιροὶιδής
2679 3685 2841 3756 globo
2894 3684 3124 3741 mundus
3170 3683 3468 3741 includitur.
3521 3682 3750 3768 Uliinam

2165 3794 2310 3833 nunc
2333 3785 2523 3833 exacta
2545 3778 2892 3834 universitate
2921 3792 3206 3848 corporum
3229 3789 3521 3848 quaaramus
3546 3772 3744 3830 omium

2167 3879 2322 3926 trans
2366 3886 2528 3926 omne
2575 3870 2941 3926 mundanum?
2982 3869 3090 3926 Sed
3137 3871 3193 3925 in
3230 3868 3334 3924 hoc
3364 3881 3530 3938 opaco
3562 3879 3752 3920 rerum

2168 3965 2516 4036 caligantium
2553 3963 2738 4020 nubilo
2767 3979 2836 4020 ex
2865 3963 3040 4036 adytis
3062 3961 3520 4034 supercmlestium
3548 3957 3761 4014 doctri-

2169 4073 2358 4112 narum
2385 4057 2630 4112 consulta
2653 4064 2979 4128 repetamus.
3014 4055 3079 4111 In
3109 4055 3364 4124 principio
3394 4052 3590 4124 (inquit
3612 4051 3769 4123 prin-

2171 4153 2369 4224 cipium
2395 4151 2692 4222 Geneseos)
2723 4154 2912 4207 creavit
2936 4151 3076 4206 Deus
3103 4150 3285 4206 coelum
3313 4157 3360 4204 et
3389 4158 3578 4203 terram
3607 4145 3768 4218 (Gen.

2172 4261 2210 4308 ι,
2248 4241 2325 4318 l).
2373 4243 2429 4298 Si
2467 4243 2810 4313 opinionibus
2845 4243 3042 4309 missis,
3087 4243 3200 4298 veri
3241 4241 3398 4297 ﬁdem
3441 4253 3771 4310 quaaramus,

2174 4352 2301 4392 ecce
2330 4337 2424 4390 tibi
2453 4344 2820 4391 creaturarum
2850 4344 3042 4392 testem
3073 4335 3248 4406 ipsum
3274 4333 3563 4390 creationis
3583 4338 3776 4388 aucto-

2176 4445 2322 4494 rem;
2353 4429 2445 4498 qui
2473 4444 2595 4484 cum
2625 4438 2748 4483 ante
2773 4443 2932 4483 omne
2961 4436 3172 4498 tempus
3199 4425 3464 4482 creaverit
3492 4423 3691 4478 omium
3719 4428 3780 4475 et

2179 4531 2395 4587 terram,
2440 4529 2667 4592 postque
2695 4520 2780 4575 die
2811 4535 2917 4575 uno
2956 4518 3144 4575 fecerit
3171 4518 3348 4574 lucem
3367 4524 3433 4598 pet
3461 4514 3775 4569 ﬁrmamen-

2182 4624 2315 4679 tum,
2359 4613 2596 4671 secundo
2645 4611 2828 4668 itidem
2871 4613 2957 4669 die
2996 4611 3317 4693 condiderit,
3363 4611 3526 4681 idque
3574 4608 3778 4665 omium

480 4702 539 4758 in
564 4699 817 4756 universo
843 4703 941 4755 ἲυῢ
961 4711 1255 4786 οοτῐδίετθυε
1276 4712 1333 4752 es
1360 4715 1372 4750 ε
1397 4711 1586 4751 verum
1615 4695 1759 4786 quod
1785 4707 2078 4766 corporeus
2104 4690 2155 4751 Ῑ)
2182 4701 2405 4762 abusivo
2447 4706 2666 4762 nomine
2705 4707 3044 4773 vocitaverit,
3071 4707 3158 4762 cui
3177 4690 3330 4761 iratis
3368 4703 3782 4760 intervallorum

479 4797 648 4859 totus,
677 4801 731 4847 et
754 4805 855 4864 per
880 4792 985 4847 hoc
1012 4785 1138 4862 quia
1169 4789 1364 4845 absens
1398 4799 1647 4860 corpore,
1681 4785 1874 4843 absens
1901 4795 2076 4854 totus;

480 4877 687 4949 nescio,
733 4897 841 4954 quo
879 4877 978 4950 tui,
1019 4896 1128 4956 quo
1176 4899 1285 4939 non
1330 4897 1405 4950 es,
1451 4881 1640 4940 adesse
1677 4889 1731 4938 te
1771 4881 1922 4939 dicis.
1975 4877 2081 4939 Aut

484 4973 753 5032 mendacii
799 4985 853 5031 te
894 4977 1090 5047 arguis,
1135 4985 1228 5033 aut
1266 4979 1576 5050 corporales
1614 4977 1747 5034 istos
1781 4969 1849 5034 de
1887 4977 2080 5034 animus

482 5070 928 5142 incorporalitate
973 5072 1264 5127 convincis.
1315 5071 1479 5128 Estne
1509 5072 1711 5144 aliquid
1740 5073 1860 5128 istic
1888 5087 2078 5144 crepe-

485 5175 628 5230 rum,
670 5169 764 5216 aut
810 5160 1051 5216 fortassis
1082 5161 1390 5230 obscurum,
1419 5167 1550 5235 quin
1595 5171 1855 5236 quantum
1885 5181 2079 5236 corpo-

483 5265 612 5311 rens
651 5257 756 5321 est,
807 5243 1005 5308 absens
1049 5251 1343 5316 Corinthiis
1387 5255 1504 5312 est?
1533 5251 1640 5311 Aut
1672 5255 1822 5313 nullo
1851 5258 1954 5325 sui,
1989 5265 2081 5312 aut

483 5357 585 5418 per
624 5343 1006 5419 incorporeum
1037 5357 1275 5418 praesens
1313 5353 1412 5404 est.
1460 5347 1814 5421 incorporeus
1843 5365 1971 5420 ergo
1999 5357 2084 5407 est

488 5437 709 5510 spiritus
734 5439 1022 5508 humanus,
1051 5453 1151 5514 per
1177 5453 1337 5512 quem
1359 5435 1557 5498 Paulus
1587 5443 1865 5514 apostolus
1889 5442 2083 5500 absens

489 5540 608 5589 tcto
630 5545 892 5608 corporeo
920 5535 1003 5591 sui
1027 5531 1322 5592 Corinthiis
1359 5537 1535 5607 potuit
1581 5538 1913 5608 praesentari.
1958 5537 2082 5594 Haec

493 5621 551 5701 et
588 5625 690 5680 alia
737 5639 806 5681 ex
850 5628 996 5684 omni
1050 5627 1219 5685 ferme
1269 5629 1704 5687 authenticonnn
1751 5631 2083 5688 voluminum

499 5724 729 5784 corpore
757 5715 1036 5773 innumera
1063 5719 1309 5790 proferre
1334 5731 1638 5791 possemus.

574 5834 603 5898 ξ
628 5827 739 5898 AL,
766 5831 1065 5898 gemimuui.

569 5893 605 5936 δ
629 5893 737 5963 AL,
767 5893 1049 5967 compacto.

2184 4795 2441 4853 limitibus
2477 4797 2599 4855 loco
2636 4800 2720 4854 vel
2768 4799 2928 4857 modo
2976 4799 3296 4855 variantium
3337 4812 3500 4868 porro
3539 4795 3781 4851 siderum

2185 4901 2500 4947 ornamenta
2525 4891 2815 4946 subtexuit.
2842 4891 3209 4947 Animadverti
3230 4896 3540 4962 promptum
3571 4894 3653 4943 est
3671 4885 3783 4941 hoc

2185 4983 2394 5040 visibile
2411 4983 2802 5039 ﬁrmamentum
2827 4992 2977 5041 tanto
3000 4983 3282 5040 intervallo
3302 4982 3619 5039 substantia:
3639 4979 3782 5036 melo

2187 5077 2439 5134 invisibili
2479 5078 2689 5143 cedere,
2729 5085 2934 5149 quanto
2974 5076 3119 5133 idem
3160 5085 3318 5132 terre
3366 5074 3487 5128 imis
3532 5073 3783 5128 locorum

2185 5171 2590 5244 intercapedine
2615 5172 2983 5243 praeeminore.
3017 5169 3280 5236 Quocirca
3309 5167 3486 5223 alieno
3513 5181 3577 5220 ac
3605 5173 3785 5219 trans-

2186 5267 2360 5323 iatitio
2383 5269 2601 5324 nomine
2629 5266 3023 5323 ﬁrmamentum
3055 5264 3196 5320 istud
3224 5263 3408 5318 calum
3425 5261 3534 5317 dici
3561 5266 3781 5330 potest:

2187 5376 2308 5416 cum
2351 5376 2478 5416 vere
2507 5377 2626 5416 esse
2670 5361 2867 5416 cmlum
2897 5360 2971 5414 illi
2998 5367 3182 5416 creato
3210 5364 3336 5412 ante
3365 5363 3612 5424 tempora
3640 5349 3787 5407 casio

2186 5454 2255 5508 sit
2275 5454 2571 5524 proprium.
2598 5453 2887 5509 Enimvero
2906 5453 3046 5509 istud
3068 5452 3394 5521 stelligerum
3416 5447 3563 5519 quod
3582 5445 3786 5502 calum

2192 5541 2434 5612 dicimus,
2470 5546 2521 5599 in
2570 5545 2843 5615 Scriptura
2882 5545 3157 5601 Geneseos
3194 5544 3316 5599 caeli
3355 5541 3552 5597 dicitur
3599 5537 3790 5593 ﬁrma-

2192 5646 2433 5692 mentum
2464 5638 2663 5709 quippe
2692 5639 2781 5694 ubi
2816 5639 3160 5694 luminarium
3183 5636 3513 5692 creationem
3541 5630 3748 5688 retexit
3772 5648 3788 5684 :

2191 5725 2361 5794 Ferit,
2384 5729 2576 5799 inquit,
2609 5730 2750 5786 Deus
2771 5731 2872 5786 duo
2900 5731 3180 5786 luminaria
3207 5746 3420 5804 magna,
3449 5735 3501 5782 et
3524 5727 3706 5799 possit
3724 5740 3794 5784 ea

2265 5843 2428 5915 "AL,
2457 5849 2524 5901 At
2552 5849 2618 5903 si.
