4140 6346
1787 208 1824 217 ο-
1931 205 2038 217 σνν-

1556 293 1644 351 DE
1680 291 1906 352 ΒΤΔΤυ
1948 286 2188 347 ΑΝΙΠΑΕ
2229 285 2356 344 ιω.
2398 285 2463 341 li.

3544 289 3654 349 758

357 427 423 483 ει
447 424 779 497 ﬁrmam
809 423 967 479 «ait:
994 431 1102 492 qua
1123 417 1374 478 videlicet
1409 418 1736 475 auctoritate
1771 427 1956 471 verum
1983 414 2035 474 Α
2061 410 2219 476 ritur,
2268 421 2370 468 nec
2413 405 2661 464 localiter
2705 405 2976 464 invenitur
3024 425 3037 462 :
3086 407 3200 465 hac
3243 423 3370 465 vera
3408 410 3652 481 proiecto

362 517 498 578 illud
528 529 692 574 unum
723 523 852 571 ante
876 523 1285 586 temperassem
1331 512 1526 570 emtum
1567 510 1788 567 credere
1832 504 1960 564 sini»

363 626 510 676 mur,
536 615 842 680 quanquam
882 607 1022 664 istud
1047 607 1117 663 de
1142 618 1254 678 quo
1288 607 1497 676 agimus
1541 603 1952 665 lineamentum,

361 705 548 759 catum
571 696 752 758 dicere
775 712 884 756 non
912 700 1268 764 inhibemur,
1289 709 1357 756 eo
1373 697 1648 763 videlicet,
1667 695 1792 768 quia
1816 694 1957 750 vena

367 795 768 852 tirtnarnemum
793 793 1075 849 vocaverit
1102 792 1320 848 emtum

439 882 527 941 111.
567 883 680 941 Sed
721 893 906 942 movet
945 885 1161 951 lteram,
1190 883 1338 953 quod
1365 880 1489 939 call
1531 879 1589 936 in
1635 878 1959 936 authentieis

369 977 735 1035 voluminibus
767 985 878 1032 non
914 975 1060 1032 (ιωῆ
1105 983 1331 1042 tantm,
1363 975 1458 1030 sed
1503 974 1696 1046 plurali
1733 984 1959 1030 omnem

365 1084 518 1140 me
553 1069 877 1125 vomuntur.
906 1068 1056 1124 Vae
1081 1077 1261 1124 autem
1299 1067 1602 1138 subjicitur,
1629 1063 1774 1135 quod
1802 1072 1961 1119 terra

365 1177 570 1233 corpus
599 1177 766 1216 eumn
810 1163 868 1217 in
912 1161 1207 1232 Soripturis
1233 1161 1427 1217 dicitur
1462 1161 1610 1216 orbis
1635 1170 1756 1216 esse
1785 1166 1959 1213 ten-a—

364 1265 510 1310 rum.
547 1251 628 1308 ita
666 1255 828 1323 igitur
858 1253 1040 1308 forsan
1067 1253 1316 1309 dicantur
1359 1253 1470 1308 cali
1507 1251 1659 1307 multi
1703 1263 1823 1306 eum
1852 1249 1960 1306 duo

365 1344 499 1408 sint,
528 1343 670 1400 sicut
697 1351 851 1400 tm
877 1343 1127 1399 dicuntur
1154 1355 1293 1408 esse,
1321 1357 1442 1398 eum
1471 1343 1668 1398 existat
1687 1340 1830 1396 baud
1857 1339 1961 1395 dua

371 1436 523 1493 bium
563 1435 708 1507 quod
750 1451 858 1493 una
899 1437 990 1491 sit.
1031 1434 1113 1491 Ad
1149 1435 1293 1504 quod
1338 1449 1470 1515 ergo
1515 1435 1736 1491 tertium
1763 1433 1961 1489 omium

371 1535 563 1600 raptus
598 1535 685 1583 est
721 1524 956 1583 Paulus?
982 1526 1080 1583 Eia
1110 1541 1253 1584 nunc
1276 1526 1434 1583 sedes
1463 1526 1739 1596 egredere,
1769 1534 1828 1582 et
1853 1525 1967 1580 eie-

369 1625 674 1677 meutorum
712 1619 942 1677 molibus
989 1621 1248 1685 excussis,
1278 1621 1588 1689 trutinaque
1623 1618 1810 1688 judicii
1835 1633 1962 1674 core

369 1725 563 1782 porum
613 1709 940 1782 ponderibus
989 1711 1257 1783 irnpositia
1277 1749 1293 1776 ,
1351 1710 1596 1782 appende
1641 1709 1902 1766 mundum
1948 1727 1961 1763 :

2055 499 2388 557 ascensionis
2423 506 2530 554 tute
2566 511 2728 554 causa
2758 498 2992 563 dabitur,
3032 499 3079 554 si
3122 499 3190 554 ab
3225 499 3495 557 inferioris
3522 503 3652 559 sub-

2055 591 2433 650 stantiae-emis
2458 590 2526 645 ad
2550 591 2748 646 aulum
2773 591 3088 647 substantia
3124 592 3351 662 potioris
3381 594 3648 650 ascendis.

2057 685 2196 753 Quia
2234 683 2599 753 querentibus
2645 682 2814 738 Deum
2867 698 2896 736 a
2953 683 3232 754 corporeis
3279 684 3344 740 ad
3391 700 3651 756 corporea

2049 778 2240 833 nullus
2269 791 2522 831 ascensus
2565 784 2668 841 est,
2698 790 2805 846 qua
2851 791 3064 832 versum
3113 793 3255 833 nunc
3300 779 3654 849 corporalitas

2061 871 2266 927 inclusa
2295 867 2567 939 diil‘ugiet?
2597 867 2742 924 Ecce
2783 877 2839 924 et
2876 878 3087 940 raptum
3118 870 3280 926 fuisse
3310 870 3532 927 Paulum
3561 887 3654 929 us-

2060 980 2169 1036 que
2192 965 2246 1019 in
2269 963 2488 1019 tertium
2516 963 2709 1019 calum
2739 978 2927 1018 verum
2949 973 3061 1031 est;
3085 971 3142 1019 et
3165 981 3376 1022 rursum
3399 974 3508 1023 tres
3537 981 3657 1021 esse

2061 1058 2230 1138 etuias
2255 1072 2547 1128 corporeus
2575 1071 2762 1112 verum
2803 1073 2909 1111 non
2952 1064 3055 1112 est.
3091 1057 3258 1126 igitur
3285 1066 3380 1113 aut
3407 1060 3656 1128 incorpo-

2063 1163 2215 1205 reum
2254 1148 2384 1220 quid
2411 1156 2652 1203 creatum
2682 1146 3029 1214 conﬁtebere,
3061 1156 3154 1203 aut
3192 1156 3302 1204 tres
3339 1149 3505 1206 caelos
3534 1149 3656 1204 inli-

2060 1241 2295 1298 ciabere.
2325 1239 2433 1296 Sed
2455 1239 2712 1310 quoniam
2740 1245 2796 1296 et
2825 1247 2938 1294 tres
2961 1253 3084 1296 esse
3111 1239 3298 1306 cales,
3321 1246 3377 1296 et
3404 1256 3511 1295 non
3541 1253 3657 1296 om—
3699 1255 3707 1322 ὲ

2063 1348 2162 1389 nes
2207 1347 2520 1403 corporeus,
2550 1331 2636 1386 vel
2681 1330 3092 1388 intliscussibilis
3138 1332 3433 1387 auctoritas
3479 1331 3656 1395 docet,
3700 1331 3707 1364 '-

2064 1426 2151 1482 vei
2180 1426 2321 1481 ratio
2350 1425 2630 1482 manifesta
2656 1425 2961 1490 convincit;
2987 1425 3088 1480 suit
3292 1440 3396 1494 ope
3419 1425 3661 1480 veritatis

2064 1517 2205 1573 sicut
2229 1515 2469 1572 fallentia
2497 1515 2864 1579 discussionis.
2895 1517 2976 1571 sic
3001 1530 3127 1572 vera
3153 1530 3473 1586 qmramus.

2138 1607 2225 1663 v1.
2260 1607 2510 1676 minus
2540 1607 2592 1663 in
2622 1606 2938 1677 Propheta:
2973 1605 3230 1678 ρυεωετ
3266 1608 3446 1664 calam
3481 1616 3530 1661 et
3561 1617 3664 1664 ωτ-

2067 1715 2201 1756 rem.
2235 1699 2438 1771 Caleni;
2473 1699 2593 1755 eali
2624 1698 2869 1765 Destino,
2915 1708 3105 1755 terram
3151 1709 3324 1754 autem
3363 1699 3504 1755 dedit
3540 1700 3664 1771 [iliis

366 1800 646 1872 quippiam
673 1799 903 1858 fortasse
937 1803 1060 1864 ωειξ
1103 1802 1258 1858 nobis
1286 1802 1430 1859 unde
1473 1800 1620 1857 unde
1659 1801 1959 1871 prosiliant.
1993 1789 2040 1860 ἢ
2069 1795 2333 1849 hominum
2353 1792 2524 1865 (Paul.
2555 1807 2706 1858 eum,
2730 1789 2962 1862 i5,.i6).
2994 1789 3116 1847 istic
3135 1791 3665 1848 animadvertendum

372 1892 483 1952 Aut
519 1894 566 1949 si
596 1903 733 1951 unus
770 1893 1001 1952 mundus
1027 1895 1215 1965 plures
1240 1909 1404 1965 porro
1451 1909 1559 1950 non
1587 1894 1752 1949 habet
1776 1892 1963 1958 culos,

370 1984 584 2055 aliquos
624 1985 718 2042 tibi
746 2001 871 2042 cum
899 1984 1134 2056 Epicuro
1160 1987 1390 2044 murales
1417 1993 1722 2044 etotnenuu
1763 1985 1968 2041 minuta

372 2077 698 2148 parturiant.
735 2084 794 2134 ut
841 2077 1061 2132 tertium
1105 2077 1301 2132 omium
1345 2075 1545 2131 Paulus
1571 2076 1828 2131 iuvent.
1859 2075 1970 2130 Sed

372 2169 501 2240 quid
527 2168 596 2224 ad
622 2169 1015 2226 beatitudinem
1039 2177 1268 2238 spectat,
1302 2177 1360 2224 ut
1384 2169 1455 2222 de
1478 2183 1588 2222 uno
1615 2183 1882 2238 corporeo
1902 2168 1970 2222 ad

373 2261 540 2326 aliud,
570 2267 664 2316 aut
707 2260 774 2316 ab
816 2261 922 2316 hoc
948 2259 1016 2315 ad
1046 2259 1261 2315 tertium
1296 2273 1450 2328 aque
1477 2273 1802 2328 corporeum
1825 2258 1973 2327 quis-

373 2369 480 2424 que
509 2352 785 2420 ascendat,
815 2369 938 2409 cum
975 2367 1085 2406 non
1133 2351 1189 2406 id
1231 2351 1302 2406 sit
1346 2351 1542 2406 merito
1571 2350 1799 2415 beatius,
1828 2349 1973 2418 quod

376 2446 500 2503 loco
545 2444 866 2500 sublimius?
914 2443 1166 2511 Alioquin
1200 2443 1396 2500 cedent
1439 2442 1662 2498 oviculis
1706 2443 1973 2508 homines,

379 2543 542 2606 atque
589 2534 660 2592 ad
703 2534 1064 2592 simultatem
1097 2549 1208 2591 non
1245 2533 1576 2605 profectibus
1601 2535 1701 2591 ibit
1724 2534 1969 2605 quisque,
2005 2565 2008 2569 ι

379 2625 478 2680 sed
504 2624 769 2694 passibus.

454 2716 543 2773 iV.
575 2716 915 2788 Quapropter
938 2730 1060 2774 cum
1082 2733 1184 2776 nec
1210 2718 1616 2788 praeminentia
1638 2717 1827 2775 loeaiis
1843 2719 1972 2775 bea—

381 2817 498 2868 tum
522 2808 703 2875 iaciat,
736 2825 836 2866 nec
865 2818 976 2868 tres
1014 2810 1307 2868 identidem
1351 2811 1522 2868 emlos
1563 2812 1742 2870 anima
1771 2827 1970 2884 corpu.

377 2898 519 2954 rales
560 2901 813 2965 inveniat,
859 2908 917 2955 ut
961 2901 1174 2956 tandem
1204 2901 1414 2962 defecta
1442 2905 1762 2976 corporibus
1791 2906 1972 2962 iocor.

377 2989 557 3059 porcis
603 2990 789 3056 cedat;
831 2991 984 3061 juxta
1045 2992 1377 3062 praelibatam
1426 2995 1589 3049 tacita
1637 2994 1975 3050 discussione

377 3083 643 3139 rationem
668 3123 685 3150 ,
732 3085 1027 3139 ternarium
1073 3085 1335 3140 caelorum
1386 3101 1668 3141 numerum
1724 3085 1976 3142 diiieren-

2068 1896 2172 1953 est,
2205 1886 2350 1944 aliud
2389 1901 2511 1943 esse
2546 1887 2729 1944 calum
2775 1894 2832 1940 et
2873 1885 3025 1941 aliud
3058 1885 3240 1938 calum
3285 1883 3415 1938 coli.
3459 1883 3668 1954 Quippe

2067 1995 2192 2037 cum
2217 1979 2398 2035 calum
2419 1980 2532 2034 cali
2559 1977 2774 2040 dicitur.
2808 1979 2916 2036 tale
2942 1987 3025 2036 est
3059 1993 3123 2034 ac
3147 1977 3194 2034 si
3222 1977 3402 2034 omium
3430 1993 3491 2032 ac
3531 1987 3670 2033 term

2069 2072 2298 2128 dicatur.
2330 2070 2499 2127 imum
2527 2083 2724 2139 nempe
2749 2069 2947 2126 siderei
2971 2068 3096 2125 caeli
3125 2069 3240 2124 hinc
3264 2077 3408 2124 terra
3427 2076 3530 2124 est.
3563 2067 3669 2124 Sed

2072 2176 2195 2216 cum
2225 2168 2352 2216 ante
2377 2174 2543 2216 omne
2569 2168 2978 2228 temporaneum
3007 2160 3272 2214 creuerit
3299 2159 3442 2216 Deus
3475 2159 3671 2216 eretum

2070 2261 2130 2310 et
2152 2261 2374 2319 ternm,
2403 2253 2751 2321 secundoque
2789 2252 2878 2308 die
2913 2252 3020 2310 hoc
3064 2252 3274 2308 visibile
3300 2252 3498 2308 omium
3529 2250 3672 2308 fece-

2075 2346 2174 2414 rit;
2201 2355 2284 2406 est
2311 2360 2441 2416 ergo
2465 2347 2661 2402 etclam
2689 2359 2808 2403 aevo
2841 2354 3000 2402 terras
3048 2347 3336 2416 posterius,
3369 2355 3490 2401 ctnn
3519 2353 3673 2402 tanto

2074 2440 2147 2500 sit
2164 2439 2425 2512 qualitate
2452 2439 2813 2510 prestantius.
2844 2437 2953 2496 Sed
2979 2439 3236 2511 quoniam
3257 2439 3403 2494 vices
3423 2447 3478 2495 et
3502 2439 3674 2508 spatia

2075 2540 2400 2603 temporum,
2451 2540 2508 2588 et
2563 2544 2746 2589 moras
2795 2530 3025 2597 dierum,
3079 2529 3436 2587 momentaria
3488 2528 3674 2587 mundi

2071 2626 2280 2686 (restio
2324 2641 2432 2683 non
2465 2624 2721 2685 admittit.
2765 2623 2891 2694 quia
2937 2623 3006 2681 de
3052 2638 3147 2680 ses
3195 2622 3401 2680 dierum
3446 2631 3672 2679 numero

2071 2719 2265 2789 magis,
2296 2732 2457 2788 quam
2501 2716 2678 2788 spatio
2716 2715 2920 2776 nullum
2949 2715 3249 2774 disserendi
3289 2729 3436 2771 nunc
3462 2722 3675 2784 tempm

2073 2822 2160 2873 est
2197 2833 2208 2867 :
2241 2813 2371 2870 illud
2418 2812 2719 2880 intelligere
2762 2811 3021 2868 debums
3061 2809 3206 2877 quod
3246 2809 3507 2876 propheta
3539 2807 3676 2861 inter

2074 2906 2256 2964 omium
2276 2912 2333 2961 et
2351 2904 2534 2960 eadem
2553 2903 2668 2959 ereti
2691 2910 2895 2958 tantam
2917 2899 3273 2958 diiierentiam
3303 2897 3448 2961 fecit,
3473 2905 3674 2965 quamn

2077 2996 2248 3054 ferme
2275 3003 2360 3054 est
2386 2995 2529 3050 inter
2557 2993 2663 3052 bed
2691 2992 2872 3050 οωιαηι
2919 2998 2975 3050 et
3023 3003 3235 3046 terram.
3273 2989 3339 3046 Ut
3366 2989 3503 3046 sicut
3531 2997 3675 3046 terra

2079 3087 2240 3156 huius
2277 3085 2487 3146 scilicet
2534 3083 2661 3144 coeli
2699 3091 2844 3142 terra
2882 3089 2994 3150 est;
3023 3083 3096 3139 ita
3148 3083 3251 3138 hoc
3297 3080 3491 3138 coelum
3535 3080 3677 3138 illius

377 3176 620 3246 tiamque
659 3163 957 3233 videmnus.
1000 3176 1140 3243 Quia
1177 3193 1301 3233 cum
1329 3176 1630 3234 differentia
1657 3178 1975 3247 dignitatum
2002 3185 2050 3249 (ζ
2080 3179 2203 3240 celi
2232 3194 2397 3250 porro
2422 3179 2493 3234 sit
2521 3187 2684 3237 terra.
2723 3175 2875 3234 Unde
2914 3176 3309 3246 conjiciendum
3353 3183 3454 3241 est,
3493 3173 3678 3232 mundi

377 3269 448 3322 sit
475 3267 744 3324 distantizn
771 3267 1033 3331 locorum,
1058 3269 1102 3322 si
1130 3267 1335 3323 distant
1360 3269 1530 3337 magis
1549 3284 1710 3339 quam
1729 3269 1978 3326 differant

379 3359 521 3418 inter
549 3359 782 3432 primum
819 3359 1224 3430 secundumque
1262 3361 1477 3428 omium,
1508 3377 1710 3433 quiem,
1739 3363 1867 3434 quid
1898 3365 1976 3421 rei

380 3451 486 3507 sit?
530 3452 638 3508 Aut
682 3450 982 3508 substantia
1011 3450 1260 3508 videlicet
1297 3452 1425 3522 illic,
1457 3462 1552 3510 aut
1591 3453 1720 3509 nihil
1760 3460 1877 3511 est?
1918 3455 1976 3512 Si

381 3541 532 3608 nihil,
566 3541 711 3598 nulla
738 3541 907 3598 creati
949 3541 1074 3598 (εωιὶ
1119 3558 1283 3598 causa
1328 3543 1553 3611 suberit,
1599 3560 1720 3602 cum
1769 3545 1885 3604 haec
1923 3546 1976 3601 in

382 3631 582 3691 intimis
627 3641 784 3692 terra:
828 3635 1103 3706 quippiam
1126 3675 1143 3703 ,
1193 3636 1294 3692 nisi
1347 3638 1773 3710 praecedentibus
1814 3655 1978 3710 porro

383 3726 525 3797 apud
542 3741 716 3784 aevum
741 3727 918 3786 causis
946 3728 1230 3786 exstiterit.
1264 3728 1358 3785 Sin
1389 3737 1569 3786 autem
1599 3737 1684 3784 est
1714 3729 1822 3786 illic
1842 3745 1982 3798 quae.

383 3817 509 3875 dam
541 3819 769 3876 terrenis
796 3819 978 3890 potior
1002 3819 1296 3878 viventium
1340 3819 1647 3884 multitudo,
1681 3829 1705 3856 ει
1727 3820 1980 3876 substan-

386 3909 462 3965 tia
509 3924 639 3978 ergo
681 3910 1079 3979 superemleﬂis
1107 3911 1210 3966 ista
1249 3910 1349 3967 sub
1390 3911 1528 3967 cmlo
1577 3918 1682 3977 est,
1730 3912 1982 3970 hauriens

390 4001 637 4058 videlicet
665 4018 696 4060 a
723 4017 961 4074 superno
989 4003 1072 4060 sui
1104 4003 1428 4060 vibrantium
1465 4004 1704 4062 siderum
1738 4003 1983 4061 ﬂammas

389 4100 446 4152 et
473 4092 787 4166 liquidiores
826 4108 988 4152 auras
1033 4093 1193 4160 aeris,
1245 4094 1398 4163 cuiius
1438 4093 1766 4154 elementum
1812 4095 1986 4165 replet

389 4184 768 4245 inter-omissus
813 4185 969 4242 vacui
1016 4199 1334 4252 concavum.
1365 4185 1510 4256 quod
1547 4185 1758 4244 scilicet
1785 4201 1816 4244 a
1843 4187 1983 4242 calo

390 4278 554 4338 tertio
578 4277 670 4336 alii
708 4276 1004 4336 viventium
1029 4276 1218 4352 populi
1251 4286 1414 4346 atque
1439 4277 1545 4332 alia
1583 4277 1817 4338 intersiti
1844 4282 1986 4340 aeris

390 4367 654 4448 profunda
675 4365 1064 4428 discriminaot.

463 4461 526 4520 γ.
549 4461 705 4518 Nunc
723 4461 886 4532 igitur
901 4461 951 4520 si
973 4476 1070 4532 per
1094 4460 1209 4520 haec
1237 4469 1481 4534 raptatus
1500 4461 1789 4534 Apostolus
1817 4477 1985 4534 usque

2078 3287 2278 3343 corpus
2307 3272 2616 3328 universum
2644 3270 2902 3328 divinitus
2925 3278 3119 3325 terram
3139 3269 3262 3335 dici,
3297 3278 3349 3323 et
3377 3268 3505 3323 illud
3533 3267 3678 3336 quod

2082 3367 2309 3424 Domino
2349 3365 2533 3422 datum
2581 3374 2688 3429 est,
2738 3366 2958 3436 proprio
3006 3365 3224 3420 nomine
3265 3362 3446 3416 emittm
3473 3362 3673 3417 vocari.

2080 3459 2358 3530 Scriptura
2386 3473 2618 3528 namque
2645 3459 2725 3514 sic
2752 3457 2994 3526 loquitur
3028 3473 3039 3508 :
3069 3454 3262 3508 Caelum
3291 3454 3402 3507 cali
3433 3451 3676 3520 Domine,

2080 3560 2278 3608 terram
2298 3560 2470 3606 autem
2497 3549 2644 3604 dedit
2673 3549 2796 3618 ﬁliis
2827 3548 3111 3604 hominum.

2154 3639 2264 3694 γυ.
2295 3638 2434 3706 Quid
2463 3651 2596 3706 ergo
2623 3638 2891 3694 dicimus?
2918 3635 3168 3707 Nunquid
3197 3636 3300 3693 hoc
3325 3635 3519 3692 omium
3553 3633 3681 3691 visi—

2081 3733 2192 3790 bile
2219 3748 2329 3788 non
2369 3731 2677 3790 hominibus
2707 3730 2893 3787 datum
2921 3739 3022 3794 est,
3050 3737 3143 3785 aut
3184 3729 3379 3786 solaris
3419 3727 3596 3794 fulgor
3624 3736 3681 3782 et

2085 3823 2252 3888 calor,
2281 3824 2367 3880 vel
2396 3824 2598 3881 lunaria
2624 3824 2771 3892 globi
2798 3837 2896 3894 per
2925 3824 3258 3878 incrementa
3279 3837 3342 3875 ac
3358 3820 3680 3874 detrimenta

2086 3917 2335 3980 variatio,
2367 3915 2453 3973 vel
2499 3925 2768 3973 astrorum
2809 3929 2975 3981 vagus
3008 3923 3264 3982 ratusque
3292 3911 3565 3974 circuitus,
3596 3911 3682 3967 vel
3760 3908 3771 3915 ’

2086 4021 2185 4076 per
2211 4020 2434 4073 magnos
2461 4004 2624 4060 orbes
2651 4018 2973 4072 congressus
2996 4003 3234 4059 siderum
3253 4011 3308 4058 et
3327 4009 3527 4056 statuta
3556 4016 3682 4070 pro.

2087 4099 2312 4165 gressio,
2343 4098 2455 4157 sive
2483 4112 2605 4154 cum
2635 4096 2840 4154 dierum
2872 4097 3218 4165 noctiumque
3263 4095 3408 4149 vices
3450 4092 3679 4159 variant,

2088 4189 2202 4245 sive
2233 4187 2360 4258 (Iulo
2399 4187 2595 4243 caloris
2634 4202 2698 4246 ae
2741 4185 2956 4256 frigoris
3002 4186 3212 4242 alterno
3258 4184 3374 4242 fotu
3424 4184 3682 4240 mundum

2085 4288 2419 4350 temperant.
2472 4295 2568 4337 seu
2618 4280 2764 4350 quod
2820 4279 3077 4336 dimensis
3124 4275 3383 4335 limitibus
3429 4277 3685 4334 articulos

2091 4379 2395 4442 winporum
2435 4371 2676 4439 signant,
2734 4371 3034 4441 eodemque
3080 4371 3368 4426 intermino
3422 4371 3685 4425 linearmn

2091 4463 2304 4524 tramite
2333 4462 2465 4522 inid
2493 4464 2666 4532 ipsum
2707 4464 2824 4520 sine
2861 4460 2968 4519 ﬁne
3005 4462 3306 4528 redeuntia,
3346 4477 3443 4532 per
3467 4462 3684 4518 easdem

392 4557 448 4613 in
478 4555 700 4614 tertium
723 4554 917 4616 corium
946 4556 1113 4622 venit,
1135 4554 1263 4628 quid
1289 4554 1447 4614 istinc
1471 4556 1808 4627 potissimum
1837 4573 1987 4629 repe-
2011 4573 2066 4636 ι)
2091 4553 2412 4610 circulorum
2437 4554 2549 4606 vias
2579 4553 2860 4640 revellunt,
2886 4554 2971 4610 vel
2993 4551 3138 4623 quod
3159 4552 3424 4609 distinctis
3451 4551 3686 4608 numeris

393 4645 502 4706 rit?
531 4644 685 4714 Quod
730 4645 777 4704 si
823 4643 1070 4704 localiter
1111 4646 1461 4720 quaerendum
1492 4647 1613 4712 fuit.
1645 4657 1701 4704 et
1727 4649 1782 4707 in
1809 4649 1985 4722 primo
2089 4656 2145 4704 et
2166 4647 2332 4710 boris.
2350 4657 2405 4706 et
2419 4648 2640 4706 musicis
2655 4648 2948 4704 intervallis
2967 4648 3224 4703 aetherem
3247 4646 3503 4720 pingunt?
3523 4644 3688 4699 Sunt-

394 4737 534 4798 ctelo
561 4737 807 4796 invenire
836 4753 943 4798 non
973 4738 1167 4809 potuit,
1198 4738 1292 4798 sed
1329 4737 1446 4812 ipse
1472 4739 1603 4800 dicit
1628 4749 1838 4813 raptum
1867 4758 1988 4800 sese

397 4843 566 4902 usque
595 4829 648 4890 in
673 4830 889 4888 tertium
918 4830 1134 4894 coalum.
1163 4831 1346 4890 nescio
1369 4833 1495 4904 quid
1515 4833 1732 4894 audisse
1749 4835 1986 4894 divinum

395 4921 543 4998 quod
581 4921 788 4980 homini
836 4922 984 4992 loqui
1024 4938 1134 4980 non
1177 4923 1365 4991 liceat,
1406 4925 1500 4982 ait.
1545 4924 1696 4984 itane
1735 4927 1985 4992 tandem,

395 5011 676 5090 Apostole,
719 5027 816 5084 por
857 5013 978 5073 loco
1024 5013 1167 5070 Deus
1209 5016 1488 5086 qumritur,
1519 5024 1611 5070 aut
1659 5032 1765 5074 non
1807 5019 1908 5074 nisi
1938 5020 1990 5076 in

396 5103 518 5164 loco
543 5105 741 5164 veritas
772 5105 1078 5166 invenitur?
1098 5104 1156 5160 Si
1179 5105 1313 5164 istuc
1340 5107 1420 5162 ita
1443 5115 1547 5173 est,
1578 5115 1633 5162 et
1663 5107 1804 5168 Deus
1832 5109 1994 5178 igitur

397 5196 588 5256 loculis
618 5197 742 5266 erit,
763 5205 818 5255 et
845 5205 908 5257 tu
932 5195 1104 5258 Deum
1131 5213 1292 5270 quem
1317 5197 1560 5256 localiter
1587 5199 1815 5266 invenis.
1845 5201 1991 5256 loca-

401 5288 528 5348 liter
572 5290 810 5358 amittis;
839 5290 932 5362 qui
978 5291 1033 5349 si.
1061 5305 1169 5348 non
1209 5289 1308 5350 nisi
1349 5291 1401 5346 in
1433 5292 1592 5348 tertio
1619 5291 1758 5351 nmio
1787 5298 1890 5361 est,
1921 5293 1993 5350 ibi

403 5395 533 5456 ergo
574 5382 672 5444 tibi
707 5384 947 5449 relictus,
981 5385 1073 5442 ubi
1100 5392 1346 5458 repertus
1392 5392 1492 5440 est.
1543 5385 1614 5446 At
1640 5402 1761 5444 cum
1790 5403 1898 5444 non
1923 5387 1994 5443 de

403 5476 544 5536 caelo
571 5492 858 5550 corporeo,
895 5478 991 5536 sed
1036 5477 1104 5536 de
1149 5477 1269 5536 cali
1315 5475 1544 5540 Domitio
1589 5478 1663 5536 sis
1699 5480 1907 5546 beatus,
1939 5489 1996 5538 et

403 5575 553 5632 totus
574 5569 774 5643 ubique
790 5570 861 5630 sit
883 5566 1141 5629 Dominus
1169 5570 1310 5638 celi,
1343 5570 1434 5644 qui
1463 5584 1564 5630 nec
1590 5571 1834 5634 localiter
1853 5587 1994 5644 quat.

2091 4755 2160 4796 ne
2189 4741 2303 4796 haec
2327 4741 2506 4796 omnia
2534 4742 2679 4808 genti
2711 4740 3016 4795 mortalium
3045 4739 3132 4792 vel
3161 4737 3535 4791 convenientia
3563 4737 3686 4796 usui

2093 4832 2179 4888 vel
2203 4831 2436 4899 joeundn
2466 4831 2822 4899 spectamini?
2851 4829 2927 4883 Ac
2955 4844 3053 4898 per
3081 4830 3185 4883 hoc
3212 4828 3283 4883 ita
3315 4836 3472 4886 tenus
3499 4843 3688 4899 corpo-

2094 4936 2245 4980 reum
2293 4917 2509 4985 titulum,
2549 4921 2672 4988 quia
2723 4918 2972 4976 videlicet
3018 4918 3326 4976 hominibus
3367 4921 3552 4977 datum
3580 4928 3682 4980 est.

2094 5023 2234 5070 terra
2277 5013 2503 5076 dicitur;
2541 5013 2681 5067 sicut
2722 5026 2983 5081 aquarum
3020 5018 3077 5067 et
3114 5013 3256 5069 aeris
3284 5028 3535 5084 corpora,
3578 5024 3686 5066 non

2096 5108 2282 5178 utique
2319 5107 2559 5176 ejusdem
2602 5107 2949 5177 corpulentim
2988 5109 3144 5179 cujus
3176 5117 3260 5163 est
3299 5117 3474 5170 terra;
3507 5114 3684 5158 tamen

2096 5201 2220 5270 quia
2242 5199 2365 5258 liliis
2385 5200 2659 5259 hominum
2681 5201 2809 5258 data
2830 5209 2974 5266 sunt,
3005 5211 3148 5258 terra
3175 5203 3443 5262 dicuntur,
3475 5196 3687 5263 adjecto

2095 5310 2164 5352 eo
2191 5279 2335 5365 qtt‘od
2363 5297 2604 5353 omnium
2632 5298 2952 5353 sensualiter
2987 5295 3281 5352 viventium
3322 5289 3689 5362 principaliter

2097 5395 2273 5448 tactus
2299 5405 2366 5447 es
2395 5395 2538 5446 terra
2568 5396 2670 5445 est.
2716 5389 2886 5445 Porro
2925 5396 3107 5442 autem
3144 5386 3285 5440 sicut
3310 5384 3426 5438 sine
3454 5382 3576 5449 igne
3608 5380 3686 5434 vi-

2095 5483 2209 5539 deri
2242 5484 2395 5549 nihil,
2426 5485 2506 5540 sic
2545 5485 2688 5555 tangi
2730 5485 3105 5554 absqsteterra
3150 5476 3280 5531 nihil
3307 5482 3488 5547 potest
3519 5491 3530 5525 :
3563 5473 3688 5542 quia

2097 5587 2154 5634 et
2182 5579 2316 5648 ignis
2342 5581 2512 5636 tactui
2540 5577 2801 5646 subiacet,
2844 5583 2898 5630 et
2933 5573 3107 5628 aether
3141 5570 3280 5639 ignis
3307 5575 3420 5637 est;
3451 5582 3562 5624 non
3590 5565 3688 5622 ab-

483 5781 510 5809 κ
548 5771 655 5839 AL,
701 5773 986 5827 substantia
1027 5780 1174 5824 erunt
1218 5771 1606 5827 supercmlestis.
1651 5770 1763 5826 lata
1801 5773 1892 5827 sub
1921 5774 2065 5840 ratio,
2097 5783 2199 5832 etc.
