4140 6346
523 281 635 345 759

1808 277 2125 334 MAMERTI
2161 277 2527 340 CLAUDIAM

3707 287 3821 348 760

522 394 712 453 horret
732 392 931 464 aliquid
958 393 1068 450 illic
1104 407 1224 449 esse
1257 399 1552 448 terrenum.
1585 389 1927 462 Quapropter
1953 405 2116 446 omne
2142 391 2195 453 Δ
2217 392 2440 451 adverte
2475 395 2588 466 jam
2626 396 2772 454 aliud
2819 397 2911 456 hic
2947 399 3052 458 dici
3073 400 3373 470 hominem,
3403 402 3549 460 aliud
3587 419 3818 477 corpus.

523 502 848 558 corporeum
876 493 1035 539 terra:
1061 498 1258 540 nomen
1288 481 1528 546 includit,
1559 490 1790 555 ratoque
1830 481 2034 553 judicio
2063 483 2119 539 in

524 579 804 649 corporeis
850 577 1208 648 compositum
1261 584 1408 632 terra
1462 577 1658 634 dicitur
1713 593 1874 633 omne
1919 592 2118 648 corpo-

525 687 676 726 reum
704 688 717 724 :
750 669 875 742 quia
901 670 989 726 hic
1015 669 1281 725 sensibilis
1326 669 1556 725 mundus
1599 685 1721 726 cum
1747 670 1942 726 visibili
1980 670 2118 726 caelo

523 773 666 819 terra
695 773 798 828 est,
825 779 944 834 qua:
971 761 1092 818 ﬁliis
1113 761 1395 818 hominum
1420 757 1547 818 data
1571 771 1670 819 est.
2044 778 2056 785 '

597 856 734 912 VIII.
791 856 933 924 Quid
983 857 1051 913 de
1104 858 1197 913 illo
1244 857 1384 913 casio
1412 857 1673 921 dicemus,
1705 855 1850 928 quod
1878 855 2114 912 Domino

522 952 710 1006 datum
738 958 841 1013 est,
871 966 981 1006 non
1029 948 1151 1005 ﬁliis
1195 949 1516 1005 hominum?
1559 963 1689 1019 ergo
1719 946 2014 1005 identidem
2046 947 2116 1002 ad

522 1042 738 1111 eloquia
767 1042 948 1096 divina
977 1057 1343 1097 recurramus.
1375 1041 1522 1096 Idem
1543 1056 1738 1111 nempe
1777 1041 2132 1125 psalmogra-p

523 1133 663 1204 phus
689 1133 819 1188 dicit
848 1152 860 1186 :
896 1133 1227 1204 Conﬁtemini
1253 1132 1495 1199 Domino,
1519 1135 1606 1204 qui
1629 1135 1751 1207 fecit
1772 1133 1926 1189 celos
1955 1135 2010 1189 in
2036 1113 2115 1188 iit-

524 1226 729 1282 teltectu
752 1224 924 1295 (Psal.
958 1243 1153 1291 cxxxv,
1188 1225 1238 1289 ’5,
1274 1222 1349 1298 5).
1382 1224 1646 1292 Quocirca
1672 1226 1718 1281 si
1748 1225 1804 1281 in
1831 1225 2114 1281 intellectu

523 1325 651 1374 sunt
671 1318 792 1374 coeli
821 1333 959 1387 quos
994 1317 1208 1372 habitat
1251 1317 1413 1383 Deus,
1439 1333 1543 1374 nec
1571 1317 1675 1372 nisi
1733 1318 2112 1388 incorporeum

523 1412 727 1468 cmlum
777 1419 862 1467 est
907 1411 1055 1481 quod
1084 1411 1318 1467 Domino
1345 1411 1532 1467 datum
1585 1419 1690 1477 est,
1721 1411 1978 1466 videlicet
2023 1411 2111 1467 cui

523 1515 668 1562 terra
718 1513 804 1560 est
858 1520 1021 1559 omne
1067 1520 1428 1576 corporeum;
1459 1504 1666 1574 liquido
1713 1505 1904 1570 claret,
1947 1520 2110 1560 omne

523 1595 671 1665 quod
699 1593 953 1664 intelligit
977 1612 1087 1650 non
1115 1611 1237 1651 esse
1265 1611 1610 1668 corporeum.
1657 1596 1826 1652 Porro
1853 1596 2107 1652 substan-

521 1681 1006 1741 tialiter‘liumanus
1027 1687 1511 1758 animns‘inteiligit
1535 1706 1547 1741 :
1571 1688 1924 1760 incorporeus
1945 1689 2108 1759 igitur

2221 484 2362 545 Ecce
2389 495 2572 546 tamen
2597 490 2893 548 discretum
2922 501 3024 560 est,
3056 494 3185 565 quid
3228 495 3443 552 nescire
3490 496 3810 568 Apostolus,

2220 577 2350 650 quid
2375 580 2516 637 scire
2541 596 2602 638 se
2631 582 2797 640 dicat.
2829 583 3178 650 Excutiamus
3226 587 3392 655 igitur
3420 595 3602 644 utrum
3630 605 3699 645 ex
3730 591 3819 647 in-

2219 685 2486 742 corporeo
2512 689 2865 745 corporeove,
2897 693 2968 733 an
3006 693 3074 734 ex
3122 685 3359 749 utroque
3405 679 3498 746 sit,
3544 680 3618 736 ita
3648 689 3819 740 tenus

2218 764 2448 831 nesciat,
2475 766 2635 823 sicuti
2665 783 2787 824 cum
2817 784 3070 842 corpore,
3094 786 3164 827 an
3191 771 3312 828 sine
3332 787 3564 843 corpore
3591 773 3664 829 sit
3691 791 3818 846 rap-

2221 863 2310 912 tus
2336 857 2570 927 ignorat.
2613 859 2757 926 Scio,
2791 861 2982 933 inquit,
3013 863 3277 919 hominem
3307 877 3551 940 raptum;
3579 869 3674 924 sed
3705 871 3816 926 sive

2215 951 2272 1005 in
2291 969 2524 1024 corpore,
2554 955 2659 1010 sive
2684 963 2834 1010 extra
2861 973 3067 1027 corpus,
3102 959 3297 1015 nescio.
3324 959 3453 1018 Istic
3468 978 3613 1019 nunc
3631 964 3809 1020 anim-

2216 1043 2423 1100 adverti
2443 1045 2590 1114 licet,
2619 1047 2763 1117 quod
2817 1047 2862 1104 is
2895 1049 2988 1120 qui
3025 1057 3213 1121 raptus
3236 1059 3342 1119 est,
3365 1061 3424 1109 et
3444 1062 3659 1126 raptum
3680 1071 3812 1115 esse

2214 1150 2274 1190 se
2329 1137 2499 1202 novit,
2528 1139 2769 1196 sentiens
2791 1149 2974 1198 tamen
3002 1158 3116 1200 non
3160 1143 3337 1215 ipsum
3361 1161 3421 1204 se
3448 1163 3570 1205 esse
3597 1166 3806 1222 corpus

2215 1245 2403 1297 suum,
2434 1238 2492 1288 et
2517 1233 2597 1288 sic
2632 1249 2754 1290 cum
2793 1234 3060 1294 eodemne
3106 1253 3177 1294 an
3222 1239 3343 1296 sine
3382 1241 3573 1297 eodem
3620 1251 3817 1315 raptus

2212 1323 2284 1379 sit
2332 1324 2577 1393 haesitat;
2627 1343 2687 1383 se
2736 1329 2911 1399 ipsum
2941 1338 3126 1388 tamen
3167 1348 3290 1390 esse
3335 1350 3447 1392 non
3473 1335 3707 1392 dubitat.
3743 1337 3815 1394 Et

2212 1431 2335 1472 cum
2366 1417 2509 1474 istuc
2556 1434 2719 1475 omne
2747 1423 2983 1492 patescit
3029 1423 3323 1481 obscurum
3342 1465 3358 1491 ,
3390 1443 3593 1499 nempe
3640 1429 3688 1484 is
3715 1431 3813 1500 qui

2209 1525 2306 1566 seu
2336 1526 2460 1567 cum
2508 1527 2738 1584 corpore
2767 1514 2841 1570 sit
2867 1523 3079 1587 raptus,
3111 1517 3355 1574 incertus
3401 1527 3508 1575 est.
3555 1519 3814 1594 Incorpo-

2209 1620 2362 1660 reum
2424 1613 2606 1663 tamen
2636 1619 2758 1664 esse
2786 1615 2847 1664 et
2890 1624 3090 1680 corpus
3119 1625 3180 1666 se
3227 1610 3454 1668 habere
3480 1621 3664 1670 certus
3690 1622 3810 1682 est;

2207 1697 2299 1768 qui
2349 1697 2396 1754 si
2425 1713 2539 1755 non
2595 1699 2714 1756 sine
2768 1716 3000 1772 corpore
3047 1710 3237 1774 raptus
3291 1713 3396 1768 est,
3439 1721 3640 1776 corpus
3684 1723 3812 1765 cum

521 1787 608 1834 est
634 1779 848 1834 animus
867 1779 1158 1836 humanus.
1188 1779 1390 1840 Επιιὶἱή
1421 1789 1642 1847 terram,
1667 1798 1885 1839 omnem
1915 1799 2110 1855 corpo-
2137 1771 2305 1846 Billo
2351 1797 2566 1862 raptum
2621 1798 2738 1856 est;
2788 1771 2902 1848 non
2948 1771 3131 1851 tamen
3187 1795 3294 1851 hoc
3349 1803 3435 1851 est
3489 1771 3608 1868 ipse
3661 1800 3813 1870 quod

518 1889 670 1930 ream
698 1875 1052 1930 creaturam:
1087 1892 1154 1932 en
1181 1875 1278 1931 tibi
1300 1877 1518 1944 coelum,
1543 1879 1922 1951 incorpoream
1952 1881 2108 1937 intel-

2213 1898 2431 1953 corpus,
2454 1898 2578 1939 cum
2606 1897 2715 1953 quo
2745 1891 2958 1955 raptum
2980 1892 3066 1941 est
3092 1897 3311 1957 cerpus.
3342 1886 3398 1942 Si
3418 1887 3538 1944 sine
3552 1897 3808 1962 corpore,

524 1966 924 2037 lectualemque
954 1968 1341 2026 substantiam.
1364 1970 1520 2027 Nunc
1539 1971 1702 2040 igitur
1725 1979 1786 2027 ut
1809 1974 1988 2044 possis
2012 1990 2112 2045 per
2212 1975 2384 2031 multo
2413 1976 2596 2047 potius
2635 1975 2959 2046 intelligitur
2985 1992 3099 2033 non
3128 1993 3251 2034 esse
3279 1994 3499 2050 corpus,
3532 1981 3681 2050 quod
3708 2000 3814 2055 po-

515 2057 657 2114 duos
683 2059 1048 2130 curiosusque
1089 2061 1144 2115 in
1167 2059 1392 2117 tertium
1417 2063 1616 2119 cmlum
1639 2063 1808 2120 Paulo
1828 2074 2108 2135 praeeunte

513 2151 740 2222 raptari,
766 2149 1092 2222 incorporeo
1123 2153 1202 2211 tui
1230 2154 1546 2210 universum
1570 2157 1879 2212 transmitte
1907 2173 2105 2229 corpo-

513 2258 690 2302 reum.
716 2243 962 2316 Postque
983 2244 1149 2304 etiam
1174 2249 1556 2320 incorporeum
1580 2259 1824 2308 creatum
1853 2253 2108 2325 idemque

512 2338 799 2406 mutabile,
831 2340 1042 2396 acriore
1085 2341 1376 2398 admodum
1406 2344 1529 2399 nisu
1570 2353 1628 2400 et
1676 2347 1864 2402 volatu
1909 2347 2104 2417 perni-

513 2430 666 2486 ciore
696 2433 1046 2499 transcende;
1079 2442 1243 2503 atque
1271 2435 1340 2489 ab
1369 2435 1498 2491 hinc
1538 2436 1593 2490 in
1621 2437 1844 2493 tertium
1882 2440 2102 2506 coelum,

511 2520 574 2576 in
599 2521 770 2591 ipsius
799 2523 1152 2596 immutabilis
1180 2526 1490 2597 incorporei
1519 2528 1834 2586 beatissima
1856 2539 2105 2592 contem-

512 2611 758 2682 platione
784 2615 1086 2682 requiesce,
1118 2623 1283 2686 teque
1331 2617 1572 2673 humana
1620 2620 1804 2676 anima
1847 2621 2103 2694 incorpo-

510 2718 665 2759 ream
705 2716 892 2762 nosce.
920 2707 1020 2762 Cui
1061 2723 1159 2779 pro
1204 2717 1415 2766 natum
1435 2711 1760 2782 excellentia
1787 2723 2103 2787 promptum

508 2801 597 2852 est
614 2797 777 2852 simul
803 2807 860 2854 et
885 2814 1188 2871 congruum
1222 2801 1367 2859 inter
1387 2804 1496 2860 ima
1516 2805 1606 2863 vel
1630 2821 1843 2863 summa
1876 2809 1956 2864 tui
1980 2817 2103 2866 tan-

507 2902 672 2958 quam
697 2891 974 2948 mediante
1003 2893 1326 2963 substantia,
1352 2897 1443 2952 vel
1486 2898 1627 2954 infra
1655 2899 1939 2972 despicere
1976 2919 2100 2960 cor-

507 2995 611 3050 pus
639 2982 823 3049 imum,
856 2984 945 3040 vel
967 3001 1132 3056 supra
1161 2988 1480 3059 conspicere
1499 2990 1668 3047 Deum
1689 3008 1986 3050 summum.

577 3072 670 3129 lX.
705 3076 856 3132 Nunc
899 3088 1115 3147 egomet
1147 3082 1414 3151 sciscitor,
1445 3083 1708 3144 at'ferasne
1745 3089 1906 3145 nobis
1931 3091 2094 3148 aliam

2211 2070 2322 2119 test
2347 2079 2470 2122 esse
2522 2065 2641 2121 sine
2669 2081 2924 2137 corpore.
2958 2065 3114 2134 Scio,
3145 2067 3340 2138 inquit,
3373 2069 3639 2126 hominem
3685 2091 3813 2144 rap-

2210 2165 2351 2224 tum;
2380 2159 2473 2213 sed
2517 2161 2623 2214 sive
2670 2160 2727 2213 in
2774 2177 3011 2230 corpore,
3043 2162 3151 2216 sive
3177 2171 3330 2216 extra
3357 2179 3574 2234 corpus,
3604 2169 3805 2222 nescio.

2210 2249 2366 2316 Quod
2394 2250 2502 2306 tale
2532 2257 2619 2306 est
2647 2266 2712 2306 ac
2757 2251 2806 2306 si
2834 2251 3042 2308 diceret
3075 2269 3088 2307 :
3123 2251 3360 2324 Raptum
3407 2270 3493 2311 me
3539 2257 3670 2323 scio,
3703 2259 3807 2315 sed

2207 2353 2332 2395 cum
2379 2355 2610 2412 corpore
2658 2357 2728 2396 an
2776 2343 2895 2398 sine
2942 2357 3206 2415 corpore,
3258 2345 3460 2401 nescio.
3508 2346 3648 2417 Ergo
3684 2350 3797 2405 etsi

2207 2447 2332 2488 cum
2361 2449 2593 2504 corpore
2620 2444 2810 2506 raptus
2837 2451 2916 2502 es,
2949 2437 3066 2508 rapi
3093 2444 3278 2494 tamen
3307 2438 3428 2494 sine
3451 2455 3671 2512 corpore
3698 2458 3797 2513 po-

2204 2525 2377 2581 tuisti.
2404 2526 2762 2598 lncorporeus
2791 2529 2956 2598 igitur
2973 2545 3034 2586 es
3062 2530 3230 2586 etiam
3262 2530 3318 2586 in
3347 2546 3596 2603 corpore,
3626 2533 3676 2589 si
3695 2549 3800 2604 po-

2204 2618 2357 2674 tuisti
2385 2621 2502 2692 rapi
2531 2621 2650 2677 sine
2665 2637 2917 2694 corpore.
2941 2621 3153 2695 Quippe
3173 2623 3568 2706 incorporeum
3584 2629 3812 2698 corpori

2203 2711 2352 2767 salva
2380 2713 2464 2768 sui
2493 2714 2815 2782 substantia,
2847 2715 3171 2773 viviﬁcand'r
3185 2717 3434 2788 ejusdem
3481 2734 3653 2776 causa
3681 2721 3816 2778 mis-

2201 2813 2374 2863 cetur.
2409 2807 2482 2863 Ut
2509 2816 2691 2865 autem
2716 2825 2920 2884 corpus
2947 2811 3069 2868 sine
3097 2827 3330 2884 corpore
3357 2813 3450 2880 sit,
3483 2821 3698 2870 statuta
3725 2829 3815 2872 re-

2199 2915 2323 2955 rum
2353 2900 2474 2970 lege
2501 2918 2614 2958 non
2641 2903 2861 2960 sinitur.

2772 3037 3003 3096 CAPUT
3039 3037 3177 3094 XIII.

506 3164 580 3222 de
605 3167 848 3222 ternario
875 3184 1104 3225 numero
1133 3173 1398 3229 caelorum
1445 3191 1510 3232 ac
1560 3177 1875 3238 diversitate
1921 3184 2094 3239 ratio-

2211 3169 2285 3227 Ex
2317 3170 2604 3245 Evangelia
2627 3212 2644 3238 ,
2679 3172 2792 3229 Deo
2839 3175 2905 3229 de
2949 3174 3378 3259 incorporatum
3409 3161 3624 3233 animus
3671 3185 3809 3235 tua

505 3260 654 3312 nem.
684 3256 857 3324 Quam
898 3260 1116 3329 quidem
1140 3264 1318 3334 cupio,
1352 3266 1449 3321 sed
1477 3267 1649 3337 liquet
1662 3269 2094 3345 haudquaquam
2906 3255 3088 3301 "mu"

504 3347 623 3454 dari
643 3365 674 3404 a
701 3365 977 3454 quoquam
990 3369 1180 3454 posse,
1201 3358 1471 3454 nisi‘inter
1495 3375 1692 3432 corpus
1721 3371 1777 3454 et
1799 3363 1969 3420 Deum
1998 3383 2095 3422 na-
2265 3378 2370 3436 Sed
2395 3381 2508 3450 jam
2539 3398 2680 3438 nunc
2711 3365 2942 3439 testibus
2970 3383 3106 3440 meis
3129 3424 3145 3450 ,
3177 3385 3520 3454 praeconibus
3575 3386 3796 3444 scilicet

503 3447 629 3546 τιξτέ
652 3456 713 3498 se
733 3444 1051 3546 ξυδὸῑεὶξιξίίιδ
1074 3449 1374 3519 corporalis
1402 3451 1716 3508 ίιηθτδθτθῑ·
1741 3453 1878 3523 Quia
1892 3457 1939 3512 Si
1959 3458 2094 3512 nihil
2193 3444 2462 3534 veritatis,
2495 3471 2563 3526 ad
2593 3459 2952 3528 indubitatam
3001 3444 3159 3530 ﬁdem
3178 3444 3194 3454 ’
3213 3475 3419 3530 veritas
3449 3476 3564 3546 ipsa
3595 3473 3799 3533 testiﬁ—

504 3530 710 3636 εξῢειῐυθ
736 3532 850 3589 Deo
879 3535 982 3590 nisi
1011 3551 1210 3636 corpus
1238 3546 1341 3606 cst.
1373 3556 1490 3636 tum
1519 3550 1631 3599 tres
1659 3559 1790 3614 ergo
1818 3548 1972 3614 coeli.
1997 3549 2093 3604 sed
2197 3562 2427 3616 cabitur.
2451 3530 2600 3618 'Dicit
2627 3565 2682 3618 in
2713 3562 3006 3636 Evangelia
3037 3566 3298 3622 Dominus
3332 3585 3344 3620 :
3381 3530 3559 3622 Νοὶίιε
3598 3570 3794 3626 timere

505 3623 616 3680 duo
643 3632 802 3691 sunt;
834 3634 894 3680 ut
922 3644 1092 3684 unum
1121 3629 1292 3688 ferme
1335 3633 1534 3689 cmlum
1563 3637 1637 3690 sit
1677 3653 1840 3694 omne
1871 3655 2087 3712 corpus,

2211 3670 2279 3709 eos
2307 3657 2395 3727 qui
2423 3655 2664 3710 occidunt
2688 3673 2902 3728 corpus,
2927 3658 3165 3712 animum
3209 3668 3377 3712 autem
3410 3677 3510 3714 non
3553 3671 3785 3729 possunt

503 3720 561 3770 et
585 3723 805 3818 creator
825 3721 1073 3818 corporis
1101 3722 1267 3778 aliud.
1298 3723 1500 3782 Verum
1520 3730 1778 3798 quoniam
1807 3747 1918 3788 non
1939 3743 2090 3791 trans
2191 3720 2425 3798 occidere
2455 3743 2669 3818 (Matth.
2716 3720 2906 3818 x38).
2937 3745 3065 3812 Cur,
3098 3762 3274 3817 quaeso
3304 3755 3374 3811 te,
3408 3720 3639 3802 animam
3669 3763 3771 3803 oc-

499 3808 740 3874 tertium,
773 3809 867 3909 sed
895 3811 950 3866 in
981 3813 1204 3869 tertium
1251 3816 1449 3872 coelum
1494 3828 1685 3890 raptus
1733 3831 1820 3878 est
1867 3823 2087 3894 Paulus,
2191 3835 2371 3891 cidere
2399 3808 2510 3891 non
2541 3808 3148 3908 potest,vqui'occidcre
3191 3808 3380 3909 corpus
3415 3840 3627 3909 potest?
3656 3839 3772 3896 nisi

496 3901 812 3957 transeundi
842 3912 971 3959 sunt
1014 3905 1164 3962 velut
1192 3907 1300 3965 duo
1325 3910 1468 3978 caeli,
1507 3913 1683 3968 omnis
1711 3929 1975 3986 corporea
2006 3926 2089 3973 at-
2190 3927 2316 3996 quia
2345 3926 2485 3983 forte
2533 3901 2853 3984 animarnon
2903 3938 2988 3986 est
3035 3945 3251 4002 corpus.
3283 3901 3366 3984 'I‘u
3408 3901 3536 3986 vero
3582 3930 3721 3987 dicis
3755 3949 3774 3986 :

495 4004 602 4063 que
628 3994 953 4067 incorporea
983 4006 1230 4055 creatura
1255 4017 1269 4053 :
1303 4001 1370 4056 ad
1416 4011 1722 4061 creatorem
1753 4023 1885 4063 vero
1931 4013 2086 4078 quasi
2188 3994 2398 4088 Corpus
2427 4027 2512 4073 est
2538 4019 2778 4089 quidem,
2810 4021 2906 4076 sed
2937 3994 3185 4088 tenuius;
3207 4037 3407 4093 corpus
3425 4029 3507 4077 est
3533 4022 3776 4091 quidem,

487 4085 553 4142 in
579 4089 802 4144 tertium
825 4091 1043 4171 cmlum,
1067 4107 1177 4147 non
1200 4096 1535 4163 transeundi,
1558 4098 1702 4169 quod
1728 4115 1838 4156 non
1859 4111 2079 4172 potest;
2185 4109 2281 4163 sed
2299 4085 2518 4164 devius.
2556 4085 2635 4164 _At
2662 4120 2879 4181 egomet
2928 4085 3251 4184 responsum
3281 4085 3458 4170 refero
3491 4132 3504 4167 :
3539 4085 3781 4171 'I'enuius

703 4181 988 4280 redeundi,
1009 4183 1155 4280 quod
1182 4201 1294 4240 non
1322 4185 1502 4280 debet,
1537 4189 1632 4244 sed
1677 4192 1857 4247 standi
1880 4200 1938 4250 et
1962 4210 2081 4250 ma-
2185 4201 2257 4257 sit
2311 4203 2438 4258 licet
2487 4213 2543 4260 et
2571 4205 2772 4273 levius;
2806 4206 2902 4261 sed
2932 4181 3113 4262 tamen
3143 4208 3188 4263 si
3236 4223 3434 4280 corpus
3463 4216 3569 4276 est,
3599 4207 3779 4265 occidi

489 4265 655 4322 ωηάὶ
676 4283 838 4323 causa
866 4271 1191 4328 veniendum
1213 4283 1315 4329 est.
1348 4276 1486 4332 Hinc
1508 4286 1690 4333 autem
1710 4296 1898 4338 cursus
1917 4292 2096 4354 atque.
2183 4302 2367 4366 potest
2411 4295 2479 4350 ab
2519 4311 2585 4352 eo
2627 4313 2658 4352 a
2706 4265 2816 4369 quo
2844 4314 3043 4370 corpus
3097 4300 3270 4356 occidi
3327 4265 3529 4372 potest.
3555 4265 3662 4356 ’De
3689 4300 3781 4358 his

487 4363 665 4461 status
711 4359 987 4428 profectus
1043 4370 1128 4465 est
1175 4372 1340 4433 atque
1393 4368 1676 4465 perfectio,
1704 4385 1827 4465 quae
1872 4375 2081 4432 scilicet
2182 4359 2378 4457 nempe
2407 4386 2617 4443 duobus
2647 4359 2873 4457 agimus,
2907 4359 3087 4447 anima
3136 4359 3391 4450 videlicet
3417 4401 3476 4450 et
3518 4409 3778 4465 corpore,

488 4449 751 4550 virtutum
782 4459 886 4550 est,
917 4468 1038 4550 non
1077 4454 1329 4550 locorum
1363 4476 1375 4510 :
1415 4459 1673 4550 quoniam
1702 4463 1796 4532 qui
1841 4465 2076 4537 proﬁcit,
2106 4535 2154 4550 _
2181 4449 2378 4546 quibus
2407 4477 2576 4532 conﬁt
2601 4449 2767 4536 homo
2785 4449 3047 4538 visibilis:
3068 4481 3170 4550 Qui
3199 4485 3345 4540 enim
3371 4483 3509 4540 dixit
3541 4502 3555 4538 :
3587 4449 3777 4541 ﬁniit;

485 4540 688 4606 currit;
711 4548 769 4596 et
791 4543 882 4611 qui
905 4542 1200 4614 perﬁcitur,
1230 4548 1499 4616 pervenit.
2101 4540 2109 4595 ἓ

2211 4540 2362 4625 imere
2389 4587 2500 4637 eos,
2534 4587 2644 4627 non
2670 4572 2825 4640 dixit,
2854 4575 2949 4645 qui
2989 4540 3245 4632 occidunt
3287 4575 3520 4649 spissius
3548 4592 3772 4649 corpus,

467 4637 470 4640 ’
555 4628 626 4686 X.
655 4631 1100 4741 Nunc‘quonia‘m
1129 4637 1492 4741 amplissimos
1520 4656 1746 4714 campos
1796 4645 2074 4704 latissimae
2179 4663 2396 4732 gravius
2424 4628 2649 4735 corpus;
2680 4666 2775 4722 sed
3647 4628 3774 4728 rnth

482 4725 799 4793 quaestionis
818 4725 973 4781 brevi
993 4727 1282 4783 admodum
1311 4730 1447 4786 calle
1486 4735 1902 4804 transmisimus,
1934 4738 2076 4795 datis
2176 4725 2331 4820 δίχίι,
2381 4725 2607 4812 genui.“
2637 4725 2708 4813 ἐι
2753 4725 2924 4815 ιεξγίυε
2971 4775 3196 4831 corpus;
3380 4725 3625 4820 MM,

481 4818 709 4887 aliquot,
739 4828 801 4875 ut
827 4836 970 4887 reor,
1004 4822 1235 4890 indiciis,
1267 4840 1387 4895 qua:
1414 4825 1626 4883 scilicet
1669 4844 1699 4884 a
1750 4839 1902 4886 recto
1930 4834 2072 4888 veri-

2211 4855 2392 4901 ommt
2417 4847 2676 4904 occidere.
2702 4848 2819 4906 Hoc
2848 4867 3044 4923 nempe
3064 4854 3309 4924 corporis
3337 4855 3560 4912 nomine
3578 4856 3771 4914 vivens

480 4910 872 5020 ξξιξῑξθπιίῑξ
886 4929 1136 5020 θξνονιιῐῐξ
1158 4916 1313 5020 devia
1335 4922 1811 5020 segemunttquid
1841 4923 1943 4979 Sibi
1971 4942 2068 4981 νϐ·
2174 4910 2419 5009 profecto
2448 4957 2647 5012 corpus
2677 4943 2917 5012 inclusit,
2951 4910 3078 5016 quia
3127 4910 3232 5005 nec
3280 4948 3453 5005 occidi
3495 4950 3628 5020 quid
3658 4951 3770 5007 nisi

478 5000 546 5056 lit
572 5000 700 5055 illud
729 5001 876 5070 quod
906 5003 1198 5073 Apostolus
1245 5008 1360 5064 sive
1406 5009 1460 5064 in
1508 5011 1736 5082 corpdre
1767 5014 1880 5071 sive
1909 5025 2065 5073 extra
2171 5000 2350 5085 vivum
2381 5000 2565 5102 potest
2596 5051 2608 5087 :
2643 5050 2709 5090 ac
2751 5052 2849 5106 per

477 5107 723 5204 ορῖῬυξχ
745 5101 961 5204 ηξΡίυξιι
989 5111 1050 5150 ⁵ο
1079 5113 1199 5152 esse
1244 5099 1396 5204 ἀίθίξν
1444 5103 1678 5172 ίῐιίίυίνο·
1725 5105 1934 5180 Ωιιὶριιε
1987 5111 2067 5167 Sic
2170 5138 2316 5187 vum,
2349 5099 2523 5180 occidi
2553 5125 2620 5180 ab
2651 5099 2956 5198 illo-potest
3001 5145 3035 5185 a
3062 5145 3172 5200 quo
3200 5138 3385 5203 potest
3423 5099 3621 5204 corpus
3677 5149 3770 5190 oc-

473 5185 552 5240 ³η
583 5204 596 5239 ε
631 5186 756 5242 86ὶο
777 5187 1269 5298 Ιιοςπίιξίηιηναριιιιη
1284 5197 1434 5298 {five
1459 5199 1514 5251 ἱη
1531 5215 1763 5270 corpore.
1787 5204 1892 5257 sive
1912 5214 2063 5260 extra
2170 5216 2293 5271 cidi.
2328 5215 2543 5275 Veritas
2562 5219 2694 5276 dicit
2727 5240 2738 5274 :
2775 5220 2876 5286 Qui
2903 5224 3147 5278 occidunt
3172 5185 3380 5298 chrpus,
3404 5185 3637 5281 animum
3657 5245 3768 5284 non

471 5283 887 5392 σοφξιενιξξεδςίξ)
929 5281 1143 5392 ,(ῙΟΓ·
1177 5302 1269 5392 XII:
1299 5286 1354 5357 2)
1386 5307 1407 5392 ,ε
1432 5296 1489 5343 ει
1515 5292 1721 5392 remle
1745 5294 1820 5392 fle
1865 5298 2061 5392 finibus
2169 5321 2386 5380 possunt
2414 5312 2667 5367 occidere.
2704 5281 2821 5370 Non
2851 5323 2936 5371 est
2982 5316 3146 5386 igitur
3185 5281 3384 5390 corpus
3413 5321 3617 5387 anima,
3640 5281 3767 5392 quae

471 5371 618 5474 quod
647 5373 870 5486 attinuit
913 5374 1166 5481 diximus.
1201 5377 1278 5432 Ac
1318 5381 1550 5450 primum
1579 5384 1818 5474 adhibita
1855 5389 2060 5446 discus-
2169 5371 2343 5457 'occidi
2373 5419 2484 5459 non
2511 5414 2693 5476 potest
2727 5423 2758 5464 α
2789 5411 2986 5481 quibus
3001 5371 3210 5483 ἓοτρυέ

469 5462 649 5576 sione,
670 5465 952 5524 videamus
980 5469 1107 5541 quid
1157 5479 1367 5528 certum
1396 5473 1519 5529 istic
1553 5470 1658 5531 sibi
1696 5477 1888 5537 beatus
1917 5482 2063 5554 Apo-
2163 5508 2282 5549 rum
2307 5462 2565 5565 quoniam
2603 5462 2830 5556 levand;
2868 5510 2952 5558 es;
2993 5462 3270 5576 pel-[Zetum
3317 5462 3565 5562 ιεοιίῖῃιίε
3590 5521 3766 5562 onem

466 5555 664 5667 stolas,
687 5559 884 5667 quidve
911 5561 1146 5620 fateatur
1167 5565 1464 5634 incertum;
1494 5575 1706 5642 raptum
1732 5588 1851 5667 esse
1882 5576 2058 5632 homi-
2160 5555 2390 5656 legentis
2443 5589 2710 5661 intentio,
2748 5555 2976 5666 hujusce
2995 5555 3132 5667 rjth
3189 5598 3480 5656 voluminis
3535 5599 3642 5657 iste
3685 5602 3766 5660 sit

468 5655 596 5703 nem
629 5651 732 5705 scit
763 5667 776 5704 :
808 5651 865 5707 in
892 5667 1120 5726 corpore
1148 5671 1218 5712 an
1246 5666 1400 5716 extra
1426 5675 1622 5735 corpus
1651 5665 1843 5722 nescit.
1877 5667 2054 5726 Anim-
2159 5651 2302 5735 ﬁnis.
