4140 6346
255 291 374 354 ’161

1442 289 1530 346 DE
1563 284 1788 345 STATU
1830 283 2067 341 ΑΝιΜίΕ
2108 282 2234 340 LIB.
2279 283 2366 342 ιη.

3450 285 3558 343 762

532 415 3550 458 Μ

1258 527 1738 656 LIBER
1835 492 2574 630 TERTIUS.

787 699 1016 760 CAPUT
1063 697 1356 757 PRIMUM.

675 817 757 873 De
777 815 970 873 Lauri
995 831 1210 889 corpore
1237 813 1486 870 exanimi.

354 930 525 988 Editis
570 931 625 987 in
673 930 1059 988 astructionem
1099 929 1235 995 veri,
1281 934 1338 984 et
1364 925 1559 982 merito
1586 923 1793 996 pariter
1820 930 1878 978 et

270 1040 512 1082 numero
538 1025 670 1080 satis
688 1032 749 1080 ut
767 1023 1020 1089 arbitror,
1046 1021 1253 1078 idoneis
1271 1019 1526 1085 vadibus;
1549 1024 1717 1073 restat
1737 1031 1879 1072 nunc

273 1127 348 1174 ut
374 1133 495 1188 qua:
524 1133 592 1174 ex
614 1115 873 1188 opusculo
897 1114 1054 1185 hujus
1080 1112 1297 1186 patroni
1323 1110 1566 1183 corporis
1593 1116 1882 1180 supersunt

277 1209 590 1266 indiscussa
613 1208 917 1274 videamus;
946 1206 1040 1278 qui
1068 1221 1193 1262 cum
1219 1203 1506 1260 temeraria
1531 1199 1882 1273 persuasione

276 1303 547 1360 decernat
585 1301 821 1357 animam
867 1299 1128 1364 localem,
1172 1307 1448 1370 assumpto
1487 1297 1541 1353 in
1585 1296 1691 1352 hoc
1739 1293 1881 1349 idem

278 1395 616 1466 evangelicae
645 1394 982 1450 auctoritatis
1002 1393 1272 1464 exemplo,
1295 1401 1550 1463 tanquam
1578 1395 1884 1461 perempto-

280 1487 375 1544 rie
414 1494 822 1559 argumentatur
842 1528 856 1553 ,
901 1487 1088 1543 dicens
1119 1505 1132 1540 :
1163 1485 1373 1557 Corpus
1403 1483 1591 1539 Lazari
1635 1498 1758 1539 cum
1785 1481 1888 1536 fuit

280 1589 585 1648 mortuum,
617 1580 780 1636 fuisse
803 1580 920 1636 sine
946 1579 1075 1645 vita,
1108 1579 1358 1649 idemque
1389 1577 1690 1634 redivivum
1719 1575 1884 1632 fuisse

281 1687 419 1730 cum
445 1671 576 1739 vita,
600 1680 662 1727 ut
682 1687 782 1743 per
802 1672 904 1728 hoc
923 1671 1100 1726 anima
1129 1671 1317 1727 localis
1335 1685 1456 1727 esse
1473 1668 1746 1733 credatur,
1768 1682 1889 1738 qua:

283 1763 584 1822 recesserit
608 1779 639 1818 a
667 1779 917 1834 corpore,
944 1778 1236 1835 rursusque
1265 1762 1331 1818 ad
1352 1777 1553 1833 corpus
1577 1759 1884 1816 accesserit.

285 1858 473 1928 Atque
511 1864 570 1912 ut
624 1857 880 1913 universo
927 1857 1226 1912 animarum
1263 1854 1448 1925 generi
1498 1855 1550 1910 in
1605 1867 1890 1909 commune

285 1949 627 2022 praescribat,
659 1949 830 2021 ipsam
872 1949 1042 2005 nostri
1073 1946 1453 2019 Redemptoris
1482 1945 1715 2001 animam
1745 1945 1893 2000 loea-

290 2042 405 2099 lem
434 2058 554 2100 esse
594 2043 926 2115 pronuntiat.

922 2131 1154 2188 CAPUT
1199 2131 1263 2187 ll.

485 2250 556 2309 De
583 2251 779 2315 anima,
812 2247 865 2302 in
892 2263 991 2320 quo
1021 2245 1414 2302 similitudinem
1436 2243 1542 2337 Dei.
1562 2255 1724 2316 gerat.

373 2365 415 2420 Ι.
447 2361 798 2421 Formidabili
825 2360 1052 2425 scilicet,
1082 2367 1266 2428 atque,
1307 2365 1368 2413 ut
1395 2365 1660 2423 autumat,
1691 2355 1897 2412 insolu-

300 2455 405 2513 bili
442 2454 758 2527 syllogismo
791 2467 806 2505 :
840 2460 894 2506 ut
944 2449 1124 2504 anima
1153 2448 1244 2504 ubi
1287 2458 1388 2516 est,
1419 2449 1520 2516 sit;
1562 2456 1619 2504 et
1656 2462 1762 2503 non
1791 2447 1898 2514 sit,

301 2548 402 2604 ubi
445 2561 554 2601 non
581 2553 698 2610 est;
731 2551 986 2612 tanquam
1029 2556 1128 2598 nos
1148 2540 1392 2597 eamdem
1431 2549 1525 2596 aut
1544 2539 1772 2609 ubique,
1809 2545 1903 2594 aut

306 2651 575 2706 nusquam
615 2649 739 2691 esse
765 2633 1027 2690 dicamus.
1058 2633 1194 2689 Cum
1234 2632 1279 2688 si
1311 2633 1508 2702 ubique
1535 2640 1713 2699 esset,
1757 2630 1904 2688 Deus

311 2735 492 2795 esset;
527 2727 577 2784 si
619 2741 920 2798 nusquam,
962 2726 1094 2782 nihil
1121 2736 1286 2782 esset.
1318 2725 1411 2781 Illa
1439 2725 1655 2796 quidem
1690 2739 1797 2781 non
1845 2726 1902 2784 in

311 2829 432 2878 toto
475 2820 675 2877 mundo
699 2829 784 2877 est
813 2829 954 2884 tota,
983 2819 1078 2875 sed
1103 2819 1243 2875 sicut
1270 2819 1411 2876 Deus
1440 2819 1639 2890 ubique
1673 2828 1818 2876 totus
1845 2819 1898 2875 in

307 2913 660 2969 universitate
688 2921 788 2980 est,
809 2913 881 2968 ita
911 2913 1024 2970 lucc
1053 2913 1251 2984 ubique
1273 2922 1385 2970 tota
1412 2913 1682 2970 invenitur
1704 2913 1758 2968 in
1778 2927 1903 2969 cor-

303 3019 463 3077 pore.
505 3002 574 3058 Et
601 3004 743 3060 sicut
787 3003 927 3060 Deus
968 3019 1306 3076 nequaquam
1346 3005 1558 3061 minore
1597 3005 1680 3060 sui
1725 3012 1903 3074 parte,

307 3096 577 3154 minorem
607 3095 1022 3174 mundipartem
1051 3097 1245 3168 replet,
1269 3096 1476 3166 majore
1506 3096 1785 3166 majorem,
1808 3093 1904 3151 sed

309 3196 460 3245 totus
487 3187 543 3244 in
574 3196 757 3260 parte,
797 3195 944 3243 totus
972 3188 1023 3242 in
1056 3197 1172 3242 toto
1202 3198 1315 3253 est;
1347 3188 1420 3243 ita
1449 3197 1505 3243 et
1533 3188 1646 3244 lucc
1669 3203 1776 3244 nou
1806 3203 1906 3259 pro

307 3292 466 3356 parte
491 3284 574 3339 sui
602 3292 685 3340 est
713 3283 766 3338 in
797 3292 950 3354 parte
977 3282 1241 3354 corporis.
1279 3281 1388 3339 Nec
1425 3283 1532 3338 alia
1561 3299 1684 3356 pars
1712 3283 1906 3339 anima:

309 3375 585 3433 sentilicat
609 3376 850 3441 oculum,
876 3385 933 3431 et
956 3375 1060 3430 alia
1091 3375 1328 3432 vivilicat
1353 3375 1578 3446 digitum
1606 3394 1619 3430 :
1647 3375 1741 3432 sed
1769 3376 1908 3433 sicut

1899 687 1956 748 Δ
1978 682 2200 756 Opinari
2227 693 2410 742 autem
2452 687 2750 757 ignorantis
2777 697 2863 745 est
2891 706 2904 744 :
2937 688 3239 761 ignorantia
3274 704 3407 748 vero
3435 705 3566 747 con-

1981 781 2148 835 traria
2177 786 2262 836 est
2299 781 2539 844 scientiae
2571 799 2586 835 :
2617 783 2793 839 nescit
2828 799 2958 854 ergo
2997 785 3242 856 quisquis
3289 786 3561 857 opinatur.

1979 873 2118 932 Hine
2145 873 2394 946 equidem
2422 875 2621 932 factum
2649 884 2751 945 est,
2783 885 2844 933 ut
2860 878 3143 936 scientiam
3172 895 3283 952 pra:
3311 879 3566 951 opinione

1981 969 2437 1040 concupiscerem,
2467 971 2645 1027 sciens
2671 971 2882 1028 nescire
2909 987 3017 1039 me,
3045 973 3224 1044 quoad
3251 988 3421 1044 usque
3449 973 3568 1045 cpio

1983 1060 2169 1117 nabar.
2205 1060 2283 1116 Tu
2329 1070 2510 1119 autem
2554 1061 2689 1119 dicis
2711 1103 2726 1128 ,
2757 1063 2891 1119 Cum
2919 1063 2988 1120 de
3030 1065 3222 1120 animae
3265 1067 3566 1123 substantia
3641 1057 3648 1062 ’

1981 1153 2270 1224 quaerimus
2291 1195 2306 1222 ,
2349 1154 2494 1225 quod
2519 1171 2702 1226 osupra
2745 1171 2846 1212 nos
2891 1164 2975 1213 est
2995 1197 3012 1224 ,
3063 1157 3219 1214 nobis
3250 1158 3421 1215 videri
3460 1174 3568 1214 non

1984 1259 2161 1316 posse,
2193 1259 2316 1300 cum
2346 1260 2508 1316 supra
2550 1262 2650 1302 nos
2676 1247 2821 1317 ipsos
2858 1247 2959 1318 ipsi
2987 1263 3096 1304 non
3125 1248 3312 1305 simus.
3345 1247 3413 1304 Et
3441 1249 3567 1306 item

1984 1337 2129 1410 quod
2171 1339 2390 1407 agnosci
2419 1354 2579 1410 posse
2608 1353 2774 1409 negas
2797 1380 2813 1406 ,
2858 1339 3012 1410 quasi
3041 1341 3314 1410 cognitum
3338 1340 3567 1412 judicas,

1986 1433 2331 1502 animamque
2365 1433 2608 1504 corporis
2635 1449 2832 1506 corpus
2858 1447 2979 1491 esse
3006 1434 3312 1492 conﬁrmas.
3345 1434 3500 1503 Quod
3527 1435 3571 1493 si

1986 1527 2164 1583 sciens
2192 1527 2346 1593 dicis,
2377 1527 2503 1597 quia
2530 1527 2666 1583 falsa
2695 1529 2822 1584 sciri
2861 1538 3154 1599 nequeunt,
3184 1545 3370 1587 verum
3398 1529 3572 1598 dicis;

1988 1626 2046 1676 et
2071 1619 2117 1675 si
2143 1620 2248 1676 hoe
2275 1635 2468 1675 verum
2493 1620 2648 1686 dicis,
2679 1620 2871 1676 anima:
2903 1620 3258 1678 substantiam
3287 1621 3436 1678 nosci
3467 1625 3574 1677 non

1990 1725 2182 1783 posse,
2226 1711 2490 1768 mentiris.
2524 1711 2632 1767 Aut
2670 1711 2830 1781 igitur
2858 1711 3051 1767 falsum
3079 1717 3162 1767 est
3187 1712 3423 1767 animam
3449 1728 3575 1769 cor-

1990 1821 2093 1878 pus
2119 1820 2259 1871 esse,
2289 1813 2384 1861 aut
2408 1803 2598 1862 falsum
2621 1813 2704 1862 est
2731 1805 2926 1861 anima:
2952 1806 3306 1863 substantiam
3325 1807 3576 1876 cognosci

1992 1913 2103 1953 non
2131 1912 2311 1968 posse.
2337 1895 2500 1953 Vides
2526 1912 2636 1968 quo
2662 1896 2921 1969 perducat
2955 1898 3140 1969 opinio
3164 1912 3424 1970 sequaces
3449 1899 3578 1954 sui?

1995 1989 2129 2045 Nam
2157 1989 2412 2059 quoniam
2456 2005 2616 2044 nemo
2644 1989 2747 2044 nisi
2779 1991 2996 2059 ignarus
3022 1989 3292 2061 opinatur,
3342 1994 3400 2045 et
3426 1988 3578 2057 igno-

1923 2070 1975 2132 B
1998 2081 2172 2136 rantia
2209 2087 2295 2136 est
2320 2079 2544 2135 adversa
2571 2080 2842 2144 scientias;
2890 2089 2950 2136 tu
2976 2080 3070 2152 qui
3111 2095 3181 2136 ex
3208 2078 3477 2151 opinionis
3505 2079 3587 2138 ili-

2000 2180 2153 2227 certo
2196 2172 2280 2227 vis
2325 2181 2529 2228 certam
2571 2173 2713 2229 ferre
2748 2173 3071 2230 sententiam
3093 2213 3111 2242 ,
3141 2181 3199 2230 et
3223 2173 3294 2230 de
3320 2174 3404 2230 bis
3440 2173 3590 2230 velut

2001 2266 2181 2322 sciens
2217 2267 2570 2338 pronuntiare
2597 2281 2718 2338 qua:
2763 2267 2972 2333 nescis,
3018 2267 3356 2324 convinceris
3393 2266 3590 2323 docere

2003 2357 2149 2429 quod
2181 2357 2377 2415 nescis.
2403 2358 2624 2416 Nescire
2653 2359 2814 2429 igitur
2839 2358 3034 2426 doces;
3061 2375 3293 2432 cumque
3319 2358 3464 2430 quod
3494 2375 3590 2416 ne-

2003 2450 2137 2506 sciri
2157 2466 2318 2522 posse
2337 2451 2490 2519 dicis,
2525 2452 2725 2508 docere
2751 2451 3136 2524 prmsumis.Da
3164 2453 3341 2521 nobis,
3373 2468 3588 2524 quaesu-

2003 2561 2146 2614 mus,
2175 2547 2388 2602 veniam
2415 2545 2725 2603 nolentibus
2749 2546 2961 2603 discere
2986 2547 3360 2604 nescientiam.

2624 2679 2855 2738 CAPUT
2886 2681 2974 2738 Ill.

2210 2796 2449 2852 Animam
2477 2812 2694 2868 corpore
2720 2813 2826 2850 non
2855 2796 3108 2851 contineri
3133 2794 3388 2848 localiter.

2074 2908 2115 2964 1.
2149 2910 2292 2966 Dicis
2315 2924 2446 2979 ergo
2471 2909 2706 2964 animam
2731 2923 2962 2980 corpore
2988 2906 3274 2965 contineri.
3316 2905 3594 2976 Nunquid-

2007 3014 2130 3056 nam
2151 3001 2238 3056 vel
2257 3001 2614 3071 apostolicum
2646 2999 2775 3056 illud
2801 3000 2900 3056 tibi
2929 2999 2982 3056 in
3003 3007 3240 3056 mentem
3269 2994 3456 3056 venire
3484 3015 3593 3064 non

2005 3094 2210 3162 debuit,
2241 3093 2386 3164 quod
2413 3094 2615 3150 dictum
2641 3102 2725 3151 est
2753 3111 2766 3148 :
2797 3093 2870 3148 Et
2907 3095 2953 3150 si
2986 3096 3214 3150 exterior
3237 3094 3392 3152 homo
3419 3101 3596 3150 noster

2007 3186 2372 3256 corrumpitur,
2400 3186 2493 3242 sed
2515 3189 2736 3243 interior
2773 3195 3052 3244 renovatur
3098 3186 3164 3259 (ll
3203 3186 3322 3243 Cor.
3355 3203 3428 3253 tv,
3460 3186 3596 3259 16)?

2006 3280 2178 3337 Omne
2205 3281 2350 3351 quod
2379 3289 2484 3348 est,
2513 3290 2571 3336 ut
2596 3281 2836 3338 breviter
2856 3281 3055 3347 dicam,
3085 3289 3178 3336 aut
3206 3281 3258 3335 in
3284 3295 3346 3336 se
3372 3287 3473 3345 est,
3503 3287 3596 3335 aut

2010 3372 2330 3443 subjectum,
2365 3381 2458 3428 aut
2504 3373 2555 3428 in
2585 3373 2829 3443 subjecto
2872 3380 2973 3428 est.
3020 3371 3078 3426 In
3125 3387 3184 3427 se
3213 3379 3296 3427 est
3339 3371 3502 3425 Deus.
3539 3370 3597 3426 In

310 3469 372 3528 in
400 3470 558 3528 oculo
590 3478 702 3526 tota
731 3469 896 3537 vivit,
940 3477 996 3525 ct
1024 3485 1122 3540 per
1149 3470 1364 3526 oculum
1396 3479 1507 3525 tota
1543 3452 1718 3537 videt;
1755 3471 1827 3526 ita
1851 3480 1910 3527 et
1933 3449 1982 3516 (ἶ
2012 3465 2174 3521 rebus
2215 3465 2590 3535 corporalibus
2618 3465 2923 3534 subjectum
2971 3472 3055 3518 est
3080 3477 3278 3532 corpus
3299 3503 3314 3528 ,
3357 3470 3414 3531 et
3448 3461 3600 3517 color

312 3560 372 3617 in
398 3561 567 3632 digito
599 3569 710 3618 tota
741 3561 892 3628 vivit,
918 3570 974 3617 et
1001 3577 1099 3632 per
1122 3549 1346 3632 digitum
1375 3571 1485 3618 tota
1515 3564 1698 3619 sentit.
1728 3564 1835 3618 Aut
1861 3563 1908 3620 si

311 3651 561 3708 fortassis
589 3652 666 3708 sic
695 3660 807 3708 tota
851 3651 907 3708 in
933 3652 1099 3722 digito
1129 3654 1312 3721 sentit,
1364 3663 1423 3710 ut
1469 3663 1580 3709 tota
1621 3670 1728 3710 non
1754 3656 1827 3710 sit
1855 3655 1906 3710 in

313 3743 520 3815 digito;
548 3746 716 3802 sentit
741 3759 872 3815 ergo
921 3755 1032 3802 tota
1063 3747 1153 3802 ubi
1191 3756 1303 3802 tota
1335 3762 1440 3802 non
1471 3757 1582 3814 cst,
1613 3757 1670 3802 et
1696 3756 1779 3802 est
1818 3746 1910 3804 ubi

315 3851 429 3892 non
458 3843 561 3892 est.
593 3836 702 3891 Aut
729 3835 890 3904 igitur
923 3845 1034 3891 tota
1059 3837 1162 3892 erit
1187 3837 1366 3891 anima
1395 3837 1447 3892 in
1477 3837 1725 3908 corporis
1757 3846 1912 3908 parte

315 3923 543 3984 minima
568 3967 584 3993 ,
616 3943 738 3983 cum
768 3927 1116 3982 nihilominus
1146 3927 1200 3982 in
1233 3937 1346 3983 toto
1373 3928 1442 3982 sit
1471 3938 1583 3984 tota
1608 3974 1624 3997 ,
1655 3937 1750 3984 aut
1787 3945 1911 3984 cum

317 4025 439 4074 tota
466 4017 665 4073 sentiat
690 4017 779 4072 ubi
809 4025 920 4073 tota
950 4033 1056 4073 non
1098 4027 1198 4074 cst.
1245 4017 1342 4074 Est
1381 4034 1511 4088 ergo
1541 4029 1652 4076 tota
1683 4021 1775 4076 ubi
1802 4036 1911 4094 non

315 4117 406 4166 est
446 4116 580 4166 tota.
626 4107 734 4165 Sed
776 4108 846 4164 de
885 4108 985 4165 hoc
1013 4109 1150 4166 etin
1193 4110 1366 4182 primo
1416 4111 1552 4168 libro
1593 4113 1912 4183 quamplura

227 4271 234 4274 _
317 4200 572 4268 disserui,
602 4201 731 4257 etin
759 4201 980 4257 secundi
1011 4202 1278 4274 principio
1307 4219 1416 4260 non
1445 4220 1618 4276 pauca
1639 4206 1870 4277 pracmisi
1897 4225 1912 4262 :

319 4293 378 4350 in
402 4307 524 4365 qua:
550 4293 596 4349 si
625 4293 895 4364 quispiam
925 4295 1156 4350 solerter
1177 4295 1489 4363 intenderit,
1517 4297 1584 4352 ad
1613 4298 1756 4354 hunc
1776 4298 1920 4356 vide-

320 4383 453 4440 licet
479 4383 660 4440 locum
682 4399 792 4440 non
819 4385 967 4441 rudis
990 4386 1211 4442 accedet
1245 4405 1257 4440 :
1290 4387 1664 4445 difﬁcillimum
1684 4405 1918 4462 namque

321 4467 423 4532 est
437 4475 760 4548 incorporea
789 4477 1168 4548 contemplari,
1198 4479 1324 4549 quia
1356 4479 1518 4536 lallax
1548 4482 1694 4538 visus
1721 4498 1919 4555 corpo-

323 4569 521 4626 ralium
549 4584 806 4626 sensuum
836 4569 912 4625 ita
940 4555 1168 4642 peccato
1212 4572 1427 4628 oculum
1457 4574 1739 4632 imbecilla:
1766 4591 1922 4634 men-

326 4659 400 4717 tis
429 4660 688 4728 obnubit;
715 4669 778 4716 ut
803 4676 926 4717 eum
952 4676 1013 4718 se
1040 4663 1128 4718 vel
1165 4661 1336 4719 Deum
1379 4667 1736 4738 contemplari
1763 4668 1881 4724 vult
1899 4707 1916 4735 ,

324 4753 623 4824 imaginum
650 4770 1037 4827 corporearum
1063 4756 1312 4825 velamen
1353 4759 1500 4828 quod
1527 4759 1630 4816 sibi
1669 4762 1921 4832 praetexi-

2012 3558 2259 3628 corporis
2287 3557 2340 3610 in
2369 3556 2631 3625 subjecto.
2664 3555 2721 3610 In
2756 3555 3091 3625 incorporeis
3118 3555 3329 3611 animus
3355 3563 3410 3612 et
3439 3555 3602 3612 disci-

1956 3727 1959 3730 _
2015 3650 2192 3719 plina;
2235 3662 2356 3716 qua:
2396 3647 2468 3701 ita
2509 3647 2613 3703 sibi
2652 3662 2791 3703 nexa
2820 3654 2982 3712 sunt,
3031 3655 3091 3702 ut
3116 3663 3218 3704 nec
3255 3647 3373 3704 sine
3417 3648 3602 3704 colore

2012 3759 2231 3814 corpus,
2278 3757 2380 3798 nec
2406 3742 2525 3797 sine
2567 3740 2849 3812 disciplina
2896 3741 2968 3796 sit
3004 3741 3341 3797 rationabilis
3369 3741 3598 3796 animus.

2014 3834 2175 3892 Modo
2233 3843 2290 3890 tu
2340 3832 2538 3890 videris
2569 3874 2585 3899 ,
2636 3834 2730 3903 qui
2779 3833 3015 3887 animam
3059 3847 3259 3902 corpus
3323 3844 3442 3886 esse
3471 3869 3488 3895 ,
3548 3839 3606 3887 et

2015 3929 2262 3985 eamdem
2287 3927 2647 3999 superjectam
2694 3927 2749 3981 in
2788 3923 3037 3994 subjecto
3063 3937 3295 3994 corpore
3339 3922 3604 3978 contineri

2016 4021 2228 4088 credis;
2261 4029 2567 4076 utrumnam
2607 4019 2842 4090 probare
2869 4017 3146 4072 valeamus
3191 4029 3413 4071 manere
3457 4013 3603 4084 quod

2017 4114 2072 4170 in
2094 4112 2342 4182 subjecto
2364 4120 2464 4179 est,
2498 4112 2616 4183 ipso
2637 4112 2943 4167 intereunte
2961 4107 3225 4178 subjecto.
3253 4106 3391 4175 Quia
3413 4108 3460 4163 si
3481 4121 3604 4163 cor-

2016 4220 2152 4277 pore
2179 4205 2516 4272 continetur,
2543 4204 2659 4276 ipsa
2689 4203 2744 4258 in
2771 4218 2871 4259 suo
2893 4201 3198 4274 superjecta
3228 4198 3472 4270 subjecto
3500 4206 3602 4266 est,

2019 4313 2121 4354 nec
2146 4311 2366 4353 manere
2390 4297 2594 4368 poterit
2618 4311 2736 4367 quae
2762 4296 3089 4361 continetur,
3114 4294 3207 4350 illo
3233 4301 3496 4365 pereunte
3513 4292 3606 4364 qui

2019 4391 2279 4448 continet.
2312 4388 2420 4445 Sed
2447 4389 2577 4446 dicit
2599 4388 2936 4460 Apostolus:
2971 4386 3353 4444 Veterascente
3379 4399 3608 4456 corpore

2020 4482 2270 4539 renovari
2312 4481 2547 4537 animam
2579 4500 2593 4536 :
2639 4491 2667 4522 α
2697 4491 2986 4552 corrupto,
3017 4495 3172 4552 aeque
3198 4477 3440 4535 solidari.
3489 4476 3607 4533 Non

2021 4593 2152 4648 ergo
2179 4591 2410 4648 corpore
2436 4577 2765 4632 continetur.

2095 4671 2159 4727 ll.
2185 4671 2393 4728 Vereor
2427 4687 2495 4728 ne
2517 4679 2574 4727 et
2600 4671 2724 4726 istic
2751 4670 3005 4739 opinatus
3028 4666 3261 4723 videaris
3289 4678 3462 4719 novus
3485 4677 3611 4718 aca-

2022 4765 2281 4831 demicus,
2305 4762 2398 4834 qui
2426 4769 2482 4818 et
2507 4777 2629 4817 cum
2657 4761 2979 4816 academicis
3004 4758 3137 4812 nihil
3170 4756 3334 4820 scias,
3355 4762 3412 4810 et
3438 4754 3506 4810 de
3527 4754 3610 4811 his

329 4855 442 4915 tur,
477 4848 652 4906 solum
670 4848 871 4915 videat,
898 4864 1022 4906 cum
1052 4857 1200 4906 trans
1221 4850 1353 4907 illud
1378 4851 1562 4909 videre
1588 4831 1698 4909 non
1726 4831 1915 4924 possit.
1943 4831 2002 4894 Ῑ)
2022 4872 2143 4928 quae
2191 4831 2368 4912 nescis
2413 4855 2530 4909 sine
2569 4853 2916 4909 cunctatione
2953 4847 3195 4905 deﬁnias.
3228 4848 3365 4904 Vide
3392 4863 3461 4904 ne
3498 4864 3609 4905 non

327 4937 586 5010 Quisquis
630 4954 760 5000 emo
803 4940 1123 4998 diliieultate
1150 4943 1376 4999 visionis
1403 4944 1565 5015 hujus
1608 4945 1917 5012 offenditur,

325 5030 568 5088 studium
608 5040 772 5104 atque
811 5047 949 5102 opus
976 5033 1247 5101 insumat,
1293 5050 1404 5089 non
1435 5043 1494 5090 ut
1537 5036 1921 5094 calumniatum

328 5128 442 5187 eat,
471 5123 568 5180 sed
596 5132 656 5180 ut
682 5123 902 5196 purgari
929 5123 1126 5180 valeat.

333 5224 337 5228 '
401 5213 467 5270 ll.
496 5213 609 5273 Nec
636 5221 817 5272 tamen
849 5224 1064 5286 egomet
1089 5216 1164 5272 ita
1190 5231 1312 5272 sum
1340 5217 1696 5288 oblitusomei,
1727 5229 1786 5278 ut
1812 5237 1922 5278 non

329 5307 620 5378 languoris'
648 5323 812 5378 quam
851 5308 1097 5365 sanitatis
1124 5309 1356 5381 amplius
1397 5311 1573 5368 inesse
1617 5312 1748 5369 mihi
1796 5330 1923 5371 sen-

329 5400 483 5457 tiam.
515 5400 903 5470 Verumtamen
930 5402 1074 5459 hanc
1115 5419 1204 5460 me
1239 5403 1552 5476 opinionem
1593 5422 1700 5478 qua
1727 5424 1926 5481 corpus

330 5493 573 5552 creditur
596 5495 797 5562 anima,
825 5511 947 5552 cum
975 5497 1272 5570 puerilibus
1298 5500 1455 5556 annis
1482 5501 1719 5558 evasisse
1744 5501 1924 5561 delec—

332 5591 448 5653 tat;
490 5585 615 5667 quia
660 5593 790 5644 tunc
835 5603 956 5644 cum
1003 5589 1266 5660 opinabar
1290 5631 1308 5659 ,
1360 5594 1546 5664 utique
1588 5594 1918 5666 nesciebam.

407 5787 436 5818 ι
466 5777 580 5847 AL,
607 5783 944 5847 corruptaque
968 5770 1208 5829 solidari.

2023 4964 2222 5019 corpus
2250 4947 2529 5002 contineat
2546 4945 2802 5007 animam,
2832 4942 2929 5000 sed
2949 4945 3292 5000 contineatur
3311 4943 3380 4999 ab
3409 4943 3608 4998 anima.

2026 5040 2143 5095 Hoc
2167 5052 2363 5109 nempe
2391 5044 2648 5108 corrupto
2679 5035 2768 5091 illa
2797 5035 3079 5100 solidatur,
3104 5036 3246 5101 sicut
3270 5036 3399 5091 illud
3428 5033 3613 5088 itidem

1910 5143 1923 5157 '
2026 5133 2186 5204 hujus
2222 5133 2516 5188 amissione
2555 5131 2886 5189 dissolvitur.
2917 5131 3013 5188 Illa
3052 5131 3170 5188 sine
3203 5131 3309 5187 hoc
3337 5129 3469 5184 vivit
3497 5141 3612 5182 me-

2029 5226 2151 5292 lius,
2180 5227 2284 5282 hoc
2311 5225 2429 5281 sine
2457 5225 2547 5280 illa
2577 5239 2678 5281 nec
2701 5224 2877 5296 pejus.
2907 5223 3084 5294 Atque
3113 5231 3174 5279 ut
3199 5237 3267 5276 ex
3293 5220 3378 5274 his
3405 5217 3615 5272 duobus

2031 5319 2227 5390 quibus
2249 5319 2418 5374 conlit
2443 5318 2682 5374 humana
2701 5317 3020 5381 substantia,
3048 5314 3177 5384 quid
3203 5313 3258 5366 in
3285 5325 3393 5381 quo
3418 5309 3490 5364 sit
3507 5324 3618 5364 non

2032 5420 2351 5485 argumento
2375 5413 2494 5470 solo
2515 5414 2715 5483 vigeat,
2747 5411 2843 5468 sed
2867 5410 3034 5465 etiam
3063 5404 3386 5461 auctoritate
3417 5402 3620 5458 clares-

2032 5514 2154 5574 cat;
2197 5506 2574 5579 propheticum
2601 5517 2821 5575 quoque
2845 5497 3216 5557 testimonium
3256 5493 3618 5567 proferamus.

2032 5600 2123 5657 Ait
2146 5615 2380 5674 namque
2410 5618 2424 5655 :
2456 5600 2652 5671 Corpus
2666 5595 2809 5670 quod
2829 5592 3196 5666 corrumpitur,
3225 5595 3479 5664 aggravet
3499 5588 3620 5648 ani-
