4140 6346
611 299 718 357 763

1902 285 2217 346 MAMERTI
2253 283 2622 346 CLAUDIAM

3767 259 3890 358 rei

608 435 748 476 mam
788 413 940 489 (Sap.
971 432 1044 484 Ix,
1077 409 1188 484 157.
1223 409 1302 470 Ac
1325 407 1482 468 nobis
1520 407 1753 483 primum
1773 405 2064 464 videndum
2087 409 2188 468 est,
2215 403 2272 482 Α
2299 413 2382 462 εει
2413 409 2588 478 spatii,
2615 409 2850 481 intelligo
2870 411 2925 467 in
2953 411 3076 468 loco
3106 427 3224 469 esse
3252 430 3412 485 posse
3430 407 3546 472 sine
3569 407 3714 474 loco.
3741 407 3882 484 Quia

611 522 914 577 utrumnam
941 508 1072 565 illud
1100 511 1374 577 aggravet,
1409 503 1554 575 quod
1593 503 1650 562 ib
1673 503 1982 572 quoquam;
2025 503 2092 556 n'n
2125 495 2192 552 ii-

609 605 698 662 lud
743 604 796 658 in
825 617 931 672 quo
960 600 1196 670 quidque
1224 605 1327 654 est.
1375 597 1432 652 Si
1463 589 1592 651 illud
1621 593 1674 649 in
1702 609 1811 664 quo
1855 587 2053 662 aliquid
2084 593 2187 654 est,

607 699 846 762 levatur;
879 701 904 731 ⁸
941 693 1072 761 ergo
1093 689 1336 762 pondere
1361 687 1598 760 quidque
1627 685 1902 740 oneratur.
1935 681 2030 736 Sin
2057 693 2189 735 vero

607 789 736 846 illud
779 789 1033 857 aggravet
1059 783 1206 854 quod
1245 784 1300 838 in
1330 779 1530 852 aliquo,
1561 795 1669 835 non
1697 775 1828 832 illud
1853 776 1909 830 in
1947 785 2060 844 quo
2089 772 2188 827 eli-

589 883 732 956 ‘quid
761 889 872 950 est;
905 879 1076 950 inagis
1105 881 1158 934 in
1189 879 1366 933 anima
1395 885 1480 933 est
1517 887 1716 945 corpus
1760 871 1904 943 quod
1934 875 2188 940 aggravet

605 977 856 1038 animam,
879 983 1041 1044 quam
1063 975 1115 1026 in
1143 975 1376 1042 corpore
1397 969 1574 1024 anima
1597 973 1718 1036 quae
1738 969 1990 1034 gravatur
2010 967 2040 1016 ὲ
2063 977 2186 1017 cor-

601 1087 738 1147 pore
769 1089 781 1125 :
815 1073 952 1126 onus
997 1067 1248 1123 'videlicet
1275 1065 1330 1120 in
1358 1064 1623 1135 portitore
1643 1102 1658 1126 ,
1707 1075 1814 1114 non
1859 1057 2094 1128 portitor
2132 1055 2186 1110 in

603 1181 788 1223 onere.
813 1164 944 1231 Qua:
965 1169 1088 1218 cum
1113 1161 1186 1214 ita
1207 1158 1336 1224 sint,
1357 1159 1606 1224 magnam
1629 1153 1820 1208 animus
1835 1149 2081 1204 auctoris
2102 1147 2184 1202 sui

603 1259 780 1315 inesse
807 1253 1231 1318 similitudinem,
1261 1249 1497 1305 maxinio
1527 1245 1653 1302 illud
1683 1245 1882 1300 indicio
1911 1250 2012 1304 est,
2042 1239 2187 1310 quod

602 1367 704 1423 pro
731 1345 1082 1405 similitudine
1107 1345 1244 1400 sicut
1271 1337 1556 1398 i-llocaliter
1583 1338 1813 1394 mundus
1853 1336 1906 1390 in
1937 1335 2048 1390 Deo
2079 1339 2180 1400 est,

601 1444 684 1499 sic
712 1440 996 1497 “localiter
1015 1441 1210 1507 cerpus
1237 1435 1290 1488 in
1321 1433 1517 1488 anima.

673 1533 761 1590 Ill.
799 1531 954 1588 Nunc
972 1527 1262 1586 sciscitanti
1289 1525 1424 1580 mihi
1447 1531 1574 1594 peto
1599 1521 1926 1592 respondeas
1953 1535 1964 1572 :
2009 1517 2066 1572 Si
2095 1509 2180 1572 lo-

603 1627 793 1685 caliter
837 1624 976 1678 intra
1017 1633 1214 1690 corpus
1265 1625 1347 1674 est
1401 1617 1596 1682 anime,
1639 1613 1916 1685 quomodo
1935 1611 2186 1667 continet

603 1719 836 1791 carpes?
861 1717 1058 1772 Notum
1087 1715 1280 1783 nempe
1307 1717 1406 1776 est,
1461 1719 1692 1779 corpore
1739 1705 2004 1762 contineri
2049 1703 2182 1758 nihil

2294 499 2338 552 si
2369 499 2498 556 illud
2527 501 2672 574 quod
2701 503 2874 562 locale
2902 511 3006 570 est.
3035 505 3088 560 in
3132 506 3254 562 loco
3279 513 3395 574 est;
3425 507 3596 563 multo
3617 509 3798 562 minus
3827 509 3884 560 in

2293 591 2414 650 loco
2443 607 2552 648 non
2581 597 2681 662 est,
2716 593 2859 666 quod
2879 595 3054 652 locale
3081 613 3186 653 non
3217 606 3320 655 est.

2915 707 3049 764 CAP

2941 707 2954 726 ‘
3007 707 3049 762 P

2293 796 2440 888 δίςιξτ
2465 707 3484 888 “"‘m“.""2?“.“';35139;€l:.50W?!”
3518 811 3596 888 κε.
3621 805 3886 888 mortem

2361 885 2580 940 corpus;
2618 873 2692 926 sic
2730 873 2974 930 divinitas
3019 871 3214 930 Christi
3241 871 3514 932 illochliter
3539 873 3780 932 ditauit
3829 884 3890 929 ut

2359 951 2644 996 moreretur
2669 939 2839 1000 Filius
2870 943 2966 1000 Dei
2997 941 3229 1000 Christus
3249 945 3302 1000 in
3331 963 3499 1001 cruce.

2360 1043 2468 1116 Sed
2521 1057 2666 1114 istud
2721 1059 3020 1130 quamlibet
3045 1041 3280 1124 clareat,
3315 1061 3586 1132 intelligas
3613 1073 3634 1100 ο
3665 1076 3846 1118 necne
3871 1102 3886 1124 .

2287 1148 2644 1208 dubitaverim
2677 1170 2688 1204 :
2721 1150 2852 1208 illud
2880 1167 3010 1208 vero
3041 1151 3186 1222 quod
3215 1168 3280 1208 eo
3310 1169 3482 1226 usque
3508 1161 3592 1210 est
3615 1153 3880 1226 simplicis

2288 1244 2707 1316 consequentiae,
2731 1251 2792 1298 ut
2809 1245 3013 1314 agnitio
3034 1243 3168 1316 ejus,
3191 1261 3301 1302 non
3324 1245 3518 1312 dicam,
3543 1246 3596 1302 in
3617 1253 3880 1318 promptu

2287 1334 2378 1397 sit,
2429 1335 2524 1392 sed
2578 1351 2645 1392 ne
2676 1336 2832 1392 vitari
2859 1335 3078 1408 quidem
3109 1336 3264 1394 facile
3291 1338 3494 1406 valeat,
3522 1337 3600 1393 sic
3627 1338 3876 1410 elapsum

2289 1427 2383 1484 tibi
2415 1429 2546 1484 satis
2573 1431 2760 1494 mirari
2786 1446 3020 1502 nequeo.
3055 1428 3078 1468 ἀ
3113 1431 3255 1490 Dicis
3297 1432 3482 1502 itaque
3500 1447 3700 1504 corpus
3722 1429 3880 1488 Chri.

2285 1521 2354 1578 sti
2409 1537 2532 1578 cum
2585 1523 2826 1592 patibulo
2881 1522 3148 1580 sublatum
3205 1529 3305 1590 est,
3335 1524 3634 1580 animatum
3657 1521 3872 1580 fuisse:

2287 1613 2594 1670 exanimum
2622 1627 2753 1670 vero
2782 1630 2902 1670 cum
2933 1615 3182 1686 sepulcro
3211 1614 3522 1670 mandatum
3555 1633 3569 1667 :
3621 1621 3874 1686 propter-

2286 1719 2392 1778 que
2445 1707 2553 1762 hoc
2600 1707 2744 1778 quod
2791 1707 3090 1776 negandum
3141 1723 3249 1764 non
3279 1717 3384 1776 est,
3415 1708 3681 1766 acuminis
3709 1722 3872 1778 argu-

601 1789 760 1888 posse
787 1813 1128 1882 corporeum,
1159 1805 1258 1862 nisi
1285 1803 1432 1874 quod
1471 1802 1712 1858 continet
1739 1800 1976 1856 exterius
2013 1799 2101 1864 sit,
2127 1803 2186 1852 et
2213 1789 2262 1852 Β
2285 1807 2472 1858 mento
2503 1800 2579 1856 tui
2611 1800 2796 1858 loculis
2821 1801 2926 1858 erit
2955 1801 3184 1868 animus,
3215 1802 3342 1872 quia
3369 1800 3650 1858 viviﬁcare
3669 1800 3874 1858 Christi

599 1905 744 1978 quod
797 1903 1104 1960 continetur
1147 1899 1392 1956 interius.
1441 1897 1632 1950 Anima
1681 1909 1829 1958 vero,
1861 1903 1919 1948 ut
1947 1891 2180 1946 afﬁrmas

600 2000 738 2071 ipse,
765 1999 1027 2066 corporea
1050 1990 1323 2063 quomodo
1343 1989 1483 2044 intra
1513 2001 1710 2058 corpus
1737 1993 1820 2042 est
1841 1985 1906 2040 ad
1927 1983 1982 2040 id
2005 1981 2179 2038 vivili-

601 2090 850 2158 candum,
885 2095 941 2144 et
985 2087 1138 2144 extra
1157 2089 1356 2156 corpus
1377 2079 1444 2138 ad
1463 2073 1886 2138 continendum?
1913 2079 1992 2133 An
2023 2077 2180 2132 forsi-

585 2187 691 2240 ‘tan
719 2184 798 2239 sic
815 2177 1056 2238 exterius
1079 2173 1338 2244 continet,
1365 2181 1424 2231 ut
1444 2174 1682 2230 exterius
1711 2181 1818 2228 non
1849 2171 1958 2234 sit?
1980 2171 2183 2226 Rursus

601 2277 764 2347 igitur
793 2276 845 2330 in
885 2274 1032 2329 illam
1061 2271 1354 2340 redigimur
1393 2267 1785 2332 diil‘lculta’tetn,
1817 2269 1876 2319 ut
1903 2271 1994 2319 aut
2019 2265 2092 2318 ait
2115 2263 2182 2318 il-

587 2367 844 2424 localiter
889 2369 1042 2420 extra
1084 2369 1300 2433 Corpus,
1357 2367 1416 2415 ut
1465 2359 1741 2415 contineat
1767 2365 1994 2428 corpus;
2019 2357 2110 2410 aut
2135 2355 2184 2410 ei

603 2459 846 2514 continet
887 2455 978 2510 ubi
1025 2463 1132 2508 non
1159 2459 1262 2516 est,
1291 2451 1364 2507 sit
1389 2451 1481 2506 ubi
1505 2459 1616 2504 non
1645 2455 1748 2504 est.
1777 2439 1884 2503 Sed
1911 2448 2048 2502 ratio
2071 2447 2185 2500 haec

605 2559 660 2606 te
695 2549 921 2604 forsitan
947 2547 1032 2603 sui
1071 2537 1312 2601 novitate
1351 2543 1626 2598 sollicitet.
1659 2533 1862 2622 Evigila
1891 2539 2180 2610 paulisper,

605 2659 686 2710 ac,
717 2643 763 2698 si
801 2649 976 2713 potes,
1009 2641 1260 2696 intuere:
1291 2639 1339 2696 si
1360 2653 1470 2694 non
1495 2645 1669 2708 potes,
1701 2635 1968 2690 admirare
2005 2634 2184 2688 incor-

604 2733 755 2806 porei
783 2731 1100 2804 potentiam,
1132 2737 1188 2784 ut
1227 2744 1422 2800 corpus
1469 2734 1684 2782 moveat
1711 2733 1962 2791 stantem,
1995 2733 2050 2778 et
2079 2740 2186 2779 non

603 2823 736 2880 locis
763 2823 880 2878 l'oca
911 2821 1166 2891 quaelibet
1195 2819 1502 2882 adeuntem,
1546 2809 1601 2872 in
1635 2815 1933 2885 iisdemque
1963 2816 2095 2871 locis
2124 2815 2188 2868 il-

587 2913 846 2971 ‘localite'r
865 2919 1132 2982 agentem.
1165 2911 1311 2966 Istud
1339 2911 1386 2966 si
1411 2917 1636 2965 cernere
1667 2909 1923 2980 quiveris,
1955 2913 2062 2962 non
2089 2923 2187 2962 no-

601 3007 686 3062 bis
715 3007 945 3060 animam
975 3001 1163 3057 Lai;er
1191 3009 1291 3073 pro
1316 3001 1550 3072 quadam
1591 2999 1916 3055 abscedendi
1957 2997 2187 3054 redeun-

603 3097 766 3167 dique
785 3089 1078 3158 meditate,
1101 3093 1268 3148 veluti
1291 3093 1557 3162 quoddam
1581 3101 1779 3161 corpus
1799 3101 2068 3162 oppones;
2089 3090 2184 3145 sed

2283 1908 2478 1964 corpus
2507 1893 2875 1950 alternaverit.
2907 1892 3018 1950 Sub
3047 1893 3208 1966 hujus
3235 1909 3364 1964 ergo
3393 1895 3724 1952 necessitate
3749 1910 3875 1952 seu-

2282 1986 2466 2040 tentize
2483 1985 2650 2038 Deum
2663 1989 2876 2056 quoque
2897 1985 3124 2056 profano
3153 2001 3288 2042 ausu
3313 1986 3542 2044 localem
3567 1987 3874 2054 credemus,

2281 2077 2374 2147 qui
2404 2083 2460 2131 et
2488 2077 2544 2130 in
2572 2075 2790 2132 Christo
2810 2092 2932 2132 cum
2959 2077 3244 2134 cruciﬁxus
3261 2085 3364 2143 cst,
3393 2077 3510 2142 fuit,
3545 2086 3602 2132 et
3619 2078 3874 2133 eumdem

2283 2170 2338 2224 in
2394 2170 2643 2240 passione
2697 2169 3000 2242 dereliquit.
3063 2169 3179 2244 lpse
3231 2183 3446 2242 quoque
3503 2169 3764 2224 Dominus
3807 2170 3878 2225 de

2284 2279 2446 2318 cruce
2474 2261 2726 2318 clamavit
2757 2282 2768 2316 :
2803 2259 2945 2317 Deus
2990 2280 3149 2328 meus,
3196 2259 3354 2334 quare
3392 2280 3473 2316 me
3510 2261 3830 2336 dereliquisti
3850 2264 3879 2316 Ρ

2283 2355 2342 2412 Si
2373 2357 2514 2412 enim
2561 2373 2670 2414 non
2696 2355 2961 2424 discessit,
3003 2369 3116 2411 non
3147 2348 3458 2426 dereliquit;
3485 2355 3528 2410 si
3555 2353 3865 2426 dereliquit,

2286 2449 2472 2518 utique
2503 2447 2768 2504 discessit.
2801 2443 2986 2518 Oiijice
3015 2459 3156 2502 nunc
3181 2445 3344 2516 igitur
3375 2445 3694 2501 localitatem
3722 2445 3868 2502 Deo.

2285 2539 2584 2610 Contiguus
2631 2539 2880 2596 videlicet
2907 2539 3101 2608 gradus
3132 2545 3233 2602 est,
3275 2545 3340 2592 ut
3364 2531 3434 2592 ab
3463 2535 3654 2606 injuria
3681 2533 3880 2592 simili—

2287 2635 2487 2690 tudinis
2517 2631 2612 2691 Dei
2645 2629 2834 2690 i‘eraris
2883 2633 2936 2688 in
2967 2631 3166 2698 Deum;
3209 2635 3265 2686 ει
3315 2629 3404 2701 qui
3427 2627 3656 2684 intumas
3681 2627 3884 2699 imagi-

2289 2743 2431 2792 nem,
2481 2728 2715 2782 lacessas
2744 2733 3039 2782 auctorem.
3074 2721 3224 2781 Sicut
3263 2735 3392 2791 ergo
3435 2717 3728 2778 lliocaiitas
3767 2719 3884 2779 Deo

2289 2831 2396 2874 non
2427 2809 2699 2884 adimitur,
2733 2807 2876 2890 quod
2908 2815 3178 2872 hominem
3217 2813 3494 2890 Christum
3549 2811 3883 2870 discedendo

2269 2911 2556 2978 deseruit;
2589 2911 2668 2966 sic
2696 2887 2869 2964 anima
2901 2907 3228 2964 illocalitatis
3241 2887 3586 2978 privilegium
3604 2919 3717 2960 non
3733 2905 3884 2960 amit-

2291 3007 2371 3074 tit,
2403 3021 2524 3064 cum
2555 3019 2786 3076 corpore
2817 3003 3086 3059 moriente
3123 2997 3367 3058 discedit.

2909 3109 3140 3178 CAPUT
3179 3117 3244 3174 V.

521 3203 550 3222 .
605 3188 850 3288 .eamﬂem
1085 3183 1202 3288 {Ejus
1221 3185 1544 3254 incorporeo
1573 3191 1850 3288 νθεῗῑῗῗῗθ
1863 3189 2022 3288 Ρξξξω
2048 3182 2188 3288 el“-
2213 3173 2257 3236 C
2293 3215 2416 3274 Non
2463 3217 2636 3274 Maria
2681 3173 3249 3288 Gabrieleincttgelum
3287 3213 3342 3268 in
3370 3229 3432 3288 e_a
3460 3209 3754 3288 substantia
3783 3183 3884 3282 qun

603 3279 850 3338 localiter
902 3277 1220 3342 excessisse,
1273 3287 1593 3346 rursumque
1639 3275 1706 3330 ad
1755 3273 1886 3330 illud
1905 3274 2189 3330 illocaliter

601 3373 826 3429 rediisse
855 3379 1168 3441 cognosces.

675 3464 761 3520 IV.
801 3463 920 3518 iam
947 3463 996 3520 sl
1041 3461 1138 3518 tibi
1159 3463 1384 3518 visionis
1413 3462 1638 3532 hujusce
1663 3462 1930 3516 sincerum
1959 3461 2190 3516 veritate

603 3556 874 3620 claruerit,
903 3551 1048 3608 nulla
1069 3555 1382 3626 quaestionis
1401 3547 1715 3610 difﬁcultate
1735 3551 2040 3622 jactabere;
2063 3561 2190 3621 qua-

605 3655 761 3702 tenus
789 3645 970 3700 anima
999 3655 1230 3716 corpore
1254 3645 1433 3715 posito
1457 3643 1746 3700 lilocallter
1783 3653 1904 3699 esse
1931 3643 2103 3714 possit
2133 3643 2188 3698 in

603 3737 824 3796 mundo.
855 3735 994 3805 Quia
1019 3735 1101 3793 sic
1146 3735 1252 3792 erit
1297 3735 1582 3792 illocaliter
1621 3737 1672 3789 in
1719 3735 1960 3806 qualibet
2003 3735 2186 3790 mundi

565 3817 776 3903 parte,
829 3831 971 3886 sicut
1015 3828 1300 3884 illucaliter
1343 3827 1444 3882 fuit
1471 3829 1524 3884 in
1563 3841 1809 3898 corpore.
1865 3825 1944 3881 Tu
1975 3839 2102 3882 vero
2133 3822 2183 3881 in

603 3921 968 3994 praeiudicium
993 3922 1206 3990 generis
1227 3919 1528 3976 animarum
1549 3915 1812 3980 ninnium,
1837 3917 2036 3974 Christi
2055 3933 2188 3987 quo-

601 4025 710 4084 que
763 4015 996 4069 animum
1051 4013 1280 4068 locatum
1309 4025 1738 4082 corporeamque
1763 4011 2100 4080 pronuntias,
2131 4019 2188 4064 et

603 4119 798 4176 corpus
823 4105 962 4162 dicis
987 4113 1108 4160 esse
1135 4103 1370 4158 nimam
1399 4101 1796 4172 Redemtoris,
1827 4113 1950 4157 cum
1979 4115 2088 4156 non
2117 4101 2188 4156 sit

605 4196 782 4266 anima
835 4194 1076 4266 pecudis.
1133 4193 1244 4249 Sed
1289 4194 1334 4249 si
1361 4195 1502 4248 forte
1543 4192 1860 4256 contendas,
1913 4192 2186 4262 quomodo

605 4287 784 4342 annua
837 4293 894 4340 et
943 4286 1000 4340 in
1053 4285 1174 4342 loco
1201 4291 1304 4348 est,
1335 4291 1395 4340 et
1422 4285 1606 4340 loculis
1631 4297 1744 4339 non
1771 4293 1886 4350 est;
1919 4292 1976 4339 et
1999 4297 2100 4353 ego
2131 4293 2184 4340 te

605 4385 790 4436 mutua
817 4379 1213 4434 consultatione
1239 4387 1580 4448 porculator,
1600 4365 1872 4449 quomodo
1894 4393 2186 4450 corporeus

605 4467 837 4526 mundus
863 4471 924 4524 et
951 4467 1136 4524 locatis
1159 4475 1266 4534 est,
1297 4477 1354 4524 et
1401 4469 1456 4523 in
1487 4469 1608 4523 loco
1659 4485 1770 4524 non
1800 4478 1903 4525 est.
1935 4469 2090 4537 Quod
2138 4471 2184 4526 si

2361 3291 2568 3362 spiritus
2611 3295 2688 3343 est
2731 3285 2884 3362 vidit,
2926 3283 3016 3341 sed
3064 3283 3128 3339 εὶ
3147 3299 3230 3362 _eo
3271 3283 3408 3356 quod
3438 3283 3504 3337 de
3532 3299 3654 3336 aere
3695 3297 3884 3350 corpus

2363 3355 2560 3442 uisibile
2589 3361 2942 3431 tempomliter
2963 3355 3204 3427 sumpsit.

2363 3473 2406 3534 Ι.
2429 3475 2528 3534 Hic
2550 3479 2660 3548 jam
2684 3493 2824 3534 nunc
2843 3477 2907 3532 ad
2929 3477 3242 3548 angelorum
3265 3485 3458 3532 statum
3479 3477 3743 3548 superbus
3765 3493 3866 3534 ora

2289 3575 2382 3628 tor
2407 3569 2694 3639 inveharis,
2743 3577 2798 3627 et
2827 3567 3128 3624 Gabrielem
3155 3567 3250 3624 tibi
3288 3569 3434 3639 quasi
3470 3567 3738 3638 quoddam
3769 3569 3880 3628 lin-

2291 3677 2411 3738 guas
2437 3665 2747 3735 praeludium
2771 3663 2978 3732 deligis,
3009 3671 3064 3718 et
3087 3661 3365 3719 declamas.
3387 3659 3504 3732 ipse
3525 3657 3879 3716 beatissimus

2289 3741 2525 3824 Gabriel,
2557 3757 2647 3827 qui
2685 3771 2745 3812 se
2773 3765 2896 3811 ante
2923 3755 3092 3812 Deum
3140 3761 3304 3810 astare
3329 3759 3568 3818 testatur,
3599 3768 3718 3808 cum
3743 3767 3864 3808 εω-

2287 3845 2463 3902 lorum'
2492 3839 2772 3903 Dominum
2801 3845 2980 3901 Mariae
3009 3843 3379 3901 infundendum
3403 3841 3696 3898 visceribus
3717 3859 3872 3898 nun-

2287 3939 2468 4008 tiaret,
2497 3953 2724 4010 cumque
2745 3941 2842 3995 sub
2864 3939 3146 3996 dominica:
3168 3937 3334 3994 oculis
3353 3935 3617 4006 genitricis
3637 3941 3873 4001 astarct;

2287 4031 2406 4089 sine
2445 4023 2606 4088 dubio
2661 4033 2798 4088 cmlo
2851 4031 3053 4099 deerat,
3104 4031 3274 4088 maria
3321 4047 3425 4088 non
3467 4029 3876 4104 supervolabat,

2289 4137 2454 4179 vacua
2479 4131 2640 4192 atque
2667 4121 2856 4178 diiiusa
2887 4125 3024 4178 vasti
3052 4123 3192 4178 aeris
3221 4137 3330 4178 non
3359 4119 3642 4192 implebat;
3674 4119 3773 4174 sed
3799 4119 3883 4192 ip-

2287 4223 2404 4282 sum
2449 4221 2658 4268 tantum
2695 4211 2872 4270 locum
2899 4213 2950 4268 in
2977 4227 3087 4284 quo
3118 4213 3323 4278 aderat,
3358 4207 3671 4282 occupabat.
3697 4209 3880 4266 Dilata

2287 4303 2446 4376 hujus
2465 4303 2738 4377 paululum
2763 4301 3093 4362 discussione
3113 4305 3412 4370 sententiis,
3445 4309 3652 4358 tantum
3681 4301 3880 4358 adver-

2285 4397 2517 4454 santium
2545 4397 2949 4468 repugnantiam
2977 4395 3412 4467 prolocutionum
3437 4401 3654 4466 stupere
3681 4403 3769 4450 me
3789 4393 3876 4447 fa-

2475 4485 2624 4545 Nu‘nc
2663 4499 2846 4545 aerem
2892 4489 3160 4554 subtilem,
3219 4499 3361 4544 nunc
3384 4485 3630 4543 eumdem
3661 4493 3876 4542 vastum
3933 4503 3936 4508 '

605 4559 860 4614 mundum
918 4559 972 4613 in
1024 4559 1145 4614 loco
1204 4574 1322 4614 esse
1369 4561 1734 4630 responderis,
1767 4562 1938 4618 nihilo
1965 4563 2183 4632 segnius

2285 4577 2416 4635 dicis
2441 4598 2454 4632 τ
2477 4595 2620 4635 nunc
2641 4593 2891 4649 magnum
2911 4577 3094 4634 mundi
3117 4571 3318 4646 locum;
3341 4591 3500 4650 quem
3521 4581 3878 4652 proportione

599 4666 786 4723 quau-0
817 4669 831 4706 τ
873 4649 1048 4710 Locus
1095 4651 1150 4706 in
1177 4663 1288 4722 quo
1316 4659 1402 4708 est
1449 4652 1677 4708 mundus
1721 4663 1876 4710 extra
1903 4653 2180 4720 utendum,

601 4757 742 4800 anne
769 4743 837 4800 de
865 4741 1068 4800 mundo
1093 4743 1184 4800 sit.
1213 4741 1276 4802 Si
1303 4743 1374 4800 de
1401 4744 1624 4809 mundo.
1649 4745 1675 4784 δ
1697 4761 1808 4800 nou
1837 4746 1892 4802 in
1922 4747 2014 4804 illo
2033 4762 2186 4802 mun-

601 4835 720 4900 dus,
749 4834 844 4892 sed
865 4835 918 4892 in
949 4835 1057 4892 alio
1085 4835 1202 4906 ipse
1229 4851 1350 4892 cum
1379 4837 1582 4892 mundo
1609 4844 1712 4894 est.
1735 4837 1792 4892 Si
1839 4845 1994 4893 extra
2025 4853 2184 4895 mun-

599 4927 750 4994 dum,
779 4945 964 4988 rursus
987 4943 1174 5002 quaero
1199 4949 1212 4984 ε
1246 4941 1426 4988 utrum
1453 4932 1604 4986 locus
1621 4931 1677 4986 in
1697 4947 1804 5002 quo
1823 4941 1908 4988 est
1933 4933 2182 4997 mundus,

601 5025 660 5080 in
689 5024 808 5080 loco
835 5024 924 5080 sit.
951 5026 1058 5082 Aut
1087 5025 1248 5094 igitur
1273 5025 1412 5090 loca,
1445 5025 1558 5086 hoc,
1577 5033 1682 5090 est,
1711 5041 1945 5096 corpora
1973 5025 2184 5082 inﬁnita

599 5115 886 5182 fateberis;
917 5117 1102 5188 itaque
1129 5116 1263 5184 Deo.
1293 5117 1384 5187 qui
1413 5116 1561 5174 solus
1589 5118 1828 5176 inﬁnitus
1851 5127 1955 5186 est,
1986 5127 2184 5190 corpus

597 5208 914 5280 inquaveris,
937 5215 1030 5264 alit
1055 5207 1315 5264 mundum
1341 5221 1462 5266 non»
1501 5207 1558 5264 in
1601 5207 1724 5266 loco
1751 5223 1871 5266 esse
1895 5211 2180 5268 concedas.

599 5301 764 5358 Istam
791 5316 935 5358 nunc
959 5311 1090 5370 ergo
1137 5299 1404 5358 rationem
1432 5309 1612 5358 mente
1641 5309 1934 5370 pertracta.
1961 5311 2020 5360 et
2045 5305 2184 5360 sicut

599 5401 808 5452 tantum
829 5393 1094 5461 locorum,
1117 5402 1436 5464 tantumque
1460 5395 1760 5464 spatiorum
1777 5411 1898 5454 esse
1923 5395 2185 5466 perspicis

601 5500 712 5544 non
737 5487 796 5544 in
823 5487 981 5546 loco:
1015 5487 1090 5544 ita
1117 5485 1250 5544 illud
1273 5487 1422 5556 quod
1438 5487 1642 5546 nullius
1663 5495 1748 5546 est
1769 5488 1947 5554 molis.
1983 5489 2183 5554 nullius

673 5629 698 5696 ξ
737 5621 847 5696 ᾼιη
869 5635 990 5693 ergo
1016 5621 1241 5696 pondere
1256 5622 1534 5696 mildquam
1567 5641 1669 5680 non
1697 5637 1961 5686 εηεταιυν.

672 5689 700 5729 δ
739 5693 847 5758 AL,
887 5689 988 5746 non
1023 5695 1078 5746 in
1105 5689 1314 5747 mundo.

680 5771 702 5798 ο
741 5759 831 5816 Sic
871 5763 1046 5817 locum
1091 5763 1445 5844 distinximus.
1492 5769 1599 5836 AL,
1652 5785 1807 5828 necne
1836 5775 2176 5833 dubitaverim

2287 4671 2426 4728 aeris
2455 4669 2780 4748 elementum
2821 4663 3008 4743 replet,
3041 4673 3253 4744 poetica
3283 4669 3514 4743 quadam
3541 4671 3756 4727 licentia
3777 4687 3876 4728 va—

2284 4765 2442 4818 cuum
2473 4759 2742 4832 perhibes,
2775 4773 2876 4819 nec
2917 4753 3170 4834 intelligis
3215 4773 3444 4820 vacuum
3493 4775 3712 4834 prorsus
3749 4775 3876 4818 esse

2283 4857 2392 4910 non
2417 4859 2598 4926 posse,
2627 4855 2752 4924 quia
2797 4851 2884 4910 ubi
2935 4855 3019 4910 est
3061 4847 3280 4924 aliquid,
3323 4843 3568 4909 nonnihil
3617 4857 3718 4910 est.
3763 4851 3876 4910 Aer

2285 4951 2414 4999 rem
2463 4937 2594 4998 nihil
2639 4947 2746 4999 non
2799 4939 2910 5011 esti
2941 4939 3104 5014 igitur
3127 4935 3220 5000 ubi
3249 4955 3344 5000 aer
3369 4933 3470 5010 est,
3501 4957 3730 5000 vacuum
3759 4959 3874 5000 non

2281 5041 2385 5090 est.
2413 5035 2520 5091 Sed
2547 5041 2650 5090 nec
2675 5029 2804 5091 illud
2827 5037 3056 5092 vacuum
3077 5043 3224 5092 recte
3245 5049 3404 5108 posse
3423 5027 3548 5101 dici,
3571 5035 3718 5107 quod
3737 5035 3876 5091 nihil

2255 5133 2390 5194 'est;
2421 5129 2547 5198 quia
2575 5128 2719 5197 quod
2749 5129 2877 5183 nihil
2907 5135 3008 5196 est,
3041 5121 3280 5200 recipere
3306 5119 3504 5198 aliquid
3533 5143 3644 5184 non
3661 5135 3872 5202 potest.

2283 5217 2515 5274 Proinde
2567 5225 2796 5275 vacuum
2853 5235 2959 5274 non
3007 5227 3108 5286 est,
3157 5215 3300 5290 quod
3326 5213 3522 5277 nullius
3557 5233 3734 5297 caan
3761 5228 3870 5276 est.

2282 5313 2418 5367 Illud
2443 5327 2574 5368 vero
2595 5325 2704 5382 quo
2731 5313 2963 5383 spectat,
2993 5311 3137 5382 quod
3163 5305 3388 5369 Matrem
3433 5303 3648 5368 Domini
3679 5311 3876 5384 appel-

2281 5407 2395 5462 lare
2421 5407 2592 5462 mavis
2615 5413 2898 5477 poetarum
2921 5421 3073 5462 more
3099 5407 3434 5476 genitricem,
3457 5417 3513 5464 et
3533 5407 3739 5479 absque
3751 5423 3882 5464 ver.

2275 5499 2426 5554 sibus
2445 5501 2654 5570 poetice
2668 5499 2962 5556 oratoriam
2982 5501 3148 5557 texis?
3159 5497 3272 5572 Ego
3287 5507 3468 5558 tamen
3479 5515 3588 5558 non
3611 5503 3880 5573 qualiter,

2280 5635 2428 5709 illud,
2460 5639 2612 5709 quod,

2352 5707 2376 5744 ί¹
2419 5707 2496 5762 Ita
2517 5709 2904 5779 rescripsimus,
2929 5709 3018 5764 ubi
3043 5708 3144 5780 aL,
3171 5707 3428 5778 Dicitque.
