4140 6346
235 342 325 400 768
1293 357 1300 364 ⁴
1383 331 1467 388 DE
1502 331 1730 400 ΒΤΑἹῖυ
1771 331 1814 388 Α

1919 328 2008 387 LE
2049 331 2180 388 LIB.
2221 332 2307 389 ill.

3370 343 3497 403 "'06

233 459 314 518 ,θα
333 457 461 529 quid
479 454 967 529 loquarisinquiro;
992 458 1159 526 atque
1171 460 1234 508 ut
1259 451 1587 522 respondeas
1601 464 1803 521 quasso-
1833 454 1887 512 Α
1913 467 2022 523 quo
2062 463 2350 511 causarum
2396 465 2688 528 remoque
2735 457 2926 516 milia
2956 459 3169 533 indaga,
3209 464 3498 538 distingue,

292 543 355 608 li.
394 549 532 606 Cum
585 547 928 622 beatissimus
981 543 1201 602 Gabriel
1251 551 1380 600 ante
1427 543 1614 600 oculos
1638 541 1812 598 domi-

230 644 356 700 nica:
400 640 586 698 Matris
646 640 942 707 assisteret,
998 637 1200 694 illudne
1247 637 1300 694 in
1351 634 1604 692 Gabrieie
1643 633 1811 690 Maria

229 737 372 806 vidit,
420 752 530 808 quo
557 733 773 793 Gabriel
809 731 1092 791 Dominum
1120 730 1301 788 videt?
1319 731 1446 803 quia
1474 730 1520 785 si
1549 728 1729 786 Maria:
1749 728 1812 785 il-

228 831 314 888 iud
366 829 571 888 visibiie
625 828 745 894 fuit,
789 835 876 885 est
918 821 1048 897 ergo
1101 824 1316 883 iiiocale
1359 823 1517 880 locali
1569 829 1812 880 eontem-

227 925 439 998 plabile.
480 921 636 991 Quod
699 922 746 979 si
805 929 906 986 est,
975 917 1188 976 illocale
1243 933 1352 974 non
1406 923 1527 973 est:
1578 915 1704 986 quia
1765 913 1813 969 si

225 1019 450 1090 quisque
478 1015 666 1074 iocaiis
693 1023 796 1082 est,
820 1013 1063 1072 localiter
1081 1010 1250 1078 videt,
1271 1017 1325 1066 et
1355 1009 1622 1081 aspiciam
1641 1006 1813 1078 respi-

225 1125 346 1170 cere
375 1123 484 1166 non
513 1113 695 1182 potest
712 1107 815 1164 nisi
843 1113 1068 1179 partem.
1100 1103 1260 1161 Videt
1276 1103 1439 1173 igitur
1465 1101 1664 1167 locum,
1686 1097 1813 1169 quia

223 1202 466 1259 localiter
496 1200 662 1269 videt,
689 1200 816 1273 quia
843 1215 968 1272 pars
995 1198 1149 1255 locus
1174 1204 1280 1262 est,
1307 1203 1364 1252 et
1390 1195 1542 1252 locus
1571 1194 1813 1251 iocorum

223 1294 412 1367 utique
443 1309 568 1366 pars
595 1301 700 1358 est,
724 1299 781 1348 et
809 1292 928 1348 ioca
955 1305 1187 1361 corpora
1213 1294 1359 1344 sunt.
1391 1286 1458 1342 Et
1486 1287 1578 1357 qui
1605 1292 1814 1356 partem

221 1386 394 1454 videt,
432 1393 646 1459 partem
693 1384 776 1441 sui
805 1383 970 1448 videt,
1001 1396 1100 1438 nec
1149 1379 1322 1437 videri
1347 1386 1523 1451 parte,
1565 1377 1668 1433 nisi
1690 1391 1816 1446 pars

218 1484 422 1552 pOtest.
457 1475 590 1534 Pars
635 1491 770 1534 vero
809 1473 1082 1531 Dei’nulla
1111 1479 1215 1540 est,
1245 1471 1374 1544 quia
1394 1469 1677 1541 impartiiis
1706 1483 1816 1523 non

215 1571 388 1628 habet
431 1578 659 1644 partem.
716 1567 825 1625 Aut
869 1568 1031 1639 igitur
1077 1565 1297 1623 Gabriel
1323 1563 1622 1622 Deumnon
1648 1561 1814 1625 videt,

217 1671 322 1722 aut
364 1663 596 1722 solidum
643 1661 826 1720 videt:
861 1676 962 1718 nec
991 1652 1260 1730 integrum
1283 1659 1382 1716 nisi
1411 1658 1478 1715 de
1501 1658 1711 1724 integro
1735 1655 1815 1711 vi-

215 1754 341 1813 deri
367 1763 566 1828 potest.
597 1752 810 1827 Corpus
837 1769 966 1811 vero
1013 1769 1112 1810 nec
1160 1754 1428 1822 integrum
1473 1751 1665 1815 videri,
1719 1765 1819 1806 nec

1916 547 2222 618 pronuntia,
2253 563 2364 617 quo
2391 547 2604 606 diﬂ‘crat
2647 553 2874 611 materia
2921 551 3166 614 lubricis
3209 571 3241 614 a
3286 561 3500 632 nihilo;

1915 640 2045 713 quid
2071 641 2140 698 sit
2167 641 2464 698 inanimum
2499 643 2751 715 idemque
2795 647 3116 719 formatum;
3147 653 3275 723 quid
3302 661 3360 710 et
3391 655 3505 713 for-

1916 741 2122 792 matum
2151 735 2356 805 pariter
2387 743 2444 791 et
2471 736 2794 806 adiunctam;
2824 741 2957 811 quid
3001 743 3073 798 sit
3099 744 3251 801 locus
3284 755 3339 802 et
3368 756 3528 804 tem--

1918 843 2047 898 pus;
2091 827 2324 899 qualiter
2363 827 2551 884 iocaiis
2594 839 2773 887 motus
2797 834 3060 891 subdatur
3097 838 3259 893 etiam
3291 846 3501 910 tempo-

1917 924 2036 989 rali,
2067 939 2190 979 cum
2219 923 2528 994 temporalis
2556 932 2763 981 tantum
2787 937 2896 983 non
2925 927 3199 999 subiaceat
3227 933 3388 987 etiam
3417 932 3503 989 io-

1917 1015 2049 1081 caii;
2089 1014 2216 1084 quid
2256 1015 2327 1070 sit
2372 1015 2580 1071 stabilis
2607 1024 2805 1084 motus,
2855 1020 3053 1090 quidve
3097 1023 3167 1077 sit
3193 1025 3500 1094 aeternitas;

1917 1108 2046 1179 quid
2073 1108 2144 1164 sit
2171 1119 2436 1178 nusquam
2465 1121 2604 1173 esse,
2633 1119 2689 1164 et
2717 1120 2988 1178 nunquam
3029 1115 3135 1169 non
3166 1129 3285 1170 esse
3309 1135 3322 1169 :
3355 1123 3408 1170 et
3435 1113 3504 1172 de

1918 1200 2168 1256 omnibus
2219 1200 2302 1255 his
2355 1201 2580 1256 rationis
2620 1201 2856 1260 abditum
2903 1206 3149 1273 quiet-ito,
3207 1207 3508 1278 quibusque

1916 1295 2217 1350 substantia
2263 1295 2439 1350 omnis
2464 1296 2774 1352 includitur.
2799 1293 3011 1369 Aliquid
3041 1299 3215 1369 delige
3251 1300 3379 1370 quid
3408 1319 3507 1357 an-

1917 1386 2068 1456 gelos
2113 1399 2234 1441 esse
2278 1387 2557 1443 decernas.
2613 1388 2845 1445 Nihlium
2893 1395 3042 1447 certe
3071 1409 3178 1448 non
3207 1403 3351 1461 sunt,
3383 1394 3510 1467 quia

1921 1495 2029 1536 non
2055 1480 2187 1536 nihil
2217 1489 2299 1534 est
2326 1481 2584 1550 quidquid
2611 1492 2696 1538 est
2721 1485 2942 1554 aliquid.
2995 1485 3244 1544 Informis
3283 1488 3510 1546 materia

1919 1588 2028 1628 non
2058 1580 2201 1637 sunt,
2231 1573 2356 1643 quia
2376 1573 2518 1628 inter
2542 1575 2742 1644 aliquid
2768 1585 2825 1629 et
2850 1577 2984 1632 nihil
3012 1585 3094 1633 est
3123 1579 3364 1638 informis
3391 1597 3509 1637 ma-

1918 1665 2075 1721 teria.
2112 1663 2251 1719 Ecce
2278 1680 2308 1718 a
2339 1664 2507 1720 nihilo
2534 1668 2623 1721 vix
2651 1667 3010 1724 discessimus.

1992 1756 2056 1812 ll.
2097 1756 2325 1827 Jamque
2362 1758 2432 1813 de
2470 1759 2710 1815 inanimo
2740 1761 2972 1816 ibrmato
3002 1763 3142 1818 unde
3174 1763 3265 1818 tibi
3293 1767 3512 1835 angelos

215 1847 407 1905 videre
453 1849 716 1917 integrum
764 1854 962 1918 potest:
995 1847 1114 1903 Non
1142 1846 1304 1916 igitur
1329 1859 1528 1914 corpus
1548 1851 1649 1910 est.
1673 1843 1819 1900 unde
1845 1838 1892 1901 Β
1919 1853 2097 1924 placet
2125 1866 2262 1916 esse,
2286 1859 2594 1910 tractemus.
2630 1853 3008 1910 Animadverte
3037 1872 3177 1911 nunc
3205 1857 3347 1926 quod
3375 1859 3516 1917 sicut

213 1943 439 2000 Gabriel
465 1943 637 2002 Deum
664 1943 838 2012 videt;
887 1943 1013 2013 quia
1060 1957 1171 2012 quo
1190 1940 1435 1998 localiter
1463 1939 1688 1995 Mariam
1710 1936 1818 1994 Ga-

214 2037 360 2094 briel
388 2037 541 2105 vidit,
575 2044 630 2092 et
655 2052 785 2092 eum
812 2034 980 2091 Maria
1009 2035 1258 2091 localiter
1279 2034 1432 2099 vidit,
1482 2033 1668 2089 videre
1699 2033 1820 2090 ilio-

214 2129 410 2187 caiiter
437 2130 643 2202 nequit.
672 2127 781 2187 Sed
809 2136 870 2184 ut
896 2135 1074 2184 tecum
1102 2126 1269 2183 verbo
1297 2124 1636 2192 congrediar,
1669 2125 1716 2179 si
1742 2131 1819 2180 to-

217 2232 309 2280 tus
336 2221 554 2281 Gabriel
571 2239 684 2279 non
705 2222 808 2279 nisi
828 2236 1026 2290 corpus
1046 2227 1133 2275 est
1157 2234 1260 2290 pre
1277 2218 1534 2276 distantia
1553 2218 1816 2288 partium;

203 2329 326 2377 inec
372 2322 522 2372 totus
573 2323 659 2370 est
710 2329 826 2385 pes,
879 2327 982 2369 nec
1036 2320 1185 2366 totus
1211 2319 1296 2368 est
1322 2328 1403 2375 os,
1437 2327 1539 2368 nec
1563 2319 1711 2368 totus
1737 2317 1823 2368 est

219 2407 436 2463 oculus.
468 2404 736 2476 Quocirca
765 2403 980 2475 quando
1009 2402 1192 2458 laruae
1232 2403 1378 2459 visas
1409 2411 1511 2467 est,
1556 2418 1656 2460 nec
1684 2404 1821 2474 pede

218 2498 458 2566 locutus,
491 2515 593 2556 nec
620 2512 718 2554 ore
745 2496 896 2562 vidit,
952 2511 1056 2551 nec
1101 2495 1260 2550 oculo
1314 2496 1495 2560 stetit;
1552 2495 1646 2552 sed
1694 2510 1819 2565 pars

222 2605 568 2662 unaquaeque
622 2588 988 2646 membrorum
1035 2586 1284 2657 qualitati
1338 2601 1447 2644 sta
1488 2588 1818 2644 conveniam

215 2679 392 2751 gessit
411 2680 666 2737 cilicium.
699 2679 842 2750 Ergo
868 2681 1004 2737 sicut
1033 2679 1276 2736 localiter
1299 2680 1470 2743 stetit,
1495 2688 1549 2736 et
1571 2681 1817 2737 localiter

224 2773 432 2838 sonuit,
460 2772 536 2828 ita
549 2779 612 2829 et
639 2772 884 2829 localiter
912 2767 1064 2828 vidit.
1633 2832 1635 2834 _

145 2927 150 2932 ,
289 2864 380 2942 lli.
424 2864 525 2921 llic
565 2881 709 2922 nunc
743 2880 843 2936 pro
863 2863 969 2921 ﬁne
987 2865 1300 2935 quastionis
1328 2866 1572 2936 inquiro;
1607 2874 1814 2923 utrum-

216 2971 347 3012 nam
376 2954 594 3013 Gabriel
623 2956 863 3024 angelus,
915 2965 973 3012 ut
1002 2964 1058 3012 t
1088 2964 1358 3024 autumas,
1386 2958 1562 3013 solum
1619 2972 1816 3027 corpus

215 3048 276 3106 in
306 3049 766 3121 contemplatione
793 3049 972 3106 Marias
991 3051 1349 3120 corporaliter
1369 3057 1684 3121 occupatus,
1708 3065 1816 3107 uno

212 3140 524 3213 eodemque
540 3143 680 3209 visu,
712 3158 820 3199 uno
848 3151 1012 3213 atque
1042 3141 1234 3198 eodem
1264 3150 1512 3213 tempore
1549 3142 1816 3199 iiiocalem

1924 1943 2169 2000 informis
2195 1945 2419 1999 mteria
2449 1955 2570 2014 qua
2591 1945 2886 2001 formabiiis
2916 1954 3017 2008 est,
3049 1955 3268 2018 praestat
3297 1950 3464 2005 nihilo
3497 1968 3513 2007 :

1924 2037 2000 2091 ita
2019 2036 2165 2104 quod
2182 2034 2294 2103 jam
2325 2036 2609 2090 fol-rnatum
2641 2045 2725 2092 est
2751 2037 2943 2092 melius
2973 2039 3064 2093 illo
3104 2046 3207 2104 est,
3239 2040 3383 2110 quod
3413 2042 3516 2097 etsi

1923 2127 2144 2184 formari
2172 2135 2372 2195 potest,
2405 2125 2692 2182 formatum
2722 2141 2832 2181 non
2861 2136 2962 2182 est.
2997 2129 3238 2198 itemque
3259 2131 3415 2186 sicuti
3461 2132 3517 2188 id

1923 2218 2072 2286 quod
2099 2216 2387 2278 formatum
2417 2225 2518 2282 est,
2549 2218 2720 2272 anteit
2749 2219 2878 2274 illud
2900 2220 3045 2289 quod
3094 2220 3379 2276 formatum
3410 2239 3518 2281 non

1925 2315 2009 2365 at
2042 2327 2055 2362 :
2089 2311 2163 2365 ita
2193 2309 2486 2364 inanimum
2526 2308 2886 2380 quodcunque
2932 2309 3219 2367 formatum
3249 2312 3392 2368 cedit
3445 2314 3518 2374 illi

1922 2403 2070 2475 quod
2098 2410 2156 2458 et
2173 2401 2461 2457 formatum
2490 2408 2576 2457 est
2601 2402 2805 2472 pariter
2831 2411 2885 2456 et
2906 2403 3230 2470 animatum;
3261 2405 3385 2476 quia
3416 2407 3518 2463 sic-

1922 2495 2002 2554 uti
2038 2494 2323 2550 formatum
2349 2493 2619 2565 proximat
2645 2493 2852 2561 formae,
2882 2495 2962 2551 sic
3003 2497 3299 2552 animatum
3336 2499 3518 2570 proxi-

1921 2595 2038 2643 mat
2065 2587 2210 2642 vitm.
2243 2585 2320 2641 Ac
2346 2586 2488 2641 sicut
2515 2586 2617 2640 tria
2646 2591 2789 2651 sunt,
2843 2589 3086 2660 inibi-mis
3128 2592 3369 2656 materia,
3401 2593 3516 2662 for-

1917 2687 2116 2735 mantes
2141 2679 2402 2743 exanime,
2451 2693 2624 2733 rerum
2654 2680 2856 2749 fanus:
2887 2680 2965 2734 sic
3013 2677 3197 2736 itidem
3238 2681 3341 2736 tria
3369 2689 3516 2751 sunt,

1917 2771 2267 2836 viviﬁcatum,
2295 2772 2592 2834 viviﬁcaris,
2613 2772 2746 2825 vita.
2773 2772 2930 2826 Aliud
2959 2781 3043 2826 est
3069 2773 3179 2828 vita
3207 2789 3515 2843 corporum,

1917 2864 2064 2921 aliud
2100 2865 2211 2918 vita
2257 2863 2508 2917 vitarum.
2543 2860 2882 2931 Curpus‘est
2909 2863 3126 2926 vivens,
3171 2865 3346 2918 anima
3375 2866 3515 2934 viva,

1921 2956 2064 3011 Deus
2090 2960 2174 3009 est
2214 2953 2358 3017 vita;
2399 2954 2471 3006 ita
2501 2952 2709 3007 scilicet
2735 2960 2797 3007 ut
2824 2954 3001 3007 anima
3050 2967 3170 3023 quas
3207 2955 3260 3008 in
3301 2970 3360 3009 se
3396 2957 3515 3012 viva

1920 3055 2024 3112 est,
2055 3045 2270 3115 corpori
2297 3045 2407 3100 vita
2434 3043 2507 3099 sit
2538 3062 2550 3097 τ
2581 3051 2644 3098 ut
2667 3045 2748 3100 sic
2786 3055 2983 3116 corpus
3007 3045 3126 3100 sine
3153 3043 3181 3086 δ
3205 3047 3381 3101 anima
3407 3063 3515 3104 non

1919 3137 2082 3200 vivat,
2115 3136 2272 3192 sicuti
2301 3135 2416 3208 ipsa
2445 3135 2564 3192 sine
2583 3135 2715 3191 ilco.
2740 3133 2979 3205 intelilge
3002 3151 3145 3192 nunc
3170 3138 3374 3207 angelis
3394 3153 3509 3194 san-

212 3235 391 3291 Deum
418 3200 706 3292 illocaliter
732 3200 949 3298 viderit,
979 3247 1088 3304 quo
1132 3233 1358 3290 iocalem
1380 3200 1395 3213 ³
1416 3232 1638 3291 Mariam
1667 3234 1814 3291 ioca-
1841 3200 1890 3266 ο
1918 3231 2021 3288 ctis
2045 3239 2274 3300 corpora
2305 3200 2564 3294 tribuere,
2591 3228 2758 3283 vitam
2787 3200 3003 3297 negare.
3038 3230 3115 3285 Ac
3140 3200 3368 3300 pervboc
3393 3245 3516 3286 cum

208 3325 346 3387 liter
364 3326 516 3383 vidit.
551 3325 707 3394 Quod
735 3327 864 3396 quia
893 3324 1010 3382 ﬁeri
1037 3326 1416 3396 pro-corporei
1443 3335 1608 3397 atque
1634 3326 1816 3384 incon-

209 3422 375 3493 μοι·θί
421 3421 737 3479 diversitate
781 3436 892 3476 non
928 3420 1140 3484 sinitur,
1171 3427 1341 3474 restat
1369 3428 1429 3476 ut
1455 3419 1678 3477 Mariam
1706 3418 1814 3476 ϐε·-

208 3514 359 3570 briei
389 3527 664 3583 nunquam
691 3512 908 3575 viderit.
941 3520 1032 3568 aut
1062 3512 1232 3568 Deum
1283 3513 1468 3569 videre
1495 3514 1809 3569 cessaverit.

207 3607 331 3665 Sed
352 3607 477 3664 huic
503 3607 638 3664 i‘aiso
657 3606 925 3664 sententia
956 3605 1197 3662 veritatis
1225 3606 1454 3671 obsistit,
1485 3622 1590 3676 qua
1610 3607 1814 3661 dictum

216 3706 309 3755 est
334 3717 346 3754 :
381 3695 519 3762 Quia
546 3698 720 3770 angeli
748 3711 925 3754 eorum
953 3705 1155 3768 semper
1182 3697 1352 3753 vident
1397 3699 1584 3768 {aciem
1633 3697 1813 3751 Putris

217 3792 323 3847 mei
350 3791 436 3862 qui
461 3789 518 3845 in
544 3790 684 3846 satis
717 3799 797 3846 est
826 3789 1042 3860 (Matth.
1072 3800 1218 3854 avni,
1254 3789 1362 3856 ii).
1394 3787 1452 3843 Si
1480 3801 1695 3858 semper
1735 3787 1815 3842 vi~

219 3881 372 3949 dent,
417 3894 692 3952 nunquam
744 3895 854 3936 non
883 3880 1087 3936 vident.
1120 3878 1215 3936 Sin
1247 3888 1430 3935 autem
1459 3878 1676 3948 quando
1702 3877 1812 3933 Ga-

218 3976 362 4032 briel
411 3975 634 4033 Mariam
661 3975 817 4038 vidit,
866 3975 1036 4032 Deum
1063 3975 1248 4031 videre
1277 3975 1517 4041 destitit;
1544 3989 1653 4030 non
1683 3989 1814 4044 ergo

220 4083 438 4138 semper
485 4068 660 4136 angeli
710 4068 878 4124 Deum
921 4066 1126 4122 vident.
1158 4066 1324 4135 igitur
1352 4075 1446 4122 aut
1473 4067 1814 4138 quandocu-

220 4163 356 4219 briei
405 4162 625 4218 Mariam
654 4161 807 4226 vidit,
837 4160 1008 4219 Deum
1035 4161 1220 4215 videre
1251 4160 1483 4226 destitit;
1516 4168 1608 4214 aut
1627 4175 1814 4213 verum

221 4273 332 4312 non
376 4257 479 4312 erit
521 4256 666 4328 quod
707 4254 919 4309 Veritas
949 4251 1101 4308 dixit.
1147 4249 1488 4324 Quapropter
1527 4252 1815 4309 indissolu-

219 4343 336 4418 bili,
389 4353 450 4404 ut
493 4347 664 4421 patet,
693 4346 905 4404 ratione
927 4344 1283 4404 concluditur.
1317 4343 1474 4413 Quod
1502 4345 1627 4416 quia
1658 4343 1814 4400 locali

220 4442 340 4499 visu
392 4439 695 4510 eodemque
749 4438 806 4495 in
860 4437 1044 4493 Mariae
1071 4437 1583 4509 contemplationem
1612 4435 1810 4504 defixo,

199 4534 449 4608 ‘angeius
470 4533 639 4587 Deum
661 4531 844 4586 videre
873 4547 979 4586 non
1010 4530 1202 4601 potuit,
1235 4538 1291 4586 et
1313 4539 1493 4586 tamen
1518 4537 1645 4586 tunc
1673 4545 1812 4601 quo-

1843 4582 1893 4646 Ι)

1918 3322 2198 3394 quodlibet
2216 3321 2512 3378 militatum
2531 3321 2760 3391 duplicis
2782 3329 2997 3378 constet
3015 3335 3136 3376 esse
3178 3323 3515 3389 substantim,

1915 3422 1975 3473 et
2001 3415 2177 3472 solum
2224 3425 2568 3483 essecorpus
2612 3412 2818 3481 angelis
2871 3414 3103 3476 sentias;
3146 3413 3335 3467 melior
3386 3427 3515 3482 ergo

1916 3509 2243 3566 vermiculus
2272 3508 2484 3575 angelo,
2517 3507 2641 3576 quia
2671 3506 2775 3560 etsi
2822 3506 2986 3560 habet
3010 3506 3231 3574 angelus
3270 3507 3515 3576 corporis

1915 3601 2164 3666 formam,
2196 3615 2305 3654 non
2334 3599 2496 3653 habet
2523 3597 2609 3650 vel
2635 3597 2776 3652 sicut
2802 3597 3128 3651 Vermiculus
3170 3599 3355 3652 vitam.
3389 3598 3505 3652 Nul-

1917 3691 2026 3748 lum
2054 3703 2221 3761 porro
2245 3703 2443 3759 corpus
2467 3688 2640 3757 ipsum
2683 3686 2787 3742 sibi
2825 3687 2936 3741 vita
2965 3695 3069 3742 est.
3096 3685 3251 3742 Aliud
3285 3701 3516 3758 namque

1915 3787 2001 3840 est
2029 3797 2245 3852 corpus,
2274 3780 2418 3836 aliud
2461 3780 2570 3835 vita
2600 3781 2862 3852 corporis.
2897 3781 3004 3835 Aut
3033 3781 3197 3850 igitur
3237 3781 3289 3834 in
3319 3783 3513 3848 angelo

1918 3883 2003 3934 est
2027 3872 2308 3930 viviﬁcaris
2334 3873 2574 3943 spiritus,
2605 3881 2699 3927 aut
2744 3873 2966 3939 angelus
2993 3873 3138 3927 omni
3180 3880 3263 3927 est
3297 3873 3515 3928 vivente

1915 3969 2192 4024 deterior:
2225 3975 2319 4021 aut
2369 3981 2492 4020 cum
2521 3966 2668 4018 omni
2706 3972 2893 4018 creato
2937 3965 3153 4019 vivente
3200 3965 3270 4018 sit
3297 3967 3510 4038 potior;

1917 4075 2024 4118 non
2052 4067 2386 4130 quacunque
2409 4056 2542 4120 vita,
2571 4054 2665 4110 sed
2685 4055 2994 4110 beatissima
3023 4055 3098 4109 illi
3123 4055 3232 4109 vita
3253 4063 3358 4111 est.

2532 4165 2764 4227 CAPUT
2793 4163 2902 4226 VII.

1987 4271 2212 4343 Angelos
2233 4269 2391 4324 bonos
2415 4269 2519 4322 sive
2536 4267 2705 4322 malos
2727 4273 2928 4320 tantum
2952 4267 3163 4337 spiritus
3189 4281 3318 4330 esse,
3341 4279 3444 4320 non

2583 4352 2822 4410 corpora.

1987 4435 2028 4490 l.
2059 4433 2154 4489 Est
2183 4434 2348 4502 igitur
2385 4433 2439 4487 in
2467 4429 2718 4488 Gabrleie
2763 4437 2822 4485 et
2849 4431 3228 4500 incorporeum
3277 4443 3387 4498 quo
3424 4429 3509 4482 in-

1918 4528 2368 4585 commutabiliter
2390 4527 2556 4582 Deum
2588 4527 2788 4594 videat,
2817 4529 2873 4581 et
2900 4541 3097 4596 corpus
3125 4523 3271 4594 quod
3300 4523 3381 4579 vei
3408 4521 3514 4579 Ma-

220 4641 330 4699 que
347 4624 582 4684 Gabrieli
611 4623 780 4681 Deum
805 4623 980 4680 visum
1001 4637 1200 4692 negare
1220 4640 1328 4680 non
1351 4623 1496 4690 licet,
1522 4633 1548 4664 ι
1576 4639 1644 4681 ne
1659 4624 1814 4693 juxta
1843 4618 1892 4646 ν
1922 4625 2000 4680 ria
2022 4625 2236 4689 viderit,
2271 4625 2354 4678 vel
2401 4638 2499 4694 per
2524 4621 2667 4693 quod
2699 4620 2865 4675 Maria
2913 4620 3208 4684 videretur,
3259 4618 3513 4687 quodque

221 4719 424 4778 diaboli
474 4727 680 4784 casum
735 4719 792 4774 in
847 4719 1063 4774 miseria
1092 4718 1300 4774 scilicet
1332 4731 1569 4788 unquam
1599 4716 1814 4775 videndi

221 4825 334 4872 uel
360 4812 532 4870 Deum
555 4809 902 4868 immutabilis
916 4809 1030 4879 jam
1047 4809 1396 4866 beatitudinis
1405 4809 1596 4879 angeli
1623 4818 1816 4867 natura

223 4904 516 4972 deciderit;
545 4904 619 4980 sit
636 4903 690 4960 in
718 4917 788 4960 eo
814 4917 1078 4973 corporea
1108 4903 1543 4973 incol-purasque
1565 4902 1817 4956 substan-

225 5000 341 5056 tia:
373 5004 478 5054 u‘na
503 5008 612 5067 qua
638 4995 729 5052 vel
770 4993 1019 5050 videatur
1061 4995 1280 5064 corpori
1331 4995 1418 5049 vel
1464 4993 1819 5064 corporaliter

223 5091 436 5158 videat;
466 5091 636 5147 altera
662 5101 768 5159 qua
815 5086 1229 5158 incorporaiiter
1269 5087 1646 5156 incorporeum
1697 5087 1818 5141 sine

223 5183 337 5243 line
363 5182 684 5254 conspiciat.

529 5291 541 5304 ·
845 5268 1074 5328 CAPUT
1111 5269 1198 5326 Vl.

107 5394 123 5408 -
224 5366 494 5434 Quantam
509 5367 665 5424 distat
681 5366 904 5422 muria
931 5365 1174 5436 informis
1201 5381 1235 5418 a
1264 5364 1448 5431 nihilo,
1478 5365 1557 5420 uel
1571 5365 1684 5436 jam
1708 5367 1813 5437 for-

762 5445 905 5492 mata
932 5436 996 5492 ab
1023 5437 1255 5507 informi.

171 5542 186 5550 ’
249 5591 258 5597 -
296 5551 340 5607 1.
371 5551 486 5621 Age
509 5565 653 5608 nunc
679 5556 780 5621 pro
807 5547 1053 5605 acumine
1091 5549 1406 5605 excellentis
1436 5550 1653 5618 ingenii,
1686 5563 1813 5620 pro-

167 5767 185 5786 ’
295 5767 325 5797 ⁸
362 5755 455 5812 Sic
476 5756 638 5812 editio
662 5754 994 5810 Parisiensis.
1022 5755 1090 5807 At
1126 5752 1492 5822 Lugdunensis
1518 5769 1531 5805 :
1556 5767 1621 5804 ne
1650 5750 1805 5822 juxta

216 5828 421 5888 diaboli
440 5844 670 5895 sarisam,
699 5829 754 5883 in
780 5827 985 5882 miseria
1014 5819 1456 5894 scilicet'unquam
1477 5839 1580 5877 non
1601 5819 1806 5876 videndi

1921 4719 2193 4776 subditum
2247 4715 2460 4788 spiritui
2502 4715 2750 4770 localiter
2779 4717 3007 4781 gereret,
3043 4711 3188 4779 quod
3217 4708 3511 4780 gerendum

1921 4813 1974 4867 in
2002 4813 2116 4882 ipsa
2147 4811 2378 4864 veritate
2401 4807 2684 4862 iiiocail'tcr
2708 4803 2929 4875 spiritus
2957 4802 3315 4872 cognovisset.
3343 4801 3510 4875 Satis,

1923 4909 1980 4958 ut
2009 4903 2264 4964 arbitror,
2296 4905 2444 4970 patet
2480 4899 2670 4951 beatos
2708 4895 2930 4962 angelos
2960 4894 3237 4965 utriusque
3260 4893 3512 4952 substan-

1921 4995 2007 5050 ιὶω
2051 4999 2107 5047 et
2135 4993 2486 5060 incorporeus
2516 5003 2637 5043 esse
2666 4989 2719 5042 in
2753 4993 2813 5042 ea
2847 4996 2999 5058 parte
3016 4989 3116 5043 sub
3145 5003 3249 5058 qua
3281 4993 3408 5060 ipsis
3431 4992 3509 5046 vi—

1920 5084 2089 5140 sibilis
2112 5083 2254 5137 Deus
2282 5088 2383 5143 est,
2417 5088 2472 5134 et
2501 5081 2554 5134 in
2585 5091 2649 5133 ea
2681 5076 2863 5134 itidem
2910 5089 3065 5151 parte
3091 5097 3382 5152 corporeus
3406 5099 3509 5151 qua

1920 5171 2226 5231 hominibus
2245 5179 2371 5228 sunt
2389 5171 2654 5235 visibiles;
2677 5172 2934 5246 quoniam
2952 5187 3050 5228 nec
3072 5173 3210 5227 Deus
3232 5173 3298 5226 ab
3320 5171 3510 5239 angelo

1921 5279 2018 5338 per
2043 5279 2260 5338 corpus,
2310 5277 2410 5320 nec
2437 5264 2658 5333 angelus
2687 5264 2754 5320 ab
2776 5265 2998 5320 homine
3022 5266 3136 5318 sine
3175 5277 3401 5331 corpore
3429 5262 3509 5314 vi-

1919 5361 2034 5415 deri
2060 5366 2258 5429 potest.
2293 5356 2422 5424 Qua!
2447 5369 2572 5413 cum
2602 5359 2675 5412 ita
2704 5359 2828 5417 sint,
2865 5356 3046 5424 negari
3077 5353 3281 5422 nequit,
3328 5351 3509 5406 diabo-

1922 5454 2028 5507 lum
2057 5461 2274 5521 quoquo
2299 5465 2365 5506 es
2406 5453 2728 5522 incorporeo
2749 5460 3122 5517 corporeoque
3171 5445 3384 5509 factum,
3419 5451 3507 5499 ut-

1919 5553 2050 5619 pote
2093 5544 2295 5600 sanctis
2324 5544 2526 5612 angelis
2566 5544 2933 5606 concreatum,
2976 5535 3204 5608 duplicis
3230 5539 3350 5593 esse
3375 5535 3505 5596 sub-

1914 5747 2099 5814 Deum,
2122 5757 2227 5804 clc.

1989 5819 2014 5858 δ
2055 5819 2164 5885 ΑΙ.,
2184 5821 2314 5890 ipsa.
