  <div class='ocr_page' id='page_1' title='image "/cluster/home/n/w/nwhite01/storage/ocr_20150623/53/hvd.32044015471576/389.png"; bbox 0 0 4140 6346; ppageno 0'>
   <div class='ocr_carea' id='block_1_1' title="bbox 657 302 820 388">
    <p class='ocr_par' dir='ltr' id='par_1_1' title="bbox 657 302 820 388">
     <span class='ocr_line' id='line_1_1' title="bbox 657 302 820 388; baseline 0 0"><span class='ocrx_word' id='word_1_1' title='bbox 657 302 820 388; x_wconf 70' lang='grc' dir='ltr'><strong>ποτ</strong></span> 
     </span>
    </p>
   </div>
   <div class='ocr_carea' id='block_1_2' title="bbox 1910 298 2638 379">
    <p class='ocr_par' dir='ltr' id='par_1_2' title="bbox 1910 298 2638 379">
     <span class='ocr_line' id='line_1_2' title="bbox 1910 298 2638 379; baseline 0 -1"><span class='ocrx_word' id='word_1_2' title='bbox 1910 298 2225 378; x_wconf 63' lang='grc' dir='ltr'><strong>ΜΑΜΕΗΤΙ</strong></span> <span class='ocrx_word' id='word_1_3' title='bbox 2265 320 2638 379; x_wconf 85' lang='lat' dir='ltr'><strong>CLAUDIANI</strong></span> 
     </span>
    </p>
   </div>
   <div class='ocr_carea' id='block_1_3' title="bbox 3816 329 3915 388">
    <p class='ocr_par' dir='ltr' id='par_1_3' title="bbox 3816 329 3915 388">
     <span class='ocr_line' id='line_1_3' title="bbox 3816 329 3915 388; baseline 0.03 -3"><span class='ocrx_word' id='word_1_4' title='bbox 3816 329 3915 388; x_wconf 78' lang='lat'><strong>768</strong></span> 
     </span>
    </p>
   </div>
   <div class='ocr_carea' id='block_1_4' title="bbox 659 433 3912 515">
    <p class='ocr_par' dir='ltr' id='par_1_4' title="bbox 659 433 3912 515">
     <span class='ocr_line' id='line_1_4' title="bbox 659 433 3912 515; baseline 0.001 -18"><span class='ocrx_word' id='word_1_5' title='bbox 659 440 871 498; x_wconf 63' lang='lat' dir='ltr'><strong>stantia</strong></span> <span class='ocrx_word' id='word_1_6' title='bbox 891 453 916 500; x_wconf 21' lang='grc' dir='ltr'><strong>γε</strong></span> <span class='ocrx_word' id='word_1_7' title='bbox 963 439 1055 511; x_wconf 88' lang='lat' dir='ltr'><strong>qui</strong></span> <span class='ocrx_word' id='word_1_8' title='bbox 1076 448 1362 512; x_wconf 90' lang='lat' dir='ltr'><strong>postquam</strong></span> <span class='ocrx_word' id='word_1_9' title='bbox 1383 439 1628 511; x_wconf 87' lang='lat' dir='ltr'><strong>bydrope</strong></span> <span class='ocrx_word' id='word_1_10' title='bbox 1663 435 1930 508; x_wconf 70' lang='lat' dir='ltr'><strong>superbia:</strong></span> <span class='ocrx_word' id='word_1_11' title='bbox 1963 435 2159 491; x_wconf 90' lang='lat' dir='ltr'><strong>tumuit</strong></span> <span class='ocrx_word' id='word_1_12' title='bbox 2182 442 2241 491; x_wconf 89' lang='lat' dir='ltr'><strong>et</strong></span> <span class='ocrx_word' id='word_1_13' title='bbox 2266 437 2316 497; x_wconf 79' lang='grc' dir='ltr'><strong>Α</strong></span> <span class='ocrx_word' id='word_1_14' title='bbox 2342 433 2578 502; x_wconf 87' lang='lat' dir='ltr'><strong>tefaciet,</strong></span> <span class='ocrx_word' id='word_1_15' title='bbox 2611 436 2739 506; x_wconf 87' lang='lat' dir='ltr'><strong>quid</strong></span> <span class='ocrx_word' id='word_1_16' title='bbox 2779 435 2900 493; x_wconf 90' lang='lat' dir='ltr'><strong>istic</strong></span> <span class='ocrx_word' id='word_1_17' title='bbox 2927 450 3108 493; x_wconf 84' lang='lat' dir='ltr'><strong>sermo</strong></span> <span class='ocrx_word' id='word_1_18' title='bbox 3137 446 3262 494; x_wconf 90' lang='lat' dir='ltr'><strong>tuus</strong></span> <span class='ocrx_word' id='word_1_19' title='bbox 3288 437 3581 496; x_wconf 77' lang='lat' dir='ltr'><strong>variaverit</strong></span> <span class='ocrx_word' id='word_1_20' title='bbox 3603 480 3617 507; x_wconf 94' lang='lat'><strong>,</strong></span> <span class='ocrx_word' id='word_1_21' title='bbox 3645 439 3912 515; x_wconf 76' lang='lat' dir='ltr'><strong>vitiaverit,</strong></span> 
     </span>
    </p>
   </div>
   <div class='ocr_carea' id='block_1_5' title="bbox 659 525 2248 604">
    <p class='ocr_par' dir='ltr' id='par_1_5' title="bbox 659 525 2248 604">
     <span class='ocr_line' id='line_1_5' title="bbox 659 525 2248 604; baseline -0.003 -13"><span class='ocrx_word' id='word_1_22' title='bbox 659 534 871 592; x_wconf 68' lang='lat' dir='ltr'><strong>invidiae</strong></span> <span class='ocrx_word' id='word_1_23' title='bbox 895 532 1047 590; x_wconf 87' lang='lat' dir='ltr'><strong>febre</strong></span> <span class='ocrx_word' id='word_1_24' title='bbox 1065 525 1265 598; x_wconf 82' lang='lat' dir='ltr'><strong>tabuit,</strong></span> <span class='ocrx_word' id='word_1_25' title='bbox 1285 539 1479 604; x_wconf 85' lang='lat' dir='ltr'><strong>sponte</strong></span> <span class='ocrx_word' id='word_1_26' title='bbox 1506 532 1790 588; x_wconf 89' lang='lat' dir='ltr'><strong>illocaliter</strong></span> <span class='ocrx_word' id='word_1_27' title='bbox 1809 531 2094 588; x_wconf 82' lang='lat' dir='ltr'><strong>sanctitate</strong></span> <span class='ocrx_word' id='word_1_28' title='bbox 2121 545 2248 602; x_wconf 90' lang='lat' dir='ltr'><strong>pro-</strong></span> 
     </span>
    </p>
   </div>
   <div class='ocr_carea' id='block_1_6' title="bbox 657 622 2245 700">
    <p class='ocr_par' dir='ltr' id='par_1_6' title="bbox 657 622 2245 700">
     <span class='ocr_line' id='line_1_6' title="bbox 657 622 2245 700; baseline -0.002 -17"><span class='ocrx_word' id='word_1_29' title='bbox 657 626 858 698; x_wconf 86' lang='lat' dir='ltr'><strong>lapsus,</strong></span> <span class='ocrx_word' id='word_1_30' title='bbox 882 641 1056 698; x_wconf 88' lang='lat' dir='ltr'><strong>eaque</strong></span> <span class='ocrx_word' id='word_1_31' title='bbox 1082 636 1108 665; x_wconf 80' lang='grc' dir='ltr'>ι</span> <span class='ocrx_word' id='word_1_32' title='bbox 1137 626 1383 683; x_wconf 81' lang='lat' dir='ltr'><strong>localiter</strong></span> <span class='ocrx_word' id='word_1_33' title='bbox 1409 626 1478 682; x_wconf 92' lang='lat' dir='ltr'><strong>de</strong></span> <span class='ocrx_word' id='word_1_34' title='bbox 1515 626 1678 691; x_wconf 64' lang='lat' dir='ltr'><strong>caelo,</strong></span> <span class='ocrx_word' id='word_1_35' title='bbox 1698 641 1811 700; x_wconf 78' lang='lat' dir='ltr'><strong>non</strong></span> <span class='ocrx_word' id='word_1_36' title='bbox 1842 633 2039 696; x_wconf 85' lang='lat' dir='ltr'><strong>sponte</strong></span> <span class='ocrx_word' id='word_1_37' title='bbox 2066 622 2245 693; x_wconf 91' lang='lat' dir='ltr'><strong>dejec-</strong></span> 
     </span>
    </p>
   </div>
   <div class='ocr_carea' id='block_1_7' title="bbox 658 715 2250 788">
    <p class='ocr_par' dir='ltr' id='par_1_7' title="bbox 658 715 2250 788">
     <span class='ocr_line' id='line_1_7' title="bbox 658 715 2250 788; baseline -0.002 -15"><span class='ocrx_word' id='word_1_38' title='bbox 658 726 746 775; x_wconf 90' lang='lat' dir='ltr'><strong>tus</strong></span> <span class='ocrx_word' id='word_1_39' title='bbox 767 735 784 786; x_wconf 90' lang='lat'><strong>;</strong></span> <span class='ocrx_word' id='word_1_40' title='bbox 805 734 935 775; x_wconf 89' lang='lat' dir='ltr'><strong>cum</strong></span> <span class='ocrx_word' id='word_1_41' title='bbox 961 734 1071 774; x_wconf 90' lang='lat' dir='ltr'><strong>non</strong></span> <span class='ocrx_word' id='word_1_42' title='bbox 1103 719 1344 788; x_wconf 89' lang='lat' dir='ltr'><strong>angelus,</strong></span> <span class='ocrx_word' id='word_1_43' title='bbox 1367 717 1464 774; x_wconf 88' lang='lat' dir='ltr'><strong>sed</strong></span> <span class='ocrx_word' id='word_1_44' title='bbox 1482 718 1657 774; x_wconf 90' lang='lat' dir='ltr'><strong>bonus</strong></span> <span class='ocrx_word' id='word_1_45' title='bbox 1682 733 1804 774; x_wconf 91' lang='lat' dir='ltr'><strong>esse</strong></span> <span class='ocrx_word' id='word_1_46' title='bbox 1830 717 2143 783; x_wconf 85' lang='lat' dir='ltr'><strong>cessaverit,</strong></span> <span class='ocrx_word' id='word_1_47' title='bbox 2168 715 2250 770; x_wconf 87' lang='lat' dir='ltr'><strong>in-</strong></span> 
     </span>
    </p>
   </div>
   <div class='ocr_carea' id='block_1_8' title="bbox 657 809 2248 881">
    <p class='ocr_par' dir='ltr' id='par_1_8' title="bbox 657 809 2248 881">
     <span class='ocr_line' id='line_1_8' title="bbox 657 809 2248 881; baseline -0.001 -17"><span class='ocrx_word' id='word_1_48' title='bbox 657 809 966 866; x_wconf 84' lang='lat' dir='ltr'><strong>nocentiam</strong></span> <span class='ocrx_word' id='word_1_49' title='bbox 993 809 1247 881; x_wconf 85' lang='lat' dir='ltr'><strong>perdidit,</strong></span> <span class='ocrx_word' id='word_1_50' title='bbox 1278 825 1388 866; x_wconf 91' lang='lat' dir='ltr'><strong>non</strong></span> <span class='ocrx_word' id='word_1_51' title='bbox 1415 817 1682 866; x_wconf 89' lang='lat' dir='ltr'><strong>naturam.</strong></span> <span class='ocrx_word' id='word_1_52' title='bbox 1729 809 1963 870; x_wconf 83' lang='lat' dir='ltr'><strong>Proinde</strong></span> <span class='ocrx_word' id='word_1_53' title='bbox 1987 810 2125 866; x_wconf 87' lang='lat' dir='ltr'><strong>sicut</strong></span> <span class='ocrx_word' id='word_1_54' title='bbox 2152 823 2248 864; x_wconf 88' lang='lat' dir='ltr'><strong>an-</strong></span> 
     </span>
    </p>
   </div>
   <div class='ocr_carea' id='block_1_9' title="bbox 657 900 2249 974">
    <p class='ocr_par' dir='ltr' id='par_1_9' title="bbox 657 900 2249 974">
     <span class='ocr_line' id='line_1_9' title="bbox 657 900 2249 974; baseline -0.001 -16"><span class='ocrx_word' id='word_1_55' title='bbox 657 902 900 972; x_wconf 87' lang='lat' dir='ltr'><strong>gelorum</strong></span> <span class='ocrx_word' id='word_1_56' title='bbox 945 901 1234 958; x_wconf 87' lang='lat' dir='ltr'><strong>multitudo</strong></span> <span class='ocrx_word' id='word_1_57' title='bbox 1273 917 1392 972; x_wconf 73' lang='lat' dir='ltr'><strong>qua:</strong></span> <span class='ocrx_word' id='word_1_58' title='bbox 1429 901 1458 941; x_wconf 68' lang='grc' dir='ltr'>δ</span> <span class='ocrx_word' id='word_1_59' title='bbox 1496 901 1760 974; x_wconf 82' lang='lat' dir='ltr'><strong>perstitit,</strong></span> <span class='ocrx_word' id='word_1_60' title='bbox 1793 903 1847 957; x_wconf 91' lang='lat' dir='ltr'><strong>in</strong></span> <span class='ocrx_word' id='word_1_61' title='bbox 1891 909 2120 971; x_wconf 88' lang='lat' dir='ltr'><strong>utroque</strong></span> <span class='ocrx_word' id='word_1_62' title='bbox 2165 900 2249 956; x_wconf 90' lang='lat' dir='ltr'><strong>sui</strong></span> 
     </span>
    </p>
   </div>
   <div class='ocr_carea' id='block_1_10' title="bbox 658 992 2251 1064">
    <p class='ocr_par' dir='ltr' id='par_1_10' title="bbox 658 992 2251 1064">
     <span class='ocr_line' id='line_1_10' title="bbox 658 992 2251 1064; baseline -0.001 -14"><span class='ocrx_word' id='word_1_63' title='bbox 658 992 1088 1060; x_wconf 85' lang='lat' dir='ltr'><strong>beatiﬁcabitur;</strong></span> <span class='ocrx_word' id='word_1_64' title='bbox 1120 993 1195 1048; x_wconf 88' lang='lat' dir='ltr'><strong>ita</strong></span> <span class='ocrx_word' id='word_1_65' title='bbox 1213 1008 1335 1064; x_wconf 78' lang='lat' dir='ltr'><strong>qua:</strong></span> <span class='ocrx_word' id='word_1_66' title='bbox 1365 994 1592 1062; x_wconf 88' lang='lat' dir='ltr'><strong>destitit,</strong></span> <span class='ocrx_word' id='word_1_67' title='bbox 1619 995 1673 1049; x_wconf 90' lang='lat' dir='ltr'><strong>in</strong></span> <span class='ocrx_word' id='word_1_68' title='bbox 1704 994 1789 1049; x_wconf 92' lang='lat' dir='ltr'><strong>sui</strong></span> <span class='ocrx_word' id='word_1_69' title='bbox 1810 1003 2040 1064; x_wconf 87' lang='lat' dir='ltr'><strong>utroque</strong></span> <span class='ocrx_word' id='word_1_70' title='bbox 2067 993 2251 1064; x_wconf 79' lang='lat' dir='ltr'><strong>punie-</strong></span> 
     </span>
    </p>
   </div>
   <div class='ocr_carea' id='block_1_11' title="bbox 659 1085 2249 1158">
    <p class='ocr_par' dir='ltr' id='par_1_11' title="bbox 659 1085 2249 1158">
     <span class='ocr_line' id='line_1_11' title="bbox 659 1085 2249 1158; baseline -0.001 -16"><span class='ocrx_word' id='word_1_71' title='bbox 659 1093 767 1142; x_wconf 89' lang='lat' dir='ltr'><strong>tur.</strong></span> <span class='ocrx_word' id='word_1_72' title='bbox 789 1085 958 1156; x_wconf 91' lang='lat' dir='ltr'><strong>Igitur</strong></span> <span class='ocrx_word' id='word_1_73' title='bbox 983 1086 1402 1158; x_wconf 84' lang='lat' dir='ltr'><strong>haudquaquam</strong></span> <span class='ocrx_word' id='word_1_74' title='bbox 1428 1094 1580 1143; x_wconf 91' lang='lat' dir='ltr'><strong>recte</strong></span> <span class='ocrx_word' id='word_1_75' title='bbox 1607 1087 1743 1142; x_wconf 91' lang='lat' dir='ltr'><strong>duas</strong></span> <span class='ocrx_word' id='word_1_76' title='bbox 1771 1087 1826 1142; x_wconf 92' lang='lat' dir='ltr'><strong>in</strong></span> <span class='ocrx_word' id='word_1_77' title='bbox 1856 1086 2074 1142; x_wconf 88' lang='lat' dir='ltr'><strong>diabolo</strong></span> <span class='ocrx_word' id='word_1_78' title='bbox 2120 1085 2249 1141; x_wconf 89' lang='lat' dir='ltr'><strong>sub-</strong></span> 
     </span>
    </p>
   </div>
   <div class='ocr_carea' id='block_1_12' title="bbox 659 1176 2240 1250">
    <p class='ocr_par' dir='ltr' id='par_1_12' title="bbox 659 1176 2240 1250">
     <span class='ocr_line' id='line_1_12' title="bbox 659 1176 2240 1250; baseline -0.001 -16"><span class='ocrx_word' id='word_1_79' title='bbox 659 1177 887 1234; x_wconf 85' lang='lat' dir='ltr'><strong>stantias</strong></span> <span class='ocrx_word' id='word_1_80' title='bbox 934 1176 1244 1234; x_wconf 78' lang='lat' dir='ltr'><strong>inliciabere</strong></span> <span class='ocrx_word' id='word_1_81' title='bbox 1276 1196 1288 1232; x_wconf 91' lang='lat'><strong>:</strong></span> <span class='ocrx_word' id='word_1_82' title='bbox 1331 1179 1458 1250; x_wconf 87' lang='lat' dir='ltr'><strong>quia</strong></span> <span class='ocrx_word' id='word_1_83' title='bbox 1503 1179 1664 1234; x_wconf 85' lang='lat' dir='ltr'><strong>etiam</strong></span> <span class='ocrx_word' id='word_1_84' title='bbox 1694 1187 1895 1234; x_wconf 89' lang='lat' dir='ltr'><strong>memet</strong></span> <span class='ocrx_word' id='word_1_85' title='bbox 1917 1187 2128 1250; x_wconf 89' lang='lat' dir='ltr'><strong>spreto,</strong></span> <span class='ocrx_word' id='word_1_86' title='bbox 2151 1193 2240 1234; x_wconf 83' lang='lat' dir='ltr'><strong>ne-</strong></span> 
     </span>
    </p>
   </div>
   <div class='ocr_carea' id='block_1_13' title="bbox 661 1270 2250 1343">
    <p class='ocr_par' dir='ltr' id='par_1_13' title="bbox 661 1270 2250 1343">
     <span class='ocr_line' id='line_1_13' title="bbox 661 1270 2250 1343; baseline -0.001 -15"><span class='ocrx_word' id='word_1_87' title='bbox 661 1272 954 1328; x_wconf 87' lang='lat' dir='ltr'><strong>cessarium</strong></span> <span class='ocrx_word' id='word_1_88' title='bbox 973 1270 1221 1342; x_wconf 88' lang='lat' dir='ltr'><strong>profecto</strong></span> <span class='ocrx_word' id='word_1_89' title='bbox 1249 1272 1372 1338; x_wconf 90' lang='lat' dir='ltr'><strong>erit,</strong></span> <span class='ocrx_word' id='word_1_90' title='bbox 1395 1279 1456 1328; x_wconf 91' lang='lat' dir='ltr'><strong>ut</strong></span> <span class='ocrx_word' id='word_1_91' title='bbox 1493 1279 1609 1328; x_wconf 89' lang='lat' dir='ltr'><strong>tute</strong></span> <span class='ocrx_word' id='word_1_92' title='bbox 1633 1273 1792 1328; x_wconf 89' lang='lat' dir='ltr'><strong>cedas</strong></span> <span class='ocrx_word' id='word_1_93' title='bbox 1813 1272 1929 1339; x_wconf 86' lang='lat' dir='ltr'><strong>tibi,</strong></span> <span class='ocrx_word' id='word_1_94' title='bbox 1961 1280 2017 1328; x_wconf 91' lang='lat' dir='ltr'><strong>et</strong></span> <span class='ocrx_word' id='word_1_95' title='bbox 2041 1279 2250 1343; x_wconf 87' lang='lat' dir='ltr'><strong>partem</strong></span> 
     </span>
    </p>
   </div>
   <div class='ocr_carea' id='block_1_14' title="bbox 659 1364 2252 1437">
    <p class='ocr_par' dir='ltr' id='par_1_14' title="bbox 659 1364 2252 1437">
     <span class='ocr_line' id='line_1_14' title="bbox 659 1364 2252 1437; baseline 0 -17"><span class='ocrx_word' id='word_1_96' title='bbox 659 1364 1104 1436; x_wconf 87' lang='lat' dir='ltr'><strong>prosecutionum</strong></span> <span class='ocrx_word' id='word_1_97' title='bbox 1141 1373 1353 1420; x_wconf 89' lang='lat' dir='ltr'><strong>tuarum</strong></span> <span class='ocrx_word' id='word_1_98' title='bbox 1393 1372 1549 1436; x_wconf 88' lang='lat' dir='ltr'><strong>parte</strong></span> <span class='ocrx_word' id='word_1_99' title='bbox 1581 1364 1908 1437; x_wconf 91' lang='lat' dir='ltr'><strong>supplodas,</strong></span> <span class='ocrx_word' id='word_1_100' title='bbox 1949 1365 2252 1434; x_wconf 89' lang='lat' dir='ltr'><strong>falsumque</strong></span> 
     </span>
    </p>
   </div>
   <div class='ocr_carea' id='block_1_15' title="bbox 660 1456 2250 1534">
    <p class='ocr_par' dir='ltr' id='par_1_15' title="bbox 660 1456 2250 1534">
     <span class='ocr_line' id='line_1_15' title="bbox 660 1456 2250 1534; baseline -0.001 -20"><span class='ocrx_word' id='word_1_101' title='bbox 660 1473 798 1521; x_wconf 83' lang='lat' dir='ltr'><strong>vero</strong></span> <span class='ocrx_word' id='word_1_102' title='bbox 823 1458 1026 1514; x_wconf 88' lang='lat' dir='ltr'><strong>diruas.</strong></span> <span class='ocrx_word' id='word_1_103' title='bbox 1051 1457 1226 1513; x_wconf 83' lang='lat' dir='ltr'><strong>Habet</strong></span> <span class='ocrx_word' id='word_1_104' title='bbox 1246 1471 1379 1527; x_wconf 88' lang='lat' dir='ltr'><strong>ergo</strong></span> <span class='ocrx_word' id='word_1_105' title='bbox 1409 1457 1674 1525; x_wconf 84' lang='lat' dir='ltr'><strong>diabolus,</strong></span> <span class='ocrx_word' id='word_1_106' title='bbox 1716 1458 1832 1527; x_wconf 88' lang='lat' dir='ltr'><strong>ipse</strong></span> <span class='ocrx_word' id='word_1_107' title='bbox 1861 1466 2041 1512; x_wconf 89' lang='lat' dir='ltr'><strong>tamen</strong></span> <span class='ocrx_word' id='word_1_108' title='bbox 2071 1456 2250 1534; x_wconf 79' lang='lat' dir='ltr'><strong>incor-</strong></span> 
     </span>
    </p>
   </div>
   <div class='ocr_carea' id='block_1_16' title="bbox 661 1547 2253 1622">
    <p class='ocr_par' dir='ltr' id='par_1_16' title="bbox 661 1547 2253 1622">
     <span class='ocr_line' id='line_1_16' title="bbox 661 1547 2253 1622; baseline -0.003 -16"><span class='ocrx_word' id='word_1_109' title='bbox 661 1564 888 1622; x_wconf 89' lang='lat' dir='ltr'><strong>poreus,</strong></span> <span class='ocrx_word' id='word_1_110' title='bbox 928 1564 1125 1620; x_wconf 89' lang='lat' dir='ltr'><strong>corpus</strong></span> <span class='ocrx_word' id='word_1_111' title='bbox 1162 1564 1349 1615; x_wconf 91' lang='lat' dir='ltr'><strong>suum,</strong></span> <span class='ocrx_word' id='word_1_112' title='bbox 1381 1549 1507 1618; x_wconf 86' lang='lat' dir='ltr'><strong>quia</strong></span> <span class='ocrx_word' id='word_1_113' title='bbox 1549 1555 1605 1604; x_wconf 92' lang='lat' dir='ltr'><strong>et</strong></span> <span class='ocrx_word' id='word_1_114' title='bbox 1641 1548 1844 1604; x_wconf 89' lang='lat' dir='ltr'><strong>sentire</strong></span> <span class='ocrx_word' id='word_1_115' title='bbox 1875 1547 1993 1603; x_wconf 90' lang='lat' dir='ltr'><strong>sine</strong></span> <span class='ocrx_word' id='word_1_116' title='bbox 2020 1562 2253 1618; x_wconf 89' lang='lat' dir='ltr'><strong>corpore</strong></span> 
     </span>
    </p>
   </div>
   <div class='ocr_carea' id='block_1_17' title="bbox 664 1639 2254 1712">
    <p class='ocr_par' dir='ltr' id='par_1_17' title="bbox 664 1639 2254 1712">
     <span class='ocr_line' id='line_1_17' title="bbox 664 1639 2254 1712; baseline -0.002 -16"><span class='ocrx_word' id='word_1_117' title='bbox 664 1655 928 1712; x_wconf 90' lang='lat' dir='ltr'><strong>corporea</strong></span> <span class='ocrx_word' id='word_1_118' title='bbox 967 1647 1238 1696; x_wconf 90' lang='lat' dir='ltr'><strong>tormenta</strong></span> <span class='ocrx_word' id='word_1_119' title='bbox 1277 1656 1386 1695; x_wconf 91' lang='lat' dir='ltr'><strong>non</strong></span> <span class='ocrx_word' id='word_1_120' title='bbox 1423 1641 1643 1712; x_wconf 91' lang='lat' dir='ltr'><strong>poterit.</strong></span> <span class='ocrx_word' id='word_1_121' title='bbox 1701 1639 1769 1694; x_wconf 85' lang='lat' dir='ltr'><strong>Et</strong></span> <span class='ocrx_word' id='word_1_122' title='bbox 1804 1651 1828 1679; x_wconf 79' lang='grc' dir='ltr'><strong>ο</strong></span> <span class='ocrx_word' id='word_1_123' title='bbox 1861 1640 2053 1694; x_wconf 84' lang='lat' dir='ltr'><strong>iterum</strong></span> <span class='ocrx_word' id='word_1_124' title='bbox 2097 1658 2108 1693; x_wconf 95' lang='lat'><strong>:</strong></span> <span class='ocrx_word' id='word_1_125' title='bbox 2160 1639 2254 1710; x_wconf 91' lang='lat' dir='ltr'><strong>qui</strong></span> 
     </span>
    </p>
   </div>
   <div class='ocr_carea' id='block_1_18' title="bbox 670 1731 2250 1804">
    <p class='ocr_par' dir='ltr' id='par_1_18' title="bbox 670 1731 2250 1804">
     <span class='ocr_line' id='line_1_18' title="bbox 670 1731 2250 1804; baseline -0.003 -14"><span class='ocrx_word' id='word_1_126' title='bbox 670 1735 865 1801; x_wconf 86' lang='lat' dir='ltr'><strong>sentit,</strong></span> <span class='ocrx_word' id='word_1_127' title='bbox 901 1734 1045 1789; x_wconf 89' lang='lat' dir='ltr'><strong>aliud</strong></span> <span class='ocrx_word' id='word_1_128' title='bbox 1091 1742 1202 1801; x_wconf 90' lang='lat' dir='ltr'><strong>est;</strong></span> <span class='ocrx_word' id='word_1_129' title='bbox 1243 1741 1299 1789; x_wconf 91' lang='lat' dir='ltr'><strong>et</strong></span> <span class='ocrx_word' id='word_1_130' title='bbox 1338 1749 1435 1804; x_wconf 92' lang='lat' dir='ltr'><strong>per</strong></span> <span class='ocrx_word' id='word_1_131' title='bbox 1471 1733 1617 1804; x_wconf 92' lang='lat' dir='ltr'><strong>quod</strong></span> <span class='ocrx_word' id='word_1_132' title='bbox 1655 1733 1913 1798; x_wconf 87' lang='lat' dir='ltr'><strong>sentitur,</strong></span> <span class='ocrx_word' id='word_1_133' title='bbox 1958 1740 2042 1788; x_wconf 91' lang='lat' dir='ltr'><strong>est</strong></span> <span class='ocrx_word' id='word_1_134' title='bbox 2086 1731 2250 1787; x_wconf 88' lang='lat' dir='ltr'><strong>aliud.</strong></span> 
     </span>
    </p>
   </div>
   <div class='ocr_carea' id='block_1_19' title="bbox 2351 527 3917 606">
    <p class='ocr_par' dir='ltr' id='par_1_19' title="bbox 2351 527 3917 606">
     <span class='ocr_line' id='line_1_19' title="bbox 2351 527 3917 606; baseline -0.001 -23"><span class='ocrx_word' id='word_1_135' title='bbox 2351 528 2566 584; x_wconf 86' lang='lat' dir='ltr'><strong>texerit.</strong></span> <span class='ocrx_word' id='word_1_136' title='bbox 2590 527 2726 583; x_wconf 84' lang='lat' dir='ltr'><strong>Dicit</strong></span> <span class='ocrx_word' id='word_1_137' title='bbox 2746 529 2802 584; x_wconf 91' lang='lat' dir='ltr'><strong>in</strong></span> <span class='ocrx_word' id='word_1_138' title='bbox 2822 527 3113 598; x_wconf 86' lang='lat' dir='ltr'><strong>Evangelio</strong></span> <span class='ocrx_word' id='word_1_139' title='bbox 3136 529 3398 586; x_wconf 88' lang='lat' dir='ltr'><strong>Dominus</strong></span> <span class='ocrx_word' id='word_1_140' title='bbox 3416 531 3682 587; x_wconf 71' lang='lat' dir='ltr'><strong>:dlortuus</strong></span> <span class='ocrx_word' id='word_1_141' title='bbox 3709 543 3778 588; x_wconf 89' lang='lat' dir='ltr'><strong>est</strong></span> <span class='ocrx_word' id='word_1_142' title='bbox 3800 555 3917 606; x_wconf 71' lang='lat' dir='ltr'><strong>pas.</strong></span> 
     </span>
    </p>
   </div>
   <div class='ocr_carea' id='block_1_20' title="bbox 2349 621 3914 696">
    <p class='ocr_par' dir='ltr' id='par_1_20' title="bbox 2349 621 3914 696">
     <span class='ocr_line' id='line_1_20' title="bbox 2349 621 3914 696; baseline 0.006 -20"><span class='ocrx_word' id='word_1_143' title='bbox 2349 638 2458 693; x_wconf 87' lang='lat' dir='ltr'><strong>per,</strong></span> <span class='ocrx_word' id='word_1_144' title='bbox 2505 630 2556 676; x_wconf 91' lang='lat' dir='ltr'><strong>et</strong></span> <span class='ocrx_word' id='word_1_145' title='bbox 2595 621 2826 677; x_wconf 84' lang='lat' dir='ltr'><strong>sublatus</strong></span> <span class='ocrx_word' id='word_1_146' title='bbox 2865 631 2942 677; x_wconf 89' lang='lat' dir='ltr'><strong>est</strong></span> <span class='ocrx_word' id='word_1_147' title='bbox 2997 621 3061 676; x_wconf 83' lang='lat' dir='ltr'><strong>ab</strong></span> <span class='ocrx_word' id='word_1_148' title='bbox 3102 622 3302 696; x_wconf 76' lang='lat' dir='ltr'><strong>angelis</strong></span> <span class='ocrx_word' id='word_1_149' title='bbox 3346 624 3401 678; x_wconf 87' lang='lat' dir='ltr'><strong>in</strong></span> <span class='ocrx_word' id='word_1_150' title='bbox 3448 627 3620 679; x_wconf 80' lang='lat' dir='ltr'><strong>sinum</strong></span> <span class='ocrx_word' id='word_1_151' title='bbox 3671 625 3914 686; x_wconf 69' lang='lat' dir='ltr'><strong>Abrahae:</strong></span> 
     </span>
    </p>
   </div>
   <div class='ocr_carea' id='block_1_21' title="bbox 2351 716 3914 790">
    <p class='ocr_par' dir='ltr' id='par_1_21' title="bbox 2351 716 3914 790">
     <span class='ocr_line' id='line_1_21' title="bbox 2351 716 3914 790; baseline 0.005 -20"><span class='ocrx_word' id='word_1_152' title='bbox 2351 723 2581 770; x_wconf 84' lang='lat' dir='ltr'><strong>mortuus</strong></span> <span class='ocrx_word' id='word_1_153' title='bbox 2610 724 2688 770; x_wconf 89' lang='lat' dir='ltr'><strong>est</strong></span> <span class='ocrx_word' id='word_1_154' title='bbox 2713 724 2764 769; x_wconf 89' lang='lat' dir='ltr'><strong>et</strong></span> <span class='ocrx_word' id='word_1_155' title='bbox 2789 716 2948 783; x_wconf 77' lang='lat' dir='ltr'><strong>dives,</strong></span> <span class='ocrx_word' id='word_1_156' title='bbox 2978 724 3030 770; x_wconf 88' lang='lat' dir='ltr'><strong>et</strong></span> <span class='ocrx_word' id='word_1_157' title='bbox 3070 717 3297 788; x_wconf 84' lang='lat' dir='ltr'><strong>sepultus</strong></span> <span class='ocrx_word' id='word_1_158' title='bbox 3329 725 3408 771; x_wconf 88' lang='lat' dir='ltr'><strong>est</strong></span> <span class='ocrx_word' id='word_1_159' title='bbox 3440 719 3497 772; x_wconf 89' lang='lat' dir='ltr'><strong>in</strong></span> <span class='ocrx_word' id='word_1_160' title='bbox 3535 719 3757 790; x_wconf 79' lang='lat' dir='ltr'><strong>inferno.</strong></span> <span class='ocrx_word' id='word_1_161' title='bbox 3777 722 3914 779; x_wconf 82' lang='lat' dir='ltr'><strong>Cum-</strong></span> 
     </span>
    </p>
   </div>
   <div class='ocr_carea' id='block_1_22' title="bbox 2351 807 3915 884">
    <p class='ocr_par' dir='ltr' id='par_1_22' title="bbox 2351 807 3915 884">
     <span class='ocr_line' id='line_1_22' title="bbox 2351 807 3915 884; baseline 0.004 -22"><span class='ocrx_word' id='word_1_162' title='bbox 2351 825 2448 881; x_wconf 91' lang='lat' dir='ltr'><strong>que</strong></span> <span class='ocrx_word' id='word_1_163' title='bbox 2472 817 2606 863; x_wconf 91' lang='lat' dir='ltr'><strong>esset</strong></span> <span class='ocrx_word' id='word_1_164' title='bbox 2629 809 2685 862; x_wconf 89' lang='lat' dir='ltr'><strong>in</strong></span> <span class='ocrx_word' id='word_1_165' title='bbox 2706 809 2992 876; x_wconf 86' lang='lat' dir='ltr'><strong>tormentis,</strong></span> <span class='ocrx_word' id='word_1_166' title='bbox 3012 808 3141 864; x_wconf 84' lang='lat' dir='ltr'><strong>vidit</strong></span> <span class='ocrx_word' id='word_1_167' title='bbox 3172 807 3434 864; x_wconf 80' lang='lat' dir='ltr'><strong>Abraham</strong></span> <span class='ocrx_word' id='word_1_168' title='bbox 3454 827 3487 864; x_wconf 92' lang='lat' dir='ltr'><strong>a</strong></span> <span class='ocrx_word' id='word_1_169' title='bbox 3516 811 3676 884; x_wconf 85' lang='lat' dir='ltr'><strong>longe.</strong></span> <span class='ocrx_word' id='word_1_170' title='bbox 3696 823 3742 866; x_wconf 88' lang='lat' dir='ltr'><strong>et</strong></span> <span class='ocrx_word' id='word_1_171' title='bbox 3770 811 3915 869; x_wconf 78' lang='lat' dir='ltr'><strong>Laza-</strong></span> 
     </span>
    </p>
   </div>
   <div class='ocr_carea' id='block_1_23' title="bbox 2355 901 3915 974">
    <p class='ocr_par' dir='ltr' id='par_1_23' title="bbox 2355 901 3915 974">
     <span class='ocr_line' id='line_1_23' title="bbox 2355 901 3915 974; baseline 0.004 -18"><span class='ocrx_word' id='word_1_172' title='bbox 2355 919 2467 956; x_wconf 90' lang='lat' dir='ltr'><strong>rum</strong></span> <span class='ocrx_word' id='word_1_173' title='bbox 2485 901 2539 956; x_wconf 87' lang='lat' dir='ltr'><strong>in</strong></span> <span class='ocrx_word' id='word_1_174' title='bbox 2550 903 2666 957; x_wconf 86' lang='lat' dir='ltr'><strong>sinu</strong></span> <span class='ocrx_word' id='word_1_175' title='bbox 2678 902 2808 974; x_wconf 81' lang='lat' dir='ltr'><strong>ejus,</strong></span> <span class='ocrx_word' id='word_1_176' title='bbox 2821 911 2872 956; x_wconf 92' lang='lat' dir='ltr'><strong>et</strong></span> <span class='ocrx_word' id='word_1_177' title='bbox 2882 902 3008 956; x_wconf 90' lang='lat' dir='ltr'><strong>dicit</strong></span> <span class='ocrx_word' id='word_1_178' title='bbox 3021 919 3037 957; x_wconf 91' lang='lat'><strong><em>:</em></strong></span> <span class='ocrx_word' id='word_1_179' title='bbox 3051 901 3214 958; x_wconf 88' lang='lat' dir='ltr'><strong>Pater</strong></span> <span class='ocrx_word' id='word_1_180' title='bbox 3233 903 3517 970; x_wconf 77' lang='lat' dir='ltr'><strong>Abraham,</strong></span> <span class='ocrx_word' id='word_1_181' title='bbox 3531 905 3675 958; x_wconf 80' lang='lat' dir='ltr'><strong>mitte</strong></span> <span class='ocrx_word' id='word_1_182' title='bbox 3687 903 3915 962; x_wconf 77' lang='lat' dir='ltr'><strong>Lazarum</strong></span> 
     </span>
    </p>
   </div>
   <div class='ocr_carea' id='block_1_24' title="bbox 2353 993 3917 1070">
    <p class='ocr_par' dir='ltr' id='par_1_24' title="bbox 2353 993 3917 1070">
     <span class='ocr_line' id='line_1_24' title="bbox 2353 993 3917 1070; baseline 0.004 -23"><span class='ocrx_word' id='word_1_183' title='bbox 2353 1001 2409 1047; x_wconf 87' lang='lat' dir='ltr'><strong>ut</strong></span> <span class='ocrx_word' id='word_1_184' title='bbox 2437 995 2659 1065; x_wconf 87' lang='lat' dir='ltr'><strong>intingat</strong></span> <span class='ocrx_word' id='word_1_185' title='bbox 2687 993 2956 1048; x_wconf 87' lang='lat' dir='ltr'><strong>minimum</strong></span> <span class='ocrx_word' id='word_1_186' title='bbox 2985 993 3133 1066; x_wconf 84' lang='lat' dir='ltr'><strong>digiti</strong></span> <span class='ocrx_word' id='word_1_187' title='bbox 3162 996 3242 1050; x_wconf 89' lang='lat' dir='ltr'><strong>sui</strong></span> <span class='ocrx_word' id='word_1_188' title='bbox 3270 997 3324 1052; x_wconf 85' lang='lat' dir='ltr'><strong>in</strong></span> <span class='ocrx_word' id='word_1_189' title='bbox 3352 1012 3569 1068; x_wconf 88' lang='lat' dir='ltr'><strong>aquam,</strong></span> <span class='ocrx_word' id='word_1_190' title='bbox 3602 1005 3654 1050; x_wconf 90' lang='lat' dir='ltr'><strong>et</strong></span> <span class='ocrx_word' id='word_1_191' title='bbox 3680 1000 3917 1070; x_wconf 78' lang='lat' dir='ltr'><strong>refrigeret</strong></span> 
     </span>
    </p>
   </div>
   <div class='ocr_carea' id='block_1_25' title="bbox 2354 1086 3916 1161">
    <p class='ocr_par' dir='ltr' id='par_1_25' title="bbox 2354 1086 3916 1161">
     <span class='ocr_line' id='line_1_25' title="bbox 2354 1086 3916 1161; baseline 0.002 -20"><span class='ocrx_word' id='word_1_192' title='bbox 2354 1087 2587 1158; x_wconf 81' lang='lat' dir='ltr'><strong>linguam</strong></span> <span class='ocrx_word' id='word_1_193' title='bbox 2608 1103 2796 1153; x_wconf 86' lang='lat' dir='ltr'><strong>meam,</strong></span> <span class='ocrx_word' id='word_1_194' title='bbox 2820 1087 2944 1159; x_wconf 83' lang='lat' dir='ltr'><strong>quia</strong></span> <span class='ocrx_word' id='word_1_195' title='bbox 2971 1087 3173 1141; x_wconf 86' lang='lat' dir='ltr'><strong>crucior</strong></span> <span class='ocrx_word' id='word_1_196' title='bbox 3185 1087 3247 1140; x_wconf 81' lang='lat' dir='ltr'><strong>.in</strong></span> <span class='ocrx_word' id='word_1_197' title='bbox 3271 1086 3366 1140; x_wconf 77' lang='lat' dir='ltr'><strong>hac</strong></span> <span class='ocrx_word' id='word_1_198' title='bbox 3392 1088 3626 1158; x_wconf 74' lang='lat' dir='ltr'><strong>ﬂamma.</strong></span> <span class='ocrx_word' id='word_1_199' title='bbox 3653 1087 3723 1142; x_wconf 87' lang='lat' dir='ltr'><strong>Et</strong></span> <span class='ocrx_word' id='word_1_200' title='bbox 3735 1107 3916 1161; x_wconf 82' lang='lat' dir='ltr'><strong>respon-</strong></span> 
     </span>
    </p>
   </div>
   <div class='ocr_carea' id='block_1_26' title="bbox 2355 1176 3917 1251">
    <p class='ocr_par' dir='ltr' id='par_1_26' title="bbox 2355 1176 3917 1251">
     <span class='ocr_line' id='line_1_26' title="bbox 2355 1176 3917 1251; baseline 0.004 -20"><span class='ocrx_word' id='word_1_201' title='bbox 2355 1176 2706 1232; x_wconf 76' lang='lat' dir='ltr'><strong>ditAbraham</strong></span> <span class='ocrx_word' id='word_1_202' title='bbox 2731 1194 2748 1232; x_wconf 92' lang='lat'><strong><em>:</em></strong></span> <span class='ocrx_word' id='word_1_203' title='bbox 2776 1176 3056 1243; x_wconf 79' lang='lat' dir='ltr'><strong>Memento,</strong></span> <span class='ocrx_word' id='word_1_204' title='bbox 3081 1178 3180 1248; x_wconf 84' lang='lat' dir='ltr'><strong>ﬁli,</strong></span> <span class='ocrx_word' id='word_1_205' title='bbox 3209 1179 3330 1250; x_wconf 83' lang='lat' dir='ltr'><strong>quia</strong></span> <span class='ocrx_word' id='word_1_206' title='bbox 3351 1180 3589 1251; x_wconf 72' lang='lat' dir='ltr'><strong>recepisti</strong></span> <span class='ocrx_word' id='word_1_207' title='bbox 3610 1177 3740 1234; x_wconf 79' lang='lat' dir='ltr'><strong>bona</strong></span> <span class='ocrx_word' id='word_1_208' title='bbox 3764 1181 3815 1235; x_wconf 85' lang='lat' dir='ltr'><strong>in</strong></span> <span class='ocrx_word' id='word_1_209' title='bbox 3833 1184 3917 1238; x_wconf 77' lang='lat' dir='ltr'><strong>rita</strong></span> 
     </span>
    </p>
   </div>
   <div class='ocr_carea' id='block_1_27' title="bbox 2359 1269 3914 1340">
    <p class='ocr_par' dir='ltr' id='par_1_27' title="bbox 2359 1269 3914 1340">
     <span class='ocr_line' id='line_1_27' title="bbox 2359 1269 3914 1340; baseline 0.004 -16"><span class='ocrx_word' id='word_1_210' title='bbox 2359 1280 2467 1340; x_wconf 86' lang='lat' dir='ltr'><strong>tua,</strong></span> <span class='ocrx_word' id='word_1_211' title='bbox 2497 1272 2734 1327; x_wconf 80' lang='lat' dir='ltr'><strong>similiter</strong></span> <span class='ocrx_word' id='word_1_212' title='bbox 2761 1280 2811 1326; x_wconf 89' lang='lat' dir='ltr'><strong>et</strong></span> <span class='ocrx_word' id='word_1_213' title='bbox 2830 1269 3064 1328; x_wconf 79' lang='lat' dir='ltr'><strong>Lazarus</strong></span> <span class='ocrx_word' id='word_1_214' title='bbox 3085 1273 3228 1327; x_wconf 81' lang='lat' dir='ltr'><strong>mala</strong></span> <span class='ocrx_word' id='word_1_215' title='bbox 3251 1289 3268 1327; x_wconf 92' lang='lat'><strong><em>:</em></strong></span> <span class='ocrx_word' id='word_1_216' title='bbox 3293 1281 3344 1328; x_wconf 91' lang='lat' dir='ltr'><strong>et</strong></span> <span class='ocrx_word' id='word_1_217' title='bbox 3362 1272 3480 1328; x_wconf 89' lang='lat' dir='ltr'><strong>ideo</strong></span> <span class='ocrx_word' id='word_1_218' title='bbox 3501 1289 3639 1328; x_wconf 83' lang='lat' dir='ltr'><strong>nunc</strong></span> <span class='ocrx_word' id='word_1_219' title='bbox 3659 1273 3741 1328; x_wconf 78' lang='lat' dir='ltr'><strong>hic</strong></span> <span class='ocrx_word' id='word_1_220' title='bbox 3759 1291 3914 1331; x_wconf 81' lang='lat' dir='ltr'><strong>conso-</strong></span> 
     </span>
    </p>
   </div>
   <div class='ocr_carea' id='block_1_28' title="bbox 2358 1361 3915 1427">
    <p class='ocr_par' dir='ltr' id='par_1_28' title="bbox 2358 1361 3915 1427">
     <span class='ocr_line' id='line_1_28' title="bbox 2358 1361 3915 1427; baseline 0.005 -13"><span class='ocrx_word' id='word_1_221' title='bbox 2358 1361 2513 1427; x_wconf 89' lang='lat' dir='ltr'><strong>latur,</strong></span> <span class='ocrx_word' id='word_1_222' title='bbox 2544 1371 2596 1414; x_wconf 89' lang='lat' dir='ltr'><strong>tu</strong></span> <span class='ocrx_word' id='word_1_223' title='bbox 2623 1377 2741 1417; x_wconf 78' lang='lat' dir='ltr'><strong>vero</strong></span> <span class='ocrx_word' id='word_1_224' title='bbox 2770 1363 3037 1418; x_wconf 85' lang='lat' dir='ltr'><strong>cruciaris.</strong></span> <span class='ocrx_word' id='word_1_225' title='bbox 3063 1361 3134 1417; x_wconf 87' lang='lat' dir='ltr'><strong>Et</strong></span> <span class='ocrx_word' id='word_1_226' title='bbox 3161 1365 3216 1418; x_wconf 85' lang='lat' dir='ltr'><strong>in</strong></span> <span class='ocrx_word' id='word_1_227' title='bbox 3243 1363 3323 1419; x_wconf 82' lang='lat' dir='ltr'><strong>Iris</strong></span> <span class='ocrx_word' id='word_1_228' title='bbox 3362 1363 3600 1419; x_wconf 82' lang='lat' dir='ltr'><strong>omnibus</strong></span> <span class='ocrx_word' id='word_1_229' title='bbox 3621 1365 3754 1419; x_wconf 84' lang='lat' dir='ltr'><strong>inter</strong></span> <span class='ocrx_word' id='word_1_230' title='bbox 3777 1384 3859 1421; x_wconf 84' lang='lat' dir='ltr'><strong>nos</strong></span> <span class='ocrx_word' id='word_1_231' title='bbox 3875 1377 3915 1422; x_wconf 87' lang='lat' dir='ltr'><strong>et</strong></span> 
     </span>
    </p>
   </div>
   <div class='ocr_carea' id='block_1_29' title="bbox 2357 1453 3914 1528">
    <p class='ocr_par' dir='ltr' id='par_1_29' title="bbox 2357 1453 3914 1528">
     <span class='ocr_line' id='line_1_29' title="bbox 2357 1453 3914 1528; baseline 0.004 -21"><span class='ocrx_word' id='word_1_232' title='bbox 2357 1469 2444 1507; x_wconf 83' lang='lat' dir='ltr'><strong>vos</strong></span> <span class='ocrx_word' id='word_1_233' title='bbox 2481 1453 2639 1508; x_wconf 84' lang='lat' dir='ltr'><strong>chaos</strong></span> <span class='ocrx_word' id='word_1_234' title='bbox 2663 1469 2909 1525; x_wconf 83' lang='lat' dir='ltr'><strong>magnum</strong></span> <span class='ocrx_word' id='word_1_235' title='bbox 2932 1454 3197 1524; x_wconf 80' lang='lat' dir='ltr'><strong>ﬁrmatum</strong></span> <span class='ocrx_word' id='word_1_236' title='bbox 3223 1463 3321 1518; x_wconf 89' lang='lat' dir='ltr'><strong>est,</strong></span> <span class='ocrx_word' id='word_1_237' title='bbox 3347 1463 3405 1508; x_wconf 89' lang='lat' dir='ltr'><strong>ut</strong></span> <span class='ocrx_word' id='word_1_238' title='bbox 3429 1471 3594 1528; x_wconf 85' lang='lat' dir='ltr'><strong>neque</strong></span> <span class='ocrx_word' id='word_1_239' title='bbox 3619 1456 3738 1510; x_wconf 84' lang='lat' dir='ltr'><strong>hinc</strong></span> <span class='ocrx_word' id='word_1_240' title='bbox 3761 1457 3824 1512; x_wconf 84' lang='lat' dir='ltr'><strong>ad</strong></span> <span class='ocrx_word' id='word_1_241' title='bbox 3839 1475 3914 1514; x_wconf 77' lang='lat' dir='ltr'><strong>nos</strong></span> 
     </span>
    </p>
   </div>
   <div class='ocr_carea' id='block_1_30' title="bbox 2358 1545 3910 1622">
    <p class='ocr_par' dir='ltr' id='par_1_30' title="bbox 2358 1545 3910 1622">
     <span class='ocr_line' id='line_1_30' title="bbox 2358 1545 3910 1622; baseline 0.003 -23"><span class='ocrx_word' id='word_1_242' title='bbox 2358 1545 2626 1618; x_wconf 80' lang='lat' dir='ltr'><strong>quisquam</strong></span> <span class='ocrx_word' id='word_1_243' title='bbox 2647 1546 2810 1618; x_wconf 82' lang='lat' dir='ltr'><strong>possit</strong></span> <span class='ocrx_word' id='word_1_244' title='bbox 2837 1547 2932 1612; x_wconf 88' lang='lat' dir='ltr'><strong>ire,</strong></span> <span class='ocrx_word' id='word_1_245' title='bbox 2975 1545 3280 1618; x_wconf 63' lang='lat' dir='ltr'><strong>neque‘tnde</strong></span> <span class='ocrx_word' id='word_1_246' title='bbox 3307 1547 3405 1601; x_wconf 83' lang='lat' dir='ltr'><strong>huc</strong></span> <span class='ocrx_word' id='word_1_247' title='bbox 3431 1555 3752 1602; x_wconf 81' lang='lat' dir='ltr'><strong>transmeare</strong></span> <span class='ocrx_word' id='word_1_248' title='bbox 3778 1549 3910 1622; x_wconf 73' lang='lat' dir='ltr'><strong>(Luc.</strong></span> 
     </span>
    </p>
   </div>
   <div class='ocr_carea' id='block_1_31' title="bbox 2359 1637 3911 1711">
    <p class='ocr_par' dir='ltr' id='par_1_31' title="bbox 2359 1637 3911 1711">
     <span class='ocr_line' id='line_1_31' title="bbox 2359 1637 3911 1711; baseline 0.003 -17"><span class='ocrx_word' id='word_1_249' title='bbox 2359 1655 2466 1706; x_wconf 77' lang='lat' dir='ltr'><strong>xvr,</strong></span> <span class='ocrx_word' id='word_1_250' title='bbox 2497 1637 2706 1711; x_wconf 68' lang='lat'><strong>22-26).</strong></span> <span class='ocrx_word' id='word_1_251' title='bbox 2739 1638 2885 1694; x_wconf 93' lang='lat' dir='ltr'><strong>Istud</strong></span> <span class='ocrx_word' id='word_1_252' title='bbox 2913 1655 3058 1695; x_wconf 91' lang='lat' dir='ltr'><strong>nunc</strong></span> <span class='ocrx_word' id='word_1_253' title='bbox 3102 1640 3235 1695; x_wconf 90' lang='lat' dir='ltr'><strong>mihi</strong></span> <span class='ocrx_word' id='word_1_254' title='bbox 3275 1639 3571 1696; x_wconf 66' lang='lat' dir='ltr'><strong>secundum:</strong></span> <span class='ocrx_word' id='word_1_255' title='bbox 3598 1640 3718 1697; x_wconf 85' lang='lat' dir='ltr'><strong>loca</strong></span> <span class='ocrx_word' id='word_1_256' title='bbox 3742 1649 3793 1697; x_wconf 90' lang='lat' dir='ltr'><strong>et</strong></span> <span class='ocrx_word' id='word_1_257' title='bbox 3814 1658 3911 1698; x_wconf 86' lang='lat' dir='ltr'><strong>cor-</strong></span> 
     </span>
    </p>
   </div>
   <div class='ocr_carea' id='block_1_32' title="bbox 2358 1732 3908 1805">
    <p class='ocr_par' dir='ltr' id='par_1_32' title="bbox 2358 1732 3908 1805">
     <span class='ocr_line' id='line_1_32' title="bbox 2358 1732 3908 1805; baseline 0.001 -16"><span class='ocrx_word' id='word_1_258' title='bbox 2358 1748 2495 1805; x_wconf 90' lang='lat' dir='ltr'><strong>pora</strong></span> <span class='ocrx_word' id='word_1_259' title='bbox 2523 1732 2727 1789; x_wconf 87' lang='lat' dir='ltr'><strong>dissere</strong></span> <span class='ocrx_word' id='word_1_260' title='bbox 2753 1750 2765 1786; x_wconf 90' lang='lat'><strong>:</strong></span> <span class='ocrx_word' id='word_1_261' title='bbox 2791 1733 2912 1789; x_wconf 89' lang='lat' dir='ltr'><strong>istic</strong></span> <span class='ocrx_word' id='word_1_262' title='bbox 2936 1734 3055 1789; x_wconf 88' lang='lat' dir='ltr'><strong>sine</strong></span> <span class='ocrx_word' id='word_1_263' title='bbox 3076 1733 3471 1790; x_wconf 89' lang='lat' dir='ltr'><strong>alternamento</strong></span> <span class='ocrx_word' id='word_1_264' title='bbox 3499 1733 3758 1804; x_wconf 89' lang='lat' dir='ltr'><strong>reciproci</strong></span> <span class='ocrx_word' id='word_1_265' title='bbox 3783 1736 3908 1802; x_wconf 83' lang='lat' dir='ltr'><strong>aeris,</strong></span> 
     </span>
    </p>
   </div>
   <div class='ocr_carea' id='block_1_33' title="bbox 629 1824 3918 1899">
    <p class='ocr_par' dir='ltr' id='par_1_33' title="bbox 629 1824 3918 1899">
     <span class='ocr_line' id='line_1_33' title="bbox 629 1824 3918 1899; baseline -0 -15"><span class='ocrx_word' id='word_1_266' title='bbox 629 1872 642 1884; x_wconf 95' lang='lat'><strong>.</strong></span> <span class='ocrx_word' id='word_1_267' title='bbox 663 1828 872 1899; x_wconf 83' lang='lat' dir='ltr'><strong>Quippe</strong></span> <span class='ocrx_word' id='word_1_268' title='bbox 903 1827 948 1882; x_wconf 88' lang='lat' dir='ltr'><strong>si</strong></span> <span class='ocrx_word' id='word_1_269' title='bbox 965 1826 1378 1894; x_wconf 87' lang='lat' dir='ltr'><strong>animadvertis,</strong></span> <span class='ocrx_word' id='word_1_270' title='bbox 1421 1833 1629 1882; x_wconf 90' lang='lat' dir='ltr'><strong>tuomet</strong></span> <span class='ocrx_word' id='word_1_271' title='bbox 1655 1827 1936 1882; x_wconf 85' lang='lat' dir='ltr'><strong>veritatem</strong></span> <span class='ocrx_word' id='word_1_272' title='bbox 1968 1826 2250 1896; x_wconf 90' lang='lat' dir='ltr'><strong>proloquio</strong></span> <span class='ocrx_word' id='word_1_273' title='bbox 2280 1827 2339 1892; x_wconf 80' lang='lat' dir='ltr'><strong>B‘</strong></span> <span class='ocrx_word' id='word_1_274' title='bbox 2353 1831 2411 1880; x_wconf 92' lang='lat' dir='ltr'><strong>et</strong></span> <span class='ocrx_word' id='word_1_275' title='bbox 2437 1838 2641 1894; x_wconf 89' lang='lat' dir='ltr'><strong>organo</strong></span> <span class='ocrx_word' id='word_1_276' title='bbox 2667 1824 2924 1895; x_wconf 88' lang='lat' dir='ltr'><strong>pectoris,</strong></span> <span class='ocrx_word' id='word_1_277' title='bbox 2957 1832 3014 1880; x_wconf 89' lang='lat' dir='ltr'><strong>et</strong></span> <span class='ocrx_word' id='word_1_278' title='bbox 3042 1825 3173 1880; x_wconf 90' lang='lat' dir='ltr'><strong>tibia</strong></span> <span class='ocrx_word' id='word_1_279' title='bbox 3203 1825 3454 1894; x_wconf 74' lang='lat' dir='ltr'><strong>gutturis,</strong></span> <span class='ocrx_word' id='word_1_280' title='bbox 3488 1833 3546 1881; x_wconf 91' lang='lat' dir='ltr'><strong>et</strong></span> <span class='ocrx_word' id='word_1_281' title='bbox 3573 1826 3686 1882; x_wconf 92' lang='lat' dir='ltr'><strong>oris</strong></span> <span class='ocrx_word' id='word_1_282' title='bbox 3712 1842 3843 1894; x_wconf 88' lang='lat' dir='ltr'><strong>cavo,</strong></span> <span class='ocrx_word' id='word_1_283' title='bbox 3867 1835 3918 1883; x_wconf 80' lang='lat' dir='ltr'><strong>et</strong></span> 
     </span>
    </p>
   </div>
   <div class='ocr_carea' id='block_1_34' title="bbox 662 1917 2253 1989">
    <p class='ocr_par' dir='ltr' id='par_1_34' title="bbox 662 1917 2253 1989">
     <span class='ocr_line' id='line_1_34' title="bbox 662 1917 2253 1989; baseline -0.001 -14"><span class='ocrx_word' id='word_1_284' title='bbox 662 1919 946 1976; x_wconf 88' lang='lat' dir='ltr'><strong>docebere.</strong></span> <span class='ocrx_word' id='word_1_285' title='bbox 991 1918 1195 1989; x_wconf 88' lang='lat' dir='ltr'><strong>Nempe</strong></span> <span class='ocrx_word' id='word_1_286' title='bbox 1239 1917 1454 1975; x_wconf 79' lang='lat' dir='ltr'><strong>dixisti:</strong></span> <span class='ocrx_word' id='word_1_287' title='bbox 1483 1918 1542 1975; x_wconf 89' lang='lat' dir='ltr'><strong>Si</strong></span> <span class='ocrx_word' id='word_1_288' title='bbox 1575 1935 1642 1976; x_wconf 91' lang='lat' dir='ltr'><strong>ex</strong></span> <span class='ocrx_word' id='word_1_289' title='bbox 1684 1919 1791 1976; x_wconf 88' lang='lat' dir='ltr'><strong>hoc</strong></span> <span class='ocrx_word' id='word_1_290' title='bbox 1833 1926 2090 1976; x_wconf 89' lang='lat' dir='ltr'><strong>concreto</strong></span> <span class='ocrx_word' id='word_1_291' title='bbox 2126 1934 2253 1974; x_wconf 89' lang='lat' dir='ltr'><strong>aere</strong></span> 
     </span>
    </p>
   </div>
   <div class='ocr_carea' id='block_1_35' title="bbox 662 2012 2254 2086">
    <p class='ocr_par' dir='ltr' id='par_1_35' title="bbox 662 2012 2254 2086">
     <span class='ocr_line' id='line_1_35' title="bbox 662 2012 2254 2086; baseline 0.001 -19"><span class='ocrx_word' id='word_1_292' title='bbox 662 2012 912 2086; x_wconf 86' lang='lat' dir='ltr'><strong>diabolus</strong></span> <span class='ocrx_word' id='word_1_293' title='bbox 945 2029 1142 2084; x_wconf 89' lang='lat' dir='ltr'><strong>corpus</strong></span> <span class='ocrx_word' id='word_1_294' title='bbox 1165 2014 1346 2078; x_wconf 83' lang='lat' dir='ltr'><strong>traxit,</strong></span> <span class='ocrx_word' id='word_1_295' title='bbox 1384 2027 1513 2083; x_wconf 90' lang='lat' dir='ltr'><strong>ergo</strong></span> <span class='ocrx_word' id='word_1_296' title='bbox 1552 2014 1786 2070; x_wconf 90' lang='lat' dir='ltr'><strong>alienum</strong></span> <span class='ocrx_word' id='word_1_297' title='bbox 1818 2030 2016 2086; x_wconf 91' lang='lat' dir='ltr'><strong>corpus</strong></span> <span class='ocrx_word' id='word_1_298' title='bbox 2043 2013 2113 2068; x_wconf 90' lang='lat' dir='ltr'><strong>ad</strong></span> <span class='ocrx_word' id='word_1_299' title='bbox 2141 2021 2254 2069; x_wconf 56' lang='lat' dir='ltr'><strong>toro</strong></span> 
     </span>
    </p>
   </div>
   <div class='ocr_carea' id='block_1_36' title="bbox 662 2105 2253 2183">
    <p class='ocr_par' dir='ltr' id='par_1_36' title="bbox 662 2105 2253 2183">
     <span class='ocr_line' id='line_1_36' title="bbox 662 2105 2253 2183; baseline 0.002 -24"><span class='ocrx_word' id='word_1_300' title='bbox 662 2112 846 2160; x_wconf 90' lang='lat' dir='ltr'><strong>menta</strong></span> <span class='ocrx_word' id='word_1_301' title='bbox 878 2105 1118 2174; x_wconf 88' lang='lat' dir='ltr'><strong>portavit</strong></span> <span class='ocrx_word' id='word_1_302' title='bbox 1157 2122 1170 2158; x_wconf 91' lang='lat'><strong>:</strong></span> <span class='ocrx_word' id='word_1_303' title='bbox 1203 2114 1456 2175; x_wconf 90' lang='lat' dir='ltr'><strong>tanquam</strong></span> <span class='ocrx_word' id='word_1_304' title='bbox 1483 2114 1699 2176; x_wconf 83' lang='lat' dir='ltr'><strong>egomet</strong></span> <span class='ocrx_word' id='word_1_305' title='bbox 1727 2105 1873 2183; x_wconf 84' lang='lat' dir='ltr'><strong>istud</strong></span> <span class='ocrx_word' id='word_1_306' title='bbox 1903 2121 2137 2176; x_wconf 90' lang='lat' dir='ltr'><strong>unquam</strong></span> <span class='ocrx_word' id='word_1_307' title='bbox 2160 2123 2253 2162; x_wconf 91' lang='lat' dir='ltr'><strong>us-</strong></span> 
     </span>
    </p>
   </div>
   <div class='ocr_carea' id='block_1_37' title="bbox 661 2198 2255 2271">
    <p class='ocr_par' dir='ltr' id='par_1_37' title="bbox 661 2198 2255 2271">
     <span class='ocr_line' id='line_1_37' title="bbox 661 2198 2255 2271; baseline 0.001 -17"><span class='ocrx_word' id='word_1_308' title='bbox 661 2199 876 2271; x_wconf 91' lang='lat' dir='ltr'><strong>piamve</strong></span> <span class='ocrx_word' id='word_1_309' title='bbox 892 2198 1140 2255; x_wconf 79' lang='lat' dir='ltr'><strong>dixerim.</strong></span> <span class='ocrx_word' id='word_1_310' title='bbox 1157 2199 1263 2254; x_wconf 91' lang='lat' dir='ltr'><strong>Sed</strong></span> <span class='ocrx_word' id='word_1_311' title='bbox 1283 2215 1392 2255; x_wconf 91' lang='lat' dir='ltr'><strong>non</strong></span> <span class='ocrx_word' id='word_1_312' title='bbox 1408 2199 1613 2256; x_wconf 80' lang='lat' dir='ltr'><strong>inﬁcias</strong></span> <span class='ocrx_word' id='word_1_313' title='bbox 1627 2215 1695 2256; x_wconf 94' lang='lat' dir='ltr'><strong>eo</strong></span> <span class='ocrx_word' id='word_1_314' title='bbox 1712 2199 1973 2264; x_wconf 91' lang='lat' dir='ltr'><strong>debitum,</strong></span> <span class='ocrx_word' id='word_1_315' title='bbox 1991 2200 2136 2271; x_wconf 92' lang='lat' dir='ltr'><strong>quod</strong></span> <span class='ocrx_word' id='word_1_316' title='bbox 2150 2201 2255 2256; x_wconf 90' lang='lat' dir='ltr'><strong>hoc</strong></span> 
     </span>
    </p>
   </div>
   <div class='ocr_carea' id='block_1_38' title="bbox 661 2291 2251 2362">
    <p class='ocr_par' dir='ltr' id='par_1_38' title="bbox 661 2291 2251 2362">
     <span class='ocr_line' id='line_1_38' title="bbox 661 2291 2251 2362; baseline 0.001 -17"><span class='ocrx_word' id='word_1_317' title='bbox 661 2297 983 2361; x_wconf 89' lang='lat' dir='ltr'><strong>argumento</strong></span> <span class='ocrx_word' id='word_1_318' title='bbox 1043 2291 1325 2348; x_wconf 83' lang='lat' dir='ltr'><strong>victoriam</strong></span> <span class='ocrx_word' id='word_1_319' title='bbox 1385 2291 1541 2347; x_wconf 90' lang='lat' dir='ltr'><strong>nobis</strong></span> <span class='ocrx_word' id='word_1_320' title='bbox 1598 2307 1707 2348; x_wconf 90' lang='lat' dir='ltr'><strong>non</strong></span> <span class='ocrx_word' id='word_1_321' title='bbox 1755 2298 1951 2362; x_wconf 86' lang='lat' dir='ltr'><strong>sponte</strong></span> <span class='ocrx_word' id='word_1_322' title='bbox 1999 2291 2251 2347; x_wconf 87' lang='lat' dir='ltr'><strong>tribuisti.</strong></span> 
     </span>
    </p>
   </div>
   <div class='ocr_carea' id='block_1_39' title="bbox 661 2381 2256 2455">
    <p class='ocr_par' dir='ltr' id='par_1_39' title="bbox 661 2381 2256 2455">
     <span class='ocr_line' id='line_1_39' title="bbox 661 2381 2256 2455; baseline 0 -15"><span class='ocrx_word' id='word_1_323' title='bbox 661 2381 868 2455; x_wconf 84' lang='lat' dir='ltr'><strong>Nempe</strong></span> <span class='ocrx_word' id='word_1_324' title='bbox 884 2397 1007 2438; x_wconf 89' lang='lat' dir='ltr'><strong>cum</strong></span> <span class='ocrx_word' id='word_1_325' title='bbox 1033 2382 1187 2449; x_wconf 92' lang='lat' dir='ltr'><strong>dicis,</strong></span> <span class='ocrx_word' id='word_1_326' title='bbox 1217 2383 1359 2454; x_wconf 87' lang='lat' dir='ltr'><strong>quod</strong></span> <span class='ocrx_word' id='word_1_327' title='bbox 1390 2383 1635 2439; x_wconf 88' lang='lat' dir='ltr'><strong>diabolus</strong></span> <span class='ocrx_word' id='word_1_328' title='bbox 1661 2399 1771 2440; x_wconf 90' lang='lat' dir='ltr'><strong>non</strong></span> <span class='ocrx_word' id='word_1_329' title='bbox 1796 2383 2031 2439; x_wconf 91' lang='lat' dir='ltr'><strong>alienum</strong></span> <span class='ocrx_word' id='word_1_330' title='bbox 2059 2399 2256 2455; x_wconf 90' lang='lat' dir='ltr'><strong>corpus</strong></span> 
     </span>
    </p>
   </div>
   <div class='ocr_carea' id='block_1_40' title="bbox 665 2473 2258 2546">
    <p class='ocr_par' dir='ltr' id='par_1_40' title="bbox 665 2473 2258 2546">
     <span class='ocr_line' id='line_1_40' title="bbox 665 2473 2258 2546; baseline -0.001 -16"><span class='ocrx_word' id='word_1_331' title='bbox 665 2473 736 2530; x_wconf 89' lang='lat' dir='ltr'><strong>ad</strong></span> <span class='ocrx_word' id='word_1_332' title='bbox 759 2482 1026 2531; x_wconf 88' lang='lat' dir='ltr'><strong>tormenta</strong></span> <span class='ocrx_word' id='word_1_333' title='bbox 1055 2475 1318 2545; x_wconf 87' lang='lat' dir='ltr'><strong>portavit;</strong></span> <span class='ocrx_word' id='word_1_334' title='bbox 1349 2474 1533 2530; x_wconf 90' lang='lat' dir='ltr'><strong>fateris</strong></span> <span class='ocrx_word' id='word_1_335' title='bbox 1578 2475 1802 2542; x_wconf 88' lang='lat' dir='ltr'><strong>scilicet,</strong></span> <span class='ocrx_word' id='word_1_336' title='bbox 1835 2475 1980 2546; x_wconf 88' lang='lat' dir='ltr'><strong>quod</strong></span> <span class='ocrx_word' id='word_1_337' title='bbox 2020 2475 2258 2546; x_wconf 90' lang='lat' dir='ltr'><strong>portavit</strong></span> 
     </span>
    </p>
   </div>
   <div class='ocr_carea' id='block_1_41' title="bbox 668 2567 2261 2635">
    <p class='ocr_par' dir='ltr' id='par_1_41' title="bbox 668 2567 2261 2635">
     <span class='ocr_line' id='line_1_41' title="bbox 668 2567 2261 2635; baseline 0.001 -12"><span class='ocrx_word' id='word_1_338' title='bbox 668 2583 848 2623; x_wconf 89' lang='lat' dir='ltr'><strong>suum.</strong></span> <span class='ocrx_word' id='word_1_339' title='bbox 881 2567 998 2624; x_wconf 77' lang='lat' dir='ltr'><strong>Mea</strong></span> <span class='ocrx_word' id='word_1_340' title='bbox 1027 2583 1158 2624; x_wconf 89' lang='lat' dir='ltr'><strong>vero</strong></span> <span class='ocrx_word' id='word_1_341' title='bbox 1183 2584 1293 2623; x_wconf 91' lang='lat' dir='ltr'><strong>non</strong></span> <span class='ocrx_word' id='word_1_342' title='bbox 1321 2567 1514 2635; x_wconf 83' lang='lat' dir='ltr'><strong>refert,</strong></span> <span class='ocrx_word' id='word_1_343' title='bbox 1550 2584 1778 2625; x_wconf 90' lang='lat' dir='ltr'><strong>suumne</strong></span> <span class='ocrx_word' id='word_1_344' title='bbox 1806 2569 2109 2625; x_wconf 88' lang='lat' dir='ltr'><strong>alienumve</strong></span> <span class='ocrx_word' id='word_1_345' title='bbox 2137 2585 2261 2625; x_wconf 90' lang='lat' dir='ltr'><strong>cor-</strong></span> 
     </span>
    </p>
   </div>
   <div class='ocr_carea' id='block_1_42' title="bbox 665 2659 2258 2732">
    <p class='ocr_par' dir='ltr' id='par_1_42' title="bbox 665 2659 2258 2732">
     <span class='ocr_line' id='line_1_42' title="bbox 665 2659 2258 2732; baseline 0.003 -18"><span class='ocrx_word' id='word_1_346' title='bbox 665 2675 767 2730; x_wconf 86' lang='lat' dir='ltr'><strong>pus</strong></span> <span class='ocrx_word' id='word_1_347' title='bbox 785 2659 985 2716; x_wconf 88' lang='lat' dir='ltr'><strong>habeat</strong></span> <span class='ocrx_word' id='word_1_348' title='bbox 1010 2678 1022 2713; x_wconf 91' lang='lat'><strong>:</strong></span> <span class='ocrx_word' id='word_1_349' title='bbox 1053 2660 1149 2717; x_wconf 88' lang='lat' dir='ltr'><strong>sed</strong></span> <span class='ocrx_word' id='word_1_350' title='bbox 1197 2660 1465 2716; x_wconf 89' lang='lat' dir='ltr'><strong>babeatne</strong></span> <span class='ocrx_word' id='word_1_351' title='bbox 1491 2676 1710 2732; x_wconf 91' lang='lat' dir='ltr'><strong>corpus,</strong></span> <span class='ocrx_word' id='word_1_352' title='bbox 1742 2661 1798 2716; x_wconf 91' lang='lat' dir='ltr'><strong>id</strong></span> <span class='ocrx_word' id='word_1_353' title='bbox 1823 2661 1989 2718; x_wconf 82' lang='lat' dir='ltr'><strong>refert</strong></span> <span class='ocrx_word' id='word_1_354' title='bbox 2015 2677 2154 2718; x_wconf 87' lang='lat' dir='ltr'><strong>mea.</strong></span> <span class='ocrx_word' id='word_1_355' title='bbox 2178 2662 2258 2718; x_wconf 90' lang='lat' dir='ltr'><strong>Tu</strong></span> 
     </span>
    </p>
   </div>
   <div class='ocr_carea' id='block_1_43' title="bbox 664 2752 2259 2824">
    <p class='ocr_par' dir='ltr' id='par_1_43' title="bbox 664 2752 2259 2824">
     <span class='ocr_line' id='line_1_43' title="bbox 664 2752 2259 2824; baseline 0.002 -18"><span class='ocrx_word' id='word_1_356' title='bbox 664 2765 796 2808; x_wconf 87' lang='lat' dir='ltr'><strong>vero</strong></span> <span class='ocrx_word' id='word_1_357' title='bbox 833 2752 1107 2808; x_wconf 89' lang='lat' dir='ltr'><strong>diabolum</strong></span> <span class='ocrx_word' id='word_1_358' title='bbox 1159 2767 1267 2808; x_wconf 93' lang='lat' dir='ltr'><strong>non</strong></span> <span class='ocrx_word' id='word_1_359' title='bbox 1298 2759 1509 2807; x_wconf 88' lang='lat' dir='ltr'><strong>tantum</strong></span> <span class='ocrx_word' id='word_1_360' title='bbox 1535 2752 1738 2809; x_wconf 85' lang='lat' dir='ltr'><strong>habere</strong></span> <span class='ocrx_word' id='word_1_361' title='bbox 1762 2769 1979 2824; x_wconf 91' lang='lat' dir='ltr'><strong>corpus,</strong></span> <span class='ocrx_word' id='word_1_362' title='bbox 2011 2753 2104 2808; x_wconf 90' lang='lat' dir='ltr'><strong>sed</strong></span> <span class='ocrx_word' id='word_1_363' title='bbox 2129 2769 2259 2824; x_wconf 90' lang='lat' dir='ltr'><strong>pro-</strong></span> 
     </span>
    </p>
   </div>
   <div class='ocr_carea' id='block_1_44' title="bbox 663 2833 2265 2917">
    <p class='ocr_par' dir='ltr' id='par_1_44' title="bbox 663 2833 2265 2917">
     <span class='ocr_line' id='line_1_44' title="bbox 663 2833 2265 2917; baseline 0.001 -17"><span class='ocrx_word' id='word_1_364' title='bbox 663 2844 839 2916; x_wconf 89' lang='lat' dir='ltr'><strong>prium</strong></span> <span class='ocrx_word' id='word_1_365' title='bbox 862 2845 1082 2912; x_wconf 88' lang='lat' dir='ltr'><strong>habere,</strong></span> <span class='ocrx_word' id='word_1_366' title='bbox 1109 2833 1215 2901; x_wconf 74' lang='lat' dir='ltr'><strong>nec</strong></span> <span class='ocrx_word' id='word_1_367' title='bbox 1238 2845 1425 2901; x_wconf 82' lang='lat' dir='ltr'><strong>fateris</strong></span> <span class='ocrx_word' id='word_1_368' title='bbox 1451 2846 1646 2912; x_wconf 88' lang='lat' dir='ltr'><strong>solum,</strong></span> <span class='ocrx_word' id='word_1_369' title='bbox 1677 2845 1774 2902; x_wconf 89' lang='lat' dir='ltr'><strong>sed</strong></span> <span class='ocrx_word' id='word_1_370' title='bbox 1795 2847 1957 2902; x_wconf 87' lang='lat' dir='ltr'><strong>etiam</strong></span> <span class='ocrx_word' id='word_1_371' title='bbox 1986 2862 2265 2917; x_wconf 83' lang='lat' dir='ltr'><strong>argumen-</strong></span> 
     </span>
    </p>
   </div>
   <div class='ocr_carea' id='block_1_45' title="bbox 664 2930 2260 3020">
    <p class='ocr_par' dir='ltr' id='par_1_45' title="bbox 664 2930 2260 3020">
     <span class='ocr_line' id='line_1_45' title="bbox 664 2930 2260 3020; baseline 0.001 -30"><span class='ocrx_word' id='word_1_372' title='bbox 664 2936 815 2991; x_wconf 91' lang='lat' dir='ltr'><strong>taris.</strong></span> <span class='ocrx_word' id='word_1_373' title='bbox 847 2934 973 2992; x_wconf 57' lang='lat' dir='ltr'><strong>Haec</strong></span> <span class='ocrx_word' id='word_1_374' title='bbox 997 2936 1197 3007; x_wconf 92' lang='lat' dir='ltr'><strong>quippe</strong></span> <span class='ocrx_word' id='word_1_375' title='bbox 1228 2936 1495 2992; x_wconf 91' lang='lat' dir='ltr'><strong>sententia</strong></span> <span class='ocrx_word' id='word_1_376' title='bbox 1523 2944 1617 2992; x_wconf 92' lang='lat' dir='ltr'><strong>tua</strong></span> <span class='ocrx_word' id='word_1_377' title='bbox 1643 2943 1728 2992; x_wconf 91' lang='lat' dir='ltr'><strong>est</strong></span> <span class='ocrx_word' id='word_1_378' title='bbox 1752 2954 1764 2990; x_wconf 92' lang='lat'>:</span> <span class='ocrx_word' id='word_1_379' title='bbox 1797 2930 1854 2993; x_wconf 84' lang='lat' dir='ltr'><strong>Si</strong></span> <span class='ocrx_word' id='word_1_380' title='bbox 1875 3016 1882 3020; x_wconf 15' lang='grc' dir='ltr'><strong><em>θ</em></strong></span> <span class='ocrx_word' id='word_1_381' title='bbox 1895 2953 1962 2993; x_wconf 85' lang='lat' dir='ltr'><strong>ex</strong></span> <span class='ocrx_word' id='word_1_382' title='bbox 1993 2937 2098 2994; x_wconf 93' lang='lat' dir='ltr'><strong>hoc</strong></span> <span class='ocrx_word' id='word_1_383' title='bbox 2128 2954 2260 2994; x_wconf 87' lang='lat' dir='ltr'><strong>con-</strong></span> 
     </span>
    </p>
   </div>
   <div class='ocr_carea' id='block_1_46' title="bbox 666 3029 2259 3101">
    <p class='ocr_par' dir='ltr' id='par_1_46' title="bbox 666 3029 2259 3101">
     <span class='ocr_line' id='line_1_46' title="bbox 666 3029 2259 3101; baseline 0.003 -18"><span class='ocrx_word' id='word_1_384' title='bbox 666 3035 817 3083; x_wconf 91' lang='lat' dir='ltr'><strong>creto</strong></span> <span class='ocrx_word' id='word_1_385' title='bbox 837 3043 962 3084; x_wconf 90' lang='lat' dir='ltr'><strong>aere</strong></span> <span class='ocrx_word' id='word_1_386' title='bbox 982 3029 1230 3085; x_wconf 89' lang='lat' dir='ltr'><strong>diabolus</strong></span> <span class='ocrx_word' id='word_1_387' title='bbox 1253 3044 1458 3100; x_wconf 90' lang='lat' dir='ltr'><strong>corpus</strong></span> <span class='ocrx_word' id='word_1_388' title='bbox 1484 3030 1670 3096; x_wconf 86' lang='lat' dir='ltr'><strong>traxit,</strong></span> <span class='ocrx_word' id='word_1_389' title='bbox 1702 3045 1833 3101; x_wconf 87' lang='lat' dir='ltr'><strong>ergo</strong></span> <span class='ocrx_word' id='word_1_390' title='bbox 1872 3032 2106 3086; x_wconf 89' lang='lat' dir='ltr'><strong>alienum</strong></span> <span class='ocrx_word' id='word_1_391' title='bbox 2133 3049 2259 3088; x_wconf 92' lang='lat' dir='ltr'><strong>cor-</strong></span> 
     </span>
    </p>
   </div>
   <div class='ocr_carea' id='block_1_47' title="bbox 670 3118 2260 3194">
    <p class='ocr_par' dir='ltr' id='par_1_47' title="bbox 670 3118 2260 3194">
     <span class='ocr_line' id='line_1_47' title="bbox 670 3118 2260 3194; baseline 0.003 -20"><span class='ocrx_word' id='word_1_392' title='bbox 670 3134 774 3188; x_wconf 90' lang='lat' dir='ltr'><strong>pus</strong></span> <span class='ocrx_word' id='word_1_393' title='bbox 815 3118 883 3174; x_wconf 90' lang='lat' dir='ltr'><strong>ad</strong></span> <span class='ocrx_word' id='word_1_394' title='bbox 910 3126 1181 3175; x_wconf 90' lang='lat' dir='ltr'><strong>tormenta</strong></span> <span class='ocrx_word' id='word_1_395' title='bbox 1214 3121 1472 3191; x_wconf 87' lang='lat' dir='ltr'><strong>portavit.</strong></span> <span class='ocrx_word' id='word_1_396' title='bbox 1510 3120 1671 3177; x_wconf 87' lang='lat' dir='ltr'><strong>Certe</strong></span> <span class='ocrx_word' id='word_1_397' title='bbox 1707 3123 1798 3192; x_wconf 90' lang='lat' dir='ltr'><strong>qui</strong></span> <span class='ocrx_word' id='word_1_398' title='bbox 1835 3130 2017 3194; x_wconf 88' lang='lat' dir='ltr'><strong>portat</strong></span> <span class='ocrx_word' id='word_1_399' title='bbox 2053 3132 2135 3179; x_wconf 92' lang='lat' dir='ltr'><strong>est</strong></span> <span class='ocrx_word' id='word_1_400' title='bbox 2163 3124 2260 3178; x_wconf 76' lang='lat' dir='ltr'><strong>ali-‘-</strong></span> 
     </span>
    </p>
   </div>
   <div class='ocr_carea' id='block_1_48' title="bbox 2357 1918 3902 1991">
    <p class='ocr_par' dir='ltr' id='par_1_48' title="bbox 2357 1918 3902 1991">
     <span class='ocr_line' id='line_1_48' title="bbox 2357 1918 3902 1991; baseline 0.001 -16"><span class='ocrx_word' id='word_1_401' title='bbox 2357 1920 2551 1988; x_wconf 72' lang='lat' dir='ltr'><strong>linguze</strong></span> <span class='ocrx_word' id='word_1_402' title='bbox 2605 1919 2810 1989; x_wconf 87' lang='lat' dir='ltr'><strong>plectro</strong></span> <span class='ocrx_word' id='word_1_403' title='bbox 2846 1935 2945 1991; x_wconf 91' lang='lat' dir='ltr'><strong>per</strong></span> <span class='ocrx_word' id='word_1_404' title='bbox 2971 1918 3265 1990; x_wconf 89' lang='lat' dir='ltr'><strong>quamlibet</strong></span> <span class='ocrx_word' id='word_1_405' title='bbox 3306 1918 3670 1989; x_wconf 87' lang='lat' dir='ltr'><strong>corporalem,</strong></span> <span class='ocrx_word' id='word_1_406' title='bbox 3703 1928 3756 1975; x_wconf 94' lang='lat' dir='ltr'><strong>ut</strong></span> <span class='ocrx_word' id='word_1_407' title='bbox 3779 1929 3902 1976; x_wconf 87' lang='lat' dir='ltr'><strong>autn-</strong></span> 
     </span>
    </p>
   </div>
   <div class='ocr_carea' id='block_1_49' title="bbox 2355 2010 3906 2080">
    <p class='ocr_par' dir='ltr' id='par_1_49' title="bbox 2355 2010 3906 2080">
     <span class='ocr_line' id='line_1_49' title="bbox 2355 2010 3906 2080; baseline -0.001 -11"><span class='ocrx_word' id='word_1_408' title='bbox 2355 2029 2494 2080; x_wconf 91' lang='lat' dir='ltr'><strong>mas,</strong></span> <span class='ocrx_word' id='word_1_409' title='bbox 2525 2013 2763 2068; x_wconf 89' lang='lat' dir='ltr'><strong>animam</strong></span> <span class='ocrx_word' id='word_1_410' title='bbox 2794 2013 2959 2068; x_wconf 89' lang='lat' dir='ltr'><strong>verba</strong></span> <span class='ocrx_word' id='word_1_411' title='bbox 2986 2011 3213 2068; x_wconf 88' lang='lat' dir='ltr'><strong>vocibus</strong></span> <span class='ocrx_word' id='word_1_412' title='bbox 3253 2010 3406 2067; x_wconf 88' lang='lat' dir='ltr'><strong>ellice</strong></span> <span class='ocrx_word' id='word_1_413' title='bbox 3440 2029 3453 2066; x_wconf 93' lang='lat'>:</span> <span class='ocrx_word' id='word_1_414' title='bbox 3485 2011 3580 2068; x_wconf 91' lang='lat' dir='ltr'><strong>hic</strong></span> <span class='ocrx_word' id='word_1_415' title='bbox 3614 2013 3790 2068; x_wconf 77' lang='lat' dir='ltr'><strong>anim</strong></span> <span class='ocrx_word' id='word_1_416' title='bbox 3817 2029 3906 2068; x_wconf 64' lang='grc' dir='ltr'><strong>ωε·</strong></span> 
     </span>
    </p>
   </div>
   <div class='ocr_carea' id='block_1_50' title="bbox 2355 2103 3904 2175">
    <p class='ocr_par' dir='ltr' id='par_1_50' title="bbox 2355 2103 3904 2175">
     <span class='ocr_line' id='line_1_50' title="bbox 2355 2103 3904 2175; baseline 0 -15"><span class='ocrx_word' id='word_1_417' title='bbox 2355 2121 2504 2173; x_wconf 92' lang='lat' dir='ltr'><strong>num,</strong></span> <span class='ocrx_word' id='word_1_418' title='bbox 2537 2104 2689 2174; x_wconf 89' lang='lat' dir='ltr'><strong>cujus</strong></span> <span class='ocrx_word' id='word_1_419' title='bbox 2733 2104 2885 2173; x_wconf 79' lang='lat' dir='ltr'><strong>digiti</strong></span> <span class='ocrx_word' id='word_1_420' title='bbox 2912 2103 3193 2158; x_wconf 89' lang='lat' dir='ltr'><strong>minimum</strong></span> <span class='ocrx_word' id='word_1_421' title='bbox 3221 2103 3452 2159; x_wconf 89' lang='lat' dir='ltr'><strong>ambusti</strong></span> <span class='ocrx_word' id='word_1_422' title='bbox 3496 2103 3676 2159; x_wconf 89' lang='lat' dir='ltr'><strong>divitis</strong></span> <span class='ocrx_word' id='word_1_423' title='bbox 3711 2105 3904 2175; x_wconf 87' lang='lat' dir='ltr'><strong>linguam</strong></span> 
     </span>
    </p>
   </div>
   <div class='ocr_carea' id='block_1_51' title="bbox 2355 2194 3906 2266">
    <p class='ocr_par' dir='ltr' id='par_1_51' title="bbox 2355 2194 3906 2266">
     <span class='ocr_line' id='line_1_51' title="bbox 2355 2194 3906 2266; baseline 0 -14"><span class='ocrx_word' id='word_1_424' title='bbox 2355 2196 2767 2266; x_wconf 86' lang='lat' dir='ltr'><strong>refrigeraturus</strong></span> <span class='ocrx_word' id='word_1_425' title='bbox 2797 2195 3030 2250; x_wconf 80' lang='lat' dir='ltr'><strong>Lazarus</strong></span> <span class='ocrx_word' id='word_1_426' title='bbox 3059 2210 3211 2266; x_wconf 74' lang='lat' dir='ltr'><strong>aqua:</strong></span> <span class='ocrx_word' id='word_1_427' title='bbox 3240 2194 3546 2264; x_wconf 74' lang='lat' dir='ltr'><strong>inmergat,</strong></span> <span class='ocrx_word' id='word_1_428' title='bbox 3577 2196 3784 2252; x_wconf 89' lang='lat' dir='ltr'><strong>ostende</strong></span> <span class='ocrx_word' id='word_1_429' title='bbox 3803 2214 3814 2250; x_wconf 91' lang='lat'><strong>:</strong></span> <span class='ocrx_word' id='word_1_430' title='bbox 3835 2196 3906 2252; x_wconf 79' lang='lat' dir='ltr'><strong>hic</strong></span> 
     </span>
    </p>
   </div>
   <div class='ocr_carea' id='block_1_52' title="bbox 2355 2286 3902 2358">
    <p class='ocr_par' dir='ltr' id='par_1_52' title="bbox 2355 2286 3902 2358">
     <span class='ocr_line' id='line_1_52' title="bbox 2355 2286 3902 2358; baseline 0.001 -15"><span class='ocrx_word' id='word_1_431' title='bbox 2355 2288 2423 2344; x_wconf 94' lang='lat' dir='ltr'><strong>de</strong></span> <span class='ocrx_word' id='word_1_432' title='bbox 2453 2289 2544 2344; x_wconf 90' lang='lat' dir='ltr'><strong>illo</strong></span> <span class='ocrx_word' id='word_1_433' title='bbox 2573 2295 2777 2344; x_wconf 89' lang='lat' dir='ltr'><strong>memet</strong></span> <span class='ocrx_word' id='word_1_434' title='bbox 2805 2288 2958 2358; x_wconf 90' lang='lat' dir='ltr'><strong>quasi</strong></span> <span class='ocrx_word' id='word_1_435' title='bbox 2986 2302 3252 2358; x_wconf 90' lang='lat' dir='ltr'><strong>corporeo</strong></span> <span class='ocrx_word' id='word_1_436' title='bbox 3283 2286 3520 2342; x_wconf 80' lang='lat' dir='ltr'><strong>Abrahae</strong></span> <span class='ocrx_word' id='word_1_437' title='bbox 3559 2289 3758 2357; x_wconf 88' lang='lat' dir='ltr'><strong>gremio,</strong></span> <span class='ocrx_word' id='word_1_438' title='bbox 3802 2304 3902 2344; x_wconf 81' lang='lat' dir='ltr'><strong>cor-</strong></span> 
     </span>
    </p>
   </div>
   <div class='ocr_carea' id='block_1_53' title="bbox 2355 2379 3896 2455">
    <p class='ocr_par' dir='ltr' id='par_1_53' title="bbox 2355 2379 3896 2455">
     <span class='ocr_line' id='line_1_53' title="bbox 2355 2379 3896 2455; baseline -0.003 -17"><span class='ocrx_word' id='word_1_439' title='bbox 2355 2382 2545 2455; x_wconf 89' lang='lat' dir='ltr'><strong>porale</strong></span> <span class='ocrx_word' id='word_1_440' title='bbox 2573 2380 2773 2452; x_wconf 84' lang='lat' dir='ltr'><strong>aliquid</strong></span> <span class='ocrx_word' id='word_1_441' title='bbox 2799 2380 2975 2447; x_wconf 88' lang='lat' dir='ltr'><strong>doce;</strong></span> <span class='ocrx_word' id='word_1_442' title='bbox 3009 2387 3071 2435; x_wconf 94' lang='lat' dir='ltr'><strong>ut</strong></span> <span class='ocrx_word' id='word_1_443' title='bbox 3097 2387 3154 2436; x_wconf 90' lang='lat' dir='ltr'><strong>et</strong></span> <span class='ocrx_word' id='word_1_444' title='bbox 3182 2395 3282 2452; x_wconf 91' lang='lat' dir='ltr'><strong>pro</strong></span> <span class='ocrx_word' id='word_1_445' title='bbox 3309 2380 3479 2436; x_wconf 90' lang='lat' dir='ltr'><strong>modo</strong></span> <span class='ocrx_word' id='word_1_446' title='bbox 3504 2379 3705 2436; x_wconf 90' lang='lat' dir='ltr'><strong>humani</strong></span> <span class='ocrx_word' id='word_1_447' title='bbox 3728 2396 3896 2451; x_wconf 81' lang='lat' dir='ltr'><strong>corpo-</strong></span> 
     </span>
    </p>
   </div>
   <div class='ocr_carea' id='block_1_54' title="bbox 2357 2472 3903 2544">
    <p class='ocr_par' dir='ltr' id='par_1_54' title="bbox 2357 2472 3903 2544">
     <span class='ocr_line' id='line_1_54' title="bbox 2357 2472 3903 2544; baseline 0 -14"><span class='ocrx_word' id='word_1_448' title='bbox 2357 2475 2432 2530; x_wconf 91' lang='lat' dir='ltr'><strong>ris</strong></span> <span class='ocrx_word' id='word_1_449' title='bbox 2459 2475 2531 2530; x_wconf 90' lang='lat' dir='ltr'><strong>sit</strong></span> <span class='ocrx_word' id='word_1_450' title='bbox 2559 2481 2867 2544; x_wconf 89' lang='lat' dir='ltr'><strong>angustum,</strong></span> <span class='ocrx_word' id='word_1_451' title='bbox 2901 2481 2957 2529; x_wconf 89' lang='lat' dir='ltr'><strong>et</strong></span> <span class='ocrx_word' id='word_1_452' title='bbox 2983 2488 3157 2544; x_wconf 81' lang='lat' dir='ltr'><strong>capax</strong></span> <span class='ocrx_word' id='word_1_453' title='bbox 3186 2473 3356 2544; x_wconf 90' lang='lat' dir='ltr'><strong>possit</strong></span> <span class='ocrx_word' id='word_1_454' title='bbox 3383 2487 3506 2531; x_wconf 90' lang='lat' dir='ltr'><strong>esse</strong></span> <span class='ocrx_word' id='word_1_455' title='bbox 3533 2472 3789 2528; x_wconf 86' lang='lat' dir='ltr'><strong>multorum</strong></span> <span class='ocrx_word' id='word_1_456' title='bbox 3816 2490 3829 2525; x_wconf 70' lang='grc' dir='ltr'>ε</span> <span class='ocrx_word' id='word_1_457' title='bbox 3855 2480 3903 2530; x_wconf 87' lang='lat' dir='ltr'><strong>et</strong></span> 
     </span>
    </p>
   </div>
   <div class='ocr_carea' id='block_1_55' title="bbox 2359 2564 3904 2636">
    <p class='ocr_par' dir='ltr' id='par_1_55' title="bbox 2359 2564 3904 2636">
     <span class='ocr_line' id='line_1_55' title="bbox 2359 2564 3904 2636; baseline -0.003 -12"><span class='ocrx_word' id='word_1_458' title='bbox 2359 2569 2528 2624; x_wconf 89' lang='lat' dir='ltr'><strong>chaos</strong></span> <span class='ocrx_word' id='word_1_459' title='bbox 2555 2568 2686 2623; x_wconf 91' lang='lat' dir='ltr'><strong>illud</strong></span> <span class='ocrx_word' id='word_1_460' title='bbox 2714 2568 2801 2623; x_wconf 92' lang='lat' dir='ltr'><strong>vel</strong></span> <span class='ocrx_word' id='word_1_461' title='bbox 2830 2575 2942 2622; x_wconf 90' lang='lat' dir='ltr'><strong>tam</strong></span> <span class='ocrx_word' id='word_1_462' title='bbox 2970 2567 3242 2635; x_wconf 87' lang='lat' dir='ltr'><strong>exiguum,</strong></span> <span class='ocrx_word' id='word_1_463' title='bbox 3277 2573 3338 2620; x_wconf 93' lang='lat' dir='ltr'><strong>ut</strong></span> <span class='ocrx_word' id='word_1_464' title='bbox 3365 2573 3557 2622; x_wconf 88' lang='lat' dir='ltr'><strong>mutua</strong></span> <span class='ocrx_word' id='word_1_465' title='bbox 3591 2581 3715 2636; x_wconf 85' lang='lat' dir='ltr'><strong>quos</strong></span> <span class='ocrx_word' id='word_1_466' title='bbox 3738 2564 3904 2620; x_wconf 86' lang='lat' dir='ltr'><strong>dirimit</strong></span> 
     </span>
    </p>
   </div>
   <div class='ocr_carea' id='block_1_56' title="bbox 2361 2659 3903 2730">
    <p class='ocr_par' dir='ltr' id='par_1_56' title="bbox 2361 2659 3903 2730">
     <span class='ocr_line' id='line_1_56' title="bbox 2361 2659 3903 2730; baseline -0.001 -15"><span class='ocrx_word' id='word_1_467' title='bbox 2361 2661 2526 2716; x_wconf 86' lang='lat' dir='ltr'><strong>verba</strong></span> <span class='ocrx_word' id='word_1_468' title='bbox 2557 2661 2785 2716; x_wconf 90' lang='lat' dir='ltr'><strong>miscere</strong></span> <span class='ocrx_word' id='word_1_469' title='bbox 2812 2666 3035 2730; x_wconf 89' lang='lat' dir='ltr'><strong>queant,</strong></span> <span class='ocrx_word' id='word_1_470' title='bbox 3066 2659 3151 2714; x_wconf 87' lang='lat' dir='ltr'><strong>vel</strong></span> <span class='ocrx_word' id='word_1_471' title='bbox 3182 2666 3292 2713; x_wconf 91' lang='lat' dir='ltr'><strong>tam</strong></span> <span class='ocrx_word' id='word_1_472' title='bbox 3334 2659 3657 2714; x_wconf 89' lang='lat' dir='ltr'><strong>immensum</strong></span> <span class='ocrx_word' id='word_1_473' title='bbox 3685 2666 3738 2714; x_wconf 92' lang='lat' dir='ltr'><strong>ut</strong></span> <span class='ocrx_word' id='word_1_474' title='bbox 3761 2666 3903 2713; x_wconf 80' lang='lat' dir='ltr'><strong>trans-</strong></span> 
     </span>
    </p>
   </div>
   <div class='ocr_carea' id='block_1_57' title="bbox 2360 2751 3900 2823">
    <p class='ocr_par' dir='ltr' id='par_1_57' title="bbox 2360 2751 3900 2823">
     <span class='ocr_line' id='line_1_57' title="bbox 2360 2751 3900 2823; baseline -0.001 -16"><span class='ocrx_word' id='word_1_475' title='bbox 2360 2753 2530 2809; x_wconf 89' lang='lat' dir='ltr'><strong>meari</strong></span> <span class='ocrx_word' id='word_1_476' title='bbox 2578 2759 2833 2822; x_wconf 89' lang='lat' dir='ltr'><strong>nequeat.</strong></span> <span class='ocrx_word' id='word_1_477' title='bbox 2879 2751 3013 2806; x_wconf 92' lang='lat' dir='ltr'><strong>Illud</strong></span> <span class='ocrx_word' id='word_1_478' title='bbox 3042 2757 3223 2806; x_wconf 91' lang='lat' dir='ltr'><strong>autem</strong></span> <span class='ocrx_word' id='word_1_479' title='bbox 3252 2751 3338 2806; x_wconf 88' lang='lat' dir='ltr'><strong>vel</strong></span> <span class='ocrx_word' id='word_1_480' title='bbox 3388 2753 3679 2807; x_wconf 84' lang='lat' dir='ltr'><strong>maximum</strong></span> <span class='ocrx_word' id='word_1_481' title='bbox 3715 2765 3900 2823; x_wconf 72' lang='lat' dir='ltr'><strong>quaero:</strong></span> 
     </span>
    </p>
   </div>
   <div class='ocr_carea' id='block_1_58' title="bbox 2360 2844 3902 2917">
    <p class='ocr_par' dir='ltr' id='par_1_58' title="bbox 2360 2844 3902 2917">
     <span class='ocr_line' id='line_1_58' title="bbox 2360 2844 3902 2917; baseline -0.001 -14"><span class='ocrx_word' id='word_1_482' title='bbox 2360 2847 2510 2903; x_wconf 88' lang='lat' dir='ltr'><strong>dives</strong></span> <span class='ocrx_word' id='word_1_483' title='bbox 2548 2847 2639 2901; x_wconf 92' lang='lat' dir='ltr'><strong>ille</strong></span> <span class='ocrx_word' id='word_1_484' title='bbox 2687 2846 2778 2916; x_wconf 89' lang='lat' dir='ltr'><strong>qui</strong></span> <span class='ocrx_word' id='word_1_485' title='bbox 2807 2861 2975 2917; x_wconf 90' lang='lat' dir='ltr'><strong>penes</strong></span> <span class='ocrx_word' id='word_1_486' title='bbox 3022 2844 3223 2901; x_wconf 84' lang='lat' dir='ltr'><strong>inferos</strong></span> <span class='ocrx_word' id='word_1_487' title='bbox 3270 2845 3536 2915; x_wconf 68' lang='lat' dir='ltr'><strong>gehennae</strong></span> <span class='ocrx_word' id='word_1_488' title='bbox 3571 2845 3807 2903; x_wconf 89' lang='lat' dir='ltr'><strong>incendiis</strong></span> <span class='ocrx_word' id='word_1_489' title='bbox 3827 2861 3902 2901; x_wconf 64' lang='lat' dir='ltr'><strong>ais-</strong></span> 
     </span>
    </p>
   </div>
   <div class='ocr_carea' id='block_1_59' title="bbox 2361 2936 3900 3010">
    <p class='ocr_par' dir='ltr' id='par_1_59' title="bbox 2361 2936 3900 3010">
     <span class='ocr_line' id='line_1_59' title="bbox 2361 2936 3900 3010; baseline -0.003 -15"><span class='ocrx_word' id='word_1_490' title='bbox 2361 2947 2509 3008; x_wconf 91' lang='lat' dir='ltr'><strong>tuat,</strong></span> <span class='ocrx_word' id='word_1_491' title='bbox 2559 2940 2650 3010; x_wconf 91' lang='lat' dir='ltr'><strong>qui</strong></span> <span class='ocrx_word' id='word_1_492' title='bbox 2687 2937 2942 3008; x_wconf 84' lang='lat' dir='ltr'><strong>congredi</strong></span> <span class='ocrx_word' id='word_1_493' title='bbox 2990 2936 3263 2992; x_wconf 81' lang='lat' dir='ltr'><strong>Abraham</strong></span> <span class='ocrx_word' id='word_1_494' title='bbox 3300 2953 3558 2994; x_wconf 90' lang='lat' dir='ltr'><strong>sermone</strong></span> <span class='ocrx_word' id='word_1_495' title='bbox 3599 2937 3824 3008; x_wconf 86' lang='lat' dir='ltr'><strong>quiverit,</strong></span> <span class='ocrx_word' id='word_1_496' title='bbox 3866 2937 3900 2991; x_wconf 86' lang='lat' dir='ltr'><strong>si</strong></span> 
     </span>
    </p>
   </div>
   <div class='ocr_carea' id='block_1_60' title="bbox 2361 3030 3899 3102">
    <p class='ocr_par' dir='ltr' id='par_1_60' title="bbox 2361 3030 3899 3102">
     <span class='ocr_line' id='line_1_60' title="bbox 2361 3030 3899 3102; baseline -0.002 -16"><span class='ocrx_word' id='word_1_497' title='bbox 2361 3031 2534 3088; x_wconf 87' lang='lat' dir='ltr'><strong>locale</strong></span> <span class='ocrx_word' id='word_1_498' title='bbox 2561 3030 2907 3086; x_wconf 87' lang='lat' dir='ltr'><strong>beatitudinis</strong></span> <span class='ocrx_word' id='word_1_499' title='bbox 2927 3045 3038 3085; x_wconf 90' lang='lat' dir='ltr'><strong>non</strong></span> <span class='ocrx_word' id='word_1_500' title='bbox 3065 3030 3328 3085; x_wconf 84' lang='lat' dir='ltr'><strong>accessit?</strong></span> <span class='ocrx_word' id='word_1_501' title='bbox 3350 3030 3481 3100; x_wconf 89' lang='lat' dir='ltr'><strong>quid</strong></span> <span class='ocrx_word' id='word_1_502' title='bbox 3504 3047 3664 3102; x_wconf 91' lang='lat' dir='ltr'><strong>porro</strong></span> <span class='ocrx_word' id='word_1_503' title='bbox 3680 3030 3899 3085; x_wconf 78' lang='lat' dir='ltr'><strong>Abraham</strong></span> 
     </span>
    </p>
   </div>
   <div class='ocr_carea' id='block_1_61' title="bbox 2361 3120 3905 3188">
    <p class='ocr_par' dir='ltr' id='par_1_61' title="bbox 2361 3120 3905 3188">
     <span class='ocr_line' id='line_1_61' title="bbox 2361 3120 3905 3188; baseline -0.005 -6"><span class='ocrx_word' id='word_1_504' title='bbox 2361 3141 2484 3182; x_wconf 91' lang='lat' dir='ltr'><strong>cum</strong></span> <span class='ocrx_word' id='word_1_505' title='bbox 2511 3123 2677 3179; x_wconf 90' lang='lat' dir='ltr'><strong>divite</strong></span> <span class='ocrx_word' id='word_1_506' title='bbox 2703 3124 3115 3188; x_wconf 87' lang='lat' dir='ltr'><strong>sermocinatur,</strong></span> <span class='ocrx_word' id='word_1_507' title='bbox 3158 3121 3204 3177; x_wconf 89' lang='lat' dir='ltr'><strong>si</strong></span> <span class='ocrx_word' id='word_1_508' title='bbox 3233 3120 3444 3178; x_wconf 89' lang='lat' dir='ltr'><strong>inferna</strong></span> <span class='ocrx_word' id='word_1_509' title='bbox 3472 3138 3582 3179; x_wconf 91' lang='lat' dir='ltr'><strong>non</strong></span> <span class='ocrx_word' id='word_1_510' title='bbox 3621 3123 3742 3178; x_wconf 91' lang='lat' dir='ltr'><strong>adiit</strong></span> <span class='ocrx_word' id='word_1_511' title='bbox 3765 3124 3786 3176; x_wconf 73' lang='lat' dir='ltr'><strong>l</strong></span> <span class='ocrx_word' id='word_1_512' title='bbox 3808 3120 3905 3175; x_wconf 56' lang='lat' dir='ltr'><strong>Ani</strong></span> 
     </span>
    </p>
   </div>
   <div class='ocr_carea' id='block_1_62' title="bbox 670 3201 3908 3284">
    <p class='ocr_par' dir='ltr' id='par_1_62' title="bbox 670 3201 3908 3284">
     <span class='ocr_line' id='line_1_62' title="bbox 670 3201 3908 3284; baseline 0.001 -20"><span class='ocrx_word' id='word_1_513' title='bbox 670 3209 821 3280; x_wconf 91' lang='lat' dir='ltr'><strong>quid,</strong></span> <span class='ocrx_word' id='word_1_514' title='bbox 853 3217 910 3266; x_wconf 90' lang='lat' dir='ltr'><strong>et</strong></span> <span class='ocrx_word' id='word_1_515' title='bbox 933 3211 1082 3280; x_wconf 89' lang='lat' dir='ltr'><strong>quod</strong></span> <span class='ocrx_word' id='word_1_516' title='bbox 1111 3218 1358 3282; x_wconf 87' lang='lat' dir='ltr'><strong>portatur</strong></span> <span class='ocrx_word' id='word_1_517' title='bbox 1405 3219 1490 3268; x_wconf 91' lang='lat' dir='ltr'><strong>est</strong></span> <span class='ocrx_word' id='word_1_518' title='bbox 1534 3213 1751 3283; x_wconf 89' lang='lat' dir='ltr'><strong>aliquid.</strong></span> <span class='ocrx_word' id='word_1_519' title='bbox 1779 3213 1848 3269; x_wconf 89' lang='lat' dir='ltr'><strong>Et</strong></span> <span class='ocrx_word' id='word_1_520' title='bbox 1895 3231 2018 3269; x_wconf 85' lang='lat' dir='ltr'><strong>cum</strong></span> <span class='ocrx_word' id='word_1_521' title='bbox 2045 3215 2258 3279; x_wconf 85' lang='lat' dir='ltr'><strong>dicitur,</strong></span> <span class='ocrx_word' id='word_1_522' title='bbox 2289 3201 2337 3268; x_wconf 88' lang='lat' dir='ltr'><strong><em>C</em></strong></span> <span class='ocrx_word' id='word_1_523' title='bbox 2367 3229 2482 3269; x_wconf 90' lang='lat' dir='ltr'><strong>mas</strong></span> <span class='ocrx_word' id='word_1_524' title='bbox 2509 3229 2706 3284; x_wconf 90' lang='lat' dir='ltr'><strong>nempe</strong></span> <span class='ocrx_word' id='word_1_525' title='bbox 2749 3221 3059 3269; x_wconf 89' lang='lat' dir='ltr'><strong>sanctorum</strong></span> <span class='ocrx_word' id='word_1_526' title='bbox 3107 3213 3164 3268; x_wconf 89' lang='lat' dir='ltr'><strong>in</strong></span> <span class='ocrx_word' id='word_1_527' title='bbox 3214 3213 3418 3268; x_wconf 91' lang='lat' dir='ltr'><strong>intimis</strong></span> <span class='ocrx_word' id='word_1_528' title='bbox 3457 3213 3687 3284; x_wconf 87' lang='lat' dir='ltr'><strong>paradisi</strong></span> <span class='ocrx_word' id='word_1_529' title='bbox 3729 3212 3908 3269; x_wconf 84' lang='lat' dir='ltr'><strong>sedibus</strong></span> 
     </span>
    </p>
   </div>
   <div class='ocr_carea' id='block_1_63' title="bbox 671 3302 3896 3377">
    <p class='ocr_par' dir='ltr' id='par_1_63' title="bbox 671 3302 3896 3377">
     <span class='ocr_line' id='line_1_63' title="bbox 671 3302 3896 3377; baseline 0 -20"><span class='ocrx_word' id='word_1_530' title='bbox 671 3309 855 3374; x_wconf 89' lang='lat' dir='ltr'><strong>portat</strong></span> <span class='ocrx_word' id='word_1_531' title='bbox 907 3318 1081 3370; x_wconf 92' lang='lat' dir='ltr'><strong>suum,</strong></span> <span class='ocrx_word' id='word_1_532' title='bbox 1130 3302 1278 3360; x_wconf 86' lang='lat' dir='ltr'><strong>aliud</strong></span> <span class='ocrx_word' id='word_1_533' title='bbox 1306 3305 1397 3376; x_wconf 90' lang='lat' dir='ltr'><strong>qui</strong></span> <span class='ocrx_word' id='word_1_534' title='bbox 1444 3312 1648 3376; x_wconf 87' lang='lat' dir='ltr'><strong>portat,</strong></span> <span class='ocrx_word' id='word_1_535' title='bbox 1681 3305 1890 3360; x_wconf 90' lang='lat' dir='ltr'><strong>etaliud</strong></span> <span class='ocrx_word' id='word_1_536' title='bbox 1936 3305 2263 3375; x_wconf 82' lang='lat' dir='ltr'><strong>signiﬁcatur</strong></span> <span class='ocrx_word' id='word_1_537' title='bbox 2365 3322 2475 3362; x_wconf 90' lang='lat' dir='ltr'><strong>non</strong></span> <span class='ocrx_word' id='word_1_538' title='bbox 2505 3321 2887 3377; x_wconf 89' lang='lat' dir='ltr'><strong>usquequaque</strong></span> <span class='ocrx_word' id='word_1_539' title='bbox 2916 3305 3255 3376; x_wconf 87' lang='lat' dir='ltr'><strong>improbabili</strong></span> <span class='ocrx_word' id='word_1_540' title='bbox 3284 3307 3553 3361; x_wconf 84' lang='lat' dir='ltr'><strong>sententia</strong></span> <span class='ocrx_word' id='word_1_541' title='bbox 3581 3306 3703 3362; x_wconf 92' lang='lat' dir='ltr'><strong>dicis</strong></span> <span class='ocrx_word' id='word_1_542' title='bbox 3729 3306 3896 3360; x_wconf 86' lang='lat' dir='ltr'><strong>habita-</strong></span> 
     </span>
    </p>
   </div>
   <div class='ocr_carea' id='block_1_64' title="bbox 667 3395 2261 3469">
    <p class='ocr_par' dir='ltr' id='par_1_64' title="bbox 667 3395 2261 3469">
     <span class='ocr_line' id='line_1_64' title="bbox 667 3395 2261 3469; baseline 0.002 -17"><span class='ocrx_word' id='word_1_543' title='bbox 667 3411 788 3452; x_wconf 87' lang='lat' dir='ltr'><strong>esse</strong></span> <span class='ocrx_word' id='word_1_544' title='bbox 806 3397 948 3467; x_wconf 90' lang='lat' dir='ltr'><strong>quod</strong></span> <span class='ocrx_word' id='word_1_545' title='bbox 968 3403 1168 3468; x_wconf 84' lang='lat' dir='ltr'><strong>portat.</strong></span> <span class='ocrx_word' id='word_1_546' title='bbox 1194 3395 1274 3452; x_wconf 90' lang='lat' dir='ltr'><strong>Ex</strong></span> <span class='ocrx_word' id='word_1_547' title='bbox 1288 3397 1486 3469; x_wconf 90' lang='lat' dir='ltr'><strong>duplici</strong></span> <span class='ocrx_word' id='word_1_548' title='bbox 1516 3398 1680 3468; x_wconf 88' lang='lat' dir='ltr'><strong>igitur</strong></span> <span class='ocrx_word' id='word_1_549' title='bbox 1701 3398 1950 3454; x_wconf 92' lang='lat' dir='ltr'><strong>diabolus</strong></span> <span class='ocrx_word' id='word_1_550' title='bbox 1972 3415 2036 3455; x_wconf 90' lang='lat' dir='ltr'><strong>ac</strong></span> <span class='ocrx_word' id='word_1_551' title='bbox 2053 3400 2261 3455; x_wconf 89' lang='lat' dir='ltr'><strong>diversa</strong></span> 
     </span>
    </p>
   </div>
   <div class='ocr_carea' id='block_1_65' title="bbox 669 3490 2262 3564">
    <p class='ocr_par' dir='ltr' id='par_1_65' title="bbox 669 3490 2262 3564">
     <span class='ocr_line' id='line_1_65' title="bbox 669 3490 2262 3564; baseline 0.002 -18"><span class='ocrx_word' id='word_1_552' title='bbox 669 3490 967 3547; x_wconf 86' lang='lat' dir='ltr'><strong>substantia</strong></span> <span class='ocrx_word' id='word_1_553' title='bbox 1017 3499 1129 3555; x_wconf 89' lang='lat' dir='ltr'><strong>est;</strong></span> <span class='ocrx_word' id='word_1_554' title='bbox 1160 3492 1287 3561; x_wconf 89' lang='lat' dir='ltr'><strong>quia</strong></span> <span class='ocrx_word' id='word_1_555' title='bbox 1342 3507 1466 3548; x_wconf 92' lang='lat' dir='ltr'><strong>cum</strong></span> <span class='ocrx_word' id='word_1_556' title='bbox 1493 3508 1698 3564; x_wconf 91' lang='lat' dir='ltr'><strong>corpus</strong></span> <span class='ocrx_word' id='word_1_557' title='bbox 1735 3509 1889 3549; x_wconf 92' lang='lat' dir='ltr'><strong>suum</strong></span> <span class='ocrx_word' id='word_1_558' title='bbox 1920 3501 2122 3564; x_wconf 85' lang='lat' dir='ltr'><strong>portat,</strong></span> <span class='ocrx_word' id='word_1_559' title='bbox 2155 3509 2262 3549; x_wconf 89' lang='lat' dir='ltr'><strong>non</strong></span> 
     </span>
    </p>
   </div>
   <div class='ocr_carea' id='block_1_66' title="bbox 670 3584 2263 3656">
    <p class='ocr_par' dir='ltr' id='par_1_66' title="bbox 670 3584 2263 3656">
     <span class='ocr_line' id='line_1_66' title="bbox 670 3584 2263 3656; baseline 0.001 -18"><span class='ocrx_word' id='word_1_560' title='bbox 670 3590 755 3638; x_wconf 92' lang='lat' dir='ltr'><strong>est</strong></span> <span class='ocrx_word' id='word_1_561' title='bbox 783 3584 898 3654; x_wconf 91' lang='lat' dir='ltr'><strong>ipse</strong></span> <span class='ocrx_word' id='word_1_562' title='bbox 925 3584 1071 3653; x_wconf 92' lang='lat' dir='ltr'><strong>quod</strong></span> <span class='ocrx_word' id='word_1_563' title='bbox 1097 3590 1298 3655; x_wconf 85' lang='lat' dir='ltr'><strong>portat.</strong></span> <span class='ocrx_word' id='word_1_564' title='bbox 1333 3585 1490 3640; x_wconf 84' lang='lat' dir='ltr'><strong>Aliud</strong></span> <span class='ocrx_word' id='word_1_565' title='bbox 1519 3585 1722 3656; x_wconf 88' lang='lat' dir='ltr'><strong>quippe</strong></span> <span class='ocrx_word' id='word_1_566' title='bbox 1751 3593 1834 3641; x_wconf 91' lang='lat' dir='ltr'><strong>est</strong></span> <span class='ocrx_word' id='word_1_567' title='bbox 1860 3601 2018 3651; x_wconf 90' lang='lat' dir='ltr'><strong>onus,</strong></span> <span class='ocrx_word' id='word_1_568' title='bbox 2043 3593 2100 3641; x_wconf 89' lang='lat' dir='ltr'><strong>et</strong></span> <span class='ocrx_word' id='word_1_569' title='bbox 2133 3601 2263 3656; x_wconf 89' lang='lat' dir='ltr'><strong>por-</strong></span> 
     </span>
    </p>
   </div>
   <div class='ocr_carea' id='block_1_67' title="bbox 673 3673 2263 3741">
    <p class='ocr_par' dir='ltr' id='par_1_67' title="bbox 673 3673 2263 3741">
     <span class='ocr_line' id='line_1_67' title="bbox 673 3673 2263 3741; baseline 0.003 -13"><span class='ocrx_word' id='word_1_570' title='bbox 673 3674 807 3730; x_wconf 89' lang='lat' dir='ltr'><strong>titor</strong></span> <span class='ocrx_word' id='word_1_571' title='bbox 834 3673 998 3730; x_wconf 90' lang='lat' dir='ltr'><strong>aliud.</strong></span> <span class='ocrx_word' id='word_1_572' title='bbox 1031 3674 1292 3741; x_wconf 83' lang='lat' dir='ltr'><strong>Quocirca</strong></span> <span class='ocrx_word' id='word_1_573' title='bbox 1323 3692 1431 3731; x_wconf 90' lang='lat' dir='ltr'><strong>non</strong></span> <span class='ocrx_word' id='word_1_574' title='bbox 1460 3677 1600 3732; x_wconf 89' lang='lat' dir='ltr'><strong>ultra</strong></span> <span class='ocrx_word' id='word_1_575' title='bbox 1627 3677 1978 3732; x_wconf 89' lang='lat' dir='ltr'><strong>obluctabere</strong></span> <span class='ocrx_word' id='word_1_576' title='bbox 2011 3678 2188 3741; x_wconf 89' lang='lat' dir='ltr'><strong>nobis,</strong></span> <span class='ocrx_word' id='word_1_577' title='bbox 2216 3676 2263 3732; x_wconf 91' lang='lat' dir='ltr'><strong>si</strong></span> 
     </span>
    </p>
   </div>
   <div class='ocr_carea' id='block_1_68' title="bbox 671 3765 2257 3841">
    <p class='ocr_par' dir='ltr' id='par_1_68' title="bbox 671 3765 2257 3841">
     <span class='ocr_line' id='line_1_68' title="bbox 671 3765 2257 3841; baseline 0.003 -19"><span class='ocrx_word' id='word_1_578' title='bbox 671 3765 860 3822; x_wconf 89' lang='lat' dir='ltr'><strong>credas</strong></span> <span class='ocrx_word' id='word_1_579' title='bbox 905 3766 1022 3832; x_wconf 90' lang='lat' dir='ltr'><strong>tibi,</strong></span> <span class='ocrx_word' id='word_1_580' title='bbox 1067 3767 1327 3838; x_wconf 89' lang='lat' dir='ltr'><strong>quoniam</strong></span> <span class='ocrx_word' id='word_1_581' title='bbox 1369 3783 1567 3839; x_wconf 90' lang='lat' dir='ltr'><strong>corpus</strong></span> <span class='ocrx_word' id='word_1_582' title='bbox 1607 3778 1664 3824; x_wconf 90' lang='lat' dir='ltr'><strong>et</strong></span> <span class='ocrx_word' id='word_1_583' title='bbox 1699 3770 1790 3838; x_wconf 91' lang='lat' dir='ltr'><strong>qui</strong></span> <span class='ocrx_word' id='word_1_584' title='bbox 1837 3769 1998 3824; x_wconf 88' lang='lat' dir='ltr'><strong>habet</strong></span> <span class='ocrx_word' id='word_1_585' title='bbox 2033 3785 2257 3841; x_wconf 91' lang='lat' dir='ltr'><strong>corpus,</strong></span> 
     </span>
    </p>
   </div>
   <div class='ocr_carea' id='block_1_69' title="bbox 670 3859 2258 3927">
    <p class='ocr_par' dir='ltr' id='par_1_69' title="bbox 670 3859 2258 3927">
     <span class='ocr_line' id='line_1_69' title="bbox 670 3859 2258 3927; baseline 0.001 -11"><span class='ocrx_word' id='word_1_586' title='bbox 670 3860 1100 3916; x_wconf 86' lang='lat' dir='ltr'><strong>substantialiter</strong></span> <span class='ocrx_word' id='word_1_587' title='bbox 1127 3859 1233 3915; x_wconf 89' lang='lat' dir='ltr'><strong>duo</strong></span> <span class='ocrx_word' id='word_1_588' title='bbox 1275 3870 1435 3927; x_wconf 92' lang='lat' dir='ltr'><strong>sunt,</strong></span> <span class='ocrx_word' id='word_1_589' title='bbox 1476 3870 1532 3918; x_wconf 91' lang='lat' dir='ltr'><strong>et</strong></span> <span class='ocrx_word' id='word_1_590' title='bbox 1557 3861 1678 3918; x_wconf 60' lang='lat' dir='ltr'><strong>haec</strong></span> <span class='ocrx_word' id='word_1_591' title='bbox 1714 3863 1822 3919; x_wconf 91' lang='lat' dir='ltr'><strong>duo</strong></span> <span class='ocrx_word' id='word_1_592' title='bbox 1859 3863 2071 3918; x_wconf 89' lang='lat' dir='ltr'><strong>diversa</strong></span> <span class='ocrx_word' id='word_1_593' title='bbox 2113 3871 2258 3919; x_wconf 91' lang='lat' dir='ltr'><strong>sunt.</strong></span> 
     </span>
    </p>
   </div>
   <div class='ocr_carea' id='block_1_70' title="bbox 670 3953 2263 4028">
    <p class='ocr_par' dir='ltr' id='par_1_70' title="bbox 670 3953 2263 4028">
     <span class='ocr_line' id='line_1_70' title="bbox 670 3953 2263 4028; baseline -0.001 -15"><span class='ocrx_word' id='word_1_594' title='bbox 670 3954 846 4024; x_wconf 82' lang='lat' dir='ltr'><strong>Atque</strong></span> <span class='ocrx_word' id='word_1_595' title='bbox 867 3962 926 4009; x_wconf 92' lang='lat' dir='ltr'><strong>ut</strong></span> <span class='ocrx_word' id='word_1_596' title='bbox 944 3953 1156 4009; x_wconf 86' lang='lat' dir='ltr'><strong>diversa</strong></span> <span class='ocrx_word' id='word_1_597' title='bbox 1178 3955 1304 4019; x_wconf 91' lang='lat' dir='ltr'><strong>sint,</strong></span> <span class='ocrx_word' id='word_1_598' title='bbox 1331 3971 1496 4010; x_wconf 92' lang='lat' dir='ltr'><strong>unum</strong></span> <span class='ocrx_word' id='word_1_599' title='bbox 1527 3956 1634 4012; x_wconf 88' lang='lat' dir='ltr'><strong>erit</strong></span> <span class='ocrx_word' id='word_1_600' title='bbox 1660 3956 2057 4028; x_wconf 88' lang='lat' dir='ltr'><strong>incorporeum,</strong></span> <span class='ocrx_word' id='word_1_601' title='bbox 2091 3957 2263 4012; x_wconf 88' lang='lat' dir='ltr'><strong>aliud-</strong></span> 
     </span>
    </p>
   </div>
   <div class='ocr_carea' id='block_1_71' title="bbox 2365 3395 3910 3468">
    <p class='ocr_par' dir='ltr' id='par_1_71' title="bbox 2365 3395 3910 3468">
     <span class='ocr_line' id='line_1_71' title="bbox 2365 3395 3910 3468; baseline -0.001 -16"><span class='ocrx_word' id='word_1_602' title='bbox 2365 3413 2442 3453; x_wconf 91' lang='lat' dir='ltr'><strong>re.</strong></span> <span class='ocrx_word' id='word_1_603' title='bbox 2497 3397 2731 3453; x_wconf 87' lang='lat' dir='ltr'><strong>Proinde</strong></span> <span class='ocrx_word' id='word_1_604' title='bbox 2760 3413 2884 3452; x_wconf 91' lang='lat' dir='ltr'><strong>cum</strong></span> <span class='ocrx_word' id='word_1_605' title='bbox 2930 3397 3200 3453; x_wconf 84' lang='lat' dir='ltr'><strong>Abraham</strong></span> <span class='ocrx_word' id='word_1_606' title='bbox 3241 3398 3295 3452; x_wconf 91' lang='lat' dir='ltr'><strong>in</strong></span> <span class='ocrx_word' id='word_1_607' title='bbox 3324 3397 3586 3468; x_wconf 84' lang='lat' dir='ltr'><strong>paradiso,</strong></span> <span class='ocrx_word' id='word_1_608' title='bbox 3635 3407 3687 3452; x_wconf 87' lang='lat' dir='ltr'><strong>et</strong></span> <span class='ocrx_word' id='word_1_609' title='bbox 3710 3396 3844 3452; x_wconf 83' lang='lat' dir='ltr'><strong>dives</strong></span> <span class='ocrx_word' id='word_1_610' title='bbox 3866 3395 3910 3450; x_wconf 87' lang='lat' dir='ltr'><strong>in</strong></span> 
     </span>
    </p>
   </div>
   <div class='ocr_carea' id='block_1_72' title="bbox 2365 3486 3907 3558">
    <p class='ocr_par' dir='ltr' id='par_1_72' title="bbox 2365 3486 3907 3558">
     <span class='ocr_line' id='line_1_72' title="bbox 2365 3486 3907 3558; baseline -0.003 -14"><span class='ocrx_word' id='word_1_611' title='bbox 2365 3489 2578 3544; x_wconf 90' lang='lat' dir='ltr'><strong>inferno</strong></span> <span class='ocrx_word' id='word_1_612' title='bbox 2606 3489 2685 3544; x_wconf 83' lang='lat' dir='ltr'><strong>sic</strong></span> <span class='ocrx_word' id='word_1_613' title='bbox 2713 3489 2976 3544; x_wconf 90' lang='lat' dir='ltr'><strong>immenso</strong></span> <span class='ocrx_word' id='word_1_614' title='bbox 3004 3488 3237 3558; x_wconf 86' lang='lat' dir='ltr'><strong>quodam</strong></span> <span class='ocrx_word' id='word_1_615' title='bbox 3267 3487 3675 3544; x_wconf 87' lang='lat' dir='ltr'><strong>intransmeabili</strong></span> <span class='ocrx_word' id='word_1_616' title='bbox 3702 3487 3765 3541; x_wconf 88' lang='lat' dir='ltr'><strong>ab</strong></span> <span class='ocrx_word' id='word_1_617' title='bbox 3792 3486 3907 3540; x_wconf 89' lang='lat' dir='ltr'><strong>invi-</strong></span> 
     </span>
    </p>
   </div>
   <div class='ocr_carea' id='block_1_73' title="bbox 2364 3575 3910 3652">
    <p class='ocr_par' dir='ltr' id='par_1_73' title="bbox 2364 3575 3910 3652">
     <span class='ocr_line' id='line_1_73' title="bbox 2364 3575 3910 3652; baseline -0.005 -15"><span class='ocrx_word' id='word_1_618' title='bbox 2364 3597 2482 3637; x_wconf 89' lang='lat' dir='ltr'><strong>cem</strong></span> <span class='ocrx_word' id='word_1_619' title='bbox 2511 3581 2769 3652; x_wconf 83' lang='lat' dir='ltr'><strong>disparati</strong></span> <span class='ocrx_word' id='word_1_620' title='bbox 2809 3581 2950 3646; x_wconf 88' lang='lat' dir='ltr'><strong>sint,</strong></span> <span class='ocrx_word' id='word_1_621' title='bbox 2990 3588 3052 3636; x_wconf 90' lang='lat' dir='ltr'><strong>ut</strong></span> <span class='ocrx_word' id='word_1_622' title='bbox 3089 3579 3274 3634; x_wconf 89' lang='lat' dir='ltr'><strong>itidem</strong></span> <span class='ocrx_word' id='word_1_623' title='bbox 3318 3588 3505 3635; x_wconf 90' lang='lat' dir='ltr'><strong>mutuo</strong></span> <span class='ocrx_word' id='word_1_624' title='bbox 3532 3586 3763 3647; x_wconf 82' lang='lat' dir='ltr'><strong>tanquam</strong></span> <span class='ocrx_word' id='word_1_625' title='bbox 3791 3575 3910 3631; x_wconf 90' lang='lat' dir='ltr'><strong>nihil</strong></span> 
     </span>
    </p>
   </div>
   <div class='ocr_carea' id='block_1_74' title="bbox 2365 3669 3907 3743">
    <p class='ocr_par' dir='ltr' id='par_1_74' title="bbox 2365 3669 3907 3743">
     <span class='ocr_line' id='line_1_74' title="bbox 2365 3669 3907 3743; baseline -0.005 -15"><span class='ocrx_word' id='word_1_626' title='bbox 2365 3674 2596 3741; x_wconf 88' lang='lat' dir='ltr'><strong>intersit,</strong></span> <span class='ocrx_word' id='word_1_627' title='bbox 2627 3689 2738 3728; x_wconf 88' lang='lat' dir='ltr'><strong>non</strong></span> <span class='ocrx_word' id='word_1_628' title='bbox 2764 3673 3203 3743; x_wconf 87' lang='lat' dir='ltr'><strong>contemplentur</strong></span> <span class='ocrx_word' id='word_1_629' title='bbox 3247 3672 3413 3727; x_wconf 90' lang='lat' dir='ltr'><strong>solum</strong></span> <span class='ocrx_word' id='word_1_630' title='bbox 3454 3671 3542 3726; x_wconf 87' lang='lat' dir='ltr'><strong>sed</strong></span> <span class='ocrx_word' id='word_1_631' title='bbox 3565 3671 3716 3725; x_wconf 88' lang='lat' dir='ltr'><strong>etiam</strong></span> <span class='ocrx_word' id='word_1_632' title='bbox 3751 3669 3907 3723; x_wconf 85' lang='lat' dir='ltr'><strong>collo-</strong></span> 
     </span>
    </p>
   </div>
   <div class='ocr_carea' id='block_1_75' title="bbox 2363 3759 3900 3836">
    <p class='ocr_par' dir='ltr' id='par_1_75' title="bbox 2363 3759 3900 3836">
     <span class='ocr_line' id='line_1_75' title="bbox 2363 3759 3900 3836; baseline -0.006 -16"><span class='ocrx_word' id='word_1_633' title='bbox 2363 3773 2600 3836; x_wconf 86' lang='lat' dir='ltr'><strong>quantur</strong></span> <span class='ocrx_word' id='word_1_634' title='bbox 2632 3784 2644 3818; x_wconf 89' lang='lat'><strong>:</strong></span> <span class='ocrx_word' id='word_1_635' title='bbox 2691 3766 2735 3820; x_wconf 91' lang='lat' dir='ltr'><strong>si</strong></span> <span class='ocrx_word' id='word_1_636' title='bbox 2765 3764 2883 3820; x_wconf 55' lang='lat' dir='ltr'><strong>hac</strong></span> <span class='ocrx_word' id='word_1_637' title='bbox 2929 3765 3175 3821; x_wconf 86' lang='lat' dir='ltr'><strong>localiter</strong></span> <span class='ocrx_word' id='word_1_638' title='bbox 3215 3761 3512 3818; x_wconf 68' lang='lat' dir='ltr'><strong>mstimanda</strong></span> <span class='ocrx_word' id='word_1_639' title='bbox 3538 3770 3668 3826; x_wconf 89' lang='lat' dir='ltr'><strong>sunt,</strong></span> <span class='ocrx_word' id='word_1_640' title='bbox 3715 3759 3900 3812; x_wconf 79' lang='lat' dir='ltr'><strong>alteru-</strong></span> 
     </span>
    </p>
   </div>
   <div class='ocr_carea' id='block_1_76' title="bbox 2366 3854 3911 3926">
    <p class='ocr_par' dir='ltr' id='par_1_76' title="bbox 2366 3854 3911 3926">
     <span class='ocr_line' id='line_1_76' title="bbox 2366 3854 3911 3926; baseline -0.006 -13"><span class='ocrx_word' id='word_1_641' title='bbox 2366 3867 2507 3914; x_wconf 91' lang='lat' dir='ltr'><strong>trum</strong></span> <span class='ocrx_word' id='word_1_642' title='bbox 2531 3856 2685 3912; x_wconf 80' lang='lat' dir='ltr'><strong>fateri</strong></span> <span class='ocrx_word' id='word_1_643' title='bbox 2716 3857 2942 3926; x_wconf 87' lang='lat' dir='ltr'><strong>cogeris,</strong></span> <span class='ocrx_word' id='word_1_644' title='bbox 2975 3865 3069 3912; x_wconf 90' lang='lat' dir='ltr'><strong>aut</strong></span> <span class='ocrx_word' id='word_1_645' title='bbox 3097 3856 3362 3912; x_wconf 89' lang='lat' dir='ltr'><strong>Abraham</strong></span> <span class='ocrx_word' id='word_1_646' title='bbox 3387 3861 3442 3910; x_wconf 88' lang='lat' dir='ltr'><strong>et</strong></span> <span class='ocrx_word' id='word_1_647' title='bbox 3465 3854 3668 3909; x_wconf 84' lang='lat' dir='ltr'><strong>divitem</strong></span> <span class='ocrx_word' id='word_1_648' title='bbox 3691 3867 3788 3906; x_wconf 85' lang='lat' dir='ltr'><strong>nec</strong></span> <span class='ocrx_word' id='word_1_649' title='bbox 3803 3865 3911 3905; x_wconf 87' lang='lat' dir='ltr'><strong>ser-</strong></span> 
     </span>
    </p>
   </div>
   <div class='ocr_carea' id='block_1_77' title="bbox 2365 3942 3913 4010">
    <p class='ocr_par' dir='ltr' id='par_1_77' title="bbox 2365 3942 3913 4010">
     <span class='ocr_line' id='line_1_77' title="bbox 2365 3942 3913 4010; baseline -0.006 -5"><span class='ocrx_word' id='word_1_650' title='bbox 2365 3949 2665 4005; x_wconf 90' lang='lat' dir='ltr'><strong>mocinatos</strong></span> <span class='ocrx_word' id='word_1_651' title='bbox 2688 3949 2918 4004; x_wconf 88' lang='lat' dir='ltr'><strong>invicem</strong></span> <span class='ocrx_word' id='word_1_652' title='bbox 2955 3963 3058 4004; x_wconf 91' lang='lat' dir='ltr'><strong>nec</strong></span> <span class='ocrx_word' id='word_1_653' title='bbox 3076 3949 3144 4003; x_wconf 91' lang='lat' dir='ltr'><strong>ab</strong></span> <span class='ocrx_word' id='word_1_654' title='bbox 3173 3948 3402 4003; x_wconf 87' lang='lat' dir='ltr'><strong>invicem</strong></span> <span class='ocrx_word' id='word_1_655' title='bbox 3442 3946 3597 4010; x_wconf 89' lang='lat' dir='ltr'><strong>visos,</strong></span> <span class='ocrx_word' id='word_1_656' title='bbox 3625 3951 3713 3999; x_wconf 90' lang='lat' dir='ltr'><strong>aut</strong></span> <span class='ocrx_word' id='word_1_657' title='bbox 3737 3943 3817 3998; x_wconf 80' lang='lat' dir='ltr'><strong>vel</strong></span> <span class='ocrx_word' id='word_1_658' title='bbox 3841 3942 3913 3996; x_wconf 89' lang='lat' dir='ltr'><strong>in-</strong></span> 
     </span>
    </p>
   </div>
   <div class='ocr_carea' id='block_1_78' title="bbox 671 4044 2262 4129">
    <p class='ocr_par' dir='ltr' id='par_1_78' title="bbox 671 4044 2262 4129">
     <span class='ocr_line' id='line_1_78' title="bbox 671 4044 2262 4129; baseline 0.001 -29"><span class='ocrx_word' id='word_1_659' title='bbox 671 4061 775 4129; x_wconf 84' lang='lat' dir='ltr'><strong>que</strong></span> <span class='ocrx_word' id='word_1_660' title='bbox 796 4059 1140 4116; x_wconf 92' lang='lat' dir='ltr'><strong>corporeum.</strong></span> <span class='ocrx_word' id='word_1_661' title='bbox 1163 4044 1331 4115; x_wconf 88' lang='lat' dir='ltr'><strong>Igitur</strong></span> <span class='ocrx_word' id='word_1_662' title='bbox 1351 4046 1598 4102; x_wconf 90' lang='lat' dir='ltr'><strong>diabolus</strong></span> <span class='ocrx_word' id='word_1_663' title='bbox 1625 4063 1692 4103; x_wconf 92' lang='lat' dir='ltr'><strong>ex</strong></span> <span class='ocrx_word' id='word_1_664' title='bbox 1723 4047 1922 4118; x_wconf 90' lang='lat' dir='ltr'><strong>duplici</strong></span> <span class='ocrx_word' id='word_1_665' title='bbox 1943 4049 2262 4117; x_wconf 88' lang='lat' dir='ltr'><strong>diversaque</strong></span> 
     </span>
    </p>
   </div>
   <div class='ocr_carea' id='block_1_79' title="bbox 670 4137 1964 4210">
    <p class='ocr_par' dir='ltr' id='par_1_79' title="bbox 670 4137 1964 4210">
     <span class='ocr_line' id='line_1_79' title="bbox 670 4137 1964 4210; baseline 0.002 -18"><span class='ocrx_word' id='word_1_666' title='bbox 670 4137 969 4192; x_wconf 86' lang='lat' dir='ltr'><strong>substantia</strong></span> <span class='ocrx_word' id='word_1_667' title='bbox 990 4145 1047 4191; x_wconf 91' lang='lat' dir='ltr'><strong>et</strong></span> <span class='ocrx_word' id='word_1_668' title='bbox 1082 4151 1377 4207; x_wconf 88' lang='lat' dir='ltr'><strong>corporeus</strong></span> <span class='ocrx_word' id='word_1_669' title='bbox 1405 4146 1488 4194; x_wconf 85' lang='lat' dir='ltr'><strong>est</strong></span> <span class='ocrx_word' id='word_1_670' title='bbox 1506 4146 1563 4194; x_wconf 90' lang='lat' dir='ltr'><strong>et</strong></span> <span class='ocrx_word' id='word_1_671' title='bbox 1591 4139 1964 4210; x_wconf 90' lang='lat' dir='ltr'><strong>incorporeus.</strong></span> 
     </span>
    </p>
   </div>
   <div class='ocr_carea' id='block_1_80' title="bbox 1273 4245 1673 4302">
    <p class='ocr_par' dir='ltr' id='par_1_80' title="bbox 1273 4245 1673 4302">
     <span class='ocr_line' id='line_1_80' title="bbox 1273 4245 1673 4302; baseline 0.003 -1"><span class='ocrx_word' id='word_1_672' title='bbox 1273 4245 1500 4302; x_wconf 84' lang='lat' dir='ltr'><strong>CAPUT</strong></span> <span class='ocrx_word' id='word_1_673' title='bbox 1539 4247 1673 4302; x_wconf 84' lang='lat' dir='ltr'><strong>VIII.</strong></span> 
     </span>
    </p>
   </div>
   <div class='ocr_carea' id='block_1_81' title="bbox 679 4307 2259 4410">
    <p class='ocr_par' dir='ltr' id='par_1_81' title="bbox 679 4307 2259 4410">
     <span class='ocr_line' id='line_1_81' title="bbox 679 4307 2259 4410; baseline 0.001 -17"><span class='ocrx_word' id='word_1_674' title='bbox 679 4307 1014 4410; x_wconf 68' lang='lat' dir='ltr'><strong>Spiritaliter,</strong></span> <span class='ocrx_word' id='word_1_675' title='bbox 1036 4353 1140 4410; x_wconf 77' lang='lat' dir='ltr'><strong>non</strong></span> <span class='ocrx_word' id='word_1_676' title='bbox 1162 4338 1499 4410; x_wconf 83' lang='lat' dir='ltr'><strong>corporaliter</strong></span> <span class='ocrx_word' id='word_1_677' title='bbox 1516 4339 1924 4410; x_wconf 85' lang='lat' dir='ltr'><strong>intelligendum,</strong></span> <span class='ocrx_word' id='word_1_678' title='bbox 1950 4357 2063 4394; x_wconf 85' lang='lat' dir='ltr'><strong>cum</strong></span> <span class='ocrx_word' id='word_1_679' title='bbox 2086 4341 2259 4394; x_wconf 81' lang='lat' dir='ltr'><strong>Laza-</strong></span> 
     </span>
    </p>
   </div>
   <div class='ocr_carea' id='block_1_82' title="bbox 741 4407 2260 4482">
    <p class='ocr_par' dir='ltr' id='par_1_82' title="bbox 741 4407 2260 4482">
     <span class='ocr_line' id='line_1_82' title="bbox 741 4407 2260 4482; baseline 0.003 -20"><span class='ocrx_word' id='word_1_680' title='bbox 741 4423 830 4482; x_wconf 75' lang='lat' dir='ltr'><strong>rus</strong></span> <span class='ocrx_word' id='word_1_681' title='bbox 853 4408 915 4482; x_wconf 64' lang='lat' dir='ltr'><strong>in</strong></span> <span class='ocrx_word' id='word_1_682' title='bbox 932 4409 1050 4482; x_wconf 75' lang='lat' dir='ltr'><strong>sinu</strong></span> <span class='ocrx_word' id='word_1_683' title='bbox 1074 4407 1298 4482; x_wconf 74' lang='lat' dir='ltr'><strong>Abrahae</strong></span> <span class='ocrx_word' id='word_1_684' title='bbox 1325 4415 1377 4462; x_wconf 89' lang='lat' dir='ltr'><strong>et</strong></span> <span class='ocrx_word' id='word_1_685' title='bbox 1394 4409 1533 4463; x_wconf 84' lang='lat' dir='ltr'><strong>dives</strong></span> <span class='ocrx_word' id='word_1_686' title='bbox 1556 4410 1612 4462; x_wconf 91' lang='lat' dir='ltr'><strong>in</strong></span> <span class='ocrx_word' id='word_1_687' title='bbox 1639 4407 1844 4481; x_wconf 71' lang='lat' dir='ltr'><strong>inferno</strong></span> <span class='ocrx_word' id='word_1_688' title='bbox 1873 4411 2003 4466; x_wconf 83' lang='lat' dir='ltr'><strong>chao</strong></span> <span class='ocrx_word' id='word_1_689' title='bbox 2031 4413 2260 4482; x_wconf 84' lang='lat' dir='ltr'><strong>interpo-</strong></span> 
     </span>
    </p>
   </div>
   <div class='ocr_carea' id='block_1_83' title="bbox 739 4477 1485 4552">
    <p class='ocr_par' dir='ltr' id='par_1_83' title="bbox 739 4477 1485 4552">
     <span class='ocr_line' id='line_1_83' title="bbox 739 4477 1485 4552; baseline 0 -20"><span class='ocrx_word' id='word_1_690' title='bbox 739 4481 870 4544; x_wconf 88' lang='lat' dir='ltr'><strong>sito,</strong></span> <span class='ocrx_word' id='word_1_691' title='bbox 897 4478 1113 4532; x_wconf 79' lang='lat' dir='ltr'><strong>invicem</strong></span> <span class='ocrx_word' id='word_1_692' title='bbox 1140 4477 1485 4552; x_wconf 84' lang='lat' dir='ltr'><strong>loquerentur.</strong></span> 
     </span>
    </p>
   </div>
   <div class='ocr_carea' id='block_1_84' title="bbox 2343 4034 3911 4110">
    <p class='ocr_par' dir='ltr' id='par_1_84' title="bbox 2343 4034 3911 4110">
     <span class='ocr_line' id='line_1_84' title="bbox 2343 4034 3911 4110; baseline -0.004 -17"><span class='ocrx_word' id='word_1_693' title='bbox 2343 4039 2574 4095; x_wconf 80' lang='lat' dir='ltr'><strong>‘fernum</strong></span> <span class='ocrx_word' id='word_1_694' title='bbox 2603 4040 2660 4095; x_wconf 90' lang='lat' dir='ltr'><strong>in</strong></span> <span class='ocrx_word' id='word_1_695' title='bbox 2687 4039 2956 4110; x_wconf 88' lang='lat' dir='ltr'><strong>paradiso,</strong></span> <span class='ocrx_word' id='word_1_696' title='bbox 2986 4039 3072 4094; x_wconf 91' lang='lat' dir='ltr'><strong>vel</strong></span> <span class='ocrx_word' id='word_1_697' title='bbox 3119 4039 3175 4094; x_wconf 91' lang='lat' dir='ltr'><strong>in</strong></span> <span class='ocrx_word' id='word_1_698' title='bbox 3222 4037 3436 4094; x_wconf 85' lang='lat' dir='ltr'><strong>inferno</strong></span> <span class='ocrx_word' id='word_1_699' title='bbox 3473 4052 3587 4094; x_wconf 88' lang='lat' dir='ltr'><strong>esse</strong></span> <span class='ocrx_word' id='word_1_700' title='bbox 3611 4034 3911 4108; x_wconf 84' lang='lat' dir='ltr'><strong>paradisum.</strong></span> 
     </span>
    </p>
   </div>
   <div class='ocr_carea' id='block_1_85' title="bbox 2981 4171 3342 4228">
    <p class='ocr_par' dir='ltr' id='par_1_85' title="bbox 2981 4171 3342 4228">
     <span class='ocr_line' id='line_1_85' title="bbox 2981 4171 3342 4228; baseline -0.006 0"><span class='ocrx_word' id='word_1_701' title='bbox 2981 4171 3212 4228; x_wconf 86' lang='lat' dir='ltr'><strong>CAPUT</strong></span> <span class='ocrx_word' id='word_1_702' title='bbox 3248 4171 3342 4227; x_wconf 85' lang='lat' dir='ltr'><strong>IX.</strong></span> 
     </span>
    </p>
   </div>
   <div class='ocr_carea' id='block_1_86' title="bbox 2366 4262 3918 4333">
    <p class='ocr_par' dir='ltr' id='par_1_86' title="bbox 2366 4262 3918 4333">
     <span class='ocr_line' id='line_1_86' title="bbox 2366 4262 3918 4333; baseline -0.004 -12"><span class='ocrx_word' id='word_1_703' title='bbox 2366 4265 2517 4333; x_wconf 81' lang='lat' dir='ltr'><strong>Quod</strong></span> <span class='ocrx_word' id='word_1_704' title='bbox 2546 4268 2760 4322; x_wconf 85' lang='lat' dir='ltr'><strong>multum</strong></span> <span class='ocrx_word' id='word_1_705' title='bbox 2790 4267 2941 4322; x_wconf 86' lang='lat' dir='ltr'><strong>distet</strong></span> <span class='ocrx_word' id='word_1_706' title='bbox 2976 4269 3110 4321; x_wconf 82' lang='lat' dir='ltr'><strong>inter</strong></span> <span class='ocrx_word' id='word_1_707' title='bbox 3138 4268 3388 4321; x_wconf 83' lang='lat' dir='ltr'><strong>visionem</strong></span> <span class='ocrx_word' id='word_1_708' title='bbox 3429 4265 3685 4322; x_wconf 87' lang='lat' dir='ltr'><strong>oculorum</strong></span> <span class='ocrx_word' id='word_1_709' title='bbox 3718 4273 3763 4318; x_wconf 89' lang='lat' dir='ltr'><strong>et</strong></span> <span class='ocrx_word' id='word_1_710' title='bbox 3789 4262 3918 4333; x_wconf 40' lang='lat' dir='ltr'><strong>visio:</strong></span> 
     </span>
    </p>
   </div>
   <div class='ocr_carea' id='block_1_87' title="bbox 2437 4329 3919 4397">
    <p class='ocr_par' dir='ltr' id='par_1_87' title="bbox 2437 4329 3919 4397">
     <span class='ocr_line' id='line_1_87' title="bbox 2437 4329 3919 4397; baseline -0.005 -5"><span class='ocrx_word' id='word_1_711' title='bbox 2437 4357 2553 4392; x_wconf 89' lang='lat' dir='ltr'><strong>nem</strong></span> <span class='ocrx_word' id='word_1_712' title='bbox 2581 4340 2774 4393; x_wconf 69' lang='lat' dir='ltr'><strong>anima:</strong></span> <span class='ocrx_word' id='word_1_713' title='bbox 2805 4357 2818 4391; x_wconf 87' lang='lat'><strong>:</strong></span> <span class='ocrx_word' id='word_1_714' title='bbox 2843 4355 2957 4392; x_wconf 88' lang='lat' dir='ltr'><strong>cum</strong></span> <span class='ocrx_word' id='word_1_715' title='bbox 2985 4339 3174 4392; x_wconf 67' lang='lat' dir='ltr'><strong>animm</strong></span> <span class='ocrx_word' id='word_1_716' title='bbox 3199 4338 3329 4392; x_wconf 83' lang='lat' dir='ltr'><strong>visio</strong></span> <span class='ocrx_word' id='word_1_717' title='bbox 3361 4337 3649 4392; x_wconf 83' lang='lat' dir='ltr'><strong>intellectus</strong></span> <span class='ocrx_word' id='word_1_718' title='bbox 3675 4335 3754 4388; x_wconf 85' lang='lat' dir='ltr'><strong>sit.</strong></span> <span class='ocrx_word' id='word_1_719' title='bbox 3794 4329 3919 4397; x_wconf 78' lang='lat' dir='ltr'><strong>Quod</strong></span> 
     </span>
    </p>
   </div>
   <div class='ocr_carea' id='block_1_88' title="bbox 2435 4403 3918 4480">
    <p class='ocr_par' dir='ltr' id='par_1_88' title="bbox 2435 4403 3918 4480">
     <span class='ocr_line' id='line_1_88' title="bbox 2435 4403 3918 4480; baseline -0.004 -16"><span class='ocrx_word' id='word_1_720' title='bbox 2435 4411 2479 4464; x_wconf 88' lang='lat' dir='ltr'><strong>si</strong></span> <span class='ocrx_word' id='word_1_721' title='bbox 2506 4427 2596 4480; x_wconf 87' lang='lat' dir='ltr'><strong>per</strong></span> <span class='ocrx_word' id='word_1_722' title='bbox 2617 4426 2670 4464; x_wconf 88' lang='lat' dir='ltr'><strong>se</strong></span> <span class='ocrx_word' id='word_1_723' title='bbox 2689 4409 2898 4470; x_wconf 76' lang='lat' dir='ltr'><strong>vidisset</strong></span> <span class='ocrx_word' id='word_1_724' title='bbox 2925 4409 3236 4480; x_wconf 86' lang='lat' dir='ltr'><strong>corporalia,</strong></span> <span class='ocrx_word' id='word_1_725' title='bbox 3268 4409 3481 4462; x_wconf 81' lang='lat' dir='ltr'><strong>interna</strong></span> <span class='ocrx_word' id='word_1_726' title='bbox 3505 4409 3698 4462; x_wconf 74' lang='lat' dir='ltr'><strong>viscera</strong></span> <span class='ocrx_word' id='word_1_727' title='bbox 3725 4421 3811 4459; x_wconf 78' lang='lat' dir='ltr'><strong>sua</strong></span> <span class='ocrx_word' id='word_1_728' title='bbox 3829 4403 3918 4474; x_wconf 78' lang='lat' dir='ltr'><strong>pri-</strong></span> 
     </span>
    </p>
   </div>
   <div class='ocr_carea' id='block_1_89' title="bbox 2436 4480 2824 4536">
    <p class='ocr_par' dir='ltr' id='par_1_89' title="bbox 2436 4480 2824 4536">
     <span class='ocr_line' id='line_1_89' title="bbox 2436 4480 2824 4536; baseline 0 -2"><span class='ocrx_word' id='word_1_729' title='bbox 2436 4497 2574 4535; x_wconf 88' lang='lat' dir='ltr'><strong>mum</strong></span> <span class='ocrx_word' id='word_1_730' title='bbox 2597 4480 2824 4536; x_wconf 75' lang='lat' dir='ltr'><strong>vidisset.</strong></span> 
     </span>
    </p>
   </div>
   <div class='ocr_carea' id='block_1_90' title="bbox 738 4547 3918 4672">
    <p class='ocr_par' dir='ltr' id='par_1_90' title="bbox 738 4547 3918 4672">
     <span class='ocr_line' id='line_1_90' title="bbox 738 4547 3918 4672; baseline 0.001 -29"><span class='ocrx_word' id='word_1_731' title='bbox 738 4587 780 4644; x_wconf 93' lang='lat' dir='ltr'><strong>I.</strong></span> <span class='ocrx_word' id='word_1_732' title='bbox 812 4585 919 4645; x_wconf 89' lang='lat' dir='ltr'><strong>Sed</strong></span> <span class='ocrx_word' id='word_1_733' title='bbox 937 4589 985 4644; x_wconf 86' lang='lat' dir='ltr'><strong>si</strong></span> <span class='ocrx_word' id='word_1_734' title='bbox 1011 4588 1283 4672; x_wconf 86' lang='lat' dir='ltr'><strong>superbis</strong></span> <span class='ocrx_word' id='word_1_735' title='bbox 1309 4589 1680 4646; x_wconf 81' lang='lat' dir='ltr'><strong>redhibuimus</strong></span> <span class='ocrx_word' id='word_1_736' title='bbox 1701 4591 1785 4647; x_wconf 85' lang='lat' dir='ltr'><strong>vel</strong></span> <span class='ocrx_word' id='word_1_737' title='bbox 1806 4591 1984 4661; x_wconf 89' lang='lat' dir='ltr'><strong>aliqua</strong></span> <span class='ocrx_word' id='word_1_738' title='bbox 2015 4609 2084 4650; x_wconf 89' lang='lat' dir='ltr'><strong>ex</strong></span> <span class='ocrx_word' id='word_1_739' title='bbox 2103 4602 2258 4664; x_wconf 91' lang='lat' dir='ltr'><strong>parte</strong></span> <span class='ocrx_word' id='word_1_740' title='bbox 2285 4579 2338 4641; x_wconf 83' lang='grc' dir='ltr'><strong>Ῑ)</strong></span> <span class='ocrx_word' id='word_1_741' title='bbox 2431 4596 2472 4651; x_wconf 91' lang='grc' dir='ltr'><strong>Ι.</strong></span> <span class='ocrx_word' id='word_1_742' title='bbox 2504 4595 2612 4651; x_wconf 92' lang='lat' dir='ltr'><strong>Sed</strong></span> <span class='ocrx_word' id='word_1_743' title='bbox 2637 4597 2893 4666; x_wconf 91' lang='lat' dir='ltr'><strong>quoniam</strong></span> <span class='ocrx_word' id='word_1_744' title='bbox 2915 4611 3014 4652; x_wconf 91' lang='lat' dir='ltr'><strong>nec</strong></span> <span class='ocrx_word' id='word_1_745' title='bbox 3043 4547 3351 4651; x_wconf 76' lang='lat' dir='ltr'><strong>auctoritati</strong></span> <span class='ocrx_word' id='word_1_746' title='bbox 3380 4594 3583 4650; x_wconf 73' lang='lat' dir='ltr'><strong>divinae</strong></span> <span class='ocrx_word' id='word_1_747' title='bbox 3604 4591 3918 4665; x_wconf 87' lang='lat' dir='ltr'><strong>pervicaciter</strong></span> 
     </span>
    </p>
   </div>
   <div class='ocr_carea' id='block_1_91' title="bbox 669 4679 2260 4755">
    <p class='ocr_par' dir='ltr' id='par_1_91' title="bbox 669 4679 2260 4755">
     <span class='ocr_line' id='line_1_91' title="bbox 669 4679 2260 4755; baseline 0.001 -15"><span class='ocrx_word' id='word_1_748' title='bbox 669 4680 954 4746; x_wconf 87' lang='lat' dir='ltr'><strong>rationem,</strong></span> <span class='ocrx_word' id='word_1_749' title='bbox 989 4679 1118 4737; x_wconf 89' lang='lat' dir='ltr'><strong>illud</strong></span> <span class='ocrx_word' id='word_1_750' title='bbox 1144 4681 1311 4737; x_wconf 89' lang='lat' dir='ltr'><strong>chaos</strong></span> <span class='ocrx_word' id='word_1_751' title='bbox 1349 4681 1494 4750; x_wconf 88' lang='lat' dir='ltr'><strong>quod</strong></span> <span class='ocrx_word' id='word_1_752' title='bbox 1521 4681 1663 4736; x_wconf 89' lang='lat' dir='ltr'><strong>inter</strong></span> <span class='ocrx_word' id='word_1_753' title='bbox 1697 4691 1882 4739; x_wconf 88' lang='lat' dir='ltr'><strong>sontes</strong></span> <span class='ocrx_word' id='word_1_754' title='bbox 1907 4684 2260 4755; x_wconf 88' lang='lat' dir='ltr'><strong>innoxiasque</strong></span> 
     </span>
    </p>
   </div>
   <div class='ocr_carea' id='block_1_92' title="bbox 669 4773 2260 4842">
    <p class='ocr_par' dir='ltr' id='par_1_92' title="bbox 669 4773 2260 4842">
     <span class='ocr_line' id='line_1_92' title="bbox 669 4773 2260 4842; baseline 0.004 -14"><span class='ocrx_word' id='word_1_755' title='bbox 669 4773 898 4839; x_wconf 91' lang='lat' dir='ltr'><strong>animas,</strong></span> <span class='ocrx_word' id='word_1_756' title='bbox 928 4773 1068 4830; x_wconf 89' lang='lat' dir='ltr'><strong>sicut</strong></span> <span class='ocrx_word' id='word_1_757' title='bbox 1105 4773 1517 4842; x_wconf 88' lang='lat' dir='ltr'><strong>argumentaris,</strong></span> <span class='ocrx_word' id='word_1_758' title='bbox 1549 4773 1856 4830; x_wconf 89' lang='lat' dir='ltr'><strong>intersitum</strong></span> <span class='ocrx_word' id='word_1_759' title='bbox 1904 4776 2039 4836; x_wconf 88' lang='lat' dir='ltr'><strong>locis</strong></span> <span class='ocrx_word' id='word_1_760' title='bbox 2066 4779 2260 4834; x_wconf 90' lang='lat' dir='ltr'><strong>merita</strong></span> 
     </span>
    </p>
   </div>
   <div class='ocr_carea' id='block_1_93' title="bbox 669 4863 2256 4935">
    <p class='ocr_par' dir='ltr' id='par_1_93' title="bbox 669 4863 2256 4935">
     <span class='ocr_line' id='line_1_93' title="bbox 669 4863 2256 4935; baseline 0.003 -16"><span class='ocrx_word' id='word_1_761' title='bbox 669 4864 922 4930; x_wconf 85' lang='lat' dir='ltr'><strong>secernit,</strong></span> <span class='ocrx_word' id='word_1_762' title='bbox 945 4865 1044 4920; x_wconf 90' lang='lat' dir='ltr'><strong>sub</strong></span> <span class='ocrx_word' id='word_1_763' title='bbox 1071 4865 1237 4934; x_wconf 88' lang='lat' dir='ltr'><strong>ipsius</strong></span> <span class='ocrx_word' id='word_1_764' title='bbox 1260 4863 1479 4935; x_wconf 88' lang='lat' dir='ltr'><strong>capituli</strong></span> <span class='ocrx_word' id='word_1_765' title='bbox 1506 4864 1585 4919; x_wconf 93' lang='lat' dir='ltr'><strong>tui</strong></span> <span class='ocrx_word' id='word_1_766' title='bbox 1604 4864 1938 4922; x_wconf 91' lang='lat' dir='ltr'><strong>discussione</strong></span> <span class='ocrx_word' id='word_1_767' title='bbox 1957 4867 2256 4924; x_wconf 88' lang='lat' dir='ltr'><strong>videamus.</strong></span> 
     </span>
    </p>
   </div>
   <div class='ocr_carea' id='block_1_94' title="bbox 603 4954 2255 5026">
    <p class='ocr_par' dir='ltr' id='par_1_94' title="bbox 603 4954 2255 5026">
     <span class='ocr_line' id='line_1_94' title="bbox 603 4954 2255 5026; baseline 0.003 -16"><span class='ocrx_word' id='word_1_768' title='bbox 603 5021 608 5025; x_wconf 12' lang='lat' dir='ltr'><strong>q</strong></span> <span class='ocrx_word' id='word_1_769' title='bbox 670 4954 761 5010; x_wconf 91' lang='lat' dir='ltr'><strong>Sic</strong></span> <span class='ocrx_word' id='word_1_770' title='bbox 801 4970 1034 5025; x_wconf 89' lang='lat' dir='ltr'><strong>namque</strong></span> <span class='ocrx_word' id='word_1_771' title='bbox 1059 4955 1314 5012; x_wconf 87' lang='lat' dir='ltr'><strong>dissertas</strong></span> <span class='ocrx_word' id='word_1_772' title='bbox 1343 4974 1357 5010; x_wconf 90' lang='lat'><strong>:</strong></span> <span class='ocrx_word' id='word_1_773' title='bbox 1387 4955 1446 5012; x_wconf 90' lang='lat' dir='ltr'><strong>Si</strong></span> <span class='ocrx_word' id='word_1_774' title='bbox 1473 4957 1672 5014; x_wconf 86' lang='lat' dir='ltr'><strong>locales</strong></span> <span class='ocrx_word' id='word_1_775' title='bbox 1697 4973 1809 5014; x_wconf 91' lang='lat' dir='ltr'><strong>non</strong></span> <span class='ocrx_word' id='word_1_776' title='bbox 1860 4966 1988 5014; x_wconf 91' lang='lat' dir='ltr'><strong>sunt</strong></span> <span class='ocrx_word' id='word_1_777' title='bbox 2031 4960 2255 5026; x_wconf 75' lang='lat' dir='ltr'><strong>animae,</strong></span> 
     </span>
    </p>
   </div>
   <div class='ocr_carea' id='block_1_95' title="bbox 668 5049 2255 5126">
    <p class='ocr_par' dir='ltr' id='par_1_95' title="bbox 668 5049 2255 5126">
     <span class='ocr_line' id='line_1_95' title="bbox 668 5049 2255 5126; baseline 0.005 -22"><span class='ocrx_word' id='word_1_778' title='bbox 668 5049 940 5120; x_wconf 92' lang='lat' dir='ltr'><strong>quomodo</strong></span> <span class='ocrx_word' id='word_1_779' title='bbox 961 5059 1272 5121; x_wconf 88' lang='lat' dir='ltr'><strong>peccatores</strong></span> <span class='ocrx_word' id='word_1_780' title='bbox 1296 5069 1328 5108; x_wconf 90' lang='lat' dir='ltr'><strong>a</strong></span> <span class='ocrx_word' id='word_1_781' title='bbox 1347 5053 1578 5110; x_wconf 63' lang='lat' dir='ltr'><strong>cratibus</strong></span> <span class='ocrx_word' id='word_1_782' title='bbox 1587 5055 2255 5126; x_wconf 88' lang='lat' dir='ltr'><strong>consortiisquejustorum</strong></span> 
     </span>
    </p>
   </div>
   <div class='ocr_carea' id='block_1_96' title="bbox 667 5143 2252 5218">
    <p class='ocr_par' dir='ltr' id='par_1_96' title="bbox 667 5143 2252 5218">
     <span class='ocr_line' id='line_1_96' title="bbox 667 5143 2252 5218; baseline 0.004 -19"><span class='ocrx_word' id='word_1_783' title='bbox 667 5158 899 5200; x_wconf 89' lang='lat' dir='ltr'><strong>vacuum</strong></span> <span class='ocrx_word' id='word_1_784' title='bbox 927 5143 1056 5200; x_wconf 92' lang='lat' dir='ltr'><strong>illud</strong></span> <span class='ocrx_word' id='word_1_785' title='bbox 1098 5146 1265 5202; x_wconf 89' lang='lat' dir='ltr'><strong>chaos</strong></span> <span class='ocrx_word' id='word_1_786' title='bbox 1302 5147 1442 5201; x_wconf 87' lang='lat' dir='ltr'><strong>tristi</strong></span> <span class='ocrx_word' id='word_1_787' title='bbox 1479 5148 1856 5218; x_wconf 74' lang='lat' dir='ltr'><strong>interiectione</strong></span> <span class='ocrx_word' id='word_1_788' title='bbox 1900 5149 2252 5214; x_wconf 90' lang='lat' dir='ltr'><strong>discriminat,</strong></span> 
     </span>
    </p>
   </div>
   <div class='ocr_carea' id='block_1_97' title="bbox 667 5235 2258 5310">
    <p class='ocr_par' dir='ltr' id='par_1_97' title="bbox 667 5235 2258 5310">
     <span class='ocr_line' id='line_1_97' title="bbox 667 5235 2258 5310; baseline 0.005 -21"><span class='ocrx_word' id='word_1_789' title='bbox 667 5242 728 5290; x_wconf 91' lang='lat' dir='ltr'><strong>ut</strong></span> <span class='ocrx_word' id='word_1_790' title='bbox 752 5250 930 5306; x_wconf 90' lang='lat' dir='ltr'><strong>neque</strong></span> <span class='ocrx_word' id='word_1_791' title='bbox 957 5235 1086 5293; x_wconf 90' lang='lat' dir='ltr'><strong>hinc</strong></span> <span class='ocrx_word' id='word_1_792' title='bbox 1113 5237 1206 5293; x_wconf 91' lang='lat' dir='ltr'><strong>illo</strong></span> <span class='ocrx_word' id='word_1_793' title='bbox 1243 5238 1455 5309; x_wconf 89' lang='lat' dir='ltr'><strong>possint</strong></span> <span class='ocrx_word' id='word_1_794' title='bbox 1481 5239 1758 5304; x_wconf 91' lang='lat' dir='ltr'><strong>accedere,</strong></span> <span class='ocrx_word' id='word_1_795' title='bbox 1790 5254 1968 5310; x_wconf 90' lang='lat' dir='ltr'><strong>neque</strong></span> <span class='ocrx_word' id='word_1_796' title='bbox 1997 5241 2121 5298; x_wconf 85' lang='lat' dir='ltr'><strong>inde</strong></span> <span class='ocrx_word' id='word_1_797' title='bbox 2149 5242 2258 5297; x_wconf 89' lang='lat' dir='ltr'><strong>huc</strong></span> 
     </span>
    </p>
   </div>
   <div class='ocr_carea' id='block_1_98' title="bbox 667 5329 2256 5406">
    <p class='ocr_par' dir='ltr' id='par_1_98' title="bbox 667 5329 2256 5406">
     <span class='ocr_line' id='line_1_98' title="bbox 667 5329 2256 5406; baseline 0.005 -23"><span class='ocrx_word' id='word_1_798' title='bbox 667 5331 1034 5386; x_wconf 79' lang='lat' dir='ltr'><strong>transmeare?</strong></span> <span class='ocrx_word' id='word_1_799' title='bbox 1077 5329 1224 5387; x_wconf 90' lang='lat' dir='ltr'><strong>Istud</strong></span> <span class='ocrx_word' id='word_1_800' title='bbox 1269 5331 1592 5400; x_wconf 66' lang='lat' dir='ltr'><strong>evangelicae</strong></span> <span class='ocrx_word' id='word_1_801' title='bbox 1639 5331 1887 5389; x_wconf 90' lang='lat' dir='ltr'><strong>lectionis</strong></span> <span class='ocrx_word' id='word_1_802' title='bbox 1947 5336 2256 5406; x_wconf 90' lang='lat' dir='ltr'><strong>exemplum</strong></span> 
     </span>
    </p>
   </div>
   <div class='ocr_carea' id='block_1_99' title="bbox 667 5421 2253 5498">
    <p class='ocr_par' dir='ltr' id='par_1_99' title="bbox 667 5421 2253 5498">
     <span class='ocr_line' id='line_1_99' title="bbox 667 5421 2253 5498; baseline 0.006 -23"><span class='ocrx_word' id='word_1_803' title='bbox 667 5421 917 5494; x_wconf 87' lang='lat' dir='ltr'><strong>adempta</strong></span> <span class='ocrx_word' id='word_1_804' title='bbox 929 5422 1184 5480; x_wconf 88' lang='lat' dir='ltr'><strong>dominici</strong></span> <span class='ocrx_word' id='word_1_805' title='bbox 1203 5424 1547 5496; x_wconf 89' lang='lat' dir='ltr'><strong>simplicitate</strong></span> <span class='ocrx_word' id='word_1_806' title='bbox 1555 5425 1838 5493; x_wconf 89' lang='lat' dir='ltr'><strong>sermonis,</strong></span> <span class='ocrx_word' id='word_1_807' title='bbox 1851 5442 1950 5498; x_wconf 91' lang='lat' dir='ltr'><strong>pro</strong></span> <span class='ocrx_word' id='word_1_808' title='bbox 1965 5427 2253 5484; x_wconf 87' lang='lat' dir='ltr'><strong>astruenda</strong></span> 
     </span>
    </p>
   </div>
   <div class='ocr_carea' id='block_1_100' title="bbox 666 5513 2254 5598">
    <p class='ocr_par' dir='ltr' id='par_1_100' title="bbox 666 5513 2254 5598">
     <span class='ocr_line' id='line_1_100' title="bbox 666 5513 2254 5598; baseline 0.004 -30"><span class='ocrx_word' id='word_1_809' title='bbox 666 5513 916 5572; x_wconf 89' lang='lat' dir='ltr'><strong>videlicet</strong></span> <span class='ocrx_word' id='word_1_810' title='bbox 951 5517 1255 5598; x_wconf 80' lang='lat' dir='ltr'><strong>animarum</strong></span> <span class='ocrx_word' id='word_1_811' title='bbox 1293 5516 1569 5573; x_wconf 87' lang='lat' dir='ltr'><strong>localitate</strong></span> <span class='ocrx_word' id='word_1_812' title='bbox 1615 5517 1862 5587; x_wconf 89' lang='lat' dir='ltr'><strong>posuisti.</strong></span> <span class='ocrx_word' id='word_1_813' title='bbox 1893 5516 1998 5573; x_wconf 81' lang='lat' dir='ltr'><strong>Sed</strong></span> <span class='ocrx_word' id='word_1_814' title='bbox 2049 5520 2254 5576; x_wconf 90' lang='lat' dir='ltr'><strong>oraculi</strong></span> 
     </span>
    </p>
   </div>
   <div class='ocr_carea' id='block_1_101' title="bbox 667 5605 2251 5684">
    <p class='ocr_par' dir='ltr' id='par_1_101' title="bbox 667 5605 2251 5684">
     <span class='ocr_line' id='line_1_101' title="bbox 667 5605 2251 5684; baseline 0.004 -24"><span class='ocrx_word' id='word_1_815' title='bbox 667 5605 830 5662; x_wconf 89' lang='lat' dir='ltr'><strong>divini</strong></span> <span class='ocrx_word' id='word_1_816' title='bbox 857 5607 1126 5664; x_wconf 89' lang='lat' dir='ltr'><strong>sincerum</strong></span> <span class='ocrx_word' id='word_1_817' title='bbox 1154 5609 1210 5664; x_wconf 89' lang='lat' dir='ltr'><strong>in</strong></span> <span class='ocrx_word' id='word_1_818' title='bbox 1245 5609 1327 5666; x_wconf 90' lang='lat' dir='ltr'><strong>sui</strong></span> <span class='ocrx_word' id='word_1_819' title='bbox 1360 5609 1590 5665; x_wconf 89' lang='lat' dir='ltr'><strong>veritate</strong></span> <span class='ocrx_word' id='word_1_820' title='bbox 1622 5609 1887 5680; x_wconf 88' lang='lat' dir='ltr'><strong>prolatum</strong></span> <span class='ocrx_word' id='word_1_821' title='bbox 1916 5610 2115 5682; x_wconf 83' lang='lat' dir='ltr'><strong>Oppido</strong></span> <span class='ocrx_word' id='word_1_822' title='bbox 2154 5627 2251 5684; x_wconf 89' lang='lat' dir='ltr'><strong>pa-</strong></span> 
     </span>
    </p>
   </div>
   <div class='ocr_carea' id='block_1_102' title="bbox 741 5718 1236 5786">
    <p class='ocr_par' dir='ltr' id='par_1_102' title="bbox 741 5718 1236 5786">
     <span class='ocr_line' id='line_1_102' title="bbox 741 5718 1236 5786; baseline 0.018 -15"><span class='ocrx_word' id='word_1_823' title='bbox 741 5727 767 5754; x_wconf 66' lang='grc' dir='ltr'>α</span> <span class='ocrx_word' id='word_1_824' title='bbox 808 5718 915 5786; x_wconf 83' lang='lat' dir='ltr'><strong>AL,</strong></span> <span class='ocrx_word' id='word_1_825' title='bbox 944 5720 1236 5782; x_wconf 81' lang='lat' dir='ltr'><strong>illocaliter.</strong></span> 
     </span>
    </p>
   </div>
   <div class='ocr_carea' id='block_1_103' title="bbox 738 5789 1206 5860">
    <p class='ocr_par' dir='ltr' id='par_1_103' title="bbox 738 5789 1206 5860">
     <span class='ocr_line' id='line_1_103' title="bbox 738 5789 1206 5860; baseline 0.006 -15"><span class='ocrx_word' id='word_1_826' title='bbox 738 5789 766 5830; x_wconf 70' lang='grc'><em>³³</em></span> <span class='ocrx_word' id='word_1_827' title='bbox 817 5791 925 5858; x_wconf 77' lang='lat' dir='ltr'><strong>AL,</strong></span> <span class='ocrx_word' id='word_1_828' title='bbox 959 5796 1206 5860; x_wconf 79' lang='lat' dir='ltr'><strong>persistit.</strong></span> 
     </span>
    </p>
   </div>
   <div class='ocr_carea' id='block_1_104' title="bbox 2362 4681 3915 4760">
    <p class='ocr_par' dir='ltr' id='par_1_104' title="bbox 2362 4681 3915 4760">
     <span class='ocr_line' id='line_1_104' title="bbox 2362 4681 3915 4760; baseline -0.006 -14"><span class='ocrx_word' id='word_1_829' title='bbox 2362 4689 2551 4746; x_wconf 90' lang='lat' dir='ltr'><strong>obsisti</strong></span> <span class='ocrx_word' id='word_1_830' title='bbox 2591 4696 2791 4760; x_wconf 88' lang='lat' dir='ltr'><strong>potest,</strong></span> <span class='ocrx_word' id='word_1_831' title='bbox 2820 4705 2920 4744; x_wconf 91' lang='lat' dir='ltr'><strong>nec</strong></span> <span class='ocrx_word' id='word_1_832' title='bbox 2954 4689 3164 4744; x_wconf 88' lang='lat' dir='ltr'><strong>miseris</strong></span> <span class='ocrx_word' id='word_1_833' title='bbox 3182 4686 3469 4743; x_wconf 88' lang='lat' dir='ltr'><strong>beatitudo</strong></span> <span class='ocrx_word' id='word_1_834' title='bbox 3489 4684 3705 4742; x_wconf 89' lang='lat' dir='ltr'><strong>misceri</strong></span> <span class='ocrx_word' id='word_1_835' title='bbox 3728 4701 3742 4750; x_wconf 90' lang='lat'><strong>;</strong></span> <span class='ocrx_word' id='word_1_836' title='bbox 3762 4681 3915 4754; x_wconf 80' lang='lat' dir='ltr'><strong>prolo-</strong></span> 
     </span>
    </p>
   </div>
   <div class='ocr_carea' id='block_1_105' title="bbox 2362 4772 3923 4852">
    <p class='ocr_par' dir='ltr' id='par_1_105' title="bbox 2362 4772 3923 4852">
     <span class='ocr_line' id='line_1_105' title="bbox 2362 4772 3923 4852; baseline -0.007 -15"><span class='ocrx_word' id='word_1_837' title='bbox 2362 4783 2578 4852; x_wconf 91' lang='lat' dir='ltr'><strong>quiique</strong></span> <span class='ocrx_word' id='word_1_838' title='bbox 2592 4781 2814 4851; x_wconf 74' lang='lat' dir='ltr'><strong>hujusce</strong></span> <span class='ocrx_word' id='word_1_839' title='bbox 2831 4781 3166 4852; x_wconf 88' lang='lat' dir='ltr'><strong>perplexum,</strong></span> <span class='ocrx_word' id='word_1_840' title='bbox 3187 4779 3312 4850; x_wconf 87' lang='lat' dir='ltr'><strong>quia</strong></span> <span class='ocrx_word' id='word_1_841' title='bbox 3323 4793 3452 4834; x_wconf 88' lang='lat' dir='ltr'><strong>cum</strong></span> <span class='ocrx_word' id='word_1_842' title='bbox 3469 4778 3620 4850; x_wconf 85' lang='lat' dir='ltr'><strong>lippo</strong></span> <span class='ocrx_word' id='word_1_843' title='bbox 3633 4772 3923 4844; x_wconf 84' lang='lat' dir='ltr'><strong>imaginatio-</strong></span> 
     </span>
    </p>
   </div>
   <div class='ocr_carea' id='block_1_106' title="bbox 2362 4862 3920 4944">
    <p class='ocr_par' dir='ltr' id='par_1_106' title="bbox 2362 4862 3920 4944">
     <span class='ocr_line' id='line_1_106' title="bbox 2362 4862 3920 4944; baseline -0.008 -16"><span class='ocrx_word' id='word_1_844' title='bbox 2362 4889 2491 4928; x_wconf 92' lang='lat' dir='ltr'><strong>num</strong></span> <span class='ocrx_word' id='word_1_845' title='bbox 2536 4872 2902 4944; x_wconf 90' lang='lat' dir='ltr'><strong>corporalium</strong></span> <span class='ocrx_word' id='word_1_846' title='bbox 2931 4872 3074 4927; x_wconf 90' lang='lat' dir='ltr'><strong>intro</strong></span> <span class='ocrx_word' id='word_1_847' title='bbox 3102 4871 3368 4942; x_wconf 90' lang='lat' dir='ltr'><strong>inspicere</strong></span> <span class='ocrx_word' id='word_1_848' title='bbox 3392 4869 3706 4940; x_wconf 89' lang='lat' dir='ltr'><strong>nequimus,</strong></span> <span class='ocrx_word' id='word_1_849' title='bbox 3734 4862 3920 4922; x_wconf 79' lang='lat' dir='ltr'><strong>semotis</strong></span> 
     </span>
    </p>
   </div>
   <div class='ocr_carea' id='block_1_107' title="bbox 2361 4958 3925 5039">
    <p class='ocr_par' dir='ltr' id='par_1_107' title="bbox 2361 4958 3925 5039">
     <span class='ocr_line' id='line_1_107' title="bbox 2361 4958 3925 5039; baseline -0.008 -17"><span class='ocrx_word' id='word_1_850' title='bbox 2361 4966 2637 5039; x_wconf 90' lang='lat' dir='ltr'><strong>paululum</strong></span> <span class='ocrx_word' id='word_1_851' title='bbox 2663 4965 2797 5021; x_wconf 89' lang='lat' dir='ltr'><strong>locis</strong></span> <span class='ocrx_word' id='word_1_852' title='bbox 2823 4964 3252 5036; x_wconf 90' lang='lat' dir='ltr'><strong>corporibusque</strong></span> <span class='ocrx_word' id='word_1_853' title='bbox 3270 4961 3579 5028; x_wconf 85' lang='lat' dir='ltr'><strong>videamus,</strong></span> <span class='ocrx_word' id='word_1_854' title='bbox 3604 4969 3662 5017; x_wconf 89' lang='lat' dir='ltr'><strong>et</strong></span> <span class='ocrx_word' id='word_1_855' title='bbox 3683 4960 3768 5015; x_wconf 92' lang='lat' dir='ltr'><strong>ubi</strong></span> <span class='ocrx_word' id='word_1_856' title='bbox 3779 4958 3844 5012; x_wconf 86' lang='lat' dir='ltr'><strong>ita</strong></span> <span class='ocrx_word' id='word_1_857' title='bbox 3861 4963 3925 5008; x_wconf 81' lang='lat' dir='ltr'><strong>te-</strong></span> 
     </span>
    </p>
   </div>
   <div class='ocr_carea' id='block_1_108' title="bbox 2360 5049 3924 5129">
    <p class='ocr_par' dir='ltr' id='par_1_108' title="bbox 2360 5049 3924 5129">
     <span class='ocr_line' id='line_1_108' title="bbox 2360 5049 3924 5129; baseline -0.011 -15"><span class='ocrx_word' id='word_1_858' title='bbox 2360 5075 2460 5114; x_wconf 92' lang='lat' dir='ltr'><strong>nus</strong></span> <span class='ocrx_word' id='word_1_859' title='bbox 2483 5059 2623 5113; x_wconf 87' lang='lat' dir='ltr'><strong>inter</strong></span> <span class='ocrx_word' id='word_1_860' title='bbox 2635 5057 2918 5129; x_wconf 89' lang='lat' dir='ltr'><strong>quospiam</strong></span> <span class='ocrx_word' id='word_1_861' title='bbox 2928 5056 3130 5126; x_wconf 90' lang='lat' dir='ltr'><strong>judicio</strong></span> <span class='ocrx_word' id='word_1_862' title='bbox 3144 5055 3407 5112; x_wconf 90' lang='lat' dir='ltr'><strong>discretos</strong></span> <span class='ocrx_word' id='word_1_863' title='bbox 3431 5056 3754 5111; x_wconf 89' lang='lat' dir='ltr'><strong>immensum</strong></span> <span class='ocrx_word' id='word_1_864' title='bbox 3767 5049 3924 5106; x_wconf 85' lang='lat' dir='ltr'><strong>dicitur</strong></span> 
     </span>
    </p>
   </div>
   <div class='ocr_carea' id='block_1_109' title="bbox 2359 5129 3921 5220">
    <p class='ocr_par' dir='ltr' id='par_1_109' title="bbox 2359 5129 3921 5220">
     <span class='ocr_line' id='line_1_109' title="bbox 2359 5129 3921 5220; baseline -0.004 -13"><span class='ocrx_word' id='word_1_865' title='bbox 2359 5150 2610 5220; x_wconf 89' lang='lat' dir='ltr'><strong>spatium,</strong></span> <span class='ocrx_word' id='word_1_866' title='bbox 2637 5157 2698 5204; x_wconf 92' lang='lat' dir='ltr'><strong>ut</strong></span> <span class='ocrx_word' id='word_1_867' title='bbox 2726 5149 2892 5205; x_wconf 90' lang='lat' dir='ltr'><strong>etiam</strong></span> <span class='ocrx_word' id='word_1_868' title='bbox 2917 5129 3184 5206; x_wconf 83' lang='lat' dir='ltr'><strong>sermonis</strong></span> <span class='ocrx_word' id='word_1_869' title='bbox 3205 5147 3374 5217; x_wconf 89' lang='lat' dir='ltr'><strong>possit</strong></span> <span class='ocrx_word' id='word_1_870' title='bbox 3409 5162 3541 5202; x_wconf 92' lang='lat' dir='ltr'><strong>esse</strong></span> <span class='ocrx_word' id='word_1_871' title='bbox 3560 5142 3921 5203; x_wconf 67' lang='lat' dir='ltr'><strong>commercium.</strong></span> 
     </span>
    </p>
   </div>
   <div class='ocr_carea' id='block_1_110' title="bbox 2359 5229 3924 5307">
    <p class='ocr_par' dir='ltr' id='par_1_110' title="bbox 2359 5229 3924 5307">
     <span class='ocr_line' id='line_1_110' title="bbox 2359 5229 3924 5307; baseline -0.006 -9"><span class='ocrx_word' id='word_1_872' title='bbox 2359 5243 2849 5299; x_wconf 87' lang='lat' dir='ltr'><strong>animadvertamus</strong></span> <span class='ocrx_word' id='word_1_873' title='bbox 2879 5258 2986 5298; x_wconf 92' lang='lat' dir='ltr'><strong>non</strong></span> <span class='ocrx_word' id='word_1_874' title='bbox 3023 5242 3267 5298; x_wconf 86' lang='lat' dir='ltr'><strong>locorum</strong></span> <span class='ocrx_word' id='word_1_875' title='bbox 3314 5236 3777 5307; x_wconf 86' lang='lat' dir='ltr'><strong>distantiam,&#39;sed</strong></span> <span class='ocrx_word' id='word_1_876' title='bbox 3800 5229 3924 5289; x_wconf 70' lang='lat' dir='ltr'><strong>diﬁc-</strong></span> 
     </span>
    </p>
   </div>
   <div class='ocr_carea' id='block_1_111' title="bbox 2358 5319 3926 5406">
    <p class='ocr_par' dir='ltr' id='par_1_111' title="bbox 2358 5319 3926 5406">
     <span class='ocr_line' id='line_1_111' title="bbox 2358 5319 3926 5406; baseline -0.011 -14"><span class='ocrx_word' id='word_1_877' title='bbox 2358 5337 2588 5392; x_wconf 89' lang='lat' dir='ltr'><strong>rentiam</strong></span> <span class='ocrx_word' id='word_1_878' title='bbox 2611 5338 2946 5394; x_wconf 87' lang='lat' dir='ltr'><strong>meritorum.</strong></span> <span class='ocrx_word' id='word_1_879' title='bbox 2979 5336 3112 5392; x_wconf 88' lang='lat' dir='ltr'><strong>Cum</strong></span> <span class='ocrx_word' id='word_1_880' title='bbox 3138 5335 3287 5406; x_wconf 91' lang='lat' dir='ltr'><strong>justo</strong></span> <span class='ocrx_word' id='word_1_881' title='bbox 3316 5349 3584 5404; x_wconf 88' lang='lat' dir='ltr'><strong>namque,</strong></span> <span class='ocrx_word' id='word_1_882' title='bbox 3612 5338 3852 5403; x_wconf 87' lang='lat' dir='ltr'><strong>quantum</strong></span> <span class='ocrx_word' id='word_1_883' title='bbox 3874 5319 3926 5376; x_wconf 85' lang='lat' dir='ltr'><strong>ad</strong></span> 
     </span>
    </p>
   </div>
   <div class='ocr_carea' id='block_1_112' title="bbox 2358 5415 3925 5500">
    <p class='ocr_par' dir='ltr' id='par_1_112' title="bbox 2358 5415 3925 5500">
     <span class='ocr_line' id='line_1_112' title="bbox 2358 5415 3925 5500; baseline -0.01 -16"><span class='ocrx_word' id='word_1_884' title='bbox 2358 5443 2556 5499; x_wconf 87' lang='lat' dir='ltr'><strong>corpus</strong></span> <span class='ocrx_word' id='word_1_885' title='bbox 2581 5436 2823 5500; x_wconf 89' lang='lat' dir='ltr'><strong>spectat,</strong></span> <span class='ocrx_word' id='word_1_886' title='bbox 2855 5428 3100 5485; x_wconf 91' lang='lat' dir='ltr'><strong>localiter</strong></span> <span class='ocrx_word' id='word_1_887' title='bbox 3122 5443 3242 5484; x_wconf 87' lang='lat' dir='ltr'><strong>esse</strong></span> <span class='ocrx_word' id='word_1_888' title='bbox 3271 5425 3515 5496; x_wconf 75' lang='lat' dir='ltr'><strong>iniustus</strong></span> <span class='ocrx_word' id='word_1_889' title='bbox 3542 5431 3758 5498; x_wconf 89' lang='lat' dir='ltr'><strong>potest;</strong></span> <span class='ocrx_word' id='word_1_890' title='bbox 3787 5415 3925 5487; x_wconf 84' lang='lat' dir='ltr'><strong>injus-</strong></span> 
     </span>
    </p>
   </div>
   <div class='ocr_carea' id='block_1_113' title="bbox 2361 5512 3926 5590">
    <p class='ocr_par' dir='ltr' id='par_1_113' title="bbox 2361 5512 3926 5590">
     <span class='ocr_line' id='line_1_113' title="bbox 2361 5512 3926 5590; baseline -0.002 -15"><span class='ocrx_word' id='word_1_891' title='bbox 2361 5529 2446 5576; x_wconf 89' lang='lat' dir='ltr'><strong>tus</strong></span> <span class='ocrx_word' id='word_1_892' title='bbox 2460 5537 2590 5576; x_wconf 89' lang='lat' dir='ltr'><strong>vero</strong></span> <span class='ocrx_word' id='word_1_893' title='bbox 2605 5536 2724 5577; x_wconf 90' lang='lat' dir='ltr'><strong>esse</strong></span> <span class='ocrx_word' id='word_1_894' title='bbox 2745 5522 2799 5576; x_wconf 93' lang='lat' dir='ltr'><strong>in</strong></span> <span class='ocrx_word' id='word_1_895' title='bbox 2821 5512 3128 5577; x_wconf 88' lang='lat' dir='ltr'><strong>innocentia</strong></span> <span class='ocrx_word' id='word_1_896' title='bbox 3145 5519 3309 5590; x_wconf 87' lang='lat' dir='ltr'><strong>justi,</strong></span> <span class='ocrx_word' id='word_1_897' title='bbox 3332 5518 3522 5590; x_wconf 86' lang='lat' dir='ltr'><strong>quoad</strong></span> <span class='ocrx_word' id='word_1_898' title='bbox 3545 5531 3718 5588; x_wconf 87' lang='lat' dir='ltr'><strong>usque</strong></span> <span class='ocrx_word' id='word_1_899' title='bbox 3735 5513 3926 5582; x_wconf 63' lang='lat' dir='ltr'><strong>iniustus</strong></span> 
     </span>
    </p>
   </div>
   <div class='ocr_carea' id='block_1_114' title="bbox 2357 5593 3925 5686">
    <p class='ocr_par' dir='ltr' id='par_1_114' title="bbox 2357 5593 3925 5686">
     <span class='ocr_line' id='line_1_114' title="bbox 2357 5593 3925 5686; baseline -0.006 -16"><span class='ocrx_word' id='word_1_900' title='bbox 2357 5620 2460 5681; x_wconf 90' lang='lat' dir='ltr'><strong>est,</strong></span> <span class='ocrx_word' id='word_1_901' title='bbox 2510 5631 2618 5669; x_wconf 90' lang='lat' dir='ltr'><strong>non</strong></span> <span class='ocrx_word' id='word_1_902' title='bbox 2660 5621 2856 5686; x_wconf 89' lang='lat' dir='ltr'><strong>potest.</strong></span> <span class='ocrx_word' id='word_1_903' title='bbox 2892 5611 3047 5670; x_wconf 88' lang='lat' dir='ltr'><strong>Unde</strong></span> <span class='ocrx_word' id='word_1_904' title='bbox 3072 5611 3199 5684; x_wconf 89' lang='lat' dir='ltr'><strong>quia</strong></span> <span class='ocrx_word' id='word_1_905' title='bbox 3228 5617 3353 5683; x_wconf 90' lang='lat' dir='ltr'><strong>post</strong></span> <span class='ocrx_word' id='word_1_906' title='bbox 3376 5616 3624 5667; x_wconf 88' lang='lat' dir='ltr'><strong>mortem</strong></span> <span class='ocrx_word' id='word_1_907' title='bbox 3669 5620 3768 5664; x_wconf 91' lang='lat' dir='ltr'><strong>nec</strong></span> <span class='ocrx_word' id='word_1_908' title='bbox 3785 5593 3925 5676; x_wconf 76' lang='grc' dir='ltr'><strong>ιιωηὶ-</strong></span> 
     </span>
    </p>
   </div>
   <div class='ocr_carea' id='block_1_115' title="bbox 2359 5730 2753 5803">
    <p class='ocr_par' dir='ltr' id='par_1_115' title="bbox 2359 5730 2753 5803">
     <span class='ocr_line' id='line_1_115' title="bbox 2359 5730 2753 5803; baseline -0.015 -13"><span class='ocrx_word' id='word_1_909' title='bbox 2359 5750 2398 5803; x_wconf 45' lang='grc' dir='ltr'><em>μ</em></span> <span class='ocrx_word' id='word_1_910' title='bbox 2425 5739 2446 5768; x_wconf 75' lang='grc' dir='ltr'><strong>ο</strong></span> <span class='ocrx_word' id='word_1_911' title='bbox 2474 5730 2587 5800; x_wconf 83' lang='grc' dir='ltr'><strong>ΑΙ.,</strong></span> <span class='ocrx_word' id='word_1_912' title='bbox 2612 5731 2753 5786; x_wconf 81' lang='lat' dir='ltr'><strong>item.</strong></span> 
     </span>
    </p>
   </div>
  </div>
