4140 6346
243 329 348 392 769

1414 333 1504 390 DE
1539 325 1764 391 STATU
1805 329 2044 389 ANIME
2088 330 2218 390 LIB.
2258 332 2348 390 III.

3408 331 3516 394 πυ

239 459 355 505 tere
381 448 656 520 cuiquam,
683 464 785 507 nec
809 464 1036 523 peccare
1063 449 1321 523 possibile
1348 458 1452 517 est,
1481 450 1623 506 inter
1649 450 1824 506 salva-
1847 454 1904 516 Δ
1923 451 2287 523 gilantemque
2314 451 2473 508 simul
2497 465 2684 522 quaero
2709 450 2991 507 lectorem.
3018 449 3177 506 Visus
3213 409 3379 507 animi
3413 467 3512 524 per

237 551 324 596 tos
347 549 404 596 et
425 541 666 614 perditos
687 543 1121 600 intransmeabile
1147 542 1342 599 dicitur
1368 543 1552 608 chaos,
1577 541 1822 598 indemn-

237 633 416 689 tabilis
460 641 653 691 status.
685 632 800 692 Tua
839 635 1001 706 igitur
1039 634 1298 692 adversus
1327 643 1381 691 te
1411 633 1582 690 fertur
1625 634 1820 691 oratio.

234 724 442 798 Nempe
469 727 837 783 testimonium
856 727 1011 798 quod
1031 743 1062 782 a
1092 726 1249 782 nobis
1281 736 1306 764 ι
1335 725 1702 797 disparascere
1737 740 1824 780 ar-

232 815 545 885 bitrabaris,
571 818 952 875 animadvertis
980 818 1262 876 nobiscum
1302 817 1546 890 profectu
1583 818 1823 889 disputa-

233 909 399 965 tionis
435 926 715 978 unescerc,
767 911 970 982 tibique
997 911 1344 966 tenuissimas
1372 911 1453 966 sui
1482 910 1723 965 tramites
1754 908 1823 963 ad

230 1003 441 1059 inﬁnita
472 1004 759 1060 illocalium
787 1005 1065 1074 regionum
1095 1005 1268 1074 spatia
1298 1003 1554 1059 ducentes
1593 1003 1822 1058 obverso

228 1104 390 1166 poste
411 1095 660 1152 claudere
701 1115 715 1150 :
755 1096 880 1167 quia
908 1111 1184 1167 corporeae
1223 1094 1591 1166 amplitudinis
1627 1107 1823 1163 angus-

229 1193 349 1240 tum
398 1187 818 1256 incorporalium
859 1187 1216 1243 subtilitatum
1263 1188 1524 1243 immensa
1573 1201 1680 1241 non
1727 1201 1822 1240 ca-

224 1280 409 1353 piens,
449 1295 550 1336 nec
586 1280 895 1335 distantiam
944 1281 1062 1336 sine
1108 1281 1251 1348 loco,
1299 1296 1403 1337 nec
1440 1281 1661 1337 verbum
1705 1281 1823 1336 sine

225 1373 482 1444 strepitu,
511 1388 613 1428 nec
637 1373 898 1442 gremium
939 1374 1055 1430 sine
1093 1374 1270 1445 spatio
1299 1374 1584 1445 complecti
1619 1381 1818 1444 potest.

224 1463 405 1522 Porro
432 1475 612 1523 autem
637 1482 897 1539 corporea
927 1484 1038 1523 non
1056 1476 1200 1534 sunt,
1223 1483 1560 1539 quaecunque
1581 1468 1654 1523 ita
1675 1475 1818 1522 sunt.

224 1559 445 1614 Anima:
471 1574 604 1616 vero
632 1559 880 1626 Abrahm,
911 1559 1099 1615 Lazari
1128 1569 1183 1616 et
1204 1559 1383 1615 divitis
1411 1561 1484 1615 ita
1505 1569 1630 1616 sunt
1659 1579 1671 1614 :
1701 1576 1822 1615 cor-

222 1665 412 1722 porcae
449 1651 610 1720 igitur
648 1667 754 1706 non
795 1661 938 1708 sunt.
979 1651 1086 1708 Sed
1113 1667 1232 1722 qum
1260 1662 1381 1722 post
1423 1653 1550 1707 hinc
1580 1653 1725 1708 hisce
1753 1653 1826 1707 si-

223 1745 378 1802 milia
405 1755 721 1817 sequuntur,
743 1749 921 1804 minus
947 1748 1190 1820 profecto
1210 1749 1265 1804 in
1287 1748 1710 1804 confutationem
1741 1748 1824 1803 sui

1925 560 2124 616 corpus
2147 545 2240 615 qui
2262 544 2468 601 homini
2495 544 2794 616 bellumque
2820 543 3123 600 communis
3149 551 3253 608 est,
3285 542 3511 600 intendit

1923 653 2046 694 sese
2093 646 2254 709 atque
2301 638 2502 694 exserit
2543 654 2642 710 per
2679 639 2783 694 ista
2810 637 2925 693 hinc
2950 644 3149 708 puncta
3183 635 3510 708 pupillarum

1923 739 2187 801 vaporato
2228 730 2435 787 cerebri
2474 729 2746 786 anteriore
2786 727 3109 795 ventriculo,
3156 727 3510 785 invisibilibus

1926 821 2189 877 viscerum
2210 821 2458 890 ﬂammis;
2489 822 2650 892 inque
2675 820 2858 878 radios
2875 835 3144 892 porosque
3162 835 3506 892 promanans,

1925 911 2118 982 siquid
2145 912 2346 968 coloris
2373 921 2465 968 aut
2491 911 2677 968 forma:
2719 912 2938 968 obvium
2979 913 3205 984 ceperit,
3252 913 3506 984 concipit,

1926 1011 1982 1059 et
2011 1004 2086 1058 uti
2113 1020 2272 1060 cursu
2299 1004 2372 1059 ita
2400 1005 2561 1060 etiam
2591 1019 2812 1061 recursu
2839 1004 3039 1075 rapidis
3065 1005 3325 1060 linearum
3361 1018 3512 1060 mea-

1925 1096 2068 1152 tibus
2096 1095 2307 1167 recipit.
2337 1095 2645 1167 ltaque‘boc
2673 1096 2804 1152 illud
2831 1105 2914 1152 est
2941 1095 3087 1166 quod
3107 1105 3330 1152 vocatur
3346 1097 3505 1164 visus,

1923 1189 2064 1245 sicut
2091 1189 2145 1244 in
2174 1190 2348 1260 primo
2376 1189 2514 1246 libro
2540 1189 2907 1246 disseruimus.
2941 1187 3046 1245 Per
3064 1190 3207 1246 hunc
3225 1203 3357 1260 ergo
3383 1205 3508 1246 cum

1925 1283 2103 1339 bellua
2132 1284 2399 1340 humanus
2425 1299 2640 1355 quoque
2668 1285 2878 1340 animus
2897 1292 3025 1341 nota
3053 1283 3122 1339 ab
3149 1285 3365 1356 ignotis,
3387 1284 3508 1341 alba

1925 1376 1994 1430 ab
2023 1377 2153 1431 atris
2179 1392 2410 1448 corpora
2437 1377 2689 1433 secernit.
2720 1376 2955 1433 Huccine
2985 1383 3142 1432 tenus
3174 1384 3258 1432 est
3285 1375 3509 1431 humani

1925 1468 2072 1523 visus
2099 1468 2306 1523 animi?
2353 1466 2471 1535 Quo
2518 1468 2682 1536 igitur
2715 1467 2860 1537 justa
2908 1468 2976 1523 ab
3028 1468 3261 1538 injustis,
3302 1482 3334 1522 a
3362 1467 3510 1523 falsis

1925 1577 2052 1616 vera
2095 1559 2396 1630 dijudicat?
2423 1560 2505 1614 An
2533 1559 2712 1615 forsan
2739 1559 2999 1615 vecordes
3023 1560 3219 1616 oculati
3249 1571 3510 1631 corpora-

1928 1654 2052 1709 liter
2065 1652 2267 1722 judicio
2291 1653 2578 1708 credentur
2613 1667 2788 1707 σωροῦ
2815 1653 3022 1707 anteire
3048 1653 3362 1723 sapientes?
3403 1651 3512 1708 Sed

1928 1745 2014 1800 vel
2040 1745 2268 1815 Appium
2296 1745 2364 1801 de
2393 1744 2639 1800 Romano
2658 1755 2867 1810 senatu,
2899 1743 2984 1798 vel
3010 1743 3415 1815 Hermophilum
3443 1744 3512 1802 de

223 1853 400 1911 penes
427 1840 636 1896 consilii
664 1839 693 1879 δ
721 1842 908 1911 vigiles
934 1841 1138 1897 habere
1166 1840 1367 1896 laboris
1386 1839 1606 1895 debent.
1634 1851 1656 1880 ο
1684 1837 1823 1894 Cor-
1853 1839 1900 1898 Β
1927 1835 2116 1891 Grmco
2161 1837 2459 1909 gymnasio,
2509 1837 2596 1892 vel
2625 1835 2848 1891 Tobiam
2894 1834 2962 1890 de
3000 1833 3386 1905 prophetarum
3411 1851 3512 1890 nu-

223 1930 390 1987 datus
416 1933 615 2004 quippe
637 1931 800 2003 judex
830 1934 931 1989 rite
961 1933 1162 1990 victum
1192 1940 1398 1998 censet,
1427 1931 1572 2002 quod
1611 1948 1710 2002 pro
1745 1933 1826 1987 sui

228 2021 606 2079 imbecillitate
645 2039 744 2095 par
781 2025 940 2081 victis
979 2032 1082 2080 est.
1138 2022 1290 2078 Unde
1320 2039 1427 2078 non
1469 2024 1586 2078 sine
1621 2023 1829 2094 pudore

227 2120 448 2185 stupeo,
478 2113 624 2184 quod
650 2131 750 2186 pro
787 2114 1192 2186 comprobanda
1221 2115 1411 2168 animm
1449 2113 1830 2184 corporalitate

227 2206 512 2277 subjungis
544 2226 556 2262 :
588 2206 726 2264 Ecce
753 2209 935 2263 anima
963 2206 1010 2261 si
1056 2205 1434 2260 Alexandriam
1462 2206 1546 2260 vel
1575 2204 1831 2260 Hieroso-

231 2295 435 2370 lymam
465 2299 691 2368 cogitat,
739 2307 796 2354 et
817 2299 862 2354 si
893 2313 993 2368 per
1021 2296 1404 2363 cogitationem
1433 2304 1545 2350 tota
1582 2296 1664 2350 sui
1691 2311 1826 2365 prac-

227 2390 409 2444 sentia
439 2391 549 2446 illic
574 2390 836 2456 interfuit,
865 2388 1071 2444 referat
1089 2387 1244 2442 nobis
1268 2387 1403 2442 situs
1430 2375 1700 2451 locorum,
1715 2386 1833 2441 vul-

229 2487 322 2536 tus
349 2482 653 2544 hominum,
685 2489 866 2536 motus
893 2488 1155 2547 actusque
1181 2478 1524 2549 populorum.
1548 2477 1698 2533 Nunc
1724 2477 1832 2532 dis-

155 2557 167 2562 -
227 2573 407 2644 pudet
453 2581 728 2628 auctorem
774 2573 934 2642 hujus
997 2571 1276 2627 sententia:
1336 2580 1600 2642 exempta:
1640 2572 1830 2626 anima:

230 2665 637 2734 corporalitatis
665 2679 947 2736 capessere
974 2664 1248 2730 indicium,
1297 2663 1436 2719 unde
1473 2664 1826 2734 incorporali-

232 2754 368 2809 tatis
397 2754 565 2811 videri
593 2755 775 2812 debuit
803 2763 1193 2824 argumentum.

309 2845 374 2898 ll.
403 2845 674 2901 Hactenus
694 2846 906 2917 quidem
937 2845 1005 2901 de
1032 2847 1195 2900 animi
1222 2847 1540 2918 incorporea
1570 2855 1732 2917 atque
1757 2847 1825 2902 il-

227 2932 394 2990 locati
420 2936 624 3011 visione
650 2937 897 3001 disserui,
925 2951 991 2992 ac
1019 2936 1221 3007 liquido
1241 2939 1416 3009 patuit
1437 2938 1687 2994 eumdem
1707 2938 1826 2992 nul-

228 3026 283 3084 la
308 3027 579 3084 mediante
607 3029 926 3094 substantia,
975 3037 1177 3085 aeterna
1223 3030 1382 3086 simul
1425 3039 1590 3100 atque
1634 3029 1827 3084 immu-

227 3119 416 3175 tabilis
455 3121 721 3177 contueri.
757 3120 925 3190 Igitur
959 3136 1082 3177 cum
1110 3122 1386 3178 rationalis
1435 3122 1612 3177 anima
1640 3137 1738 3192 per
1765 3135 1824 3176 se

1929 1945 2082 1985 mero
2135 1945 2298 2000 super
2343 1929 2594 1997 ambiguo
2637 1928 2890 1999 praesenti
2945 1935 3116 1984 testes
3173 1926 3512 1982 habeamus:

1929 2037 2157 2090 quorum
2189 2021 2273 2075 vel
2302 2021 2507 2091 Appius
2535 2021 2615 2075 eis
2635 2021 2728 2088 qui
2756 2019 2992 2075 exterius
3019 2019 3286 2074 clarerent
3323 2017 3513 2081 oculis,

1929 2123 1985 2169 et
2016 2115 2240 2167 interius
2285 2114 2616 2176 caacutirent,
2657 2112 2868 2168 consilii
2914 2112 3094 2167 lumen
3138 2109 3394 2181 praebuit;
3431 2109 3516 2166 vel

1933 2203 2312 2275 Hcrmophilus
2351 2203 2759 2274 Theopompum
2789 2202 3175 2272 geometricam
3219 2201 3338 2257 sine
3364 2199 3520 2256 radio

1932 2296 2146 2361 docuit;
2170 2296 2255 2351 vel
2271 2294 2470 2350 Tobias
2499 2293 2610 2350 ﬁlio
2639 2294 2766 2349 dum
2779 2293 2918 2358 ,εωιὶ
2943 2293 3048 2348 iter
3064 2281 3294 2364 praevius
3312 2290 3517 2363 pandit,

1932 2386 2183 2455 angelum
2213 2387 2467 2442 comitem
2503 2385 2667 2441 dedit.
2701 2385 2860 2441 Videt
2888 2386 3050 2455 igitur
3078 2385 3291 2440 animus
3315 2384 3522 2455 absque

1930 2497 2182 2551 corpore,
2209 2497 2308 2536 nec
2335 2481 2708 2550 corpulentmn
2737 2477 2939 2549 aliquid
2982 2487 3076 2533 aut
3101 2477 3402 2534 coloratum
3428 2485 3523 2535 aut

1930 2563 2028 2642 per
2056 2571 2173 2626 loca
2203 2572 2514 2638 distentum,
2543 2571 2640 2627 sed
2661 2572 2832 2642 ipsam
2843 2571 3125 2626 veritatem
3149 2570 3289 2643 (qua:
3313 2585 3521 2627 summa

1929 2663 2247 2734 incorporea
2277 2663 2418 2719 Deus
2446 2664 2550 2736 est)
2581 2665 2904 2735 incorporeo
2928 2663 3330 2735 contemplatur
3361 2662 3521 2718 obtu-
3619 2717 3628 2723 .

1927 2763 2006 2809 tu.
2039 2751 2213 2820 Patet,
2246 2763 2305 2810 ut
2329 2755 2580 2822 arbitror,
2612 2757 2850 2811 animum
2872 2764 2928 2810 et
2954 2772 3053 2826 per
3089 2772 3150 2812 se
3179 2756 3519 2825 incorporea,

1927 2855 1985 2902 et
2010 2862 2109 2917 per
2131 2862 2329 2916 corpus
2349 2847 2533 2901 videre
2558 2862 2843 2916 corporea.

1999 2937 2084 2992 ΙΙΙ.
2113 2937 2220 2993 Sed
2247 2937 2376 2992 illud
2405 2937 2580 2994 adhuc
2599 2947 2820 3009 propter
2844 2940 3009 3010 tepidi
3046 2939 3246 3010 iecoris
3289 2939 3520 2996 homun-

1929 3030 2080 3086 culos
2135 3029 2327 3085 discuti
2385 3039 2659 3101 superest,
2687 3039 2993 3087 utrumnam
3034 3047 3296 3103 corporea
3323 3047 3422 3103 per
3459 3048 3519 3090 se

1927 3122 2099 3194 possit
2124 3122 2391 3178 humanus
2411 3123 2622 3180 animus
2642 3123 2824 3180 videre
2845 3124 2963 3180 sine
2982 3139 3231 3196 corpore.
3247 3123 3400 3182 Nunc
3429 3125 3520 3196 igi-

229 3211 611 3283 incorporeum
659 3221 820 3284 atque
850 3213 1063 3269 illocale
1103 3215 1420 3285 conspiciat,
1454 3222 1510 3270 et
1537 3216 1820 3270 veritatem
1850 3207 1897 3272 C
1929 3224 2018 3271 tur
2033 3216 2222 3272 adesto
2239 3223 2475 3281 totus,et
2494 3231 2655 3286 quam
2673 3217 2816 3288 potis
2835 3232 3144 3288 esprzesens
3157 3215 3518 3288 sito.Nempe,

227 3321 350 3376 qua:
371 3304 514 3361 Deus
527 3312 630 3371 est,
651 3320 682 3360 a
702 3304 936 3360 falsitate
955 3305 1114 3375 longe
1134 3305 1455 3376 incorporea
1482 3307 1689 3362 visione
1712 3306 1822 3362 dis-

229 3406 470 3467 scernat,
501 3405 558 3454 et
591 3399 696 3454 nisi
732 3414 831 3469 per
851 3413 1049 3469 corpus
1085 3399 1277 3454 localia
1316 3414 1684 3472 corporeaque
1710 3416 1819 3455 non

225 3487 492 3558 videantl
517 3504 763 3560 quamam
793 3490 934 3546 ratio
962 3497 1062 3557 est,
1093 3490 1200 3546 illis
1226 3491 1469 3547 eamdem
1492 3491 1642 3548 credi
1668 3492 1819 3548 simi-

224 3586 335 3643 lem
365 3585 436 3642 ad
462 3601 582 3658 quae
619 3585 996 3658 conspicienda
1034 3587 1328 3658 interprete
1354 3603 1584 3660 corpore
1628 3590 1814 3654 utitur,

223 3687 281 3736 et
306 3679 416 3734 illis
443 3693 564 3750 quae
592 3693 689 3750 per
706 3695 766 3734 se
793 3679 1189 3750 contemplatur
1202 3679 1431 3750 judicari
1454 3681 1818 3736 dissimilem?

223 3771 437 3828 Anima:
457 3771 614 3837 visio,
643 3783 701 3826 ut
729 3786 872 3842 saepe
893 3771 1096 3827 dictum
1123 3783 1226 3838 est,
1276 3789 1377 3829 nec
1423 3774 1621 3828 iterare
1647 3773 1814 3843 piget,

223 3863 532 3922 intellectus
549 3870 651 3919 est.
672 3861 961 3918 Enimvero
980 3878 1244 3933 corporea
1265 3863 1490 3932 intelligi
1511 3871 1814 3934 nequeunt;

223 3955 419 4012 sentiri
451 3955 518 4010 ab
570 3955 748 4010 anima
797 3969 898 4024 per
941 3969 1137 4025 corpus
1192 3962 1416 4024 queunt.
1457 3955 1648 4011 Anima
1686 3970 1816 4011 vero

223 4051 370 4107 sicut
397 4065 495 4121 per
521 4065 720 4120 corpus
746 4048 942 4111 sentit,
973 4048 1046 4102 ita
1073 4065 1171 4119 per
1207 4064 1266 4104 se
1306 4049 1574 4118 intelligit.
1616 4049 1818 4105 Eorum

222 4159 344 4216 qua:
377 4143 681 4198 sentiuntur
707 4150 870 4212 atque
897 4142 1281 4212 intelliguntur,
1323 4143 1619 4199 substantia
1658 4145 1817 4213 longe

222 4234 440 4290 diversa
464 4239 566 4288 est.
598 4231 717 4300 Quo
755 4232 816 4287 iit
844 4240 904 4286 ut
944 4233 1142 4299 anima,
1181 4235 1306 4303 quia
1344 4251 1452 4290 non
1483 4243 1566 4291 est
1597 4251 1812 4306 corpus,

221 4340 453 4398 quaeque
479 4339 741 4396 corporea
764 4324 866 4380 nisi
899 4340 997 4396 per
1023 4341 1221 4397 corpus
1249 4327 1451 4393 sentire
1486 4344 1592 4384 non
1623 4329 1812 4400 possit,

222 4421 412 4479 videre
453 4427 634 4475 autem
668 4434 767 4490 per
810 4434 870 4474 se
912 4434 1030 4489 qua:
1059 4420 1405 4489 intelligenda
1446 4430 1590 4489 sunt,
1619 4423 1810 4493 possit.

223 4511 302 4571 Tu
332 4529 466 4571 vero
494 4511 656 4567 nimis
680 4518 1013 4582 repugnante
1052 4514 1339 4581 sententia,
1371 4529 1636 4586 corporea
1664 4515 1815 4572 voles

1924 3317 1983 3364 ut
2004 3309 2222 3372 astruis,
2245 3309 2511 3364 humanus
2531 3309 2740 3365 animus
2755 3317 2808 3364 et
2827 3309 2939 3379 ipse
2960 3323 3255 3378 corporeus
3275 3315 3330 3362 et
3360 3314 3516 3379 septo

1921 3404 2166 3475 corporis
2187 3403 2475 3458 exterioris
2496 3403 2752 3467 inclusus,
2771 3402 2816 3456 si
2842 3400 2972 3470 quid
2997 3416 3094 3470 per
3112 3415 3172 3455 se
3198 3397 3384 3452 videre
3398 3412 3516 3453 eor-

1918 3511 2147 3566 porcum
2175 3503 2375 3564 potest,
2399 3491 2536 3546 nihil
2556 3492 2632 3546 illi
2653 3491 2857 3545 scilicet
2885 3489 3068 3544 videre
3088 3487 3391 3560 promptius
3409 3494 3512 3554 est,

1919 3602 2082 3656 quam
2111 3584 2357 3654 corporis
2384 3583 2597 3637 interna
2634 3580 2790 3650 queis
2818 3579 3101 3635 clauditur.
3136 3578 3278 3649 Age,
3311 3593 3516 3649 quteso,

1921 3675 2139 3731 intende
2169 3675 2222 3729 in
2250 3676 2456 3729 viscera
2498 3680 2588 3728 tua
2616 3680 2672 3728 et
2701 3673 2754 3727 in
2780 3687 2971 3729 omnes
3000 3671 3290 3728 admodum
3318 3685 3516 3742 corpo-

1919 3784 2040 3823 rum
2067 3775 2269 3839 partes,
2301 3775 2357 3822 et
2385 3766 2546 3821 istum
2567 3780 2730 3836 quem
2750 3765 2968 3822 dictitas
2988 3765 3153 3820 animi
3177 3762 3514 3832 corporalem

1920 3863 2114 3927 visum,
2143 3861 2212 3916 de
2238 3852 2524 3930 temetipso
2579 3860 2888 3915 renuntiato
2931 3857 2950 3896 ί
2985 3857 3116 3914 mihi
3145 3855 3412 3924 nobisque
3433 3854 3514 3910 di-

1920 3957 2051 4021 cito,
2093 3955 2288 4026 quibus
2335 3953 2529 4019 modis,
2561 3967 2740 4020 quove
2793 3951 2899 4006 situ
2945 3946 3260 4006 triformitas
3308 3946 3514 4005 cerebri
3620 3981 3626 3987 -

1919 4053 2098 4113 coeat,
2117 4046 2317 4116 jccoris
2345 4059 2520 4100 massa
2545 4043 2744 4113 jaceat,
2765 4042 2950 4111 regula
2977 4041 3133 4096 lienis
3159 4041 3379 4106 haereat,
3402 4047 3514 4095 sto-

1919 4137 2096 4192 machi
2126 4136 2263 4190 libra
2287 4133 2540 4206 pendeat,
2571 4133 2751 4189 cordis
2775 4131 3042 4203 plectrum
3077 4130 3255 4197 feriat,
3283 4129 3376 4199 qui
3413 4144 3512 4185 ve-

1919 4219 2111 4284 narum
2140 4227 2404 4293 tramites,
2432 4240 2620 4296 quaeve
2657 4231 2901 4290 textura,
2933 4237 3055 4293 qua:
3083 4236 3372 4278 nervorum
3401 4219 3512 4277 ori-

1916 4324 2090 4393 gines,
2120 4335 2306 4392 quasve
2353 4332 2657 4390 compages,
2690 4333 2809 4390 qua:
2854 4315 3058 4372 ossium
3103 4313 3288 4381 coitio,
3320 4327 3511 4384 quaeve

1917 4414 2240 4486 compactio,
2264 4427 2383 4482 quae
2409 4410 2722 4482 pulmonum
2748 4424 2900 4474 cava,
2927 4422 3046 4478 quae
3069 4413 3326 4462 tortuosae
3349 4404 3509 4460 batu-
3581 4425 3592 4446 ι

1915 4511 2092 4566 lorum
2119 4508 2413 4575 enodibus,
2447 4521 2567 4576 quae
2613 4504 2856 4574 ligaturis
2883 4500 3147 4572 explicita:
3195 4498 3511 4554 inﬂexiones

223 4607 469 4678 intelligi,
493 4614 548 4663 et
567 4607 884 4676 incorporea
898 4604 1102 4660 videri?
1127 4604 1236 4666 Sed
1258 4621 1327 4663 ne
1343 4607 1440 4663 tibi
1469 4610 1680 4664 animus
1705 4609 1808 4665 hu-
1836 4594 1889 4656 D
1913 4621 1977 4662 ac
1999 4602 2339 4661 reflexiones.
2371 4599 2510 4657 Ecce
2536 4598 2666 4669 quid
2709 4610 2904 4667 negas,
2939 4593 3190 4658 arbitror,
3235 4605 3398 4660 super
3426 4590 3510 4643 his

221 4717 417 4758 manus
437 4716 598 4772 quem
617 4714 936 4770 corporeum
959 4698 1153 4766 credis,
1178 4708 1271 4756 aut
1291 4701 1442 4768 nihil,
1462 4709 1555 4757 aut
1577 4718 1686 4758 non
1708 4703 1812 4758 nisi

222 4808 487 4867 corporea
511 4793 929 4863 autincorporea
951 4789 1089 4848 forte
1103 4793 1218 4848 sola
1235 4808 1333 4864 per
1351 4809 1490 4862 sese,
1505 4796 1646 4850 sicut
1663 4803 1815 4850 natu-

223 4902 292 4943 ra:
301 4885 422 4957 ejus
432 4891 517 4942 est
529 4883 1013 4957 proprium,videre
1028 4899 1190 4956 posse
1200 4885 1463 4954 videatur;
1471 4887 1812 4956 trigeminum

223 4978 535 5048 questionis
562 4975 738 5047 hujus,
770 4975 949 5046 quoad
977 4975 1206 5042 strictim
1250 4992 1556 5047 possumus,
1586 4979 1813 5034 ventile-

223 5085 342 5127 mus
365 5070 670 5126 obscurum.
694 5067 836 5138 Ergo
860 5067 1110 5122 videatne
1147 5080 1244 5136 per
1264 5082 1384 5123 sese
1411 5068 1675 5123 humanus
1694 5068 1810 5122 ani-

198 5177 342 5221 .mus
367 5175 559 5225 necne,
589 5158 885 5215 videamus.
927 5155 1034 5212 Sed
1062 5158 1318 5226 quoniam
1349 5172 1488 5228 pene
1537 5172 1808 5213 summum

225 5255 441 5312 istiusce
468 5252 672 5323 negotii
695 5253 836 5308 istuc
859 5251 914 5307 in
941 5250 1065 5308 loco
1093 5251 1340 5317 vertitur,
1375 5260 1399 5291 ο
1421 5250 1705 5322 vigilacem
1737 5251 1810 5308 vi-

295 5472 321 5501 ³·
351 5462 461 5529 AL,
493 5460 671 5532 dispar
697 5474 946 5514 asserere.
977 5455 1048 5513 Et
1074 5473 1203 5515 mox
1222 5458 1348 5514 bene
1386 5466 1528 5513 stare
1559 5473 1658 5529 pro
1683 5473 1807 5511 une-

466 5602 639 5683 Alfaris.
686 5601 871 5683 editio:
897 5601 966 5683 ᾼι
991 5598 1234 5683 Lugdu_n_.
1277 5599 1502 5683 gigjdosz
1537 5597 1668 5683 Quae
1694 5597 1808 5666 qui-

228 5671 346 5729 dem
372 5673 536 5729 lectio
562 5673 824 5754 repetitur
845 5670 982 5753 infra
1159 5668 1247 5734 H,
1280 5668 1392 5742 §'2,
1424 5668 1733 5750 subﬁnem.
1765 5740 1776 5750 θ

301 5755 323 5784 ε
353 5744 446 5792 Sic
463 5743 651 5792 eadem
684 5743 813 5792 edn.
847 5739 1017 5792 Paris.
1098 5739 1158 5792 ι..
1192 5739 1389 5792 cordaa:
1411 5757 1429 5792 :
1460 5753 1613 5792 cuius
1641 5753 1776 5792 avoc:

260 5811 273 5824 .
301 5755 323 5784 ε
347 5744 446 5824 _S_ic
463 5739 652 5824 eadem
684 5743 826 5824 edit._
847 5739 1017 5824 Paris:
1050 5739 1158 5822 Al,
1185 5739 1389 5824 cordus:
1411 5739 1617 5824 ;_cujus_
1641 5740 1808 5806 ,vocis

231 5811 544 5894 signiﬁcatio
569 5830 676 5874 non
704 5820 788 5871 est
812 5812 973 5886 hujus
997 5810 1124 5879 loci,
1146 5818 1207 5866 ut
1231 5808 1405 5866 lexica
1426 5808 1645 5866 docent.

1916 4681 2176 4771 responsa
2216 4695 2522 4753 redhibere.
2545 4690 2655 4746 Cur
2682 4690 2844 4758 igitur
2869 4687 3072 4754 negas?
3099 4684 3226 4752 quia
3254 4680 3507 4771 videlicet

1887 4789 1890 4791 λ
1917 4767 2128 4849 animus
2154 4805 2252 4861 per
2277 4801 2399 4842 sese
2427 4796 2690 4852 corporea
2717 4790 3059 4847 nequaquam
3085 4771 3252 4828 videt.
3285 4767 3390 4824 Sed
3410 4784 3509 4826 cur

1914 4883 2100 4941 videre
2147 4890 2409 4948 corporea
2438 4884 2780 4940 nequaquam
2821 4866 3013 4938 possit,
3037 4878 3198 4936 quem
3245 4877 3353 4918 non
3391 4861 3527 4918 sine.

1913 4975 2032 5030 visu
2059 4987 2181 5028 esse
2219 4969 2331 5039 jam
2359 4961 2634 5020 constitit?
2661 4959 2830 5015 Nemo
2857 4956 3153 5028 quidquam
3182 4970 3506 5028 corporeum

1914 5065 2080 5129 videt,
2098 5061 2189 5132 qui
2215 5055 2552 5128 corporalem
2567 5052 2742 5107 visum
2752 5065 2862 5107 non
2881 5047 3062 5105 habet.
3087 5047 3307 5104 Animus
3325 5053 3508 5102 autem

1916 5157 2008 5230 qui
2036 5154 2201 5211 habet
2225 5151 2417 5214 visum,
2447 5153 2502 5202 et
2520 5143 2802 5217 corporale
2829 5141 2966 5198 nihil
2980 5142 3144 5208 videt,
3165 5135 3509 5230 incorporalio

1917 5225 2001 5306 ter
2030 5245 2204 5312 videt;
2228 5250 2284 5300 et
2312 5237 2723 5310 incorporaliter
2744 5234 2928 5293 videre
2952 5248 3130 5307 posse,
3154 5225 3506 5299 incorporalis

1986 5450 2153 5524 ‘9)",
2184 5465 2297 5524 qua
2324 5448 2556 5524 "O’m’la
2704 5511 2756 5524 ...
2956 5519 3044 5524 η..
3099 5501 3164 5524 ιο
3211 5507 3261 5524 ,ι
3285 5496 3380 5524 n..:

1990 5534 2012 5563 °
2182 5495 2670 5578 {.EerEiJEblum.
2704 5511 2795 5565 lib.
2827 5523 2919 5578 vn,
2947 5519 3070 5574 cap.
3097 5501 3183 5568 12,
3207 5507 3265 5554 et
3285 5495 3439 5554 Ovid.
3464 5513 3498 5578 ιε
3589 5561 3592 5564 ἢ

1915 5569 2301 5650 Μεισήἶῗνέἶξί
2315 5569 2448 5644 TT75.
2467 5569 2720 5640 Sidonius
2738 5569 2993 5650 itemhac
3017 5569 3153 5650 voce
3180 5584 3306 5650 usus
3333 5569 3504 5650 semel
3601 5614 3621 5630 ,

2253 5637 2321 5716 ut
2335 5637 2699 5736 varii'madverit
2725 5645 2960 5736 Cangius
2972 5637 3501 5736 inAg‘lossmeLE-gn

1916 5710 2241 5804 ἱετῖέῖἷᾷῗῖιῖέῄ
2265 5710 2719 5804 curvl’arisienses
2764 5710 3123 5772 rescriberem
3167 5710 3497 5792 prudentem.

1995 5809 2013 5847 ί
2045 5802 2152 5868 AL,
2186 5802 2293 5858 tibi.
