4140 6346
607 270 706 333 ΤΗ

1939 278 2254 346 ωΕΒΤΙ
2302 277 2670 341 CLAUDIAM

3801 281 3926 350 πᾳ

613 408 696 480 est
712 386 889 468 visus;
910 407 965 454 et
993 399 1370 472 incorporeum
1397 398 1571 460 visum
1591 399 1696 460 nisi
1717 400 2069 476 incorporeus
2092 417 2200 462 non
2230 407 2276 468 Δ
2305 403 2604 462 substantia
2627 401 2701 456 illi
2724 414 2983 477 corporea
3010 399 3100 466 sit,
3123 397 3216 470 qui
3244 395 3492 453 eamdem
3521 395 3919 472 incorpoream

615 495 810 562 habet;
850 500 904 548 et
933 493 1345 566 iucorporaliter
1363 493 1642 552 humanus
1664 495 1885 553 animus
1912 491 2059 556 videt
2084 513 2096 548 :
2130 494 2210 549 in-

613 602 909 660 corporeus
928 587 1090 655 igitur
1109 594 1192 642 est
1213 586 1479 646 humanus
1507 588 1740 646 animus.
1761 587 1881 646 Non
1907 602 2036 659 ergo
2065 586 2212 647 hisce

611 682 819 740 frivolis
837 679 1142 739 solliciteris
1168 681 1418 754 amplius,
1443 690 1501 738 ut
1525 698 1680 742 reare
1701 683 1938 740 animum
1962 697 2071 740 non
2093 695 2213 738 esse

613 774 723 830 illic
752 775 843 830 ubi
884 773 1114 844 cogitat;
1144 774 1269 846 quia
1300 775 1653 854 contemplari
1693 791 1790 854 per
1817 783 2066 844 naturam
2115 789 2213 830 ne-

613 868 732 942 quit
758 869 892 926 situs
918 867 1184 932 locorum,
1207 868 1386 926 vultus
1415 851 1716 936 hominum,
1748 875 1927 924 motus
1954 874 2212 936 actusque

613 968 940 1039 populorum
969 967 1122 1023 :hazc
1149 981 1382 1036 namque
1411 981 1676 1037 corporea
1722 971 1864 1020 sunt.
1899 961 2070 1020 Porro
2117 978 2215 1018 au-

615 1069 726 1116 tem
753 1061 965 1116 animus
1011 1061 1383 1132 incorporeus,
1426 1058 1574 1130 quod
1612 1066 1804 1114 contra
1853 1065 2102 1114 naturam
2129 1053 2214 1112 sui

617 1161 716 1220 est,
746 1152 932 1208 videre
953 1168 1064 1208 non
1104 1160 1303 1224 potest.
1334 1150 1574 1208 Eatenus
1602 1159 1784 1208 tamen
1813 1149 1966 1226 adest
2004 1149 2094 1206 ubi
2124 1163 2215 1204 co-

615 1248 772 1318 gitat,
807 1255 864 1302 ut
892 1246 1161 1317 locaquae
1189 1245 1392 1318 cogitat
1419 1245 1690 1318 corporali
1721 1245 1926 1300 visione
1954 1260 2062 1304 non
2093 1259 2214 1300 cer-

618 1351 714 1398 nat
746 1359 760 1395 :
789 1341 930 1403 sicut
957 1339 1110 1394 adest
1139 1339 1228 1394 ubi
1255 1338 1511 1406 vivilicat,
1553 1346 1614 1395 ut
1657 1339 1775 1413 ipsa
1813 1352 1934 1408 quae
1979 1334 2218 1394 viviﬁcat

617 1434 702 1494 sui
729 1433 976 1503 corporis
1003 1431 1215 1488 interna
1242 1448 1354 1490 non
1380 1431 1579 1486 videat.
1613 1431 1692 1486 Ac
1739 1431 1786 1488 si
1829 1443 2216 1504 usquequaque

617 1534 788 1598 patet,
817 1525 1056 1580 animum
1101 1530 1158 1579 et
1199 1537 1466 1594 corporea
1513 1539 1622 1578 non
1668 1537 1830 1597 posse
1871 1521 2056 1577 videre
2103 1519 2218 1577 sine

621 1631 870 1687 corpore,
888 1624 944 1672 et
965 1616 1283 1686 incorporea
1303 1630 1427 1672 cum
1447 1628 1676 1686 corpore
1695 1613 1879 1670 videre
1900 1629 2006 1667 non
2029 1626 2188 1686 posse
2201 1654 2215 1678 ,

622 1725 730 1766 non
774 1708 975 1764 diutius
1015 1707 1082 1764 ad
1122 1706 1503 1764 Alexandriam
1550 1705 1977 1780 peregrinemur,
2008 1703 2104 1758 sed
2152 1703 2219 1757 ab

2314 494 2536 554 creavit.
2571 491 2680 549 Nec
2709 492 2940 566 primum
2965 490 3104 561 dico,
3129 490 3204 546 ita
3226 489 3318 562 sit,
3344 505 3540 560 necne,
3570 490 3664 548 sed
3693 491 3923 566 imprac-

2314 590 2610 648 sentiarum
2639 588 2712 644 ita
2741 602 2860 642 esse
2898 584 3138 642 concedo
3173 603 3184 638 :
3241 584 3384 640 unde
3435 593 3619 642 tamen
3669 585 3744 640 ita
3796 602 3926 645 esse
3959 625 3978 662 ,ς

2315 683 2564 740 noverint
2591 697 2793 752 quaero.
2826 680 2883 737 Si
2914 679 2966 734 id
3013 678 3314 734 divinorum
3344 677 3683 735 voluminum
3721 678 3928 736 littera:
3955 663 3966 689 ⁵

2315 776 2615 840 continent,
2658 775 2858 844 legant.
2907 771 2962 828 Si
3011 772 3275 844 quaepiam
3317 771 3661 828 ratiocinatio
3702 772 3925 839 suadet,

2315 867 2566 924 doceant.
2608 865 2668 923 Si
2709 865 3023 921 dialecticen
3048 862 3202 936 juvat
3249 878 3537 930 exercere,
3569 861 3925 918 convincant.

2316 957 2374 1014 Si
2404 959 2596 1017 horum
2639 957 2771 1013 nihil
2799 965 2899 1022 est,
2932 955 3123 1012 saltem
3163 955 3444 1010 sententia
3483 953 3789 1012 concedant
3819 969 3930 1010 sum

2320 1059 2380 1108 ut
2406 1052 2500 1121 qui
2531 1052 2584 1106 in
2624 1065 2683 1108 se
2715 1049 3018 1120 incorporei
3043 1056 3188 1114 sunt,
3222 1063 3328 1104 non
3357 1057 3513 1104 extra
3539 1064 3600 1106 se
3627 1063 3933 1120 corporeos

2321 1159 2382 1199 se
2411 1157 2531 1198 esse
2559 1140 2801 1198 credant.
2834 1138 2968 1208 Quia
2993 1137 3137 1196 aliud
3157 1147 3309 1194 extra
3340 1154 3398 1194 se
3427 1152 3548 1195 esse
3579 1154 3689 1194 non
3716 1147 3928 1210 potest,

2320 1233 2412 1306 qui
2436 1241 2592 1288 extra
2621 1248 2679 1296 se
2721 1232 2852 1287 nihil
2873 1246 2993 1286 esse
3021 1239 3220 1303 potest.
3250 1229 3486 1286 Proinde
3509 1231 3722 1288 animus
3747 1231 3847 1304 qui
3879 1232 3930 1287 in

2321 1341 2380 1382 se
2411 1326 2526 1396 ipso
2555 1325 2906 1396 incorporeus
2942 1330 3057 1389 est,
3091 1338 3430 1394 nequaquam
3459 1330 3644 1396 potest
3683 1332 3846 1380 extra
3874 1340 3933 1380 se

2323 1434 2441 1476 esse
2462 1434 2776 1490 corporeus.
2801 1418 2936 1486 Quia
2960 1434 3060 1476 nec
3081 1427 3270 1474 auctor
3290 1418 3405 1489 ejus
3429 1419 3573 1474 aliud
3595 1419 3747 1474 illum
3780 1421 3934 1480 novit

2323 1528 2444 1568 esse
2473 1528 2635 1581 quam
2668 1510 2828 1577 fecit,
2848 1528 2947 1568 nec
2975 1510 3064 1567 ille
3094 1511 3237 1569 aliud
3265 1529 3323 1568 se
3352 1522 3531 1586 potest
3551 1531 3733 1584 nosse,
3767 1531 3933 1590 quam

2325 1604 2496 1660 factus
2521 1615 2621 1660 est.
2654 1605 2730 1660 Ac
2752 1619 2848 1676 per
2877 1604 2981 1660 hoc
3009 1603 3056 1660 si
3076 1621 3263 1662 verum
3297 1604 3462 1674 novit,
3495 1622 3622 1661 cum
3649 1622 3707 1662 se
3752 1607 3933 1663 incor-

2332 1713 2559 1773 poreum
2587 1696 2782 1752 novit:
2833 1711 2962 1767 ergo
2992 1695 3193 1752 fallitur
3233 1696 3395 1765 Deus,
3444 1696 3489 1752 si
3544 1697 3788 1753 animum
3844 1700 3932 1772 qui

623 1801 859 1873 Egypto
881 1801 1168 1865 redeuntes
1185 1800 1504 1869 transmisso
1525 1815 1772 1856 errorum
1795 1798 1951 1863 mari,
1973 1805 2028 1851 et
2044 1812 2225 1852 emen—
2256 1787 2304 1848 Β
2330 1805 2456 1846 vere
2483 1790 2836 1860 incorporeus
2859 1798 2962 1856 est,
2987 1805 3308 1862 corporeum
3333 1789 3518 1845 novit:
3549 1790 3647 1847 sed
3667 1790 3782 1845 falli
3796 1790 3933 1847 Deus

620 1907 681 1946 sa
704 1891 1017 1959 ignorantiae
1054 1906 1260 1962 eremo,
1285 1891 1530 1946 veritatis
1557 1889 1786 1962 patriam
1820 1897 1980 1962 atque
2012 1885 2088 1940 uti
2110 1894 2221 1940 ter-

623 1997 738 2048 ram
763 1983 1198 2054 repromissionis
1221 1982 1484 2040 intremus
1511 2001 1524 2036 :
1556 1997 1668 2038 non
1693 1981 1852 2040 otiosi
1875 1995 2050 2050 neque
2076 1979 2221 2034 inero

621 2082 725 2140 tes,
768 2091 944 2146 neque
990 2091 1117 2132 vero
1163 2075 1513 2147 trepidantes.
1551 2073 1623 2131 Ut
1667 2075 1712 2130 si
1753 2073 1881 2146 quid
1931 2072 2224 2142 falsiloqua:

621 2168 877 2226 Vanitatis
918 2169 1051 2226 vitio
1078 2169 1422 2239 progenitum
1469 2177 1563 2224 aut
1608 2168 1779 2231 latere
1831 2175 1987 2222 tenus
2017 2166 2225 2221 obstre-

618 2260 819 2331 puerit,
851 2270 946 2318 aut
991 2261 1210 2324 obvium
1238 2276 1358 2348 sese
1383 2259 1612 2328 dederit,
1643 2257 1771 2318 Jesu
1800 2259 2001 2329 praevio
2043 2265 2097 2311 et
2125 2254 2220 2311 ad-

619 2352 802 2425 jutore
830 2353 1070 2416 feriatur.

1261 2444 1491 2510 CAPUT
1520 2444 1588 2500 Χ.

627 2536 823 2596 Contra
841 2555 928 2596 eos
955 2539 1042 2594 aui
1062 2539 1280 2596 dicunt:
1307 2538 1498 2594 Anima
1525 2535 1621 2592 sibi
1650 2537 1958 2603 incorporea
1985 2542 2082 2602 est,
2116 2530 2226 2588 Deo

616 2675 622 2680 _
1290 2624 1556 2684 corporea.

615 2789 618 2792 ,
692 2721 739 2786 ι.
765 2722 874 2780 Sed
911 2738 981 2778 en
1027 2721 1480 2795 aliquorumpiam
1527 2720 1620 2792 qui
1661 2717 1979 2775 interimunt
2022 2716 2228 2772 animas

623 2815 986 2885 garrientibus
1014 2815 1196 2884 nugis,
1228 2814 1329 2870 etsi
1357 2829 1465 2870 non
1494 2812 1736 2868 sistimur
1765 2811 1832 2866 ab
1862 2810 2075 2876 itinere,
2109 2807 2226 2862 leu-

613 2915 803 2964 iamnr
824 2916 1026 2964 tamen.
1054 2905 1164 2962 Sed
1192 2906 1464 2970 insumere
1490 2903 1745 2978 pusillum
1777 2901 2040 2972 temporis
2060 2900 2228 2956 inter-

623 3000 864 3058 trimenti
891 3000 1028 3055 nihil
1056 3008 1140 3054 est
1172 3017 1184 3051 :
1219 2999 1345 3070 quin
1375 3013 1539 3072 porro
1561 2996 1718 3068 juvat
1757 2994 1942 3060 modo,
1975 2992 2104 3062 quid
2132 2991 2229 3048 ob-

623 3104 840 3146 versum
884 3105 1037 3156 vero,
1069 3089 1266 3160 quidve
1313 3089 1614 3156 diversum,
1648 3087 1839 3144 eadem
1892 3086 2093 3143 veritas
2133 3091 2227 3140 aut

623 3183 878 3254 depellat,
895 3191 988 3238 aut
1014 3151 1276 3253 proterat.
1307 3181 1372 3236 Et
1400 3198 1523 3238 cum
1552 3151 1713 3238 audio
1735 3181 1919 3238 dicere
1940 3179 2227 3252 quospiam
2253 3151 2302 3216 ο

611 3275 718 3346 ,αυὶ
746 3283 802 3337 et
849 3289 1140 3346 corporeas
1168 3288 1289 3328 esse
1315 3273 1505 3328 volunt
1552 3273 1759 3328 animas
1804 3280 1861 3328 et
1887 3271 2108 3326 easdem
2153 3269 2228 3324 in-

613 3382 920 3438 corporeas
949 3381 1150 3435 negare
1178 3381 1285 3421 non
1333 3375 1591 3436 possunt,
1641 3363 1787 3422 aliud
1835 3364 1982 3436 ipsas
2022 3363 2229 3418 animas

621 3457 746 3528 sibi,
778 3458 922 3522 aliud
949 3473 1070 3518 esse
1099 3457 1380 3522 creatoris.
1412 3453 1546 3522 Deo,
1582 3456 1852 3527 inquiunt,
1885 3454 2083 3516 anima:
2105 3469 2228 3510 cor-

609 3566 804 3621 porea:
852 3559 994 3617 sunt,
1038 3565 1229 3606 verum
1277 3549 1495 3606 sibimet
1526 3550 1861 3620 incorporea:
1894 3566 1907 3602 :
1959 3547 2104 3618 quod
2153 3547 2228 3602 ita

611 3650 706 3700 est
733 3658 798 3700 ac
821 3643 869 3698 si
897 3643 1078 3698 dicant
1110 3643 1317 3698 animas
1345 3653 1401 3697 et
1420 3657 1713 3714 corporeas
1745 3657 1864 3700 esse
1891 3649 1948 3698 et
1977 3641 2230 3711 incorpo-

621 3749 762 3798 reas.
807 3734 1191 3792 Eternitatem
1235 3751 1400 3808 porro
1450 3743 1640 3808 testor,
1672 3735 1819 3805 quod
1866 3749 1934 3791 eo
1981 3734 2229 3790 mihimet

621 3825 772 3891 hisce
799 3828 1049 3884 inanibus
1078 3826 1408 3898 respondere
1440 3825 1728 3882 admodum
1757 3825 1930 3880 labori
1960 3833 2072 3891 est;
2102 3827 2227 3896 quia

605 3917 756 3980 nihil
784 3918 926 3987 istic,
957 3918 1176 3990 quicum
1207 3916 1548 3985 congrediar,
1579 3915 1712 3971 nihil
1743 3915 1886 3986 quod
1916 3913 2228 3970 medullitus

621 4025 826 4079 eruam,
859 4011 993 4066 nihil
1021 4011 1240 4082 quicum
1280 4009 1574 4065 certavisse
1604 4007 1888 4075 exercitis,
1922 4006 2053 4062 nihil
2103 4021 2229 4072 pro-

619 4100 764 4158 iecto
793 4110 894 4166 est,
928 4101 1073 4172 quod
1101 4102 1295 4158 vicisse
1326 4100 1563 4156 victoriae
1593 4099 1682 4155 sit.
1717 4097 1859 4167 Ergo
1889 4098 2067 4153 anima
2109 4112 2229 4152 cor-

622 4209 787 4267 porea
811 4195 1076 4262 creatori,-
1103 4203 1158 4249 et
1187 4196 1508 4270 incorporea
1545 4193 1651 4250 sibi
1679 4194 1799 4248 est?
1827 4191 1936 4248 Sed
1977 4191 2083 4247 duo
2112 4190 2228 4246 haec

621 4298 784 4352 quam
811 4284 1042 4339 solerter
1069 4285 1260 4339 discuti
1290 4285 1429 4339 ratio
1452 4282 1768 4352 indaganda:
1798 4282 2040 4338 veritatis
2059 4297 2228 4351 expo-

621 4373 744 4434 scit.
775 4374 881 4428 Aut
909 4389 1094 4430 verum
1124 4389 1311 4430 revera
1342 4383 1444 4442 est,
1477 4373 1623 4444 quod
1663 4373 1984 4443 incorporea
2014 4373 2084 4428 sit
2111 4374 2228 4426 aui-

621 4475 732 4531 ma,
763 4465 812 4520 si
857 4464 966 4519 hoc
1009 4465 1183 4538 ipsum
1211 4465 1279 4520 de
1333 4480 1390 4520 se
1441 4448 1557 4546 ipsa
1586 4465 1852 4520 veraciter
1881 4465 2026 4520 novit
2074 4484 2084 4517 :
2137 4474 2228 4520 aut

623 4553 754 4611 item
773 4570 964 4612 verum
984 4537 1089 4626 est,
1111 4555 1257 4626 quod
1286 4541 1553 4628 corporea
1575 4555 1645 4610 sit
1675 4555 1876 4622 anima,
1901 4556 1946 4610 si
1978 4555 2030 4610 id
2060 4570 2226 4626 penes
2254 4537 2304 4598 D

622 4647 816 4706 animle
871 4654 1086 4705 constat
1113 4631 1412 4706 auctorem.
1445 4646 1538 4706 Isti
1587 4662 1777 4702 verum
1805 4646 2005 4716 dicunt,
2039 4657 2094 4704 et
2140 4664 2227 4703 ve-

622 4757 742 4800 rum
769 4752 870 4810 est,
901 4741 1048 4814 quod
1097 4743 1277 4798 anima
1306 4742 1632 4818 incorporea
1679 4742 1768 4805 sit,
1799 4741 1925 4814 quia
1955 4750 2010 4796 et
2051 4743 2225 4814 ipsum

623 4837 678 4892 in
708 4837 934 4894 veritate
973 4838 1256 4906 cognoscit
1284 4856 1297 4890 :
1328 4845 1384 4894 et
1414 4836 1544 4894 item
1569 4851 1761 4895 verum
1789 4844 1873 4892 est
1912 4835 2056 4907 quod
2108 4837 2227 4891 ani-

624 4943 716 4990 ma
739 4943 1000 4999 corporea
1039 4931 1128 4998 sit,
1158 4931 1416 5002 quoniam
1460 4931 1656 4986 anima:
1706 4937 1923 4988 creator
1971 4931 2023 4986 id
2054 4932 2221 4987 novit.

625 5019 741 5081 Duo
770 5018 988 5088 quidem
1015 5028 1071 5074 et
1089 5023 1362 5077 contraria
1384 5036 1777 5094 usquequaque
1800 5023 1899 5080 sibi
1921 5031 1977 5078 et
1999 5031 2226 5094 utraque

623 5133 754 5173 vera
782 5131 902 5173 esse
929 5117 1263 5178 contendunt
1295 5136 1309 5171 :
1340 5134 1462 5174 cum
1493 5134 1684 5176 verum
1712 5120 1814 5175 nisi
1843 5119 1976 5174 falso
2007 5127 2225 5176 contra-

625 5211 767 5266 rium
794 5224 904 5266 non
946 5209 1036 5265 sit.
1059 5207 1288 5286 illustris
1316 5210 1609 5266 admodum
1647 5227 1713 5267 ac
1749 5211 2004 5283 prreclara
2046 5211 2228 5284 dispu-

626 5301 778 5368 tatio,
825 5315 944 5371 qua:
972 5300 1098 5355 dum
1146 5315 1309 5354 unam
1353 5301 1636 5372 solamque
1662 5302 1949 5357 veritatem
1998 5302 2224 5374 spernit,

625 5392 757 5448 duas
787 5391 890 5448 sibi
916 5393 1172 5448 veritates
1202 5393 1408 5447 invenit
1437 5411 1449 5445 :
1483 5401 1542 5448 ut
1568 5403 1746 5449 tamen
1777 5395 1910 5452 istos
1940 5395 2229 5467 professio-

625 5485 710 5542 nis
737 5501 850 5544 sise
876 5486 1106 5544 nexibus
1134 5493 1350 5552 teneam
1371 5485 1538 5557 pedes
1567 5485 1869 5559 hominum,
1892 5489 2024 5561 ipsis
2049 5490 2229 5547 laten-

627 5577 772 5634 tibus
799 5577 1155 5652 incorporeus
1183 5585 1269 5635 est
1293 5579 1564 5634 humanus
1587 5579 1820 5637 animus.

603 5739 608 5743 1
698 5666 764 5726 ll.
794 5667 1063 5751 Quoniam
1080 5669 1242 5742 igitur
1260 5687 1424 5742 super
1442 5672 1544 5728 hac
1571 5672 1728 5730 nobis
1745 5673 2058 5743 quaestionis
2071 5681 2230 5744 parte

633 5763 910 5830 «evenit,
952 5773 1124 5821 restat
1164 5773 1227 5820 ut
1273 5765 1506 5822 doceant
1551 5775 1822 5839 quatenus
1872 5767 2231 5839 incorporalis

2332 1900 2438 1938 non
2467 1891 2667 1955 potest.
2693 1879 3076 1953 lncorporeum
3106 1881 3266 1952 igitur
3304 1896 3422 1938 esse
3454 1882 3605 1938 novit
3648 1882 3890 1942 animum
3916 1900 3930 1937 :

2331 1996 2400 2036 ne
2428 1978 2620 2034 falsum
2668 1978 2738 2033 sit
2764 1993 2970 2045 verum,
2994 1992 3103 2047 quo
3127 1991 3186 2031 se
3227 1976 3439 2030 animus
3459 1975 3726 2034 veraciter
3757 1977 3932 2034 incor-

2329 2088 2556 2145 poreum
2587 2072 2755 2128 novit.
2786 2071 3143 2144 lucorporeus
3183 2085 3312 2141 ergo
3351 2071 3564 2128 animus
3592 2071 3797 2128 idcirco
3833 2071 3931 2128 sibi

2330 2174 2433 2233 cst,
2463 2165 2591 2236 quia
2638 2173 2693 2220 et
2742 2163 2996 2220 creatori.
3030 2161 3181 2220 Sicut
3211 2162 3356 2218 enim
3407 2171 3550 2220 terra
3582 2161 3785 2219 idcirco
3831 2162 3931 2219 ho-

2330 2261 2462 2318 mini
2489 2271 2655 2326 terra,
2679 2259 2806 2329 quia
2833 2267 2889 2314 et
2917 2257 3028 2314 Deo
3059 2265 3204 2314 terra
3233 2266 3338 2314 est.
3393 2255 3460 2311 Et
3488 2257 3622 2315 sicut
3650 2274 3813 2328 aqua,
3843 2272 3933 2312 aer

2330 2364 2388 2411 et
2409 2353 2548 2424 ignis
2576 2353 2779 2410 idcirco
2802 2354 2905 2409 hoc
2933 2352 3108 2422 ipsum
3136 2351 3341 2408 homini
3363 2360 3500 2418 sunt,
3524 2352 3643 2424 quia
3672 2362 3725 2407 et
3745 2353 3928 2426 ipsum

2331 2447 2444 2503 Deo
2473 2455 2618 2504 sunt.
2651 2445 2718 2500 Et
2763 2445 2922 2502 sicuti
2948 2445 3127 2500 omnia
3183 2461 3304 2518 qua:
3335 2446 3590 2504 veraciter
3635 2446 3928 2506 innotuere

2336 2541 2565 2616 homini,
2596 2540 2701 2596 hoc
2739 2546 2864 2596 sunt
2893 2538 2947 2593 in
2976 2539 3208 2594 hominis
3236 2539 3427 2596 notitia
3445 2581 3459 2606 ,
3485 2537 3624 2610 quod
3650 2546 3777 2596 sunt
3812 2557 3826 2591 ι
3855 2539 3932 2594 ita

2332 2634 2542 2691 scilicet
2569 2633 2836 2690 humanus
2864 2631 3074 2686 animus
3094 2645 3436 2702 nequaquam
3478 2639 3657 2702 potest
3694 2642 3751 2688 et
3781 2631 3932 2688 aliter

2332 2739 2474 2791 esse,
2501 2733 2556 2780 et
2586 2724 2742 2778 aliter
2770 2723 2883 2778 Deo
2928 2732 3089 2794 notus
3119 2737 3256 2778 esse.
3285 2721 3401 2777 Non
3449 2723 3595 2779 enim
3635 2739 3705 2780 ex
3756 2739 3928 2780 rerum

2335 2818 2528 2876 notitia
2569 2825 2654 2878 est
2680 2816 2942 2874 creatoris
2980 2815 3234 2883 scientia,
3266 2814 3362 2871 sed
3409 2814 3702 2870 existentia
3758 2831 3927 2872 rem

2332 2927 2400 2970 ex
2439 2910 2631 2966 notitia
2660 2907 2937 2965 creatoris.
2985 2906 3246 2976 Quocirca
3289 2907 3562 2964 humanus
3592 2907 3810 2966 animus
3839 2907 3929 2964 nisi

2333 3002 2447 3058 Deo
2474 3002 2826 3076 incorporeus
2854 3006 3031 3065 esset,
3065 2999 3417 3071 incorporeus
3438 3014 3560 3054 esse
3589 3015 3700 3055 non
3724 3008 3919 3074 posset.

2335 3095 2609 3166 Quidquid
2638 3095 2783 3150 enim
2804 3108 3024 3175 quoquo
3052 3092 3214 3154 modo
3238 3091 3620 3163 incorporeum
3653 3101 3760 3160 est,
3794 3091 3924 3150 nullo

2331 3189 2494 3246 modo
2516 3196 2695 3260 potest
2724 3202 2846 3246 esse
2865 3201 3204 3258 corporeum.
3237 3183 3344 3242 Sed
3372 3201 3442 3244 ne
3465 3186 3579 3246 istis
3605 3200 3772 3258 supra
3795 3183 3930 3256 justo

2331 3281 2532 3342 diutius
2558 3281 2930 3356 immoremur,
2970 3278 3126 3352 cedo,
3155 3285 3210 3332 et
3233 3275 3348 3349 jam
3372 3277 3442 3334 de
3481 3278 3575 3335 illo
3609 3292 3929 3350 quaramus,

2330 3373 2476 3446 quod
2498 3373 2648 3432 nulla
2677 3389 2744 3430 ex
2777 3382 2930 3454 parte
2959 3370 3326 3436 discussimus.

2983 3502 3217 3560 CAPUT
3253 3503 3343 3560 XI.

2332 3597 2486 3664 Quod
2512 3614 2578 3653 ea:
2601 3598 2799 3654 huius
2837 3598 3143 3654 mea
3186 3604 3387 3652 consul
3423 3597 3599 3659 uno,
3638 3597 3935 3658 Mli

2402 3681 2453 3728 at
2474 3670 2668 3731 illam“
2689 3671 2886 3735 Ma,
2900 3679 2950 3724 et
2962 3671 3170 3726 mortali
3190 3677 3239 3724 et
3256 3669 3409 3734 letali
3427 3684 3656 3738 ϐωμοῖς.
3672 3665 3749 3720 Et
3767 3670 3937 3738 signi

2403 3743 2767 3797 immortaliter
2795 3733 2970 3796 anima
2992 3742 3205 3812 patitur,
3236 3741 3306 3794 sic
3330 3733 3680 3802 humorialiter
3701 3746 3754 3790 et
3794 3733 3933 3798 illo-

2403 3814 2584 3867 caliter
2611 3813 2881 3884 gloriatur.

2399 3925 2443 3982 l.
2471 3924 2615 3982 Dicis
2641 3926 2862 3993 etenim,
2895 3923 3052 3994 Cum,
3088 3925 3233 3981 verbi
3266 3921 3452 3993 gratia,
3478 3912 3625 3976 Petri
3651 3917 3743 3976 vel
3765 3917 3940 3975 Pauli

2330 4017 2431 4074 sibi
2460 4017 2697 4088 speciem
2741 4017 2953 4071 animus
2983 4017 3120 4070 intra
3169 4016 3363 4072 mentis
3409 4029 3602 4070 arcana
3644 4011 3936 4084 depingit;

2332 4109 2570 4179 nunquid
2599 4109 2780 4164 statim
2810 4109 3026 4162 intimas
3069 4106 3306 4180 paradisi
3353 4105 3506 4162 sedes
3550 4105 3638 4160 ubi
3680 4118 3778 4159 eos
3815 4119 3940 4159 esse

2331 4201 2500 4267 novit,
2526 4201 2867 4271 penetravit?
2891 4199 2995 4254 Aut
3035 4215 3158 4254 cum
3187 4198 3289 4256 sibi
3319 4197 3372 4254 in
3397 4196 3562 4254 corde
3583 4195 3764 4250 divitis
3791 4195 3940 4251 illius

2329 4294 2574 4350 ﬂammas
2618 4308 2684 4347 ex
2716 4291 2949 4348 lectione
2988 4289 3290 4362 proposuit,
3324 4286 3565 4360 nunquid
3582 4285 3695 4360 jam
3723 4285 3790 4340 ad
3821 4293 3939 4341 tor-

2327 4395 2635 4444 mentorum
2658 4385 2774 4455 cjtm
2801 4385 2921 4440 loca
2951 4401 3015 4439 ac
3047 4384 3179 4439 vivis
3201 4381 3589 4438 inaccessibilia
3620 4379 3776 4435 inferi
3803 4394 3938 4450 pro-

2329 4478 2491 4534 funda
2537 4476 2858 4533 descendit?
2900 4474 3018 4530 Jam
3066 4475 3272 4530 scilicet
3319 4473 3447 4539 tibi,
3481 4478 3642 4546 prout
3688 4483 3788 4552 par
3816 4469 3938 4528 ﬁeri

2331 4572 2445 4638 fuit,
2471 4572 2536 4628 de
2568 4570 2999 4644 incorporalibus
3029 4568 3328 4625 animarum
3358 4551 3512 4636 locis,
3543 4574 3598 4622 et
3627 4565 3691 4624 de
3719 4564 3935 4622 inferno

2329 4671 2488 4732 atque
2515 4661 2789 4734 paradiso,
2835 4669 2888 4717 et
2927 4660 2995 4716 de
3025 4661 3218 4716 animae
3246 4661 3363 4716 sine
3391 4655 3622 4730 corpore
3649 4658 3702 4712 in
3733 4671 3930 4728 corpo-

2333 4755 2427 4810 rali
2457 4756 2721 4823 contuitu,
2755 4772 2878 4810 cum
2908 4754 2975 4811 de
3004 4753 3166 4810 divite
3198 4753 3289 4808 illo
3320 4762 3374 4809 et
3402 4767 3646 4832 paupere
3670 4749 3830 4805 verba
3861 4746 3933 4803 fe-

2332 4848 2524 4915 cimus,
2554 4845 2638 4902 vel
2660 4862 2780 4901 cum
2811 4847 2877 4903 de
2907 4847 3099 4900 anima:
3127 4845 3324 4918 duplici
3358 4843 3563 4900 visione
3584 4840 3931 4898 tractavimus

2331 4935 2470 5012 (Lib.
2505 4954 2578 5002 ur,
2605 4956 2719 5010 cap.
2757 4937 2807 5005 l,
2833 4935 2868 4990 2
2887 4946 2936 4991 et
2961 4934 3040 5012 9),
3064 4951 3322 5010 responsa
3351 4933 3620 4992 redhibni.
3645 4931 3780 5000 Quia
3798 4945 3930 4987 vero

2334 5023 2475 5088 nunc
2522 5029 2670 5096 illud,
2729 5031 2874 5101 quod
2925 5029 3132 5085 inferna
3199 5028 3333 5098 vivis
3375 5025 3765 5084 inaccessibilia
3809 5038 3931 5080 esse

2335 5123 2513 5180 dixisti
2545 5123 2682 5197 (Lib.
2711 5142 2786 5189 ιιι,
2818 5125 2944 5198 Cap.
2967 5123 3062 5178 6e!
3092 5122 3173 5198 8),
3197 5121 3553 5198 indiscussum
3582 5127 3767 5182 restat,
3796 5131 3934 5188 qna-

2335 5224 2494 5272 tenus
2535 5215 2737 5274 dixeris
2785 5232 2989 5288 quaero,
3019 5213 3225 5272 scilicet
3252 5231 3318 5268 ea:
3347 5213 3524 5280 anima
3555 5219 3854 5266 constamus
3877 5215 3928 5261 et

2337 5325 2568 5381 corpore.
2600 5307 2677 5363 Ac
2724 5309 2849 5363 licet
2895 5305 3132 5376 ambigat
3178 5295 3338 5361 neino
3367 5301 3498 5374 quid
3542 5298 3851 5357 immortale
3879 5298 3932 5352 in

2337 5401 2510 5464 nobis,
2535 5401 2733 5470 quidve
2755 5400 2984 5455 mortale
3005 5400 3104 5468 sit;
3133 5413 3232 5468 ego
3253 5408 3434 5456 tamen
3457 5407 3633 5452 tecum
3655 5395 3731 5449 sic
3752 5405 3934 5461 agam;

2334 5502 2393 5547 ut
2417 5492 2484 5548 de
2529 5501 2650 5548 utra
2679 5493 2850 5547 mavis
2899 5491 3278 5563 respondeam.
3307 5487 3370 5545 Si
3417 5505 3484 5545 ex
3513 5495 3704 5544 uentu
3748 5492 3933 5540 nostra

2332 5586 2632 5654 substantia
2654 5587 2940 5656 morimur,
2957 5585 3088 5644 nihil
3116 5593 3360 5646 nostrum
3380 5582 3449 5642 ad
3470 5580 3681 5660 inferna
3706 5577 3936 5636 descen-

2333 5681 2412 5736 dit
2441 5699 2456 5733 :
2485 5680 2612 5750 quia
2650 5680 2856 5745 inferos
2889 5680 3026 5738 vivis
3055 5681 3362 5735 inaccessos
3381 5692 3504 5735 use
3693 5672 3758 5735 Si
3780 5679 3940 5736 Iin-

2337 5787 2444 5842 que
2469 5773 2750 5842 morimur,
2781 5786 2912 5846 ergo
2939 5781 2997 5828 et
3045 5789 3245 5844 corpus
3273 5771 3341 5828 ad
3378 5769 3590 5826 inferna
3633 5763 3940 5825 ducendis

3013 5893 3044 5904 ρ
