4140 6346
534 324 668 420 ,τις

1865 321 2182 387 ΜΔΜΕΒΤΙ
2219 323 2585 386 CLAUDIAM

3739 320 3858 384 776

557 458 621 507 ut
664 450 721 507 in
762 449 878 520 ipso
905 445 1214 503 omnimodo
1241 459 1530 517 corporum
1576 459 1777 515 genere
1807 447 1940 502 atris
1967 445 2150 518 splen-
2176 447 2233 508 Α
2255 445 2419 502 etiam
2447 444 2812 516 corporalium
2863 443 3246 502 reminiscitur.
3305 442 3373 500 Et
3420 459 3548 501 cum
3601 444 3861 500 meminit

558 541 765 609 dentia,
808 540 1053 596 sublimia
1075 538 1364 611 depressis,
1394 538 1634 611 pretiosa
1683 539 1876 596 vilibus
1912 548 2146 611 antepo-

561 635 672 700 nis;
703 635 777 689 ita
797 631 960 688 etiam
989 632 1045 686 in
1064 631 1396 703 incorporeis
1409 646 1530 702 quae
1557 640 1740 688 creata
1769 639 1916 699 sunt,
1946 631 2150 686 huma-

559 742 659 783 nas
681 724 932 780 belluinis
959 742 972 778 :
998 723 1052 778 in
1080 723 1209 795 ipsis
1230 723 1414 780 itidem
1435 739 1554 796 qua:
1574 724 1823 780 humana:
1848 733 1996 793 sunt,
2014 741 2149 796 pru-

560 819 751 875 dentes
778 816 989 873 stolidis
1022 835 1035 871 :
1068 817 1122 871 in
1143 817 1226 872 his
1253 832 1419 888 porro
1467 817 1651 872 itidem
1697 833 1816 889 quze
1846 827 2037 873 natura
2063 816 2148 871 vi-

515 929 519 944 ·
563 918 709 982 gent,
741 909 928 966 doctas
955 908 1186 965 indoctis
1207 909 1414 964 animas
1443 917 1769 966 antevertas.
1802 909 1975 965 Sicuti
2005 909 2151 964 enim

563 1003 645 1058 sol
669 1018 866 1074 corpus
890 1010 1006 1070 est,
1048 1011 1104 1058 et
1146 1017 1337 1058 saxum
1380 1001 1660 1072 quodlibet
1699 1003 1857 1072 longe
1899 1002 2153 1073 disparile

548 1093 710 1160 huic,
734 1093 956 1165 perinde
976 1102 1159 1148 tamen
1184 1108 1381 1164 corpus
1409 1104 1492 1149 est
1525 1113 1538 1146 :
1571 1093 1649 1150 sic
1677 1093 1930 1164 equidem
1979 1091 2155 1148 omni-

561 1199 758 1256 genum
782 1194 973 1241 natura
993 1187 1227 1242 vitarum
1255 1186 1575 1258 incorporea
1595 1187 1801 1243 scilicet
1840 1183 2016 1253 omnis
2044 1195 2149 1244 est.

561 1274 673 1332 Sed
727 1278 866 1334 sicut
913 1292 1109 1347 corpus
1153 1292 1382 1349 corpore
1433 1277 1782 1348 praecellitur,
1825 1293 1948 1333 cum
1977 1285 2155 1333 tamen

565 1376 856 1439 utrumque
881 1368 952 1424 sit
977 1384 1174 1440 corpus
1205 1386 1217 1422 :
1249 1369 1328 1424 sic
1354 1368 1564 1424 animus
1586 1370 1900 1436 antefertur,
1932 1384 2054 1424 cum
2083 1377 2158 1423 ta-

566 1475 693 1516 men
722 1468 1008 1531 utrumque
1034 1461 1105 1516 sit
1131 1460 1360 1517 animus.
1394 1458 1463 1516 Et
1505 1455 1698 1516 iterum
1729 1461 1959 1532 opulens
1987 1474 2156 1531 nego-

566 1553 721 1618 tium,
746 1560 802 1608 et
829 1553 968 1608 dites
994 1568 1171 1608 causae
1200 1553 1268 1609 ad
1293 1552 1580 1609 dicendum
1619 1553 1908 1624 proiiciunt
1936 1562 1991 1608 et
2018 1567 2158 1623 pene

565 1642 835 1700 blanditer
858 1644 1030 1700 obviae
1055 1653 1248 1716 suapte
1272 1644 1452 1717 specie
1479 1645 1711 1701 describi
1740 1661 1860 1702 sese
1886 1653 2152 1716 quaesunt,

570 1741 735 1804 atque
759 1733 926 1789 etiam
956 1743 1171 1804 cogunt.
1204 1734 1313 1790 Sed
1345 1735 1506 1791 hasce
1535 1737 1883 1793 excellentius
1915 1745 1971 1792 et
2020 1752 2158 1807 prte-

569 1825 891 1881 eminentias
912 1840 976 1881 ac
997 1826 1378 1896 supremitates
1403 1827 1480 1881 illi
1500 1823 1839 1898 potissimum
1867 1827 2083 1895 adeant,
2116 1827 2162 1883 si

563 1919 659 1990 qui
687 1919 765 1974 illi
785 1927 911 1975 sunt
935 1934 1074 1989 quos
1095 1919 1284 1976 ardens
1305 1921 1472 1974 evexit
1494 1921 1551 1974 in
1579 1920 1771 1976 (ethera
1793 1921 1954 1974 virtus
1977 1930 2023 1974 η.
2057 1919 2162 1975 Ve—

564 2023 686 2066 rum
714 2010 989 2067 enimvero
1035 2011 1167 2066 mihi
1218 2011 1696 2082 impraesentiarum
1745 2009 1870 2065 huic
1907 2009 1975 2065 de
2019 2017 2162 2065 statu

564 2105 758 2162 animae
796 2106 1077 2177 quaestioni
1109 2108 1292 2179 (prout
1338 2106 1428 2164 ille
1452 2105 1733 2178 proposuit
1769 2119 2001 2174 quocum
2027 2119 2162 2160 con-

563 2200 734 2271 gressi
760 2201 965 2273 sumus)
987 2209 1042 2257 et
1071 2201 1349 2272 aliquanto
1377 2198 1559 2255 forsan
1590 2197 1893 2270 plusculum
1935 2213 2163 2268 respon-

565 2281 695 2348 dere
715 2292 846 2348 mihi
874 2293 1152 2364 provincia
1187 2293 1324 2348 fuit:
1355 2291 1498 2362 quod
1538 2299 1758 2347 rectene
1799 2306 1866 2345 an
1896 2305 2052 2346 secus
2082 2289 2163 2346 le-

569 2384 758 2456 cerim,
778 2401 965 2456 :equus
992 2394 1049 2442 et
1067 2385 1260 2440 doctus
1280 2385 1482 2440 arbiter
1505 2383 1787 2454 judicabit.

1165 2516 1396 2574 CAPUT
1425 2507 1565 2574 XIV.

749 2633 1088 2708 Superiorum
1126 2633 1290 2690 brevis
1330 2633 1687 2704 recapitulatio
1715 2632 1988 2688 librorum.

641 2770 688 2828 Ι.
700 2769 901 2828 Verum
912 2770 1170 2842 quoniam
1181 2769 1350 2825 multa
1360 2784 1482 2840 quae
1501 2768 1602 2824 sub
1621 2767 1844 2837 hujusce
1858 2765 2171 2837 quaestionis

570 2863 758 2921 ubiubi
801 2861 1211 2934 disputavimus,
1263 2877 1372 2920 non
1418 2875 1592 2930 usque
1635 2859 1866 2916 faciliter
1908 2859 2170 2916 memoria

571 2955 858 3027 complecti
885 2955 1133 3025 cognitor
1158 2961 1360 3026 potest,
1381 2967 1503 3023 quas
1523 2951 1754 3023 sparsim
1782 2959 1837 3008 et
1861 2950 2168 3016 dissertata,

572 3062 821 3120 qumque,
846 3047 926 3104 uti
953 3045 1206 3114 arbitror,
1230 3045 1405 3101 evicta
1429 3052 1587 3112 sunt;
1619 3043 1890 3100 collectim
1909 3042 2170 3098 strictim-

574 3154 684 3210 que
707 3133 766 3195 et
792 3139 957 3195 veluti
985 3139 1286 3211 punctatim
1309 3139 1409 3194 sub
1440 3139 1638 3194 mentis
1675 3137 1834 3194 oculo
1871 3135 2075 3206 redegi,
2115 3143 2172 3192 et

577 3231 863 3288 revisenda
877 3231 1036 3287 simul
1062 3230 1606 3301 recognoscendaque
1619 3231 1884 3300 congessi.

651 3323 707 3379 1.
737 3321 818 3378 De
844 3324 1169 3396 incorporeo.
1192 3356 1266 3366 —
1290 3323 1432 3380 Deus
1458 3324 1811 3395 incorporeus
1833 3331 1917 3378 est
1948 3341 1960 3376 :
1995 3322 2174 3392 imago

577 3423 760 3472 autem
779 3414 880 3471 Dei
906 3423 992 3472 est
1018 3416 1285 3472 humanus
1313 3415 1525 3472 animus
1553 3434 1565 3468 :
1597 3415 1857 3486 quoniam
1885 3414 1952 3469 ad
1987 3414 2174 3469 simili-

575 3507 816 3564 tudinem
844 3517 902 3564 et
925 3509 1214 3579 imaginem
1238 3508 1337 3564 Dei
1359 3507 1530 3564 factus
1559 3516 1643 3564 est
1669 3508 1854 3564 homo.
1886 3505 2174 3563 Enimvero

575 3599 757 3669 imago
777 3600 1085 3672 incorporei
1113 3616 1312 3672 corpus
1337 3616 1457 3656 esse
1477 3617 1586 3657 non
1627 3609 1827 3673 potest.
1857 3599 2024 3672 Igitur
2047 3600 2172 3672 quia

575 3689 756 3760 imago
777 3691 873 3746 Dei
900 3700 983 3748 est
1001 3692 1268 3749 humanus
1296 3693 1527 3762 animus,
1558 3695 1910 3765 incorporeus
1932 3703 2015 3750 est
2052 3693 2171 3749 ani-

578 3795 700 3837 mus
722 3781 1009 3839 humanus.

556 3928 561 3934 ,
647 3871 700 3926 2.
734 3871 816 3927 De
841 3874 962 3928 vita.
994 3907 1067 3917 —
1092 3873 1264 3931 Omne
1295 3875 1506 3932 illoeale
1545 3876 1924 3947 incorporeum
1956 3890 2174 3946 quoque

578 3972 683 4020 est.
709 3963 880 4022 Porro
899 3966 1010 4022 vita
1044 3967 1290 4038 corporis
1317 3969 1496 4024 anima
1525 3975 1628 4033 est,
1661 3974 1717 4023 et
1759 3968 1813 4022 in
1841 3982 2070 4038 corpore
2090 3966 2172 4021 vi-

577 4064 741 4112 vente
781 4065 890 4112 tam
927 4059 1059 4114 vivit
1097 4075 1224 4130 pars
1250 4061 1471 4116 minima
1509 4061 1774 4132 corporis,
1807 4076 1969 4131 quam
1997 4066 2172 4115 totum

577 4163 796 4219 corpus.
816 4149 1046 4205 Tantum
1066 4164 1197 4220 ergo
1223 4152 1344 4208 vitae
1367 4155 1421 4208 in
1440 4161 1593 4225 parte
1621 4154 1866 4224 corporis
1885 4161 1986 4220 est,
2009 4167 2174 4222 quan-

581 4247 698 4294 tum
727 4241 781 4295 in
810 4249 925 4297 toto
952 4258 1184 4313 corpore
1214 4261 1228 4298 :
1252 4253 1307 4299 et
1331 4245 1441 4300 vita
1473 4245 1588 4300 hme
1614 4245 1790 4301 anima
1817 4255 1918 4300 est.
1949 4244 2059 4300 Nec
2088 4245 2161 4299 lo-

579 4333 697 4390 cale
724 4334 971 4405 estquod
987 4343 1097 4391 tam
1119 4351 1371 4406 magnum
1391 4345 1476 4392 est
1495 4337 1550 4392 in
1572 4346 1687 4394 toto
1709 4353 1871 4408 quam
1892 4340 1944 4393 in
1967 4338 2168 4407 aliquo,

581 4437 638 4482 et
667 4435 774 4483 tam
795 4442 1049 4498 magnum
1079 4429 1133 4485 in
1155 4445 1322 4500 parvo
1347 4445 1510 4500 quam
1541 4431 1594 4487 in
1623 4445 1840 4500 magno.
1867 4431 1980 4486 Non
2009 4431 2172 4500 igitur

579 4516 768 4575 localis
797 4526 880 4574 est
929 4520 1158 4575 animus.
1191 4519 1259 4576 Et
1284 4521 1545 4591 quidquid
1587 4521 1798 4578 illocale
1843 4531 1943 4588 est,
1975 4539 2171 4596 corpo-

579 4619 733 4665 reum
761 4624 870 4665 non
895 4617 978 4665 est
1002 4629 1014 4664 :
1040 4611 1202 4680 igitur
1225 4611 1402 4666 anima
1431 4627 1630 4683 corpus
1657 4628 1765 4668 non
1787 4622 1888 4668 est.

650 4700 703 4756 5.
744 4699 826 4756 De
859 4703 1082 4758 ratione.
1109 4735 1181 4746 —
1221 4702 1357 4760 Item
1389 4703 1744 4764 ratiocinatur
1771 4703 1950 4758 anima
1997 4705 2169 4762 ratio-

580 4794 736 4862 nalis,
767 4803 824 4850 et
843 4796 1269 4854 substantialiter
1313 4799 1460 4854 inest
1486 4798 1680 4854 anima:
1728 4796 2040 4853 ratiocinari
2072 4816 2086 4852 :
2116 4807 2171 4855 et

581 4886 719 4941 ratio
748 4886 1100 4961 incorporalis
1123 4897 1285 4961 atque
1323 4891 1552 4948 illocalis
1579 4899 1694 4948 est:
1723 4891 1887 4963 igitur
1911 4892 2168 4965 incorpo-

581 4977 710 5035 ralis
737 4989 823 5034 cst
861 4981 1060 5036 anima.

655 5071 708 5126 4.
749 5071 831 5125 De
860 5071 1137 5129 voluntate.
1163 5108 1236 5119 —
1253 5075 1388 5134 Item
1417 5078 1669 5136 voluntas
1702 5080 1898 5136 animae
1921 5081 2172 5139 substan—

569 5163 656 5225 tia
685 5161 802 5233 ejus
830 5171 942 5231 est;
973 5166 1098 5223 etsi
1126 5175 1240 5224 tota
1264 5169 1380 5224 vult
1417 5171 1616 5238 anima,
1647 5168 1767 5228 tota
1781 5173 2039 5230 voluntas
2067 5182 2170 5242 est,

580 5266 638 5316 et
659 5259 908 5330 voluntas
947 5274 1146 5333 corpus
1171 5277 1284 5320 non
1318 5271 1442 5319 est:
1487 5264 1649 5334 igitur
1693 5266 1873 5322 anima
1921 5283 2033 5323 non
2090 5276 2175 5324 est

581 5363 801 5419 corpus.

650 5441 705 5498 5.
746 5441 827 5499 De
846 5447 1190 5504 memoria.—-
1214 5448 1350 5505 Item
1377 5451 1638 5507 memoria
1670 5451 1896 5510 illocalis
1923 5456 2167 5524 quaedam

580 5536 852 5604 capacitas
905 5549 1007 5608 est,
1037 5555 1156 5612 qua:
1203 5557 1308 5599 nec
1355 5541 1700 5600 multitudine
1740 5546 2166 5603 'recordabilium

583 5620 920 5697 distenditur,
952 5645 1055 5687 nec
1072 5633 1344 5702 paucitate
1367 5642 1640 5701 tenuatur,
1673 5643 1729 5693 et
1749 5636 2169 5708 incorporaliter

651 5807 687 5841 ιι
713 5801 899 5876 Virgil.
1176 5825 1250 5880 vr,
1278 5828 1414 5870 vers.
1436 5812 1558 5873 150.

2195 4563 2251 4627 Ι)

2205 4611 2248 4655 "
2273 4616 2370 4673 sed
2395 4631 2506 4672 non
2545 4615 2600 4671 id
2622 4630 2732 4671 uno
2770 4616 2902 4671 item
2922 4614 3092 4671 verbo
3127 4613 3218 4670 vel
3271 4612 3504 4669 Timaeus
3554 4611 3873 4667 instruxerit.

2255 538 2490 605 animus,
2522 545 2670 595 totus
2695 538 2944 594 meminit
2961 546 3017 594 et
3036 546 3184 596 totus
3211 538 3476 594 memoria
3503 545 3589 594 est
3614 539 3708 610 qui
3735 553 3863 594 me-

2255 631 2411 686 minit
2428 641 2431 645 ‘
2447 638 2614 699 totus,
2646 639 2704 688 et
2728 631 2991 688 memoria
3018 645 3216 704 corpus
3242 647 3360 688 non
3387 639 3472 688 est
3503 649 3517 686 :
3547 647 3661 688 non
3687 631 3864 703 igitur

2255 736 2453 794 corpus
2479 730 2564 778 est
2583 722 2818 780 animus.
2856 769 2860 772 .
3575 743 3578 748 ’

2326 815 2377 870 6.
2421 816 2502 871 De
2542 825 2699 871 tactu.
2721 849 2792 860 -
2833 816 2967 874 Item
3007 831 3205 888 corpus
3233 817 3290 873 in
3333 823 3488 890 parte
3522 817 3606 872 sui
3643 824 3863 873 tactum

2255 909 2328 964 ibi
2374 910 2556 976 sentit,
2589 911 2678 966 ubi
2700 911 2969 980 tangitur;
3021 911 3232 968 animus
3260 919 3441 967 autem
3469 926 3570 983 per
3602 927 3717 971 non
3763 920 3856 966 to,

2257 1011 2370 1058 tum
2395 1019 2610 1075 corpus,
2643 1003 2749 1060 hoc
2776 1013 2878 1072 est,
2901 1019 3001 1076 per
3039 1015 3248 1076 partem
3278 1005 3524 1078 corporis
3552 1012 3699 1062 totus
3727 1018 3865 1062 sen-

2259 1097 2341 1152 tit.
2373 1096 2692 1167 Hujusmodi
2719 1111 2850 1154 vero
2877 1111 3070 1154 sensus
3097 1097 3326 1154 illocalis
3367 1107 3472 1164 est,
3511 1104 3568 1154 et
3595 1113 3759 1154 omne
3787 1096 3862 1152 il—

2257 1189 2432 1245 locale
2460 1189 2842 1262 incorporeum
2871 1202 2956 1248 est
2986 1209 2999 1246 :
3025 1191 3352 1264 incorporea
3378 1206 3510 1262 ergo
3551 1200 3635 1250 est
3670 1193 3859 1252 omnis

2259 1293 2462 1334 anima.

2333 1370 2383 1424 7.
2426 1370 2506 1427 De
2547 1389 2756 1428 accessu
2787 1390 2849 1428 ac
2887 1391 3112 1430 recessu.
3137 1407 3211 1419 ——
3233 1374 3370 1432 Item
3405 1392 3606 1450 corpus
3632 1392 3737 1434 nec
3765 1392 3864 1449 ap-

2258 1464 2589 1537 propinquat
2616 1465 2750 1533 Deo,
2806 1480 2909 1523 nec
2945 1467 3155 1523 recedit
3181 1483 3214 1522 a
3243 1467 3376 1524 Deo.
3420 1467 3648 1525 Animus
3672 1477 3859 1524 autem

2261 1565 2318 1611 et
2336 1559 2608 1628 proximat
2643 1568 2700 1614 et
2724 1558 3045 1630 longinquat
3072 1559 3402 1616 illocaliter:
3434 1560 3598 1630 igitur
3643 1560 3863 1619 animus

2261 1665 2460 1721 corpus
2498 1666 2610 1706 non
2638 1658 2742 1707 est.

2332 1740 2385 1795 8.
2428 1740 2507 1796 De
2539 1753 2698 1797 motu.
2724 1772 2797 1784 —
2824 1742 2958 1798 Item
2999 1759 3199 1815 corpus
3221 1752 3475 1801 movetur
3513 1760 3616 1816 per
3651 1744 3859 1811 locum,

2189 1812 2240 1874 Β
2265 1834 2476 1890 animus
2523 1844 2704 1894 autem
2730 1850 2830 1908 per
2873 1836 3126 1893 eumdem
3163 1853 3278 1894 non
3317 1845 3569 1894 movetur
3599 1857 3614 1894 :
3647 1839 3864 1894 animus

2264 1925 2425 1994 igitur
2451 1942 2561 1981 non
2589 1933 2674 1982 est
2700 1941 2916 1998 corpus.

2335 2017 2387 2072 9.
2432 2017 2510 2072 De
2530 2035 2792 2074 mensura.
2814 2052 2888 2062 ——
2912 2019 3050 2076 Item
3084 2020 3387 2097 longitudo,
3415 2020 3666 2089 latitudo,
3696 2032 3756 2078 et
3781 2023 3866 2079 al-

2267 2110 2442 2167 titudo
2496 2111 2552 2166 in
2605 2128 2839 2185 corpore
2862 2123 2991 2170 sunt
3023 2132 3036 2168 :
3068 2123 3126 2172 et
3177 2115 3439 2188 quidquid
3488 2116 3641 2174 hisce
3686 2127 3862 2184 caret,

2265 2220 2463 2276 corpus
2501 2223 2613 2262 non
2640 2215 2741 2264 est.
2775 2206 2934 2265 Hisce
2962 2216 3147 2265 autem
3167 2217 3320 2268 caret
3346 2211 3558 2268 animus
3606 2229 3619 2266 :
3660 2226 3868 2284 corpus

2266 2298 2428 2367 igitur
2467 2314 2579 2355 non
2606 2308 2709 2355 est.

2316 2389 2427 2474 '10.
2469 2389 2551 2446 De
2573 2390 2756 2446 dextro
2795 2400 2847 2446 et
2872 2392 3109 2448 sinistro.
3140 2391 3506 2460 —-Dextrum,
3534 2393 3853 2462 sinistrum;

2267 2499 2500 2550 sursum,
2525 2483 2814 2552 deorsum;
2847 2486 3090 2541 anterius
3109 2492 3165 2541 et
3185 2485 3460 2557 posterius
3479 2485 3534 2540 in
3558 2486 3707 2542 omni
3724 2495 3868 2543 sunt

2268 2591 2532 2647 corpore;
2558 2577 2614 2631 in
2641 2576 2788 2632 nulla
2814 2585 2998 2634 autem
3019 2585 3148 2634 sunt
3165 2578 3347 2634 anima
3371 2595 3386 2632 :
3412 2579 3736 2650 incorporea
3764 2579 3874 2649 igi-

2271 2671 2360 2723 tur
2384 2654 2563 2724 omnis
2589 2678 2676 2724 est
2704 2670 2904 2725 anima.
3831 2693 3838 2700 ο

2341 2759 2406 2814 ιι.
2447 2759 2530 2815 En
2555 2776 2838 2832 quousque
2889 2777 2959 2818 ex
3003 2760 3154 2818 omni
3207 2761 3414 2818 scilicet
3439 2761 3873 2833 disputatioum

2271 2863 2578 2912 nostrarum
2623 2864 2778 2927 parte
2817 2857 3205 2922 contraximus,
3239 2857 3501 2928 quidquid
3542 2865 3664 2913 toto
3701 2871 3873 2929 opere

2272 2948 2448 3004 moliti
2476 2963 2689 3016 sumus;
2738 2949 2999 3020 quoniam
3026 2948 3173 3020 quod
3209 2950 3333 3006 istic
3359 2965 3524 3022 quam
3550 2951 3873 3006 brevissime

2273 3044 2766 3116 recapitulavimus,
2817 3043 2922 3100 nisi
2949 3044 3241 3114 praemissis
3263 3044 3729 3116 disputationibus
3758 3042 3871 3100 fieri

2200 3187 2250 3252 ο
2275 3135 2557 3210 probabile
2575 3153 2689 3194 non
2714 3136 2907 3208 quivit.
2933 3133 3250 3207 Quanquam
3277 3137 3325 3192 si
3349 3137 3636 3206 negotium
3660 3145 3874 3193 tantum

2279 3237 2517 3286 assertor
2543 3228 2774 3285 idoneus
2816 3236 3012 3285 nactus
3051 3237 3216 3296 esset,
3263 3243 3394 3296 non,
3425 3229 3586 3286 sicuti
3632 3237 3873 3300 egomet,

2276 3320 2595 3390 dignitatem
2623 3336 2801 3378 cauete
2849 3319 3139 3377 admodum
3167 3321 3364 3393 impari
3418 3321 3670 3377 oratione
3695 3319 3876 3377 debo—

2276 3414 2597 3470 noravisset.
2641 3413 2828 3482 Neque
2865 3428 2998 3470 vero
3025 3414 3142 3483 ipse
3187 3413 3465 3485 aliquanto
3502 3414 3664 3469 latius
3701 3413 3876 3485 proli-

2279 3505 2507 3575 xiusque
2527 3504 2669 3560 hanc
2687 3503 2934 3560 eamdem
2957 3504 3314 3576 quaestionem
3333 3506 3535 3574 agitare
3555 3520 3667 3560 non
3689 3504 3871 3575 potui.

2276 3595 2477 3652 Verum
2505 3595 2710 3651 scilicet
2736 3610 2838 3666 par
2863 3595 2964 3650 fuit
3001 3594 3184 3667 quoad
3227 3595 3561 3652 adversarius
3583 3595 3746 3650 reniti
3773 3609 3878 3650 va-

2277 3691 2396 3757 luit,
2425 3706 2493 3747 eo
2522 3705 2691 3760 usque
2719 3690 2986 3762 praeliari;
3033 3698 3128 3745 aut
3173 3689 3346 3759 quoad
3382 3689 3435 3743 in
3463 3687 3638 3757 fugam
3666 3688 3863 3755 cessit,

2195 3791 2200 3798 ‘
2277 3790 2486 3850 tergum
2513 3783 2775 3853 praebere,
2803 3790 2859 3838 et
2883 3797 3048 3838 manu
3089 3791 3294 3854 captum
3318 3779 3576 3851 plumbeis
3599 3778 3862 3850 pugioni-

2275 3875 2376 3930 bus
2402 3889 2707 3931 exarmare.
2765 3872 2998 3931 Ulterius
3048 3890 3212 3946 porro
3254 3871 3499 3945 progredi
3522 3878 3581 3927 et
3604 3871 3664 3926 in
3691 3885 3871 3926 auras

2275 3967 2383 4023 tela
2404 3968 2607 4038 jacere,
2637 3975 2693 4023 et
2720 3967 2840 4023 sine
2883 3967 3042 4023 hoste
3085 3979 3358 4039 pugnare;
3387 3977 3540 4020 cassa
3576 3961 3874 4019 contentio

2274 4069 2377 4126 est,
2403 4070 2460 4116 et
2485 4061 2678 4115 virium
2703 4059 2982 4115 frustratio
3001 4102 3015 4126 ,
3047 4058 3195 4131 quod
3222 4059 3298 4113 ita
3325 4058 3428 4112 erit
3464 4055 3776 4126 inglorium,
3807 4055 3876 4110 ut

2276 4155 2628 4210 laboriosum.
2673 4152 2814 4221 Quid
2842 4162 2899 4208 tu
2928 4152 3110 4223 igitur,
3137 4151 3216 4206 ait
3253 4149 3466 4221 aliquis,
3495 4163 3598 4220 per
3620 4147 3739 4203 lucc
3763 4146 3876 4202 tria

2275 4247 2551 4304 volumina
2592 4245 2850 4303 adversus
2874 4245 3096 4302 brevem
3141 4245 3397 4316 paginam
3425 4241 3687 4313 spatiatus
3713 4254 3794 4306 es,
3824 4239 3876 4295 'si

2276 4340 2499 4395 verbum
2528 4339 2694 4395 verbo
2715 4337 2887 4394 satis?
2915 4336 3025 4394 Sed
3053 4352 3164 4393 non
3183 4336 3237 4392 id
3265 4335 3471 4405 negotii
3493 4342 3578 4390 est
3599 4331 3873 4390 fallaciam

2274 4439 2505 4498 struere,
2534 4430 2678 4502 quod
2713 4430 3014 4486 destruere.
3063 4427 3239 4498 Neget
3281 4427 3549 4499 quispiam
3597 4424 3870 4496 spheram

2275 4537 2395 4579 esse
2422 4522 2700 4578 mundum.
2727 4520 2848 4578 Uno
2877 4519 3096 4592 quidem
3116 4521 3223 4576 hoc
3250 4519 3342 4576 ille
3369 4519 3538 4575 verbo
3563 4517 3870 4588 negaverit;

2270 4705 2510 4764 Proinde
2538 4707 2798 4779 quidquid
2848 4705 2978 4762 illud
3006 4705 3362 4777 ampliuscule
3401 4702 3748 4760 sermocinati
3774 4719 3874 4759 sn-

2273 4815 2412 4867 mus,
2435 4815 2549 4856 non
2587 4799 2751 4856 modo
2790 4799 2908 4856 sola
2929 4797 3054 4854 falsi
3080 4795 3402 4863 confutatio,
3431 4795 3530 4852 sed
3556 4796 3674 4851 veri
3701 4795 3872 4850 etiam

2269 4897 2454 4966 coegit
2504 4894 2784 4951 astructio.
2831 4892 3042 4964 Quippe
3092 4892 3364 4949 diversum
3419 4899 3502 4947 est
3547 4906 3561 4944 :
3597 4888 3876 4944 dedocere

2274 4991 2458 5057 noxia,
2489 4998 2546 5045 et
2589 4989 2742 5047 utilia
2771 4988 2989 5044 docere.
3037 4985 3147 5043 Nec
3187 4986 3294 5043 hoc
3337 4984 3481 5041 idem
3509 4991 3613 5050 est,
3657 4991 3872 5039 sentem

2274 5084 2394 5140 solo
2415 5083 2635 5150 vellere,
2666 5082 2814 5152 quod
2841 5081 3052 5151 frugem
3076 5081 3279 5151 jacere.
3309 5077 3427 5135 Non
3456 5092 3588 5148 ergo
3609 5077 3661 5133 id
3689 5076 3872 5148 ipsum

2276 5187 2360 5235 est
2378 5193 2570 5234 eruere
2589 5177 2800 5246 vitium,
2831 5174 2978 5246 quod
3004 5189 3188 5231 serere
3205 5174 3479 5229 virtutem.
3511 5171 3680 5226 Multo
3709 5170 3878 5239 igitur

2275 5270 2506 5342 amplius
2549 5283 2729 5340 operae
2769 5267 3144 5324 insumendum
3173 5273 3258 5322 est
3310 5265 3363 5320 in
3392 5271 3626 5334 utroque
3651 5262 3878 5324 horum,

2277 5377 2440 5434 quam
2469 5361 2526 5416 in
2544 5361 2829 5415 alterutro.
2854 5357 3028 5415 Porro
3055 5366 3238 5413 autem
3265 5371 3390 5414 cum
3409 5362 3642 5424 utraque
3665 5353 3881 5422 agitare

2277 5453 2409 5510 mihi
2437 5453 2715 5524 provincia
2761 5451 2941 5517 fuerit,
2974 5451 3031 5506 in
3059 5459 3170 5505 tam
3213 5449 3240 5489 δ
3280 5447 3580 5521 praepedito
3626 5444 3878 5517 negotio,

2275 5545 2575 5619 praesertim
2603 5544 2775 5614 magis
2806 5543 2941 5600 mira
2980 5550 3066 5599 est
3089 5543 3324 5614 parcitas
3368 5555 3533 5613 quam
3559 5537 3876 5613 prolixius.

2277 5641 2412 5697 Nam
2437 5655 2561 5696 cum
2602 5653 2723 5695 sese
2751 5637 3068 5695 undecunde
3094 5623 3455 5696 clarescentes
3478 5646 3646 5709 atque
3686 5642 3884 5692 osten-

2352 5820 2384 5872 b.
2419 5821 2531 5890 AL,
2556 5822 2794 5894 pradicti
2819 5820 3038 5880 laboris.
3066 5820 3137 5880 Et
3161 5839 3309 5894 mox,
3338 5823 3478 5882 unde
3495 5825 3894 5900 διἀηδαιεεις
