4140 6346
296 371 386 428 717
469 356 478 364 '
1456 357 1540 415 ns
1579 359 1807 418 sum
1845 360 2084 418 mu
2125 363 2250 420 LIB.
2291 365 2378 421 Ill.

3455 372 3562 430 778

295 490 450 541 tantes
469 479 784 552 proderent,
808 475 1048 545 aliasque
1070 471 1443 544 multipliciter
1461 475 1864 545 progignerent;
1896 483 1948 544 Α
1973 479 2176 550 poralis
2232 489 2288 533 ct
2333 481 2644 553 spiritualis.
2695 483 2882 540 Omnis
2929 485 3129 556 quippe
3172 492 3420 543 creatura
3472 497 3569 546 aut

292 577 434 635 latius
473 572 717 629 dicenda:
744 584 922 627 causa:
963 565 1266 640 przescripsi
1309 582 1614 636 numerum,
1646 568 1864 625 modum

293 667 452 733 statui,
475 666 701 722 limitem
732 660 844 725 ﬁsi,
867 675 937 716 ne
958 659 1044 716 vel
1073 659 1127 714 in
1151 658 1322 714 aciem
1352 658 1534 730 plures
1561 661 1870 716 necessario
1909 701 1922 714 .

290 762 589 837 proferrem,
615 758 701 814 vel
724 756 926 813 diutius
950 761 1072 810 rato
1099 761 1389 818 certarem,
1434 752 1517 808 vel
1547 751 1754 823 longius
1777 750 1869 823 iu-

292 862 367 910 sto
393 849 760 926 procederem.

869 934 1101 994 CAPUT
1147 933 1239 991 XV

294 1035 491 1092 Veniam
533 1043 716 1090 auctor
742 1050 776 1086 a
803 1047 897 1087 suo
923 1030 1052 1101 petit
1075 1029 1396 1101 conﬂictum,
1427 1037 1478 1101 et
1507 1030 1641 1083 inter
1669 1037 1869 1083 utrum-

513 1121 614 1178 que
638 1112 901 1160 certamen
924 1097 1113 1172 ipsum
1157 1098 1339 1171 deligit
1360 1097 1614 1169 judicent.

346 1211 417 1274 'l'e
452 1231 620 1280 nunc,
651 1213 896 1289 quisquis
936 1211 1027 1268 ille
1072 1226 1133 1267 es
1173 1209 1430 1265 adversus
1469 1209 1623 1280 cujus
1668 1211 1869 1282 scripta

282 1317 478 1367 nosmet
526 1307 723 1378 injuria
748 1307 1076 1377 scriptorum
1119 1310 1334 1358 tuorum
1377 1299 1558 1358 dicere
1582 1301 1864 1373 compulit,

280 1419 370 1460 oro
416 1415 713 1474 quaesoque
759 1414 869 1456 non
909 1395 1237 1456 obirascaris
1289 1394 1438 1450 mihi.
1489 1393 1676 1465 Neque
1721 1395 1866 1452 enim

279 1495 574 1551 convicium
617 1491 798 1559 retuli,
831 1505 1009 1562 neque
1037 1487 1260 1561 rependi
1287 1487 1652 1546 maledictum.
1683 1487 1867 1544 Solam

281 1587 367 1643 tibi
410 1602 510 1658 pro
541 1585 778 1641 falsitate
804 1582 1090 1640 veritatem
1143 1580 1286 1638 haud
1334 1579 1452 1654 pari
1493 1578 1868 1636 vicissitudine

283 1677 652 1750 reponderavi.
681 1675 793 1732 lllis
821 1683 850 1714 ⁸
877 1687 1088 1746 egoque
1109 1687 1228 1743 qua:
1257 1673 1428 1742 magis
1456 1680 1548 1727 tua
1577 1672 1674 1727 tibi
1704 1671 1866 1728 noxia

275 1781 392 1828 sunt
418 1771 762 1828 adversarius
779 1784 919 1835 sum,
950 1781 1174 1838 eroque.
1208 1766 1386 1838 Atque
1405 1766 1486 1822 uti
1506 1765 1711 1822 eisdem
1751 1765 1866 1837 ipse

1972 570 2194 642 spiritus
2220 579 2314 628 aut
2331 588 2530 646 corpus
2556 584 2656 632 est.
2685 575 3000 649 Corporalia
3027 577 3235 635 scilicet
3252 593 3351 650 per
3367 594 3570 650 corpus

1971 664 2236 722 sentimus
2271 685 2282 719 :
2321 666 2701 724 intellectualia
2736 671 3012 728 intellectu
3047 670 3395 743 percipimus.
3422 659 3564 742 Ergo

1969 755 2182 813 duobus
2210 757 2401 824 modis,
2428 767 2690 830 quantum
2719 761 2774 817 in
2798 762 2901 818 hac
2927 762 3037 818 vita
3069 761 3250 830 datur,
3278 763 3457 821 omnis
3483 766 3566 822 rei

1973 847 2201 905 habetur
2229 849 2441 906 notitia.
2471 850 2627 918 Quod
2655 852 2726 907 sit
2753 867 2902 924 ergo,
2924 854 3071 924 quod
3093 853 3290 912 dicitur
3314 856 3419 912 tria
3444 871 3568 914 esse

1970 955 2169 1010 genera
2197 944 2576 1014 quaestionum,
2619 945 2702 1000 An
2730 946 2816 1013 sit,
2846 945 2985 1014 Quid
3016 949 3106 1016 sit,
3137 948 3308 1017 Quale
3334 950 3425 1008 sit.
3453 948 3566 1007 Cur

1969 1048 2157 1105 quaeso
2181 1033 2394 1101 dicitur,
2425 1034 2508 1091 An
2536 1036 2626 1102 sit,
2656 1053 2780 1092 cum
2816 1039 2993 1094 omnis
3019 1041 3209 1097 notitia
3234 1056 3351 1098 rem
3380 1049 3567 1098 osten-

1971 1122 2132 1192 dens,
2177 1125 2583 1194 ambiguitatem
2627 1127 2782 1184 tollat
2823 1137 2880 1184 ct
2928 1129 3172 1187 dubitare
3217 1147 3327 1189 non
3378 1132 3565 1188 sinat?

1967 1213 2079 1271 Sed
2107 1229 2208 1286 ego
2237 1225 2370 1288 puto
2398 1216 2471 1271 ita
2500 1218 2736 1288 positum
2764 1235 2884 1276 esse
2920 1221 3026 1277 hoc
3061 1222 3369 1292 ambiguum
3389 1263 3406 1287 ,
3434 1225 3562 1294 quia

1971 1323 2080 1363 non
2108 1308 2290 1364 omnia
2319 1310 2740 1366 substantiarum
2787 1320 2929 1380 sunt,
2958 1313 3052 1369 sed
3082 1315 3422 1386 reperiuntur
3460 1316 3561 1372 ali-

1968 1413 2075 1469 qua
2103 1415 2223 1470 quze
2249 1401 2598 1471 probationes
2621 1417 2806 1458 earum
2833 1404 3128 1461 ostendunt
3149 1422 3166 1473 ;
3188 1405 3338 1462 verbi
3359 1421 3519 1462 causa
3547 1427 3560 1459 :

1967 1489 2025 1545 Si
2054 1491 2379 1562 requiratur,
2410 1499 2589 1546 utrum
2618 1492 2820 1547 bonum
2849 1495 3148 1552 substantia
3177 1503 3279 1562 est,
3322 1513 3391 1552 an
3417 1498 3566 1552 non?

1968 1581 2359 1652 respondemus
2385 1599 2493 1637 non
2523 1598 2644 1638 esse
2670 1583 3046 1650 substantiam,
3075 1587 3169 1642 sed
3210 1588 3568 1658 privationem

1969 1672 2114 1727 mali.
2170 1671 2338 1728 Recte
2393 1672 2538 1728 enim
2593 1674 2852 1745 qumritur
2903 1675 2955 1730 in
3010 1678 3310 1746 quastione
3353 1681 3524 1750 prima
3548 1720 3568 1744 ,

1969 1775 2149 1822 utrum
2178 1782 2378 1838 corpus
2405 1767 2476 1822 sit
2504 1783 2573 1822 an
2615 1767 2875 1838 spiritus?
2900 1766 2971 1823 Et
3010 1768 3063 1824 in
3090 1769 3453 1840 subsequente
3481 1788 3566 1828 re-

275 1879 485 1935 quoque
511 1863 543 1904 δ
571 1863 863 1921 adversare
914 1859 1093 1917 causis
1135 1859 1246 1915 tuis
1285 1859 1507 1915 suadeo.
1540 1855 1717 1914 Pauca
1746 1857 1864 1914 haec
1891 1864 1942 1928 Β
1967 1858 2220 1928 quiritur,
2251 1857 2412 1928 quale
2441 1857 2531 1923 sit,
2563 1865 2740 1913 utrum
2769 1874 2966 1930 corpus
2995 1859 3230 1916 animale
3255 1861 3326 1916 sit
3349 1878 3417 1917 an
3456 1863 3566 1932 spi-

273 1964 327 2012 et
349 1957 530 2025 exilia,
556 1962 722 2029 prout
759 1961 966 2010 arctum
999 1951 1261 2024 temporis
1281 1951 1428 2017 sinit,
1455 1965 1717 2021 responsa
1737 1949 1865 2006 red-

271 2049 435 2107 hihui.
459 2048 543 2106 Tu
556 2058 735 2106 tecum
755 2054 1045 2117 utrumque
1065 2051 1315 2116 pensato,
1339 2050 1396 2098 et
1424 2042 1566 2097 inter
1592 2055 1679 2097 me
1700 2048 1864 2111 teque

271 2155 554 2210 personam
574 2138 774 2211 iudicis
787 2137 1004 2202 sumito,
1035 2134 1386 2205 adhibitoque
1405 2132 1626 2204 iustitiae
1647 2132 1858 2189 libram.

269 2231 326 2288 Si
352 2233 478 2291 lanx
505 2239 693 2289 nostra
740 2230 962 2304 pronior
989 2236 1046 2284 et
1073 2242 1205 2283 vero
1252 2225 1491 2295 gravior,
1520 2240 1628 2280 non
1681 2222 1864 2294 pigeat

269 2339 444 2396 neque
472 2323 670 2396 pudeat
709 2339 742 2378 a
773 2320 1069 2390 transfugio
1111 2329 1135 2358 ο
1186 2316 1452 2388 refugium
1501 2315 1698 2382 facere,
1745 2323 1800 2371 et
1829 2330 1863 2370 a

268 2413 504 2471 falsitate
529 2415 630 2471 sub
656 2413 887 2471 veritate
931 2410 1149 2468 cedere.
1189 2408 1304 2475 Sin,
1345 2406 1491 2479 quod
1522 2420 1624 2475 ego
1672 2405 1859 2470 nolim,

267 2503 294 2543 δ
326 2505 546 2562 nefastis
599 2505 716 2562 istis
763 2517 1076 2576 persuasum
1122 2507 1207 2556 est
1252 2501 1351 2567 uti,
1413 2497 1706 2556 obstinatio
1754 2503 1860 2564 est,

271 2597 422 2652 edito
468 2613 568 2668 pro
607 2596 873 2652 sententia
917 2593 1116 2666 aliquid
1165 2592 1456 2662 publicitus
1485 2587 1858 2654 lectitandum,

270 2703 452 2759 seque
480 2703 675 2745 nomen
702 2687 932 2744 occulito
963 2706 977 2742 :
1011 2685 1478 2757 respondebimus,
1512 2680 1678 2738 modo
1706 2697 1860 2737 com-

271 2794 376 2848 pos
420 2780 587 2836 nostri
617 2779 757 2834 Deus
802 2786 858 2835 et
898 2779 1004 2835 vita
1035 2777 1126 2834 sit.
1162 2786 1185 2815 θ
1227 2777 1491 2844 Quoniam
1543 2773 1864 2830 altrinsecus

259 2870 561 2926 continuati
590 2871 795 2927 viarum
834 2871 1136 2943 periculum
1167 2869 1410 2935 fecimus,
1441 2867 1690 2937 experire
1717 2867 1864 2923 scili-

259 2970 368 3027 cet,
395 2963 642 3022 veritatis
668 2966 751 3020 vis
777 2974 980 3034 quanta
1009 2964 1080 3017 sit
1109 2961 1162 3014 in
1192 2963 1404 3016 excidio
1444 2959 1715 3015 falsitatis.

615 3070 876 3111 CLAUDIUS
903 3071 953 3107 C.
983 3067 1170 3107 BOLLIO
1199 3068 1530 3106 APOLLINARI.

313 3145 377 3200 Si
409 3160 523 3199 non
564 3145 684 3198 haec
721 3155 844 3210 qua:
871 3139 940 3193 ad
968 3147 1022 3193 te
1049 3138 1250 3201 scribo,
1277 3138 1588 3193 venerande
1619 3138 1718 3203 vir,
1749 3139 1864 3194 dis-

1970 1950 2183 2017 rituale,
2215 1951 2436 2022 spiritus
2466 1949 2744 2020 rationalis
2782 1966 2852 2006 an
2879 1951 3242 2008 irrationalis?
3273 1952 3442 2010 Recte
3468 1954 3566 2025 igi-

1970 2050 2060 2098 tur
2079 2042 2300 2098 delinita
2341 2051 2500 2108 sunt,
2542 2042 2645 2098 tria
2692 2057 2814 2099 esse
2840 2055 3038 2111 genera
3074 2043 3454 2114 quaestionum,
3497 2044 3568 2100 de

1967 2136 2163 2206 quibus
2185 2135 2298 2205 iam
2325 2135 2457 2192 satis
2480 2135 2737 2202 breviter,
2769 2143 2828 2190 ut
2853 2135 3106 2201 arbitror,
3128 2135 3379 2195 diximus.
3411 2135 3568 2194 Nune

1967 2229 2133 2284 etiam
2161 2228 2436 2284 videamus
2463 2235 2595 2298 quot
2617 2241 2814 2296 genera
2844 2236 2970 2283 sunt
2988 2243 3296 2299 corporum,
3320 2229 3568 2300 quamvis

1969 2318 2390 2376 innumerabiles
2417 2321 2628 2392 species
2655 2320 2755 2376 sub
2783 2336 2843 2376 se
2871 2320 3087 2377 habeat.

2039 2413 2168 2469 ‘l‘ria
2219 2420 2397 2469 tamen
2437 2421 2564 2469 sunt
2607 2425 2840 2482 genera,
2886 2413 2991 2469 hoc
3018 2421 3131 2479 est,
3177 2429 3374 2485 corpus
3420 2413 3566 2484 quod

1967 2505 2099 2561 vivit
2124 2512 2181 2560 et
2209 2504 2399 2571 sentit,
2432 2520 2630 2575 corpus
2653 2505 2802 2575 quod
2831 2504 2962 2560 vivit
2989 2514 3044 2561 et
3086 2522 3194 2562 non
3223 2506 3415 2571 sentit,
3442 2521 3567 2561 cor-

1968 2613 2068 2670 pus
2093 2595 2239 2668 quod
2268 2612 2369 2654 nec
2399 2597 2530 2652 vivit
2555 2612 2657 2653 nec
2685 2597 2873 2654 sentit.
2904 2596 3012 2654 Sed
3040 2598 3144 2654 hoc
3167 2613 3337 2668 genus
3366 2613 3566 2669 corpo-

1966 2692 2042 2747 ris
2067 2689 2213 2762 quod
2243 2705 2342 2746 nec
2370 2688 2503 2744 vivit
2531 2704 2633 2744 nec
2660 2689 2847 2752 sentit,
2888 2697 3124 2757 quatuor
3151 2689 3568 2758 elemenuqesse

1968 2792 2122 2855 puto,
2153 2791 2375 2844 terram,
2417 2795 2633 2848 aquam,
2665 2794 2848 2833 aerem
2876 2786 2932 2832 et
2967 2778 3145 2845 ignem
3173 2796 3186 2842 ;
3217 2794 3338 2846 qua:
3365 2780 3565 2849 princi-

1967 2875 2109 2944 palia
2137 2881 2263 2926 sunt
2289 2879 2344 2926 et
2371 2869 2656 2940 simplicia,
2681 2883 2748 2923 ex
2775 2867 2971 2937 quibus
2997 2869 3176 2923 omnia
3195 2885 3315 2940 qua:
3342 2886 3561 2942 compa-

1967 2974 2054 3019 cta
2083 2971 2210 3017 sunt
2237 2975 2486 3030 corpora,
2521 2959 2574 3014 id
2617 2967 2702 3013 est
2728 2959 3038 3015 animalium
3079 2961 3310 3017 viventia
3355 2972 3411 3017 et
3437 2978 3562 3018 sen-

1969 3053 2176 3117 tientia,
2207 3052 2480 3120 arborum,
2515 3049 2767 3108 fruticum
2797 3061 2853 3109 et
2877 3052 3167 3111 herbarum
3190 3056 3445 3123 viventia,
3469 3057 3562 3114 sed

1972 3160 2082 3201 non
2105 3144 2416 3201 scntientia.

245 3234 511 3293 cutienda
547 3240 604 3289 et
641 3228 977 3286 emendanda
1003 3227 1333 3292 transmitto,
1356 3228 1457 3282 ritc
1485 3227 1664 3299 potuit
1691 3229 1862 3286 videri
1887 3236 1936 3300 C
2043 3235 2406 3303 Quamobrem
2435 3237 2564 3309 quid
2605 3239 2858 3297 differant
2897 3242 3038 3298 inter
3064 3257 3125 3298 se
3163 3244 3566 3303 ενίιιεηιίεδίωα

247 3324 609 3398 superﬂuum,
655 3329 712 3378 et
739 3320 940 3376 elatum
988 3319 1188 3376 docere
1231 3319 1388 3384 velle,
1419 3333 1582 3388 quem
1629 3321 1861 3378 sentiam

248 3435 438 3483 nosse,
473 3425 530 3473 et
556 3431 626 3472 ex
657 3413 988 3486 paupertatis
1017 3412 1197 3482 inopia
1237 3410 1368 3468 dare
1389 3411 1667 3481 dragmam
1689 3412 1740 3468 ei
1767 3414 1860 3483 qui

251 3516 430 3573 multo
460 3511 812 3570 scientiarum
831 3508 1072 3564 abundat
1092 3506 1315 3563 talento.
1340 3505 1476 3562 Hinc
1496 3504 1690 3562 accidit
1715 3508 1863 3578 quod

253 3607 567 3664 libellorum
596 3618 629 3657 a
656 3615 745 3656 tne
769 3600 1212 3657 transmissorum
1242 3597 1430 3665 editio,
1453 3612 1594 3668 quos
1621 3597 1863 3668 philoso-

251 3698 431 3771 phiae
480 3694 614 3751 artis
658 3692 1008 3750 subtilissima
1047 3691 1415 3764 disputatione
1460 3690 1720 3764 disposui,
1771 3707 1862 3748 me

250 3791 382 3854 t'ecit
409 3795 635 3846 cautum
663 3793 826 3857 atque
870 3784 1179 3850 sollicitum,
1213 3792 1272 3838 ut
1318 3781 1634 3840 earumdem
1663 3783 1862 3839 intelli-

249 3882 496 3952 gentiam
517 3876 721 3949 iudicio
742 3891 850 3932 non
878 3875 1273 3932 committerem
1312 3874 1499 3942 modo,
1533 3874 1630 3932 sed
1650 3875 1720 3932 ad
1757 3892 1860 3948 po-

253 3971 409 4028 tioris
454 3967 708 4040 peritiam
749 3965 1114 4031 destinarem;
1144 3973 1202 4021 et
1240 3980 1350 4021 non
1389 3973 1600 4022 tantum
1636 3981 1702 4023 ea
1740 3982 1862 4037 qua:

248 4077 396 4122 nunc
425 4078 498 4119 ex
528 4075 717 4117 eorum
765 4059 996 4116 lectione
1038 4059 1276 4130 percepi,
1323 4073 1508 4114 verum
1551 4059 1716 4115 etiam
1741 4074 1861 4130 qua:

251 4156 378 4212 inde
399 4153 522 4225 iam
565 4151 772 4223 pridem
800 4149 1077 4206 memoria:
1123 4150 1446 4205 reservanda
1475 4150 1746 4217 mandavi,
1772 4150 1860 4220 iu-

252 4249 394 4305 dicio
422 4255 528 4303 tuo
557 4243 834 4316 probanda
859 4241 1149 4298 transmisi.
1175 4241 1320 4298 Bene
1339 4242 1542 4299 etenim
1561 4243 1665 4298 scit
1681 4243 1863 4313 digna-

253 4343 475 4408 tiotua,
503 4338 728 4396 minime
755 4351 856 4393 nos
883 4337 1086 4393 habere
1107 4350 1339 4406 quorum
1359 4336 1652 4394 collatione
1677 4337 1748 4392 de
1781 4337 1862 4394 eis

251 4449 372 4506 quae
401 4429 756 4500 ambigimus,
786 4428 926 4484 ﬁrmi
965 4427 1296 4498 stabilesque
1333 4427 1641 4484 reddamur.
1673 4425 1862 4485 Omnis

254 4537 449 4585 natura
472 4540 597 4596 quae
621 4523 687 4580 ad
708 4523 880 4580 Deum
905 4521 1152 4594 pervenit
1177 4522 1371 4578 notitia
1401 4522 1621 4594 proprio
1642 4522 1863 4579 nomine

1965 3328 2138 3399 liquet
2165 3346 2178 3381 :
2208 3343 2327 3400 qua:
2355 3329 2464 3384 sint
2485 3344 2674 3385 eorum
2701 3334 3030 3399 communia,
3060 3333 3173 3388 Deo
3209 3333 3449 3402 iuvante,
3478 3337 3561 3390 in-

1968 3421 2171 3476 tentius
2218 3420 2570 3490 inquiramus.
2623 3421 2713 3477 Sic
2756 3424 2900 3479 enim
2945 3424 3213 3486 volumus,
3264 3424 3566 3495 inspirante

1966 3512 2197 3568 Domino
2226 3520 2283 3567 et
2309 3512 2624 3578 auxiliante,
2656 3522 2714 3568 ut
2761 3531 2868 3571 non
2898 3523 3108 3570 tantum
3144 3524 3446 3573 creaturam
3475 3520 3556 3592 ip-

1964 3604 2078 3659 sius
2107 3612 2430 3669 scrutemur,
2457 3618 2644 3659 verum
2672 3605 2834 3659 etiam
2864 3606 3218 3664 ascendentes
3245 3609 3312 3664 ad
3338 3611 3568 3667 creati—

1965 3711 2086 3752 cem
2129 3696 2486 3753 substantiam
2524 3710 2620 3767 per
2658 3711 2723 3752 ea
2748 3712 2870 3766 quze
2916 3697 3054 3754 facta
3080 3709 3237 3766 sunt,
3282 3703 3562 3761 intellectu

1964 3787 2396 3860 conspiciamus;
2427 3796 2482 3843 et
2501 3787 2745 3856 quamvis
2775 3802 2883 3842 non
2911 3787 3286 3857 perveniamus
3318 3789 3384 3845 ad
3423 3791 3474 3844 id
3504 3801 3563 3847 ut

1965 3880 2084 3949 eius
2136 3881 2496 3936 substantiam
2537 3877 2838 3948 intelligere
2881 3878 3189 3943 valeamus,
3234 3888 3290 3934 et
3325 3881 3451 3950 quid
3493 3883 3562 3938 sit

1963 3973 2225 4040 sciamus;
2249 3973 2442 4028 saltem
2463 3971 2516 4027 id
2537 3970 2683 4040 quod
2714 3987 2822 4026 non
2842 3972 2911 4026 sit
2938 3970 3336 4028 evidentissime
3372 3982 3560 4029 tenea-

1965 4080 2104 4120 mus.
2136 4065 2303 4136 lgitur
2329 4077 2492 4121 omne
2519 4077 2716 4134 corpus
2739 4063 3030 4132 quantitati
3053 4071 3109 4118 et
3145 4062 3390 4132 qualitati
3435 4066 3561 4122 sub-

1961 4156 2168 4226 iectum
2189 4165 2290 4212 est.
3531 4171 3533 4174 ‘

2037 4251 2096 4305 ln
2126 4249 2371 4320 subiecto
2399 4256 2583 4305 autem
2611 4263 2844 4318 corpore
2867 4263 3065 4321 corpus
3083 4264 3194 4307 non
3224 4258 3326 4306 cst.
3350 4249 3562 4321 Corpus

1965 4345 2112 4401 enim
2141 4341 2446 4414 subiectum
2490 4349 2594 4407 est,
2639 4358 2753 4398 non
2801 4342 2856 4398 in
2903 4341 3332 4414 subiecto,quia
3362 4358 3558 4414 corpus

1963 4434 2264 4491 substantia
2302 4442 2404 4500 est,
2449 4448 2557 4490 non
2599 4431 2868 4489 accidens.
2921 4431 3232 4490 Aecidentia
3273 4443 3454 4489 autem
3502 4433 3561 4488 in

1965 4525 2264 4582 substantia
2293 4533 2438 4591 sunt,
2471 4539 2581 4581 non
2608 4524 2941 4582 substantiae.
2965 4516 3174 4583 Ac'cidit
3197 4537 3327 4596 ergo
3345 4525 3562 4596 corpori

252 4620 641 4694 compellatur,
661 4627 720 4675 et
739 4617 861 4675 ideo
886 4630 1085 4674 nomen
1113 4621 1320 4673 natura:
1339 4615 1761 4688 uniuscuiusque
1781 4617 1863 4676 rei
1885 4613 1940 4678 D
1963 4618 2240 4688 quantitas
2267 4625 2324 4673 et
2349 4616 2604 4688 qualitas.

255 4712 585 4770 ostenditur.

325 4803 543 4860 Nomen
579 4814 710 4872 ergo
755 4799 941 4857 dixere
979 4800 1209 4870 priores,
1239 4797 1386 4870 quod
1413 4815 1528 4857 rem
1559 4809 1745 4856 notam
1773 4800 1855 4856 fa-

253 4897 384 4963 ciat,
415 4893 570 4966 quod
596 4892 763 4965 ipsius
789 4891 1176 4964 reigimagines,
1203 4906 1338 4963 quas
1377 4905 1478 4963 per
1503 4906 1694 4948 sensus
1729 4907 1856 4948 cor-

256 4989 520 5060 porisque
547 4983 730 5055 dirigit
762 4983 1048 5048 memoria,
1073 4982 1128 5038 in
1157 4983 1378 5040 auribus
1420 4981 1762 5049 intromittit;
1793 4997 1860 5039 ac

253 5084 332 5140 sic
359 5079 711 5154 loquentibus
744 5076 918 5142 nobis,
959 5075 1344 5145 intelligimus;
1383 5083 1442 5133 et
1467 5075 1740 5132 absentias
1766 5089 1857 5132 re-

254 5191 372 5231 rum
403 5181 463 5230 et
504 5170 768 5241 imagines
816 5167 1092 5224 memoria:
1137 5175 1395 5234 retentas,
1446 5181 1570 5223 cum
1609 5167 1863 5222 voluntas

257 5265 441 5331 fuerit,
475 5262 797 5334 cogitamus.
822 5257 930 5316 Sed
956 5257 1154 5331 duplex
1183 5273 1366 5315 rerum
1394 5265 1586 5314 natura
1604 5297 1620 5321 ,
1657 5265 1713 5314 et
1740 5271 1862 5314 cor-

328 5390 355 5419 ·
393 5377 490 5436 Sic
509 5374 676 5431 editio
699 5373 866 5456 Paris.
894 5369 1601 5456 cumthhodoxographis.
1632 5371 1705 5428 Αι
1725 5368 1858 5440 ng-

255 5451 411 5514 dum,
439 5463 538 5520 ego
565 5462 664 5517 quo
691 5445 860 5526 magis
888 5451 977 5496 tua
1005 5443 1098 5496 tibi
1127 5443 1294 5515 magis
1315 5444 1496 5506 noxia,
1527 5451 1636 5526 etc.
1676 5507 1681 5513 _
1820 5513 1830 5526 '

327 5523 356 5563 ιι
397 5520 477 5592 ita
494 5517 700 5592 easdem
715 5511 1112 5592 edit.__Lugdun.
1129 5528 1279 5580 vero,
1299 5513 1566 5568 adversari
1583 5529 1741 5568 causa
1758 5521 1852 5568 tui.

331 5605 355 5633 ε
397 5587 668 5657 Lugdun.,
700 5584 986 5657 repudium.

330 5661 356 5700 ἀ
398 5651 1316 5727 Sic'utraqueOrthodoxographa.
1362 5653 1614 5727 rLugdun.
1649 5653 1850 5727 _editi_o,

260 5751 352 5793 nec
376 5731 518 5806 [axis
566 5715 697 5806 ista}
725 5741 996 5806 persuasu,
1027 5715 1419 5806 utijolistinatio
1451 5715 1548 5806 Est,
1594 5724 1730 5806 edito
1761 5715 1855 5794 p'ro

260 5791 341 5862 me
376 5791 943 5866 'sententiam'liquido
970 5791 1244 5862 publicitus
1284 5795 1634 5850 lectitandum.
1674 5791 1855 5866 Neque

558 5895 830 5958 Panos.
878 5887 1046 5952 Llll.’

1923 5479 1930 5485 .
1967 5441 2106 5497 Deus
2133 5451 2185 5496 et
2212 5442 2316 5495 vita
2343 5441 2430 5505 sit,
2456 5439 2766 5495 altrinsecus
2795 5439 3125 5505 centenarum

1975 4730 1980 4734 ·
2035 4709 2320 4778 Quantitas
2345 4709 2490 4764 enim
2517 4708 2573 4763 in
2602 4709 2868 4765 mensuris
2895 4715 2996 4772 est,
3026 4706 3260 4776 qualitas
3280 4707 3334 4760 in
3357 4705 3560 4764 colori-

1967 4805 2085 4861 bus.
2113 4803 2233 4858 Non
2259 4801 2364 4857 hoc
2385 4816 2505 4857 esse
2534 4801 2705 4870 ipsum
2728 4815 2926 4870 corpus
2953 4797 3097 4868 quod
3123 4806 3394 4867 quantum
3420 4814 3561 4867 esse,

1966 4909 2068 4950 nec
2095 4893 2199 4949 hoc
2223 4907 2346 4947 esse
2372 4891 2548 4962 ipsum
2575 4889 2721 4962 quod
2749 4889 2908 4960 quale
2935 4903 3055 4945 esse
3075 4904 3090 4957 ;
3114 4889 3240 4960 quia
3281 4898 3338 4946 et
3376 4891 3562 4950 colore

1967 4992 2176 5041 mutato
2198 4997 2398 5054 corpus
2423 4988 2625 5047 manet,
2655 4987 2712 5037 et
2739 4981 2794 5037 in
2837 4979 3102 5037 diminuta
3129 4996 3359 5052 corpore
3387 4999 3562 5055 quan-

1967 5075 2096 5131 titas
2117 5088 2241 5145 quae
2287 5072 2436 5144 prius
2487 5071 2663 5128 fuerat
2707 5085 2816 5128 non
2839 5079 2942 5127 est.
2971 5069 2990 5112 ί
3024 5070 3132 5127 Aut
3165 5087 3264 5144 per
3306 5073 3412 5128 hoc
3453 5088 3562 5127 non

1966 5181 2091 5224 esse
2139 5178 2392 5234 magnum
2446 5163 2591 5234 quod
2637 5162 2974 5234 magnitudo,
3003 5179 3106 5220 nec
3146 5163 3366 5232 longum
3413 5162 3560 5232 quod

1967 5257 2266 5328 longitudo,
2297 5271 2401 5315 nec
2429 5256 2534 5314 hoc
2563 5255 2732 5313 latum
2759 5255 2906 5329 quod
2933 5254 3182 5320 latitudo,
3212 5267 3314 5309 nec
3341 5253 3557 5310 colora-

1965 5387 2151 5429 nomen
2212 5368 2451 5425 occulito.
2508 5365 2767 5434 Quoniam
2818 5363 3072 5440 quomodo
3129 5378 3337 5432 compos
3392 5365 3560 5417 nostri

1971 5441 2106 5486 Dm
2133 5451 2185 5486 et
2212 5442 2316 5486 nim
2343 5441 2428 5486 sit-
2456 5439 2766 5486 altrinsecus
2795 5446 3125 5486 centenarttm
3164 5431 3447 5486 periculum
3478 5435 3558 5486 Μ-

1967 5441 2106 5497 Deus
2133 5451 2185 5496 et
2212 5442 2316 5495 vita
2343 5441 2430 5505 sit,
2456 5441 2766 5495 altrinsecus
2795 5446 3125 5492 centenarum
3163 5441 3447 5502 periculum
3477 5441 3558 5504 fu-

1965 5514 2177 5578 ciemus,
2211 5512 2476 5582 experiere
2491 5511 2718 5582 scilicet,
2758 5515 2864 5562 etc.
2915 5503 3146 5582 elicior
3187 5502 3357 5573 magis
3404 5501 3558 5560 Pari-

1965 5574 2382 5655 siensis'lect'io;
2412 5581 2506 5655 sed
2534 5587 2588 5634 et
2627 5579 2741 5655 ipsa
2770 5574 3063 5655 mendosa.

2040 5663 2064 5691 ο
2105 5652 2298 5718 Paris.,
2336 5650 2592 5716 Quoniam
2613 5645 2916 5718 altrinsecus
2946 5645 3326 5718 contentionum
3354 5645 3446 5702 tibi
3470 5645 3557 5699 hac

1966 5742 2079 5834 rum
2105 5715 2382 5849 mriciilum
2407 5721 2618 5791 fecimus
2651 5736 2666 5771 :
2689 5718 2834 5786 quod
2874 5716 3103 5774 fortasse
3123 5715 3335 5772 melius.

2179 5837 2212 5849 ..
2243 5833 2254 5846 .
2289 5810 2339 5845 η.

2179 5837 2212 5861 .,
2243 5810 2339 5846 an.

3223 5877 3304 5941 '25
