4140 6346
646 287 753 383 ,ηε

1932 293 2246 353 MAMERTI
2284 293 2648 353 CLAUDIAM

590 382 597 397 ’
647 396 765 461 ὼιιι
791 404 936 475 quod
979 404 1147 483 color.
1184 413 1207 441 ³
1240 403 1359 481 Ipse
1384 411 1468 483 est
1495 404 1661 459 etiam
1701 398 1917 475 corpori
1953 394 2226 474 mensura,
2335 416 2429 462 aut
2456 388 2662 481 septem
2692 417 2747 463 et
2785 415 2897 465 tres
2925 409 3190 467 undecim.
3225 409 3566 469 Similiterxet
3604 415 3617 462 t

644 492 901 552 numerus
942 496 998 550 'et
1034 478 1470 566 pondus/Unde
1502 495 1675 550 etiam
1718 504 1905 551 sancta
1953 494 2233 567 Scriptum

584 614 588 619 α
646 589 740 653 ait,
764 586 935 643 ’Déu‘ut
956 571 1136 644 duritia
1179 589 1234 642 in
1272 602 1533 655 mensura,
1563 595 1613 642 et
1653 584 1885 654 humero,
1913 583 1967 641 iet
2007 587 2233 656 pondere

644 666 959 750 disponite
982 677 1139 751 (Sep.
1183 675 1402 750 xt,'2l).
1432 676 1542 733 Sed
1569 677 1661 733 hic
1688 676 1794 733 alio
1829 676 1992 744 modo
2022 676 2091 733 ad
2117 677 2230 751 spi-

640 760 806 825 ritum
850 768 1172 825 rationalem
1219 768 1427 836 referri,
1475 769 1619 841 quod
1668 770 1725 823 in
1777 768 2231 839 consequentibus

586 880 590 887 '
639 860 926 918 dicendum
952 860 1129 917 rideo.
1163 860 1316 917 Nunc
1350 877 1483 917 vero
1526 861 1593 917 de
1627 875 1868 942 corpore
1896 858 2019 932 quin
2062 862 2230 932 ccepi-

641 960 779 1021 mus;
812 955 1161 1026 explicemus.
1190 953 1345 1010 Sicut
1384 955 1526 1010 enim
1569 954 1802 1009 diximus
1826 966 1940 1009 non
1976 953 2083 1008 hoc
2110 967 2231 1009 esse

636 1053 891 1115 magnum
937 1048 1083 1115 quod
1127 1045 1472 1115 magnitudo,
1520 1044 1600 1101 sic
1645 1059 1746 1100 nec
1788 1056 2040 1100 mensura
2078 1044 2233 1113 ‘quod

636 1137 1029 1204 mensurabile,
1077 1151 1180 1192 nec
1229 1150 1485 1191 numerus
1530 1132 1677 1205 quo‘d
1723 1134 2077 1202 numerabile,
2127 1140 2230 1191 nec

588 1262 593 1269 ι
635 1226 850 1298 pondus
872 1228 1020 1297 quod
1058 1227 1428 1299 ponderabile.
1470 1225 1730 1282 Minuitur
1758 1227 1942 1295 igitur,
1971 1218 2227 1297 quoniam

634 1318 695 1375 in
721 1328 835 1376 tota
858 1329 1017 1390 parte
1042 1320 1209 1377 habet
1252 1334 1464 1376 sursum
1494 1327 1549 1375 et
1587 1319 1870 1383 deorsum,
1902 1318 2066 1374 habet
2093 1317 2227 1374 dex-

634 1422 780 1469 tram
810 1422 865 1471 et
886 1416 1180 1481 sinistram,
1211 1416 1373 1471 habet
1400 1423 1526 1470 ante
1567 1422 1623 1470 et
1656 1422 1824 1470 retro.
1856 1413 2103 1470 Moretur
2128 1416 2230 1486 per

634 1514 852 1578 tempus
877 1506 932 1564 e‘t
959 1508 1137 1564 locum
1157 1549 1172 1575 ,
1212 1522 1314 1565 nec
1345 1507 1554 1578 iudicat
1583 1515 1639 1563 et
1663 1506 1955 1577 iudicatur,
1983 1506 2227 1578 partibus

592 1612 603 1621 ’
635 1605 857 1655 secatur
880 1599 1110 1656 inﬁnite.

710 1674 821 1758 Age
846 1698 993 1745 nunc
1015 1688 1295 1745 videamus
1314 1688 1443 1759 quid
1470 1689 1541 1744 sit
1579 1688 1726 1759 quod
1758 1702 1953 1759 corpus
1991 1688 2229 1743 viviﬁcat

2332 501 2438 558 culi
2480 490 2588 558 non
2632 503 2825 575 recipit
2874 505 3329 560 contrarietatem.
3377 486 3617 575 Nunqua'

2334 594 2501 666 ﬁgura
2534 596 2720 653 'circuli
2750 614 2816 653 ex
2867 594 3073 654 duabus
3119 606 3213 655 aut
3252 599 3425 656 tribus
3468 599 3613 655 lineis

2331 688 2660 761 quadrigena
2683 706 2751 745 ex
2774 684 2964 758 tribUs,
2988 699 3082 745 aut
3104 684 3314 761 trigona
3336 707 3404 747 ex
3426 702 3609 762 quatnc

2332 766 2599 836 addideris
2621 780 2707 836 vel
2728 782 2986 837 minueris
3017 781 3238 852 aliquid,
3259 781 3371 853 iam
3414 799 3515 838 nec
3554 780 3606 838 tr

2331 870 2666 941 quadrigona
2691 872 2815 938 erit,
2839 879 3023 930 manet
3044 872 3188 931 enim
3229 869 3432 929 aeterna
3462 880 3518 928 et
3556 872 3607 928 in

2331 961 2470 1018 bilis.
2518 962 2719 1017 Harum
2761 958 3000 1019 rationes
3041 954 3441 1059 disciplinarum
3485 973 3542 1020 et
3582 964 3599 1019 i

2332 1052 2456 1111 Sunt
2477 1055 2679 1122 animo,
2704 1065 2758 1112 et
2793 1057 2910 1112 sine
2950 1070 3017 1112 eo
3060 1072 3180 1113 esse
3222 1062 3331 1112 nOn
3371 1046 3598 1129 possunt

2326 1154 2592 1219 _:eternum
2613 1161 2730 1202 esse
2754 1144 2881 1201 illud
2924 1148 2981 1201 in‘
3020 1162 3129 1218 quo
3152 1155 3256 1212 est,
3280 1147 3419 1201 sicut
3442 1147 3569 1202 illud

2332 1243 2433 1292 est.
2459 1233 2602 1307 Ergo
2626 1236 2942 1292 immortalis
2963 1234 3045 1292 est
3066 1237 3244 1291 anima
3268 1254 3282 1303 ;
3325 1244 3380 1290 et
3402 1236 3457 1291 id
3478 1234 3587 1307 quo

2331 1334 2546 1399 semper
2567 1336 2623 1384 et
2644 1322 2833 1384 cernit.
2859 1325 2964 1383 Sed
2996 1344 3105 1382 non
3146 1343 3358 1397 semper
3386 1326 3493 1383 hoc
3528 1326 3585 1382 cc

2332 1410 2453 1474 cum
2480 1418 2550 1473 sit
2576 1426 2764 1473 seCura
2790 1417 2855 1472 de
2884 1433 2942 1472 se
2964 1416 3105 1485 quod
3130 1416 3339 1472 amittat
3372 1433 3431 1473 se
3454 1416 3506 1471 in
3546 1402 3583 1472 ii

2329 1508 2641 1577 tationibus‘,
2673 1507 2928 1563 distendit
2955 1524 3014 1563 se
3043 1524 3105 1563 ac
3134 1506 3179 1563 si
3211 1523 3306 1579 per
3334 1516 3546 1578 tempus

2331 1584 2454 1656 eum
2483 1602 2661 1666 mota';
2694 1609 2876 1657 movet
2923 1604 3100 1655 tamen
3148 1609 3203 1655 et
3242 1617 3438 1672 corpus
3484 1588 3578 1672 per

2331 1692 2530 1759 locum,
2563 1690 2767 1747 scilicet
2791 1688 2993 1760 iudicat
3027 1702 3082 1745 et
3114 1691 3403 1761 iudicatur.
3432 1686 3567 1748 Vide

596 1800 607 1806 θ
637 1789 694 1837 et
719 1795 831 1836 non
850 1780 1137 1837 sentiﬂcat.
1172 1780 1361 1837 Melius
1385 1780 1527 1836 enim
1556 1787 1896 1849 coaequatum
1917 1786 2001 1835 est
2017 1780 2146 1846 vita,
2172 1787 2228 1835 et
2259 1778 2304 1843 Β
2332 1783 2567 1837 humana
2593 1797 2753 1854 quam
2783 1770 3033 1851 maguum
3076 1783 3277 1837 bonum
3307 1784 3394 1848 sit,
3425 1778 3549 1838 dum
3578 1808 3588 1833 ι

595 1891 599 1895 '
637 1874 783 1943 quod
821 1874 1042 1945 accipit,
1076 1881 1132 1929 et
1167 1873 1312 1944 quod
1344 1872 1457 1928 dat.
1489 1871 1615 1927 Vita
1653 1872 1798 1927 enim
1844 1887 1962 1943 quas
2003 1886 2113 1926 non
2142 1880 2226 1927 est

635 1969 815 2023 minor
839 1958 895 2022 in
942 1974 1098 2037 parte
1124 1980 1288 2036 quam
1332 1967 1389 2021 in
1416 1972 1564 2032 toto,
1596 1971 1653 2021 et
1695 1980 1808 2021 non
1842 1966 1981 2036 parti
2028 1965 2227 2020 minori

633 2061 813 2116 minor
841 2066 952 2127 est,
986 2070 1089 2116 nec
1117 2068 1327 2130 partem
1375 2060 1580 2130 praebet
1627 2058 1819 2127 maiori
1860 2057 2125 2128 maiorem
2172 2066 2228 2113 et

632 2151 832 2208 minori
859 2150 1146 2216 minorem,
1176 2166 1285 2207 non
1308 2158 1391 2207 est
1414 2152 1630 2221 corpus,
1662 2149 1756 2205 sed
1784 2148 2024 2220 spiritus.
2058 2148 2227 2220 Spiri-

594 2264 597 2275 ·
633 2246 719 2299 t'us
743 2243 959 2316 pecoris
981 2242 1073 2313 qui
1100 2256 1209 2299 non
1237 2242 1481 2298 subsistit
1509 2249 1633 2312 post
1659 2248 1873 2312 Corpus,
1905 2240 2225 2312 praetermit-

633 2337 827 2394 tendus
854 2346 959 2402 est,
986 2343 1046 2391 ut
1071 2335 1140 2390 ad
1168 2335 1489 2391 rationalem
1517 2335 1763 2405 spiritum
1789 2333 2090 2389 veniamus.
2117 2330 2224 2401 lgi-

600 2414 601 2421 “
630 2430 726 2482 tur
752 2426 973 2498 spiritus
995 2427 1354 2496 quantitatem
1384 2441 1495 2481 non
1540 2426 1724 2481 habet.
1768 2423 1831 2481 Si
1856 2440 1988 2481 vero
2031 2424 2227 2494 longus

602 2527 780 2574 ’esset
808 2526 901 2573 aut
925 2519 1086 2584 latus,
1118 2525 1353 2586 quantus
1385 2518 1488 2573 rite
1523 2517 1712 2587 utique
1753 2516 2045 2587 diceretur.
2089 2516 2225 2573 Pru-

635 2611 830 2667 denter
856 2609 1001 2665 enitn
1029 2609 1329 2665 secernitur
1358 2616 1413 2664 et
1439 2616 1754 2678 segregatur
1776 2623 1808 2663 a
1828 2623 2079 2679 corpore,
2101 2608 2228 2677 quia

602 2702 921 2775 ’quantitati
946 2714 1059 2759 non
1073 2701 1342 2773 subiacet,
1372 2701 1618 2772 quamvis
1650 2700 1929 2772 subiaceat
1955 2702 2223 2771 qualitati.

626 2792 897 2850 Accidunt
925 2794 1108 2848 animo
1156 2791 1472 2865 disciplinae,
1504 2791 1700 2847 accidit
1728 2791 1936 2861 iustitia
1988 2800 2043 2847 et
2087 2792 2227 2861 iniu-

628 2886 801 2953 stitia,
834 2885 1054 2941 castitas
1082 2893 1138 2939 et
1180 2883 1366 2939 libido.
1400 2883 1646 2951 Quatuor
1672 2884 1815 2938 enim
1845 2891 1973 2939 sunt
1998 2884 2227 2939 virtutes

630 2975 974 3046 principales,
998 2975 1058 3031 id
1084 2982 1165 3029 est
1183 3016 1198 3041 ,
1219 2975 1535 3045 prudentia,
1567 2975 1941 3045 temperantia,
1966 2973 2225 3031 fortitudo

634 3075 689 3121 et
712 3068 941 3137 iustitia.
972 3066 1090 3121 Non
1120 3067 1263 3121 enim
1302 3067 1407 3121 hoc
1444 3077 1527 3121 est
1551 3066 1580 3104 ι)
1611 3068 1785 3121 anima
1825 3067 1969 3135 quod
1998 3066 2226 3138 pruden-

2326 1872 2430 1931 bus
2454 1864 2682 1944 iudicas,
2714 1875 2839 1930 dum
2865 1882 2919 1929 et
2948 1876 3144 1930 rationi
3166 1872 3523 1944 co’njungeris,
3551 1875 3584 1929 d

2328 1969 2571 2021 veritatis
2597 1966 2672 2022 sis
2699 1968 2984 2038 particeps.
3017 1966 3134 2022 Non
3164 1968 3306 2022 enim
3352 1980 3380 2021 a
3417 1976 3471 2021 te
3499 1966 3591 2021 dili

2330 2066 2449 2131 Quae
2479 2059 2614 2114 infra
2644 2069 2697 2115 te
2724 2067 2886 2126 sunt;
2917 2067 2971 2115 et
2993 2061 3236 2130 quamvis
3264 2075 3517 2115 mensura
3561 2059 3596 2113 il

2301 2162 2453 2207 'men
2475 2158 2726 2208 mensura
2756 2146 2863 2206 non
2891 2167 2966 2206 es.
3012 2150 3339 2220 Cogitationi
3384 2157 3488 2204 ture
3517 2164 3605 2205 nut

2328 2232 2632 2314 luptatique
2660 2249 2768 2296 tua:
2794 2241 3003 2312 pondus
3037 2259 3048 2294 :
3084 2250 3141 2296 tu
3168 2238 3373 2296 scilicet
3402 2256 3501 2296 nec
3524 2256 3610 2295 nui

2330 2334 2541 2406 pondus
2569 2350 2645 2391 es.
2680 2324 2841 2389 Rei‘er
2867 2320 3199 2389 voluntatem
3232 2333 3309 2388 tui
3336 2334 3534 2388 ameris
3555 2334 3611 2387 ad

2330 2442 2540 2482 merum
2563 2427 2678 2481 sine
2707 2440 2950 2491 numero,
2976 2424 3044 2480 de
3085 2438 3192 2494 quo
3229 2424 3514 2480 Psalmista
3554 2414 3609 2479 dir

2330 2520 2539 2592 'pienlia:
2588 2518 2701 2590 ejus
2734 2536 2838 2573 non
2887 2528 2963 2573 est
3012 2535 3252 2573 numerus
3295 2517 3469 2591 (Psal.
3502 2534 3662 2582 exn”,
3704 2539 3785 2585 ay,
3825 2526 3881 2569 ad

2330 2611 2477 2664 illam
2508 2625 2810 2666 mensuram
2850 2610 2966 2665 sine
3007 2625 3277 2676 mensura,
3305 2610 3371 2665 ad
3404 2609 3531 2664 illud
3560 2609 3749 2680 pondus
3785 2608 3881 2663 sine

2331 2703 2590 2774 pondere,
2618 2708 2648 2757 a
2679 2718 2787 2773 quo
2818 2706 2996 2759 omnia
3021 2703 3392 2774 ponderantur
3436 2715 3491 2758 ct
3519 2711 3877 2759 meusuranlur.

2329 2791 2507 2864 Ipsum
2538 2805 2620 2849 est
2648 2809 2914 2848 summum
2939 2794 3139 2849 bonum
3170 2809 3199 2848 a
3228 2810 3335 2864 quo
3384 2795 3524 2851 facta
3573 2799 3689 2849 Sunt
3731 2795 3879 2847 onmia

2328 2898 2616 2954 corporum
2653 2897 2852 2952 genera
2900 2884 3064 2939 bona.
3111 2883 3289 2955 Ipsum
3331 2887 3669 2942 rationalium
3717 2898 3882 2951 magna

2329 2974 2491 3041 bona,
2523 2992 2585 3032 re
2613 2976 2797 3045 utique
2825 2976 2967 3032 bona
3012 2986 3066 3031 et
3094 2991 3287 3047 magna
3326 2978 3472 3033 bona
3515 2995 3763 3035 summum
3803 2978 3881 3030 bo-

2329 3083 2459 3122 num
2486 3083 2626 3135 ama,
2658 3068 2995 3138 simplexque
3022 3069 3243 3137 bonum,
3271 3069 3323 3124 id
3352 3081 3458 3135 est,
3490 3068 3643 3125 Pater
3669 3080 3717 3125 et
3744 3070 3882 3123 Filius

636 3160 729 3228 tia,
762 3176 862 3216 nec
896 3159 1074 3230 justus
1114 3159 1257 3229 quod
1294 3158 1523 3228 iustitia,
1557 3175 1657 3214 nec
1702 3167 2036 3230 temperatus
2083 3160 2229 3229 quod
2257 3165 2305 3228 C
2334 3166 2389 3214 et
2416 3158 2647 3229 Spiritus
2675 3169 2908 3215 sanctus.
2943 3158 3175 3215 Trinitas
3222 3160 3341 3217 haec
3374 3176 3511 3217 unus
3554 3164 3699 3218 Dens.
3732 3161 3789 3215 Et
3815 3171 3882 3214 ta-

636 3251 1012 3322 temperantla,
1040 3260 1144 3305 nec
1171 3248 1324 3305 fortis
1342 3248 1489 3318 quod
1510 3248 1788 3303 fortitudo.
1822 3248 1977 3303 Aliud
2000 3258 2084 3304 est
2110 3266 2231 3305 esse

635 3346 892 3411 animum,
921 3343 1066 3399 aliud
1088 3334 1297 3414 iustum
1342 3342 1599 3396 animum.
1633 3339 1769 3395 Cum
1797 3341 1938 3396 enim
1983 3341 2103 3397 dico
2138 3341 2226 3411 iu-

635 3444 777 3494 stum
806 3436 1067 3502 animum,
1099 3435 1207 3490 duo
1237 3433 1482 3504 qua-dam
1513 3433 1753 3501 intciligo
1787 3452 1798 3486 :
1840 3432 1947 3488 hoc
1986 3433 2131 3487 enim
2158 3433 2227 3488 de

634 3528 919 3600 prudentia
947 3534 1003 3583 et
1032 3509 1387 3604 temperantia
1410 3534 1466 3581 et
1490 3524 1805 3582 fortitudine
1825 3524 2072 3592 dixerim,
2096 3525 2223 3595 quia

634 3626 816 3691 potest
843 3632 962 3673 esse
990 3618 1218 3684 animus,
1249 3625 1309 3671 ut
1334 3617 1644 3672 nullatenus
1670 3615 1740 3672 sit
1768 3615 2056 3671 virtutibus
2083 3628 2222 3686 prte-

636 3710 810 3777 ditus;
833 3710 937 3766 sed»
956 3710 1002 3765 si
1049 3725 1143 3765 eas
1187 3724 1299 3765 non
1345 3708 1616 3775 habuerit,
1648 3723 1983 3777 consequens
2029 3716 2130 3774 est,
2163 3717 2224 3763 ut

634 3802 825 3858 vitium
871 3786 1087 3863 habeat.
1136 3797 1419 3868 Colligitur
1475 3798 1621 3854 enim
1668 3797 1967 3868 subiectum
2010 3814 2224 3869 semper

606 3907 755 3950 resse
800 3891 1036 3948 animum
1082 3898 1176 3945 aut
1219 3890 1383 3956 vitiis,
1415 3897 1508 3946 aut
1552 3888 1872 3956 virtutibus;
1922 3889 2221 3959 subiectum

636 3998 760 4039 eum
787 3996 925 4050 esse,
956 3982 1095 4039 sicut
1120 3981 1371 4048 diximus,
1394 3981 1692 4052 disciplinis
1711 3993 1832 4050 quas
1867 3980 1984 4036 sine
2008 3994 2076 4036 eo
2104 3996 2224 4037 esse

635 4092 745 4134 non
767 4076 992 4150 possint.
1014 4076 1214 4132 Verum
1236 4079 1379 4131 enim
1408 4076 1546 4131 ratio
1576 4076 1784 4130 numeri
1807 4074 2089 4145 disciplina
2118 4078 2220 4130 est.

636 4168 917 4240 Nunquam
934 4171 1081 4233 enim
1103 4170 1204 4223 erit
1231 4177 1289 4222 ut
1307 4176 1537 4237 quatuor
1563 4176 1619 4223 et
1639 4168 1746 4223 duo
1774 4175 1982 4238 septem
2002 4167 2221 4232 faciant,

834 4250 837 4251 ν
932 4262 954 4312 ‘l
970 4258 1251 4312 Summum
1275 4257 1478 4311 bonum
1506 4256 1622 4312 sine

2086 4257 2337 4326 Magnum
2375 4258 2575 4313 bonum
2618 4270 2739 4313 cum

2333 3266 2454 3306 men
2480 3251 2556 3307 sic
2586 3250 2909 3318 diligendum
2939 3260 3022 3307 est
3049 3266 3243 3323 corpus
3271 3261 3327 3307 et
3353 3254 3591 3324 spiritus,
3622 3254 3883 3309 secundum

2332 3342 2476 3412 quod
2504 3343 2768 3410 diligenda
2808 3352 2952 3409 sunt,
2985 3344 3124 3398 sicut
3161 3343 3377 3413 quidam
3422 3344 3762 3400 nobilissimus
3784 3353 3884 3397 tra-

2331 3442 2507 3491 ctator
2527 3442 2834 3490 sanctarum
2855 3435 3251 3506 Scripturarum
3281 3436 3417 3491 dixit
3445 3455 3456 3491 :
3483 3437 3707 3505 Quatuor
3730 3450 3886 3507 pones

2329 3527 2632 3584 dilectionis
2661 3527 2890 3596 regulas.
2922 3526 3076 3594 Quod
3105 3542 3266 3598 supra
3296 3545 3418 3595 nos,
3446 3529 3582 3598 quod
3604 3523 3740 3597 juxta
3766 3542 3882 3591 nos,

2328 3618 2473 3687 quod
2498 3633 2614 3682 nos,
2641 3616 2783 3687 quod
2811 3616 2946 3672 infra
2979 3634 3097 3672 nos.
3138 3617 3426 3689 Diligamus
3450 3634 3572 3688 ergo
3598 3618 3712 3672 illud
3736 3618 3883 3670 sum-

2306 3706 2474 3763 “mum
2501 3708 2705 3764 bonum
2748 3708 2893 3778 quod
2923 3724 3084 3779 supra
3116 3725 3215 3764 nos
3242 3719 3337 3771 est,
3380 3724 3485 3763 non
3514 3711 3622 3763 loco
3662 3706 3872 3770 ordinis,

2330 3801 2422 3857 sed
2451 3810 2673 3866 naturae,
2704 3802 2828 3874 quia
2858 3819 2966 3858 non
2994 3803 3454 3873 potest'cotequari
3482 3810 3705 3857 creatura
3730 3806 3875 3854 creat

2330 3893 2453 3946 tori.
2487 3890 2648 3947 Solus
2670 3892 2817 3947 enim
2845 3891 3011 3948 Filius
3039 3902 3341 3963 comquatur
3367 3890 3532 3958 Patri,
3560 3891 3785 3947 similiter
3830 3896 3884 3943 et

2328 3981 2563 4053 Spiritus
2600 3991 2818 4038 sanctus
2849 4002 2859 4037 :
2889 3984 3011 4052 quia
3042 3998 3147 4039 non
3193 3989 3318 4039 sunt
3344 3990 3599 4049 creatura,
3638 3981 3721 4037 Sed
3744 3980 3887 4035 inter

2332 4092 2426 4131 eos
2449 4092 2553 4130 una
2582 4080 2795 4131 natura.
2819 4070 2946 4132 Herc
2974 4091 3093 4146 quae
3122 4077 3270 4132 brevi
3300 4080 3548 4132 sermone
3574 4072 3890 4145 digessimus,

2330 4168 2611 4237 supposita
2640 4167 2806 4237 ﬁgura
2837 4168 3191 4223 demonstrat.

3208 4252 3421 4316 Bdnum
3453 4278 3571 4318 cum
3595 4256 3840 4330 qualitate

1007 4327 1321 4398 qualitate.
1642 4327 1668 4401 ι
2045 4327 2068 4401 |
2120 4329 2402 4398 qualitate.
2763 4327 2785 4401 ι
3172 4327 3195 4401 ι
3244 4342 3299 4387 et
3327 4327 3645 4401 quantitate.

610 4562 615 4567 ‘
716 4511 860 4568 De“
924 4462 1665 4622 {Meqvggisine'lempore}
1769 4508 2002 4579 spirans

2317 4496 2331 4561 π
2373 4479 2425 4533 in
2467 4462 2782 4622 tempore}
2897 4513 3116 4584 corpus
3160 4462 3455 4622 )Movetur
3512 4462 3737 4564 localiter
3785 4488 3837 4533 et

2317 4563 2407 4603 c0.
2751 4566 2757 4579 ί
3240 4552 3629 4622 temperanter.

968 4693 1186 4821 Jtltdicat
1209 4700 1385 4749 etnon
1400 4691 1620 4762 iudica-

1031 4781 1111 4821 ur.

904 4792 909 4796 ‘
929 4781 948 4821 ι
1006 4781 1111 4821 ῑιιτ.

608 4840 615 4847 ’
704 4866 751 4934 ᾖ
770 4857 930 4934 Forte
1072 4899 1133 4915 ..ρ
1164 4858 1386 4931 corpori.

2083 4668 2296 4754 Iudicat
2322 4707 2378 4753 et
2400 4668 2694 4768 iudicatur.

3204 4700 3326 4829 Νιίίιοΐ
3338 4700 3547 4769 iudicat
3578 4709 3631 4756 et
3651 4699 3844 4769 iudica-

2312 4837 2335 4921 ί
2370 4860 2397 4900 δ
2424 4860 2545 4931 ,Αι,,
2576 4864 2755 4921 animi.
3445 4892 3452 4897 -

1058 5189 1066 5198 .
1351 5202 1357 5206 ›

1796 5156 1823 5216 ί
1856 5154 2138 5208 PRESBY'I
2146 5155 2249 5209 ERI
2281 5154 2653 5209 VIENNENSIS

1710 5256 2401 5378 ‘EPISTOL/E,
2457 5264 2790 5367 DUE.

1025 5402 1029 5406 ’
1124 5380 1452 5477 irrisioni
1474 5396 1707 5476 Palus.
1740 5402 1743 5405 “
1942 5476 1945 5481 .

902 5516 1238 5573 minuimus
1265 5512 1480 5569 Summo
1505 5520 1660 5585 papa:
1688 5512 1936 5569 salutem.

702 5622 728 5652 ³
754 5611 814 5670 Si
860 5610 1114 5682 possibile
1160 5608 1301 5664 factu
1343 5614 1505 5674 eSset,
1540 5614 1596 5663 ut
1636 5616 1689 5662 te
1726 5604 2000 5663 dominum
2029 5620 2206 5662 meum

2235 5423 2290 5483 D
2317 5427 2402 5479 vel
2448 5422 2735 5495 aliquoties
2778 5424 3168 5495 aliquantulum
3215 5388 3588 5501 convenirem,
3634 5396 3732 5475 non
3788 5434 3893 5475 un-

2313 5517 2525 5573 deunde
2562 5517 2933 5588 quarumpiam
2974 5524 3329 5587 personarum
3356 5498 3451 5567 aut
3478 5498 3770 5596 voluntates
3798 5515 3891 5562 aut

2316 5610 2662 5666 necessitates
2689 5610 3016 5680 inquirerem
3036 5648 3051 5674 ,
3101 5606 3198 5663 sed
3224 5620 3344 5676 qua
3374 5604 3426 5660 in
3456 5602 3567 5659 rem
3596 5596 3753 5657 debiti
3781 5598 3891 5655 mei

708 5751 733 5781 ι
760 5736 1183 5796 ΒποῸΙίιιιᾱίωιί
1231 5740 1456 5808 epistola
1485 5745 1567 5795 est
1616 5739 1849 5796 secunda
1873 5739 2015 5794 inter
2040 5736 2226 5819 Sidoni

2317 5706 2377 5807 IS:
2412 5742 2502 5799 lib.
2539 5758 2610 5797 tv.
