4140 6346
372 238 459 413 9,

2119 297 2306 356 DUE.
2344 324 2351 329 ι
3543 297 3651 355 782

696 442 820 486 esse
854 434 1096 499 possent.
1149 424 1359 496 Quippe
1395 422 1681 479 revisionis
1716 426 1960 489 potestas
1984 415 2036 476 Δ
2063 424 2430 488 quantumque
2456 431 2594 488 opus
2621 416 2751 473 illud
2773 424 2890 482 est,
2923 416 3144 471 materia
3171 416 3439 483 clausum,
3470 416 3666 477 decisa

664 535 734 585 is,
766 534 834 575 ac
871 518 1083 574 miseris
1109 514 1336 585 perinde
1360 513 1539 570 causis
1566 508 1960 567 intercluditur.

690 608 963 666 scribendi
998 607 1226 663 lacultas
1260 613 1354 661 aut
1387 619 1513 660 raro
1542 602 1739 657 idonea
1766 611 1963 669 suppe-

664 717 761 757 nec
806 699 1064 771 suppetit.
1111 696 1218 753 Ista
1264 697 1378 752 haec
1404 693 1595 750 eadem
1621 689 1965 748 remissibilia

662 806 761 857 ne,
807 799 920 846 tute
967 788 1244 859 judicaris.
1286 785 1455 857 Porro
1484 792 1665 839 autem
1692 779 1837 850 quod
1867 795 1966 834 sa:-

662 904 675 935 ι
722 882 941 952 scriptis
986 879 1181 935 vestris
1218 878 1310 932 alii
1357 874 1758 947 impertiuntur.
1788 871 1883 949 qui
1913 869 1967 925 id

660 990 704 1030 κ)
730 973 1006 1035 ambiunt,
1057 986 1217 1041 quam
1262 974 1477 1037 egomet
1516 963 1695 1020 forsan
1725 977 1826 1017 nec
1852 975 1967 1016 me-

656 1065 872 1136 lnplius;
929 1079 1035 1117 non
1078 1060 1314 1116 arbitror
1353 1057 1603 1113 amicitia:
1629 1055 1837 1124 legibus
1864 1053 1968 1107 illl-

656 1155 852 1211 nmitti.
894 1138 1027 1209 illud
1069 1152 1232 1207 etiam
1274 1166 1381 1205 non
1411 1149 1656 1204 dolenter
1682 1147 1808 1203 faxo
1838 1144 1971 1200 taci-

650 1250 722 1306 od
752 1248 965 1306 libellos
1003 1228 1124 1302 illos
1157 1260 1295 1315 quos
1333 1252 1424 1299 tuo
1451 1243 1670 1298 nomine
1699 1236 1969 1296 nobilitari

645 1343 774 1407 luis,
826 1341 973 1397 nullo
1019 1353 1260 1409 unquam
1305 1328 1646 1407 impartivisti
1683 1331 1966 1400 rescripto.

655 1449 744 1491 um
773 1433 917 1489 forte
942 1447 1051 1488 non
1077 1429 1359 1501 suppetit,
1385 1426 1529 1497 quod
1561 1432 1675 1481 tute
1702 1420 1971 1478 modicum

643 1525 927 1583 admodum
972 1522 1251 1594 irnpendas
1300 1519 1569 1583 amicitia}.
1628 1514 1814 1583 Ecquo
1863 1519 1972 1566 tam

641 1628 766 1690 potu
813 1630 1047 1686 unquam
1100 1613 1374 1683 uspiamve
1420 1606 1794 1679 implicabere,
1843 1601 1974 1671 quin

666 1710 898 1766 aliorum
945 1703 1228 1765 commoda
1256 1699 1542 1770 rcvergat?
1588 1696 1727 1751 Cum
1751 1700 1974 1765 precatu
2006 1702 2009 1707 λ

2066 506 2306 562 matione
2333 508 2701 578 conspicuum,
2742 508 3111 578 propositione
3140 508 3470 565 obstructum
3494 549 3508 572 ,
3539 508 3649 565 disc

2074 599 2375 669 putatione
2404 607 2702 657 reseratum
2722 640 2737 665 ,
2766 607 2822 655 et
2849 614 3155 670 quanquam
3185 609 3405 671 propter
3432 601 3648 671 hamata

2068 688 2502 760 syllogismorum
2530 697 2727 759 puncta
2766 691 3121 755 tribulosum,
3168 692 3443 747 vernantis
3471 701 3651 749 tamen

2070 780 2268 851 eloquii
2298 778 2429 837 llore
2458 780 2484 820 δ
2515 782 2799 838 mellitum.
2851 770 2998 841 Nova
3039 784 3113 851 ibi
3149 785 3314 854 verba
3340 786 3467 856 quia
3492 793 3648 841 vetuv

2072 883 2154 930 sta
2180 875 2527 945 :.quibusque
2583 876 2813 939 collatus
2856 878 3052 933 merito
3097 879 3263 934 etiam
3311 880 3650 950 antiquarum

2073 966 2372 1021 litterarum
2400 968 2570 1038 stylus
2601 968 2975 1043 antiquaretur
3008 987 3021 1022 :
3054 971 3306 1040 quodque
3342 972 3650 1043 pretiosius,

2074 1065 2188 1114 tota
2217 1058 2305 1112 illa
2349 1058 2514 1115 dictio
2560 1059 2638 1115 sic
2684 1060 2989 1123 caesuratim
3032 1062 3305 1119 succincta
3343 1063 3486 1133 quod
3523 1079 3653 1133 pro~

2075 1147 2248 1204 ﬂuens
2273 1167 2286 1202 :
2329 1164 2493 1218 quam
2530 1150 2691 1205 rebus
2716 1150 2950 1221 amplam
2978 1152 3326 1223 strictamque
3353 1154 3655 1219 sententiis,

2073 1240 2278 1297 sentias
2303 1240 2426 1309 plus
2451 1240 2648 1297 docere
2674 1256 2835 1311 quam
2860 1241 3062 1299 dicere.
3121 1242 3364 1313 Denique
3404 1253 3459 1299 et
3481 1260 3656 1314 quon-

2076 1329 2200 1385 dam
2228 1345 2329 1387 nec
2356 1330 2547 1400 injuria
2564 1371 2581 1399 ,
2622 1332 2738 1389 haec
2774 1334 3081 1404 principalis
3104 1332 3353 1391 facundia
3381 1346 3657 1407 computzr

2077 1421 2259 1487 batur,
2285 1422 2372 1477 cui
2400 1424 2586 1492 paucis
2604 1424 2791 1495 ⁸ιιιιιιιιι
2831 1425 3124 1489 cohibenti,
3146 1442 3291 1487 cura:
3319 1426 3419 1483 fuit
3445 1444 3658 1484 causam

2079 1513 2261 1584 potius
2288 1514 2513 1585 implere
2538 1530 2699 1584 quam
2720 1516 2993 1585 paginam.
3035 1518 3105 1572 At
3133 1534 3264 1574 vero
3290 1520 3343 1575 in
3373 1520 3521 1579 libris
3557 1520 3659 1575 tuis

2075 1601 2190 1673 jam
2218 1604 2350 1660 illud
2392 1605 2551 1675 quale
2595 1614 2709 1671 est,
2753 1605 2897 1674 quod
2935 1614 2990 1660 et
3030 1609 3443 1665 teneritudinem
3490 1626 3662 1679 quan-

2080 1710 2242 1765 quam
2286 1696 2597 1753 continuata
2639 1696 2920 1752 maturitas
2967 1698 3236 1765 admittit,
3270 1701 3662 1771 interseritque

652 1816 785 1864 leas,
815 1798 1065 1855 emndem
1094 1811 1202 1853 non
1230 1792 1393 1849 modo
1421 1789 1629 1854 amiCiS.
1657 1786 1754 1842 sed
1782 1783 1979 1852 ἱειιοιίε
2008 1784 2058 1847 Β
2086 1788 2461 1856 tempestivam
2499 1804 2728 1845 censura
2755 1787 3092 1847 dulcedinem
3115 1830 3131 1855 ,
3164 1798 3224 1844 ιιι
3251 1791 3467 1846 lectoris
3489 1792 3663 1847 intell-

662 1893 907 1951 oncilias.
946 1890 1084 1947 Cum
1110 1886 1509 1957 Scripturarum
1537 1880 1837 1938 cmlestium
1861 1893 1978 1948 my-

664 1986 842 2050 uaris,
887 1998 996 2053 quo
1025 1988 1081 2036 te
1107 1977 1403 2034 studiosius
1430 1973 1654 2039 imbuis,
1685 1986 1753 2031 eo
1779 1968 1980 2026 doctri-

665 2078 769 2133 eris
814 2074 1090 2145 copiosius
1134 2068 1388 2126 infundis.
1447 2066 1583 2123 Cum
1612 2072 1735 2119 tuas
1764 2076 1899 2131 opes
1924 2060 1980 2115 in

668 2182 788 2237 sum
834 2165 1111 2236 prodigis,
1163 2161 1256 2217 tibi
1302 2158 1520 2229 quidem
1565 2155 1837 2219 maxime,
1885 2151 1984 2207 sed

670 2273 755 2328 lue
799 2256 1107 2313 consultum
1156 2252 1307 2308 facis.
1370 2246 1603 2303 Proinde
1630 2245 1763 2300 nihil
1788 2242 1981 2298 videli-

672 2354 805 2408 Cecto
853 2349 984 2405 nihil
1032 2356 1120 2402 est
1165 2353 1277 2401 tam
1296 2386 1299 2389 ι
1321 2338 1664 2399 infecundum
1710 2336 1983 2392 actionum

674 2443 876 2499 mnium
901 2480 917 2506 ,
966 2436 1115 2508 quod
1152 2435 1249 2490 tibi
1278 2434 1372 2489 nni
1399 2432 1503 2489 soli
1529 2438 1759 2493 tantum,
1790 2434 1846 2481 et
1874 2440 1985 2483 non

397 2550 514 2591 aliis
543 2549 758 2604 qucque
792 2530 977 2587 multis
1012 2537 1191 2585 tecum
1230 2524 1536 2583 uberiorem
1563 2520 1795 2575 fructum
1822 2516 1980 2572 ferat.

395 2626 549 2685 Nulla
582 2639 717 2693 ergo
730 2624 1045 2692 cujusquam
1072 2614 1475 2689 praepedimenti
1494 2611 1708 2667 occasio
1728 2606 1987 2679 praetendi

397 2718 478 2774 vel
507 2715 645 2771 falso
670 2720 884 2784 potest.
922 2725 1020 2767 cur
1060 2713 1274 2775 egomet
1301 2701 1551 2774 specialis
1577 2708 1742 2769 atque
1767 2697 1986 2751 intimus

394 2820 521 2867 tuus
569 2805 703 2862 nihil
741 2820 772 2858 a
816 2800 1037 2871 speciali
1063 2812 1187 2853 meo
1212 2792 1569 2857 fructiferam,
1600 2805 1632 2845 a
1669 2803 1778 2858 quo
1816 2787 1987 2856 ignoti

390 2913 615 2969 quoque
637 2896 867 2951 multum
895 2891 1113 2961 capiant
1136 2886 1375 2959 plurimi.
1414 2883 1542 2951 Sed,
1571 2882 1651 2937 uti
1688 2895 1789 2950 ego
1824 2888 1985 2935 autu-

388 3007 482 3046 mo
506 3030 521 3055 ,
570 2988 726 3058 juxta
765 2985 993 3051 formam
1036 2980 1335 3050 evangelici
1362 2977 1671 3054 largitoris,
1701 2973 1849 3053 quod
1878 2987 1988 3027 non

388 3082 489 3137 das
518 3080 696 3136 amico
723 3075 1001 3141 esurienti,
1033 3073 1188 3128 dabis
1216 3069 1470 3141 improbo
1488 3066 1769 3139 pulsatori.
1820 3062 1987 3117 Porro

2081 1883 2289 1938 tionem
2344 1898 2443 1953 per
2499 1883 2789 1939 eventilata
2845 1882 3243 1953 disciplinarum
3314 1884 3665 1953 philosophia

2087 1975 2328 2037 membra
2381 1975 2633 2033 lassatam
2690 1982 2916 2044 repente
2980 1974 3315 2044 voluptuosis
3360 1976 3667 2031 excessibus

2082 2067 2240 2136 quasi
2265 2066 2585 2135 quibusdam
2613 2066 2788 2136 pelagi
2816 2066 2900 2122 sui
2928 2066 3190 2137 portubus
3216 2065 3412 2123 foveat.
3462 2064 3506 2119 Ο
3535 2066 3669 2122 liber

2086 2158 2431 2217 multifariam
2459 2156 2697 2226 pollens!
2730 2172 2765 2213 o
2792 2156 3066 2226 eloquium
3093 2172 3200 2213 non
3227 2156 3401 2223 exilis,
3419 2155 3514 2212 sed
3538 2156 3671 2212 sub-

2088 2249 2198 2305 tilis
2224 2249 2458 2318 ingenii!
2489 2248 2637 2317 quod
2667 2263 2769 2305 nec
2795 2263 2894 2318 per
2920 2247 3274 2317 scaturigines
3300 2247 3673 2319 hyperbolicas

2089 2340 2439 2406 intumescit,
2469 2355 2572 2397 nec
2606 2354 2706 2410 per
2738 2340 3071 2410 tapinomata
3103 2337 3357 2410 depressa
3397 2347 3668 2396 tenuatur.

2088 2430 2172 2487 Ad
2198 2433 2306 2488 hoc
2333 2432 2490 2488 unica
2527 2430 2920 2499 singularisque
2945 2431 3219 2497 doctrina,
3261 2440 3316 2486 et
3344 2431 3396 2485 in
3431 2430 3674 2486 diversa-
3747 2412 3763 2426 ’

2086 2537 2210 2578 rum
2233 2536 2415 2577 rerum
2442 2521 2741 2581 assertione
2764 2521 3132 2577 monstrabilis
3147 2562 3161 2587 ,
3194 2522 3280 2578 cui
3307 2522 3475 2595 moris
3499 2529 3582 2578 est
3605 2521 3676 2578 de

2088 2612 2314 2681 singulis
2333 2612 2537 2667 artibus
2568 2626 2692 2667 cum
2717 2611 2942 2680 singulis
2965 2611 3260 2667 artilicibus
3287 2613 3677 2684 philosophari,

2087 2718 2316 2774 quisque
2341 2704 2389 2759 si
2414 2702 2526 2759 fors
2549 2703 2733 2773 exigit,
2767 2712 2950 2759 tenere
2971 2719 3079 2760 non
3104 2704 3292 2759 abnuit
3313 2720 3436 2760 cum
3462 2703 3679 2776 Orpheo

2088 2794 2373 2866 plectrum,
2404 2809 2528 2849 cum
2557 2792 2874 2863 Esculapio
2900 2794 3177 2860 baculum,
3208 2810 3330 2849 cum
3359 2796 3680 2851 Archimede

2090 2888 2322 2953 radium,
2371 2903 2494 2943 cum
2526 2885 2802 2957 Euphrate
2846 2887 3259 2957 horoscopium,
3306 2903 3429 2943 cum
3458 2886 3679 2944 Perdice

2090 2978 2350 3035 circinum
2374 3018 2390 3044 ,
2446 2988 2567 3035 cum
2620 2976 2859 3033 Vitruvio
2909 2976 3390 3048 perpendiculum;
3453 2993 3680 3049 quaeque
3794 2995 3801 3001 '

2095 3080 2367 3138 nunquam
2396 3069 2721 3137 investigare
2748 3068 3034 3134 destiterit,
3065 3084 3195 3145 cum
3217 3068 3678 3139 Thaletetempo-
3745 3112 3764 3129 ,

388 3173 436 3228 si
467 3172 635 3227 etiam
663 3184 807 3226 nunc
833 3166 995 3225 solito
1020 3163 1343 3225 obdurueris
1360 3201 1376 3227 ,
1405 3159 1569 3216 faxim
1598 3163 1813 3227 egomet
1840 3153 1986 3224 quod
2012 3152 2060 3217 ϐ
2093 3176 2154 3214 ra
2178 3201 2193 3226 ,
2244 3176 2367 3217 cum
2415 3161 2632 3217 Αιιιυηο
2677 3160 2883 3225 δίδωτι,
2931 3175 3054 3215 cum
3102 3161 3233 3217 Ζειο
3259 3161 3527 3231 pondera,
3559 3176 3679 3217 cum

389 3275 446 3321 te
475 3273 531 3320 te
558 3264 858 3335 pamiteat:
887 3258 1147 3329 quoniam
1170 3257 1217 3311 si
1248 3253 1490 3325 peccaris
1518 3251 1657 3307 ultra
1685 3248 1985 3313 reticendo,

389 3373 496 3427 ego
523 3356 773 3429 protinus
817 3352 1048 3408 ulciscar
1084 3346 1387 3405 scribendo.
1438 3343 1608 3398 Porro
1647 3340 1790 3397 enim
1816 3338 1989 3393 ambi-

2091 3251 2396 3323 Chrysippo
2415 3265 2703 3316 numeros,
2731 3266 2854 3306 eum
2881 3249 3105 3307 Euclide
3132 3267 3430 3308 mensuras.
3471 3252 3555 3308 Ad
3579 3268 3679 3308 ex-

2092 3351 2324 3399 tremum
2361 3359 2522 3400 nemo
2542 3344 2746 3400 sleculo
2778 3359 2903 3399 meo
2931 3358 3052 3413 quae
3081 3344 3277 3410 voluit,
3311 3343 3580 3401 allirmare
3601 3348 3680 3402 sic

391 3465 503 3519 guo
549 3455 736 3511 caret,
790 3454 902 3499 tam
952 3452 1006 3497 te
1051 3438 1381 3511 puniendum
1408 3436 1610 3506 scripto
1638 3448 1792 3497 meo,
1826 3443 1987 3499 quam
2092 3432 2281 3488 valuit.
2320 3432 2596 3502 Siquidem
2620 3433 2747 3489 dum
2769 3449 2830 3490 se
2864 3432 3123 3490 adversus
3154 3450 3279 3489 eum
3303 3450 3463 3505 quem
3490 3444 3681 3493 contra

395 3543 594 3613 punior
620 3547 836 3609 egomet
859 3536 1076 3593 silentio
1104 3542 1218 3589 tuo.
1255 3531 1401 3586 Vale.
2091 3527 2348 3597 loquitur,
2367 3534 2624 3591 exsertat,
2647 3541 2859 3585 morum
2874 3541 2939 3582 ac
2956 3527 3254 3583 studiorum
3276 3527 3469 3596 lingua
3489 3528 3681 3584 utrius-

669 3644 695 3670 οι
724 3632 973 3687 Slnoalus
997 3628 1308 3683 Cunnum
1335 3638 1435 3679 suo
1464 3621 1715 3677 salutem.
2094 3633 2202 3687 que
2228 3618 2529 3690 symbolam
2559 3617 2683 3686 jure
2723 3617 2827 3673 sibi
2854 3617 3108 3674 vindicat.
3149 3618 3327 3676 Sentit
3372 3628 3431 3677 ut
3476 3618 3679 3692 Pytha-

468 3726 777 3791 Committi,
832 3722 1050 3778 domine
1086 3718 1287 3788 major,
1332 3718 1388 3772 in
1429 3710 1844 3771 necessitudinis
1865 3708 1989 3777 jura
2088 3723 2286 3778 goras,
2334 3709 2523 3765 dividit
2549 3717 2610 3765 ut
2635 3709 2918 3777 Socrates,
2949 3712 3184 3782 explicat
3210 3720 3271 3766 ut
3297 3710 3477 3778 Plato,
3509 3712 3681 3783 impli-

401 3820 746 3895 pronuntias,
777 3833 879 3873 cur
913 3813 1059 3885 quod
1087 3812 1157 3866 ad
1184 3811 1336 3866 salve
1364 3807 1462 3862 tibi
1490 3804 1730 3895 debitum
1758 3793 1986 3895 spectat.
2094 3796 2191 3895 cat'
2223 3808 2283 3857 ut
2319 3800 2667 3869 Aristoteles,
2710 3811 2769 3859 ut
2795 3801 3055 3859 Escbines
3082 3804 3369 3870 blanditur,
3401 3813 3461 3860 ut
3486 3803 3682 3862 Demo-

405 3891 433 3970 i.
461 3913 602 3986 ston
626 3919 685 3966 et
706 3906 1054 3981 pugillaribus
1079 3903 1171 3958 diu
1200 3898 1516 3994 temperem,
1556 3894 1807 3964 quodque
1833 3891 1988 3993 dein—
2093 3893 2316 3948 sthenes
2344 3892 2611 3958 irascitur,
2644 3901 2832 3948 vernat
2859 3902 2917 3947 ut
2942 3892 3281 3961 Hortensius,
3312 3902 3372 3951 ut
3388 3893 3679 3964 Cethegus,

406 3982 533 4076 seps
577 4003 755 4058 nullas
800 4000 1037 4054 viantum
1080 3982 1234 4067 volas'
1278 4004 1365 4046 me
1405 4002 1640 4059 papyrus
1664 3982 1988 4076 oneraverit,
2092 3986 2284 4041 incitat
2312 3993 2371 4040 ut
2396 3984 2581 4051 Curio,
2612 3992 2858 4042 moratur
2883 3993 2943 4041 ut
2960 3985 3171 4051 Fabius,
3200 3986 3417 4043 simulat
3444 3995 3504 4042 ut
3523 3985 3685 4043 Cras-

407 4072 524 4166 quie
574 4108 673 4148 vos
717 4090 869 4145 cultu
912 4086 1110 4142 sedulae
1136 4080 1411 4153 sospitalis
1456 4076 1747 4149 impertiat.
1790 4072 1994 4166 Praeter
2054 4127 2060 4133 ,
2096 4092 2213 4147 sus,
2244 4076 2546 4133 dissimulat
2573 4084 2631 4132 ut
2659 4075 2865 4140 Caesar.
2910 4077 3104 4133 suadet
3129 4087 3188 4132 ut
3212 4076 3380 4143 Cato,
3411 4077 3686 4135 dissuadet

406 4163 618 4257 ἐφιιιω
640 4184 741 4238 ista
769 4179 1063 4249 oonjectas,
1093 4176 1139 4230 si
1160 4187 1317 4230 reare
1333 4182 1659 4242 quemquam
1685 4163 1993 4221 mortalium
2097 4176 2157 4223 ut
2185 4167 2408 4238 Appius,
2436 4166 2726 4238 persuadet
2749 4175 2806 4222 ut
2831 4167 3052 4223 Tullius.
3070 4166 3209 4223 alam
3236 4168 3285 4224 si
3310 4168 3378 4224 ad
3403 4183 3686 4227 sacrosan-
3748 4230 3751 4235 ⁴

408 4248 519 4351 (cui
544 4284 729 4330 tamen
771 4248 1123 4327 sertnoeinari
1168 4263 1422 4320 latialiter
1445 4260 1596 4317 cordi
1624 4261 1731 4328 est)
1760 4272 1869 4313 non
1898 4270 1993 4325 pa-
2090 4268 2216 4316 ctos
2255 4257 2443 4314 Patres
2470 4274 2570 4329 pro
2613 4260 3022 4328 comparatione
3052 4248 3319 4326 veniatur,
3352 4248 3581 4317 instruit
3623 4269 3684 4316 ut

409 4348 537 4428 vere
555 4408 571 4435 ,
600 4380 723 4422 cum
748 4366 816 4419 in
856 4375 1084 4418 examen
1110 4356 1321 4412 aurium
1352 4363 1596 4418 tuarum,
1628 4352 1827 4421 quippe
1856 4348 1991 4406 scri-
2092 4349 2478 4421 Hieronymus,
2510 4351 2740 4406 destruit
2765 4359 2824 4406 ut
2850 4349 3182 4419 Lactantius,
3215 4353 3408 4409 astruit
3431 4361 3491 4408 ut
3512 4352 3689 4422 Augu-

409 4471 534 4537 ptns
586 4458 871 4515 adducitur
906 4475 919 4509 :
968 4450 1182 4509 tuarum
1232 4452 1450 4520 inquam
1507 4446 1716 4501 aurium
1763 4454 1991 4512 quarum
2029 4443 2297 4537 _stinus,
2347 4442 2612 4497 attollitur
2651 4450 2710 4497 ut
2756 4440 3015 4507 Hilarius,
3060 4442 3390 4501 submittitur
3426 4451 3485 4499 ut
3524 4442 3689 4502 Joan-

342 4588 351 4591 -
410 4529 613 4631 peritia:
635 4594 652 4621 ,
698 4553 747 4609 si
791 4565 880 4606 me
922 4549 1270 4604 decursorum
1313 4543 1381 4597 ad
1421 4543 1525 4597 hoc
1563 4539 1665 4594 navi
1695 4546 1997 4631 temporum
2023 4529 2077 4593 Β
2103 4551 2219 4602 nes,
2244 4544 2303 4591 ut
2329 4534 2559 4591 Basilius
2585 4534 2829 4605 corripit,
2860 4542 2920 4590 ut
2946 4532 3239 4602 Gregorius
3266 4536 3596 4601 consolatur,
3628 4545 3692 4593 ut

2106 4627 2329 4685 Orosius
2371 4624 2670 4691 alliuityut
2715 4624 2940 4681 Ruﬁnus
2985 4625 3285 4693 stringitur,
3333 4634 3391 4680 ut
3426 4624 3689 4681 Eusebius

2098 4716 2309 4789 narrat,
2336 4727 2395 4774 ut
2418 4719 2714 4775 Eucherius
2735 4717 3009 4779 sollicitat,
3043 4723 3101 4769 ut
3128 4715 3381 4773 Paulinus
3408 4724 3686 4783 provocat,

2100 4823 2170 4871 ,ιιι
2191 4813 2505 4870 Ambrosius
2545 4816 2872 4880 perseverat.
2930 4807 3048 4860 Jam
3089 4819 3216 4859 vero
3251 4804 3320 4860 de
3360 4803 3571 4875 Hymna
3600 4813 3691 4860 tuo
3737 4820 3748 4830 ο

2108 4911 2152 4964 si
2181 4911 2535 4978 percunctere
2562 4900 2691 4969 quid
2716 4898 2965 4958 sentiam,
2997 4894 3348 4953 commaticus
3371 4902 3475 4961 est,
3499 4897 3689 4966 copio-

2107 5015 2200 5055 sus
2218 5037 2234 5064 ,
2266 4997 2453 5061 dulcis,
2484 4994 2691 5055 elatus;
2723 4999 2780 5046 et
2805 4988 3074 5058 quoslibet
3102 4988 3298 5060 lyricos
3323 4988 3691 5060 dithyrambos

409 4628 761 4722 pmogativa
790 4657 899 4697 non
924 4640 1139 4703 obruat,
1169 4651 1271 4692 nec
1290 4632 1667 4690 Frontoniante
1692 4628 1989 4698 gravitatis,

411 4720 504 4797 aut
525 4736 780 4810 pondais
808 4731 1090 4805 Apuleiani
1112 4730 1314 4785 ilumen
1342 4726 1707 4797 aequiparem:
1737 4722 1827 4778 cui
1854 4720 1993 4775 Var-

412 4845 592 4896 rones,
621 4828 710 4883 vel
736 4825 1008 4888 Atacinus,
1039 4822 1124 4877 vel
1154 4818 1463 4883 Terentius,
1491 4815 1677 4881 Plinii,
1709 4814 1795 4873 vel
1822 4828 1995 4868 avun-

413 4925 587 4986 alios,
598 4920 686 4976 vel
706 4916 1002 4981 Secundus,
1029 4912 1313 4983 compositi
1334 4908 1813 4980 imprmsentiarum
1832 4906 1994 4963 rusti-

415 5017 694 5073 cabuntur.
770 5008 1102 5080 Ast'mulatllr
1144 5004 1346 5074 judicio
1390 5018 1515 5058 meo
1561 5002 1815 5058 volumen
1863 4997 1996 5053 illud

413 5106 561 5177 quod
599 5111 718 5160 tute
761 5116 927 5171 super
954 5106 1093 5152 sum
1133 5096 1327 5177 cum
1372 5108 1555 5148 rerum
1601 5091 1996 5154 verborumque
2092 5089 2420 5145 Iamnitate
2445 5085 2656 5155 poetica
2681 5091 2738 5139 et
2758 5081 3021 5138 historica
3049 5081 3277 5137 veritate
3302 5081 3686 5152 supereminet.

415 5172 640 5256 scientia
687 5194 1033 5252 divitissimus
1077 5172 1447 5261 propalavisti.
1499 5184 1558 5238 In
1603 5197 1710 5251 quo
1754 5181 1884 5235 dum
1931 5177 2000 5232 ad
2108 5181 2273 5249 quue
2321 5184 2473 5232 tuum
2504 5176 2557 5229 in
2582 5175 2676 5229 illo
2705 5173 2996 5245 peculiare,
3044 5173 3189 5243 quod
3218 5172 3443 5227 servatis
3487 5177 3689 5227 metro-

417 5298 597 5346 tneum
651 5300 847 5343 nomen
892 5281 1265 5357 prommiaris,
1313 5279 1418 5333 hoc
1447 5289 1642 5330 munus
1662 5270 2000 5343 potissimum
2098 5286 2225 5327 rum
2252 5267 2510 5341 pedibus,
2554 5263 2751 5336 pedum
2778 5265 3028 5335 syllabis,
3074 5263 3505 5334 syllabarumque
3534 5266 3692 5316 natu—

417 5385 538 5455 cepi
560 5425 575 5449 ,
624 5390 686 5438 ut
711 5395 847 5436 mea
871 5352 1014 5433 fama
1040 5387 1286 5448 persollae
1306 5413 1322 5439 ,
1360 5383 1522 5439 quam
1550 5381 1729 5437 operte
1766 5363 2000 5435 pretium
2100 5364 2184 5420 ris
2210 5363 2350 5417 intra
2375 5358 2534 5429 spatii
2562 5357 2646 5412 sui
2669 5356 2975 5418 terminum,
3007 5353 3171 5408 verba
3197 5352 3329 5406 ditia
3352 5365 3539 5407 versus
3557 5365 3693 5421 pau-

420 5438 528 5535 no‘n
555 5438 691 5540 erat,
721 5474 982 5530 librorum
1009 5438 1230 5524 suorum
1257 5438 1426 5519 titulis
1456 5460 1840 5521 inclarescere,
1875 5464 1999 5510 tuo-
2109 5472 2207 5527 per
2232 5451 2488 5509 includit:
2521 5464 2620 5505 nec
2669 5446 2861 5502 arctati
2909 5442 3162 5497 carminis
3207 5440 3439 5495 brevitas
3467 5438 3693 5507 longitu-

421 5574 539 5625 rn‘m
566 5527 1281 5636 beneﬁcio'perpctllarctnr.
1334 5555 1401 5609 At
1430 5551 1571 5623 quod
1611 5550 1755 5605 Deus
1790 5564 1995 5618 magne,
2110 5549 2286 5603 dinem
2334 5542 2597 5615 phalerati
2646 5535 2908 5593 sermonis
2946 5530 3206 5586 eliminat.
3275 5530 3490 5599 lta_tibi
3536 5527 3693 5586 facile

497 5712 520 5738 οι
551 5700 677 5755 Hrcc
705 5714 832 5753 vero
863 5705 944 5751 est
988 5694 1142 5748 tertia
1184 5689 1419 5759 ejusdem
1460 5686 1577 5739 libri
1602 5668 1672 5748 lv’,
1703 5698 1807 5751 qua
1850 5684 2003 5739 Sido~
2182 5681 2209 5721 ι)
2240 5682 2295 5734 1η
2327 5676 2587 5745 aliquibus
2608 5672 2755 5727 libris
2783 5669 3055 5723 mollitum.

423 5774 544 5833 nius
571 5769 894 5843 prmccdcllti
925 5764 1235 5834 respondet.
