4140 6346
548 257 658 326 785

1826 263 2136 319 MAMERTI
2173 263 2533 321 CLAUDIAM

3715 270 3829 327 784

545 383 692 439 factu
736 389 820 438 est
860 381 1076 436 minutis
1104 370 1376 445 trochzeis,
1419 377 1906 447 minutioribusque
1945 380 2118 449 pyrri-
2145 384 2196 446 Α
2223 380 2510 434 humanum
2532 417 2546 442 ,
2593 387 2686 432 aut
2727 378 2940 448 ingenia
2986 379 3177 436 eadem
3227 387 3336 438 non
3373 391 3501 438 sunt
3521 398 3638 454 quae
3663 387 3830 444 fuere

547 479 716 545 chiis,
758 494 866 539 non
893 477 1065 534 solum
1093 477 1414 540 molossicas
1458 475 1917 546 anapaesticasque
1944 482 2123 528 terna-

547 571 685 637 rias,
734 570 828 624 sed
863 569 1201 641 epitritorum
1242 569 1404 624 etiam
1450 582 1806 639 pmonumque
1833 573 2123 635 quaternas

544 661 892 734 supervenire
903 662 1202 732 juncturas.
1234 659 1510 716 Excrescit
1537 657 1831 729 amplitudo
1854 657 2121 728 proloquii

543 753 816 824 angustias
842 753 1146 821 regulares,
1188 759 1245 806 et
1267 759 1523 820 tanquam
1551 765 1719 820 parvo
1747 764 1878 804 auro
1905 748 2123 817 grandis

545 860 755 917 gemma
786 847 875 901 vix
905 846 1112 919 capitur
1136 863 1149 898 :
1182 845 1485 914 emicatque
1512 851 1573 898 ut
1597 842 1722 912 equi
1749 841 1986 913 potentis
2015 840 2123 919 ani-

544 937 805 1004 mositas,
855 937 940 992 cui
987 918 1239 991 frementi
1285 934 1330 988 si
1359 934 1501 989 inter
1545 941 1732 1002 tesqua
1763 932 1847 986 vel
1869 918 2121 998 confraga

543 1028 816 1084 frenorum
845 1027 964 1096 lege
993 1034 1261 1088 teneatur,
1307 1023 1558 1091 intelligis
1610 1039 1716 1078 non
1763 1031 1870 1076 tam
1907 1037 2121 1076 cursum

542 1121 732 1178 deesse
757 1132 922 1189 quam
948 1133 1218 1188 campum.
1293 1115 1430 1183 Quid
1468 1115 1686 1171 multis?
1715 1114 1917 1169 arbitro
1953 1129 2039 1167 me
2067 1112 2121 1166 in

542 1221 776 1282 utroque
802 1224 1000 1281 genere
1025 1208 1258 1273 dicendi,
1290 1222 1391 1262 nec
1427 1206 1652 1261 Athenae
1684 1205 1763 1260 sic
1790 1203 1998 1266 Atticm,
2024 1217 2123 1258 nec

543 1303 707 1358 Musae
753 1302 832 1358 sic
878 1300 1096 1356 umsicaa
1137 1297 1531 1368 iudicabuntur,
1584 1296 1628 1352 si
1677 1295 1838 1350 modo
1868 1294 1996 1349 mihi
2036 1294 2121 1349 vel

540 1393 798 1451 censendi
847 1391 1059 1463 copiam
1102 1389 1305 1445 desidia
1346 1388 1555 1457 longior
1579 1402 1700 1441 .non
1726 1385 1944 1440 ademit.
1987 1383 2119 1438 Nam

543 1489 672 1543 dum
695 1487 942 1555 impactre
966 1481 1312 1553 professionis
1354 1481 1576 1536 obtentu
1615 1495 1813 1535 novum
1850 1477 2120 1534 scribendi

544 1592 750 1633 morem
795 1575 1052 1644 gradatim
1081 1579 1306 1644 appeto,
1357 1580 1412 1626 et
1455 1579 1690 1626 veterem
1729 1569 2001 1624 saltuatim
2027 1568 2120 1624 de-

543 1669 724 1733 disco;
753 1666 820 1722 de
843 1666 985 1722 bono
1007 1671 1222 1720 oratore
1249 1662 1320 1716 nil
1344 1661 1570 1732 amplius
1591 1661 1768 1716 habeo
1787 1674 1948 1728 quam
1973 1658 2119 1728 quod

541 1757 714 1816 malus
742 1766 898 1830 poeta
925 1757 1044 1828 plus
1070 1772 1190 1812 esse
1217 1756 1374 1826 empi.
1398 1754 1579 1820 Proin,
1597 1769 1800 1823 quaeso,
1820 1753 2000 1808 delicti
2020 1753 2120 1806 hu-

540 1852 622 1921 ius
649 1849 778 1904 mihi
807 1849 1032 1917 gratiam
1063 1846 1258 1912 facias,
1281 1845 1426 1916 quod
1454 1845 1841 1923 aliquantisper
1867 1843 1972 1898 mei
2011 1857 2117 1898 me-

539 1943 766 2006 minens,
798 1947 1039 1995 arentem
1062 1938 1311 1994 venulam
1344 1937 1515 1991 rarius
1541 1935 1747 1990 flumini
1778 1943 1869 1990 tuo
1892 1935 2112 1990 misceo.

538 2033 706 2088 Tuam
732 2033 912 2086 tubam
945 2038 1089 2086 totus
1113 2045 1217 2098 qua
1245 2035 1393 2099 patet
1417 2028 1561 2083 orbis
1585 2027 1704 2096 jure
1732 2026 2073 2082 venerabitur
2097 2042 2112 2080 :

535 2138 698 2192 quam
727 2128 939 2176 constat
979 2120 1248 2188 geminata
1278 2118 1528 2173 felicitate
1564 2117 1824 2176 cecinisse
1846 2157 1860 2181 ,
1901 2115 2115 2186 quando

535 2229 638 2269 nec
660 2213 908 2267 aemulum
948 2211 1174 2282 reperit,
1207 2213 1306 2264 nec
1332 2209 1620 2278 aequalem,
1646 2225 1766 2263 cum
1794 2207 1998 2278 pridem
2028 2223 2118 2261 au-

432 2365 450 2380 .
536 2322 625 2362 res
645 2315 700 2362 et
727 2323 823 2361 ora
850 2304 1190 2375 populorum,
1224 2318 1311 2356 me
1338 2301 1498 2356 etiam
1529 2300 1959 2364 circumferente,
1991 2315 2118 2368 per-

535 2408 840 2466 vagaretur.
882 2395 1046 2449 Nobis
1076 2402 1253 2448 autem
1273 2391 1488 2460 grandis
1515 2390 1754 2452 audacia,
1788 2391 1832 2444 si
1861 2390 1946 2444 vel
1973 2389 2116 2458 apud

535 2489 894 2560 municipales
938 2495 992 2542 et
1038 2485 1405 2542 cathedrarios
1446 2493 1723 2547 oratores,
1755 2489 1848 2536 aut
1875 2481 2116 2536 forenses

539 2580 752 2638 rabulas
800 2579 1136 2648 garriamus:
1168 2577 1259 2646 qui
1305 2577 1467 2630 etiam
1506 2591 1626 2629 cum
1667 2581 1922 2643 perorant
1948 2574 2115 2642 (salva

537 2689 671 2745 pace
701 2672 1027 2744 potiorum),
1080 2670 1232 2725 turba
1279 2667 1634 2731 numerosior,
1678 2664 2116 2719 illitteratissimis

537 2765 725 2820 litteris
755 2771 960 2818 vacant.
1019 2762 1151 2816 Nam
1179 2768 1257 2822 te,
1289 2759 1373 2814 cui
1402 2773 1496 2812 seu
1519 2756 1742 2811 liberum
1771 2771 1864 2810 seu
1895 2755 2113 2824 ligatum

534 2854 742 2926 placeat
787 2854 1055 2908 alternare
1098 2864 1440 2911 sermonem,
1491 2847 1736 2901 intonare
1779 2845 2111 2900 ambifariam

534 2946 790 3014 suppetit,
813 2945 969 3015 pauci
995 2959 1132 3013 quos
1158 2958 1340 3013 azquus
1368 2941 1566 2995 amavit
1593 2950 1618 2977 α
1644 2939 1903 3011 luppiter,
1936 2939 2111 2994 imita-

441 3071 454 3084 ο
535 3036 750 3092 buntur.
785 3035 933 3091 Vale.

963 3124 992 3164 ιι
1030 3123 1357 3179 EPISTOLA
1398 3123 1688 3177 ALTERA.

608 3216 926 3272 Doctissimo
954 3217 1070 3270 viro
1102 3227 1125 3254 ε
1166 3215 1411 3270 Samum
1448 3215 1650 3269 rhetori
1685 3215 2034 3268 CLAUDIANUS.

608 3310 1012 3379 Disciplinarum
1033 3306 1270 3362 omnium
1292 3315 1453 3377 atque
1473 3305 1666 3360 artium
1694 3305 1945 3372 magistra
1967 3303 2112 3356 Grae-

536 3403 616 3458 cia
663 3401 860 3456 idcirco
908 3400 1138 3454 maxime
1184 3399 1449 3454 nobilibus
1496 3396 1686 3452 studiis
1732 3404 1984 3468 provecta
2031 3403 2115 3450 est

535 3500 696 3562 atque
739 3492 923 3546 orbem
983 3505 1122 3560 pene
1173 3497 1344 3545 totum
1402 3489 1782 3559 multiplicibus
1833 3486 2112 3558 complexa

535 3582 809 3648 doctrinis,
839 3583 1092 3652 quoniam
1127 3564 1286 3636 nemo
1315 3581 1423 3636 illic
1447 3581 1685 3634 omnium
1714 3580 1813 3642 fuit
1840 3579 1932 3649 qui
1959 3577 2114 3647 quid-

538 3689 696 3744 quam
726 3673 881 3728 bona:
919 3671 1085 3739 frugis
1130 3671 1294 3726 ferret
1319 3671 1406 3726 cui
1448 3687 1556 3726 non
1581 3687 1679 3740 par
1707 3671 1901 3726 merito
1941 3671 2114 3725 bonos

534 3775 655 3821 siet.
689 3765 823 3820 Hinc
864 3765 1103 3819 nonnulli
1152 3764 1405 3819 mortales
1452 3772 1695 3818 naturam
1740 3778 1878 3834 pene
1922 3748 2110 3834 super-

534 3857 702 3926 gressi
734 3857 1060 3922 mortalium,
1083 3856 1312 3911 extentis
1331 3870 1710 3925 usquequaque
1739 3855 2111 3910 excellentium

536 3948 868 4017 ingeniorum
892 3947 1112 4012 viribus,
1137 3946 1548 4015 infatigabilibus
1569 3948 1711 4002 curis
1733 3962 1912 4002 rerum
1933 3946 2112 4001 abdita

535 4042 808 4103 rimantes,
840 4039 1104 4110 repositas
1125 4039 1460 4108 originalium
1482 4039 1895 4108 primordiorum
1924 4053 2114 4094 causas

533 4140 588 4185 et
617 4132 983 4201 temporaliter
1010 4129 1377 4185 fluctuantium
1417 4130 1832 4184 substantiarum
1867 4129 2115 4199 pnefixos

533 4225 794 4278 terminos
821 4223 1012 4289 indage
1039 4230 1094 4275 et
1122 4229 1234 4275 artc
1263 4221 1561 4290 complexi,
1611 4237 1719 4276 non
1766 4221 1928 4276 modo
1975 4221 2114 4276 intra

535 4313 864 4370 mundanum
892 4311 987 4365 sed
1025 4325 1186 4380 super
1212 4311 1431 4364 caeleste
1459 4310 1620 4364 etiam
1651 4311 1906 4365 introiere
1933 4325 2114 4365 secre-

534 4416 671 4461 tum.
721 4403 875 4471 Quod
921 4402 1049 4456 mihi
1089 4403 1566 4471 imprzesentiarum
1615 4419 1740 4458 usus
1784 4411 1864 4457 est
1902 4402 2110 4469 dicere,

2225 472 2402 541 prius,
2454 479 2549 526 aut
2575 470 2765 525 Cicero
2813 471 2894 525 sui
2943 472 3122 526 seaculi
3167 488 3412 528 summus
3458 484 3641 531 orator
3692 487 3829 531 nata

2225 577 2403 617 secum
2425 563 2565 616 bona
2581 569 2802 631 accepto
2825 561 3028 627 habuit,
3042 571 3097 617 et
3110 579 3214 619 non
3236 579 3393 632 mage
3407 566 3559 635 parvi
3573 567 3836 636 pendens

2222 652 2514 708 domestica
2559 661 2615 707 et
2639 652 2832 718 civica,
2863 653 2933 708 ad
2972 668 3136 722 usque
3161 654 3422 710 Graeciam
3468 658 3835 727 capessendae

2223 748 2572 817 opulentioris
2599 748 2836 804 scientiae
2855 749 3025 818 gratia
3050 751 3415 820 peregrinatus
3442 759 3547 816 est,
3571 759 3672 805 aut
3705 751 3832 806 for-

2223 854 2322 894 san
2347 838 2535 894 Platon
2557 853 2694 909 apex
2713 839 3032 909 culmenque
3052 840 3395 910 philosophize
3414 841 3572 910 privo
3600 849 3834 896 naturae

2223 932 2367 987 bono
2393 940 2699 998 contentus,
2729 941 2853 1003 post
2878 931 3118 988 Socratis
3153 932 3396 1002 dogmata
3431 935 3828 1004 angustiorem

2224 1023 2449 1079 credens
2475 1022 2736 1078 Gmciam
2783 1022 3151 1079 doctrinarum
3177 1039 3336 1092 quam
3375 1039 3492 1079 esse
3515 1025 3824 1088 virtutum,

2223 1131 2331 1171 non
2379 1131 2548 1184 usque
2594 1115 2660 1170 ad
2708 1114 3000 1187 Egyptum
3048 1123 3104 1170 et
3149 1115 3216 1170 ad
3262 1130 3431 1186 usque
3471 1115 3829 1184 Bragmanos

2223 1209 2472 1264 lndortun
2500 1216 2555 1263 et
2594 1207 2660 1262 ad
2700 1223 2869 1280 usque
2915 1208 3390 1279 Pythagoricarum
3438 1207 3835 1263 doctrinarum

2223 1314 2321 1369 per
2351 1299 2590 1354 bmredes
2640 1299 2938 1354 indefessus
2985 1314 3164 1354 rerum
3215 1305 3484 1354 scrutator
3537 1297 3784 1352 accessit
3805 1299 3832 1350 ἵ

2224 1387 2400 1443 Taceo
2430 1385 2672 1453 ueteres,
2708 1388 2845 1458 'quia
2894 1404 2993 1444 nec
3020 1396 3233 1458 tempus
3275 1401 3376 1442 nec
3414 1402 3555 1457 opus
3580 1382 3848 1455 hujusce.

2224 1479 2303 1535 rei
2331 1495 2504 1550 capax
2531 1488 2631 1534 est.
2686 1479 2860 1534 Unum
2909 1479 3034 1534 illud
3063 1478 3252 1550 procul
3277 1478 3530 1547 ambiguo
3554 1477 3822 1542 dixerim,

2222 1580 2412 1626 nostro
2440 1571 2635 1627 sacculo
2665 1587 2770 1626 non
2802 1571 3016 1640 ingenia
3044 1569 3264 1634 deesse,
3308 1569 3403 1624 sed
3431 1569 3629 1624 studia.
3662 1567 3821 1635 Quo-

2221 1677 2338 1716 rum
2359 1671 2572 1730 egomet
2589 1661 2886 1718 studiorum
2906 1661 3060 1730 quasi
3082 1659 3368 1731 quamdam
3388 1668 3623 1715 mortem
3643 1658 3819 1714 flebili

2145 1763 2197 1827 Β
2222 1755 2364 1810 velut
2384 1753 2658 1822 epitaphio
2689 1753 3026 1814 tumularem,
3047 1752 3149 1807 nisi
3171 1760 3283 1806 tute
3302 1751 3490 1806 eadem
3508 1751 3816 1806 venerabili

2213 1845 2565 1918 professione,
2585 1844 2835 1899 laudabili
2851 1845 3089 1908 solertia,
3108 1844 3221 1899 acri
3243 1844 3471 1913 ingenio,
3489 1843 3809 1914 proﬂuente

2215 1939 2432 2009 eloquio
2460 1938 2906 1994 resuscitavisses.
2939 1937 3094 2004 Quod
3112 1939 3353 2007 equidem
3379 1937 3575 1992 bonum
3596 1951 3666 1991 eo
3699 1935 3802 1991 ad-

2215 2028 2514 2084 mirabilius
2543 2040 2626 2083 est
2653 2027 2782 2082 mihi
2807 2044 2914 2097 quo
2941 2028 3280 2099 desperatius
3305 2029 3418 2082 fuit.
3448 2027 3621 2083 Video
3649 2029 3808 2083 enim

2215 2136 2276 2176 os
2298 2119 2616 2184 Romanum,
2641 2134 2747 2173 non
2775 2118 2935 2174 modo
2957 2119 3310 2187 negligentia,
3333 2117 3424 2171 sed
3453 2116 3648 2187 pudori
3676 2132 3812 2172 esse

2216 2210 2490 2274 Romanis,
2515 2209 2916 2278 grammaticam
2947 2209 3022 2262 uti
3051 2209 3337 2279 quamdam
3367 2209 3650 2263 barbaram
3675 2210 3808 2264 bar-

2213 2303 2432 2358 barismi
2455 2312 2510 2358 et
2533 2301 2818 2358 solmcismi
2841 2315 3018 2371 pugno
3039 2310 3093 2354 et
3111 2301 3262 2357 calce
3283 2301 3530 2371 propelli,
3558 2302 3801 2357 dialecti-

2214 2410 2330 2450 cem
2358 2402 2608 2464 tanquam
2640 2394 2963 2449 Amazonem
2991 2394 3178 2449 stricto
3203 2394 3599 2449 decertatumm
3617 2395 3799 2464 gladio

2215 2486 2520 2550 formidari,
2554 2487 2877 2541 rhetoricam
2927 2501 2991 2540 ac
3031 2486 3075 2541 si
3120 2486 3380 2553 grandem
3429 2487 3702 2541 dominam
3746 2488 3804 2542 in

2215 2585 2442 2643 angusto
2474 2591 2579 2630 non
2608 2577 2804 2647 recipi,
2836 2577 3090 2631 musicem
3120 2592 3252 2632 vero
3299 2585 3358 2632 et
3397 2579 3802 2646 geometricam,

2215 2678 2375 2738 atque
2398 2669 2790 2724 arithmeticam
2806 2677 2914 2724 tres
2933 2670 3081 2738 quasi
3103 2667 3270 2724 furias
3290 2669 3486 2740 despui
3503 2688 3517 2734 ;
3540 2681 3666 2740 post
3685 2671 3806 2727 hixc

2216 2761 2605 2830 philosophiam
2635 2767 2796 2829 atque
2825 2761 2900 2815 uti
2927 2760 3194 2830 quoddam
3234 2760 3550 2816 ominosum
3581 2762 3798 2818 bestiale

2217 2854 2505 2908 numerari.
2522 2853 2626 2908 Sed
2642 2854 2757 2908 lucc
2772 2853 2824 2908 in
2841 2853 3052 2908 laudem
3067 2863 3212 2908 tuam
3225 2854 3504 2922 suggestui
3519 2865 3665 2921 sunt;
3677 2856 3790 2924 quia

2213 2946 2258 3002 si
2280 2946 2429 3000 multi
2452 2961 2679 3016 quorum
2709 2953 2764 2999 tu
2795 2961 2853 3001 es
2878 2945 3178 3000 studiorum
3203 2945 3410 3012 forent,
3444 2947 3662 3002 futurus
3683 2963 3793 3002 eras

2213 3038 2432 3104 scilicet,
2456 3038 2557 3091 etsi
2573 3053 2679 3092 non
2693 3038 2931 3092 omnium
2945 3039 3142 3108 potior,
3161 3054 3300 3093 unus
3332 3053 3402 3093 ex
3423 3041 3636 3095 multis.
3669 3041 3797 3096 Hinc

2136 3131 2180 3192 C
2213 3145 2358 3194 vero,
2374 3130 2560 3200 procul
2578 3128 2788 3198 injuria,
2803 3138 3119 3184 cmterorum
3132 3144 3301 3200 penes
3312 3128 3545 3186 Galliam
3561 3140 3802 3187 nostram

2209 3218 2556 3290 professionis
2589 3227 2691 3272 tua!
2718 3233 2816 3288 par
2843 3233 2983 3272 unus
3009 3227 3065 3273 et
3091 3218 3239 3274 solus
3264 3233 3344 3274 es.
3377 3217 3568 3290 Neque
3600 3221 3804 3276 dictmu

2213 3297 2349 3366 istuc
2377 3319 2468 3366 aut
2514 3311 2865 3374 assentationi
2897 3320 2987 3365 aut
3027 3311 3322 3367 adulationi
3365 3309 3542 3368 detur.
3589 3313 3805 3383 Nequa-

2213 3419 2371 3472 quam
2417 3401 2660 3473 profecto
2707 3403 2791 3458 vel
2838 3411 3054 3472 egomet
3099 3403 3302 3459 adulari
3343 3420 3595 3475 possum,
3629 3407 3716 3461 vel
3748 3414 3805 3461 tu

2213 3492 2417 3562 indiges
2444 3492 2579 3548 falso
2621 3493 2845 3548 laudari.
2895 3493 3002 3548 Sed
3047 3494 3161 3549 erui
3207 3503 3365 3564 atque
3412 3495 3569 3550 avelli
3625 3495 3800 3552 infixa

2213 3585 2392 3640 animo
2422 3600 2546 3640 meo
2577 3586 2762 3654 nequit
2800 3585 3242 3641 declamationum
3288 3594 3495 3640 tuarum
3542 3587 3795 3641 suavitas

2216 3677 2382 3730 mixta
2412 3677 2629 3742 virtute,
2658 3677 2818 3731 Attici
2849 3693 3002 3732 more
3041 3677 3214 3742 mellis,
3247 3677 3330 3731 cui
3369 3684 3558 3746 suapte
3584 3686 3778 3731 natura

2217 3746 2383 3820 indita
2406 3775 2531 3820 sunt
2556 3767 2782 3831 medela,
2805 3767 3079 3833 fortitudo,
3100 3765 3329 3829 dulwdo,
3350 3766 3490 3837 quod
3510 3767 3563 3821 in
3587 3765 3777 3838 llyblm

2211 3859 2356 3929 jugis
2384 3860 2618 3916 volucris
2646 3850 2806 3930 atque
2836 3860 3016 3930 opifex
3040 3860 3242 3931 apicula
3267 3859 3468 3914 caelitus
3491 3859 3788 3915 deciduum

2214 3952 2408 4006 haustu
2440 3953 2659 4022 capiens
2685 3951 2988 4007 fabrefactis
3017 3969 3203 4018 mauso
3245 3950 3502 4020 florigeris
3536 3950 3794 4016 infundit,

2213 4041 2550 4110 filiorumque
2595 4041 2900 4097 fabricatrix
2929 4043 3250 4112 virginitatis
3293 4057 3402 4097 sum
3441 4041 3669 4096 feturam
3699 4043 3797 4098 alit

2214 4140 2376 4204 atque
2405 4133 2592 4187 imbuit
2621 4133 2783 4188 ubere
2812 4132 3050 4188 favorum
3077 4151 3091 4186 :
3117 4135 3188 4188 ita
3213 4142 3268 4188 tu
3293 4134 3499 4188 scilicet
3523 4149 3555 4188 c
3575 4135 3799 4191 summis

2215 4223 2522 4292 auctoribus
2549 4223 2697 4277 velut
2725 4238 2756 4278 e
2783 4224 2989 4292 magnis
3013 4224 3286 4280 montibus
3313 4224 3554 4279 doctiora
3573 4239 3800 4294 qumque

2213 4314 2360 4367 velut
2390 4314 2587 4384 thymia
2623 4325 2644 4350 ε
2678 4313 2966 4382 fragrantia
2995 4323 3050 4370 et
3076 4314 3389 4372 fecundiora
3437 4316 3603 4371 veluti
3647 4333 3796 4386 qum-

2217 4402 2339 4456 dam
2368 4402 2557 4459 florida
2586 4418 2942 4474 pnecerpens,
2978 4420 3116 4474 quos
3145 4405 3345 4474 ingenii
3371 4406 3535 4461 melle
3561 4407 3792 4476 repleas,

535 4497 787 4568 quoniam
841 4497 1103 4551 bonarum
1154 4495 1346 4548 artium
1391 4493 1502 4562 jam
1549 4495 1672 4550 inde
1714 4511 1745 4549 a
1792 4512 2113 4565 proavorum
2140 4499 2193 4560 D
2217 4495 2535 4564 eloquentiae
2554 4495 2776 4550 conficis
2795 4496 2964 4560 favos,
2987 4498 3232 4566 equibus
3250 4499 3383 4552 item
3410 4497 3794 4568 discipulorum

535 4597 840 4646 noetrorum
888 4585 1096 4642 saeculis
1137 4585 1273 4639 facta
1319 4583 1551 4652 jactura,
1603 4593 1656 4639 et
1697 4585 1859 4639 animi
1905 4587 2106 4640 cultum

533 4684 830 4753 despuens,
861 4695 971 4750 quo
1016 4678 1134 4734 solo
1181 4684 1398 4748 praestat
1443 4675 1633 4747 pecudi
1678 4691 1808 4745 gens
1855 4678 2104 4744 humana,

533 4775 738 4829 deliciis
763 4782 820 4828 et
845 4772 1044 4830 divitiis
1067 4769 1306 4825 serviens
1325 4768 1548 4839 ignaviae
1568 4777 1620 4823 et
1640 4769 1861 4824 inscitia:
1887 4768 2103 4834 famula,

534 4865 562 4903 ά
585 4879 799 4935 pessum
827 4879 988 4932 porro
1015 4860 1161 4916 dedit
1205 4875 1325 4916 cum
1368 4859 1611 4914 doctrina
1660 4859 1929 4913 virtutem.
1975 4858 2105 4913 Nam

525 4954 678 5028 quod
707 4968 814 5008 non
843 4951 1002 5007 modo
1029 4951 1096 5005 ad
1122 4951 1477 5006 innovandum
1505 4951 1797 5022 quippiam,
1829 4937 1918 5006 sed
1949 4966 2017 5006 ne
2041 4950 2106 5006 ad

531 5041 911 5101 dediscendum
929 5039 1144 5109 quidem
1164 5041 1364 5108 absque
1391 5048 1444 5094 te
1471 5056 1579 5095 uno
1597 5041 1890 5111 disciplina:
1914 5040 2110 5096 nobilis

531 5138 672 5194 ullus
699 5134 931 5206 aspirat,
961 5130 1295 5199 negligentia:
1335 5130 1386 5184 id
1415 5131 1657 5185 humanze
1685 5134 2000 5188 ascribimns
2038 5149 2106 5187 an

517 5228 765 5284 .naturze?
790 5225 847 5281 Si
873 5223 1073 5280 malum
1093 5220 1268 5276 istboc
1287 5228 1489 5274 natoue
1519 5221 1646 5275 vitio
1683 5224 1940 5278 vertimus
1969 5229 2106 5279 nun-

534 5320 788 5391 quidnam
819 5335 848 5377 a
875 5331 1075 5390 genere
1105 5317 1340 5372 humano
1366 5312 1579 5368 differre
1604 5313 1708 5368 dici
1736 5324 1914 5384 potest
1941 5332 2107 5384 genus

544 5498 547 5500 ·
606 5487 629 5513 ο
663 5474 1027 5536 Incommode,
1072 5481 1129 5528 ut
1163 5472 1388 5536 videtur,
1425 5469 1576 5525 deest
1616 5469 1724 5525 haec
1754 5489 1855 5526 vox
1887 5475 1938 5528 in
1969 5491 2103 5544 pra:-

535 5548 674 5600 clara
702 5547 932 5600 editione
961 5544 1353 5599 Sirmondiana.
2119 5597 2130 5610 _

605 5616 629 5652 ι)
654 5615 836 5670 Exstat
853 5616 965 5669 halc
980 5615 1205 5674 epistola
1225 5615 1360 5669 inter
1381 5612 1710 5667 Misrellancn
1733 5611 1951 5674 Balatu,
1971 5625 2098 5670 tom.

540 5683 602 5737 Vi
621 5723 633 5748 ,
668 5700 818 5755 pagg.
854 5683 1104 5741 555-538.

2211 4587 2420 4641 tibimet
2461 4589 2607 4643 velut
2636 4588 2864 4644 filiorum
2895 4590 3250 4644 numerositas
3277 4590 3472 4645 dilecta
3502 4589 3793 4651 formatur;

2209 4692 2329 4746 qua:
2345 4676 2648 4733 Gmcarum
2675 4695 2889 4749 quoque
2909 4679 3308 4751 disciplinarum
3329 4689 3548 4736 nectare
3569 4681 3792 4746 imbuta,

2211 4788 2273 4827 ac
2293 4772 2339 4826 si
2362 4773 2516 4827 melle
2539 4774 2713 4828 Attico
2734 4781 2905 4843 pasta,
2930 4782 2988 4829 ut
3013 4775 3286 4843 occeperit
3309 4774 3504 4844 pennis
3530 4782 3789 4843 strepere,

2210 4863 2529 4932 eloquentiae
2567 4863 2717 4919 favos
2743 4875 2799 4919 et
2826 4866 2937 4935 ipsa
2964 4863 3231 4920 conficiet.
3283 4863 3440 4920 Modo
3469 4873 3528 4919 tu
3556 4864 3639 4920 fac
3677 4879 3790 4919 me-

2214 4957 2431 5011 mineris
2457 4957 2682 5012 docendi
2711 4973 2905 5012 munus
2934 4957 3028 5012 tibi
3055 4973 3085 5011 a
3112 4957 3330 5027 proavis
3369 4963 3425 5010 et
3451 4957 3586 5012 citra
3618 4957 3787 5012 luere-

2213 5048 2462 5103 ditarium
2503 5047 2644 5112 fore,
2695 5065 2868 5118 coque
2911 5049 3183 5119 copiosius
3226 5058 3280 5103 te
3325 5048 3494 5104 anniti
3538 5057 3794 5118 oportere

2213 5139 2476 5202 scicntize,
2526 5155 2634 5208 quo
2678 5140 2955 5209 multiplex
2985 5141 3037 5194 in
3067 5148 3120 5194 te
3147 5155 3177 5193 a
3208 5138 3501 5207 majoribus
3545 5139 3789 5209 profecta

2215 5231 2318 5284 tuis
2337 5229 2577 5283 doctrina
2598 5229 2875 5284 confluxit.
2899 5229 3215 5284 Admonitus
3240 5245 3455 5299 quoque
3479 5231 3554 5284 sis
3573 5238 3789 5300 oportet

2217 5321 2534 5376 Viennensis
2562 5322 2708 5376 urbis
2756 5322 3046 5378 nobilitatis
3094 5324 3327 5392 antiqua:
3345 5361 3364 5387 ,
3389 5323 3541 5391 cujus
3572 5330 3629 5376 tu
3655 5323 3790 5380 civis

2208 5547 2261 5598 Η
2290 5486 2310 5515 ε
2348 5475 2476 5531 Iluic
2506 5477 2752 5546 Sapaudo
2776 5479 3082 5535 inscribitur
3104 5481 3331 5554 epistola
3351 5481 3556 5536 decima
3579 5481 3786 5539 Sidoni'

2231 5565 2241 5598 l
2268 5564 2299 5598 l.
2335 5564 2382 5598 γ.

2231 5564 2299 5598 ΙΙ).
2335 5564 2382 5598 γ.

2282 5614 2306 5652 d
2342 5616 2517 5687 Balvz.
2529 5623 2787 5687 ,‘passum.

2290 5697 2307 5722 θ
2342 5686 2544 5754 Bulla“,
2569 5686 2874 5758 ﬂagrantia.
