4140 6346
364 331 467 390 785
1437 339 1740 403 canum
1775 345 2004 405 busta;
2043 339 2560 418 Αυετϋῐῖῆλῗῑε.
3522 366 3624 435 "m

360 469 415 560 et
439 460 628 515 doctor
656 474 760 560 non
785 459 1115 560 otiolduplex
1131 460 1367 516 debitum
1394 463 1591 560 solves,
1618 477 1777 560 aquo
1806 463 1940 560 bifa-
1967 474 2018 532 Α
2046 469 2205 536 niam,
2252 473 2586 545 Chrysippus
2627 478 2694 532 ad
2734 479 3086 552 disciplinam,
3139 482 3338 541 Fronto
3367 487 3433 542 ad
3462 505 3617 560 pom-

359 555 493 608 riam
538 556 791 625 quaeritur
837 553 920 610 vel
961 556 1201 626 patribus
1232 555 1560 626 respondere
1607 557 1692 611 vel
1723 558 1928 626 patrita.
2045 577 2186 631 pam,
2213 562 2405 620 Cicero
2440 566 2506 620 ad
2534 568 2895 638 eloquentiam
2919 575 3299 643 capessendam
3330 553 3638 643 usui—sinu;

357 647 488 706 Illud
504 651 616 721 jam
636 652 689 706 in
705 651 811 707 line
828 651 1090 707 sermonis
1103 664 1361 722 perquam
1380 646 1713 705 familiariter
1728 663 1931 719 quaeso,
2039 652 2290 724 Quisquis
2327 657 2471 712 enim
2496 661 2856 718 recentiorum
2884 664 3083 735 aliquid
3111 666 3327 736 dignum
3356 673 3617 729 memoria
3659 707 3666 712 -

355 751 414 797 ut
433 744 631 815 spretis
652 746 972 801 novitiarum
993 744 1414 801 ratiuncularum
1433 743 1728 815 puerilibus
1750 744 1928 813 nugis,
2038 747 2380 818 scriptitavit,
2410 765 2516 806 non
2538 759 2594 806 et
2613 751 2730 823 ipse
2749 755 2981 812 novitios
3001 757 3148 827 legit.
3172 758 3253 816 illi
3271 775 3402 831 ergo
3422 777 3615 820 reven-

353 835 558 891 nullum
597 837 900 892 lectitandis
946 837 1033 892 his
1078 845 1287 908 tempus
1333 837 1586 902 insumas,
1620 843 1646 874 ι
1671 833 1926 905 quasdam
2038 841 2224 896 tilandi
2252 845 2630 915 memoriasque
2657 847 2940 903 mandandi
2970 858 3128 914 sunt,
3174 851 3244 908 de
3286 854 3482 923 quibus
3524 855 3612 912 isti

353 927 720 984 resonantium
747 930 1208 985 sermunculorum
1236 937 1451 984 taureas
1477 933 1687 992 rotant.
1720 936 1776 981 et
1803 940 1928 981 οη·
2033 940 2260 1002 potuere
2298 934 2558 1004 proiicere
2601 951 2737 1007 quos
2765 939 3040 996 miramur.
3089 943 3266 999 lsthoc
3301 960 3402 1016 ego
3433 956 3608 1005 tamen

351 1023 542 1078 teriam
589 1022 956 1080 fortitudinem
1001 1022 1374 1095 plaudentibus
1419 1020 1768 1078 concinentiis
1815 1019 1928 1074 evi-
2031 1025 2276 1080 amicitia:
2305 1027 2667 1085 testimonium
2689 1031 2869 1100 aliquo
2889 1033 3111 1091 forsitan
3133 1036 3428 1106 plusculum
3449 1039 3608 1094 fami-

350 1125 492 1171 rant.
524 1115 733 1171 Nervius
759 1125 815 1172 et
841 1115 1062 1172 Plautus
1098 1116 1192 1172 tibi
1220 1115 1288 1171 ad
1311 1115 1667 1184 elegantiam,
1693 1111 1829 1168 Cato
1857 1111 1926 1167 ad
2028 1114 2234 1172 liariter
2261 1117 2434 1172 intuli.
2468 1117 2572 1174 Sed
2608 1121 2980 1179 benivolentia:
3007 1133 3111 1182 tua:
3134 1129 3290 1184 venia
3335 1130 3606 1202 impertiet

348 1209 682 1276 gravitatem,
714 1209 881 1266 Varro
911 1210 975 1264 ad
996 1210 1243 1280 peritiam
1260 1251 1275 1276 ,
1304 1208 1578 1266 Gracchus
1603 1207 1671 1263 ad
1696 1207 1926 1262 acrimo-
1983 1250 1986 1254 .
2029 1206 2228 1262 amoris
2251 1207 2548 1264 audaciam.

417 1353 442 1380 ⁸
474 1343 634 1402 Forte
662 1362 776 1418 qua:
804 1346 944 1412 dum,
977 1347 1152 1418 Atque
1181 1347 1256 1403 ita
1297 1346 1426 1416 legit
1463 1344 1738 1400 Fabricius
1780 1341 1915 1398 Bibl.
1941 1341 2080 1398 med.
2103 1349 2234 1418 tom.
2266 1342 2308 1410 l,
2340 1358 2459 1415 pag.
2494 1345 2650 1400 l078.

975 1589 1859 1705 MAMEB'I'I
1937 1588 2965 1738 CLAUDIAM!

1567 1801 1960 1858 PRESBYTER]
1983 1803 2361 1857 VIENNENSIS

775 1957 1435 2064 HYMNUS
1511 1957 1687 2058 DE
1765 1949 2511 2060 PASSIONE
2589 1954 3170 2060 DOMINI.

349 1483 3599 1516 “mw

337 2279 515 2350 Pange
540 2278 720 2346 lingua
747 2273 966 2346 gloriosi
995 2271 1237 2345 prtclium
1265 2269 1594 2335 certaminis,
1925 2238 1994 2334 ’Β
2091 2269 2163 2325 Se
2193 2269 2406 2328 volente
2435 2281 2592 2329 natus
2620 2273 2689 2328 ad
2718 2273 2823 2328 hoc
2850 2273 3088 2344 passioni
3116 2271 3344 2338 deditus.

407 2371 473 2425 Et
500 2383 664 2440 super
689 2367 863 2422 crucis
893 2375 1097 2435 tropaeo
1125 2363 1212 2419 die
1240 2361 1569 2432 triumphum
1599 2361 1834 2417 nobilem
1859 2379 1872 2414 :
2090 2363 2271 2430 Agnus
2301 2362 2354 2416 in
2385 2364 2560 2418 crucis
2589 2364 2798 2420 levatur
2825 2363 3179 2420 immolandus
3207 2366 3408 2434 stipite.

405 2461 650 2528 Qualiter
678 2459 987 2528 redemptor
1015 2456 1162 2511 orbis
1193 2455 1503 2510 immolatus
1531 2455 1738 2509 vicerit.
1865 2513 1878 2522 ρ
2017 2450 2112 2507 Hic
2142 2462 2376 2519 acetum,
2409 2453 2500 2520 fel,
2531 2455 2756 2521 arundo,
2787 2465 2965 2526 sputa,
2997 2457 3154 2521 clavi,
3173 2457 3381 2523 lancea,

334 2551 411 2606 De
439 2550 680 2620 parentis
708 2548 1028 2620 protoplasti
1057 2545 1244 2602 fraude
1273 2555 1300 2583 ι
1330 2544 1506 2600 factor
1531 2543 1845 2608 condolens,
2081 2541 2208 2598 Mite
2235 2559 2432 2612 corpus
2459 2544 2764 2616 perforatur
2797 2565 2808 2600 :
2843 2548 3060 2616 sanguis
3087 2547 3231 2603 unda
3261 2549 3495 2619 profluit.

401 2642 628 2709 Quando
658 2643 802 2713 pomi
829 2641 1060 2697 noxialis
1089 2639 1116 2679 ιι
1144 2654 1327 2694 morsu
1356 2645 1530 2692 morte
1557 2637 1788 2702 corruit,
2082 2633 2269 2700 Terra,
2289 2643 2504 2706 pontus,
2528 2645 2672 2692 astra
2694 2637 2921 2692 mundus
2941 2653 3050 2708 quo
3071 2639 3317 2694 lavantur
3335 2640 3552 2696 llumine
3576 2640 3590 2700 ζ

400 2733 521 2804 Ipse
549 2734 748 2802 lignum
777 2740 907 2786 tunc
932 2730 1159 2795 notavit,
1183 2730 1376 2785 damna
1406 2727 1533 2797 ligni
1563 2735 1624 2782 ut
1650 2727 1906 2782 solveret.
2007 2724 2153 2781 Crux
2183 2726 2353 2784 fidelis
2383 2729 2524 2783 inter
2552 2733 2744 2784 omnes
2773 2730 2936 2786 arbor
2967 2745 3073 2785 una
3101 2730 3332 2794 nobilis:

328 2819 444 2877 Hoc
473 2837 610 2892 opus
638 2830 836 2877 nostras
864 2821 1054 2876 salutis
1083 2820 1218 2875 ordo
1244 2819 1664 2893 depoposcerat,
2077 2816 2233 2871 Nulla
2265 2817 2428 2871 talem
2459 2819 2591 2872 silva
2624 2817 2828 2888 profert
2857 2818 3065 2883 fronde,
3099 2818 3251 2885 flore,
3284 2822 3546 2889 germine.

397 2913 735 2969 Multiformis
765 2915 1056 2985 proditoris
1085 2922 1202 2969 arte
1231 2923 1289 2970 ut
1318 2921 1488 2969 artem
1520 2913 1759 2978 falleret,
2078 2909 2243 2965 Dulce
2272 2909 2494 2978 lignum,
2517 2909 2544 2950 ά
2569 2911 2723 2968 dulce
2743 2913 2974 2981 signum,
3004 2910 3157 2970 dulce
3185 2913 3397 2983 pondus
3425 2915 3582 2972 susti~

393 3007 460 3062 Et
486 3008 750 3064 medelam
780 3007 946 3064 ferret
973 3007 1124 3072 inde,
1157 3007 1332 3062 hostis
1361 3003 1503 3061 unde
1531 3004 1758 3061 laeserat.
2149 3010 2259 3057 net.

319 3102 543 3170 Quando
573 3102 720 3157 venit
747 3115 876 3172 ergo
907 3102 1048 3158 sacri
1078 3101 1358 3172 plenitudo
1386 3099 1678 3171 temporis,
2005 3094 2186 3153 Flecte
2215 3112 2394 3152 ramos
2422 3097 2585 3154 arbor
2610 3098 2738 3165 alta,
2770 3107 2922 3156 tensa
2950 3101 3070 3156 laxa
3099 3101 3337 3165 viscera,

390 3193 580 3249 Missus
609 3202 694 3248 est
722 3194 789 3248 ab
819 3209 944 3248 arce
974 3191 1146 3248 Patris
1177 3199 1356 3257 natus,
1389 3191 1537 3246 orbis
1565 3188 1834 3252 conditor,
2073 3187 2141 3244 Et
2169 3189 2316 3258 rigor
2341 3190 2600 3246 lentescat
2628 3190 2718 3246 ille
2744 3205 2904 3261 quem
2933 3191 3079 3248 dedit
3107 3194 3379 3261 nativitas,

274 3273 277 3275 ’
387 3285 560 3354 Atque
588 3292 778 3340 ventre
806 3284 1049 3354 virginali
1078 3299 1240 3338 carne
1254 3282 1442 3337 factus
1471 3281 1696 3352 prodiit,
2074 3278 2145 3334 Ut
2173 3282 2392 3352 superni
2423 3282 2663 3338 membra
2691 3283 2832 3352 regis
2861 3285 2975 3339 miti
3006 3284 3195 3340 lendas
3222 3286 3426 3356 stipite.

314 3376 469 3446 Vagit
499 3377 673 3433 infans
703 3379 844 3433 inter
871 3387 1018 3434 arcta
1048 3377 1296 3434 conditus
1324 3376 1605 3448 prtesepia,
1999 3370 2124 3426 Sola
2155 3372 2314 3440 digna
2343 3382 2401 3428 tu
2431 3373 2574 3429 fuisti
2607 3373 2744 3429 ferre
2772 3375 3006 3444 pretium
3031 3375 3240 3440 seculi,
3359 3383 3362 3386 '

383 3471 617 3526 Membra
647 3473 841 3541 pannis
870 3472 1109 3526 involuta
1138 3471 1288 3539 virgo
1316 3477 1491 3524 mater
1520 3467 1730 3536 alligat;
2069 3464 2242 3533 Atque
2271 3472 2482 3534 portum
2511 3479 2814 3534 praeparare
2842 3472 3004 3519 nauta
3033 3465 3234 3520 mundo
3263 3464 3546 3536 naufrago,

381 3563 446 3618 Et
473 3567 670 3634 pedes,
702 3580 1023 3634 manusque,
1055 3579 1231 3630 crura,
1263 3564 1447 3619 stricta
1479 3560 1643 3628 cingit
1671 3558 1856 3613 fascia.
2067 3555 2237 3621 Quem
2267 3570 2420 3610 sacer
2445 3570 2608 3611 cruor
2637 3554 2906 3626 perunxit,
2938 3554 3086 3612 fusus
3114 3558 3242 3627 agni
3265 3572 3514 3629 corpore.

307 3655 499 3711 Lustra
527 3671 621 3710 sex
635 3657 724 3726 qui
742 3657 852 3726 jam
868 3668 891 3696 ο
907 3663 1148 3726 peracta,
1164 3663 1376 3725 tempus
1398 3653 1627 3724 implens
1647 3647 1894 3718 corporis
2721 3716 2758 3754 .

379 3824 404 3851 η
436 3815 518 3868 ΔΙ.
552 3817 712 3885 facta.

2075 3807 2207 3885 ξᾼευ
2240 3825 2332 3885 ρετ

379 3885 403 3924 ιι
436 3886 516 3940 Al.
549 3878 719 3939 inorau
751 3887 804 3939 in
833 3892 1064 3939 mortem.

2064 3878 2092 3915 (³
2122 3879 2203 3932 ΑΙ.
2236 3880 2409 3933 dulces
2437 3882 2626 3935 clauos.
2659 3879 2725 3936 Et
2752 3895 2879 3936 mox
2909 3884 3182 3938 sustinens.

299 4034 3556 4069 ——-———-_————-———'——-———-——-———_

736 4179 740 4184 η
1220 4116 1223 4120 ’
1268 4159 1630 4224 CARMINA
1675 4157 1939 4221 unum
1983 4140 2593 4224 A’Ucromm'ns.

1547 4255 1640 4312 (Ex
1668 4262 1964 4314 Collectione
1986 4261 2311 4328 Pisaurensi.)
2506 4255 2508 4257 ’

576 4531 578 4533 .
642 4493 848 4533 cos-ru
879 4491 1080 4532 rosus
1105 4491 1268 4532 VANOS
1295 4492 1524 4533 cannea.
1898 4483 1948 4548 ο
1975 4477 2198 4548 Suspice
2222 4476 2525 4548 materiam,
2543 4483 2607 4548 Aet
2635 4475 2847 4548 divinos
2865 4478 3088 4548 concipe
3113 4493 3320 4536 sensus.

1977 4548 2033 4602 Si
2063 4545 2226 4604 decus
2252 4563 2283 4601 e
2313 4546 2458 4603 falsis
2485 4545 2704 4616 aliquod
2732 4545 3037 4616 nomenque
3065 4549 3253 4613 tulisti,

291 4612 571 4686 iammihi
601 4611 1049 4686 polliceorsacris
1079 4620 1168 4666 tua
1196 4614 1430 4686 carmina
1462 4613 1610 4686 libris
1978 4619 2051 4672 De
2077 4619 2258 4672 vacuis
2286 4619 2536 4686 magnum
2563 4611 2744 4684 rebus,
2771 4633 2891 4672 cum
2920 4611 3040 4671 ficta
3070 4611 3291 4672 vetustis

284 4683 556 4746 Condere,
589 4692 748 4752 teque
783 4683 876 4736 Dei
906 4682 1233 4752 ﬂammatum
1261 4685 1478 4738 nomine
1503 4683 1720 4752 Christi,
1971 4689 2310 4743 Carminibus
2339 4682 2580 4751 caneres,
2611 4688 2695 4741 vel
2724 4682 2844 4740 cum
2871 4694 3082 4740 terrena
3112 4688 3342 4740 referres

282 4754 393 4825 Qra
421 4751 718 4825 soluturum
744 4751 1204 4825 summofacunda
1231 4755 1441 4823 parenti
1471 4773 1483 4806 :
1709 4751 1713 4752 ί
1971 4757 2134 4814 Gesta
2155 4757 2574 4825 triumphantum
2601 4754 2824 4825 laudans
2849 4755 3074 4821 insignia
3100 4769 3312 4824 regum,

280 4823 466 4895 Incipe
495 4823 690 4878 divinis
709 4831 918 4895 tantum
946 4822 1076 4878 dare
1112 4822 1334 4895 peetOra
1364 4825 1544 4888 rebus,
1970 4828 2087 4882 Non
2117 4822 2364 4894 equidem
2393 4841 2460 4884 ex
2482 4826 2585 4880 illis
2609 4833 2664 4877 tu
2694 4823 2906 4895 laudem
2933 4839 3149 4880 sumere
3172 4822 3390 4895 dignus,

282 4892 687 4965 subrectosque
712 4893 828 4965 Deo
855 4907 1044 4965 sensus
1081 4892 1328 4965 attollere
1356 4901 1501 4948 terra
1530 4913 1542 4945 :
1968 4895 2116 4962 Quos
2145 4892 2315 4965 magis
2342 4895 2573 4965 ornabas
2601 4892 2841 4962 opulenti
2857 4907 3093 4965 munere
3112 4892 3262 4951 verbi
3291 4915 3304 4950 :

282 4963 413 5036 Mox
433 4961 764 5036 oculis—celo
794 4977 932 5036 nova
956 4962 1046 5016 lux
1066 4962 1270 5016 orietur
1297 4973 1506 5031 aperto,
1966 4961 2181 5036 Quanto
2202 4961 2386 5036 major
2402 4963 2470 5016 ab
2495 4963 2579 5018 his
2603 4961 2811 5018 crescet
2831 4962 2926 5018 tibi
2951 4963 3120 5032 gloria
3142 4968 3351 5036 ereptis,

279 5031 616 5107 intrabitque
642 5049 796 5107 sacer
824 5033 988 5107 tacito
1015 5046 1114 5101 per
1138 5038 1325 5107 aperta
1362 5041 1544 5107 meatu
1625 5070 1634 5077 .
1966 5031 2024 5090 In
2052 5034 2246 5104 quibus
2273 5041 2329 5088 et
2353 5032 2588 5102 linguam
2615 5047 2892 5098 exercens,
2924 5031 3162 5092 mentem
3191 5031 3405 5107 quoque
3435 5051 3532 5092 san

277 5100 619 5186 §piritus,’et
645 5103 998 5186 laito_qt_tatiet
1021 5100 1115 5186 tua
1143 5101 1351 5186 viscera
1378 5100 1526 5156 llatu.
1570 5179 1608 5186 ’ν
1756 5181 1765 5186 Δ
1964 5172 2004 5186 η
2034 5100 2180 5186 ciam
2273 5173 2289 5186 θ
2379 5172 2395 5186 ε
2439 5100 2450 5102 ἡ
2649 5172 2664 5186 ⁸
2759 5173 2775 5186 _
2843 5147 2856 5186 _.

276 5169 374 5245 Eia
403 5169 526 5243 age,
554 5175 714 5230 tende
743 5169 970 5245 chelym,
997 5169 1368 5245 et‘fecundum
1393 5179 1622 5245 concute
1648 5181 1857 5244 pectus,
1963 5172 2246 5245 Erudiens,
2273 5172 2594 5245 laudemque
2620 5172 2779 5232 simul
2805 5175 3078 5245 vitamque
3106 5189 3357 5245 capesses
3391 5192 3401 5224 :

276 5241 472 5311 Magna
496 5241 719 5299 movens
747 5241 907 5299 abeat
933 5242 1104 5298 solitis
1131 5243 1370 5311 impensa
1397 5241 1620 5297 facultas
1649 5241 1666 5244 ⁷
1963 5245 2207 5312 Dumque
2233 5243 2366 5312 legis
2389 5241 2559 5309 catus,
2584 5253 2639 5300 et
2659 5245 2848 5301 scribis
2874 5241 3131 5301 miracula
3152 5241 3345 5300 summi

275 5315 638 5379 Carminibus,
668 5315 839 5384 major
863 5329 1048 5384 rerum,
1071 5312 1166 5367 tibi
1197 5313 1435 5384 nascitur
1462 5312 1614 5368 ordo.
1962 5315 2101 5384 Vera
2119 5312 2238 5384 Dei,
2263 5314 2490 5384 propior
2509 5315 2682 5372 disces
2705 5324 2760 5371 et
2781 5318 2958 5371 carior
2982 5316 3081 5384 ipsi

276 5384 396 5440 Non
427 5385 588 5442 modo
610 5382 866 5453 judicium
895 5383 1126 5454 Paridis,
1144 5398 1249 5454 nec
1277 5382 1417 5437 bella
1443 5385 1714 5453 gigantum
1960 5383 2093 5454 Esse
2120 5383 2232 5439 Deo
2257 5382 2451 5454 {quem
2477 5385 2604 5440 dum
2633 5385 2860 5442 credens
2885 5382 3118 5454 miraris,
3150 5395 3331 5437 amare

275 5455 433 5526 Falsa
453 5456 639 5511 canis:
663 5454 825 5526 fuerit
852 5454 1044 5526 puerili
1070 5453 1224 5526 ludus
1252 5454 1307 5526 in
1333 5470 1449 5510 aevo
1959 5453 2205 5526 incipies,
2234 5453 2542 5526 etiamando
2570 5463 2731 5526 recte
2748 5455 2969 5526 illabere
2995 5453 3232 5526 Christo.

274 5525 382 5608 [ste
411 5535 554 5608 tuus,
585 5523 1170 5608 quondam'decuerunt
1197 5524 1402 5581 ludicra
1432 5541 1698 5608 parvum;
1959 5523 2230 5608 [lactentis
2250 5525 2338 5580 illa
2364 5535 2467 5580 tum
2489 5541 2637 5608 vana:
2660 5523 2965 5608 tubavocis
2993 5525 3044 5577 in
3072 5539 3200 5608 usus

271 5594 428 5648 Nunc
457 5593 648 5650 animis
675 5597 909 5663 gravior,
939 5604 1196 5664 quantum
1225 5593 1532 5665 provectior
1557 5597 1712 5651 annis
1959 5594 2242 5651 Personuit
2269 5611 2456 5659 vanos,
2488 5595 2650 5649 modo
2675 5593 2872 5650 celsior
2889 5595 3102 5665 intonat
3118 5602 3292 5647 actus.

272 5665 581 5736 Aspernare
606 5661 736 5720 velis
764 5661 977 5736 maturo
1006 5665 1168 5719 corde
1196 5661 1466 5736 camenas,
1957 5667 2129 5736 Nosce
2150 5666 2320 5736 magis
2346 5678 2535 5718 causas
2564 5679 2743 5736 rerum
2771 5673 2824 5718 et
2851 5663 3140 5736 primordia
3164 5661 3372 5736 mundi.

270 5731 338 5786 Et
354 5731 581 5804 qualem
610 5737 771 5790 castis
794 5733 904 5804 jam
930 5748 1164 5802 congrua
1195 5734 1431 5790 moribus
1460 5744 1608 5799 mtas,
1956 5735 2036 5790 Ne
2064 5749 2227 5804 vagus
2248 5731 2565 5802 innumeros
2594 5732 2804 5802 Epicuri
2830 5731 3036 5786 somnia
3060 5733 3290 5786 mundos

271 5805 452 5860 Atque
467 5806 558 5859 tui
586 5807 854 5860 snecimen
886 5804 1190 5860 venerabile
1216 5803 1452 5860 postulat
1480 5806 1607 5860 oris.
1955 5805 2102 5860 Quos
2132 5804 2326 5859 atomis
2349 5802 2571 5858 demens
2597 5818 2694 5860 uer
2720 5804 2877 5858 inane
2903 5801 3213 5860 parentibus
3242 5773 3312 5860 ed

271 5797 452 5873 Atque
467 5806 558 5859 tui
586 5797 854 5876 specimen
886 5797 1190 5861 venerabile
1215 5803 1452 5878 postulat
1480 5797 1607 5871 oris,
1955 5805 2102 5870 Quos
2132 5797 2326 5859 atomis
2349 5797 2571 5858 demens
2596 5797 2877 5888 perinane
2903 5801 3213 5870 parentibus
