4140 6346
527 321 655 398 791,

1480 313 1528 368 s.
1570 310 1928 369 PATRlClUS
1965 307 2414 367 HIBERNORUM
2455 306 2873 366 APOSTOLUS.
2945 296 2952 301 ’

3712 304 3831 363 792

527 434 714 507 primis
736 433 960 488 instituti
991 431 1159 487 nostri
1185 439 1472 504 spectetur.
1509 430 1576 484 At
1604 445 1672 483 ex
1698 429 1841 482 beati
1863 427 2118 482 antistitis
2143 432 2198 493 Α
2224 429 2426 486 tionem
2458 433 2526 486 ad
2546 446 2668 487 eam
2695 431 2995 498 exegimus,
3024 441 3186 500 quam
3217 441 3284 484 ex
3311 425 3677 484 vetustissimo
3705 425 3795 482 No

529 527 860 600 Confessione
909 533 1072 594 atque
1105 540 1172 580 ex
1214 524 1380 595 ipsius
1425 522 1664 594 Epistola
1706 522 1774 575 ad
1821 519 2116 576 Coroticum

527 635 648 691 quae
686 619 824 673 inter
849 618 967 688 ejus
990 619 1190 689 scripta
1237 619 1468 688 primum
1497 622 1806 681 occurrunt,
1838 614 2115 684 cumplura

527 718 683 766 eruet
712 709 883 765 lector
910 709 980 764 ad
1021 708 1138 779 ejus
1165 718 1285 765 acta
1314 709 1483 779 probe
1507 707 1898 779 dignoscenda,
1923 706 2118 775 quibus

525 799 652 854 alibi
671 798 906 855 ﬁrmiora
936 801 1133 855 trustra
1159 808 1384 870 quaerat.
1431 798 1591 854 Plura
1620 800 1804 876 videas
1830 797 1898 853 de
1926 804 2116 854 sancto

526 891 765 946 antistite
818 899 1004 947 nostro
1055 892 1195 961 apud
1241 890 1504 946 Joannem
1556 888 1990 944 Glastoniensem
2015 926 2032 953 ,
2084 899 2116 941 a

526 980 732 1036 Thoma
782 980 1016 1038 Hearnio
1059 998 1202 1037 anno
1254 981 1391 1036 1726
1421 980 1613 1037 Oxonii
1660 980 1964 1049 evulgatum
2013 978 2116 1051 (α).

525 1073 698 1130 Porro
728 1075 780 1130 id
827 1091 991 1131 unum
1017 1083 1306 1132 annotasse
1330 1073 1561 1131 suﬁiciat
1594 1093 1606 1128 :
1640 1073 1930 1129 Patricium
1959 1071 2120 1127 nimi-

525 1183 645 1222 rum
689 1183 721 1223 a
767 1167 882 1224 Deo
910 1169 978 1224 ad
1021 1168 1377 1224 Hibernorum
1427 1168 1836 1224 conversionem
1864 1173 2117 1222 vocatum

525 1261 668 1316 circa
697 1277 896 1319 annum
927 1261 1024 1316 451
1080 1261 1176 1335 (b),
1205 1272 1327 1334 post
1376 1263 1684 1317 innumeros
1711 1261 1926 1316 labores
1954 1260 2008 1314 in
2049 1275 2119 1316 eo

526 1371 752 1418 munere
801 1356 1098 1427 apostolico
1148 1355 1476 1427 perﬁciendo
1529 1357 1840 1419 exhaustos,
1891 1370 1923 1409 e
1971 1352 2121 1409 vivis

527 1450 826 1512 excessisse
851 1469 994 1509 anno
1021 1450 1116 1504 191
1161 1465 1331 1506 annos
1360 1458 1544 1504 natum
1571 1447 1674 1502 120
1701 1456 1760 1503 ut
1779 1445 2121 1503 communior

527 1552 634 1602 fert
659 1547 923 1604 sententia
965 1543 1056 1616 (c).
1082 1542 1347 1598 Creterum
1366 1583 1380 1606 ,
1430 1550 1489 1596 ut
1516 1539 1665 1611 Pagii
1695 1540 1874 1596 verbis
1903 1547 2121 1594 utamur

531 1639 611 1708 (ά)
644 1657 661 1688 ‹
690 1636 908 1692 Hiberni
935 1633 1171 1689 Patricio
1198 1632 1397 1688 debent
1429 1631 1574 1701 quod
1619 1631 1792 1702 patria
1832 1645 1930 1684 sua
1977 1628 2118 1684 facta

528 1729 597 1783 sit
626 1727 938 1782 Sanctorum
985 1723 1177 1787 insula,
1207 1731 1262 1778 et
1309 1722 1609 1776 litterarum
1663 1720 2118 1789 scientiarumque

2219 522 2527 580 biliacensis
2552 523 2608 578 S.
2634 521 2855 579 Vedasti
2883 521 3198 577 monasterii
3227 520 3445 577 edidere
3473 511 3820 575 Bellandiani

2219 611 2301 684 (Ir)
2334 631 2347 668 :
2378 614 2571 670 additis
2609 623 2872 686 praetcrea
2905 613 3179 669 nonnullis
3205 612 3648 670 annotationibus
3685 604 3822 681 qui-

2219 705 2320 762 bus
2348 706 2557 778 aliquot
2592 707 2712 762 loca
2757 707 2843 763 vel
2889 706 3251 762 restituuntur
3293 705 3382 761 vel
3421 705 3764 760 illustrantur
3793 720 3815 760 :

2218 796 2364 865 quod
2420 805 2475 852 et
2519 798 2572 853 in
2614 796 2965 868 sequentibus
3001 796 3199 854 alicubi
3217 811 3319 868 pro
3358 810 3581 854 munere
3620 804 3818 852 nostro

2219 892 2584 966 praestitimus.

2289 984 2378 1040 Ill.
2403 982 2811 1041 Confessionem
2829 980 3190 1038 Patricianam
3211 980 3413 1052 excipit
3437 978 3556 1050 ejus
3574 977 3826 1051 Epistota

2222 1078 2293 1134 ad
2311 1077 2607 1134 Coroticum
2633 1077 2879 1146 regulum
2906 1075 3559 1142 (lambat-Britannicum,
3596 1089 3693 1129 seu
3714 1089 3828 1144 po—

2222 1171 2330 1227 tius
2350 1170 2420 1224 ad
2441 1169 2765 1225 Christianos
2808 1167 3034 1225 Corotici
3055 1170 3270 1242 tyranni
3297 1168 3551 1236 subditos,
3580 1175 3644 1223 ut
3668 1175 3826 1222 recte

2223 1261 2532 1318 inscribitur
2559 1261 2702 1333 apud
2729 1261 3111 1318 Bollandianos
3134 1262 3220 1333 (i).
3259 1250 3431 1331 Hujus
3456 1259 3727 1330 epistolae.
3761 1265 3828 1312 ut

2223 1354 2480 1410 observat
2506 1352 2750 1408 Waraeus
2777 1352 2875 1424 (j),
2906 1352 3109 1409 diserte
3127 1353 3373 1410 meminit
3401 1352 3456 1407 in
3479 1351 3603 1408 Vita
3627 1349 3687 1406 S.
3711 1348 3828 1404 Pa-

2225 1443 2364 1500 tricii
2410 1441 2684 1499 Jocelinus
2711 1443 2786 1514 (k)
2840 1443 3141 1499 monachus
3181 1441 3555 1499 Cisterciensis
3583 1438 3830 1496 cmnobii

2221 1534 2604 1591 Furnessensis
2650 1535 2792 1606 apud
2845 1534 3320 1602 Lahcastrienses;
3368 1535 3462 1605 qui
3507 1533 3708 1590 saeculo
3749 1549 3830 1600 ιιι

2223 1627 2506 1685 desinente
2549 1629 2780 1695 claruit,
2843 1629 3134 1704 Yitamque
3190 1629 3336 1685 illam
3383 1627 3706 1699 conscripsit
3759 1626 3830 1696 (Ι)

2221 1722 2493 1790 praeceptis
2521 1720 2934 1776 reverendissimi
2973 1720 3187 1778 Thom
3231 1723 3550 1778 Armachani
3597 1722 3833 1792 episcopi

528 1821 686 1874 fuerit
707 1816 993 1888 aliquando
1021 1816 1378 1888 gymnasium.
1410 1814 1543 1868 Nam
1570 1814 1816 1884 quamvis
1855 1811 2111 1867 nonnulla
2139 1809 2194 1873 Β
2219 1814 2474 1884 totiusque
2503 1812 2776 1870 Hibernia:
2818 1817 3081 1886 primatis,
3126 1827 3178 1871 et
3222 1815 3504 1872 Malachiw
3559 1814 3829 1871 Dunensis

527 1912 845 1967 Christianae
883 1903 1145 1964 doctrina:
1197 1907 1402 1962 semina
1431 1915 1558 1961 ante
1587 1921 1709 1961 eum
1759 1905 1812 1958 in
1860 1903 2114 1958 Hibernia

526 2019 712 2074 sparsa
743 2002 960 2066 fuerint,
989 2009 1046 2055 et
1074 1999 1195 2057 ideo
1215 2009 1436 2056 sanctus
1455 1999 1724 2054 Palladius
1757 1998 1826 2051 ad
1848 1997 2032 2053 Scotos
2059 1997 2115 2050 in

523 2094 788 2150 Christum
831 2095 1096 2150 credentes
1124 2093 1320 2148 missus
1348 2092 1593 2162 dicaturf;
1625 2107 1896 2148 conversa:
1934 2099 2116 2146 tamen

527 2185 794 2244 Hibernia:
823 2186 988 2242 decus
1017 2194 1072 2241 et
1101 2185 1283 2240 titulus
1319 2185 1410 2240 uni
1457 2184 1686 2240 debetur
1737 2184 1988 2251 Patricio,
2019 2199 2121 2254 per

525 2294 687 2348 quem
715 2295 825 2334 non
855 2279 1013 2350 pauci
1050 2279 1212 2350 aliqui
1243 2287 1406 2349 atque
1433 2294 1501 2333 ex
1540 2278 1699 2347 vulgo
1727 2277 1994 2342 homines,
2019 2276 2115 2332 sed

527 2384 681 2437 reges
709 2379 764 2424 et
791 2370 1081 2440 principes,
1113 2370 1403 2440 populique
1421 2370 1682 2439 gregatim
1713 2369 1933 2423 salutari
1964 2368 2116 2424 tincti

528 2461 875 2529 baptismate,
917 2461 1047 2529 jugo
1080 2459 1202 2515 ﬁdei
1230 2459 1526 2515 submisere
1552 2461 1814 2516 cervices.
1845 2461 1964 2531 Ipse
1987 2476 2117 2516 san-

525 2562 672 2606 ctam
698 2552 969 2621 Brigidam
994 2553 1209 2618 velavit,
1237 2553 1415 2623 aliqua
1444 2554 1673 2609 concilia
1705 2553 2115 2625 aSpeelmanno

527 2645 699 2702 relata
722 2645 1087 2713 congregavit,
1139 2644 1362 2716 ejusque
1409 2660 1573 2716 opera
1612 2645 1852 2717 plurima:
1891 2647 2119 2717 sparsim

527 2734 767 2790 ccclesim
795 2744 1009 2800 erecnc,
1039 2736 1092 2790 in
1140 2735 1310 2806 iisque
1357 2738 1598 2808 episcopi
1643 2738 1894 2818 ordinati.
1937 2758 1955 2790 ι
1994 2738 2120 2796 Haec

528 2823 746 2894 l’agius.

598 2914 661 2970 Il.
703 2915 821 2971 Jam
849 2931 982 2972 vero
1002 2927 1062 2972 ut
1089 2916 1156 2972 ad
1184 2919 1357 2974 sancti
1378 2916 1592 2974 Patricii
1614 2921 1995 2991 opusculorum
2031 2937 2120 2978 re-

527 3006 837 3062 censionem
859 3022 979 3074 qua:
1020 3007 1121 3078 ipsi
1150 3009 1407 3064 attributa
1453 3009 1730 3079 feruntur,
1768 3013 2125 3094 accedamus;

527 3093 713 3150 Jacobi
744 3095 938 3151 Warrei
987 3097 1281 3153 editionem
1327 3102 1501 3156 secuti
1529 3116 1736 3170 sumus,
1761 3118 1882 3174 qua:
1922 3093 2122 3175 prodiit

2219 1905 2468 1975 episcopi,
2487 1923 2580 1960 nec
2596 1923 2700 1961 non
2716 1908 2963 1976 petitione
2976 1909 3314 1964 illustrissimi
3331 1909 3556 1964 Joannis
3570 1909 3636 1964 de
3649 1908 3822 1966 Cui-si.

2230 1994 2420 2052 Vtidia:
2439 1999 2710 2070 principis.
2736 1997 3247 2068 Ejusmodiloce‘lini
3267 2008 3539 2072 opuspost
3558 2001 3827 2057 editiones

2220 2082 2693 2161 Antuet'piensem,
2737 2089 3096 2148 Parisiensem
3144 2102 3200 2148 et
3227 2091 3619 2149 Lovaniensem
3668 2093 3828 2164 prelo

2221 2197 2411 2238 rursus
2440 2182 2828 2251 consignarunt
2842 2182 3178 2239 Bollandiani
3195 2185 3420 2256 (m),'qui
3449 2185 3614 2240 etiam
3640 2184 3709 2239 de
3737 2200 3809 2239 au

2223 2282 2374 2331 ctore
2409 2275 2563 2346 plura
2596 2275 2862 2331 tradidere
2910 2277 3013 2349 (n).
3043 2273 3310 2332 Czeterum
3355 2277 3496 2333 hanc
3539 2277 3827 2350 epistolam

2222 2384 2348 2425 cum
2368 2370 2544 2425 tribus
2577 2373 2803 2426 vetustis
2843 2372 3118 2428 codicibus
3144 2388 3308 2428 manu
3335 2373 3571 2428 exaratis
3589 2371 3825 2427 contulit

2226 2462 2514 2519 Warmus:
2557 2465 2649 2534 qui
2696 2472 2750 2520 et
2788 2465 2918 2521 illud
2957 2466 3339 2522 animadvertit
3385 2465 3493 2537 (ο),
3543 2467 3830 2536 utriusque

2223 2554 2489 2625 opusculi,
2537 2564 2650 2610 tum
2687 2553 3055 2613 Confessionis
3083 2567 3196 2612 tum
3224 2556 3499 2629 Epistolrc,
3531 2557 3826 2627 antiquitao

2223 2651 2334 2703 tem
2355 2647 2488 2703 satis
2514 2648 2664 2717 argui
2684 2664 2716 2703 e
2739 2662 2906 2704 sacrte
2927 2647 3219 2720 Scriptura:
3239 2649 3373 2705 locis
3407 2649 3585 2704 citatis
3610 2663 3678 2703 ex
3701 2664 3823 2704 ver-

2221 2741 2376 2796 sione
2402 2739 2868 2810 interpretationis
2895 2737 3035 2794 LXX
3057 2741 3263 2806 viralis,
3287 2756 3398 2797 non
3431 2749 3612 2795 autem
3641 2755 3673 2795 e
3699 2747 3830 2795 tunc

2223 2830 2430 2886 recenti
2454 2832 2704 2888 versione
2732 2831 2904 2887 sancti
2924 2830 3258 2910 Hieronymi,
3276 2847 3396 2903 quae
3409 2832 3581 2888 sancti
3607 2831 3830 2890 Patricii

2229 2937 2348 2978 sevo
2379 2922 2617 2996 nondum
2645 2924 2936 2996 publicitus
2963 2924 3140 2980 fuerat
3157 2935 3378 2997 recepta
3411 2943 3426 2979 :
3453 2925 3721 2997 simulque
3741 2926 3829 2980 ad.
3897 2986 3900 2988 γ

2224 3015 2324 3082 dit,
2350 3016 2610 3072 nonnulla
2640 3017 2859 3089 quidem
2873 3017 2927 3074 in
2953 3027 3183 3090 utroque
3210 3019 3472 3090 opusculo
3499 3028 3717 3076 exstare
3745 3035 3831 3075 ve-

2225 3115 2404 3163 terum
2432 3109 2830 3180 exscriptorum
2881 3109 3090 3173 incuria
3117 3125 3240 3181 quae
3280 3113 3526 3169 criticum
3554 3112 3830 3182 ingenium

531 3183 759 3240 Londini
779 3201 920 3241 anno
950 3186 1106 3241 1656.
1131 3187 1182 3243 Is
1203 3189 1347 3243 enim
1377 3205 1566 3246 eorum
1591 3193 1768 3262 aliqua
1794 3210 1861 3250 ex
1885 3198 2120 3267 antiquis
2143 3192 2192 3258 C
2222 3198 2530 3269 requirant,
2560 3199 2656 3255 sed
2697 3201 2830 3256 nihil
2858 3208 3125 3272 prteterea
3163 3217 3453 3260 occurrere
3478 3202 3548 3259 de
3573 3218 3684 3274 quo
3706 3203 3829 3273 jure

531 3291 665 3333 mss.
696 3277 971 3333 codicibus
999 3281 1051 3334 in
1101 3279 1272 3336 lucem
1301 3283 1441 3337 eruit
1475 3301 1487 3336 :
1519 3285 1729 3355 reliqua
1758 3291 2073 3357 recognovit
2101 3309 2116 3357 ;

412 3372 422 3384 '
529 3368 712 3423 omnia
740 3368 972 3439 denique
1009 3373 1154 3429 notis
1198 3373 1472 3430 historicis
1521 3376 1830 3435 illustravit.
1869 3379 1948 3435 Ea
1981 3382 2124 3438 inter

530 3459 760 3528 primum
789 3469 1022 3532 occupat
1059 3461 1237 3518 locum
1260 3465 1431 3520 sancti
1464 3464 1640 3522 Patris
1679 3466 1952 3540 Confessio
1978 3471 2121 3544 stylo

529 3549 806 3618 epistolari
836 3550 903 3604 ad
931 3548 1200 3608 Hibernos
1229 3546 1562 3623 transmissa,
1615 3558 1666 3613 in
1715 3574 1819 3630 qua
1861 3561 1982 3616 vita:
2010 3578 2121 3618 sure

531 3657 596 3693 ac
625 3640 1023 3710 przedicationis
1068 3647 1331 3701 rationem
1375 3651 1618 3720 exponit.
1661 3650 1738 3705 Ex
1781 3653 1883 3709 hac
1937 3663 2120 3712 autem

529 3728 880 3786 Confessione
934 3731 1242 3808 fragmenta,
1284 3753 1443 3806 quam
1469 3740 1699 3811 plurima
1731 3744 1797 3798 ad
1840 3744 2120 3801 historiam

530 3819 856 3888 pertinentia
886 3824 1161 3894 excerpsit
1214 3826 1550 3900 intexuitque
1595 3825 2122 3892 duobus'suislibris

530 3909 598 3963 de
629 3910 750 3965 Vita
787 3915 959 3969 sancti
989 3912 1208 3972 Patricii
1261 3917 1470 3978 Probus
1517 3921 1806 3992 Hibernus,
1859 3928 2057 3984 saeculo
2087 3946 2122 3984 κ

530 4001 741 4071 clarus;
775 4005 1000 4076 ejusque
1042 4009 1344 4069 lucubratio
1385 4023 1562 4072 exstat
1600 4018 1743 4074 inter
1767 4035 1933 4092 opera
1962 4021 2121 4080 Bedze

500 4098 602 4168 .(e)
633 4099 718 4152 cui
753 4114 1036 4172 perperam
1060 4106 1314 4164 tribuitur
1341 4119 1402 4165 ut
1431 4124 1768 4185 compertum
1796 4117 2028 4174 habetur
2055 4135 2120 4175 ex

528 4188 639 4280 ﬁne
661 4191 782 4246 libri
811 4210 869 4259 ιι,
891 4196 984 4251 ubi
1012 4207 1203 4254 auctor
1225 4217 1422 4259 nomen
1452 4222 1606 4262 suum
1632 4209 1814 4278 palam
1839 4210 2018 4280 prodit
2037 4211 2124 4270 his

531 4279 712 4334 verbis
739 4282 808 4353 (ι’)
839 4301 851 4336 ε
888 4303 906 4336 ι
933 4284 1074 4343 Ecce
1096 4288 1284 4357 habes,
1311 4292 1478 4349 frater
1498 4294 1740 4365 Pauline,
1774 4315 1804 4354 a
1825 4279 1913 4358 ene
1933 4303 2122 4359 humili

530 4365 710 4425 Probo
738 4374 1065 4442 postulatum
1099 4389 1295 4437 nostra:
1315 4383 1667 4446 fraternitatis
1689 4390 1970 4466 judicium,
2012 4411 2121 4466 quo

531 4481 633 4559 nos
660 4481 926 4540 pauperes
953 4473 1133 4545 aliqua
1161 4477 1255 4534 tibi
1289 4480 1358 4536 de
1397 4485 1719 4542 sanctissimi
1749 4491 1920 4559 patris
1948 4494 2118 4548 nostri

2223 3288 2478 3346 dubitare
2502 3291 2626 3360 quis
2651 3293 2846 3349 valeat.

2295 3381 2385 3439 ιν.
2417 3383 2536 3438 lam
2563 3384 2632 3440 de
2660 3385 2880 3457 reliquis
2894 3400 3074 3443 sermo
3102 3396 3368 3447 recurrat.
3390 3387 3642 3447 Succedit
3659 3404 3823 3460 perm

2224 3474 2468 3547 Synodus
2499 3475 2562 3532 S.
2597 3475 2850 3544 Patricii,
2883 3494 2951 3535 ex
2977 3481 3200 3550 antiquo
3227 3496 3331 3536 ms.
3363 3481 3548 3539 codice
3573 3481 3821 3550 Andega-

2224 3569 2377 3624 vensi
2389 3568 2690 3641 desumpta,
2709 3571 2864 3641 cujus
2885 3574 3255 3645 apographum
3275 3577 3343 3631 ad
3359 3573 3625 3630 Usserium
3646 3589 3679 3628 e
3695 3561 3818 3628 Gal-

2222 3661 2294 3718 lia
2321 3660 2543 3718 miserat
2570 3661 2916 3732 Simondus;
2938 3679 3114 3735 eoque
3141 3667 3445 3739 apographo
3466 3681 3590 3720 usus
3615 3665 3806 3735 Speel—

2207 3768 2472 3819 'mannus,
2489 3753 2679 3827 synodi
2693 3755 2853 3826 hujus
2867 3771 3106 3812 canones
3121 3757 3171 3812 in
3185 3759 3346 3812 lucem
3359 3756 3646 3826 eduxit(p),
3663 3769 3804 3825 quos

2223 3844 2482 3916 deinceps
2515 3844 2832 3904 Wilkinsius
2867 3846 3061 3902 iterum
3093 3848 3353 3918 evolgavit
3396 3847 3494 3919 (ς).
3522 3844 3810 3902 Canonum

2223 3936 2280 3990 S.
2315 3933 2531 3992 Patricii
2550 3938 2795 3993 meminit
2822 3937 3098 3996 Jocelinus
3127 3941 3221 4012 (r).

2295 4028 2438 4083 Alios
2460 4044 2513 4084 ix
2533 4027 2770 4086 Canones
2790 4031 2884 4100 qui
2905 4039 3203 4102 sequuntur
3216 4029 3278 4087 S.
3299 4029 3532 4086 Patricio
3542 4029 3822 4101 oscriptos,

2224 4129 2422 4191 prmter
2450 4118 2484 4172 5
2510 4129 2565 4176 et
2607 4118 2660 4187 6,
2691 4135 2828 4190 quos
2850 4121 2962 4193 jam
2995 4121 3251 4178 ediderat
3292 4119 3558 4187 Usserius,
3589 4122 3828 4192 protulit

2225 4207 2470 4265 Warzcus
2506 4225 2574 4265 ex
2611 4226 2712 4266 ms.
2757 4212 2946 4268 codice
2990 4213 3333 4270 bibliothecae
3372 4212 3729 4278 Cottonianze,
3760 4223 3828 4267 ut

2225 4298 2456 4370 ipsemet
2483 4309 2716 4358 testatur
2738 4302 2809 4374 (s)
2844 4321 2858 4358 :
2887 4304 2982 4374 qui
3017 4312 3070 4360 et
3098 4303 3284 4372 addit,
3313 4304 3382 4360 ad
3406 4302 3568 4359 ﬁnem
3594 4304 3831 4360 canonis

2227 4391 2253 4446 1
2289 4392 2342 4448 in
2373 4393 2476 4450 alia
2507 4394 2788 4452 Canonum
2833 4398 3157 4455 collectione
3205 4398 3661 4469 Cantabrigiensis
3697 4396 3830 4453 col-

2224 4486 2349 4556 legii
2377 4487 2434 4542 S.
2464 4487 2739 4546 Benedicti
2759 4493 3039 4562 sequentia
3063 4491 3253 4563 subjici
3283 4511 3295 4545 :
3326 4492 3556 4548 Clericus
3583 4493 3671 4565 qui
3691 4509 3832 4547 cau-

531 4553 752 4658 Patricii
769 4565 1010 4658 episcopi
1026 4568 1314 4658 virtutibus
1335 4573 1571 4632 scribere
1592 4553 1864 4648 cupiebas.
1898 4601 1916 4634 ι
1950 4581 2120 4641 Porro
2146 4571 2198 4635 ι)
2223 4553 2337 4634 sant
2365 4596 2532 4647 suam,
2555 4583 2662 4636 sive
2680 4553 2874 4654 justam
2904 4586 3010 4640 sive
3027 4553 3296 4658 injustam,
3320 4586 3391 4640 ad
3403 4553 3662 4658 judicium
3688 4587 3835 4641 alte-

531 4647 840 4718 hujusmodi
865 4657 1181 4727 opusculum
1209 4663 1415 4732 primus
1437 4647 1708 4736 evulgavit
1734 4672 1980 4730 laudatus
1991 4674 2121 4732 Wa-

533 4755 673 4798 raeus
700 4761 731 4800 c
759 4757 991 4817 quatuor
1033 4753 1266 4824 antiquis
1295 4759 1701 4830 exemplaribus
1729 4779 1856 4821 mss.
1893 4766 2036 4823 inter
2061 4784 2122 4826 se

536 4835 762 4906 collatis,
785 4849 844 4896 ut
869 4842 1097 4912 ipsemet
1121 4847 1406 4916 proﬁtetur
1425 4849 1527 4923 (g).
1553 4833 1718 4924 Cujus
1761 4857 1980 4926 quidem
2009 4859 2118 4916 edi-

605 4966 685 5052 (ει)
725 4967 882 5052 {oar}.
923 4972 1353 5052 QlastonLHist.
1387 4983 1455 5040 de
1496 4985 1610 5041 reb.
1644 4984 1886 5046 Glaston.
1917 4999 2051 5048 tom.
2076 4991 2117 5049 l.

606 5038 682 5123 (ὁ)
720 5038 1264 5123 Pagi.__ad_auin._431,
1292 5051 1319 5123 §
1343 5051 1431 5108 52.

573 5111 681 5210 dli)
720 5109 856 5166 Vide
877 5111 1088 5170 Tillem.
1117 5117 1152 5171 Ι.
1184 5109 1388 5192 apag.
1425 5124 1545 5190 785,
1579 5136 1690 5183 not.
1725 5130 1785 5197 5,
1815 5146 1909 5187 sur
1935 5132 1991 5188 S.
2017 5131 2118 5187 Pa-

719 5247 874 5334 Eagi.
907 5253 975 5309 ad
995 5271 1123 5312 ann.
1149 5257 1329 5334 49l__,_§
1361 5262 1448 5318 19,

532 5321 875 5464 1ι)ιξῗ)ΑεΒὲῗῷ
903 5336 1192 5452 Ἥξξξεωη
1226 5321 1328 5396 m:
1353 5347 1508 5403 pagg'
1551 5336 1655 5396 225
1681 5354 1832 5413 seqq.
1855 5344 1984 5401 cdit.
2015 5344 2120 5402 Co-

630 5437 1146 5536 ll-

605 5533 683 5598 (g)
723 5533 963 5590 War.‘ad'
983 5553 1169 5608 opusc.
1197 5541 1254 5596 S.
1290 5541 1485 5602 Patric.
1518 5563 1637 5620 pag.
1674 5551 1760 5607 94.

605 5601 686 5669 (lt)
731 5601 972 5660 Bolland.
1016 5609 1134 5666 Act.
1191 5611 1289 5669 SS.
1330 5614 1486 5672 Mart.
1531 5627 1660 5676 tom.
1722 5623 1793 5677 ll.
1828 5640 1980 5677 natm.
2014 5625 2115 5677 555

605 5627 686 5669 νυ
734 5627 972 5660 υυιιειηυ.
1016 5627 1134 5666 act.
1191 5627 1289 5669 δῦ.
1330 5627 1486 5672 mart.
1531 5627 1660 5676 tom.
1722 5627 1793 5690 ll,
1828 5640 1980 5695 pagg.
2014 5627 2118 5696 555

535 5683 687 5808 “('3'
705 5739 834 5797 Ibid.
854 5760 976 5814 pag.
1001 5747 1119 5803 558.
1675 5791 1703 5814 ι’
1783 5805 1805 5814 ..

2226 4675 2337 4729 rius
2364 4674 2490 4744 fidei
2511 4675 2705 4746 judicis
2733 4689 2998 4748 provocat,
3031 4682 3518 4735 excommunicetur.
3546 4678 3658 4734 Hos
3690 4694 3838 4748 quo-

2223 4780 2330 4836 que
2359 4782 2412 4821 Ix
2460 4781 2698 4824 canones
2742 4771 2884 4841 typis
2933 4771 3276 4829 excudendos
3328 4773 3535 4828 curavit
3571 4772 3838 4832 laudatus

2226 4859 2540 4916 Wilkinsius
2570 4863 2655 4933 (t).

2345 4994 2380 5073 ἱ)
2415 4993 2569 5073 _War.
2599 4996 2884 5073 in‘praalat.
2915 5001 2982 5056 ad
3011 5000 3289 5073 opusc.,s.
3314 4999 3510 5058 Patric.

2300 4992 2380 5134 lii
2406 4993 2576 5122 Ira:
2599 4996 3322 5144 ξῖἒέῗτὲῗ¹²ἰξέιῗ3ε.⁰ἕὲιξῗίἓὸῖ

2325 5132 2476 5214 ML
2510 5137 2563 5214 i9
2583 5141 2793 5214 9'9198-
2871 5201 2882 5214 .

2325 5139 2366 5203 ι)
2400 5139 2476 5191 ld.
2510 5139 2563 5192 in
2583 5141 2793 5211 prolog.
2871 5201 2882 5214 ,
3111 5139 3127 5144 ’

2299 5139 2398 5350 ir;
2418 5207 2966 5350 aliane.-
2991 5209 3096 5267 διο
3115 5227 3269 5285 δαιτί·

2325 5277 2382 5484 ιιξ
2421 5277 2554 5333 Ibid.
2577 5294 2700 5405 pag.
2725 5277 2863 5340 521(
2916 5277 2941 5284 ⁷
3194 5277 3209 5284 ’
3230 5277 3246 5285 ’

2325 5362 2354 5399 o
2418 5347 2567 5404 War.
2599 5365 2630 5404 a
2695 5368 2882 5423 opusc.
2910 5353 2967 5411 S.
3000 5354 3198 5412 Patric.
3259 5369 3377 5426 agg.
3411 5355 3480 5409 94
3504 5365 3563 5411 et
3590 5356 3724 5416 “0.

2325 5434 2356 5484 p
2416 5417 2651 5484 Speelm.
2683 5421 2849 5481 Cone.
2882 5425 3014 5481 Brit.
3045 5436 3178 5484 tom.
3208 5371 3402 5484 Enati.
3433 5426 3523 5482 55.

2321 5433 2377 5487 ρ)
2397 5433 2651 5541 ιῗρθθιω.
2683 5433 2863 5508 (λοιπε.⁸
2882 5433 3014 5481 Brit.
3045 5436 3178 5484 tom.
3208 5433 3251 5493 1,
3279 5440 3402 5498 pag.
3433 5433 3523 5482 55.

2317 5487 2373 5570 ᾳ)
2397 5556 2418 5570 1
2467 5488 2559 5570 illi.
2586 5490 2753 5570 tione.
2777 5493 2910 5570 Brit.
2929 5504 3071 5570 tom.
3096 5496 3135 5566 Ι,
3167 5513 3290 5570 pag.
3313 5497 3366 5552 4.

2319 5556 2367 5636 ν)
2388 5556 2559 5636 logei.
2590 5561 2628 5636 l.
2657 5577 2858 5636 c._cap.
2890 5565 3012 5636 185.

2321 5629 2368 5706 s)
2402 5629 2556 5706 ﬂar.
2590 5631 2627 5706 l.
2657 5629 2890 5706 c.[pagg.
2924 5635 3044 5704 119,
3075 5638 3197 5696 121.

2321 5700 2362 5766 ι)
2402 5698 2563 5756 Wilk.
2594 5698 2864 5776 Lefpeg.‘
2881 5707 2931 5760 6.
