4140 6346
356 343 459 402 795

1643 412 1646 416 ,
1723 348 1929 406 PROLE

2030 348 2088 405 ’Μ
2097 348 2250 410 ENA.
3528 357 3618 420 194

422 463 694 534 Synodum
732 464 1081 537 episcoporum
1115 462 1354 527 Patricii,
1386 465 1582 520 Auxilii
1604 475 1651 520 et
1681 464 1935 520 Issernini
1966 472 2011 527 A
2042 469 2210 525 Porro
2238 470 2306 526 de
2323 470 2624 540 hujusmodi
2653 472 2852 531 Charta
2883 471 3181 532 Patriciatta
3203 473 3355 548 plura
3379 463 3618 535 Usserius

348 571 513 626 quam
539 564 697 611 antea
720 557 1025 626 vulgaverat
1051 556 1440 628 Speelmannus
1470 559 1572 629 (α),
1599 553 1935 614 emendatio-

347 665 467 706 rem
487 649 634 705 dedit
654 643 894 704 Warmus
921 665 988 704 ex
1011 650 1304 706 collatione
1330 650 1495 708 modo
1524 650 1676 706 citati
1711 666 1812 705 ms.
1837 645 1932 706 co-

344 743 481 799 dicis
495 742 831 798 bibliotheca:
843 741 1054 812 collegii
1072 741 1525 813 Cantabrigiensis
1544 742 1603 798 S.
1625 742 1898 799 Benedicti
1916 761 1931 811 ;

341 836 614 906 simulque
641 835 1016 891 animadvertit
1033 835 1130 908 (b),
1156 835 1464 891 canonemi
1492 834 1681 908 synodi
1710 835 1934 905 hujusce

339 931 404 997 in
416 936 629 991 vetusto
647 927 832 984 codice
844 926 1122 984 Canonum
1145 928 1484 984 bibliothecze
1503 926 1928 985 Cottonianasita

338 1020 525 1076 ell'erri
557 1039 570 1075 :
596 1019 658 1076 Si
685 1023 799 1093 quis
824 1020 1224 1092 redemptionem
1250 1021 1442 1092 captivi
1462 1021 1810 1092 inquwsiverit
1835 1037 1930 1076 suo

338 1114 478 1186 iure,
509 1114 621 1169 sine
649 1113 989 1185 permissione
1013 1112 1232 1181 abbatis,
1257 1115 1441 1168 meruit
1469 1114 1926 1170 excommunicari.

337 1203 580 1272 Quartus
607 1221 737 1261 vero
759 1213 814 1261 et
833 1206 1053 1276 quintus
1071 1205 1268 1263 ibidem
1295 1206 1374 1262 sic
1391 1221 1450 1262 se
1470 1206 1671 1262 habent
1695 1223 1708 1259 :
1733 1206 1795 1262 Si
1815 1207 1929 1279 quis

336 1295 596 1366 acceperit
614 1297 1004 1368 permissionem
1029 1298 1311 1369 pontiﬁcis,
1338 1307 1389 1352 et
1421 1297 1690 1352 collectum
1715 1299 1783 1352 sit
1805 1314 1928 1370 pre-

341 1387 473 1442 tium
499 1389 721 1460 captivi,
750 1397 854 1446 etc.
888 1388 1081 1446 Subdit
1124 1390 1358 1460 denique
1403 1391 1458 1446 in
1507 1390 1697 1447 eodem
1742 1389 1929 1446 codice

337 1480 672 1538 Cottoniano
692 1483 917 1539 canonis
944 1483 978 1538 6
1014 1498 1250 1551 causam,
1281 1492 1545 1553 quatenus
1575 1484 1823 1539 nimirum
1860 1482 1936 1538 ad

339 1575 664 1632 clericorum
691 1583 964 1632 tonsuram
1003 1592 1154 1633 more
1181 1575 1426 1632 Romano
1454 1575 1665 1640 attinet,
1697 1575 1780 1629 his
1806 1589 1930 1630 ver-

339 1670 426 1726 bis
466 1669 650 1726 innui:
684 1669 908 1725 Romani
929 1671 1106 1725 dicunt
1150 1680 1420 1726 tonsuram
1445 1686 1478 1722 a
1525 1668 1739 1723 Simone
1767 1666 1928 1740 Mago

338 1764 619 1834 sumpsisse
634 1763 857 1830 initium,
875 1765 1020 1836 cujus
1048 1772 1259 1818 tonsura
1285 1762 1350 1816 de
1369 1779 1494 1817 aure
1514 1760 1583 1814 ad
1603 1776 1782 1814 aurem
1806 1768 1927 1815 tan-

2041 564 2132 634 (j),
2163 571 2323 635 atque
2349 563 2604 636 deinceps
2631 564 2870 623 Waraeus
2899 565 2997 641 (k).

2110 656 2174 711 V.
2217 655 2487 712 Hactenus
2533 658 2812 715 recensitis
2865 659 3137 731 opusculis
3177 659 3237 716 S.
3285 659 3518 718 Patricio
3562 678 3618 719 a-

2035 750 2254 822 scriptis
2297 751 2400 806 alia
2428 749 2536 806 duo
2576 758 2699 822 post
2721 749 2990 807 Was-acum
3024 750 3350 820 sulfecimus,
3389 767 3618 823 quorum

2036 847 2186 916 prius
2213 844 2278 899 de
2305 845 2468 900 tribus
2493 844 2801 901 habitaculis
2841 843 3167 902 inscribitur.
3199 843 3464 903 Bostonus
3502 863 3619 903 mo-

2035 937 2240 993 nacbus
2264 935 2642 993 Beuedictinus
2670 935 2723 992 in
2752 933 3000 993 cmnobio
3027 935 3270 992 Buriensi
3294 935 3476 993 Sancti
3506 935 3617 994 Ed-

2037 1028 2241 1096 mu'ndi,
2282 1029 2375 1099 qui
2421 1028 2613 1085 claruit
2640 1028 2858 1085 ineunte
2884 1027 3079 1085 saeculo
3107 1044 3204 1095 xv,
3257 1029 3357 1084 sub
3385 1027 3615 1084 Henrico

2036 1122 2126 1187 IV,
2155 1122 2359 1192 Anglia)
2405 1136 2552 1192 rege,
2583 1121 2650 1179 de
2677 1121 2983 1193 hujusmodi
3027 1121 3208 1179 libello
3255 1123 3310 1178 in
3347 1137 3512 1195 opere
3552 1124 3616 1178 de

2037 1213 2390 1285 Scriptoribus
2445 1214 2804 1269 ecclesiasticis
2841 1213 3018 1270 adhuc
3063 1213 3265 1270 inedito
3304 1213 3419 1271 haec
3455 1215 3614 1270 habet

2035 1307 2100 1377 (l)
2137 1325 2149 1360 :
2193 1304 2455 1361 Patricius
2510 1305 2921 1377 archiepiscOpus
2961 1303 3227 1361 Hibernia
3264 1306 3439 1375 ﬂoruit
3476 1322 3614 1360 anno

2033 1396 2227 1452 Christi
2273 1395 2378 1451 424
2407 1436 2424 1463 ,
2471 1405 2521 1451 et
2571 1398 2779 1469 scripsit
2827 1413 2894 1452 nn
2965 1413 3151 1454 'I'IIIBUS
3212 1395 3568 1454 ﬂsnrncuus
3597 1435 3612 1460 ,

2035 1489 2168 1554 mli,
2200 1489 2380 1542 mundi
2404 1496 2453 1542 et
2472 1487 2685 1559 inferni.
2715 1487 2837 1544 Init.
2868 1487 2990 1541 Tria
3012 1496 3148 1542 sunt.
3181 1486 3340 1543 Liber
3367 1487 3458 1542 ille
3489 1495 3613 1541 tunc

2034 1579 2298 1646 exstabat,
2330 1586 2389 1633 ut
2409 1577 2498 1634 ille
2527 1580 2719 1645 innuit,
2749 1581 2804 1635 in
2819 1578 3143 1634 bibliotheca
3162 1575 3219 1633 S.
3241 1577 3464 1634 Joannis
3491 1575 3588 1632 Col

2032 1673 2260 1731 cestrim.
2293 1671 2432 1728 Alibi
2460 1687 2590 1728 vero
2611 1671 2856 1728 laudatus
2893 1669 3158 1725 Bostonus
3185 1668 3429 1724 eumdem
3457 1668 3612 1724 libel-

2035 1767 2144 1822 lum
2171 1775 2283 1822 tum
2313 1764 2632 1834 Augustino,
2665 1771 2778 1819 tum
2826 1760 3068 1817 Patricio-
3101 1759 3388 1830 ascriptum
3429 1758 3609 1815 tradit.

343 1863 450 1909 ann
486 1853 844 1927 contingebat;
894 1873 988 1926 pro
1018 1855 1322 1910 excellentia
1369 1853 1544 1926 (forte
1583 1852 1926 1925 expellenda)
1956 1850 2005 1910 B
2023 1859 2259 1932 Utrique
2286 1870 2464 1916 tamen
2493 1857 2762 1928 abjudicat
2789 1855 2964 1912 editor
2991 1852 3192 1923 Anglus
3220 1851 3344 1923 (ω),
3374 1866 3444 1907 eo
3466 1851 3612 1906 scin-

339 1949 458 2018 ipsa
481 1963 748 2019 magorum
780 1956 992 2001 tonsura
1017 1963 1120 2018 qua
1145 1947 1259 2001 sola
1287 1947 1433 2017 frons
1465 1947 1694 2016 anterior
1719 1946 1817 2016 tegi
1845 1960 1930 1998 so-
1962 1967 1968 1974 -

340 2039 501 2094 lebat.
531 2040 804 2093 Auctorem
833 2047 1002 2093 autem
1024 2039 1176 2108 hujus
1205 2047 1433 2093 tonsura:
1461 2039 1514 2092 in
1545 2037 1818 2102 Hibernia,
1843 2052 1930 2090 su-

342 2133 546 2190 bulcum
563 2134 698 2204 regis
727 2131 937 2205 Loigeri
965 2133 1060 2202 ﬁlii
1095 2129 1186 2185 Nil
1218 2129 1378 2202 (Nell)
1400 2131 1677 2196 exstitisse,
1707 2127 1930 2184 Patricii

344 2243 514 2281 sermo
536 2234 783 2280 testatur:
806 2241 873 2279 ea:
900 2241 998 2296 quo
1033 2221 1383 2278 Hibernenses
1412 2237 1541 2293 pene
1582 2235 1757 2274 omnes
1795 2219 1928 2274 hanc

344 2331 610 2376 tonsuram
629 2325 975 2390 sumpserunt.
1008 2315 1208 2370 Eadem
1239 2315 1429 2370 recitat
1450 2311 1698 2368 Usserius
1719 2312 1813 2383 (c),
1836 2311 1929 2380 qui

342 2417 398 2486 et
426 2411 527 2465 hac
548 2409 615 2465 de
634 2424 695 2464 re
723 2408 828 2463 alia
857 2406 1113 2462 nonnulla
1145 2404 1328 2460 refert.
1359 2403 1625 2460 Caeterum
1651 2403 1719 2458 de
1745 2401 1929 2472 hujus-

342 2488 492 2557 modi
519 2499 737 2574 synodis
759 2515 790 2554 a
819 2497 1053 2555 Patricio
1068 2499 1268 2556 coactis
1283 2498 1422 2554 haud
1442 2495 1928 2568 pnetermittendus

345 2593 718 2651 Tillemontius
740 2594 842 2665 (ά).

400 2686 564 2764 Actis
582 2685 739 2755 huius
765 2683 975 2757 synodi,
1006 2699 1167 2753 quam
1196 2698 1265 2740 ex
1287 2683 1570 2738 annalibus
1597 2680 1925 2738 Ultoniensi-

339 2776 442 2852 bus
462 2777 636 2846 arguit
663 2776 905 2833 Waraeus
933 2775 1168 2830 habitam
1195 2773 1360 2830 fuisse
1388 2790 1417 2829 a
1446 2773 1504 2829 S.
1537 2771 1769 2829 Patricio
1804 2781 1928 2844 post

338 2867 569 2922 mortem
608 2865 1166 2936 Secundini‘episcopi
1205 2867 1347 2922 circa
1374 2881 1588 2920 annum
1602 2881 1786 2932 ccccc,
1816 2861 1928 2920 suf-

337 2957 465 3014 fecit
505 2957 644 3014 idem
673 2957 851 3013 editor
878 2959 1011 3014 alios
1060 2967 1162 3012 tres
1202 2955 1446 3023 canones,
1488 2966 1648 3013 antea
1687 2956 1862 3012 editos
1893 2971 1927 3011 a

334 3049 696 3122 Speelmanno
719 3049 812 3120 (e),
839 3064 908 3107 ex
927 3050 1173 3121 superius
1193 3048 1413 3106 laudato
1438 3049 1624 3106 codice
1644 3047 1927 3105 Cantabri--

333 3142 534 3212 giensis
559 3141 772 3212 collegii
801 3140 1152 3198 Benedictini.
1185 3141 1390 3209 Quibus
1409 3150 1672 3213 prmterea
1701 3140 1932 3212 subjecit

333 3249 402 3288 ex
439 3250 540 3289 ms.
573 3235 712 3306 libro
751 3249 1020 3290 canonum
1048 3233 1377 3290 Cottoniano
1413 3233 1698 3290 Proverbia
1749 3235 1925 3308 aliqua
1950 3215 1998 3281 ο

332 3323 390 3380 S.
420 3323 653 3382 Patricio
684 3325 901 3383 tributa.
937 3324 1003 3380 Et
1030 3325 1224 3382 librum
1251 3324 1467 3395 quidem
1509 3325 1924 3383 Proverbiorum

332 3418 620 3476 Ilibernice
680 3420 1067 3490 conscripsisse
1139 3417 1429 3476 Patricium
1502 3418 1662 3475 tradit
1727 3418 1924 3476 Joceli-

331 3527 431 3569 nus
469 3513 568 3586 tn-
1277 3509 1280 3512 ‘

401 3601 653 3658 Chartam
701 3604 871 3659 sancti
920 3601 1176 3669 Patricii,
1229 3618 1349 3675 qua:
1402 3602 1706 3675 appellatur
1757 3602 1923 3659 etiam

332 3694 571 3767 Epistola
598 3697 664 3750 de
702 3696 1010 3768 antiquitate
1036 3695 1342 3760 Avalonica,
1389 3695 1556 3750 edidit
1579 3694 1822 3756 Wmus
1853 3710 1922 3750 ex

329 3788 595 3847 Guilielmi
645 3788 1135 3846 Malmesburiensis
1184 3789 1321 3845 libro
1353 3804 1457 3844 ms.
1500 3790 1564 3844 de
1603 3789 1925 3861 Antiquitate

329 3884 560 3938 ecclesia!
581 3880 982 3949 Glastoniensis,
1003 3897 1166 3952 quam
1195 3891 1251 3938 et
1277 3897 1398 3938 cum
1425 3882 1544 3938 aliis
1571 3883 1797 3938 vetustis
1824 3897 1923 3938 co-

328 3975 538 4031 dicibus
562 3990 730 4030 manu
760 3975 994 4030 exaratis
1015 3990 1046 4030 a
1072 3989 1131 4030 se
1169 3973 1334 4030 fuisse
1380 3974 1633 4030 collatam
1672 3981 1920 4029 testatur.

329 4066 540 4138 Integra
571 4069 701 4124 item
729 4076 907 4124 exstat
920 4067 1063 4138 apud
1077 4065 1340 4123 Joannem
1359 4064 1790 4123 Glastoniensem
1821 4066 1920 4139 (9),

327 4161 471 4217 haud
523 4162 597 4216 ita
641 4162 870 4234 pridem,
914 4171 972 4218 ut
1015 4163 1263 4234 superius
1303 4163 1593 4230 innuimus,
1642 4180 1673 4217 a
1714 4162 1921 4220 Thoma
1967 4217 1977 4227 ,

329 4253 567 4312 Hearnio
597 4255 651 4310 in
675 4256 866 4327 vulgus
886 4256 1159 4312 emissum.
1186 4256 1340 4312 Anne
1357 4272 1530 4314 annos
1556 4257 1660 4312 I70
1679 4255 1921 4328 ejusdem

325 4345 541 4404 Charta:
567 4357 885 4420 excerptum
923 4365 1046 4406 cum
1074 4349 1176 4406 hac
1223 4349 1570 4422 inscriptione
1596 4351 1660 4411 ἃ.
1699 4350 1921 4406 Patricii

323 4437 534 4509 legatio,
556 4438 800 4494 ediderat
819 4437 1092 4496 Gerardus
1118 4439 1342 4498 Vossius
1370 4441 1471 4514 (li),
1504 4458 1535 4498 a
1557 4443 1798 4499 Mariano
1821 4443 1918 4500 Vi—

323 4531 499 4587 ctorio
537 4534 794 4604 episcopo
825 4532 1076 4601 Reatino,
1113 4533 1242 4592 dum
1271 4535 1324 4591 in
1347 4535 1537 4605 Anglia
1565 4537 1816 4610 degeret,
1849 4554 1918 4595 ex

323 4623 688 4680 vetustissimo
726 4640 827 4680 ms.
872 4625 1168 4698 exemplari
1212 4627 1554 4686 bibliotheca:
1598 4633 1916 4689 monasterii

322 4713 614 4772 Glastoniaa
644 4719 1021 4790 transcriptum
1047 4737 1062 4774 :
1093 4720 1288 4777 exinde
1313 4738 1445 4780 vero
1465 4721 1807 4797 desumptum
1832 4741 1920 4784 re-

321 4821 620 4879 cusumque
669 4809 725 4865 in
780 4809 1104 4868 bibliotheca
1152 4810 1370 4869 Patrum
1429 4813 1774 4885 Lugdunensi
1825 4817 1912 4872 (il.

419 5036 474 5106 a)
510 5033 744 5106 Speelm.
776 5032 814 5088 l.
843 5046 892 5089 c.
924 5031 1168 5106 ναξ-51.

420 5102 473 5176 b)
511 5102 661 5176 War.
688 5105 807 5176 l.gc.
829 5102 952 5176 pag.
987 5102 1111 5176 ηξ

394 5172 472 5246 (c)
519 5174 699 5246 [Issen
733 5172 850 5246 Lyc:
881 5172 1004 5246 pag.
1036 5172 1161 5246 «1⁸19.
1258 5172 1275 5190 ⁸
1388 5243 1474 5246 ___
1591 5175 1604 5186 ‘

396 5243 478 5327 id)
521 5245 731 5327 ’I‘illem.
781 5245 830 5327 1Ιέ
952 5253 1054 5327 art.
1089 5245 1139 5312 7,
1174 5256 1331 5315 pagg.
1374 5243 1478 5299 476
1529 5258 1678 5315 seqq.
1712 5251 1913 5314 etnag.

320 5314 592 5383 786,'not.
623 5315 658 5370 5
677 5332 770 5371 sur
797 5315 854 5372 S.
887 5314 1116 5371 Patrice.
1181 5314 1188 5315 7
1293 5314 1296 5315 ⁷
1560 5382 1566 5384 _

393 5389 469 5458 le)
507 5386 743 5458 Speelm.
778 5387 814 5441 I.
846 5402 895 5442 c.
919 5400 1045 5458 pag.
1063 5386 1166 5458 __54.

396 5400 469 5458 te)
507 5400 743 5458 Spectm.
778 5400 814 5441 ι.
846 5402 895 5442 c.
919 5400 1042 5510 pag.
1077 5400 1166 5441 Μ.

396 5461 472 5539 (ι’)
501 5456 670 5539 locel.
691 5456 956 5539 Il_.‘c.‘carp..
985 5537 992 5539 _
1191 5528 1204 5539 _
1275 5492 1307 5539 n-

396 5473 437 5531 υ
501 5473 670 5512 socci.
703 5473 738 5510 ι.
765 5473 814 5512 c.
837 5473 898 5511 ca
942 5497 956 5510 .
991 5473 1113 5511 ιδί).
1302 5492 1307 5497 -

397 5473 476 5599 (91
505 5529 664 5609 Joan.
688 5525 858 5581 Glast.
884 5473 1018 5582 δίει.
1043 5528 1110 5582 de
1131 5528 1246 5584 reb.
1270 5526 1511 5585 Glaston.
1535 5538 1667 5585 tom.
1716 5567 1733 5591 ,
1756 5542 1916 5599 pagg.

323 5600 492 5654 63-66
515 5598 644 5652 edit.
677 5595 852 5652 Oxon.
879 5597 1036 5651 1726.

515 5607 644 5652 edit.
677 5607 852 5652 Uxon.
879 5607 1036 5651 1726.
1415 5661 1417 5663 ι

792 5667 1012 5723 Miscell.
1055 5665 1152 5723 SS.
1187 5667 1289 5723 PP.
1337 5685 1457 5738 pag.
1506 5667 1613 5724 239
1641 5669 1770 5725 edit.
1800 5667 1914 5723 Mo-

323 5747 480 5810 guut.
520 5747 670 5791 I604.

399 5811 464 5881 (i)
495 5808 630 5864 Bibl.
655 5807 754 5863 PP.
788 5807 955 5876 Lugd.
988 5817 1116 5864 tom.
1151 5807 1282 5873 VIII,
1309 5824 1429 5880 pag.
1463 5811 1581 5864 873i.

2033 1965 2122 2012 cet
2137 1954 2353 2010 nomine
2367 1953 2511 2024 quod
2531 1951 2697 2007 libelli
2712 1958 2901 2005 auctor
2917 1963 3083 2004 sacrm
3103 1946 3394 2016 Scriptura:
3410 1951 3612 2000 textum

2033 2048 2231 2118 passim
2256 2047 2388 2102 citet
2410 2061 2476 2100 ex
2508 2044 2757 2100 versione
2784 2042 2955 2098 sancti
2994 2038 3334 2112 Hieronymi,
3365 2037 3613 2105 Augusti.

2035 2141 2196 2196 uiano
2221 2153 2338 2194 aevo
2366 2145 2424 2193 et
2450 2135 2756 2192 Patriciano
2776 2133 2918 2190 haud
2946 2132 3146 2204 passim
3167 2138 3404 2200 recepta.
3435 2128 3611 2184 Cate-

2033 2247 2150 2286 rum
2173 2229 2331 2301 hujus
2354 2227 2594 2302 opusculi
2612 2225 2889 2298 exemplar
2907 2223 3298 2294 desumpsimus
3317 2236 3385 2278 ex
3401 2221 3612 2292 Appen-

2031 2323 2151 2380 dice
2171 2323 2239 2378 ad
2265 2330 2468 2378 tomum
2499 2319 2566 2397 Vl
2595 2333 2818 2391 operum
2844 2316 2901 2372 S.
2926 2314 3205 2385 Augustini
3226 2313 3355 2370 edit.
3381 2311 3488 2367 BB.
3512 2309 3613 2366 Pa-

2033 2417 2124 2472 ris.
2156 2428 2314 2487 pagg.
2347 2412 2450 2468 l59
2475 2428 2627 2484 seqq.
3479 2483 3483 2489 Α

2103 2506 2424 2563 Posterioris
2440 2512 2620 2561 autem
2645 2502 2888 2575 opusculi
2909 2499 3254 2556 deduodecim
3270 2497 3614 2553 Abusionibus
3691 2542 3701 2551 .

2029 2602 2206 2659 seaculi
2231 2600 2528 2668 fragmenta
2556 2596 3047 2668 quaedam,Wamo
3076 2601 3214 2651 teste
3235 2593 3338 2667 (η),
3361 2588 3419 2646 8.
3443 2589 3615 2644 Patri-

2027 2694 2114 2750 cio
2135 2693 2334 2748 tributa
2355 2693 2587 2748 citantur
2615 2691 2668 2746 in
2698 2690 2920 2758 antiquo
2940 2703 3040 2743 ms.
3073 2685 3258 2742 codice
3276 2681 3616 2738 bibliothecm

2027 2783 2240 2854 collegii
2279 2782 2334 2838 S.
2380 2780 2654 2837 Benedicti
2697 2777 3074 2846 Cantabrigiae,
3132 2775 3526 2841 laudanturque
3582 2785 3613 2826 a

2026 2873 2388 2944 Cathwulpho
2428 2873 2482 2927 in
2510 2871 2738 2942 epistola
2787 2869 2856 2925 ad
2900 2867 3152 2923 Carolum
3181 2864 3428 2933 Magnum
3471 2860 3614 2931 apud
3731 2890 3740 2892 ~

2029 2967 2389 3024 Duchesnium
2422 2964 2521 3038 (ο).
2571 2963 2842 3032 [ntegrum
2887 2976 3018 3018 vero
3046 2966 3223 3016 exstat
3264 2957 3408 3012 inter
3449 2967 3615 3028 opera

2027 3058 2300 3132 Cypriano
2319 3057 2400 3130 (ρ)
2429 3067 2484 3113 et
2499 3056 2796 3126 Augustino
2826 3053 2904 3126 (ᾳ)
2931 3048 3440 3124 supposita.Verum
3466 3047 3613 3103 Scri-

2029 3159 2202 3223 ptura:
2229 3150 2348 3206 loca
2370 3150 2423 3204 in
2453 3149 2558 3204 hoc
2602 3146 2784 3204 libello
2809 3146 3020 3218 prolata
3043 3158 3111 3199 ex
3148 3141 3398 3198 versione
3426 3139 3614 3195 Hiero-

2029 3245 2282 3318 nymiana
2308 3243 2442 3300 satis
2469 3242 2741 3308 evincunt,
2773 3247 2832 3295 ut
2876 3247 3025 3295 recte
3070 3237 3244 3307 arguit
3273 3235 3413 3290 idem
3441 3231 3615 3288 editor
3733 3248 3741 3255 ·

2029 3337 2252 3408 Anglus,
2276 3336 2406 3392 illud
2427 3349 2601 3405 neque
2622 3331 2896 3404 Cypriani,
2920 3343 3095 3399 neque
3122 3325 3420 3396 Augustini,
3452 3323 3616 3394 adeo-

2027 3447 2134 3504 que
2154 3446 2334 3502 neque
2373 3429 2589 3486 Patricii
2630 3442 2750 3483 esse
2777 3425 2850 3482 ob
2877 3425 3142 3480 rationem
3189 3419 3350 3476 modo
3374 3417 3611 3483 allatam,

2026 3523 2276 3595 quamvis
2309 3522 2454 3577 inter
2475 3519 2593 3590 ejus
2619 3519 2819 3588 scripta
2867 3516 3090 3571 feratur.
3131 3512 3245 3580 Qua
3294 3512 3362 3568 de
3390 3526 3449 3566 re
3479 3527 3614 3566 non-

2026 3613 2174 3669 nulla
2201 3611 2382 3668 Fellus
2406 3611 2459 3664 in
2505 3609 2711 3681 praelat.
2739 3607 2806 3662 ad
2852 3621 3016 3677 opera
3045 3605 3296 3677 Cypriani
3331 3605 3472 3660 circa
3500 3619 3613 3659 me-

2027 3707 2194 3763 dium.
2231 3704 2532 3774 Utcumque
2558 3703 2648 3770 sit,
2673 3702 2728 3757 in
2751 3715 2818 3757 eo
2840 3697 3194 3756 exscribendo
3221 3699 3481 3768 opusculo
3511 3695 3612 3752 Pa—

2027 3799 2172 3855 melii
2192 3797 2485 3869 editionem
2511 3793 2955 3867 Cyprianicorum
2977 3799 3192 3848 secutus
3218 3798 3300 3845 est
3330 3789 3608 3844 Warmus:

2024 3906 2125 3946 nos
2145 3905 2274 3945 vero
2295 3887 2684 3944 accuratiorem
2705 3883 2926 3949 Baluzii,
2959 3897 3058 3938 seu
3081 3882 3261 3953 potius
3287 3879 3486 3936 Marani
3518 3879 3612 3934 Be-
3644 3935 3660 3950 ,

2026 3981 2282 4037 nedictini
2303 3979 2366 4034 V.
2397 3978 2458 4034 C.
2489 3979 2580 4047 qui
2601 3976 2945 4032 Baluzianam
2965 3972 3198 4030 ἐκδοσιν
3220 3972 3466 4036 absolvit,
3491 3973 3610 4040 qui-

2023 4086 2131 4142 que
2156 4070 2404 4127 eumdem
2432 4068 2670 4125 libellum
2694 4081 2817 4122 cum
2851 4064 2996 4122 edito
3019 4063 3405 4134 Augustiniano
3429 4063 3610 4118 socio-

2023 4181 2143 4221 rum
2180 4178 2401 4221 suorum
2429 4161 2608 4218 studio
2629 4160 2890 4216 adornata
2915 4157 3159 4214 contulit.

2095 4257 2182 4314 VI.
2225 4257 2379 4325 Quod
2435 4261 2715 4328 superest,
2767 4254 2905 4309 hanc
2964 4252 3208 4324 syllogen
3250 4249 3609 4306 Patricianam

2021 4349 2224 4407 claudit
2276 4347 2516 4422 Hymnus
2563 4345 2952 4418 alphabeticus,
2998 4342 3305 4399 Secundino
3355 4343 3612 4414 episcopo

2023 4443 2306 4513 ascriptus,
2352 4443 2405 4497 in
2451 4438 2664 4496 laudem
2711 4437 2767 4493 S.
2795 4435 3013 4492 Patricii
3058 4435 3306 4492 avunculi
3353 4436 3453 4501 sui,
3485 4435 3610 4490 dum

2023 4537 2114 4592 ille
2134 4535 2308 4592 adhuc
2337 4534 2391 4589 in
2413 4534 2548 4590 vivis
2575 4538 2778 4602 ageret.
2812 4527 2945 4584 Eum
2966 4528 3248 4598 descripsit
3275 4526 3517 4582 War-acus
3543 4542 3610 4585 ex

2021 4630 2244 4699 antiquo
2272 4642 2375 4684 ms.
2421 4626 2608 4683 codice
2634 4623 2968 4696 Hymuorum
3013 4620 3142 4676 olim
3180 4619 3248 4673 ad
3285 4629 3611 4673 conventum

2020 4723 2227 4781 ordinis
2279 4721 2546 4777 Minorum
2573 4717 2642 4773 de
2682 4713 3032 4771 Observantia
3072 4709 3396 4775 Donagallia:
3439 4708 3609 4778 perti-

2023 4824 2204 4882 nente,
2255 4811 2512 4880 deinceps
2556 4821 2690 4862 vero
2742 4805 2796 4859 in
2841 4801 3219 4858 bibliothecam
3269 4796 3611 4858 Usserianam

2137 5029 2374 5102 0119:8813
2407 5028 2444 5102 ιε
2467 5041 2519 5083 c-
2549 5025 2826 5102 pas-1‘56}
2908 5097 2919 5102 -
3560 5052 3571 5061 -

2150 5051 2374 5102 )Usser.
2407 5051 2444 5084 ι.
2467 5051 2519 5083 c.
2551 5051 2672 5098 pag.
2700 5051 2826 5083 «suo.

2116 5051 2170 5180 ᾗ)
2195 5099 2446 5180 _War._:_id
2469 5113 2656 5180 opusc.
2687 5096 2758 5180 ὃ..
2778 5097 2974 5180 Patric.
3000 5110 3158 5169 pagg.
3179 5097 3467 5180 seqq.

2115 5167 2161 5242 l)'
2179 5169 2337 5296 Apud
2362 5167 2521 5225 War:
2545 5169 2598 5224 in
2621 5169 2824 5240 praal'at.
2855 5170 2922 5226 ad
2959 5167 3144 5240 opusc.
3178 5170 3233 5224 S.
3267 5167 3458 5223 Patric.
3495 5167 3522 5237 §
3554 5167 3608 5222 4.

2118 5246 2193 5296 ml
2245 5241 2298 5295 d.
2324 5257 2376 5296 ιιι
2399 5249 2514 5296 not.
2545 5254 2670 5296 nati.
2699 5239 2823 5296 150.

2095 5239 2193 5312 (nt)
2222 5239 2298 5296 Id.
2324 5242 2376 5296 in
2399 5249 2514 5296 not.
2545 5239 2670 5311 pag.
2699 5239 2823 5297 150.

2053 5355 2056 5358 .
2093 5315 2174 5394 (η)
2310 5313 2364 5394 i_n
2388 5311 2611 5394 praefat.
2629 5312 2778 5394 citéﬁ
2805 5311 2856 5366 6.

2118 5315 2174 5381 η)
2199 5315 2272 5366 Id.
2310 5315 2364 5368 in
2388 5315 2598 5383 praefat.
2629 5315 2721 5368 cit.
2751 5315 2778 5383 ᾗ
2805 5315 2856 5366 6.

2093 5315 2172 5456 io)
2201 5383 2468 5440 Duchesn.
2500 5381 2638 5438 Hist.
2693 5381 2886 5437 Franc.
2925 5391 3057 5438 tom.
3107 5382 3179 5445 ll,
3211 5395 3366 5451 pagg.
3407 5378 3511 5436 666
3555 5388 3609 5435 et

1959 5493 1972 5502 -
2022 5469 2119 5525 seq

2023 5495 2366 5651 αἴρῃ
2415 5540 2545 5596 θνν·
2576 5524 2629 5578 in
2678 5525 2910 5593 append-
2963 5537 3084 5594 Pas.
3128 5522 3233 5576 ἳτὸ
3261 5523 3389 5578 edit.
3437 5520 3607 5578 Paris.

2024 5665 2339 5791 Β
2365 5681 2494 5737 opp.
2527 5665 2579 5721 in
2601 5665 2831 5734 append.
2857 5667 2924 5722 ad
2944 5676 3077 5723 tom.
3105 5664 3169 5722 VI
3187 5679 3307 5737 pag.
3333 5663 3605 5732 2ll,edit.
