4140 6346
556 338 663 395 795

1494 336 1542 392 S.
1584 335 1946 392 PATBICIUS
1977 334 2436 427 illBERNORUM
2477 336 2892 395 APOSTOLUS.

3739 344 3843 405 7m;

554 453 813 519 translato
856 472 866 504 :
915 452 1248 529 contulitque
1302 467 1424 507 cum
1486 452 1592 519 alio
1652 451 1892 521 ejusdem
1945 452 2137 525 Hymni
2169 457 2212 515 Α
2246 440 2432 518 fertur,
2458 456 2600 510 haud
2623 457 2856 511 otiosum
2886 455 3110 513 fortasse
3133 457 3598 515 fueritJocelinum
3629 460 3841 515 audire.

550 545 848 617 exemplari
879 560 1040 600 manu
1068 544 1359 629 recentiori
1388 532 1632 615 exorato,
1663 546 1817 616 cujus
1862 545 2023 605 etiam
2050 562 2141 601 va-

549 639 753 711 riantes
781 638 1042 713 lectiones
1070 638 1340 717 apposuit.
1366 637 1556 697 Exstat
1583 648 1843 711 praeterea
1873 639 1960 695 hic
1988 640 2141 710 hym-

552 747 655 791 nus
675 732 729 789 in
750 731 1145 811 Antipbouario
1166 734 1481 809 monasterii
1510 733 1905 790 Bencborensis
1934 722 2084 788 edito
2110 749 2139 789 a

544 823 842 882 Muratorio
861 826 961 899 (a),
985 825 1052 883 ad
1062 841 1223 903 quem
1243 825 1469 905 proinde
1488 826 1827 891 Warman‘am
1846 826 2140 884 editionem

545 918 841 986 exegimus.
874 917 978 986 Qui
1023 917 1240 991 quidem
1275 918 1341 974 V.
1372 917 1433 975 C.
1464 918 1531 974 ad
1581 934 1697 975 rem
1741 928 1977 975 nostram
2024 918 2138 975 haec

544 1011 708 1071 habet
731 1010 847 1091 (tt):
886 1031 904 1067 ι
935 1011 1186 1085 Legimus
1214 1014 1268 1083 in
1309 1013 1701 1087 Antiphonario
1749 1022 1936 1071 nostro
1969 1012 2138 1087 Hym-

544 1123 668 1160 num
693 1107 754 1163 S.
786 1105 1012 1167 Patricii
1058 1108 1298 1180 magistri
1326 1106 1624 1181 Scotorum.
1672 1107 1889 1167 Memini
1930 1117 2133 1172 autem,

543 1203 612 1258 cl.
666 1204 843 1259 virum
887 1202 950 1257 P.
992 1203 1056 1259 Β.
1088 1203 1421 1271 Bernardum
1476 1203 1544 1261 de
1595 1202 1958 1277 Montfaucon,
2008 1186 2136 1273 dum

543 1294 672 1351 olim
724 1294 1017 1357 Mediolani
1063 1303 1279 1366 ageret.
1321 1304 1612 1367 conspecta
1659 1295 1860 1353 codicis
1889 1294 2045 1377 hujus
2072 1308 2137 1349 ac

543 1387 882 1450 monvtuuenti
908 1395 1196 1450 vetustate,
1229 1387 1360 1443 mibi
1408 1385 1714 1445 ostendenti
1756 1386 1917 1471 fuisse
1952 1394 2133 1455 gratu-

544 1482 735 1537 latum.
784 1482 1051 1558 Narrabat
1098 1483 1315 1553 quippe,
1349 1483 1401 1547 in
1454 1481 1638 1539 Galliis
1687 1496 1809 1537 esse
1864 1480 2133 1535 eruditum

544 1573 835 1643 quemdam
863 1574 951 1631 cui
979 1581 1105 1631 nata
1135 1574 1367 1645 suspicio
1395 1576 1598 1641 fuerat,
1629 1589 1737 1628 non
1788 1572 1932 1643 ipsas
1957 1572 2132 1627 solum

545 1664 602 1721 S.
637 1664 856 1721 Patricii
883 1681 973 1722 res
999 1676 1195 1734 gestas,
1248 1666 1344 1727 sed
1390 1666 1562 1737 ipsum
1591 1663 1647 1721 S.
1680 1663 1972 1720 Patricium
1996 1663 2135 1719 inter

545 1758 751 1815 fabulas
768 1759 1137 1817 Romanenses
1158 1775 1278 1816 esse
1304 1758 1698 1821 amandandum
1720 1776 1730 1811 :
1750 1757 1911 1812 tantis
1939 1770 2133 1826 nempe

2247 545 2335 602 Sic
2364 555 2542 602 autem
2573 546 2660 601 ille
2683 547 2762 620 (ιι)
2792 567 2803 600 :
2836 568 2853 599 ί
2888 546 3117 603 Sanctus
3154 542 3508 613 Secundinus,
3541 551 3759 620 sapiens
3786 559 3843 604 et

2243 638 2531 700 litteratus.
2580 639 2716 695 dixit
2761 648 2948 696 sancto
2992 638 3247 708 Patricio,
3279 641 3418 697 velle
3438 642 3538 699 sibi
3563 641 3838 712 adjacere,

2242 732 2310 789 de
2338 741 2526 790 sancto
2554 720 2801 805 quodam~
2828 734 3004 790 adhuc
3044 718 3333 805 superstite
3362 751 3578 791 carmen
3608 751 3840 807 compo-

2242 840 2392 881 nere.
2423 823 2491 881 Et
2518 820 2642 896 quia
2673 837 2889 883 sanctus
2918 827 3007 881 hic
3036 836 3151 889 erat
3182 825 3446 885 Patricius
3467 826 3534 884 de
3562 844 3671 898 quo
3700 829 3840 884 scri-

2240 918 2372 974 bere
2411 918 2693 990 disposuit,
2728 919 2869 976 illius
2899 936 3095 975 nomen
3144 920 3360 979 Silentio
3395 921 3712 991 suppressit.
3757 919 3841 975 Ad

2239 1026 2401 1081 quem
2431 1020 2649 1066 sanctus
2670 1009 2935 1067 Patricius
2964 1030 2975 1065 :
3008 1011 3169 1077 Vere,
3206 1012 3397 1084 inquit,
3428 1012 3646 1081 dignum
3677 1021 3733 1068 et
3748 1012 3843 1083 ju-

2238 1110 2379 1158 stum
2407 1113 2510 1169 est,
2560 1098 2769 1177 aequum
2799 1112 2852 1159 et
2912 1105 3177 1171 salutare,
3225 1113 3284 1161 ut
3314 1104 3387 1183 (e)
3432 1106 3753 1182 sapienuam
3782 1113 3838 1161 et

2236 1184 2463 1265 gloriam
2487 1204 2796 1251 sanctorum
2827 1205 3047 1252 narrent
3075 1197 3288 1269 populi,
3312 1206 3369 1253 et
3401 1190 3614 1253 laudem
3632 1188 3833 1252 'eorum

2236 1286 2451 1343 nuntiet
2477 1286 2723 1344 Ecclesia
2754 1307 2765 1341 :
2798 1288 2894 1343 sed
2917 1287 3132 1358 quidem
3163 1288 3377 1359 dignius
3408 1297 3463 1344 et
3478 1288 3836 1354 commodius,

2235 1374 2515 1452 post'lucis
2540 1384 2858 1449 terminum,
2892 1385 3061 1439 totius
3106 1385 3428 1441 cenodoxiae
3477 1384 3687 1443 sublata
3716 1401 3841 1439 ma-

2236 1475 2392 1545 teria.
2417 1474 2598 1530 Lauda
2619 1490 2748 1547 ergo
2777 1476 2882 1531 diei
2913 1478 3279 1557 serenitatem,
3306 1478 3401 1535 sed
3430 1495 3553 1535 cum
3580 1479 3842 1550 advespe'

2235 1566 2439 1641 raverit
2474 1586 2485 1621 :
2523 1567 2710 1624 militis
2760 1568 3030 1634 virtutem,
3064 1570 3161 1625 sed
3207 1586 3330 1649 cum
3366 1570 3790 1642 triumphaverit
3823 1590 3836 1623 :

2236 1668 2415 1727 nauta;
2444 1660 2877 1731 prosperitatem,
2897 1658 2991 1715 sed
3013 1678 3135 1716 cum
3167 1662 3509 1734 applicuerit.
3529 1662 3669 1718 Dicit
3692 1665 3841 1721 enim

2236 1752 2512 1823 Scriptura
2543 1749 2617 1825 (ί)
2651 1770 2661 1805 :
2697 1750 2781 1805 Ne
2802 1751 3094 1807 laudaveris
3125 1753 3387 1807 hominem
3415 1754 3470 1807 in
3502 1755 3605 1809 vita
3635 1771 3752 1809 sua.
3780 1754 3840 1810 Si

539 1852 775 1908 anilibus
795 1851 1120 1908 commentis
1148 1851 1435 1921 deturpata
1454 1850 1628 1904 fuerat
1655 1850 1829 1904 sancti
1859 1832 1999 1902 illius
2030 1847 2139 1917 epi-
2159 1852 2213 1929 β
2244 1854 2422 1901 tamen
2452 1845 2506 1900 id
2536 1846 2757 1902 omnino
2786 1844 2936 1901 cordi
2960 1856 3052 1901 tuo
3091 1846 3311 1901 inﬁxum
3363 1846 3557 1910 fuerit,
3583 1847 3728 1918 quod
3756 1847 3840 1903 fa-

541 1945 692 2015 scopi
712 1945 955 2001 historia.
978 1944 1049 1999 At
1072 1942 1319 2014 profecto
1348 1959 1484 2007 unus
1511 1943 1600 1999 hic
1620 1942 1850 2014 hymnus
1872 1942 2002 1997 satis
2019 1956 2137 1996 esse

542 2046 722 2110 potest
760 2037 829 2093 ad
881 2036 1307 2099 conﬁrmandam
1351 2036 1637 2111 veritatem
1683 2052 1805 2089 cum
1849 2035 2135 2104 insignium

542 2121 762 2187 Patricii
787 2145 1030 2201 operum,
1065 2138 1178 2185 tum
1207 2129 1573 2191 celeberrima:
1601 2128 1755 2210 fama:
1774 2142 1892 2197 qua:
1914 2126 1980 2182 de
2009 2142 2133 2182 san-

542 2232 632 2278 cto
672 2224 791 2280 viro
832 2224 902 2279 ad
949 2232 1134 2281 nostra
1158 2238 1328 2294 usque
1374 2231 1620 2295 tempora
1669 2221 2025 2295 permanavit.
2054 2219 2134 2274 Tu

541 2317 814 2384 uberiora,
840 2318 945 2374 etsi
983 2334 1094 2374 non
1124 2319 1271 2390 paria
1294 2319 1639 2387 antiquitate,
1671 2318 1740 2373 ab
1762 2315 1982 2373 Usserio
2010 2324 2137 2387 pete

542 2405 635 2477 (c).
678 2428 696 2460 ι
733 2406 861 2464 Ηεοο
887 2408 1213 2466 Muratorius
1242 2428 1254 2464 ε
1282 2410 1367 2465 cui
1383 2416 1691 2480 propterea,
1721 2408 1847 2463 dum
1871 2408 1968 2463 ista
2000 2406 2134 2461 scri-

487 2538 493 2545 .
542 2499 723 2567 bebat,
775 2501 1113 2573 incomperta
1166 2502 1377 2561 videtur
1404 2502 1568 2565 fuisse
1590 2501 1788 2561 Warmi
1830 2500 2014 2565 editio,
2045 2486 2136 2581 qui

510 2647 516 2652 _
542 2591 747 2663 primus
786 2591 932 2649 hunc
957 2593 1216 2665 hymnum
1244 2595 1297 2650 in
1327 2594 1503 2663 lucem
1530 2593 1689 2649 eruit.
1723 2590 1861 2658 Quin
1890 2599 1946 2647 ct
1993 2591 2137 2645 illam

542 2683 866 2755 Pmleriisse
884 2684 1263 2745 Bollandianos
1279 2701 1345 2743 ex
1372 2701 1439 2742 eo
1467 2684 1804 2757 conjicimus,
1827 2682 1973 2765 quod
1994 2698 2139 2739 eum-

541 2772 662 2829 dem
685 2774 945 2847 hymnum
972 2777 1207 2839 omisere
1229 2776 1373 2837 inter
1409 2784 1531 2837 acta
1560 2775 1620 2843 S.
1653 2774 1873 2833 Patnieii
1902 2788 2020 2843 qua:
2050 2772 2135 2841 fu-

540 2862 750 2921 Iissime
777 2866 848 2922 ab
870 2867 938 2923 iis
954 2868 1120 2926 fuisse
1156 2868 1425 2940 dmripta
1454 2867 1837 2941 comperimus.
1865 2864 2133 2922 Caeterum

540 2957 606 3013 de
644 2957 950 3017 Secundino
1003 2962 1263 3033 episcopo
1312 2962 1537 3032 hujusce
1581 2960 1764 3037 hymni
1794 2967 2036 3021 auctore,
2072 2965 2131 3013 ut

610 3123 691 3197 (ᾳ)
717 3102 1302 3197 μυρμ-Ᾱηοοᾱηξᾳι.
1333 3119 1570 3197 tom.lV,
1618 3132 1775 3191 pagg.
1831 3116 1935 3171 156
1963 3130 2114 3185 seqq-

612 3186 681 3262 (‘b’
717 3186 957 3247 Id.'ibid.
990 3205 1111 3267 pag.
1144 3189 1268 3246 125.
1488 3190 1491 3197 “
1558 3186 1565 3189 ⁷
1620 3186 1639 3191 “
2036 3258 2043 3265 ,

614 3190 687 3334 (ei
715 3254 897 3318 Usser.
947 3261 1192 3318 Britann.
1225 3263 1444 3332 Antiqq.
1474 3275 1594 3331 cap.
1647 3260 1713 3312 l7
1752 3273 1908 3331 pagg.
1942 3256 2043 3315 425

540 3254 684 3404 mia)
715 3254 897 3318 Usser.
947 3254 1192 3318 Britanni.
1225 3263 1444 3332 Antiqq.
1474 3275 1594 3331 cap.
1647 3260 1713 3312 l7
1752 3273 1908 3331 pagg.
1942 3256 2046 3315 435
2073 3264 2130 3313 et

538 3471 1395 3482 “GiH-mmr—H.—o
1430 3470 1893 3479 “—..—’.—_ﬁww..

786 3472 1075 3481 .~_._.—-————

2242 1953 2366 1993 cere
2393 1936 2655 2008 disponis,
2690 1938 2772 1994 fac
2801 1937 2979 2001 citius,
3027 1939 3152 2009 quia
3176 1955 3323 1995 mors
3371 1940 3464 1994 tibi
3496 1939 3650 1995 adest
3679 1941 3730 1995 in
3748 1941 3837 2011 ja-

2241 2030 2361 2087 nuis
2393 2030 2669 2085 :omnium
2694 2028 2835 2084 cnim
2866 2032 3247 2103 episcoporum
3294 2033 3385 2104 qui
3413 2040 3538 2088 sunt
3565 2035 3617 2088 in
3643 2032 3836 2089 Hiber-

2241 2124 2330 2179 nia
2366 2123 2433 2178 de
2466 2125 2667 2179 smculo
2714 2124 2919 2194 primus
2962 2125 3234 2194 migrabis.
3268 2125 3539 2199 Hymnum
3583 2126 3745 2195 igitur
3784 2127 3837 2182 in

2240 2215 2454 2273 laudem
2483 2214 2653 2271 sancti
2702 2213 2919 2270 Patricii
2961 2218 3297 2287 composuit;
3340 2226 3395 2273 et
3433 2202 3619 2290 paucis
3648 2226 3839 2287 postea

2240 2308 2430 2364 diebus
2478 2310 2695 2381 elapsis,
2731 2310 2884 2377 juxta
2938 2310 3162 2365 verbum
3191 2312 3363 2366 sancti
3416 2310 3638 2367 Patricii
3693 2311 3838 2368 diem

2242 2400 2487 2456 ultimum
2511 2401 2703 2458 clausit
2735 2420 2746 2453 :
2781 2402 3132 2472 sepultusque
3177 2402 3229 2456 in
3259 2403 3487 2458 ecclesia
3531 2401 3673 2460 sedis
3700 2418 3833 2467 suae,

2242 2494 2296 2548 in
2328 2495 2448 2549 loco
2470 2494 2561 2562 qui
2583 2502 2808 2549 vocatur
2823 2491 3517 2561 Domhnach-Seaehlainn,
3551 2494 3755 2551 crebris
3779 2511 3841 2551 se

2242 2584 2515 2639 miraculis
2542 2598 2662 2638 cum
2683 2583 2900 2638 Christo
2931 2582 3112 2639 vivere
3156 2583 3413 2639 ostendit.
3445 2583 3719 2657 Hymnum
3751 2601 3847 2659 am

2242 2684 2351 2747 tem
2382 2675 2531 2729 illum
2562 2673 2835 2730 Hibernici
2882 2674 3065 2746 plures
3089 2684 3450 2740 consuescunt
3479 2674 3724 2747 quotidie
3750 2690 3842 2733 ca-

2243 2782 2392 2830 nere,
2425 2783 2486 2822 ac
2514 2766 2683 2820 multa
2714 2767 3012 2836 magnaque
3041 2768 3305 2822 mirabilia
3336 2784 3404 2823 ex
3438 2767 3553 2837 ejus
3582 2767 3844 2839 frequen-

2239 2862 2445 2916 tatiOne
2466 2868 2686 2943 narrant
2714 2860 2976 2915 evenisse.
3012 2880 3029 2915 ι
3067 2859 3341 2917 Hactenus
3367 2859 3661 2917 Jocelinus.

2306 3112 2384 3183 (ά)
2413 3111 2586 3185 Joeel.
2622 3112 2657 3166 Ι.
2701 3126 2904 3185 acup.
2958 3110 3060 3164 177
3102 3111 3244 3181 apud
3284 3111 3527 3168 Bolland.
3580 3126 3707 3185 cap.
3740 3112 3839 3179 18,

2230 3175 2378 3238 num.
2406 3182 2529 3249 “5,
2552 3194 2674 3251 pag.
2706 3175 2833 3236 576.

2323 3255 2373 3323 ε)
2398 3252 2566 3323 Eccli.
2592 3256 2775 3321 xxktx,
2810 3252 2897 3309 14.

2326 3322 2376 3397 [⁷)
2407 3322 2543 3383 Ibid.
2571 3340 2641 3393 x1,
2673 3322 2759 3377 50.

2040 3467 2329 3475 ,μα-κα...-

844 3552 1466 3622 SCHOENEMANNI
1491 3554 1825 3617 NOTlTlA
1862 3530 2300 3616 HtSTORlCO
2319 3548 2835 3612 -LlTTERARlA
2872 3548 2952 3611 IN
2980 3549 3045 3623 s,
3078 3534 3526 3617 enatorum.

1622 3690 1877 3749 (Biblioth.
1899 3689 2011 3738 hist.
2035 3685 2126 3736 litt.
2150 3682 2352 3735 Patrum
2380 3679 2485 3733 Lat.
2507 3686 2621 3732 tom.
2645 3679 2735 3742 Ιῐ.)

1179 3794 1208 3865 §
1247 3793 1289 3848 ι.
1332 3793 1473 3851 Vita.

609 3974 869 4031 Patricius
895 3966 1114 4033 natione
1141 3972 1451 4042 Britannus,
1474 3960 1693 4031 nomine
1715 3972 1891 4044 patrio
1915 3970 2125 4041 Succat,
2150 4022 2153 4025 .

539 4075 697 4122 natus
717 4067 772 4122 in
792 4066 993 4138 oppido
1015 4066 1298 4134 Nemthur,
1316 4066 1476 4129 hodie
1502 4062 1845 4136 Kirkpatriék
1872 4064 2011 4119 inter
2030 4064 2131 4117 fre-

537 4165 649 4212 tum
678 4156 1069 4213 Dumbrittona:
1098 4164 1153 4213 et
1181 4157 1369 4213 urbem
1403 4154 1793 4227 Glasguensem
1823 4155 1946 4219 sito,
1985 4155 2126 4210 circa

537 4265 737 4304 annum
771 4249 893 4313 571,
924 4258 1080 4321 patre
1113 4248 1426 4320 Calpurnio,
1470 4250 1719 4316 diacono,
1754 4248 1937 4314 Potiti,
1972 4264 2126 4318 pres—

537 4341 711 4413 byteri
730 4340 1008 4410 cujusdam
1039 4338 1169 4397 ﬁlio.
1193 4340 1344 4407 Licet
1374 4348 1555 4397 autem
1582 4357 1612 4395 a
1634 4342 1949 4415 parentibus
1969 4340 2127 4395 Chri—

537 4434 727 4489 stianis
746 4440 925 4489 ortum
948 4433 1211 4500 duxisset,
1235 4434 1425 4503 religio
1455 4442 1633 4489 tamen
1663 4447 1838 4503 neque
1867 4432 1935 4488 ad
1963 4433 2129 4487 animi

537 4539 712 4594 neque
739 4524 807 4580 ad
835 4524 1034 4594 ingenii
1063 4525 1266 4581 cultum
1288 4539 1616 4597 magnopere
1637 4525 1738 4595 ipsi
1759 4523 1995 4595 profuit;
2034 4524 2127 4579 sed

536 4614 767 4686 agrestis
784 4614 927 4672 inter
944 4623 1187 4686 agrestes
1215 4623 1372 4673 natus
1397 4615 1767 4687 educatusque
1793 4630 2007 4672 sensum
2030 4615 2127 4669 ali-

534 4722 696 4780 quem
724 4714 887 4777 atque
912 4708 1159 4765 timorem
1181 4707 1278 4775 Dei
1305 4707 1656 4765 adversarum
1684 4708 1919 4763 maxime
1946 4722 2125 4762 rerum

535 4813 764 4856 occursu
792 4799 939 4859 alere
961 4800 1143 4870 erepit.
1167 4798 1324 4867 Quod
1350 4799 1574 4870 quidem
1599 4813 1768 4869 puero
1790 4798 1965 4854 adhuc
1992 4814 2125 4853 con-

537 4892 675 4960 tigit,
699 4908 821 4948 cum
855 4909 886 4947 a
922 4892 1265 4964 praedonibus
1293 4892 1541 4948 Hibernis
1569 4892 1857 4964 aliquoties
1878 4894 1931 4947 in
1953 4892 2128 4963 capti-

535 4983 755 5061 vitalem
777 4983 1133 5039 abduceretur
1152 4991 1208 5040 et
1231 4983 1523 5055 identidem
1550 4984 1887 5039 liberaretur.
1913 4982 1995 5039 Ex
2016 5000 2125 5054 quo

534 5083 781 5149 tempore
810 5082 989 5131 tamen
1018 5090 1127 5131 non
1155 5074 1337 5130 odium
1366 5075 1459 5132 sed
1490 5090 1643 5131 amor
1662 5076 1844 5146 potius
1872 5090 1935 5133 ac
1957 5076 2124 5132 bene-

2152 3786 2200 3848 C
2233 3783 2468 3851 volentia
2514 3783 2567 3838 in
2608 3778 2875 3839 Hibernos
2920 3776 3157 3840 animum
3201 3785 3310 3853 ejus
3351 3785 3557 3852 insedit,
3589 3793 3646 3843 et
3688 3802 3821 3875 eunt

2234 3883 2446 3951 postea,
2480 3872 2742 3928 incertum
2772 3889 2881 3944 quo
2910 3882 3092 3948 pacto,
3126 3877 3177 3930 in
3195 3873 3389 3930 Gallias
3415 3875 3623 3932 delatus
3652 3872 3829 3949 atque

2234 3983 2264 4033 a
2294 3964 2566 4023 Germano
2596 3964 3050 4023 Autis’siodorcnsi
3072 3968 3325 4040 episcopo
3352 3984 3439 4023 an.
3470 3967 3574 4023 4⁸52
3590 3968 3833 4028 Romam

2232 4060 2429 4116 missus
2448 4058 2743 4115 leestino
2764 4075 2915 4133 papa:
2937 4060 3260 4117 desiderium
3290 4078 3442 4117 suum
3468 4061 3737 4119 Hibernos
3764 4066 3835 4122 ad

2234 4150 2390 4211 fidem
2420 4148 2781 4206 Christianam
2806 4151 3155 4215 convertendi
3196 4151 3549 4220 significasset
3581 4171 3593 4206 :
3632 4148 3835 4210 Hiber-

2172 4248 2184 4260 '
2234 4260 2428 4300 norum
2457 4245 2524 4299 ab
2554 4258 2619 4300 eo
2647 4244 2923 4315 apostolus
2952 4252 3114 4314 atque
3156 4245 3594 4319 archiepiscopus
3622 4248 3835 4301 consti-

2236 4347 2383 4392 tutus
2413 4352 2532 4395 esse
2575 4336 2761 4392 fertur.
2796 4336 2915 4404 Quo
2962 4338 3105 4392 facto
3151 4337 3322 4393 redux
3353 4337 3406 4392 in
3451 4339 3703 4417 patriam,
3739 4355 3830 4395 an.

2233 4430 2336 4486 447
2379 4433 2750 4489 incunctanter
2790 4429 3101 4487 Hiberniam
3131 4430 3503 4505 transfretavit
3531 4431 3834 4502 praedican-

2231 4524 2409 4596 doque
2438 4532 2493 4579 et
2532 4523 2856 4593 baptizando
2885 4525 3034 4580 brevi
3072 4524 3230 4594 longe
3261 4525 3477 4594 lateque
3505 4525 3832 4593 religionem

2230 4616 2587 4674 Christianam
2611 4619 2945 4692 propagavit,
2970 4618 3186 4687 regulos
3216 4618 3326 4675 fere
3349 4634 3538 4674 omnes
3561 4620 3715 4674 istius
3747 4620 3798 4673 in
3816 4652 3831 4661 -

2233 4708 2363 4763 sulm
2393 4708 2682 4777 convertit,
2713 4708 2969 4765 ecclesias
2998 4708 3258 4775 condidit,
3300 4709 3459 4765 sedes
3488 4710 3834 4780 episcopales

2234 4800 2481 4867 instituit,
2514 4800 2752 4873 synodos
2779 4799 3093 4866 celebravit,
3122 4799 3415 4869 multisque
3455 4794 3575 4855 aliis
3618 4800 3695 4854 ad‘
3729 4790 3832 4855 Εοέ

2231 4893 2451 4947 clesiam
2495 4893 2547 4947 in
2580 4893 2680 4948 hac
2708 4893 2928 4962 regione
2957 4891 3382 4949 conﬁrmandam
3412 4892 3552 4949 bene
3582 4891 3830 4949 fortiter-

2230 5001 2335 5056 que
2365 4987 2690 5057 perpetratis
2708 5003 2850 5042 anno
2871 5002 2991 5042 (crte
3012 4986 3331 5043 Christianm
3352 4985 3474 5049 495,
3500 4987 3677 5041 aetatis
3704 4986 3830 5053 122,

2228 5096 2259 5135 ο
2287 5081 2396 5135 vita
2417 5080 2665 5149 migravit
2688 5082 2786 5152 (a).

603 5260 681 5331 (a)
709 5258 839 5333 Quae
860 5222 1120 5333 hactenus
1143 5255 1211 5312 de
1240 5254 1459 5333 Patricii
1486 5257 1650 5333 rebus
1674 5257 2118 5333 commemoravi—
2142 5259 2196 5321 D
2220 5259 2322 5331 bus
2350 5217 2586 5329 explosa;
2627 5269 2772 5315 sunt.
2805 5218 2873 5315 Ai
2911 5260 2985 5316 illi
3016 5260 3403 5333 pgccipitatius
3430 5257 3695 5333 judicant,
3733 5249 3833 5326 qui

530 5328 723 5400 mussi
750 5328 1093 5400 nonpenitus
1116 5336 1287 5400 certa,
1308 5328 1452 5383 veris
1473 5329 1662 5400 saltem
1692 5328 1937 5397 proxima
1966 5338 2109 5384 sunt.

522 5399 689 5456 Certe
732 5398 1139 5457 Conféssionem
1191 5399 1357 5468 ipsius
1402 5399 1740 5469 potissimum
1767 5407 1894 5455 ante
1929 5401 2115 5467 oculos

530 5472 832 5537 habuimus,
856 5486 974 5541 qua:
994 5471 1244 5525 ardorem
1274 5468 1388 5539 ejus
1408 5468 1471 5525 in
1501 5469 1870 5525 conversionis
1899 5472 2116 5538 negotio
2150 5524 2167 5539 ,

530 5550 779 5607 testatur,
811 5551 866 5598 et
881 5543 948 5597 de
962 5541 1181 5611 triplici,
1202 5557 1365 5611 quam
1381 5541 1596 5611 juvenis
1617 5549 1872 5611 expertus
1895 5549 1998 5608 est,
2020 5558 2116 5597 ca-

529 5613 776 5685 ptivitate
796 5621 1003 5668 tantum
1024 5612 1268 5685 exponit,
1290 5622 1555 5685 quantum
1581 5612 1649 5666 ad
1672 5619 1888 5685 cmtera,
1906 5628 2029 5685 quae
2045 5612 2118 5685 de

519 5682 600 5750 -οο
630 5684 902 5740 memoria:
929 5684 1140 5754 prodita
1167 5691 1295 5739 sunt
1322 5692 1377 5754 et
1404 5700 1523 5754 quae
1544 5684 1660 5754 ipse
1689 5682 1797 5738 non
1819 5684 2015 5754 attigit,
2042 5682 2119 5736 in-

534 5762 617 5807 ter
640 5767 700 5805 se
727 5752 1092 5808 connectenda
1123 5755 1321 5808 valeat.
1352 5752 1512 5809 Probi
1543 5752 1599 5809 et
1635 5753 1880 5817 Jocclini,
1907 5752 2118 5817 Britan-

532 5836 723 5883 norum
743 5823 907 5879 medii
926 5825 1026 5877 τονὶ
1045 5823 1389 5891 scriptorum,
1415 5824 1604 5879 fabula:
1632 5824 1831 5879 dudum
1856 5824 1921 5866 ιλιι
1943 5824 2117 5880 omni-

2224 5330 2587 5412 propter_eas
2616 5339 2809 5412 totam
2821 5330 3262 5412 rerum'Patricli
3310 5330 3628 5412 memoriam
3661 5337 3834 5398 atque

2225 5401 2391 5470 ipsius
2415 5401 2551 5457 adeo
2580 5402 2929 5456 cxistentiam
2960 5402 3011 5456 in
3041 5401 3263 5455 dubium
3301 5401 3584 5467 vocarunt,
3616 5415 3831 5470 meram

2222 5468 2452 5526 fabulam
2494 5488 2525 5526 a
2569 5472 2945 5537 nugivendulis
2985 5480 3293 5527 contextam
3325 5479 3688 5525 autumantes.
3728 5468 3837 5525 ηρ-

2222 5551 2368 5613 stant
2395 5542 2633 5613 quidem,
2676 5540 2908 5612 demptis
2955 5543 3119 5613 etiam
3158 5542 3372 5607 fabulis,
3405 5540 3570 5613 multa
3603 5541 3655 5594 in
3703 5542 3834 5595 vita:

2223 5612 2339 5681 ejus
2362 5609 2691 5680 narratione,
2714 5609 2946 5681 quorum
2969 5612 3125 5667 ﬁdem
3148 5613 3479 5682 argumentis
3505 5609 3670 5666 tinnis
3690 5627 3833 5681 pro-

2217 5684 2338 5740 bari
2363 5684 2654 5748 desideres,
2679 5698 2787 5752 quo
2811 5692 2923 5739 tota
2952 5684 3070 5752 ejus
3105 5684 3173 5738 ad
3205 5683 3591 5738 transmarinas
3614 5683 3838 5752 provin-

2223 5753 2336 5829 cias
2364 5750 2725 5829 peregrinatio
2753 5761 2807 5808 et
2828 5750 3103 5829 leestini
3127 5753 3303 5829 hacin
3323 5750 3837 5829 Διτοᾳικιηοξιςοτὰέιςςιί

2224 5818 2443 5880 debent.
2484 5818 2592 5879 Sed
2636 5839 2787 5891 cave,
2831 5840 2898 5879 ne
2944 5825 3259 5881 arbitrario-
3285 5818 3443 5881 nimis
3473 5818 3840 5885 traditionui'n
