4140 6346
263 385 365 441 797

844 503 875 579 ς
916 506 976 561 ll.
1023 507 1251 581 Scripta.

335 592 547 665 Scripta
598 598 826 666 genuina
874 599 1105 665 Patricii
1141 601 1295 657 facile
1330 598 1472 670 ston
1512 599 1744 657 barbaro
1790 612 1853 657 ac

263 686 457 743 scabra
496 689 745 761 oratione
785 707 851 749 ex
878 688 1124 756 neglectu
1163 690 1432 751 sermonis
1456 690 1653 759 Latini,
1689 704 1852 759 quem

265 795 535 851 nusquam
565 779 634 835 ad
662 778 1002 849 scribendum
1026 780 1394 845 adhibituram
1420 797 1480 839 se
1507 781 1850 843 existimave-

259 882 349 929 rat
371 872 472 947 (a),
496 872 723 933 oriunda
745 887 867 943 sese
886 872 1247 931 manifestam.
1269 874 1410 935 Sunt
1427 880 1608 945 autem
1629 887 1855 944 sequam

257 964 360 1019 tia.

331 1054 374 1110 Ι.
408 1055 675 1126 Confessio
704 1056 758 1127 in
801 1058 1030 1130 epistola
1066 1058 1135 1125 ad
1171 1058 1440 1119 Hibernos
1479 1057 1764 1129 explicata.
1795 1057 1854 1115 in

251 1161 369 1217 qua
398 1163 506 1204 non
527 1148 595 1221 de
619 1145 724 1215 ﬁde
750 1149 844 1206 sed
873 1151 996 1209 vine
1022 1159 1185 1223 atque
1211 1151 1610 1223 praedicationis
1637 1166 1748 1211 sua:
1772 1164 1857 1207 ra-

258 1237 694 1313 tioneerponit.
730 1239 1053 1310 Fragmenta
1085 1241 1315 1312 plurima
1344 1256 1413 1299 ex
1438 1256 1505 1299 ea
1532 1240 1859 1301 lucubratio-

251 1329 317 1383 ni
364 1344 474 1386 sua:
520 1327 751 1401 intexuit
792 1329 1018 1401 Probus,
1070 1333 1190 1397 vita:
1230 1331 1448 1401 Patricii
1494 1332 1726 1404 scriptor
1752 1345 1854 1389 sae-

258 1421 375 1479 culi
417 1439 471 1477 ι.

336 1512 401 1577 ΙΙ.
440 1510 681 1584 Epistula
708 1515 777 1575 ad
802 1514 1092 1587 Canticum
1120 1515 1363 1584 regulum
1382 1511 1855 1577 (Zembra-Britania

253 1607 443 1675 nicum
470 1621 564 1673 seu
594 1608 775 1678 potius
802 1609 871 1675 ad
900 1608 1220 1664 Christianos
1244 1606 1471 1669 Corotici
1490 1608 1698 1678 tyranni
1722 1603 1847 1663 sub-

252 1699 418 1754 ditas.
471 1697 641 1769 Hujus
683 1700 845 1770 epist.
902 1700 1102 1763 diserte
1149 1700 1394 1757 meminit
1430 1698 1706 1757 Jocelinus
1731 1711 1859 1753 mo-

252 1790 465 1845 nachus
483 1787 856 1859 Cisterciensis
884 1792 1115 1848 emnobii
1145 1791 1523 1855 Furnessensis
1543 1789 1685 1860 apud
1715 1789 1854 1845 Lan-

254 1881 602 1949 castrienses,
629 1883 720 1953 qui
742 1898 867 1939 saec.
894 1900 964 1938 ιιι
983 1883 1114 1938 vixit
1142 1883 1388 1937 etVitam
1418 1880 1636 1936 Patricii
1665 1896 1857 1936 exara-
1886 1887 1935 1950 ι

256 1972 356 2026 vit.
386 1970 651 2029 Creterum
680 1973 924 2031 Waraeus
972 1990 1073 2045 pro
1109 1973 1271 2044 hujus
1299 1980 1355 2029 et
1393 1972 1687 2043 superioris
1716 1986 1855 2041 opu-

176 2122 189 2134 .
255 2064 396 2118 sculi
436 2064 755 2134 antiquitate
793 2065 1045 2121 observat
1081 2064 1200 2121 loca
1239 2078 1407 2120 sacrae
1454 2062 1745 2133 Scripth
1778 2076 1856 2121 .cx

259 2156 512 2211 versione
541 2153 699 2221 LXX,
731 2171 843 2213 non
870 2170 939 2212 ex
966 2164 1096 2211 tunc
1132 2156 1340 2210 recenti
1370 2154 1703 2226 Hieronymi,
1735 2168 1858 2222 qua:

261 2243 481 2299 Patricii
518 2248 634 2301 εωίο
679 2244 920 2313 nondum
956 2243 1249 2316 publicitus
1285 2243 1385 2299 fuit
1423 2252 1664 2315 recepta,
1696 2244 1750 2298 in
1791 2243 1857 2298 iis

258 2335 488 2389 laudari.
790 2408 793 2411 γ

332 2426 417 2481 ιιι.
461 2426 706 2499 Synodus
730 2427 791 2483 S.
819 2426 1041 2495 Patricii
1065 2428 1435 2500 complectens
1460 2443 1696 2484 canones
1717 2428 1804 2482 51.

332 2519 419 2573 IV.
469 2518 569 2575 Alii
610 2520 644 2573 9
687 2538 913 2581 canones
965 2521 1026 2592 S.
1085 2521 1319 2591 Patricio
1365 2524 1598 2592 ascripti.
1638 2520 1718 2576 Ex
1773 2521 1857 2583 his

261 2613 507 2682 quintum
535 2623 592 2669 et
618 2622 832 2675 sextum
855 2615 967 2684 jam
1010 2614 1256 2673 Usserius
1296 2615 1574 2689 ediderat,
1618 2615 1855 2685 reliquos

264 2704 505 2761 Warmus
547 2706 840 2779 adinvenit.
1370 2760 1375 2767 .
1439 2766 1445 2771 .

336 2798 395 2850 V.
440 2798 682 2869 Synodus
705 2798 949 2869 Patricii,
981 2790 1195 2865 Auxilii,
1222 2807 1272 2861 et
1302 2796 1558 2854 Issernini
1583 2799 1851 2872 episcopo-

261 2902 375 2940 rum
402 2887 471 2939 54
499 2888 783 2961 canentibus
803 2897 1068 2945 constans.
1100 2889 1343 2951 Warmus
1368 2892 1568 2961 adjecit
1590 2892 1722 2951 alios
1751 2903 1855 2949 tres

256 2995 502 3055 canones,
527 2987 688 3037 antea
702 2979 818 3050 jam
838 2998 871 3038 a
890 2981 1253 3053 Speelmanno
1274 2984 1467 3052 editos,
1491 2994 1548 3040 et
1568 2983 1854 3039 Proverbia

257 3070 435 3139 aliqua
469 3070 738 3145 ejusdem.‘

332 3159 538 3216 Incerta
558 3171 703 3228 sunt,
733 3172 829 3219 aut
853 3166 1035 3222 verius
1053 3183 1160 3221 non
1182 3169 1370 3239 ipsius,
1394 3166 1589 3233 Charta
1613 3182 1711 3225 seu
1734 3167 1859 3239 Epi-

1625 386 2133 446 PROLEGOMENA

3440 392 3547 450 798

1879 503 1928 566 Δ
1957 503 2057 561 fuit
2086 519 2114 557 a
2143 502 2298 561 Ricli.
2325 503 2685 561 Staniburstio
2709 516 2764 561 et
2787 507 2840 561 in
2878 506 2997 562 Vita
3018 505 3240 575 Patricii
3272 522 3310 574 ι,
3341 523 3397 569 u,
3431 506 3542 562 An-

1957 597 2181 667 tuerpim
2208 611 2298 665 an.
2318 594 2456 663 I587
2472 596 2540 661 ab
2566 613 2632 659 eo
2653 598 2850 671 editus,
2864 613 3087 667 recusas
3106 599 3269 655 etiam
3290 606 3543 667 monente

1955 689 2157 760 caveo.
2206 706 2237 758 a
2265 688 2596 761 Mesingamo
2640 690 2709 747 ad
2749 690 2912 751 ﬁnem
2940 689 3215 763 Florilegii
3259 689 3542 759 Hibernic;

1958 780 2132 849 Paris.
2166 781 2319 851 1624.
2390 778 2396 785 ’

2516 875 2546 946 ᾗ
2584 874 2670 931 Ill.
2711 873 3005 932 Editioncs.
3524 930 3529 939 ,

2027 965 2109 1022 Ex
2136 967 2221 1023 bis
2250 964 2468 1035 Patricii
2506 950 2778 1037 opusculis
2806 982 2953 1022 num.
2983 965 3019 1020 ὅ
3056 974 3113 1021 et
3141 965 3192 1033 5,
3237 980 3359 1021 cum
3387 964 3542 1039 parti;

1954 1059 2079 1119 cnla
2105 1057 2358 1126 Epistolis
2382 1058 2445 1119 de
2487 1060 2796 1131 antiquitate
2824 1060 2993 1131 gentis
3019 1059 3331 1129 Auatonicar‘
3359 1067 3416 1115 et
3457 1074 3543 1128 po

1955 1159 2157 1225 strenua
2178 1150 2287 1207 duo
2308 1150 2442 1211 falso
2464 1151 2563 1223 ipsi
2583 1151 2836 1221 ascripta,
2859 1150 3005 1206 edita
3026 1149 3240 1211 fuerunt
3259 1158 3542 1219 anmuam

1954 1244 2181 1312 Iacobus
2203 1240 2444 1309 Warqms
2467 1244 2673 1315 reliqua
2703 1260 2773 1300 ex
2794 1260 2924 1301 mss.
2956 1244 3232 1303 codicibus
3260 1251 3475 1303 erueret
3493 1250 3542 1303 et

1956 1338 2025 1397 de
2054 1338 2320 1395 universis
2346 1337 2568 1397 edendis
2589 1354 2775 1395 curam
2804 1339 3053 1408 agitaret.
3076 1337 3205 1395 Post
3227 1338 3379 1408 cujus
3404 1354 3542 1410 ιπω-

1958 1432 2159 1493 elaram
2187 1446 2429 1501 operam,
2465 1430 2802 1491 Bollandiani
2828 1431 3076 1501 quaedam
3103 1431 3283 1495 denuo
3308 1431 3374 1491 ad
3399 1431 3542 1488 codi-

1957 1539 2050 1583 ces
2085 1538 2214 1581 mss.
2247 1516 2525 1591 recognita
2563 1522 2848 1587 dederunt,
2879 1523 3217 1585 Warmanam
3246 1531 3427 1583 autem
3458 1531 3543 1578 to-

1960 1625 2069 1677 tam
2114 1614 2517 1679 rescribendam
2555 1615 2765 1671 curavit
2802 1612 3043 1677 Andreas
3066 1611 3401 1671 Gallandius.
3437 1612 3543 1673 Sed

1958 1708 2166 1779 singula
2195 1708 2504 1778 diligentius
2531 1706 2899 1765 lustrabimus.

2601 1812 2735 1859 886.
2764 1813 2893 1855 XVII.

2660 1887 2833 1943 1604.
3536 1938 3541 1947 .

2030 1983 2313 2056 Moguntia:
2335 1982 2474 2051 apud
2505 1982 2737 2044 Baiuras.
2771 1979 3013 2053 Lippium
3040 1986 3228 2048 sumpt.
3261 1979 3381 2032 Ant.
3416 1976 3543 2031 Ilie-

1958 2085 2085 2139 rat.,
2118 2073 2261 2130 in-t.
2292 2073 2351 2129 S.
2379 2071 2598 2128 Patricii
2627 2072 2846 2140 legatio,
2877 2086 2908 2127 a
2935 2068 3229 2129 Caelestino
3256 2070 3430 2141 primo
3455 2084 3544 2139 pa«

1958 2182 2030 2237 pa
2062 2166 2131 2221 ad
2159 2164 2570 2221 conversionem
2601 2162 2870 2219 Hibernia:
2908 2162 3123 2229 directi,
3152 2162 3267 2218 sive
3308 2159 3545 2231 Epistola

1958 2258 2019 2319 S.
2041 2258 2260 2319 Patricii
2282 2256 2513 2328 apostoli
2536 2255 2805 2313 Hibernia:
2831 2271 2900 2311 ex
2922 2254 3051 2310 bibl.
3078 2252 3397 2310 monasterii
3416 2251 3545 2306 Gla-

1959 2351 2173 2419 stonize,
2196 2351 2251 2405 in
2278 2364 2387 2420 quo
2417 2350 2531 2419 ipse
2558 2348 2724 2404 abbas
2750 2347 2867 2412 fuit,
2912 2353 3203 2415 antequam
3248 2350 3391 2400 esset
3426 2343 3546 2413 epi~

1958 2460 2155 2514 scapus
2184 2441 2481 2507 Hibernia;
2514 2441 2565 2495 in
2589 2438 2816 2495 Gerardi
2835 2435 3201 2507 .VossiiPraep.
3219 2435 3419 2505 Tungr.
3450 2433 3546 2489 li.

1956 2538 2229 2595 scettaneis
2259 2536 2365 2593 SS.
2395 2535 2590 2602 aliquot
2619 2532 2839 2589 Patrum
2868 2528 2961 2587 Cr.
3002 2538 3052 2587 et
3080 2528 3199 2583 Lat.
3228 2529 3367 2600 (quae
3392 2526 3545 2596 quad

1956 2628 2094 2685 alter
2125 2636 2303 2683 tomus
2328 2625 2395 2680 ab
2415 2639 2481 2679 eo
2508 2623 2763 2694 operibus
2788 2620 3035 2690 Gregorii
3057 2618 3441 2686 Thaumaturgi
3461 2616 3547 2675 adv

1950 2720 2094 2789 jecla
2125 2716 2296 2787 sunt),
2328 2730 2452 2786 pag.
2479 2713 2606 2770 359.

2026 2809 2143 2865 Non
2173 2808 2277 2865 nisi
2329 2806 2685 2874 fragmentum
2716 2813 2799 2863 est
2824 2804 3069 2873 epistola:
3113 2801 3182 2857 de
3211 2800 3547 2869 Antiquitato

1957 2897 2272 2963 Avalonica,
2304 2895 2450 2966 quod
2501 2896 2645 2953 inter
2668 2895 3003 2951 collectanea
3040 2907 3170 2947 mss.
3207 2889 3546 2945 HarianiVi-o

1955 2988 2114 3045 ctorii
2165 2986 2407 3057 episcopi
2451 2985 2663 3053 Reatini
2708 2984 2954 3055 (editoris
3000 2982 3300 3053 Ambrosii)
3344 2981 3546 3051 reperit

1955 3078 2212 3144 Vossius;
2243 3076 2513 3135 Victorius
2546 3084 2749 3144 autem,
2780 3073 3239 3142 dumReginaldo
3266 3071 3399 3141 Polo
3420 3087 3542 3127 car-

1956 3170 2121 3227 dinali
2174 3168 2351 3237 legato
2380 3167 2432 3225 in
2462 3167 2652 3236 Anglia
2681 3166 2935 3233 adesset,
2959 3181 3028 3221 ex
3058 3160 3419 3220 vetustissimo
3441 3177 3543 3221 ms.

255 3254 388 3309 stola
417 3254 480 3308 de
509 3257 819 3328 antiquitate
846 3259 1150 3327 Avatonica,
1178 3276 1342 3331 quam
1368 3269 1592 3331 prepter
1629 3260 1848 3332 stylum,
1876 3263 1924 3327 C
1957 3261 2251 3332 exemplari
2278 3259 2619 3325 bibliotheca
2642 3257 2956 3314 monasterii
2975 3254 3267 3313 Glastoniac
3298 3255 3545 3310 transcri-

255 3354 562 3417 temporum
588 3349 922 3410 notationem
950 3350 1165 3419 aliaque
1191 3351 1246 3411 id
1278 3366 1450 3421 genus
1478 3361 1752 3411 momenta
1778 3352 1845 3408 ν.

254 3436 321 3489 C.
354 3438 572 3492 nomina
601 3454 751 3497 mere
780 3439 1253 3509 Anglo—Sexonica
1290 3443 1346 3501 in
1372 3458 1438 3499 ea
1475 3444 1729 3513 ascripta,
1760 3458 1851 3499 re-

255 3526 511 3581 centioris
540 3528 778 3593 auctoris
806 3545 928 3586 esse
955 3531 1262 3603 suspicatur
1287 3532 1565 3600 Warams;
1600 3549 1764 3603 porro
1793 3536 1859 3595 lia

204 3622 223 3632 ‘
256 3615 345 3670 ber
371 3617 436 3671 de
455 3620 616 3673 tribus
640 3618 989 3691 Habitaculis,
1022 3622 1164 3695 apud
1186 3624 1322 3687 alios
1342 3625 1406 3679 de
1427 3623 1646 3680 Gaudiis
1669 3625 1857 3687 electos

255 3727 371 3765 rum
419 3722 468 3767 et
506 3713 667 3783 poenis
708 3715 1073 3790 damnatorum
1114 3716 1423 3787 inscriptus,
1454 3724 1510 3772 et
1552 3716 1852 3785 Augustino

259 3801 421 3856 etiam
463 3804 722 3872 tributus;
753 3814 807 3861 et
836 3807 974 3863 liber
1020 3808 1085 3862 de
1113 3806 1459 3863 Abusionibus
1496 3810 1673 3865 “acuti
1713 3808 1854 3864 inter

250 3890 511 3976 Cypriani
539 3903 594 3951 et
621 3895 903 3967 Augustini
932 3913 1096 3968 opera
1129 3897 1408 3967 vulgatus;
1439 3898 1508 3963 de
1534 3913 1644 3969 quo
1671 3907 1857 3969 poste-

260 3987 389 4042 riori
420 3996 600 4045 tamen
637 4005 745 4047 non
766 3997 862 4061 est
887 3989 1345 4061 prmtermittenda
1368 3990 1569 4046 Warmi
1595 3992 1855 4061 suspicio.

262 4080 468 4150 Quippe
492 4096 616 4137 cum
636 4091 889 4153 excerpta
909 4080 1154 4154 qumdam
1176 4097 1245 4157 ex
1272 4083 1377 4143 hoc
1400 4083 1537 4143 libro
1563 4084 1633 4141 ab
1661 4093 1854 4141 aucto-

262 4170 406 4225 ribus
431 4170 719 4231 admodum
748 4174 1001 4246 antiquis,
1034 4173 1173 4246 licet;
1192 4174 1358 4231 tacito
1386 4175 1552 4231 libelli
1580 4176 1759 4244 titulo,
1790 4176 1849 4233 S.

265 4259 492 4319 Patricio
522 4263 876 4339 ascribantur,
907 4280 1016 4320 non
1038 4279 1208 4337 posse
1234 4280 1295 4322 se
1322 4280 1433 4322 non
1460 4267 1723 4337 suspicari
1753 4267 1848 4334 ait,

265 4352 512 4410 eumdem
549 4370 669 4411 esse
711 4371 831 4412 cum
861 4355 1280 4417 Proverbiorum
1317 4374 1384 4416 eo
1436 4358 1642 4426 libello,
1688 4375 1853 4431 quem

267 4448 611 4517 cdiﬁcatione
639 4451 867 4520 plurima
890 4451 1098 4521 plenum
1125 4449 1400 4521 Jocclinus
1446 4451 1737 4508 Patricium
1766 4453 1857 4509 Hi-

266 4540 480 4615 ber-uice
501 4540 777 4612 scripsisse
797 4541 1015 4613 dixerit,
1037 4557 1305 4614 quemque
1324 4543 1556 4601 fortasse
1583 4543 1853 4610 Hibernus

1951 3362 2106 3425 ptum
2134 3363 2438 3423 acceperat.
2480 3350 2705 3419 Eadem,
2746 3360 2805 3405 ut
2833 3349 3075 3415 Wancus
3115 3348 3390 3416 observat,
3426 3346 3544 3415 jam

1952 3446 2219 3505 habentur
2262 3444 2314 3499 in
2365 3441 2589 3498 Joannis
2628 3440 3030 3499 Tinmutltensis
3075 3437 3433 3509 Sanctilogio,
3481 3438 3545 3495 in.

1952 3536 2075 3591 Vita
2105 3533 2341 3606 Patricii,
2372 3542 2428 3588 et
2455 3533 2506 3589 iu
2529 3532 2875 3603 exscriptoris
2901 3530 3020 3600 ejus
3051 3527 3273 3585 Joannis
3304 3528 3542 3599 Capgra-

1954 3628 2025 3681 vii
2061 3624 2211 3680 Nova
2243 3623 2485 3696 Legenda
2514 3624 2735 3696 Anglice,
2761 3621 2991 3677 Londini
3013 3637 3101 3676 an.
3128 3618 3269 3695 1516
3287 3621 3426 3691 typis
3454 3635 3543 3675 exl-

1954 3733 2105 3773 cusa.

2674 3798 2829 3859 1639.

2026 3901 2273 3969 Londini,
2306 3899 2487 3955 in4‘ol.
2518 3898 2767 3970 Synodus
2794 3896 2851 3952 S.
2883 3895 3119 3964 Patricii,
3142 3898 3262 3950 item
3289 3891 3538 3966 Synodus

1956 3990 2193 4058 Patricii,
2226 3990 2423 4046 Auxilii
2452 3998 2507 4044 et
2534 3978 2789 4043 Issernini
2819 3994 2875 4042 et
2903 3995 3006 4041 tres
3032 3995 3296 4057 praeterea
3323 4001 3543 4039 canones

1954 4083 2228 4154 ejusdem;
2262 4083 2313 4137 in
2346 4081 2590 4136 Conciliis
2613 4079 2902 4134 Britannice
2930 4077 3145 4134 Henrici
3174 4077 3541 4155 Speelmanni,

1956 4185 1995 4233 ι.
2026 4175 2070 4245 1,
2100 4188 2257 4247 pagg.
2284 4173 2377 4242 5|,
2403 4171 2489 4239 54,
2515 4170 2586 4226 55
2612 4187 2732 4242 sqq.

2028 4266 2241 4321 Priores
2262 4279 2497 4321 canones
2524 4263 2793 4334 desumpti
2822 4272 2947 4318 sunt
2974 4278 3042 4318 ex
3080 4262 3301 4331 antiquo
3331 4277 3430 4317 ms.
3462 4275 3545 4316 co.

1958 4359 2079 4414 dice
2114 4356 2505 4426 Andegavensi,
2539 4354 2692 4425 cujus
2717 4354 3084 4426 apographum
3115 4354 3180 4409 ad
3211 4352 3485 4410 Usserium
3515 4367 3548 4408 e

1956 4448 2127 4506 Gallia
2158 4449 2380 4506 miserat
2410 4446 2757 4504 'Sirmondus.

2675 4539 2835 4597 1656.

266 4634 455 4703 aliquis
474 4634 831 4707 postqobitum
855 4633 1069 4703 Patricii
1099 4636 1152 4699 in
1181 4636 1418 4705 linguam
1451 4636 1695 4695 Latinam
1727 4655 1855 4695 con-
1879 4641 1934 4701 Β
2032 4636 2259 4693 Londini
2289 4635 2429 4707 apud
2466 4633 2726 4690 Joannem
2766 4632 2953 4701 Crook,
3012 4634 3104 4688 sub
3132 4633 3279 4703 signa
3317 4633 3462 4684 navis
3491 4631 3549 4684 in

265 4726 503 4805 verterit.
540 4724 803 4797 Utrisque
844 4726 1008 4801 enim,
1038 4727 1095 4783 in
1138 4724 1445 4787 Proverbiis
1474 4736 1531 4784 et
1557 4728 1851 4789 Sententiis

264 4817 537 4889 appositis,
568 4816 760 4875 Surculi
793 4818 1078 4893 Abusiones
1108 4821 1327 4891 aperiri,
1361 4835 1462 4876 nec
1489 4821 1686 4892 stylum
1720 4824 1853 4878 scri-

264 4918 512 4978 pturasve
553 4924 585 4962 e
625 4909 872 4963 versione
901 4908 1211 4981 Hieronymi
1254 4911 1449 4965 citatas
1492 4912 1709 4971 obstare
1743 4928 1853 4982 quo

261 4998 439 5053 utilius
470 4997 605 5053 liber
631 4998 722 5057 ille
748 5007 933 5069 partus
960 4999 1030 5055 sit
1055 4999 1256 5068 ingenii
1282 4998 1596 5063 Patriciani,
1629 5002 1755 5056 licet
1782 5004 1851 5058 ab

262 5089 371 5143 alio
400 5089 706 5145 translatus.

336 5178 575 5255 Denique
596 5195 787 5246 sermo,
812 5178 904 5250 qui
933 5176 1150 5233 Patricii
1171 5193 1368 5235 nomen
1395 5180 1554 5249 gerit,
1587 5181 1849 5237 conlictus

261 5361 679 5434 domesticarum
711 5361 1096 5434 ﬁdgmelevcs.
1123 5361 1371 5434 [tegenda
1400 5370 1526 5434 sunt
1566 5362 1847 5434 imprimis,

262 5448 385 5502 qua:
408 5430 743 5503 Bollandiani
764 5430 827 5503 1:.
845 5430 909 5503 ll_l
931 5432 1130 5487 mensis
1154 5431 1327 5487 Martii
1351 5449 1403 5503 p.
1432 5429 1552 5497 519,
1577 5429 1851 5503 de'primis

261 5500 320 5572 (ft
356 5502 746 5571 antiquioribus
780 5501 843 5556 8.-
869 5501 1088 5557 Patricii
1130 5504 1264 5558 actis
1294 5500 1368 5570 (θ’
1398 5503 1592 5572 quibus
1621 5500 1850 5570 Probus,

260 5570 538 5653 Jocelinus
581 5573 778 5653 aliique
824 5573 1146 5645 hauserunt)
1198 5570 1494 5643 eorumque
1541 5572 1853 5628 auctoribus

261 5651 718 5710 conscripserunt.

324 5712 418 5779 .(a)
451 5711 587 5785 Olim
616 5711 1099 5785 cogitavi'scribere,
1125 5710 1297 5785 inquit
1325 5713 1614 5785 inlaudata
1629 5712 1855 5769 Confes-

260 5783 438 5854 sione,
466 5780 558 5837 sed
584 5780 739 5854 usque
766 5799 899 5854 nunc
937 5782 1181 5836 Iursitari.
1200 5780 1400 5835 *Timui
1444 5786 1578 5837 enim
1613 5800 1675 5837 ne
1718 5785 1851 5837 inci-

260 5852 440 5911 ἄαται
469 5854 523 5908 in
544 5852 1089 5919 tinguamﬁominum;
1114 5862 1165 5905 et
1188 5854 1311 5921 quia
1339 5869 1441 5907 non
1470 5856 1572 5922 tegi
1601 5856 1731 5908 sicut
1756 5869 1852 5908 ca:-

1958 4731 2244 4787 cwmeterio
2288 4727 2538 4793 Paulino,
2583 4726 2724 4780 in-8.
2764 4725 2821 4779 S.
2855 4724 3109 4787 Patricio,
3153 4724 3244 4795 qui
3280 4721 3547 4776 Hibernos

1959 4821 2025 4876 ad
2057 4820 2211 4875 [idem
2240 4814 2441 4872 Christi
2479 4817 2770 4883 convertit,
2801 4815 3032 4884 ascripta
3073 4812 3330 4884 opuscula
3362 4829 3375 4864 :
3407 4826 3546 4881 quo-

1960 4930 2079 4968 rum
2110 4912 2288 4981 aliqua
2318 4923 2460 4963 nunc
2488 4908 2718 4977 primum
2751 4922 2817 4961 cx
2843 4905 3076 4974 antiquis
3114 4921 3244 4961 mss.
3275 4901 3548 4961 codicibus

1962 5006 2016 5057 in
2046 5002 2221 5057 lucem
2250 4999 2445 5054 emissa
2474 5005 2618 5063 sunt,
2661 4997 2865 5066 reliqua
2894 4996 3206 5068 recognita;
3238 4996 3420 5052 omnia
3461 5011 3548 5050 no-

1921 5128 1931 5135 -
1962 5094 2050 5160 tis,
2080 5092 2148 5146 ad
2175 5105 2290 5146 rem
2319 5090 2633 5144 historicam
2674 5097 2729 5143 et
2754 5089 3115 5160 antiquariam
3154 5088 3541 5160 spectantibus,

1958 5182 2244 5249 illustrata,
2264 5195 2434 5251 opera
2461 5189 2518 5236 et
2536 5180 2714 5237 studio
2743 5176 2933 5238 Jacobi
2954 5181 3150 5237 Warzei
3178 5180 3312 5251 Equ.
3344 5179 3549 5257 Aurnti,

1961 5366 2078 5438 teri,
2111 5364 2196 5434 qui
2217 5362 2421 5438 _optime_
2441 5362 2633 5438 itaque
2649 5363 2772 5433 jure
2805 5369 2853 5415 et
2880 5376 3059 5415 sacras
3087 5358 3309 5438 Litteras
3335 5363 3551 5438 utroque

1961 5436 2077 5505 pari
2104 5429 2266 5492 modo
2287 5429 2664 5496 combiberunt,
2687 5441 2736 5486 et
2763 5445 3052 5505 sermonem
3091 5429 3309 5505 illorum
3353 5442 3417 5505 ex
3463 5429 3549 5481 in-

1958 5498 2127 5576 fantia
2157 5520 2419 5576 nunquam
2450 5510 2790 5576 mutaverunt,
2837 5500 2928 5554 sed
2963 5499 3130 5576 magis
3159 5498 3227 5551 ad
3266 5498 3549 5576 perfectum

1956 5567 2156 5645 semper
2180 5567 2513 5628 addiderunt.
2544 5571 2597 5625 Ν
2601 5589 2685 5645 αῃι
2705 5586 2872 5623 sermo
2893 5578 2941 5645 et
2956 5567 3358 5645 loquela__nostra
3387 5575 3550 5619 truusn

1957 5638 2076 5698 lata'
2109 5653 2188 5698 est
2229 5647 2285 5697 in
2316 5645 2544 5715 linguam
2588 5642 2831 5704 alienam,
2890 5638 3027 5715 sicut
3066 5638 3221 5709 facile
3246 5644 3411 5715 potest
3438 5651 3551 5706 pm

1958 5715 2074 5768 bari
2101 5732 2165 5769 ea:
2186 5715 2350 5770 sativa
2376 5706 2649 5782 scriptura:
2678 5726 2833 5782 mere,
2849 5706 3074 5779 qualiter
3088 5725 3202 5763 sum
3228 5706 3323 5779 ego
3348 5706 3406 5761 in
3434 5722 3551 5760 ser-

1956 5784 2193 5839 monibus
2213 5780 2495 5839 instructus
2521 5780 2942 5870 atquefruditus.
