4140 6346
596 390 711 456 799

1514 394 1568 449 8.
1616 392 1978 451 PATRICIUS
2018 392 2466 460 HlBERNORUM
2507 399 2918 459 APOSTOLUS.

3760 412 3892 470 8m.

669 508 812 562 Ordo
841 512 1216 560 contentorum
1258 505 1396 560 idem
1433 516 1514 560 cst
1542 521 1702 574 quem
1738 508 1792 561 in
1828 508 2174 563 recensendis
2201 512 2249 567 Α
2277 506 2542 578 Opuscula
2572 510 2803 570 Patricio
2845 517 3103 587 ascripta;
3137 519 3348 575 inBibl.
3395 521 3508 577 PP.
3541 533 3588 577 et
3619 525 3725 580 SS.
3758 537 3867 584 ret.

598 601 810 672 scriptis
835 601 1182 666 servavimus,
1206 600 1308 654 nisi
1335 599 1478 670 quod
1507 598 1700 655 Charta
1722 601 1785 655 de
1806 601 2018 673 Origine
2037 605 2175 658 Ava-

597 689 769 747 lonica
789 692 1020 746 medium
1047 689 1185 746 inter
1205 692 1461 763 opuscula
1481 693 1546 746 de
1565 691 1751 748 Tribus
1772 692 2102 749 Habitaculis
2121 702 2177 751 et

697 782 1033 838 Abusionibus
1076 785 1254 840 saeculi
1295 785 1472 840 locum
1518 794 1764 857 occupat.
1795 787 1916 857 Ipse
1943 788 2176 858 primum

596 873 772 929 editor
793 891 939 928 num.
973 875 1023 944 1,
1049 874 1084 929 9
1107 883 1162 932 et
1189 875 1224 928 4
1253 879 1343 949 (ex
1370 877 1560 947 majori
1583 877 1779 948 parte),
1809 879 1937 933 item
1959 878 2176 933 Prover-

596 969 681 1024 bia
709 978 763 1024 et
786 971 1043 1040 integram
1068 970 1351 1041 epistolam
1370 973 1435 1025 de
1453 973 1618 1042 gentis
1638 972 1933 1027 Avalonicte
1961 968 2175 1044 Origine

595 1059 808 1128 adjecit,
850 1061 1054 1130 reliqua
1081 1076 1202 1116 cum
1246 1076 1373 1117 mss.
1406 1061 1583 1118 denuo
1609 1063 1855 1129 contulit,
1887 1064 2082 1118 librum
2111 1065 2175 1120 de

593 1149 778 1205 Tribus
806 1150 1130 1208 Habitaculis
1151 1167 1221 1208 ex
1243 1153 1519 1224 Augustini
1539 1157 1810 1234 operibus,
1835 1157 2168 1228 opusculum,

592 1240 656 1295 de
680 1241 1024 1296 Abusionibus
1071 1243 1246 1298 swculi
1291 1258 1360 1299 ex
1385 1242 1654 1316 Cypriano
1684 1245 1906 1302 Pamelii
1946 1249 2170 1306 rescribi

590 1331 746 1400 fecit,
794 1334 1297 1407 praefatiOnemque,
1333 1345 1520 1404 notas,
1566 1337 1619 1393 in
1647 1338 2065 1410 quibuspartim
2101 1342 2170 1399 de

589 1425 921 1489 sinceritate,
961 1429 1136 1482 astatis
1181 1428 1388 1484 ratione
1435 1429 1679 1500 aliisque,
1723 1445 1844 1500 quae
1889 1440 2167 1489 auctorem

590 1525 921 1572 concernunt
940 1519 1242 1583 momentis,
1266 1519 1562 1586 disseritur,
1586 1522 1784 1590 partim
1811 1522 2018 1592 singula
2048 1525 2167 1581 loca

591 1608 940 1675 illustrantur,
989 1618 1044 1664 et
1088 1609 1314 1665 indicem
1360 1611 1584 1668 addidit.
1632 1613 1715 1668 Ad
1761 1615 1961 1673 calcem
2001 1620 2166 1675 etiam

589 1699 835 1768 apposuit
863 1686 1145 1756 Secundini
1174 1703 1431 1773 episcopi,
1449 1702 1508 1758 8.
1528 1703 1745 1761 Patricii
1774 1723 1806 1762 e
1834 1707 2038 1765 Davera
2067 1725 2164 1766 so-

588 1803 710 1843 rore
737 1791 965 1859 nepotis,
993 1791 1239 1863 hymnum
1260 1793 1636 1862 alphabeticum
1663 1799 1717 1852 in
1743 1797 1948 1855 laudem
1969 1801 2029 1856 S.
2055 1801 2165 1856 Pa-

586 1882 720 1935 tricii
749 1889 874 1938 tunc
895 1883 1138 1941 viventis.

1294 1975 1450 2033 1668.

591 2083 594 2086 '
652 2065 950 2138 Antuerpiw
977 2069 1116 2140 apud
1152 2067 1268 2124 .Iac.
1313 2069 1627 2139 Meursium,
1673 2074 1854 2131 in-fol.
1882 2074 2163 2136 Confessio

581 2156 637 2210 8.
667 2155 879 2213 Patricii
917 2158 984 2213 de
1022 2159 1140 2214 Vita
1161 2169 1216 2215 et
1240 2162 1662 2220 Conversatione
1689 2170 1806 2232 sua,
1837 2183 2001 2236 quam
2033 2170 2160 2240 (una

579 2264 700 2302 cum
722 2246 958 2319 Epistola
988 2251 1058 2306 ad
1082 2250 1400 2308 Christianos
1425 2254 1648 2311 Corotici
1675 2261 1883 2329 tyranni
1905 2261 2158 2330 subditos,

580 2341 652 2393 ita
676 2341 819 2397 enim
848 2345 1046 2398 rectius
1074 2345 1161 2401 hic
1202 2347 1528 2416 inscribitur)
1559 2365 1626 2404 ex
1652 2354 2015 2409 vetustissimo
2054 2355 2159 2412 No-

580 2433 883 2490 biliacensis
895 2433 952 2489 S.
975 2435 1187 2492 Vedasti
1211 2441 1521 2495 monasterii
1561 2441 1746 2498 codice
1764 2446 1906 2498 eruit
1924 2446 2158 2502 Andreas

582 2523 740 2578 Denis
771 2526 1017 2593 Atrebas,
1049 2543 1080 2582 e
1109 2530 1369 2584 societate
1398 2529 1551 2597 Jesu;
1579 2532 1630 2586 in
1651 2533 1791 2588 Actis
1838 2546 2155 2604 sanctorum,

580 2621 728 2668 temo
754 2613 818 2668 Ill
837 2657 850 2680 ,
880 2619 1078 2672 mensis
1103 2617 1296 2684 Martii,
1329 2620 1394 2675 ad
1429 2621 1571 2676 diem
1594 2622 1681 2689 17,
1713 2638 1866 2695 pagg.
1896 2625 2154 2684 553-540.

650 2704 845 2761 Warmi
875 2709 1040 2764 editio
1080 2709 1440 2768 Bollandianis
1483 2714 1625 2770 haud
1667 2717 1930 2787 innotuit,
1963 2732 2021 2776 ut
2045 2723 2157 2793 jam

578 2797 880 2855 obscn'avit
900 2799 1227 2878 Gallandius.
1247 2801 1483 2875 Epistola
1502 2807 1572 2859 ad
1592 2805 1899 2878 Corolicum,
1921 2821 1980 2867 ut
1998 2813 2156 2886 vulgo

575 2892 785 2956 dicitur,
839 2893 889 2947 in
913 2893 1129 2951 laudato
1150 2911 1249 2951 ms.
1299 2895 1982 2962 Confessioni‘Patricianm
2007 2906 2156 2965 nullo

577 2983 713 3037 tituli
736 2983 1494 3058 discriminesubnectebatur,
1523 2993 1822 3051 diviserunt
1845 3007 2025 3054 autem
2048 3001 2157 3056 edi-

576 3083 719 3129 tores
746 3085 1026 3146 utramque
1055 3079 1336 3149 epistolam
1368 3084 1421 3138 in
1461 3087 1727 3144 sectiones
1751 3088 1954 3158 aliquot
1975 3093 2152 3148 mino-

575 3181 680 3230 res,
711 3167 943 3236 priorem
973 3169 1134 3222 ctiam
1181 3171 1233 3224 in
1279 3174 1454 3243 capita
1486 3171 1535 3228 5.
1587 3175 1736 3232 Notae
1765 3181 2032 3236 variantes
2059 3192 2152 3238 aut

2280 597 2426 654 Eccl.
2460 602 2686 658 Andreas
2707 603 2994 675 Gallandii,
3020 617 3152 664 tom.
3178 607 3244 676 X,
3271 625 3427 680 pagg.
3461 612 3722 683 159-182,
3753 633 3868 673 una

2279 708 2401 747 cum
2429 692 2638 766 Hymno
2665 695 2973 766 Secundini,
3005 715 3160 772 pagg.
3194 702 3316 771 185,
3349 704 3471 762 184.

2347 782 2656 842 Gallandius
2681 790 2938 858 opuscula
2966 795 3145 849 omnia
3183 796 3416 864 genuina
3444 805 3501 853 et
3542 797 3734 867 dubia,
3765 808 3871 858 aut

2277 877 2498 933 omnino
2524 877 2676 947 falsa,
2707 881 2825 938 sine
2852 885 3109 954 peculiari
3136 889 3352 958 quidem
3382 891 3537 948 titulo
3552 891 3705 962 juxta
3727 893 3865 951 Wa».

2276 966 2370 1021 ι·ιεί
2397 966 2700 1026 institutum
2725 971 3038 1045 descripsit;
3070 979 3298 1035 contulit
3330 989 3508 1038 tamen
3546 983 3863 1042 Bollandia-

2273 1069 2468 1113 norum
2487 1059 2778 1118 editionem
2797 1073 2853 1119 et
2872 1065 2926 1121 in
2946 1071 3204 1129 extremis
3228 1071 3437 1129 duobus
3456 1074 3650 1132 libellis
3671 1078 3863 1150 Augu-

2272 1146 2400 1202 stini
2426 1157 2483 1204 et
2526 1148 2780 1224 Cypriani
2827 1155 3066 1214 editores
3111 1161 3432 1220 novissimos
3474 1175 3690 1224 scelstus
3734 1146 3820 1226 est
3836 1211 3858 1239 ,

2272 1239 2427 1296 sicuti
2448 1241 2502 1296 in
2522 1241 2732 1314 Hymno
2752 1246 3040 1306 Secundini
3059 1251 3484 1328 Muratoriumjn
3506 1258 3707 1316 Anecd.
3731 1260 3858 1319 Lat.

2272 1337 2404 1386 tom.
2435 1331 2524 1400 IV,
2556 1349 2678 1406 pag.
2712 1335 2836 1403 156,
2869 1341 2960 1396 ubi
3001 1341 3055 1398 in
3104 1328 3492 1418 Antiphonario
3535 1355 3857 1410 monasterii

2269 1418 2660 1482 Benchorensis
2705 1437 2899 1486 exstat.
2942 1430 3078 1488 Hinc
3119 1434 3267 1505 larga
3305 1439 3554 1508 provenit
3578 1442 3856 1500 variarum

2269 1513 2561 1571 lectionum
2590 1527 2646 1573 et
2676 1521 3110 1581 emendationum
3137 1529 3312 1598 copia,
3343 1544 3462 1600 qua:
3485 1547 3608 1588 cum
3648 1536 3856 1594 notulis

2267 1619 2335 1660 ex
2375 1604 2589 1669 Warmo
2633 1617 2689 1665 et
2731 1609 2948 1670 Usserio
2993 1617 3330 1687 potissimum
3367 1621 3635 1694 decerptis
3676 1630 3851 1684 textui

2265 1695 2638 1766 subjiciuntur.
2682 1701 2918 1771 Diligens
2958 1715 3214 1776 praeterea
3263 1710 3331 1766 de
3371 1713 3584 1784 scriptis
3628 1715 3851 1774 Patricii

2265 1787 2572 1847 dissertatio
2621 1792 2820 1851 inserta
2861 1805 2943 1853 est
2989 1801 3404 1872 prolegomenis,
3453 1822 3574 1878 cap.
3619 1807 3674 1875 4,
3720 1825 3848 1882 pag.

2195 1873 2242 1935 Β
2272 1879 2391 1936 7-9.

2837 1982 2865 2056 §
2905 1982 2994 2040 ιν.
3042 1984 3272 2043 Codices.

2265 2071 2286 2114 Ξ
2337 2065 2538 2123 Partim
2559 2071 2698 2141 apud
2720 2071 3007 2131 Britannos
3025 2085 3080 2134 et
3109 2076 3371 2136 Hibernos
3390 2083 3671 2141 domestici
3699 2097 3843 2154 sunt,
3935 2127 3938 2132 -

2265 2159 2458 2227 partim
2488 2160 2767 2220 Gallicani.
2793 2163 3067 2224 Prioribus
3085 2171 3421 2241 potissimum
3442 2191 3573 2248 usus
3600 2188 3682 2234 est
3711 2178 3844 2234 Wa-

2264 2263 2418 2316 raeus,
2451 2252 2717 2323 videlicet,
2750 2255 2814 2308 1⁸
2852 2275 2954 2312 uno
3001 2259 3250 2318 Ecclesia
3293 2265 3636 2324 Annae/tante
3665 2271 3715 2325 in
3748 2269 3844 2326 Hi-

2262 2341 2469 2410 bernia,
2499 2347 2588 2414 qui
2618 2357 2813 2417 praeter
2839 2349 3243 2410 Confessionem
3286 2355 3344 2411 8.
3387 2355 3633 2427 Patricii,
3676 2361 3841 2422 Biblia

2261 2449 2414 2490 sacra
2443 2451 2474 2490 e
2498 2432 2746 2496 versione
2770 2440 3099 2516 Hieronymi,
3124 2455 3180 2500 et
3207 2449 3629 2520 antiquissimum
3657 2470 3845 2511 exem~

2261 2525 2380 2596 plar
2405 2525 2619 2598 Sulpitii
2648 2530 2832 2588 Severi
2854 2534 2921 2589 de
2941 2535 3060 2591 Vita
3081 2536 3138 2593 S.
3162 2538 3372 2596 Martini
3403 2545 3641 2616 episcopi
3665 2547 3844 2604 Turo-

2260 2622 2442 2677 nensis
2461 2625 2788 2682 continebat.
2815 2627 2988 2686 Tanto
3007 2631 3133 2686 olim
3156 2633 3208 2688 in
3228 2635 3404 2705 pretio
3424 2636 3663 2694 habitum
3680 2640 3844 2696 fuisse

2260 2710 2400 2767 hunc
2446 2714 2688 2771 codicem
2742 2719 2992 2776 observat
3037 2721 3297 2792 Warmns,
3350 2735 3408 2782 ut
3455 2728 3653 2787 familia
3697 2732 3844 2790 Μίδας

2259 2803 2568 2891 Moyeriana
2605 2813 2840 2868 tenuerit
2887 2823 3056 2871 terras
3100 2833 3132 2872 a
3175 2818 3304 2875 sede
3351 2820 3721 2891 Armachana,
3773 2828 3844 2884 ob

2257 2897 2457 2953 salvam
2479 2889 2621 2957 illius
2640 2902 2842 2959 codicis
2866 2907 3162 2964 custodiam
3187 2927 3202 2959 τ
3228 2926 3422 2984 nempe
3441 2929 3689 2986 magnam
3704 2889 3843 2976 huic

2257 2988 2392 3044 libro
2437 2993 2840 3050 venerationem
2868 2998 3175 3055 conciliavit
3201 3002 3433 3072 vulgaris
3461 3007 3647 3078 Opinio
3664 3049 3679 3074 ,
3712 3026 3840 3067 eum

2256 3098 2418 3138 manu
2447 3084 2612 3156 ipsius
2641 3086 2858 3145 Patricii
2888 3089 3053 3148 fuisse
3094 3103 3393 3152 exaratum.
3423 3096 3551 3165 Quae
3578 3104 3842 3172 quodam.

2255 3177 2415 3232 modo
2430 3178 2712 3250 adiuvatur
2731 3182 2814 3238 his
2837 3183 3011 3240 verbis
3031 3185 3097 3240 ad
3117 3186 3319 3244 calcem
3338 3190 3539 3248 codicis
3559 3196 3839 3267 ascriptis:

573 3256 975 3313 emendationes
1002 3261 1361 3330 suppeditant.
1395 3263 1648 3348 Sequitur
1679 3268 1793 3324 Vita
1835 3271 1891 3326 8.
1936 3271 2152 3331 Patricii

2257 3266 2376 3323 Huc
2403 3287 2561 3341 usque.
2587 3273 2840 3340 volumen,
2881 3277 3018 3348 quod
3047 3276 3309 3336 Patricius
3331 3299 3490 3336 manu
3532 3251 3842 3358 conscrfips—it

572 3357 790 3404 auctore
817 3347 1075 3415 Jocelino,
1112 3347 1648 3424 praemittiturautem
1675 3361 1884 3433 amplus
1909 3362 1977 3418 de
2005 3363 2150 3434 ejus-

571 3439 691 3495 dem
739 3442 900 3497 rebus
945 3440 1412 3500 Bollandianorum
1456 3453 1890 3522 commentarius,
1939 3456 1992 3510 in
2041 3471 2150 3526 quo

500 3606 503 3607 7
572 3533 772 3600 singula
805 3534 944 3590 illius
965 3546 1236 3593 momenta
1266 3550 1516 3596 accurate
1537 3545 1929 3614 expenduntur.

1161 3668 1376 3710 SECULO
1406 3672 1548 3713 XVIII.

1290 3745 1446 3801 1726.

642 3852 865 3920 Uxonii,
915 3855 1054 3911 in-8.
1104 3855 1303 3914 Charta
1351 3857 1407 3914 8.
1461 3857 1674 3918 Patricii
1716 3863 1785 3919 de
1830 3867 2147 3939 antiquitate

571 3943 888 4014 Avalonica;
919 3951 972 4004 in
997 3947 1219 4007 Joannis
1241 3951 1628 4013 Glastoniensis
1655 3955 1894 4012 Historia
1914 3961 1978 4013 de
1997 3963 2146 4017 rebus

567 4035 1009 4098 Glastoniensibus
1037 4060 1105 4101 ex
1144 4047 1232 4102 ed.
1264 4047 1361 4104 Th.
1411 4047 1660 4122 Hearnii,
1714 4061 1843 4108 tom.
1885 4052 1937 4117 l,
1983 4068 2138 4126 pagg.

563 4130 756 4188 65-66.

1263 4233 1423 4290 1757.

633 4315 886 4396 Londini,
931 4321 1109 4377 in-fol.
1140 4324 1390 4396 Synodus
1428 4336 1483 4382 et
1528 4344 1762 4387 canones
1801 4333 1859 4388 S.
1909 4333 2140 4393 Patricio

562 4394 804 4478 ascripti;
852 4411 904 4465 in
951 4411 1082 4467 Dav.
1117 4394 1343 4471 Wilkins
1383 4417 1580 4474 Concil.
1629 4418 1707 4474 Π.
1758 4419 2046 4480 Britannia:
2089 4435 2140 4480 et

563 4496 848 4566 Hiberniae,
894 4511 1024 4557 tom.
1066 4504 1106 4570 Ι,
1136 4519 1292 4576 pagg.
1320 4507 1440 4563 2-7.
1491 4509 1755 4579 Subjecttc
1800 4523 1923 4568 sunt
1967 4517 2137 4571 textui

560 4597 699 4644 noue
725 4599 782 4646 et
805 4593 964 4648 variae
991 4594 1267 4652 lectiones.

1263 4692 1287 4745 1
1301 4693 1419 4748 748.

628 4774 801 4845 Luca,
834 4779 1014 4836 in-fol.
1041 4781 1288 4842 Canones
1315 4786 1372 4841 S.
1400 4786 1632 4845 Patricio
1660 4791 1876 4862 ascripti
1904 4807 1973 4849 ex
2003 4791 2132 4849 Wa-

555 4881 666 4922 rmo
694 4869 747 4924 iu
773 4868 926 4926 Joan.
949 4873 1104 4930 Dom.
1137 4874 1301 4932 Mansi
1323 4877 1520 4934 Concil.
1543 4880 1760 4953 .Suppl.,
1784 4893 1917 4940 tom.
1940 4885 1980 4950 Ι,
2007 4900 2128 4957 pag.

553 4955 675 5011 538.

1262 5063 1417 5118 1761.

623 5143 928 5216 Florentia,
962 5151 1141 5206 in-fol.
1174 5153 1422 5227 Synodus
1464 5158 1520 5213 8.
1551 5159 1788 5227 Patricii,
1832 5163 2027 5219 Auxilii
2072 5175 2127 5222 et

548 5234 815 5306 lssernini,
841 5258 961 5298 cum
983 5243 1282 5314 additione;
1306 5265 1542 5308 canones
1562 5253 1619 5308 8.
1639 5253 1868 5311 Patricio
1888 5258 2124 5328 ascripti,
2215 5283 2220 5288 ⁴

547 5333 781 5401 synodus
808 5333 911 5388 alia
937 5335 994 5390 8.
1022 5334 1265 5404 Patricii;
1314 5341 1365 5394 in
1410 5341 1567 5399 Joan.
1601 5345 1750 5399 Dom.
1797 5347 1962 5402 Mansi
2003 5349 2124 5404 Col-

547 5421 760 5477 lectione
789 5425 1021 5495 ampliss.
1045 5431 1253 5498 concil.,
1281 5439 1389 5498 tom
1423 5431 1504 5497 Vl,
1537 5449 1690 5504 pagg.
1732 5436 1989 5492 fili-528.
2023 5439 2125 5494 Ca-

548 5529 703 5567 nones
727 5514 955 5571 Patricio
991 5522 1220 5589 ascripti,
1251 5525 1406 5591 quasi
1433 5527 1621 5581 omissi
1652 5527 1901 5595 fuissent,
1931 5531 2122 5584 iterum

547 5607 796 5676 exscripti
823 5619 946 5665 sunt
970 5611 1037 5666 ad
1076 5613 1278 5670 calcem
1301 5617 1429 5671 tomi
1463 5616 1566 5684 νυ,
1595 5633 1717 5688 pag.
1751 5619 1904 5674 1187.

1256 5731 1414 5787 1774.
1488 5781 1491 5783 ,

633 5832 852 5890 Venetiis
899 5856 963 5894 ex
1005 5850 1207 5914 typogr.
1248 5842 1417 5898 Joan.’
1458 5844 1608 5911 Bapt.
1651 5846 1888 5910 Albi-itii,
1939 5845 2114 5902 iu-fol.

2253 3377 2349 3414 sua
2370 3377 2389 3414 :
2422 3370 2478 3416 et
2503 3362 2724 3432 deinde;
2755 3369 2971 3436 septima
3007 3369 3208 3425 decima
3234 3370 3419 3428 Martii
3444 3375 3529 3429 die
3552 3380 3838 3436 translatus

2252 3461 2329 3505 est
2349 3450 2608 3509 Patricius
2637 3457 2708 3510 ad
2724 3459 2896 3515 catos.
2927 3459 2996 3514 At
3029 3477 3096 3517 ex
3123 3461 3452 3520 characteris
3476 3480 3677 3536 genere
3703 3475 3838 3530 satis

2252 3543 2458 3614 liquere
2502 3557 2688 3603 monet
2729 3549 2971 3608 Warzeus
3000 3569 3106 3609 non
3148 3558 3534 3629 autographum
3561 3576 3699 3630 esse,
3736 3565 3835 3622 sed

2253 3635 2410 3706 longe
2436 3640 2725 3708 posteriori
2748 3657 2864 3698 :cvo
2895 3646 3293 3718 transcriptum.

2320 3726 2378 3780 2'
2411 3728 2526 3786 Uno
2548 3747 2614 3787 ex
2634 3733 2957 3792 bibliotheca
2982 3737 3044 3792 D.
3077 3738 3260 3796 Thom.
3289 3739 3497 3800 Cottoni
3515 3744 3812 3815 Baronetti,

2248 3820 2392 3875 circa
2421 3837 2619 3878 annum
2647 3823 2847 3882 Christi
2875 3828 3212 3887 millesimum
3239 3841 3474 3901 exarata,
3503 3837 3595 3906 qui
3616 3831 3840 3908 praeter.

2248 3911 2385 3967 hanc
2421 3913 2808 3988 Confessionem
2837 3928 2892 3974 et
2916 3919 3206 3992 Epistolam
3232 3924 3298 3978 ad
3323 3924 3640 3994 Coroticum,
3667 3932 3825 3989 varia

2247 4005 2578 4075 antiquitatis
2616 4009 2683 4063 ad
2720 4007 3030 4066 Hiberniam
3075 4016 3368 4085 spectantia
3394 4031 3740 4075 monumenta
3773 4030 3828 4077 et

2249 4095 2422 4151 Vitam
2448 4096 2505 4152 S.
2530 4098 2714 4156 Fursei
2736 4101 2953 4159 Hiberni
2982 4114 3203 4162 auctore
3228 4123 3352 4163 saec.
3376 4125 3446 4165 vn
3475 4117 3530 4166 et
3557 4111 3736 4167 Vitam
3765 4113 3824 4168 8.

2246 4185 2470 4256 Brigidm
2496 4192 2714 4259 virginis
2743 4203 2963 4250 auctore
2985 4194 3240 4266 Cogitoso
3260 4201 3588 4257 continebat.

2314 4278 2372 4333 5°
2401 4289 2457 4335 et
2483 4281 2541 4335 4·
2571 4284 2714 4340 Binis
2762 4285 3020 4344 Ecclesia:
3062 4289 3472 4349 Sarisburiensis
3519 4297 3570 4352 in
3612 4297 3828 4368 Anglia,

2242 4371 2333 4441 qui
2355 4381 2635 4445 utramque
2648 4377 3036 4452 Confessioan
3056 4391 3110 4440 et
3131 4381 3422 4457 Epistulam
3443 4390 3513 4443 ad
3531 4389 3824 4448 Corotirum

2241 4466 2754 4535 complectebantur.

2313 4555 2375 4608 5°
2404 4559 2582 4616 Altero
2603 4561 2941 4621 bibliotheca:
2979 4567 3304 4626 Cottoniana?
3327 4569 3820 4640 Westmonastcrii,

2162 4631 2294 4702 Din
2337 4652 2713 4721 quosparsim
2756 4651 2790 4707 9
2836 4672 3059 4712 canones
3127 4658 3358 4718 Patricio
3430 4663 3818 4720 attribuuntur.

2239 4740 2494 4798 Vetustus
2515 4744 2653 4800 liber
2673 4739 2809 4812 erat,
2845 4749 3142 4822 descriptus
3166 4753 3649 4823 Anglo-Saxonicis
3680 4766 3820 4812 tem—

2236 4833 2456 4904 poribus
2483 4843 2538 4891 et
2565 4838 2821 4907 pertinuit
2853 4841 2980 4897 olim
3015 4843 3082 4898 ad
3115 4845 3417 4900 cmnobium
3445 4845 3502 4901 S.
3535 4847 3820 4917 Augustini

2234 4924 2554 4985 Cantuariis.
2749 4923 2752 4925 Α

2304 5019 2362 5072 6°
2394 5019 2510 5075 Uno
2535 5020 2873 5080 bibliothecae
2905 5027 3193 5082 secretioris
3227 5027 3431 5101 collegii
3455 5029 3518 5085 S.
3551 5027 3816 5085 Benedicti

2233 5108 2581 5184 Cantabrigia:
2599 5130 2745 5169 num.
2771 5115 2892 5183 221,
2915 5118 3116 5190 scripto
3142 5119 3334 5177 litteris
3356 5121 3684 5190 majusculls,
3719 5122 3816 5178 sed

2234 5203 2368 5288 adeo
2405 5207 2561 5273 asgris
2588 5207 2793 5276 aliquot
2821 5209 2876 5263 in
2905 5209 3067 5277 locis,
3113 5220 3171 5266 ut
3209 5213 3326 5279 sine
3366 5215 3554 5269 critica
3593 5215 3815 5272 licentia

2233 5312 2338 5350 non
2360 5297 2624 5352 sanabiles
2645 5314 2764 5354 esse
2783 5299 3012 5355 fateatur
3034 5301 3295 5359 Warmus.
3316 5302 3639 5360 Continebat
3660 5323 3816 5376 synoc

2229 5392 2350 5443 dum
2380 5389 2615 5457 Patricii,
2635 5392 2828 5447 Auxilii
2850 5403 2897 5446 et
2922 5393 3173 5449 lssernini
3205 5411 3236 5450 a
3263 5382 3623 5466 speelmanno
3649 5407 3814 5453 antea

2231 5479 2434 5551 (nescio
2454 5498 2522 5538 ex
2549 5499 2656 5552 quo
2683 5487 2999 5556 exemplari)
3030 5487 3232 5543 editum
3253 5497 3309 5543 et
3328 5489 3464 5544 alios
3482 5505 3721 5546 canones
3746 5490 3813 5546 S.

2230 5573 2460 5630 Patricio
2488 5577 2766 5647 ascriptos.
2805 5577 2881 5631 Ex
2919 5581 3193 5649 utriusque
3217 5581 3618 5650 comparatione
3644 5580 3814 5651 paulo

2228 5668 2593 5724 emendatiora
2621 5669 2768 5724 dedit
2796 5671 3046 5727 laudatus
3073 5673 3267 5728 editor.

2300 5759 2353 5814 7°
2377 5761 2536 5816 Libro
2558 5778 2656 5817 ms.
2679 5761 2945 5818 Guilielmi
2971 5763 3454 5822 Malmesburiensis
3474 5765 3544 5821 de
3565 5762 3814 5837 Antiqui-
3840 5839 3846 5843 _

2229 5860 2337 5907 tale
2384 5852 2632 5911 Ecclesiae
2677 5855 3098 5921 Glastoniensis,
3146 5866 3359 5912 servato
3395 5860 3450 5913 in
3478 5857 3815 5918 bibliotheca
