4140 6346
1667 335 2053 393 CONFESSIO.

3391 341 3501 406 80!

230 463 583 526 Cottoniana;
631 475 698 516 ex
742 473 849 529 quo
879 459 1142 526 integrum
1184 453 1461 525 exemplar
1506 450 1706 507 charta:
1749 449 1816 506 de
1840 461 1890 519 Α
1917 450 2029 507 Jac.
2054 449 2343 506 Sirmondo
2363 451 2686 520 descriptam
2707 449 2872 506 edunt
2893 448 3056 505 Henr.
3080 451 3490 520 Spcelmannus.

228 555 447 626 Origine
476 551 764 608 Avalonica
793 549 1142 619 descriptum.

296 647 458 703 Hisce
501 643 820 700 Britannicis
847 657 912 696 ac
939 641 1191 695 Hibernis
1229 638 1504 696 codicibus
1536 653 1568 691 a
1597 633 1810 690 War-aio

229 737 496 809 usurpatis
525 731 999 792 annumerabimus
1024 731 1145 786 loco

293 832 355 886 8'
383 831 484 887 Ms.
527 829 739 898 collegii
766 825 1023 898 Corporis
1049 825 1247 880 Christi
1273 821 1631 890 Cantabrigize
1669 819 1806 889 sign.

224 927 270 980 0
299 923 390 990 20,
422 938 491 978 ex
510 937 620 993 quo
638 919 867 993 synodus
895 917 1114 972 Patricii
1142 916 1282 988 apud
1301 914 1637 969 Wilkinsium
1659 911 1802 968 edita

227 1027 332 1075 est.

281 1111 382 1179 (Ad
411 1109 716 1166 Gallicanos
743 1112 922 1160 autem
953 1103 1256 1174 pertinent:

297 1202 353 1255 l'
375 1201 474 1258 Ms.
491 1201 627 1257 liber
643 1196 1041 1270 Andegavensis,
1059 1211 1127 1251 ex
1141 1209 1248 1264 quo
1265 1192 1518 1264 synodum
1541 1190 1762 1246 Patricii
1779 1203 1810 1244 a

1910 541 2077 611 Hujus
2121 541 2284 596 etiam
2331 539 2522 611 synodi
2550 542 2602 596 in
2643 540 2828 597 codice
2857 539 3230 609 Andegaveusi
3257 551 3314 598 et
3355 544 3496 600 alius

1908 632 2208 690 Hibernica:
2234 634 2287 687 in
2316 632 2503 688 codice
2529 634 2763 702 quodam
2791 633 3121 690 Floriaceusi
3157 636 3493 706 reperiunda:

1909 726 2152 782 meminit
2180 725 2316 782 Phil.
2352 723 2599 782 Labbeus
2626 729 2678 782 in
2717 725 2858 783 Bibl.
2889 739 3028 782 nova
3075 740 3203 782 mss.
3235 733 3494 784 monente

1909 819 2145 875 Warmo.

1980 835 2089 876 ara:
2130 859 2145 874 .

1977 910 2036 964 2°
2082 835 2181 965 ξιξ.
2212 910 2348 965 liber
2387 908 2770 966 Nobiliacensis
2817 910 2878 966 S.
2932 910 3143 966 Vedasti
3189 912 3490 967 monasterii

1911 1002 2159 1069 Atrebati,
2182 1017 2248 1057 ex
2269 1017 2374 1071 quo
2395 999 2778 1073 Confessionem
2803 1008 2863 1058 et
2878 1000 3168 1072 Epistolam
3193 1001 3264 1056 ad
3290 1000 3492 1058 Ceroti-

1913 1111 2028 1150 cum
2056 1093 2337 1151 ediderunt
2365 1091 2716 1150 Bollaudiani.

231 1343 3466 1372 mm

929 1543 986 1610 ὣ

1131 1477 1189 1561 S
1207 1538 1224 1558 .
1292 1473 1823 1615 ῌΑΤΒΙΟΙΙ
1896 1470 2533 1572 CONFESSI-O
2552 1535 2579 1580 ν

1304 1651 1354 1692 IN
1394 1649 1650 1691 EPISTOLA
1686 1649 1755 1687 AD
1794 1647 2051 1689 HIBBINOS
2086 1649 2401 1694 εχνιιωτλ.

288 1872 326 1926 Ι.
357 1869 468 1938 Ego
496 1864 754 1921 Patricius
772 1869 1045 1934 peccator,
1064 1858 1448 1915 rusticissimus
1472 1865 1527 1912 et
1547 1855 1798 1913 minimus
1825 1864 1874 1925 Β
1899 1859 2189 1926 Christum,
2206 1875 2366 1930 quem
2385 1875 2508 1916 cum
2531 1859 2689 1917 Patre
2709 1863 2912 1920 scilicet
2930 1864 3093 1921 fuisse
3107 1881 3319 1938 semper
3335 1879 3490 1928 testa.

213 1963 455 2020 omnium
487 1957 750 2021 ﬁdelium,
771 1963 826 2010 et
853 1950 1440 2022 contemptibilissimus
1480 1947 1618 2019 apud
1647 1949 1809 2018 pluri-

212 2071 358 2120 mos,
411 2060 618 2124 patrem
671 2047 834 2103 habui
879 2044 1226 2114 Calpornium
1281 2041 1580 2106 diaeonem,
1640 2040 1804 2095 lilium

211 2147 483 2217 quondam
510 2141 672 2198 Potiti
701 2137 1017 2211 presbyteri,
1054 2145 1080 2173 ι
1121 2134 1211 2204 qui
1239 2133 1336 2188 fuit
1381 2134 1435 2186 in
1477 2133 1598 2188 vico
1626 2131 1824 2188 Bona--

211 2253 335 2294 vem
363 2233 641 2291 Taberniue
673 2248 687 2283 :
734 2228 763 2267 ιι
802 2227 1036 2282 villulam
1065 2224 1218 2280 Enon
1266 2237 1435 2294 prope
1479 2221 1684 2284 habuit,
1715 2219 1808 2278 ubi

210 2340 494 2402 capturam
520 2324 662 2381 dedi.
694 2322 970 2377 Annorum
1017 2332 1167 2374 eram
1219 2324 1347 2370 tunc
1394 2314 1506 2368 fere
1545 2313 1802 2368 sedecim.

215 2436 241 2466 ε
267 2426 433 2481 Deum
460 2434 646 2475 verum
675 2414 1016 2486 ignorabam;
1047 2419 1103 2467 et
1130 2411 1156 2448 α
1187 2409 1477 2465 lliberione
1497 2409 1550 2462 in
1577 2407 1805 2478 captivi-

209 2525 325 2571 tate
351 2513 609 2568 adductus
629 2524 769 2572 sum,
790 2519 912 2561 cum
928 2511 1009 2559 tot
1028 2501 1260 2557 millibus
1287 2500 1584 2565 hominum,
1610 2514 1806 2554 secun-

209 2607 339 2664 dum
367 2603 559 2658 merita
584 2606 787 2664 nostra,
814 2595 938 2669 quia
967 2611 997 2648 a
1023 2593 1140 2648 Deo
1157 2591 1474 2647 recessimus
1519 2598 1574 2645 et
1602 2605 1804 2660 praece-

209 2706 305 2766 pta
351 2693 466 2764 ejus
494 2707 601 2747 non
646 2687 1058 2749 custodivimus,
1090 2691 1145 2737 et
1190 2680 1558 2736 sacerdotibus
1607 2680 1805 2734 nostris

210 2803 325 2842 non
351 2785 663 2841 obedientes
682 2781 894 2842 fuimus,
915 2776 1008 2847 qui
1035 2783 1274 2830 nostram
1294 2773 1522 2828 salutem
1545 2771 1802 2828 admone-

205 2879 343 2933 bant
367 2896 379 2929 :
403 2885 459 2930 et
484 2873 744 2947 Dominus,
768 2869 976 2924 induxit
1001 2882 1164 2938 super
1187 2882 1288 2922 nos
1310 2875 1332 2904 ο
1358 2865 1492 2921 iram
1520 2866 1804 2921 animatio-

205 2969 295 3022 nis
323 2981 452 3031 suae,
499 2971 553 3018 et
581 2961 830 3032 dispersit
883 2974 983 3016 nos
1010 2959 1064 3014 in
1111 2959 1360 3028 gentibus
1407 2958 1608 3021 multis,
1638 2958 1802 3013 etiam

205 3074 377 3129 usque
405 3057 471 3111 ad
492 3054 733 3111 ultimum
763 3061 952 3118 terrae,
985 3052 1076 3108 ubi
1105 3067 1246 3107 nunc
1271 3051 1512 3122 parvitas
1536 3066 1652 3104 mea
1683 3065 1802 3105 esse

202 3151 416 3206 videtur
436 3150 574 3204 inter
599 3147 946 3215 alienigenas.
977 3143 1044 3198 Et
1071 3144 1143 3199 ibi
1168 3143 1425 3200 Dominus
1452 3142 1662 3214 aperuit
1682 3158 1802 3198 sen-

1907 1965 2044 2016 mur,
2069 1956 2195 2006 ante
2214 1951 2472 2019 originem
2495 1951 2693 2019 sazculi,
2715 1954 3063 2025 spiritualiter
3084 1958 3225 2027 apud
3253 1958 3487 2029 Patrem,

1909 2042 2338 2098 inenarrabiliter
2363 2035 2600 2111 genitum
2621 2053 2746 2100 ante
2772 2061 2931 2102 omne
2953 2049 3290 2120 principium,
3321 2059 3376 2108 et
3394 2068 3490 2123 per

1907 2131 2079 2202 ipsum
2095 2131 2235 2188 facta
2249 2141 2372 2190 sunt
2385 2133 2610 2189 visibilia
2622 2142 2678 2190 et
2692 2135 2990 2201 invisibilia,
3007 2138 3275 2194 hominem
3292 2139 3488 2200 factum

1907 2222 2114 2278 devicta
2135 2231 2326 2289 morte,
2345 2223 2406 2294 in
2426 2225 2592 2280 ccelos
2611 2225 2677 2279 ad
2699 2223 2913 2282 Patrem
2940 2235 3235 2300 receptum.
3262 2229 3325 2285 Et
3343 2232 3490 2289 dedit

1908 2311 1985 2366 illi
2004 2327 2217 2368 omnem
2245 2321 2570 2384 potestatem
2591 2332 2744 2386 super
2764 2333 2912 2372 omne
2931 2335 3115 2373 nomen
3136 2321 3414 2377 caelestium
3440 2333 3488 2377 et

1909 2408 2226 2461 terrestrium
2252 2415 2302 2461 et
2327 2409 2670 2478 infernarum,
2694 2418 2750 2462 ut
2771 2412 2937 2465 omnis
2960 2412 3137 2482 lingua
3165 2416 3489 2486 conﬁteatur,

1905 2493 2306 2562 quia'Dominus
2334 2507 2390 2554 et
2427 2498 2570 2554 Deus
2607 2510 2684 2554 est
2727 2499 2876 2556 Jesus
2905 2503 3136 2558 Christus
3177 2505 3398 2576 (Philip.
3433 2525 3490 2574 ιι,

1907 2589 1994 2656 10,
2027 2588 2150 2659 ll):
2181 2604 2342 2660 quem
2368 2591 2654 2657 credimus,
2703 2600 2759 2649 et
2797 2604 3172 2665 exspectamus
3204 2598 3490 2658 adventum

1904 2679 2107 2750 ipsius;
2149 2696 2275 2736 mox
2304 2682 2512 2737 futurus
2552 2682 2717 2751 judex
2764 2685 3010 2741 vivorum
3042 2697 3097 2742 et
3134 2698 3488 2757 mortuorum,

1903 2772 1996 2841 qui
2024 2770 2212 2826 reddet
2257 2771 2545 2843 unicuique
2571 2775 2865 2830 secundum
2901 2776 3042 2833 facta
3070 2795 3185 2848 sua,
3217 2788 3273 2836 et
3300 2781 3490 2839 infudit

1904 2864 1958 2919 in
1989 2864 2143 2919 nobis
2170 2865 2382 2920 abunde
2409 2865 2638 2935 Spiritus
2666 2869 2836 2923 sancti
2864 2869 3064 2926 donum
3093 2879 3148 2927 et
3175 2874 3368 2942 pignus
3393 2877 3491 2930 im-

1903 2956 2266 3021 mortalitatis,
2287 2957 2380 3026 qui
2409 2956 2535 3012 facit
2561 2958 2842 3016 credentes
2865 2970 2921 3016 et
2948 2962 3279 3029 obedientes,
3305 2977 3364 3022 ut
3383 2967 3488 3025 sint

1903 3048 1996 3102 lilii
2024 3047 2122 3103 Dei
2149 3049 2320 3104 Patris
2345 3057 2400 3104 et
2425 3050 2734 3107 cohaeredes
2747 3051 2966 3119 Christi,
2985 3070 3143 3124 quem
3172 3056 3490 3116 confitemur

1901 3147 1959 3194 et
1982 3139 2292 3206 adoramus,
2319 3157 2482 3196 unum
2511 3142 2678 3197 Deum
2707 3144 2759 3199 in
2790 3142 3050 3202 Trinitate
3072 3149 3210 3203 sacri
3238 3151 3489 3210 nominis.

200 3258 325 3298 sum
357 3239 744 3297 incredulitatis
783 3253 939 3302 meae,
973 3245 1031 3290 ut
1082 3236 1168 3291 vel
1209 3251 1330 3291 sero
1379 3251 1793 3290 rememorarem
1820 3241 1867 3304 ο
1899 3229 2017 3301 Ipse
2041 3232 2185 3286 enim
2211 3231 2347 3287 dixit
2373 3247 2471 3302 per
2497 3233 2816 3304 prophetam
2843 3253 2855 3288 :
2889 3234 3083 3293 Invoca
3102 3255 3196 3308 me
3208 3241 3262 3292 in
3293 3240 3376 3294 die
3399 3243 3488 3295 tri-

199 3333 402 3389 delicta
433 3347 574 3394 mea,
606 3338 662 3386 et
710 3337 768 3384 ut
795 3335 1140 3384 converterer
1187 3335 1302 3382 toto
1331 3327 1494 3382 corde
1521 3326 1588 3382 ad
1617 3325 1798 3382 Domi-

199 3443 337 3482 ιιιιι
365 3424 534 3480 Deum
572 3436 784 3486 meum;
814 3419 904 3489 qui
932 3418 1170 3490 respexit
1217 3413 1571 3472 humilitatem
1599 3431 1797 3484 meam,

203 3527 267 3574 et
293 3516 546 3571 misertus
583 3520 667 3569 est
711 3511 1085 3569 adolescentia:
1113 3516 1168 3564 et
1195 3509 1508 3578 ignorantia:
1550 3524 1712 3574 meae,
1744 3517 1802 3564 et

198 3606 499 3666 custodivit
548 3620 635 3660 me
681 3611 965 3672 antequam
1010 3601 1200 3657 scirem
1229 3615 1371 3666 eum,
1414 3608 1471 3654 et
1509 3607 1799 3668 antequam

197 3715 450 3773 saperem
495 3698 581 3753 vel
626 3696 1007 3764 distinguerem
1047 3694 1185 3749 inter
1230 3694 1431 3748 bonum
1480 3700 1536 3747 et
1573 3691 1795 3758 malum,

195 3803 258 3850 et
286 3791 516 3849 munivit
541 3805 628 3846 me
648 3798 703 3844 et
726 3789 1036 3845 consolatus
1061 3794 1143 3844 est
1165 3801 1274 3850 me,
1303 3793 1362 3840 ut
1391 3793 1543 3856 pater
1572 3782 1755 3838 lilium.

273 3883 338 3940 H.
367 3882 519 3938 Unde
547 3888 727 3935 autem
756 3887 936 3933 tacere
965 3894 1072 3932 non
1100 3891 1339 3946 possum,
1371 3889 1547 3943 neque
1575 3873 1794 3943 expedit

195 3977 442 4049 quidem,
465 3980 610 4028 tanta
635 3970 891 4027 benelicia
921 3977 975 4024 et
1003 3977 1202 4022 tantam
1224 3967 1450 4036 gratiam
1477 3980 1638 4035 quam
1665 3965 1793 4020 mihi

195 4067 248 4139 (τ
285 4065 544 4122 Dominus
572 4059 846 4134 praistare)
875 4059 1120 4127 dignatus
1151 4057 1276 4126 (est)
1308 4057 1360 4110 in
1391 4064 1532 4110 terra
1573 4055 1798 4124 captivi-

195 4158 493 4213 tatismem
535 4171 548 4206 :
602 4151 727 4222 quia
774 4150 890 4204 haec
916 4156 999 4203 est
1027 4145 1307 4202 retributio
1346 4152 1547 4209 nostra,
1588 4153 1648 4198 ut
1675 4151 1799 4214 post

193 4247 596 4305 correctionem
645 4242 730 4298 vel
785 4239 1113 4309 agnitionem
1166 4237 1260 4291 Dei
1314 4227 1692 4300 exaltaremur,
1741 4241 1798 4290 et

193 4339 586 4397 conﬁteremur
612 4332 878 4390 mirabilia
904 4331 1022 4401 ejus
1049 4345 1230 4385 coram
1260 4327 1405 4383 omni
1429 4327 1648 4388 natione
1676 4341 1797 4398 qua:

192 4439 286 4487 est
313 4429 414 4484 sub
442 4425 589 4482 omni
606 4425 744 4482 caelo
778 4441 791 4477 :
823 4423 946 4493 quia
972 4438 1081 4476 non
1109 4427 1192 4475 est
1220 4419 1355 4474 alius
1377 4419 1534 4483 Deus,
1568 4433 1668 4473 nec
1697 4433 1797 4496 un—

192 4530 366 4594 quam
413 4520 514 4574 fnit
537 4533 637 4573 uec
663 4517 766 4572 erit
809 4524 934 4586 post
960 4517 1119 4578 hunc,
1151 4521 1346 4584 prmter
1370 4511 1534 4566 Deum
1582 4508 1792 4564 Patrem

1901 3321 2178 3378 bulationis
2207 3331 2329 3390 tuae,
2358 3332 2408 3378 et
2432 3324 2658 3380 liberabo
2689 3334 2756 3390 te,
2784 3335 2836 3381 et
2857 3328 3214 3399 magniﬁcabis
3247 3346 3326 3383 me
3355 3331 3486 3394 (Jer.

1902 3429 2048 3479 nix,
2081 3412 2178 3479 l2;
2210 3411 2359 3468 Psal.
2391 3429 2556 3482 Lxxx,
2603 3414 2682 3485 8).
2714 3414 2782 3470 Et
2823 3417 3015 3471 iterum
3061 3417 3232 3486 inquit
3269 3437 3281 3472 :
3317 3423 3488 3491 Opera

1900 3513 2073 3558 aiitem
2105 3503 2196 3558 Dei
2226 3504 2449 3559 revelare
2489 3512 2536 3558 et
2565 3505 2799 3576 conﬁteri
2841 3505 3186 3578 honoriﬁcum
3229 3519 3307 3564 est
3336 3509 3488 3580 (Tob.

1899 3611 1996 3665 xu,
2027 3596 2104 3666 7).

1969 3684 2056 3740 lll.
2089 3684 2288 3740 Tamen
2334 3686 2436 3741 etsi
2477 3685 2532 3740 in
2572 3686 2753 3743 multis
2801 3675 3146 3760 imperfectus
3187 3709 3326 3760 sum,
3359 3704 3486 3766 opto

1898 3775 2092 3830 fratres
2117 3784 2172 3830 et
2197 3784 2458 3844 cognatos
2487 3791 2638 3831 meos
2671 3777 2809 3833 scire
2836 3780 3151 3848 qualitatem
3201 3797 3397 3848 meam,
3432 3792 3486 3840 ut

1898 3867 2106 3938 possint
2131 3867 2436 3936 perspicere
2464 3874 2646 3921 votum
2692 3868 2883 3922 animae
2927 3885 3082 3925 meae.
3132 3870 3246 3927 Non
3296 3873 3486 3940 ignoro

1897 3956 2260 4011 testimonium
2308 3955 2517 4010 Domini
2556 3970 2660 4010 met
2742 3957 2832 4026 qui
2872 3957 2924 4012 in
2970 3960 3178 4029 psalmo
3218 3969 3483 4018 testatur:

1898 4046 2093 4100 I’erdes
2120 4063 2205 4100 eos
2234 4047 2318 4106 qui
2347 4045 2622 4115 loquuntur
2651 4047 2977 4101 mendacium
3023 4048 3194 4119 (Psal.
3227 4069 3276 4116 v,
3316 4053 3385 4121 7)
3430 4063 3484 4109 et

1898 4138 2091 4193 iterum
2125 4155 2137 4190 :
2173 4135 2244 4191 0s
2272 4138 2407 4208 quod
2460 4139 2705 4192 mentitur
2751 4139 2939 4194 occidit
2976 4142 3205 4196 animam
3245 4142 3396 4214 (Sap.
3445 4161 3480 4211 ι,

1899 4229 2008 4300 ll).
2041 4228 2109 4283 Et
2138 4228 2278 4284 idem
2308 4229 2566 4285 Dominus
2592 4230 2645 4284 in
2675 4228 2965 4299 Evangelia
2994 4233 3165 4302 inquit
3196 4252 3208 4287 :
3261 4234 3483 4292 Verbum

1897 4323 2117 4377 otiosum
2139 4320 2274 4393 quod
2301 4321 2458 4376 locuti
2479 4322 2669 4392 fuerint
2692 4322 2944 4390 homines,
2965 4323 3181 4378 reddent
3200 4343 3295 4393 pro
3317 4343 3376 4380 eo
3397 4345 3482 4381 ra-

1896 4417 2085 4469 tionem
2106 4416 2162 4468 in
2181 4413 2265 4468 die
2284 4414 2470 4484 judicii
2501 4412 2716 4485 (Matth.
2749 4431 2842 4480 ιιι,
2865 4413 2975 4487 56).
3003 4414 3154 4472 Unde
3181 4426 3360 4474 autem
3385 4437 3479 4475 ve-

1896 4507 2175 4562 hementer
2199 4504 2534 4576 (debueram)
2563 4520 2686 4561 cum
2715 4506 2911 4562 timore
2937 4515 2994 4562 et
3020 4515 3255 4566 tremore
3283 4521 3483 4569 metue.

193 4600 500 4687 ingenitum
526 4613 642 4668 sine
661 4610 942 4683 principio,
967 4624 997 4662 a
1025 4624 1134 4679 quo
1159 4617 1242 4662 est
1262 4623 1422 4662 omne
1449 4605 1789 4677 principium,
1821 4610 1870 4673 ι)
1894 4615 1954 4656 re
1976 4599 2114 4654 hanc
2152 4597 2473 4655 sententiam
2502 4597 2554 4653 in
2583 4597 2670 4653 die
2719 4598 2831 4665 illa,
2872 4599 2964 4654 ubi
3001 4603 3393 4670 nemopoterit
3423 4621 3482 4660 se

193 4721 222 4759 ε
251 4707 441 4766 omnia
481 4713 688 4768 tenens,
720 4710 780 4759 ut
805 4701 1034 4758 diximus
1060 4717 1087 4754 ς’
1105 4705 1160 4756 et
1185 4699 1343 4771 hujus
1387 4697 1579 4754 Filium
1605 4695 1789 4754 Jcsum

274 4905 303 4933 ⁸
346 4890 623 4948 Bollandd.
655 4898 787 4944 tom.
811 4887 854 4942 ll
884 4886 1078 4948 Martii,
1110 4899 1230 4955 pag.
1278 4883 1400 4955 5_5_5,
1424 4883 1564 4955 hanc
1605 4881 1661 4955 S.
1690 4879 1792 4955 Pa-

192 4965 345 5022 tricii
373 4959 762 5019 confessionem
803 4974 871 5013 ex
909 4949 1270 5011 vetustissimo
1305 4949 1790 5022 Nobiliacensis__$.

193 5018 426 5091 Védasti
479 5029 792 5086 monasterii
832 5026 1017 5082 codice
1060 5023 1380 5092 descriptam
1422 5018 1794 5092 Aedidyere.__l_lic

192 5087 545 5171 vernilegunt
576 5118 588 5152 :
623 5098 723 5164 Qui
753 5099 854 5171 {uit
875 5113 910 5171 e_
931 5097 1038 5171 vico
1066 5087 1308 5171 Danai-{at
1335 5089 1626 5171 Taberniee.
1658 5087 1790 5142 Wa-

189 5157 342 5231 eis;
368 5157 498 5227 vero
526 5157 664 5226 hzecw
689 5157 913 5234 margini
956 5163 1135 5218 allevit
1163 5179 1176 5234 ξ
1210 5157 1288 5214 De
1341 5157 1783 5234 vieo_Bannavce,

189 5226 490 5318 filiumin“
510 5239 778 5318 regignis,
807 5226 954 5318 haud
975 5232 1176 5316 procul
1205 5247 1237 5284 a
1277 5231 1408 5284 mari
1447 5226 1787 5292 Occidentali,

185 5304 416 5370 Probus
438 5311 530 5367 lib.
563 5304 589 5365 ῐ
607 5309 676 5364 de
699 5307 818 5363 Vita
849 5304 1078 5359 Patricii.

268 5383 303 5423 ι’
337 5381 579 5438 Bolland.
629 5380 664 5432 l.
695 5394 744 5433 c.
777 5376 951 5430 tillam
995 5375 1149 5428 enim.
1175 5371 1350 5440 forte
1396 5370 1571 5440 minus
1617 5376 1782 5440 recte.

188 5429 834 5508 Mox'i'iiiéih'iidila'hdI,
863 5446 915 5498 in
948 5429 1576 5514 capuerandgcmsnslad
1609 5438 1786 5514 'leCtio

185 5523 418 5594 vulgata
441 5521 785 5594 conﬁrmatur
807 5508 1313 5594 it‘eruin'infranggl
1340 5517 1397 5590 et
1421 5509 1503 5594 lt).
1587 5578 1596 5587 _

270 5580 446 5660 οῖΝοιι
502 5587 799 5660 ignorantia
830 5581 1100 5660 fideiusedr
1124 5580 1399 5660 allectuosi
1426 5587 1480 5658 et
1512 5580 1610 5656 uni.
1631 5592 1785 5660 pror-

183 5680 291 5717 sus
311 5635 478 5715 ilgl-i-Ii
503 5635 808 5728 ﬁ:
833 5635 1109 5728 quat'licet
1135 5651 1288 5728 cu‘lpa
1319 5635 1676 5728 exnpersz‘viro
1707 5652 1786 5698 ta-

185 5715 325 5784 men
345 5738 534 5785 sancto
557 5728 696 5796 justa
720 5715 1031 5781 humiliaudi
1069 5721 1147 5776 sui
1184 5715 1342 5778 causa
1371 5715 1483 5774 fuit.
1518 5715 1782 5769 BoLLANn.

181 5799 226 5859 l.
253 5815 337 5867 c.,
361 5813 482 5871 pag.
518 5798 637 5856 554.

1276 5877 1289 5904 1

1895 4693 2209 4751 subtrahere
2236 4691 2322 4748 vel
2367 4690 2716 4757 abscondere,
2757 4690 2853 4746 sed
2892 4687 3080 4747 omnes
3107 4693 3325 4746 omnino
3355 4694 3476 4748 red-

1971 4879 1996 4916 δ
2029 4879 2104 4932 Ita
2132 4878 2292 4932 etiam
2323 4876 2620 4944 appellatur
2651 4872 2903 4944 Hibernia
2939 4873 2993 4944 in
3031 4871 3282 4944 Antonini
3313 4873 3476 4944 hinc-

1893 4949 2038 5003 rario
2066 4955 2126 5001 ut
2159 4941 2512 5012 observatum,
2532 4942 2745 5012 Usserio
2774 4941 3079 5012 inuﬂntt'qq.
3109 4941 3329 4997 .Eccles.
3363 4943 3479 5012 Bri-

1892 5013 2318 5140 Ἅιέὥαειειεὶέῗὲὶ
2341 5011 2493 5151 adigis
2491 5011 2778 5134 2.5331er
2819 5010 3228 5082 Wesselingium
3256 5013 3322 5069 ad
3358 5010 3472 5070 Vel.

1945 5103 2118 5140 oman.
2153 5103 2362 5149 "tuen,
2393 5103 2511 5149 pag.
2545 5103 2668 5135 oua.

1896 5159 2134 5280 υεέεἷήἲ
2176 5157 2328 5279 inde
2373 5150 2466 5207 r96
2506 5153 2664 5224 θυμοῦ
2696 5155 2874 5208 αὐτοῦ.
2921 5150 2966 5208 ll
2993 5151 3169 5209 Paral.
3203 5169 3350 5217 nix,
3385 5153 3468 5207 l0.

1941 5241 2086 5280 SSER.
2118 5238 2154 5277 ι.
2183 5238 2232 5279 ο.

1967 5293 1984 5332 ¹
2027 5294 2228 5350 Desunt
2273 5291 2324 5347 in
2364 5291 2551 5348 codice
2590 5292 2923 5349 Armachano
2975 5291 3154 5349 omnia
3193 5292 3468 5360 sequentia

1893 5366 2029 5444 intra
2052 5363 2283 5444 uncos
2333 5362 2351 5430 )
2381 5363 2604 5444 inclusa,
2625 5378 2798 5444 usque
2822 5363 2887 5418 ad
2909 5363 3070 5417 linem
3092 5360 3463 5416 confessionis.

1892 5435 2049 5490 WAR.
2085 5466 2152 5475 —
2181 5433 2352 5488 Aliter
2375 5433 2516 5503 apud
2543 5433 2785 5490 Bolland.

1965 5515 1990 5554 Β
2023 5503 2264 5562 Bolland.
2307 5501 2431 5573 post
2474 5501 3126 5574 principiummexhibent,
3149 5517 3262 5574 per
3299 5501 3462 5567 ipsum

1890 5579 2073 5647 quippe
2109 5576 2245 5699 {acta
2289 5570 2409 5628 sunt
2449 5570 2876 5627 omnia'visibilia
2917 5579 2966 5622 et
3011 5570 3282 5622 invisililia
3306 5585 3321 5621 :
3345 5586 3463 5638 (ιιιιε

1890 5648 1979 5699 hic
2005 5662 2106 5699 nau
2129 5664 2163 5699 υ
2196 5653 2317 5699 uost
2344 5649 2648 5699 occurrunt.
2677 5641 2870 5694 Verum
2919 5639 3055 5699 apud
3087 5639 3462 5693 Bullaudianos

1890 5639 1986 5702 hic
2005 5639 2163 5715 paulo
2196 5653 2317 5715 post
2344 5649 2648 5715 occurrunt.
2673 5641 2870 5715 _Verum
2919 5639 3462 5715 apudBullaudianqs

1893 5707 2212 5770 intermedia
2235 5731 2350 5782 qum
2381 5714 2482 5766 hoc
2524 5707 2642 5765 "leo
2673 5707 2966 5782 legu_u_tur,'
2986 5709 3342 5782 vitio_librarii
3377 5709 3461 5782 pb

1891 5786 2178 5855 repetitam
2202 5773 2387 5839 vocem
2417 5773 3001 5852 principiumwvidentur
3031 5779 3246 5836 omissa.
3375 5773 3389 5788 ’
