4140 6346
1846 204 1937 221 ’κ

644 308 753 379 ms
826 266 829 267 ,

1586 313 1642 369 S.
1686 262 2048 369 i’ATRlClUS
2087 311 2535 369 HIBERNORUM
2578 310 2993 368 APOSTOLUS.

3820 310 3947 368 τοι

644 439 807 497 dituri
828 450 1009 493 sumus
1036 433 1299 489 rationem
1321 431 1483 488 etiam
1506 430 1852 485 minimarum
1879 436 2232 498 peccatorum
2261 431 2314 491 Α
2339 427 2552 498 pientes
2580 441 2700 482 esse
2727 434 2784 481 et
2803 426 2936 495 legis
2960 424 3138 495 periti,
3167 432 3225 480 et
3248 431 3499 494 potentes
3524 424 3580 478 in
3598 437 3865 481 sermone
3881 432 3947 499 et

644 534 772 587 ante
818 526 1048 583 tribunal
1077 525 1273 581 Christi
1302 523 1555 580 D'omini.‘
1579 522 1921 592 Quapropter
1974 521 2103 576 olim
2134 534 2231 575 co-

644 619 805 691 gitavi
834 613 1086 683 scribere,
1116 616 1211 673 sed
1234 614 1401 687 usque
1427 629 1572 670 nunc
1604 606 1865 668 haesitavi.
1893 611 2067 666 Timui
2086 610 2233 667 enim

642 712 711 767 ne
740 711 1028 767 inciderem
1050 710 1103 764 in
1133 704 1367 777 linguam
1387 707 1696 763 hominum:
1730 713 1785 761 et
1811 705 1939 775 quia
1969 718 2076 759 non
2106 703 2230 773 legi,

642 802 779 858 sicut
806 803 985 857 caeleri
1013 802 1105 871 qui
1144 800 1347 871 optime
1374 799 1557 869 itaque
1579 798 1700 868 jure
1724 805 1779 853 et
1804 812 1986 853 sacras
2024 797 2234 861 litteras

642 890 872 966 utroque
897 894 1013 963 pari
1058 893 1219 948 modo
1248 891 1641 973 cambiberunt,
1685 896 1741 945 et
1778 902 2083 945 sermonem
2112 886 2234 943 illo-

641 986 760 1039 mu
785 988 854 1039 ex
882 980 1105 1039 infantia
1135 974 1409 1053 nunquam
1436 988 1802 1045 mutaverunt,
1847 979 1944 1036 sed
1970 976 2139 1049 magis
2166 978 2234 1034 ad

641 1076 939 1147 perfectum
965 1089 1180 1146 semper
1209 1073 1547 1129 addiderunt.

711 1167 801 1222 lV.
831 1167 964 1222 Nam
1001 1182 1179 1223 sermo
1205 1174 1261 1222 et
1287 1166 1501 1237 loquela
1538 1171 1723 1219 nostra
1761 1162 2024 1218 translata
2065 1170 2149 1217 est
2178 1163 2234 1217 in

642 1260 885 1328 linguam
905 1260 1157 1325 alienam.
1181 1258 1322 1317 sicut
1349 1256 1505 1315 facile
1532 1264 1713 1327 potest
1730 1254 1951 1326 probari
1979 1268 2046 1309 ex
2067 1253 2233 1308 saliva

643 1352 924 1420 scripturae
964 1363 1097 1404 meae
1119 1390 1133 1415 ,
1187 1348 1416 1420 qualiter
1465 1361 1585 1403 sum
1631 1360 1731 1415 ego
1784 1346 1839 1399 in
1897 1344 2235 1400 sermonibus

647 1442 939 1497 instructus
998 1448 1159 1510 atque
1203 1440 1480 1503 eruditus;
1529 1438 1653 1517 quia
1708 1437 1883 1507 inquit
1937 1435 2167 1517 Sapiens
2216 1452 2232 1490 :

648 1534 753 1589 Per
773 1535 1002 1605 linguam
1029 1533 1345 1604 dignoscitur
1372 1540 1421 1585 et
1456 1512 1655 1595 sensus,
1696 1538 1747 1583 et
1772 1512 2009 1594 scientia,
2040 1536 2087 1581 et
2118 1529 2234 1593 doc—

646 1625 785 1678 trina
828 1624 1054 1677 veritatis
1120 1621 1335 1692 (Eccli.
1384 1638 1459 1688 iv,
1489 1618 1558 1673 29
1587 1619 1629 1691 ).
1684 1618 1789 1675 Sed
1838 1618 1971 1689 quid
2017 1618 2236 1689 prodest

644 1716 917 1772 excusatio
938 1715 1091 1784 juxta
1130 1714 1437 1780 veritatem,
1466 1712 1765 1782 praesertim
1810 1725 1931 1763 cum
1976 1724 2235 1779 przesum-

2335 517 2390 571 in
2417 518 2563 571 omni
2592 532 2669 572 re.
2697 515 2766 569 Et
2792 530 2881 571 me
2899 513 3116 585 quidem
3146 512 3518 570 detestabﬂem
3545 512 3717 583 hujus.
3743 512 3945 569 mundi

2333 625 2445 681 pra:
2472 609 2680 666 ueteris
2708 608 3006 679 inspiravit,
3038 607 3065 645 ά
3093 606 3203 663 etsi
3232 606 3358 661 talis
3386 617 3564 662 essem
3595 623 3608 658 :
3638 604 3944 681 dummodo

2334 710 2517 759 autem
2546 711 2604 757 ut
2631 718 2751 758 cum
2782 709 2929 757 metu
2951 709 3011 756 et
3034 699 3340 757 reverentia
3378 706 3435 753 et
3474 698 3592 771 sine
3619 698 3843 768 querela
3878 697 3943 749 li-

2334 797 2526 853 deliter
2540 796 2856 867 prodessent
2873 795 3022 865 genti
3048 793 3115 849 ad
3135 807 3297 863 quam
3319 790 3517 849 caritas
3536 789 3740 863 Christi
3765 799 3942 845 trans-

2334 889 2475 955 tulit,
2524 896 2581 943 et
2627 887 2851 943 donavit
2874 901 2963 942 me
2990 885 3045 941 in
3081 884 3191 943 vita
3232 898 3389 950 11183,.
3411 883 3459 941 si
3501 883 3697 955 dignus
3722 881 3883 938 fuero
3919 901 3935 937 :

2334 984 2586 1055 denique,
2618 990 2676 1037 ut
2703 996 2827 1038 cum
2873 980 3175 1035 humilitate
3202 984 3259 1034 et
3284 976 3555 1033 veraciter
3598 956 3939 1032 deservirem

2335 1075 2460 1131 illis.

2404 1165 2494 1223 Vl.
2533 1166 2593 1220 ln
2623 1178 2875 1220 mensura
2898 1164 3081 1233 itaque
3101 1160 3226 1218 ﬁdei
3253 1158 3530 1227 Trinitatis
3567 1165 3788 1231 oportet
3810 1158 3936 1213 dis-

2336 1259 2581 1329 tinguere
2622 1265 2678 1313 et
2723 1256 2841 1312 sine
2881 1254 3300 1326 reprehensione
3335 1252 3565 1323 periculi
3616 1259 3802 1306 notum
3844 1252 3936 1303 fa-

2335 1366 2461 1407 cere
2487 1350 2687 1405 donum
2729 1348 2823 1404 Dei
2856 1357 2912 1404 et
2936 1345 3361 1403 consolationem
3405 1352 3687 1411 aeternam,
3717 1357 3784 1398 ac
3810 1342 3935 1397 sine

2334 1445 2530 1499 timore
2568 1442 2887 1501 ﬁducialiter
2915 1441 3009 1497 Dei
3043 1454 3239 1495 nomen
3280 1435 3478 1506 ubique
3506 1434 3838 1506 expandere,
3871 1441 3934 1490 ut

2336 1538 2500 1592 etiam
2526 1518 2651 1606 post
2676 1522 2880 1590 obitum
2904 1520 3081 1589 meum
3114 1542 3138 1570 ο
3167 1530 3389 1587 Gallicis
3415 1529 3775 1599 relinquerem
3813 1526 3933 1581 fra—

2334 1624 2507 1684 tribus
2534 1635 2589 1683 et
2632 1623 2754 1682 filiis
2781 1625 2914 1680 meis
2941 1639 3078 1693 quos
3117 1636 3219 1692 ego
3266 1623 3319 1676 in
3365 1620 3595 1692 Domino
3634 1618 3931 1689 baptizavi,

2336 1728 2420 1775 tot
2446 1718 2612 1774 millia
2630 1718 2932 1773 hominum.
2958 1714 3024 1769 Et
3053 1729 3159 1769 non
3181 1728 3329 1768 eram
3346 1711 3540 1782 dignus
3566 1725 3744 1779 neque
3780 1709 3930 1778 talis,

580 1822 589 1829 “
642 1806 863 1877 mione?
882 1782 1134 1876 ίιιὶαιίωιε
1160 1803 1322 1861 ωοάο
1348 1804 1465 1873 ipse
1493 1809 1690 1875 appeto
1709 1801 1763 1856 ί¹¹
1787 1807 2065 1872 summm?
2087 1814 2230 1867 mea,
2260 1782 2307 1845 Β
2336 1824 2394 1871 ut
2406 1815 2512 1870 hoc
2522 1812 2777 1868 Dominus
2800 1809 3124 1867 servulosuo
3145 1806 3496 1872 concederet;
3520 1811 3578 1859 et
3596 1812 3929 1874 posterum-

641 1895 787 1965 quod
810 1896 873 1950 in
893 1893 1175 1965 iuventute
1206 1903 1231 1931 ⁸
1257 1908 1369 1949 non
1395 1892 1727 1963 comparavi,
1754 1891 1880 1965 quia
1909 1890 2232 1963 obstiterunt

642 1987 885 2057 (peccata
916 1983 1059 2055 mea)
1087 1983 1550 2058 utgconlirmarem
1593 1981 1736 2051 quod
1757 1990 1890 2037 ante
1914 1996 2025 2036 non
2055 1966 2231 2051 perle-

641 2092 844 2148 geram.
876 2076 983 2132 Sed
1010 2076 1130 2148 quis
1156 2074 1185 2115 δ
1224 2090 1314 2131 me
1355 2073 1570 2131 credit?
1599 2072 1713 2128 Etsi
1741 2072 1929 2129 dixero
1958 2071 2102 2143 quod
2131 2087 2230 2127 an-

642 2180 696 2227 te
733 2169 986 2242 praefatus
1026 2184 1184 2235 sum;
1235 2168 1568 2233 adolescens,
1628 2166 1737 2223 imo
1773 2180 1911 2236 pene
1952 2180 2087 2236 puer
2132 2165 2232 2219 im-

640 2263 819 2320 berbis
847 2270 1129 2333 capturam
1156 2259 1300 2326 dedi,
1339 2266 1629 2328 antequam
1674 2258 1869 2313 scirem
1910 2256 2036 2326 quid
2075 2265 2228 2333 pete-

641 2373 785 2424 rem,
831 2357 917 2413 vel
963 2356 1092 2425 quid
1140 2355 1310 2411 vitare
1355 2354 1668 2409 debueram.
1721 2350 1874 2406 Uudc
1923 2364 2023 2420 ego
2071 2349 2231 2405 hodie

641 2449 900 2503 erubesco
929 2456 984 2503 et
1007 2447 1355 2517 vehementer
1380 2445 1647 2515 pertimeo
1692 2442 1965 2511 denudarc
2014 2442 2234 2521 imperi—

644 2538 773 2593 tiam
800 2553 998 2604 meam,
1027 2537 1151 2607 quia
1170 2536 1355 2592 diserti
1380 2536 1648 2605 brevitate
1677 2535 1940 2590 sermonis
1961 2534 2232 2605 explicare

645 2644 874 2699 nequeo,
921 2629 1060 2686 sicut
1106 2628 1328 2699 spiritus
1368 2627 1533 2697 gestit
1578 2635 1632 2680 et
1677 2625 1905 2691 animus,
1941 2633 1994 2680 et
2039 2639 2229 2679 sensus

556 2756 559 2763 η
642 2728 907 2791 monstrat
933 2728 989 2775 et
1017 2718 1258 2775 allectus.
1288 2717 1395 2774 Sed
1424 2718 1471 2774 si
1499 2717 1681 2787 itaque
1709 2715 1894 2771 datum
1931 2715 2060 2770 mihi
2105 2714 2232 2769 fuis-

640 2818 725 2867 set
749 2810 888 2866 sicut
922 2810 1149 2875 ueteris,
1190 2816 1565 2864 verumtamen
1611 2800 1720 2862 non
1758 2807 1971 2862 silerem
2011 2814 2231 2878 propter

641 2901 1071 2958 retributionem.
1113 2900 1182 2956 Et
1223 2901 1271 2956 si
1316 2898 1458 2955 forte
1504 2899 1716 2954 videtur
1743 2897 1885 2967 apud
1926 2898 2232 2966 aliquantos

640 3010 729 3050 me
767 2996 822 3049 in
869 2995 974 3050 hoc
1001 3008 1320 3064 praeponere
1346 3007 1470 3048 cum
1510 3007 1632 3046 mea
1684 2990 1895 3045 inscitia
1922 2999 1978 3045 et
2006 2990 2227 3044 tardiori

641 3083 821 3159 lingua
859 3084 1137 3159 (scriptum
1172 3090 1254 3138 est
1273 3083 1415 3159 enim
1445 3101 1458 3135 :
1488 3080 1705 3153 Lingua:
1732 3079 2065 3136 balbutientes
2086 3080 2227 3136 velo-

2331 1922 2430 1969 ηαδ
2474 1914 2531 1963 et
2574 1913 2753 1963 tantas
2791 1903 2980 1979 moles,
3012 1908 3134 1973 post
3175 1888 3565 1985 captivitatem,
3596 1890 3718 1966 post
3747 1908 3925 1949 annos

2330 1999 2550 2061 multos,
2582 1998 2637 2053 in
2662 2002 2877 2067 gentem
2923 1992 3067 2050 illam
3094 1998 3297 2046 tantam
3323 1983 3552 2056 gratiam
3597 1984 3724 2039 mihi
3746 1983 3925 2039 dona—

2312 2098 2434 2154 ret,
2466 2086 2612 2157 quod
2636 2100 2737 2155 ego
2762 2082 3046 2155 aliquando
3075 2082 3128 2138 in
3153 2079 3432 2150 iuventute
3476 2091 3600 2132 mea
3637 2082 3914 2146 nunquam

2331 2180 2545 2253 speravi
2593 2192 2767 2248 neque
2808 2176 3059 2244 cogitavi.
3089 2172 3195 2230 Sed
3242 2180 3526 2257 postquam
3570 2164 3918 2224 lliberionem

2331 2276 2674 2340 deveneram,
2703 2269 2943 2342 quotidie
2973 2267 3175 2339 (igitur)
3206 2280 3401 2339 pecora
3427 2261 3710 2351 pascebam
3738 2269 3792 2316 et
3809 2260 3918 2316 fre-

2331 2382 2500 2437 quens
2553 2367 2607 2420 in
2648 2364 2737 2419 die
2805 2362 3049 2439 orabam,
3092 2359 3262 2427 magis
3309 2370 3372 2410 ac
3419 2348 3588 2423 magis
3628 2352 3921 2408 accedebat

2300 2462 2305 2466 '
2330 2473 2484 2512 amor
2506 2456 2598 2511 Dei
2629 2464 2683 2511 et
2711 2455 2875 2509 timor
2896 2438 3081 2522 ipsius,
3114 2458 3168 2505 et
3195 2444 3326 2505 ﬁdes
3354 2444 3668 2515 augebatur,
3712 2438 3771 2499 et
3798 2444 3921 2513 spi-

2330 2547 2466 2602 ritus
2492 2544 2511 2583 τ
2545 2545 2857 2615 augebatur,
2892 2551 2949 2599 ut
2973 2543 3027 2598 in
3053 2541 3137 2597 die
3158 2555 3265 2595 una
3281 2530 3451 2608 usque
3477 2534 3547 2591 ad
3570 2526 3787 2591 ee'ntum
3808 2550 3921 2591 ora.

2334 2639 2531 2704 tiones,
2556 2645 2611 2693 et
2630 2637 2683 2691 in
2706 2643 2866 2691 nocte
2886 2649 3056 2709 prope
3070 2632 3349 2697 similiter;
3370 2624 3433 2685 ut
3448 2628 3608 2683 etiam
3628 2622 3683 2682 in
3708 2626 3919 2686 silviset

2329 2736 2512 2786 monte
2540 2726 2841 2792 manebam,
2873 2733 2929 2780 et
2955 2732 3078 2779 ante
3106 2723 3280 2778 lucem
3322 2718 3595 2775 excitabar
3621 2714 3690 2772 ad
3717 2717 3919 2772 Oratio.

2327 2834 2455 2879 nem
2482 2834 2580 2891 per
2607 2819 2805 2884 nivem,
2830 2833 2928 2889 per
2948 2800 3089 2885 gelu,
3118 2828 3220 2885 per
3240 2804 3481 2882 pluviam
3515 2827 3527 2861 :
3552 2814 3607 2864 et
3632 2808 3768 2863 nihil
3790 2808 3917 2862 mali

2329 2910 2644 2976 sentiebam,
2666 2923 2844 2979 neque
2873 2908 2978 2962 ulla
2997 2898 3209 2976 pigritia
3235 2909 3352 2957 erat
3381 2901 3434 2956 in
3462 2915 3569 2967 me,
3592 2892 3733 2955 sicut
3758 2899 3919 2955 modo

2329 3002 2506 3066 video,
2537 3002 2662 3073 quia
2690 3009 2818 3057 tunc
2845 3000 2900 3057 in
2928 3014 3014 3054 me
3033 2982 3256 3068 spiritus
3286 2992 3552 3063 fervebat.
3581 2988 3655 3047 Et
3680 2992 3753 3047 ibi
3778 2991 3918 3047 scili-

2326 3106 2417 3156 cet
2443 3094 2673 3165 quadam
2701 3100 2890 3171 nocte,
2919 3090 2973 3147 in
3001 3079 3193 3146 somno
3218 3082 3396 3141 audivi
3423 3088 3613 3140 vocem
3653 3080 3918 3139 dicentem

640 3178 770 3235 άιεν
790 3177 989 3233 disce“
1018 3176 1158 3250 ίοφιί
1182 3175 1531 3256 Ραεετη,[Ῐ³αίο
1561 3192 1730 3244 XXX“:
1757 3174 1867 3247 41),
1889 3183 2091 3245 (ἰαθηιο
2111 3190 2227 3230 ma'
2256 3155 2303 3220 C
2328 3155 2507 3244 mihi:
2540 3186 2684 3243 Bene
2706 3167 2936 3256 jejunas,
2967 3183 3075 3239 cito
3114 3168 3285 3235 iturus
3313 3177 3382 3233 ad
3403 3177 3630 3248 patriam
3658 3178 3825 3230 tua'm.
3854 3173 3919 3230 Et

641 3267 722 3339 gis
741 3282 841 3323 nos
862 3276 1120 3339 appetere
1146 3267 1404 3355 debemus
1423 3267 1743 3337 qui'sumus,
1767 3266 1959 3335 inquit,
1990 3264 2230 3337 Epistola

2330 3280 2524 3337 iterum
2550 3286 2676 3351 post
2702 3277 2975 3351 paululum
3002 3265 3230 3344 tempus,
3263 3264 3443 3326 audivi
3486 3274 3803 3355 responsum
3840 3267 3918 3321 di-

638 3356 851 3424 εῘινίδιί,
876 3357 929 3412 in
957 3352 1185 3425 T531“le
1214 3371 1382 3427 υδψιθ
1410 3356 1478 3410 ad
1505 3356 1750 3411 “ll-imum
1778 3363 1957 3423 lem”,
1985 3355 2089 3411 θῑεί
2116 3370 2226 3411 ηοη
2329 3360 2458 3427 cens
2485 3371 2614 3426 mihi
2646 3389 2658 3424 :
2710 3368 2848 3424 Ecce
2893 3356 3042 3423 navis
3069 3373 3160 3420 tua
3189 3371 3385 3435 parata
3405 3362 3507 3418 est.
3536 3352 3603 3415 Et
3646 3375 3754 3415 non
3798 3368 3916 3414 erat

639 3448 858 3519 diserta,
888 3446 983 3519 sed
1002 3455 1118 3502 rata
1145 3455 1202 3504 et
1225 3447 1516 3507 fortissime
1554 3447 1752 3516 scripta
1774 3448 1827 3500 in
1861 3445 2103 3538 cordibus
2139 3461 2226 3499 ve-
2328 3478 2515 3538 prope,
2539 3462 2635 3518 sed
2661 3436 2799 3525 forte
2826 3459 3055 3515 habebat
3073 3455 3304 3511 ducenta
3324 3452 3491 3509 mima
3519 3464 3739 3523 passus:
3767 3457 3821 3505 el
3845 3449 3919 3507 ibi

639 3543 783 3609 δινίδ,
814 3558 918 3596 ηοη
947 3548 1257 3609 ﬂmmeum,
1290 3539 1382 3594 θεά
1417 3540 1617 3611 spira“
1644 3538 1739 3594 υεί
1767 3539 1862 3593 υίυί
1887 3537 1975 3610 (ῙῙ
1995 3535 2115 3592 δον·
2147 3553 2224 3604 ιιι,
2327 3530 2600 3627 nun—quam
2632 3530 2855 3618 fueram,
2878 3565 2980 3607 nec
3001 3548 3074 3606 ibi
3097 3554 3281 3603 notum
3302 3534 3623 3617 quemquam
3653 3542 3721 3600 de
3739 3541 3917 3598 homi-

638 3630 693 3701 2v
713 3631 809 3717 ,δὴ
979 3690 982 3699 .
2326 3644 2483 3717 nibus
2510 3642 2792 3699 habebam.

641 3753 647 3765 ι
811 3720 881 3777 Ει
929 3723 1126 3781 iterum
1172 3722 1407 3795 Spiritus
1454 3729 1683 3778 testatur
1716 3740 1728 3776 :
1762 3720 1828 3775 Et
1868 3721 2132 3775 rusticatio
2160 3720 2222 3773 ab
2326 3710 2335 3717 ’
2397 3732 2505 3790 γη,
2525 3734 2592 3788 Et
2610 3732 2802 3789 deinde
2821 3728 3162 3802 postmodum
3183 3739 3462 3784 conversus
3489 3724 3605 3777 sum
3626 3723 3679 3775 in
3698 3718 3915 3789 fugam,

635 3812 902 3869 Altissimo
928 3820 1105 3868 creata
1122 3821 1200 3881 est
1223 3811 1410 3884 (Eccli.
1442 3828 1534 3879 vn,
1568 3811 1679 3884 16).
1704 3810 1856 3868 Unde
1889 3826 1990 3882 ego
2019 3811 2224 3885 primus

2330 3834 2381 3882 et
2408 3825 2667 3883 intermisi
2696 3833 2720 3872 8
2752 3823 3022 3878 hominem
3038 3821 3169 3875 'cum
3193 3832 3293 3888 quo
3320 3814 3519 3869 fueram
3540 3808 3569 3850 ³³
3597 3824 3694 3867 sex
3720 3811 3909 3869 annis.

636 3906 871 3963 rusticus
886 3905 1131 3977 perfuga,
1180 3905 1426 3963 indoctus
1453 3905 1658 3962 scilicet
1683 3906 1776 3974 qui
1804 3904 1985 3960 nescio
2025 3903 2080 3958 in
2118 3919 2220 3974 po..-

2330 3916 2393 3972 Et
2420 3916 2538 3970 veni
2571 3915 2624 3973 in
2651 3915 2847 3969 virtute
2875 3910 3087 3966 Domini
3114 3910 3203 3979 qui
3229 3908 3363 3963 viam
3393 3902 3573 3959 meam
3598 3901 3667 3957 ad
3692 3901 3915 3959 bonum

634 4006 836 4054 sterum
865 3998 1148 4069 providere
1180 4017 1192 4052 :
1224 3998 1322 4057 sed
1355 4009 1377 4038 ε
1408 3999 1523 4055 scio
1568 3996 1701 4053 illud
1749 3997 2065 4061 certissime,
2095 3996 2219 4064 quia

2330 4007 2604 4077 dirigebat,
2625 4014 2681 4061 et
2702 4005 2830 4061 nihil
2859 4003 3159 4058 metuebam
3187 4000 3358 4056 donec
3375 3994 3594 4071 perveni
3622 3994 3689 4050 ad
3709 4000 3917 4052 navem

633 4091 820 4160 utique
865 4091 1178 4161 priusquam
1223 4090 1556 4157 humiliarer.
1593 4105 1695 4160 ego
1733 4092 1880 4146 eram
1907 4089 2057 4144 velut
2086 4089 2220 4160 lapis
2321 4101 2484 4157 illam.
2516 4098 2586 4154 Et
2614 4099 2702 4153 illa
2733 4090 2861 4168 (die)
2887 4110 2992 4165 qua
3019 4093 3257 4165 perveni,
3288 4089 3526 4163 proiecta
3554 4095 3639 4168 est
3664 4086 3818 4143 navis
3846 4088 3915 4143 de

632 4182 726 4249 qui
747 4180 893 4250 iacet
921 4180 977 4235 in
1004 4181 1117 4236 Ιυιο
1141 4181 1406 4251 profundo
1426 4200 1443 4234 τ
1476 4191 1533 4238 el
1577 4182 1725 4236 venit
1762 4183 1854 4251 qui
1884 4191 2075 4252 ροιεηε
2114 4190 2214 4247 εει,
2320 4192 2441 4248 loco
2468 4207 2587 4255 suo,
2606 4199 2665 4249 et
2684 4164 2891 4245 locutus
2910 4164 3046 4253 sum,
3070 4194 3128 4241 ut
3153 4182 3410 4240 haberem
3431 4181 3575 4237 unde
3603 4164 3914 4249 navigarem

633 4277 690 4325 et
714 4270 766 4325 in
808 4285 905 4326 sua
932 4270 1295 4335 misericordia
1325 4273 1539 4328 sustulit
1581 4288 1705 4339 me;
1733 4283 1790 4333 et
1824 4273 2040 4342 quidem
2083 4275 2221 4331 scili-
2320 4299 2442 4340 cum
2467 4283 2587 4338 illis.
2617 4281 2684 4336 Et
2734 4266 3079 4351 gubernatOri
3108 4274 3399 4346 displicuit,
3430 4282 3487 4329 et
3539 4271 3737 4327 acriter
3787 4280 3912 4326 cum

558 4375 600 4394 ε
633 4366 720 4412 cet
744 4373 955 4421 sursum
981 4358 1235 4415 allevavit
1277 4369 1332 4416 et
1359 4361 1648 4417 collocavit
1672 4378 1757 4427 me
1784 4363 1839 4418 in
1880 4379 2089 4420 summo
2116 4350 2215 4435 p'ao

2330 4356 2682 4442 indignatione
2719 4350 2992 4441 respondit
3016 4385 3027 4419 :
3050 4365 3400 4435 Nequaquam
3428 4370 3486 4417 tu
3508 4358 3786 4417 nobiscum
3815 4374 3913 4430 ap-

632 4447 789 4505 riete.
815 4448 886 4503 Et
921 4448 1047 4505 inde
1085 4447 1299 4508 fortiter
1325 4451 1613 4507 debueram
1640 4454 1959 4522 exclamare,
2010 4457 2076 4529 ad
2125 4473 2213 4513 re-
2246 4535 2280 4538 _
2318 4466 2473 4538 p'etas
2507 4463 2523 4500 ί
2558 4444 2655 4517 ire.
2688 4459 2756 4514 Et
2799 4474 2919 4514 cum
2962 4454 3077 4511 ιιωο
3121 4450 3408 4538 audissent,
3441 4448 3685 4523 separati
3706 4446 3797 4503 Hie
3843 4448 3914 4503 ab

632 4540 971 4605 tribuendum
994 4555 1213 4612 quoque
1230 4543 1433 4613 aliquid
1460 4543 1687 4601 Domino
1724 4547 1775 4601 ei
1802 4562 1901 4616 pro
1928 4549 2091 4603 tantis
2117 4550 2215 4605 be-
2242 4535 2298 4599 D
2320 4530 2444 4621 illis,
2469 4560 2527 4609 ut
2555 4552 2794 4608 venirem
2818 4549 2887 4604 ad
2917 4544 3237 4617 tuguriolum
3267 4544 3357 4601 ubi
3376 4530 3747 4615 bospitabam;
3770 4548 3827 4595 et
3856 4540 3933 4595 in,

630 4632 834 4694 ιιθίὶοϋε
860 4631 996 4703 ejus,
1026 4633 1114 4689 hic
1136 4640 1195 4689 et
1234 4635 1287 4689 in
1308 4643 1592 4709 aeternum,
1619 4652 1737 4706 quae
1764 4653 1917 4693 mens
1937 4639 2215 4716 hominum
2322 4647 2513 4703 itinere
2533 4644 2670 4716 (ξωρὶ
2699 4656 2874 4705 orare,
2906 4648 2961 4695 et,
2988 4624 3277 4711 anteanam
3304 4620 3605 4716 dii-nudum
3649 4640 3910 4689 consume

629 4724 893 4780 aestimare
920 4740 1029 4781 non
1058 4733 1256 4796 potest.
1287 4723 1441 4781 Unde
1471 4735 1647 4782 autem
1678 4728 2015 4785 admiramini
2043 4714 2219 4804 magni
2318 4714 2544 4802 marem,
2569 4704 2747 4788 audivi
2796 4704 2957 4784 unum
2999 4705 3066 4783 ei:
3113 4704 3216 4781 illis
3259 4704 3475 4781 foddter
3514 4715 3908 4779 exclamantem

628 4824 675 4872 et
694 4818 869 4887 pusilli
889 4819 978 4890 qui
1001 4820 1187 4875 timetis
1209 4819 1375 4876 Deum
1398 4821 1580 4893 (Apoc.
1606 4840 1717 4892 lux,
1751 4822 1825 4896 5),
1850 4835 1907 4881 et
1925 4844 2022 4884 vos
2045 4829 2215 4897 ignari
2317 4836 2439 4898 post
2466 4840 2552 4885 me
2594 4844 2607 4877 :
2636 4823 2776 4903 γρηὶ
2801 4822 2927 4888 cito,
2957 4820 3083 4891 quia
3108 4825 3308 4885 vocant
3335 4825 3389 4871 te
3416 4817 3662 4887 homines
3692 4813 3802 4869 isti.
3838 4812 3909 4866 Et

627 4906 837 4972 Domini
856 4909 1121 4967 rhetorici
1147 4929 1163 4965 :
1192 4912 1389 4989 audite
1402 4927 1533 4983 ergo
1557 4926 1614 4969 et
1637 4918 1949 4972 serutamini
1980 4919 2099 4989 quis
2127 4934 2215 4977 me
2316 4921 2496 4978 statim
2523 4920 2593 4977 ad
2622 4898 2742 4973 illos
2760 4910 3004 4973 reversus
3024 4914 3169 4979 Sum;
3200 4918 3257 4989 et
3280 4904 3565 4980 rcoeperunt
3591 4904 3727 4981 mihi
3750 4898 3908 4961 dice-

625 4998 844 5055 stultum
873 5002 1132 5057 excitavit
1166 5000 1237 5059 de
1260 4986 1447 5063 “medio
1487 5019 1675 5063 eorum
1719 5010 1810 5077 qui
1839 4986 2089 5066 videntur
2126 5028 2213 5068 sa-
2314 5020 2376 5067 re
2408 5031 2421 5066 :
2453 5010 2585 5066 Veni
2626 5009 2753 5078 quia
2782 5018 2852 5064 ex
2876 5005 2981 5061 ﬁde
3011 5007 3025 5059 ί
3380 5011 3464 5069 te;
3491 4998 3577 5058 fac
3616 4990 3908 5057 nobiscum

634 5271 670 5285 Μ
694 5210 721 5239 ι
750 5200 905 5284 ᾔτεε,
937 5209 1009 5285 ut_
1040 5216 1228 5285 sensus
1258 5212 1489 5267 constet,
1534 5204 1837 5285 addidimus
1872 5221 1945 5285 ex
1983 5207 2203 5262 Bollann

2330 5215 2514 5285 esset.»
2553 5207 2789 5285 autne"
2811 5200 3196 5285 umidum:
3248 5284 3251 5285 ,
3298 5268 3343 5285 ..
3620 5250 3627 5259 -

659 5210 721 5285 ,ι
750 5200 905 5284 ᾔτεε,
937 5209 996 5256 ut
1040 5216 1228 5257 sensus
1258 5212 1489 5267 constet,
1534 5204 1837 5260 addidimus
1872 5221 1945 5261 ex
1983 5207 2203 5262 Bollann
2307 5209 2514 5276 legunt,
2553 5207 2651 5261 etsi
2685 5220 2789 5263 non
2811 5221 2866 5263 er
3032 5203 3042 5213 ’
3080 5217 3196 5255 ηειδ-
3620 5250 3627 5259 .

620 5271 793 5327 dianus
824 5290 838 5325 :
871 5272 1385 5350 apudquoshtalnen
1422 5274 1591 5350 paulo
1640 5281 1783 5350 ante,
1829 5277 2028 5332 omisso
2056 5279 2199 5350 quid,
2320 5347 2328 5350 _
2384 5276 2405 5316 τ
2446 5276 2536 5331 Sic
2559 5285 2618 5331 et
2644 5200 3264 5335 Bollaudﬂtdifsserius
3297 5268 3343 5324 l.’
3367 5284 3445 5337 c.,
3470 5270 3590 5340 pag.
3617 5260 3909 5340 mage.

622 5340 1145 5411 perperam—legitur,
1168 5340 1277 5396 Sed
1303 5340 1509 5414 prodest
1526 5346 1815 5399 excusatio.
2068 5340 2078 5350 ”
2189 5340 2196 5344 ’

690 5410 718 5449 ιι
758 5411 901 5485 Leg._
918 5412 1277 5485 cum__Warteo
1307 5421 1362 5485 et
1390 5411 1633 5467 Bolland.
1659 5416 1783 5469 mihi
1806 5419 1982 5470 credit.

2330 5363 2345 5393 Ι
2454 5364 2483 5399 ·,

2346 5356 2720 5479 “iniucundam
2756 5402 2996 5485 σωτηρίη
3012 5406 3265 5485 imitare
3294 5408 3466 5485 acie!“
3847 5408 3911 5461 ίιι

691 5491 713 5521 °
755 5468 907 5551 Αρῖιά
960 5482 1200 5537 Bonand.
1252 5484 1512 5538 ‘OlniSSum
1558 5468 2032 5554 pnepOSterewhoc
2076 5499 2197 5541 ver-
2305 5468 3279 5556 serivitwute'fueratdetentus,ut‘habet
3298 5468 3721 5556 Probus;.W1rtit.

621 5552 768 5605 bum.
1330 5584 1337 5589 -

622 5618 721 5743 ὼιέ
748 5621 836 5744 Ital
856 5623 1230 5692 rescripsimus
1255 5638 1377 5681 cum
1416 5624 1657 5679 Bolland.
1693 5624 1950 5691 Warams,
1980 5630 2022 5679 si
2058 5644 2073 5679 :
2106 5628 2201 5680 mi-

747 5706 812 5744 an
838 5707 887 5744 e.

747 5706 887 5744 ante.

833 5766 913 5816 est
960 5764 1071 5819 haec
1100 5778 1200 5819 vox
1234 5765 1369 5834 apud
1403 5766 1665 5829 Bolland.,
1712 5766 1802 5835 qui
1858 5766 2018 5837 paulo
2072 5775 2193 5837 post

2374 5556 2402 5595 δ
2423 5542 2631 5612 Probus
2658 5555 2827 5625 habet
2850 5542 3056 5623 septem.
3089 5542 3363 5625 locelinus
3381 5557 3443 5625 et
3464 5549 3570 5625 alii,
3594 5548 3708 5602 rex.
3738 5545 3829 5601 lo.

2379 5629 2394 5664 ι
2428 5627 2555 5681 Siue
2575 5626 2732 5679 neuio
2758 5616 2982 5685 scilicet,
3017 5629 3075 5679 ut
3103 5616 3251 5677 addit
3275 5618 3497 5675 Probus.
3516 5616 3602 5672 'lb.

2317 5740 2320 5743 λ
2376 5697 2391 5747 i
2430 5696 2696 5762 Bolland.,
2730 5696 3051 5765 reperimus:
3085 5691 3227 5761 quod
3251 5691 3424 5746 minus
3444 5688 3639 5759 placet.
