4140 6346
252 346 375 413 ’803

1718 350 2105 411 CONFESSIO’.
2186 343 2197 354 ’

3446 344 3551 415 Ml

262 456 580 535 amicitiam,
628 457 901 538 quomodo
931 458 1178 525 volueris.
1209 469 1276 522 Et
1327 471 1379 523 in
1427 470 1514 524 illa
1543 469 1631 525 die
1677 469 1860 537 itaque
1885 470 1937 530 Α
1962 467 2257 523 Siccitatem
2286 469 2529 540 quotidie
2561 485 2575 524 :
2632 466 2808 526 donec
2834 460 3031 540 quarto
3059 471 3271 527 decimo
3299 472 3386 529 die
3422 474 3550 546 ‘p‘er—

262 559 442 629 repuli
460 548 645 628 fugere
673 568 895 630 propter
920 561 1168 616 timorem
1192 561 1307 615 Dei.
1334 561 1717 616 Verumtamen
1739 574 1861 631 spe-

262 652 382 706 ravi
411 651 622 717 abillis,
647 659 705 706 ut
733 652 861 706 mihi
881 652 1122 707 dicerent
1146 670 1158 705 ε
1182 652 1317 708 Veni
1340 652 1391 707 in
1424 652 1528 708 ﬁde
1553 650 1679 707 Jesu
1700 650 1858 706 Chri-

220 764 229 773 ’
262 748 367 813 sti;
399 746 525 817 quia
568 755 756 814 gemes
783 754 956 801 erant.
985 745 1052 801 Et
1098 747 1200 802 hoc
1251 746 1458 802 obtinui
1487 762 1611 801 cum
1638 745 1741 801 illis
1782 745 1861 817 (et

260 840 512 911 protinus
539 838 945 909 navigavimus).

334 932 469 988 Vlll.
504 926 573 987 Et
609 941 733 1003 post
782 923 1016 989 triduum
1068 942 1270 989 terram
1299 935 1566 1005 cepimus,
1592 941 1648 988 et
1670 932 1860 1000 viginti

258 1036 391 1083 octo
420 1024 536 1081 dies
565 1039 663 1095 per
702 1024 973 1082 desertum
1002 1030 1106 1083 iter
1132 1025 1354 1083 fecimus
1372 1071 1387 1096 ,
1416 1036 1473 1082 et
1516 1026 1667 1082 cibus
1690 1022 1860 1080 defuit

252 1120 389 1191 illis,
424 1129 479 1177 et
522 1120 692 1176 fames
720 1119 941 1174 invaluit
969 1130 1133 1189 super
1156 1133 1270 1173 eos.
1307 1116 1373 1170 Et
1419 1118 1523 1171 alia
1560 1116 1648 1171 die
1695 1115 1860 1184 coepit

258 1213 596 1281 gubernator
632 1210 765 1265 mihi
812 1210 1035 1266 dicere:
1092 1209 1253 1278 Quid,
1302 1204 1626 1274 Christiane,
1674 1206 1853 1263 dicis:

258 1302 409 1358 Deus
454 1308 579 1358 tuus
628 1314 852 1372 magnus
902 1310 957 1357 et
992 1302 1336 1372 omnipotens
1364 1302 1477 1356 est?
1503 1299 1681 1367 Quare
1727 1313 1856 1366 ergo

259 1409 373 1449 non
396 1400 552 1463 potes
594 1408 694 1464 pro
721 1392 878 1449 nobis
905 1407 1083 1458 orare,
1115 1392 1237 1463 quia
1268 1406 1368 1447 nos
1414 1390 1554 1446 tame
1581 1389 1855 1461 periclita-

258 1487 418 1541 mur?
447 1483 673 1541 Dilllcile
698 1492 779 1541 est
803 1487 945 1540 enim
973 1493 1031 1539 ut
1058 1485 1291 1556 aliquem
1321 1485 1593 1539 hominem
1622 1498 1857 1553 unquam

186 1578 189 1579 ⁷
256 1578 559 1633 videamus.
593 1576 703 1647 Ego
730 1579 875 1633 enim
925 1577 1202 1633 evidenter
1229 1577 1339 1632 dixi
1376 1576 1484 1633 illis
1526 1594 1539 1630 ε
1572 1574 1855 1631 Converti-

257 1671 390 1725 mini
420 1682 488 1725 ex
515 1668 616 1725 lide
644 1662 699 1725 et
724 1684 789 1725 ex
816 1677 931 1725 toto
958 1662 1124 1725 corde
1152 1669 1220 1724 ad
1246 1664 1532 1725 Dominum
1562 1669 1729 1722 Deum
1758 1672 1855 1721 no-

257 1761 609 1833 strum,’quia
638 1761 771 1816 nihil
800 1768 880 1817 est
908 1761 983 1816 illi
1022 1760 1372 1832 impossibile,
1396 1767 1456 1813 ut
1484 1759 1645 1813 hodie
1672 1758 1852 1813 cibum

1962 561 2207 615 venimus
2254 559 2322 615 ad
2367 560 2633 617 homines.
2688 558 2841 617 Sicut
2890 562 3137 632 superius
3166 562 3551 630 insinuavi,vi-

1952 651 2095 720 'ghiti
2139 657 2195 707 et
2239 658 2365 707 octo
2411 651 2528 707 dies
2574 666 2675 723 per
2700 650 2976 708 desertum
3002 653 3109 709 iter
3135 639 3456 721 iecinius,'e't
3484 674 3547 713 ea

1963 738 2122 798 nocte
2142 758 2248 813 qua
2274 743 2617 813 perVenimus
2645 743 2713 799 ad
2733 744 3001 809 homines,
3022 745 3090 801 de
3111 746 3233 801 cibo
3263 750 3393 801 vero
3420 748 3551 803 nihil

1952 834 2264 890 habuimus.
2291 833 2359 888 Et
2387 834 2582 889 iterum
2610 841 2734 905 post
2770 837 2972 905 paucos
2999 842 3171 893 annos
3191 838 3243 892 in
3268 826 3552 895 Britanniis

1964 941 2112 981 eram
2142 939 2262 981 cum
2290 926 2604 996 parentibus
2631 924 2785 993 mis,
2837 927 2930 997 qui
2971 940 3057 983 me
3084 936 3145 983 ut
3169 926 3340 984 illium
3368 936 3542 986 susce-

1960 1025 2195 1089 perunt:
2228 1026 2283 1075 et
2311 1033 2377 1072 ex
2407 1017 2513 1073 ﬁde
2540 1020 2866 1088 rogaverunt
2892 1022 2999 1083 me,
3032 1024 3091 1074 ut
3118 1021 3203 1076 vel
3240 1020 3406 1078 modo
3453 1036 3552 1091 ego

1962 1109 2111 1180 (post
2135 1117 2314 1165 tantas
2360 1109 2735 1166 tribulatiolies
2763 1110 2899 1180 quas
2936 1112 3154 1182 pertuli)
3182 1114 3455 1183 nunquam
3486 1115 3552 1170 ab

1960 1200 2067 1256 illis
2094 1201 2445 1257 discederem.
2474 1200 2546 1257 Et
2575 1201 2645 1257 ibi
2677 1203 2882 1260 scilicet
2902 1203 3024 1259 vidi
3054 1205 3109 1260 in
3136 1205 3255 1262 visu
3281 1212 3445 1263 nocte
3474 1208 3552 1263 vi-

1961 1306 2081 1349 rum
2109 1295 2414 1350 venientem
2455 1296 2606 1367 quasi
2634 1297 2703 1352 de
2740 1292 3030 1353 Hibe'rione
3075 1299 3163 1354 cui
3189 1300 3387 1356 nomen
3416 1308 3441 1339 υ
3462 1298 3553 1356 γι.

1960 1388 2239 1453 ‘ctoricius,
2285 1402 2407 1445 cum
2461 1382 2705 1460 ‘epistolis
2763 1390 3279 1448 innumerabilibus:
3310 1390 3368 1449 et
3409 1392 3553 1452 dedit

1960 1480 2092 1536 mihi
2135 1484 2295 1535 unam
2332 1484 2405 1536 'ex
2435 1480 2557 1548 illis,
2590 1489 2647 1537 et
2671 1481 2777 1552 legi
2804 1482 3127 1555 principium
3151 1484 3392 1557 epistola:
3419 1484 3551 1544 coh-

1960 1571 2260 1627 tinentem:
2304 1571 2420 1628 Vox
2472 1572 2491 1612 τ
2525 1571 2951 1630 Hiberiana'cum.
2986 1574 3054 1630 Et
3100 1570 3229 1633 dum
3254 1572 3550 1653 fecitabam

1950 1660 2283 1735 ‘prihcipium
2315 1664 2575 1736 epiStolze,
2606 1662 2863 1736 putabam
2896 1676 2922 1715 ε
2944 1662 3061 1738 ipso
3109 1664 3406 1736 momento,
3457 1684 3551 1727 au<

1946 1756 2075 1813 'dire
2121 1764 2308 1814 vocem
2346 1756 2584 1829 ipsorum
2610 1758 2700 1829 qui
2748 1756 2901 1814 erant
2917 1758 3070 1828 jtitta
3096 1754 3289 1817 bilvam
3319 1758 3551 1828 Focluti,

258 1852 442 1908 mittat
471 1848 622 1908 vobis
649 1854 703 1907 in
724 1854 865 1908 viam
886 1844 1140 1918 vestram,
1174 1865 1342 1920 usque
1381 1850 1507 1904 dum
1534 1849 1803 1905 satiamini
1838 1866 1850 1902 :
1885 1842 1931 1903 Β
1961 1856 2081 1924 quia
2110 1859 2192 1908 est
2218 1868 2388 1923 prope
2417 1866 2567 1909 mare
2609 1848 2974 1908 Occidentale.
3010 1848 3182 1909 Et‘sic
3211 1850 3550 1910 exclamave-

259 1949 385 2018 quia
418 1948 615 2017 ubique
644 1947 881 2003 abundat
927 1947 1023 2001 illi.
1056 1944 1123 1999 Et
1173 1945 1461 2014 adiuvante
1489 1943 1621 2010 Deo,
1655 1943 1728 1997 ita
1778 1941 1855 1997 fa-

242 2034 404 2094 ‘ctum
431 2047 532 2095 est.
560 2037 696 2094 Ecce
720 2052 849 2106 grex
878 2051 1165 2107 porcorum
1196 2036 1251 2090 in
1282 2035 1362 2090 via
1393 2043 1518 2089 ante
1543 2035 1728 2090 oculos
1757 2048 1855 2088 no-

258 2140 404 2187 stros
434 2132 682 2202 apparuit
710 2149 722 2182 :
751 2137 806 2183 et
834 2129 1031 2184 multos
1053 2143 1120 2183 ex
1148 2128 1252 2182 illis
1272 2126 1673 2191 interiecerant,
1705 2133 1760 2180 et
1780 2125 1852 2180 ibi

255 2223 392 2279 duas
434 2230 621 2278 noctes
650 2228 963 2276 manserunt
986 2221 1129 2275 bene
1166 2218 1383 2285 refecti;
1418 2228 1444 2255 ⁸
1472 2224 1527 2272 et
1555 2231 1717 2272 carne
1755 2230 1852 2270 eo-

250 2328 376 2371 rum
415 2316 641 2373 relevati
670 2322 813 2383 sunt,
844 2315 967 2382 quia
997 2313 1150 2367 multi
1179 2326 1245 2367 ex
1274 2306 1379 2367 illis
1424 2310 1755 2376 defecerunt,
1798 2320 1854 2366 et

249 2423 411 2464 secus
432 2409 574 2463 viam
602 2406 843 2463 semivivi
871 2405 1115 2461 derelicti
1139 2412 1281 2460 sunt.
1315 2403 1383 2458 Et
1412 2390 1531 2475 post
1561 2405 1673 2460 haec
1702 2419 1850 2459 sum-

248 2514 373 2553 mas
415 2499 617 2567 gratias
649 2504 878 2567 egerunt
906 2496 1040 2563 Deo,
1069 2502 1122 2550 et
1151 2509 1249 2565 ego
1296 2482 1680 2551 honoriﬁcatus
1731 2510 1849 2549 sum

236 2591 356 2645 sub
395 2590 569 2645 oculis
599 2605 807 2646 eorum.

321 2681 417 2735 1X.
450 2679 543 2752 (Et
571 2695 637 2736 ex
673 2681 774 2736 hac
797 2680 884 2735 die
913 2679 1249 2755 abundanter
1282 2680 1459 2734 cibum
1497 2678 1845 2749 habuerunt.)

246 2770 430 2828 Etiam
460 2775 569 2839 mel
588 2775 833 2829 silvestre
873 2774 1213 2837 invenerunt,
1246 2778 1301 2826 et
1340 2770 1470 2826 mihi
1510 2779 1717 2847 partem
1750 2771 1846 2826 ob-

244 2865 508 2917 tulerunt.
534 2864 602 2917 Et
627 2878 760 2918 unus
779 2879 848 2917 ex
868 2862 970 2917 illis
991 2861 1143 2916 dixit.
1172 2860 1287 2917 Hoc
1312 2862 1711 2917 immolatitium
1741 2872 1841 2917 est.

243 2954 362 3009 Deo
384 2953 588 3022 gratias
616 2953 811 3009 exinde
838 2954 973 3009 nihil
1019 2955 1248 3023 gustavi.
1279 2952 1482 3008 Eadem
1510 2969 1639 3009 vero
1688 2963 1845 3010 nocte

242 3060 398 3101 eram
426 3046 719 3109 dormiens,
748 3053 801 3100 et
822 3044 1285 3112 fortitertentavit
1313 3061 1400 3101 me
1429 3054 1665 3113 satanas,
1692 3047 1846 3116 cujus

242 3151 459 3192 memor
485 3152 579 3193 ero
628 3138 863 3217 quandiu
891 3136 1042 3192 fuero
1094 3139 1149 3193 in
1178 3138 1284 3194 hoc
1311 3154 1561 3206 corpore.
1593 3137 1661 3193 Et
1698 3140 1835 3194 ceci‘

1960 1954 2087 1999 runt
2115 1946 2270 2017 quasi
2301 1961 2368 2001 ex
2399 1956 2506 2000 uno
2558 1959 2653 2001 ore
2687 1964 2698 1999 :
2733 1936 3006 2015 Rogamus
3052 1953 3126 2011 te,
3182 1940 3367 2002 sahcte
3396 1956 3549 2018 puer,

1959 2047 2018 2093 ut
2047 2040 2233 2094 venias
2262 2046 2315 2095 et
2345 2038 2525 2095 adhuc
2547 2038 2790 2094 ambules
2819 2040 2960 2094 inter
2988 2054 3105 2095 nos.
3135 2036 3204 2094 Et
3228 2037 3384 2107 valde
3413 2055 3554 2096 com.

1950 2136 2187 2201 'punctus
2216 2146 2333 2184 sum
2381 2130 2565 2196 corde,
2597 2137 2651 2185 et
2673 2128 2901 2200 amplius
2930 2145 3038 2186 non
3059 2122 3209 2201 potui
3255 2128 3465 2199 legere,
3499 2124 3553 2188 et

1956 2219 2035 2274 sic
2062 2218 2471 2290 expergefactus
2518 2234 2656 2273 sum.
2690 2218 2803 2275 Deo
2825 2219 3045 2290 gratias,
3078 2216 3205 2290 quia
3227 2222 3353 2293 post
3381 2224 3553 2295 annos

1954 2296 2217 2382 plurimos
2243 2311 2495 2383 praestitit
2522 2310 2629 2367 illis
2658 2308 2917 2366 Dominus
2946 2310 3242 2367 secundum
3261 2313 3553 2369 clamorem

1959 2418 2169 2459 eorum.

2025 2494 2114 2552 XI.
2156 2492 2225 2551 Et
2252 2497 2355 2551 alia
2388 2494 2565 2560 nocte,
2593 2496 2795 2563 nescio,
2824 2494 2968 2553 Deus
2988 2494 3109 2565 scit,
3143 2490 3324 2553 utrum
3354 2497 3408 2553 in
3438 2484 3549 2564 me,

1939 2604 2019 2646 'an
2038 2591 2190 2661 juxta
2220 2607 2325 2656 me,
2356 2590 2535 2646 verbis
2581 2590 2920 2661 peritissimis
2950 2587 2979 2628 ιι
3002 2605 3124 2661 qua:
3153 2604 3255 2660 ego
3285 2590 3464 2646 audivi
3495 2596 3551 2647 et

1950 2697 2059 2736 non
2088 2682 2239 2752 potui
2271 2678 2591 2751 intelligere,
2636 2681 2740 2737 nisi
2788 2680 2856 2736 ad
2904 2688 3239 2753 postremum
3286 2680 3550 2739 Orationis
3607 2676 3615 2684 ’

1949 2774 2026 2829 sic
2055 2772 2247 2829 affatus
2273 2782 2392 2829 est:
2430 2774 2444 2810 ί
2480 2775 2565 2846 qui
2585 2790 2680 2843 pro
2703 2782 2750 2827 te
2792 2775 3020 2828 animum
3069 2790 3219 2827 suam
3264 2775 3455 2843 posuit.
3485 2772 3549 2828 Et

1948 2865 2028 2921 sic
2056 2866 2464 2935 expergefactus
2493 2879 2609 2919 sum
2641 2858 3034 2931 gaudibundus.
3068 2858 3136 2916 Et
3166 2860 3359 2917 iterum
3388 2862 3403 2913 i
3443 2860 3549 2917 vidi

1949 2958 2003 3011 in
2052 2972 2138 3011 me
2169 2957 2341 3026 ipsum
2374 2963 2640 3018 orantem,
2692 2962 2746 3009 ct
2792 2966 2939 3009 eram
2992 2954 3145 3024 quasi
3184 2952 3326 3009 intra
3356 2952 3551 3027 carpus

1948 3064 2126 3103 meum
2156 3066 2165 3100 :
2199 3056 2254 3103 et
2274 3046 2456 3101 audivi
2486 3041 2648 3118 super
2666 3061 2774 3115 me,
2796 3040 2902 3102 hoc
2924 3046 3029 3113 ‘est,
3049 3040 3214 3123 s'up'er
3239 3046 3550 3105 interiorem

1945 3134 2257 3206 hominem;
2292 3147 2347 3194 et
2375 3136 2447 3193 ibi
2495 3136 2710 3193 fortiter
2748 3136 2939 3193 orabat
2966 3137 3275 3207 gemitibus.
3311 3136 3378 3193 Et
3407 3138 3549 3194 inter

243 3227 325 3282 dit
353 3243 516 3299 super
556 3244 643 3284 me
666 3213 834 3285 veluti
875 3246 1071 3284 saxum
1094 3231 1299 3299 ingens,
1329 3228 1358 3269 ιι
1389 3232 1445 3286 et
1492 3229 1625 3288 nihil
1669 3230 1843 3286 memi-
1873 3213 1922 3273 D
1947 3232 2062 3287 ha‘c
2084 3231 2390 3302 stupebam,
2417 3237 2472 3285 et
2500 3228 2826 3293 admirabar,
2850 3234 2905 3283 et
2926 3228 3238 3310 cogitabam.
3258 3230 3378 3298 quis
3406 3236 3548 3285 esset

241 3323 470 3377 brorum
509 3338 755 3378 meorum
798 3325 1113 3393 prznvalens.
1153 3322 1261 3379 Sed
1304 3322 1450 3379 unde
1493 3323 1623 3378 mihi
1672 3324 1839 3388 venit,

240 3417 457 3483 ignoro,
501 3416 556 3472 in
611 3417 857 3487 spiritum
912 3426 972 3471 ut
1024 3416 1553 3475 Heliam.vocarem.
1582 3414 1651 3471 Et
1705 3417 1843 3473 inter

226 3510 366 3565 inec
394 3510 502 3566 vidi
550 3512 603 3567 in
633 3512 771 3567 c0310
827 3512 999 3568 solem
1040 3513 1196 3580 oriri;
1229 3522 1283 3569 et
1330 3513 1456 3568 dum
1508 3513 1836 3569 clamarem:

240 3600 484 3655 Heliam!
519 3601 751 3657 Heliam!
791 3614 811 3642 ο
844 3606 971 3659 totis
997 3604 1198 3660 viribus
1226 3604 1392 3674 meis,
1435 3621 1561 3661 ecce
1589 3606 1843 3676 splendor

200 3749 213 3756 ,
239 3692 378 3747 solis
407 3691 609 3748 decidit
637 3710 931 3764 superme,
966 3702 1020 3752 et
1047 3699 1230 3771 statim
1270 3696 1521 3753 discussit
1549 3713 1579 3751 a
1610 3713 1696 3752 me
1726 3713 1842 3753 om-

239 3800 375 3840 nem
400 3786 812 3854 gravitudinem.
848 3787 914 3843 Et
944 3789 1104 3845 credo
1134 3791 1275 3860 quod
1306 3806 1336 3845 a
1364 3790 1578 3846 Christo
1611 3788 1840 3845 Domino

224 3894 372 3934 meo
405 3880 719 3950 (subventus
747 3898 887 3949 sum,
919 3891 975 3937 et
1002 3882 1234 3954 Spiritus
1265 3883 1379 3952 ejus
1403 3881 1514 3952 jam
1546 3880 1694 3952 tunc)
1726 3882 1837 3955 cla—

220 3971 434 4026 ‘mabat
460 3987 560 4044 pro
584 3988 692 4041 me,
722 3980 777 4029 et
806 3990 965 4045 spero
993 3976 1137 4044 quod
1166 3978 1243 4031 sic
1272 3978 1375 4031 erit
1405 3978 1457 4031 in
1480 3977 1841 4047 die‘pressurae

232 4076 408 4129 mete,
440 4066 579 4121 sicut
606 4068 659 4120 in
688 4064 978 4137 Evangelia
1007 4067 1180 4136 inquit
1210 4068 1288 4141 (ln
1326 4069 1414 4123 illa
1439 4068 1546 4142 die)
1580 4056 1841 4124 Dominus

236 4157 525 4229 (testatur)
562 4176 573 4212 :
607 4157 733 4213 Non
762 4177 849 4213 vos
890 4160 1017 4213 estis
1047 4163 1131 4233 qui
1159 4162 1447 4231 loquimini,
1491 4163 1581 4217 sed
1611 4162 1838 4231 Spiritus

127 4314 134 4320 _
236 4248 432 4305 Patris
457 4251 611 4305 vestri
639 4252 725 4323 qui
752 4249 974 4321 loquitur
1000 4252 1053 4305 in
1076 4252 1214 4306 vobis
1239 4252 1451 4325 (Matt/1.
1476 4242 1529 4320 χ,
1555 4251 1667 4326 20).

314 4339 387 4395 Χ.
429 4339 497 4394 Et
541 4342 737 4396 iterum
762 4351 887 4413 post
915 4336 1268 4416 nonestnon)
1309 4345 1506 4402 multos
1535 4347 1709 4402 adhuc
1749 4362 1838 4401 ca-

224 4440 460 4503 pturam
490 4432 630 4487 dedi.
664 4430 740 4487 Ea
771 4440 928 4489 nocte
948 4436 1119 4505 prima
1142 4436 1323 4507 itaque
1352 4438 1525 4493 mansi
1554 4454 1675 4493 cum
1712 4438 1831 4493 illis.

228 4521 588 4594 Responsum
619 4531 798 4579 autem
829 4523 1066 4581 divinum
1090 4527 1265 4583 audivi
1287 4528 1471 4585 dicens
1493 4529 1622 4584 mihi
1654 4549 1665 4583 :
1693 4530 1836 4585 Duos

1951 3324 2124 3395 quiin
2155 3339 2241 3380 me
2269 3322 2481 3379 orabat.
2515 3310 2622 3377 Sed
2662 3321 2728 3377 ad
2778 3329 3111 3392 postremum
3158 3322 3420 3377 Orationis
3466 3322 3548 3378 sic

1947 3416 2137 3473 eil'atus
2167 3426 2268 3482 est,
2302 3424 2359 3470 ut
2382 3415 2452 3469 sit
2481 3413 2719 3484 spiritus.
2752 3410 2820 3466 Et
2848 3412 2925 3467 sic
2946 3418 3294 3481 experrectus
3322 3426 3460 3477 sum,
3493 3418 3548 3467 et

1945 3508 2260 3564 recordatus
2308 3523 2447 3569 sum,
2481 3505 2745 3576 Apostolo
2783 3503 3035 3558 dicente:
3070 3501 3303 3573 Spiritus
3332 3504 3545 3575 adjuvat

1946 3601 2307 3669 inﬁrmitatem
2338 3604 2537 3651 nostra:
2567 3582 3021 3649 orationis.‘Nam
3048 3593 3172 3664 quid
3194 3581 3397 3649 oremus
3416 3594 3547 3649 sicut

1945 3699 2162 3762 oportet,
2194 3689 2484 3753 nescimus;
2516 3687 2607 3741 sed
2633 3687 2743 3757 ipse
2774 3680 3005 3762 Spiritus
3027 3683 3254 3757 postulat
3280 3702 3377 3755 pro
3403 3685 3547 3757 nobis

1940 3779 2218 3855 gemitibus
2247 3778 2687 3834 inenarrabilibus
2721 3770 2901 3846 (Rom.
2932 3792 3041 3836 wn,
3074 3770 3187 3845 26),
3219 3774 3340 3845 qua?
3367 3775 3546 3830 verbis

1946 3872 2175 3945 exprimi
2199 3887 2305 3925 non
2337 3877 2579 3940 possunt.
2608 3866 2674 3921 Et
2696 3868 2893 3921 iterum
2928 3883 2941 3919 :
2975 3864 3231 3937 Dominus
3260 3865 3544 3920 advocatus

1946 3976 2121 4021 noster
2142 3965 2369 4036 postulat
2397 3979 2489 4031 pro
2521 3958 2669 4014 nobis
2696 3958 2883 4029 (lbid.,
2909 3956 3021 4025 54).
3042 3954 3115 4010 Et
3135 3955 3353 4026 quando
3376 3964 3543 4012 tenta-

1942 4044 2031 4112 tus
2062 4072 2178 4111 sum
2209 4054 2276 4109 ab
2306 4052 2595 4124 aliquantis
2616 4042 2918 4106 senioribus
2938 4045 3113 4103 meisII
3133 4048 3225 4117 qui
3250 4056 3540 4113 venerunt,

1944 4150 2021 4205 ob
2067 4156 2288 4220 peccata
2345 4160 2485 4210 mea,
2542 4152 2735 4198 contra
2783 4140 3117 4195 laboriosum
3174 4138 3543 4209 episcopatum

1940 4246 2121 4297 incum
2150 4257 2161 4293 :
2194 4238 2379 4308 utique
2402 4237 2454 4291 in
2480 4236 2573 4291 illo
2594 4234 2681 4290 die
2702 4232 2915 4289 lortiter
2943 4231 3205 4302 impulsus
3230 4243 3348 4284 sum
3378 4236 3439 4283 ut
3461 4243 3541 4284 σιμ

1926 4332 2126 4391 ﬁerem
2182 4332 2269 4387 hic
2310 4336 2366 4385 et
2422 4330 2474 4384 in
2529 4328 2813 4384 internum.
2865 4324 2974 4381 Sed
3000 4324 3260 4379 Dominus
3297 4322 3543 4394 pepercit

1935 4426 2213 4499 'proselyto
2243 4430 2297 4478 ct
2312 4420 2604 4493 peregrino
2630 4416 2856 4491 propter
2878 4424 3073 4471 nomen
3097 4418 3250 4470 suum
3274 4413 3539 4482 benigne;

1942 4528 1997 4575 et
2023 4501 2189 4573 valde.
2218 4514 2346 4569 mihi
2377 4510 2627 4567 subvenit
2649 4510 2701 4563 in
2725 4509 2827 4563 hac
2854 4504 3281 4566 conculcati‘one‘,
3315 4504 3460 4572 quod
3484 4503 3537 4557 in

192 4606 205 4619 ’
233 4585 464 4675 merises
488 4615 596 4671 eris
624 4632 746 4672 eum
774 4616 909 4685 illis;
939 4619 1083 4687 quod
1104 4619 1177 4681 ita
1206 4620 1413 4678 factum
1435 4630 1534 4678 est.
1562 4621 1734 4679 Nocte
1748 4621 1837 4687 illa
1941 4610 2115 4666 labem
2133 4615 2187 4664 et
2216 4602 2649 4687 inbopprobrium
2682 4614 2789 4654 non
2820 4585 2959 4653 nfale
2986 4595 3200 4687 deveni.
3233 4592 3404 4687 Deum
3434 4609 3537 4647 oro

234 4708 578 4776 sexagesima
607 4708 854 4763 liberavit
880 4726 968 4766 me
998 4692 1254 4768 Dominus
1278 4713 1608 4769 demanibus
1624 4728 1832 4769 eorum.

220 4800 257 4839 ’τι
280 4798 444 4857 'EcCe
491 4802 542 4855 in
591 4800 781 4857 itinere
806 4794 1057 4874 {providit
1087 4807 1242 4863 nobis
1264 4786 1443 4871 cibum
1469 4818 1525 4863 et
1551 4806 1748 4878 ignem,
1778 4814 1833 4862 et

314 4950 345 4979 ι
372 4939 462 4995 Sic
490 4939 711 5015 optime,
736 4950 796 4995 ut
822 4940 1051 5015 videtur,
1076 4939 1341 5015 “laneus.
1373 4942 1442 4996 At
1467 4938 1825 5015 Bollandiani,

233 5012 311 5065 Et
347 5028 497 5065 canes
526 5010 701 5065 eorum
727 5012 935 5077 η’υείαεὶ
964 5021 1102 5065 sunt.
1136 5010 1389 5066 Mcndose
1417 5011 1660 5077 omnino.

294 5081 346 5137 ,δ
390 5081 575 5147 Recte,
608 5090 667 5134 ut
695 5076 933 5147 videtur;
973 5097 1029 5136 se
1080 5081 1242 5136 habet
1272 5082 1384 5135 hmc
1429 5076 1623 5134 Wanei
1648 5078 1823 5133 lectio.

228 5151 600 5220 Bollandiani,
626 5162 675 5204 et
703 5153 929 5205 omnium
945 5150 1286 5205 membrorum
1312 5166 1539 5204 mearum
1563 5150 1692 5203 vires
1714 5148 1832 5202 abs-

235 5223 365 5297 tulit
392 5239 407 5275 :
438 5223 527 5292 qui
576 5234 754 5280 tamen
778 5222 1056 5297 adnotant,
1089 5222 1493 5297 ms._pr:eferrc,
1527 5220 1658 5297 nihil
1682 5230 1833 5297 mem-

237 5288 730 5364 broru’m'meorunt
782 5292 1046 5364 prwvalui,
1106 5288 1469 5364 addentes‘ex
1499 5288 1828 5359 conjectura,

240 5380 464 5437 morare.
492 5362 615 5420 Mox
647 5356 851 5437 iidcn'i;
886 5372 939 5417 ut
967 5356 1688 5437 spiritugEliuminvocorem.
1758 5388 1769 5395 -
1818 5374 1821 5381 ‘

318 5447 342 5471 ιε
382 5432 495 5488 Vox
518 5439 635 5490 totis
666 5434 964 5490 addidimus
993 5432 1058 5489 ex
1088 5433 1328 5490 Bolland.
1819 5468 1832 5478 -

316 5502 343 5541 ά
375 5504 532 5573 Apud
578 5505 958 5576 Bollandianos
1009 5507 1122 5560 haec
1170 5507 1331 5576 verba
1365 5507 1529 5576 paulo
1560 5512 1683 5560 ante
1712 5512 1837 5576 post

210 5576 473 5631 -Mattbei
527 5585 732 5631 textum
783 5574 1157 5644 subjiciuntur.
1192 5574 1410 5631 Rectius
1437 5576 1701 5646 profecto,
1749 5574 1839 5633 hic

238 5650 399 5716 enim
420 5647 722 5716 importuna
749 5646 1013 5700 videntur.

323 5728 346 5753 ο
378 5714 469 5770 Sic
494 5712 552 5771 et
580 5715 828 5772 Usserius
857 5717 892 5769 l.
940 5732 1009 5780 0.,
1036 5730 1158 5785 pag.
1195 5716 1314 5770 555.
1349 5714 1455 5770 Sed
1474 5712 1835 5783 Bollandiani,

249 5788 536 5842 Victricius
561 5806 574 5840 :
602 5790 690 5856 qui
733 5795 952 5840 monent
981 5786 1119 5856 apud
1147 5788 1283 5840 alios
1309 5787 1411 5855 legi
1442 5786 1751 5839 Victoriam:
1786 5799 1841 5842 et

254 5859 552 5921 Victorem;
602 5869 655 5913 et
691 5858 792 5913 hoc
821 5874 1033 5921 nomen,
1070 5858 1333 5926 inquiunt,
1368 5866 1612 5912 auctores
1641 5860 1841 5929 passim

1884 4672 1892 4701 ἶ
1940 4713 1999 4759 ut
2050 4718 2159 4757 non
2214 4672 2401 4754 illis
2449 4700 2731 4767 peccatum
2760 4685 3087 4758 reputeturl
3124 4672 3378 4739 occasio:
3413 4697 3538 4737 nam

1936 4804 2059 4869 post
2122 4794 2294 4848 annos
2320 4814 2321 4817 η
2350 4787 2570 4854 triginta
2610 4785 2935 4838 invenerunt
2998 4774 3103 4838 me,
3172 4780 3227 4827 et
3274 4772 3537 4827 adversus

1936 4948 2177 5013 tribuunt
2199 4939 2391 5007 angelo
2416 4934 2513 5014 qui
2543 4932 2706 5014 toties
2734 4924 3318 5014 Patri-ciioappai‘ebgtz
3392 4998 3409 5011 Α

2013 4994 2151 5083 iiii;
2163 4994 2388 5083 quoque
2416 4994 2793 5083 Usse’rius‘ch.
2923 4994 3192 5077 Bolland.,
3224 4996 3529 5053 Hiberiam--

1935 5066 2522 5157 νιιιιεξἰοεέιὶιῇιξηιῖειρ.⁸
2546 5071 2637 5142 21,
2655 5066 3139 5157 ἷθεγῄῦζιεηαῇιιὴὶ.

2010 5165 2033 5203 s
2064 5152 2146 5208 Al.
2175 5149 2314 5221 apud
2344 5145 2638 5213 Usserium,
2669 5145 2781 5213 ipse
2810 5145 2866 5194 in
2889 5145 3079 5219 'mentc.
3119 5204 3123 5211 .

2010 5224 2036 5263 ιι
2066 5219 2335 5281 Bolland:,
2388 5216 2551 5291 verbis
2602 5212 2946 5288 peritissimis,
2979 5208 3250 5291 audiebam
3279 5205 3530 5291 quosdam

1938 5315 2001 5352 ea:
2023 5296 2206 5366 spiritu
2235 5278 2513 5366 psallentes
2530 5278 2669 5342 intra
2697 5300 2798 5351 me,
2829 5278 2878 5336 et
2899 5278 3187 5337 nesciebam
3217 5278 3303 5349 qui
3329 5285 3531 5344 essent;

1942 5362 2069 5440 quos
2211 5362 2407 5440 {mgivi’
2434 5369 2542 5440 ξήρ’
2604 5426 2615 5437 .
2684 5428 2687 5437 .
2730 5433 2742 5440 _
2825 5425 2837 5437 .
2884 5374 2901 5440 ,ὑ
2959 5429 3023 5440 __.
3052 5414 3127 5440 --.ξ
3147 5416 3402 5440 ’-μυρίη-ι

2196 5428 2337 5487 dedit
2359 5416 2585 5485 ultimam
2604 5426 2699 5499 'pro
2724 5433 2790 5491 te,
2820 5425 2930 5493 ipse
2948 5429 3023 5477 est
3042 5416 3127 5488 qui
3144 5416 3367 5488 loquitur
3384 5417 3439 5470 in
3460 5422 3526 5470 te.

1945 5510 2061 5565 Lib.
2090 5504 2341 5562 Armach.
2370 5503 2529 5558 WAR.

2018 5581 2030 5615 i
2072 5575 2291 5615 Rnllnnil
2326 5614 2333 5615 ,
2373 5572 2635 5615 audivi---
2667 5576 2714 5615 ει
2734 5570 2844 5615 erat
2873 5556 3041 5615 (παιδί.

2016 5581 2030 5630 ι
2072 5575 2338 5638 Bolland.,
2373 5572 2635 5643 audivi.._..
2666 5570 2844 5643 eterut
2873 5570 3058 5643 quiti;
3188 5640 3191 5643 _
3261 5628 3277 5643 _
3332 5628 3355 5643 ,ν
3404 5634 3418 5643 Α
3516 5626 3531 5642 ,

2014 5628 2403 5715 ίίὲἱξίὶιιξίιιιιις
2432 5656 2552 5697 cum
2583 5633 2852 5700 Bolland.,
2881 5628 2971 5687 ubi
2992 5628 3236 5685 Warreus
3261 5628 3425 5685 habet
3444 5628 3533 5699 qui

1944 5728 2186 5775 venerunt
2223 5726 2269 5769 οἱ
2298 5721 2526 5783 peccata.
2556 5778 2589 5784 _
2636 5778 2668 5784 __
2759 5776 2774 5784 _
2832 5775 2876 5784 υ
3111 5772 3122 5783 .
3206 5771 3228 5784 ι.
3314 5771 3325 5784 ι

2029 5771 2165 5844 l“Sic
2194 5771 2384 5841 iterum
2407 5797 2526 5835 cum
2556 5776 2798 5833 Bonand.
2832 5775 3014 5842 Neque
3037 5772 3179 5827 enim
3202 5771 3327 5826 ferri
3354 5774 3533 5843 potest

1930 5864 2060 5917 haec
2084 5857 2276 5915 War-.ei
2311 5852 2489 5914 lectio,
2524 5849 2871 5903 occasionum.
2900 5845 3024 5900 Post
3049 5860 3172 5898 ann.
