4140 6346
527 336 633 398 ⁸07

1443 326 1498 382 s.
1548 309 1913 379 PATRICIUS
1951 317 2402 377 meummeum
2443 320 2860 377 APOSTOLUS.

3718 315 3844 374 808

529 451 752 509 verbum
793 442 952 520 quod
985 443 1264 504 confessus
1301 440 1509 498 literam
1540 447 1568 478 ει
1613 446 1905 521 antequam
1951 451 2127 494 essem
2155 439 2208 499 Α
2234 437 2358 494 veni
2382 438 2552 503 illum,
2585 447 2642 495 et
2667 437 2904 494 servavit
2947 452 3036 493 me
3060 437 3131 491 ab
3158 436 3412 493 omnibus
3433 434 3848 506 iniquitatibus.

529 543 812 602 diaconus.

2238 525 2266 568 δ
2290 528 2381 585 Sic
2409 529 2591 597 credo,
2615 537 2837 600 propter
2865 523 3255 585 inhabitantem
3279 527 3538 599 Spiritum
3568 525 3706 596 eius,
3735 526 3852 596 qui

597 632 712 690 ΧΠ.
754 631 987 703 Propter
1024 627 1377 693 anxietatem,
1408 635 1602 682 moesto
1631 625 1815 680 animo
1861 622 2127 680 insinuavi
2230 630 2490 694 operatus
2538 630 2622 678 est
2659 637 2830 692 usque
2875 624 2930 677 in
2979 621 3121 677 hanc
3154 621 3299 678 diem
3355 620 3410 676 in
3453 635 3541 676 me
3569 620 3857 677 audenter

528 722 865 782 amicissimo
909 735 1053 787 meo,
1097 733 1219 792 qum
1249 719 1303 774 in
1329 716 1567 788 pueritia
1596 729 1738 780 mea,
1763 728 1868 769 una
1895 713 1992 768 die
2003 726 2128 787 ges-

529 831 740 892 seram,
770 814 880 873 imo
909 813 964 870 in
1000 827 1110 868 una
1145 811 1302 878 hora,
1335 809 1462 880 quia
1489 807 1719 864 necdum
1743 805 2127 877 prmvaleham.

530 907 746 975 Nescio,
795 907 938 962 Deus
967 903 1094 969 scit,
1122 901 1152 942 δ
1179 902 1228 958 si
1255 900 1524 965 habebam
1547 907 1675 954 tunc
1702 912 1874 952 annos
1900 894 2123 967 quinde-

2230 735 2437 776 rursus.
2484 717 2591 774 Sed
2641 718 2745 774 scit
2773 717 2935 784 Deus,
2966 717 3013 773 si
3049 716 3182 772 mihi
3211 717 3376 774 homo
3396 714 3589 772 eﬂ'atus
3613 714 3876 782 fuisset,

2237 810 2465 868 forsitan
2493 811 2803 877 tacuissem,
2832 818 3056 881 propter
3075 810 3361 866 caritatem
3389 807 3610 864 Christi.

2305 905 2444 961 XIV.
2467 903 2622 960 Unde
2641 918 2770 974 ergo
2786 901 3107 960 indefessam
3126 903 3357 973 gratiam
3371 915 3529 972 agam
3547 900 3662 958 Deo
3683 916 3857 968 meo,

530 1000 656 1066 cim,
681 1005 739 1056 et
760 997 932 1056 Deum
951 996 1133 1054 vivum
1155 1009 1265 1051 non
1287 989 1595 1058 credebam,
1619 1005 1796 1061 neque
1817 1004 1885 1045 ex
1910 987 2132 1044 infantia
2233 999 2327 1069 qui
2355 1013 2444 1054 me
2473 997 2686 1054 ﬁdelem
2715 995 2954 1054 sei-vavi;
2983 997 3037 1052 in
3067 997 3157 1052 die
3185 995 3502 1051 mutationis
3551 1008 3710 1060 mea,
3765 993 3857 1048 in

537 1107 694 1157 inea;
745 1088 843 1146 sed
871 1089 926 1146 in
951 1094 1130 1144 morte
1156 1093 1214 1144 et
1237 1086 1294 1142 in
1339 1083 1716 1142 incredulitate
1744 1081 1940 1148 mansi,
1960 1080 2135 1137 donec

538 1182 698 1239 valde
718 1181 1015 1255 castigatus
1041 1195 1182 1247 sum,
1213 1186 1270 1236 et
1295 1178 1352 1234 in
1373 1176 1604 1234 veritate
1626 1175 1937 1230 humiliatus
1963 1189 2082 1231 sum
2102 1188 2133 1227 a

536 1273 680 1332 fame
706 1281 764 1334 et
791 1273 1066 1340 nuditate;
1089 1279 1146 1329 et
1169 1269 1414 1343 quotidie
1439 1274 1629 1326 contra
1658 1265 2006 1322 Hiberionem
2025 1279 2134 1321 non

535 1375 736 1439 sponte
762 1365 1074 1439 pergebam,
1124 1362 1300 1420 donec
1325 1375 1496 1432 prope
1533 1357 1868 1416 deﬁciebant.
1899 1355 2006 1413 Sed
2033 1357 2138 1413 hoc

539 1458 724 1530 potius
770 1457 912 1514 bene
944 1453 1074 1511 mihi
1094 1453 1216 1522 fuit,
1247 1453 1374 1525 quia
1395 1467 1465 1509 ex
1492 1452 1598 1509 hoc
1615 1449 1932 1506 emendatus
1959 1464 2078 1504 sum
2104 1465 2136 1503 a

539 1548 793 1614 Domino,
808 1555 864 1603 et
876 1545 1082 1618 aptavit
1099 1559 1188 1600 me
1213 1551 1274 1599 ut
1294 1541 1455 1599 hodie
1474 1556 1652 1597 essem
1677 1539 1825 1610 quod
1848 1538 2138 1609 aliquando

541 1640 704 1710 longe
723 1653 756 1695 a
778 1652 868 1694 me
892 1643 1030 1703 erat,
1045 1643 1105 1690 ut
1123 1647 1224 1704 ego
1250 1649 1407 1691 curas
1434 1633 1694 1689 haberem
1718 1638 1812 1686 aut
1834 1638 2137 1699 satagerem

541 1749 646 1806 pro
691 1731 864 1789 salute
917 1729 1175 1793 aliorum;
1228 1726 1448 1800 quando
1497 1734 1625 1781 tunc
1649 1725 1815 1781 etiam
1835 1722 1902 1778 de
1930 1721 2139 1792 meipso

2236 1098 2297 1146 ut
2322 1089 2488 1146 hodie
2532 1087 2874 1146 conﬁdenter
2900 1087 3125 1152 offeram
3175 1087 3254 1144 illi
3279 1086 3620 1152 sacriﬁcium,
3648 1080 3710 1140 ut
3734 1086 3858 1140 ho-

2237 1180 2394 1236 stiam
2423 1179 2695 1236 viventem
2720 1180 2960 1235 animam
2989 1192 3169 1235 meam
3196 1176 3415 1235 Christo
3434 1177 3670 1236 Domino
3688 1191 3854 1242 meo.

2236 1270 2330 1342 qui
2356 1286 2446 1327 me
2473 1271 2710 1327 servavit
2736 1270 2805 1326 ab
2830 1269 3082 1327 omnibus
3109 1269 3371 1340 angustiis
3396 1269 3534 1326 meis
3562 1286 3577 1323 :
3602 1275 3664 1325 ut
3686 1276 3744 1325 et
3769 1268 3859 1324 di-

2238 1379 2357 1426 cam
2389 1382 2401 1418 :
2434 1363 2566 1432 Quis
2592 1378 2694 1434 ego
2722 1374 2863 1430 sum,
2895 1363 3146 1432 Domine;
3195 1364 3281 1419 vel
3330 1378 3453 1434 quae
3495 1372 3579 1420 est
3622 1363 3860 1419 vocatio

2239 1471 2383 1522 mea,
2413 1455 2506 1526 qui
2553 1456 2685 1513 mihi
2709 1463 2918 1512 tantam
2937 1455 3280 1512 divinitatem
3310 1455 3326 1495 ί
3362 1455 3733 1528 cooperuisti?
3767 1456 3855 1510 ita

2243 1555 2302 1601 ut
2347 1546 2512 1603 hodie
2539 1547 2592 1602 in
2622 1548 2875 1617 gentibus
2915 1556 3230 1604 constanter
3271 1548 3608 1604 exsultarem
3637 1555 3695 1603 et
3721 1562 3860 1604 mae

2243 1638 2558 1709 gniﬁcarem
2588 1656 2787 1697 nomen
2817 1648 2989 1706 tuum,
3039 1640 3346 1711 ubicunque
3370 1638 3556 1706 fuero;
3589 1655 3691 1696 nec
3732 1655 3856 1694 non

2243 1733 2297 1788 in
2319 1731 2587 1798 secundis,
2615 1732 2710 1788 sed
2731 1733 2898 1790 etiam
2925 1733 2979 1788 in
3009 1733 3276 1804 pressuris
3303 1749 3315 1786 :
3348 1739 3409 1787 ut
3434 1730 3689 1802 quidquid
3711 1730 3857 1786 mihi

464 1853 470 1859 -
543 1838 654 1880 non
681 1821 1003 1892 cogitabam.
1033 1819 1203 1890 Igitur
1233 1818 1287 1874 in
1317 1818 1410 1874 illo
1432 1817 1519 1873 die
1547 1831 1657 1887 quo
1677 1815 2001 1886 reprobatus
2019 1828 2140 1870 sum
2169 1816 2216 1877 Β
2243 1823 2506 1890 evenerit,
2537 1823 2654 1879 sive
2679 1823 2880 1879 bonum
2932 1823 3047 1879 sive
3086 1822 3315 1888 malum,
3357 1821 3640 1892 inquiner
3667 1821 3857 1877 debeo

541 1929 576 1970 a
603 1912 918 1970 memoratis
944 1908 1270 1982 supradictis
1297 1907 1391 1980 (ad
1419 1915 1634 1964 noctem
1665 1903 1855 1976 illam),
1893 1916 1915 1944 ο
1948 1903 2054 1960 vidi
2085 1904 2140 1960 in

542 2005 663 2062 visu
706 2004 881 2062 noctis
928 2002 1188 2074 scriptum
1235 2007 1427 2057 contra
1453 1998 1645 2056 faciem
1673 2013 1869 2063 meam,
1900 1997 2016 2052 sine
2044 1997 2144 2053 ho-

542 2111 699 2155 uore.
728 2095 797 2151 Et
824 2097 967 2152 inter
992 2095 1128 2161 haec,
1158 2093 1339 2149 audivi
1369 2108 1692 2163 responsum
1740 2089 2026 2163 (divinum)
2056 2090 2141 2146 di-

543 2206 674 2248 cens
726 2190 902 2248 mihi:
947 2187 1089 2244 Male
1135 2187 1368 2245 vidimus
1403 2185 1597 2242 faciem
1620 2183 1886 2251 designati
1941 2181 2144 2239 nudato

445 2285 452 2298 '
544 2285 785 2361 nomine.
835 2282 947 2339 Nec
994 2282 1072 2338 sic
1099 2279 1350 2352 prmdixit
1380 2297 1394 2333 :
1425 2277 1566 2334 Male
1590 2277 1804 2343 vidisti;
1836 2275 1930 2332 sed
1962 2293 1974 2329 :
2008 2274 2146 2330 Male

549 2379 802 2441 vidimus,
831 2375 986 2448 quasi
1014 2374 1086 2430 ibi
1116 2373 1386 2443 seiunxit,
1415 2373 1556 2428 sicut
1573 2370 1709 2426 dixit
1743 2388 1755 2423 :
1790 2368 1894 2434 Qui
1912 2385 2001 2424 vos
2021 2378 2143 2422 tan-

551 2472 648 2541 git,
677 2468 829 2541 quasi
856 2468 1025 2538 tangit
1053 2466 1308 2538 pupillam
1336 2465 1472 2521 oculi
1501 2465 1602 2518 mei
1631 2462 1815 2534 (Zach.
1861 2478 1916 2525 ιι,
1949 2461 2028 2531 8).
2062 2459 2147 2515 ιιι-

495 2589 501 2596 ·
548 2563 698 2618 circo
723 2561 926 2632 gratias
951 2573 1053 2628 ago
1077 2559 1128 2614 ei
1152 2559 1246 2628 qui
1266 2573 1355 2614 me
1375 2559 1428 2612 in
1449 2556 1701 2612 omnibus
1724 2554 2070 2620 confortavit,
2089 2561 2149 2608 ut

555 2670 664 2711 non
712 2667 805 2710 me
830 2651 1119 2722 impediret
1142 2666 1175 2706 a
1194 2649 1530 2721 profectione
1557 2664 1720 2719 quam
1749 2654 2065 2712 statueram,
2093 2653 2151 2701 et

549 2746 617 2803 de
645 2761 768 2803 meo
796 2758 1015 2815 quoque
1035 2757 1204 2814 opere
1230 2741 1377 2813 quod
1405 2757 1436 2796 a
1455 2740 1673 2796 Christo
1692 2739 1989 2796 didiceram
2019 2755 2032 2792 :
2055 2737 2149 2794 sed

547 2836 720 2908 magis
747 2850 816 2892 ex
844 2849 914 2896 eo
940 2833 1085 2890 sensi
1132 2832 1186 2888 in
1218 2846 1307 2887 me
1347 2831 1603 2888 virtutem
1651 2846 1759 2885 non
1800 2844 2024 2900 parvam
2045 2869 2061 2896 ,
2094 2836 2152 2884 et

550 2926 682 2984 (Ides
711 2941 833 2985 mea
853 2925 1084 2997 probata
1111 2930 1196 2979 est
1223 2937 1408 2978 coram
1434 2920 1547 2977 Deo
1567 2929 1623 2976 et
1647 2920 1976 3001 hominibus.

622 3018 760 3076 Xlll.
799 3016 956 3074 Unde
982 3024 1166 3072 autem
1194 3015 1457 3071 audenter
1498 3012 1620 3069 dico
1653 3030 1666 3066 :
1698 3010 1817 3068 Non
1845 3027 1936 3068 me
1964 3026 2150 3082 repre-

551 3113 740 3172 hendit
793 3111 1122 3170 conscientia
1149 3125 1273 3166 mea
1295 3105 1324 3146 ά
1351 3110 1440 3166 hic
1465 3116 1522 3164 et
1549 3109 1605 3164 in
1634 3108 1896 3164 futurum.
1929 3105 2147 3162 Testem

2244 1913 2523 1984 suscipere
2567 1921 2623 1969 et
2651 1914 2765 1970 Deo
2792 1914 2997 1982 gratias
3024 1928 3243 1985 semper
3269 1927 3454 1982 agere,
3487 1912 3578 1983 qui
3601 1912 3731 1968 mihi
3751 1929 3854 1969 os-

2245 2005 2418 2062 tendit
2452 2014 2512 2062 ut
2559 2004 2967 2062 indubitabilem
3019 2021 3145 2062 eum
3182 2007 3301 2061 sine
3329 2005 3439 2062 line
3466 2005 3762 2070 crederem,
3788 2013 3854 2064 et

2244 2099 2339 2168 qui
2368 2114 2458 2155 me
2484 2098 2757 2154 audierit:
2791 2108 2852 2154 ut
2877 2108 2934 2153 et
2980 2113 3082 2168 ego
3115 2099 3130 2150 ἱ
3167 2099 3367 2155 inscius
3402 2099 3506 2155 sim
3535 2099 3591 2154 in
3614 2099 3857 2154 novissi-

2245 2188 2349 2243 mis
2361 2187 2551 2243 diebus
2565 2188 2670 2243 hoc
2687 2202 2826 2258 opus
2848 2196 2959 2244 tam
2987 2189 3136 2259 pium
3167 2197 3224 2244 et
3241 2201 3352 2244 tam
3383 2189 3670 2246 mirificum
3700 2189 3858 2246 adire

2247 2280 2592 2350 aggrederer,
2617 2281 2693 2336 ita
2726 2288 2784 2336 ut
2831 2281 3076 2336 imitarer
3103 2281 3388 2352 quospiam
3415 2281 3536 2337 illos
3562 2298 3703 2352 quos
3726 2289 3860 2338 ante

2247 2374 2509 2430 Dominus
2523 2373 2638 2444 iam
2659 2373 2786 2429 olim
2807 2372 3132 2444 praedixerat
3153 2371 3176 2410 ¹ί
3199 2373 3661 2443 praznuntiaturos
3685 2371 3858 2428 Evan-

2247 2465 2451 2534 gelium
2479 2480 2659 2528 suum,
2691 2466 2747 2518 in
2777 2465 3134 2520 testimonium
3160 2464 3400 2519 omnibus
3436 2464 3696 2536 gentibus,
3729 2471 3858 2520 ante

2251 2557 2415 2614 ﬁnem
2446 2557 2652 2613 mundi.
2684 2557 2840 2624 Quod
2871 2557 2944 2613 ita
2973 2571 3103 2626 ergo
3135 2557 3218 2628 (ut
3244 2557 3478 2612 vidimus
3499 2558 3710 2629 itaque)
3735 2575 3856 2630 snp-

2251 2649 2455 2721 pletum
2477 2656 2580 2704 est.
2608 2646 2748 2704 Ecce
2772 2655 2936 2704 testes
2964 2663 3170 2714 sumus,
3201 2647 3327 2718 quia
3349 2646 3706 2718 Evangelium
3725 2664 3856 2722 pm

2248 2740 2485 2798 dicatum
2513 2747 2597 2796 est
2624 2755 2796 2810 usque
2815 2740 2905 2796 ubi
2934 2755 3098 2797 nemo
3127 2741 3279 2796 ultra
3294 2749 3398 2797 est.

2323 2831 2436 2887 XV.
2479 2831 2723 2900 Longum
2753 2839 2837 2888 est
2862 2841 3042 2888 autem
3074 2840 3250 2888 totum
3298 2848 3401 2903 per
3426 2833 3635 2905 singula
3681 2851 3851 2892 enar-
3895 2889 3897 2892 .

2249 2939 2372 2981 rare
2400 2923 2644 2979 laborem
2673 2937 2873 2986 meum,
2904 2923 2992 2979 vel
3019 2937 3120 2994 per
3165 2930 3372 2994 partes.
3398 2923 3642 2981 Breviter
3662 2925 3850 2982 dicam

2248 3016 2482 3087 qualiter
2499 3015 2770 3086 piissimus
2792 3014 2933 3070 Deus
2954 3015 3023 3069 de
3044 3014 3308 3071 servitute
3327 3031 3474 3087 saepe
3503 3016 3750 3072 liberavit
3786 3033 3855 3074 ex

2248 3109 2533 3167 duodecim
2554 3108 2826 3179 periculis,
2848 3108 3046 3178 quibus
3073 3107 3378 3178 periclitata
3398 3117 3486 3164 est
3509 3109 3688 3165 anima
3714 3124 3854 3174 mea,

555 3204 727 3264 Deum
755 3204 932 3260 habeo
959 3202 1089 3273 quia
1127 3217 1237 3256 non
1283 3217 1403 3256 sum
1444 3201 1701 3256 mentitus
1727 3201 1781 3255 in
1809 3197 2150 3256 sermonibus
2173 3187 2221 3254 C
2251 3208 2454 3274 praeter
2481 3200 2702 3281 insidias
2730 3199 2948 3267 multas,
2979 3207 3035 3254 et
3051 3213 3171 3269 quae
3199 3197 3382 3258 verbis
3408 3200 3722 3271 exprimere
3749 3218 3856 3258 non

552 3314 690 3370 quos
733 3310 833 3367 ego
853 3294 1014 3352 retuli
1055 3303 1077 3331 ε
1100 3293 1276 3349 vobis.
1309 3291 1416 3348 Sed
1446 3293 1617 3360 magis
1639 3291 1804 3347 doleo
1838 3289 1856 3328 ί
1883 3306 1982 3360 pro
2012 3289 2147 3344 ami-

553 3389 770 3445 cissimo
799 3401 945 3450 meo,
986 3401 1084 3442 cur
1110 3385 1218 3440 hoc
1245 3383 1544 3439 meruimus
1578 3380 1764 3437 audire
1790 3381 1900 3436 tale
1919 3395 2148 3451 respon-

552 3497 693 3548 sum,
735 3479 822 3536 cui
849 3493 952 3548 ego
980 3476 1184 3535 credidi
1213 3479 1378 3532 etiam
1426 3476 1681 3530 animam.
1701 3473 1785 3542 Et
1810 3475 2051 3546 comperi
2079 3474 2148 3530 ab

555 3569 851 3640 aliquantis
883 3567 1157 3635 fratribus,
1211 3574 1338 3621 ante
1382 3564 1755 3620 defensionem
1801 3564 1969 3629 illam,
2000 3564 2147 3636 quod

557 3675 658 3732 ego
705 3675 814 3717 non
860 3657 1097 3723 interfui,
1130 3673 1231 3714 nec
1257 3658 1312 3712 in
1341 3657 1633 3712 Britanniis
1657 3671 1829 3721 eram,
1873 3647 1972 3712 nec
2003 3674 2032 3711 a
2062 3673 2150 3713 me

555 3753 784 3820 orietur,
799 3757 861 3806 ut
880 3757 937 3805 et
961 3748 1050 3805 ille
1075 3749 1130 3804 in
1155 3762 1278 3804 mea
1298 3747 1562 3813 absentia,
1593 3762 1694 3818 pro
1722 3763 1812 3802 me
1835 3757 1860 3795 Β
1885 3747 2150 3818 pulsetur.

557 3843 735 3913 Etiam
775 3842 908 3900 mihi
935 3841 1051 3912 ipse
1077 3855 1174 3896 ore
1199 3855 1299 3896 suo
1326 3838 1574 3895 dixerat:
1605 3836 1742 3894 Ecce
1769 3837 1977 3894 dandus
2005 3854 2065 3894 es
2093 3848 2154 3895 tu

556 3938 622 3994 ad
651 3925 876 4008 gradum
903 3935 1268 4007 cpiscOpatus,
1325 3929 1440 4005 quo
1473 3946 1587 3987 non
1615 3945 1766 3986 eram
1805 3930 2017 4002 dignus.
2045 3930 2154 3988 Sed

557 4030 698 4086 unde
725 4031 874 4086 venit
902 4029 976 4086 illi
997 4026 1369 4100 postmodum,
1397 4034 1458 4082 ut
1477 4041 1662 4082 coram
1691 4026 1900 4081 cunctis
1922 4025 2080 4081 bonis
2099 4033 2157 4081 et

558 4122 714 4180 malis
742 4122 794 4178 in
825 4135 914 4177 me
940 4120 1154 4190 publice
1180 4118 1588 4183 dehonestaret,
1619 4116 1766 4188 quod
1793 4125 1919 4173 ante
1957 4126 2152 4189 sponte

557 4224 614 4271 ct
633 4216 785 4270 hctus
814 4211 1146 4268 indulserat?
1177 4210 1274 4268 Est
1307 4211 1588 4276 Dominus,
1634 4210 1729 4278 qui
1773 4209 1951 4280 major
1971 4211 2151 4267 omni-

559 4302 661 4362 bus
684 4313 787 4360 est.
818 4303 964 4360 Satis
989 4303 1112 4358 dico
1138 4319 1152 4356 :
1179 4301 1274 4356 sed
1300 4309 1482 4357 tamen
1505 4317 1617 4356 non
1630 4300 1808 4356 debeo
1818 4301 2156 4362 abscondere.

558 4394 760 4450 donum
789 4392 885 4451 Dei
911 4393 1059 4464 quod
1080 4392 1308 4464 largitus
1329 4400 1414 4448 est
1440 4392 1598 4448 nobis
1625 4392 1679 4447 in
1709 4401 1855 4448 terra
1876 4393 2156 4464 captivita-

561 4487 630 4542 tis
658 4501 831 4543 meatz
860 4484 987 4558 quia
1032 4492 1162 4542 tunc
1199 4483 1412 4540 fortiter
1441 4483 1699 4552 inquisivi
1722 4498 1864 4550 eum,
1891 4492 1949 4540 et
1973 4485 2048 4542 ibi
2069 4487 2152 4544 in-

2253 3295 2412 3351 valeo
2443 3311 2456 3348 :
2492 3295 2507 3333 ι
2536 3308 2638 3350 nec
2665 3301 2722 3348 et
2750 3291 2999 3362 iniuriam
3030 3291 3330 3362 legentibus
3356 3291 3575 3349 faciam.
3602 3292 3710 3350 Sed
3731 3295 3860 3352 dum

2253 3396 2534 3444 auctorem
2562 3387 2756 3453 habeo,
2787 3386 2881 3457 qui
2910 3385 3062 3441 novit
3113 3385 3321 3452 omnia,
3368 3386 3534 3443 etiam
3562 3397 3860 3460 antequam

2206 3495 2212 3502 ‘
2255 3483 2389 3536 ﬁant
2411 3482 2494 3551 (ut
2513 3495 2603 3537 me
2624 3479 3018 3552 pauperculum
3048 3478 3358 3550 pupillum).
3399 3479 3525 3536 Ideo
3555 3488 3737 3536 tamen
3767 3497 3863 3537 re-

2253 3589 2515 3646 sponsum
2540 3572 2780 3628 divinum
2807 3572 3139 3629 creberrime
3184 3571 3483 3639 admonuit,
3528 3573 3673 3628 unde
3719 3574 3863 3630 mihi

2257 3666 2370 3722 haec
2392 3665 2653 3737 sapientia
2681 3678 2801 3734 quae
2829 3664 2884 3719 in
2903 3678 2998 3719 me
3016 3679 3126 3720 non
3147 3671 3283 3730 erat,
3311 3663 3402 3733 qui
3430 3678 3532 3719 nec
3557 3648 3872 3743 numerum

2257 3759 2471 3817 dierum
2500 3773 2780 3824 noveram,
2805 3771 2981 3828 neque
3011 3757 3180 3814 Deum
3207 3756 3472 3826 sapiebam
3497 3773 3511 3809 :
3543 3755 3683 3812 unde
3705 3755 3852 3814 mihi

2257 3849 2606 3922 postmodum
2659 3848 2862 3904 donum
2918 3855 3030 3902 tam
3090 3860 3337 3915 magnum
3358 3886 3374 3913 ,
3425 3853 3539 3902 tam
3589 3845 3819 3902 salubre
3839 3887 3860 3910 ,

2259 3950 2297 3979 υτ
2329 3941 2500 3996 Deum
2547 3954 2872 4009 agnoscere,
2901 3937 2991 3994 vel
3018 3936 3279 4006 diligere:
3311 3935 3406 3992 sed
3433 3944 3492 3991 ut
3512 3937 3768 4011 patriam,
3801 3946 3866 3995 et

2257 4041 2513 4103 parentes
2554 4030 2898 4096 amitterem;
2942 4037 2997 4084 et
3025 4043 3248 4084 munera
3298 4027 3466 4083 multa
3495 4028 3628 4082 mihi
3654 4027 3868 4085 offere-

2258 4125 2480 4191 bantur,
2514 4139 2638 4180 cum
2666 4123 2797 4179 ﬂetu
2823 4132 2880 4178 et
2908 4121 3160 4193 lacrymis
3186 4139 3198 4174 :
3225 4124 3254 4153 ³⁸
3283 4129 3341 4176 et
3367 4118 3568 4177 offendi
3595 4120 3737 4190 illos,
3758 4137 3868 4178 nec

2255 4232 2363 4272 non
2384 4224 2578 4273 contra
2601 4222 2808 4283 votum,
2831 4214 3124 4283 aliquantis
3144 4213 3213 4269 de
3232 4211 3542 4269 senioribus
3555 4213 3711 4270 meis.
3727 4213 3864 4279 Sed,

2253 4313 2590 4381 gubernante
2639 4309 2774 4373 Deo,
2835 4307 2985 4364 nullo
3039 4295 3204 4363 modo
3247 4306 3523 4373 consensi,
3557 4323 3733 4379 neque
3760 4323 3861 4362 ac-

2254 4401 2434 4473 quievi
2456 4401 2581 4465 illis,
2611 4414 2718 4456 non
2741 4414 2863 4455 mea
2890 4398 3084 4468 gratia,
3115 4395 3213 4453 sed
3235 4394 3380 4452 Deus
3405 4398 3499 4467 qui
3522 4397 3652 4454 vicit
3673 4398 3727 4452 in
3747 4413 3862 4464 me,

2255 4500 2313 4549 et
2338 4491 2538 4548 restitit
2565 4491 2670 4549 illis
2697 4489 2970 4559 omnibus,
3001 4496 3063 4545 ut
3089 4501 3191 4559 ego
3220 4486 3467 4543 venirem
3498 4487 3565 4544 ad
3595 4487 3866 4544 Hibernas

635 4623 894 4718 f‘Su‘pple
913 4597 1323 4690 insurrexerunt,
1341 4619 1571 4693 autquid
1598 4619 1772 4676 simile
1789 4637 1818 4687 ;.
1834 4638 1962 4679 nam
1980 4623 2157 4684 hiulca
2183 4654 2239 4718 Β
2261 4624 2966 4718 qum‘ips‘emet-Eerm‘anus
2976 4622 3196 4718 “ibidem
3229 4629 3391 4678 antea
3417 4621 3676 4677 adversus
3706 4597 3880 4677 Pela?

502 4701 506 4704 ’
561 4704 645 4755 est
663 4696 860 4752 oratio.
1005 4745 1012 4750 .

635 4768 663 4808 δ
691 4765 782 4823 Sic
814 4764 1081 4832 Bolland.,
1103 4765 1197 4835 qui
1223 4780 1352 4822 mox
1378 4762 1584 4821 habent
1609 4760 1782 4818 Deum
1804 4778 1983 4819 unum.
2019 4765 2152 4823 Wa-

566 4852 720 4900 raeus,
752 4841 798 4891 si
827 4837 1044 4892 habeam
1074 4851 1092 4890 :
1123 4836 1281 4892 male.

639 4919 660 4946 ο
693 4907 981 4976 Sequimur
999 4906 1402 4970 Bollandianos,
1425 4905 1517 4976 qui
1538 4912 1594 4976 et
1636 4904 1799 4976 paulo
1820 4912 1944 4976 post
1972 4907 2158 4976 legunt

567 4979 754 5061 {aciem
778 4974 1035 5061 designati
1055 4977 1250 5061 o‘t'nc‘tato
1272 4974 1697 5061 nominarit-tque
1717 4974 1861 5061 hunc
1879 4974 2057 5059 locum
2077 4978 2158 5061 sic

567 5045 989 5119 interpretantur
1003 5063 1015 5098 :
1029 5045 1282 5119 «videtur
1294 5046 1516 5103 indicari
1528 5045 1741 5119 libellus
1748 5046 1950 5119 aliquis
1965 5057 2156 5104 contra

567 5121 622 5174 S.
651 5115 1280 5188 Patriciiapostolatum,
1298 5119 1362 5188 in
1391 5132 1498 5188 quo
1527 5117 1823 5188 ipsegnulla‘
1847 5115 2028 5174 addita
2059 5121 2158 5175 ho-

567 5189 715 5245 noris
742 5188 829 5243 vel
855 5185 998 5270 tituli
1041 5187 1360 5268 episcopalis
1408 5185 1794 5312 appellatione,
1839 5189 2159 5273 simpliciter

567 5261 760 5312 nudato
792 5273 1000 5312 nomine
1026 5257 1406 5312 desumabatur
1498 5266 1731 5312 etractus.
1767 5279 1786 5310 ι
1821 5257 2060 5312 Pessime
2097 5275 2159 5312 se

567 5261 760 5316 nudato
792 5259 1000 5314 nomine
1026 5256 1406 5326 designabatur
1445 5256 1731 5313 Patricius.
1767 5279 1786 5310 ι
1821 5256 2060 5316 Pessime
2097 5275 2159 5317 se

567 5329 732 5385 habet
761 5330 923 5386 lectio
953 5325 1165 5384 Warmi’
1180 5325 1286 5384 hoc
1322 5327 1485 5383 modo
1519 5346 1531 5381 :
1569 5327 1690 5382 Vidi
1719 5330 1774 5383 in
1797 5330 1909 5384 visu
1942 5333 2106 5390 noctis
2141 5350 2154 5385 ι

570 5400 834 5472 Scriptum
871 5409 986 5456 erat
1021 5409 1237 5472 contraA
1257 5399 1444 5472 faciem
1468 5415 1724 5455 meam...
1772 5397 1914 5455 Male
1939 5403 2156 5458 vidimus

572 5469 755 5543 faciem
786 5471 881 5526 Dei
911 5469 1582 5543 signati¥nudatoinomina

645 5539 672 5580 ἀ
698 5543 801 5598 Ista
830 5539 1089 5597 omittunt
1108 5541 1464 5597 Bollandiani.

649 5624 672 5683 εἲ
703 5611 864 5683 Deest
890 5613 1006 5668 haec
1033 5611 1223 5668 vocula
1253 5612 1394 5683 apud
1424 5614 1822 5683 Bollandiaiios,

653 5681 1046 5762 ‘Suspicattltir
1097 5681 1381 5762 ἰρεειλιιιξβἶ
1425 5682 1750 5762 Germanum
1808 5683 1987 5762 fuisse,
2018 5684 2162 5762 apud

575 5767 737 5876 quem
763 5750 972 5806 delatus
999 5750 1160 5807 fuerit
1188 5750 1471 5821 Patricius,
1520 5755 1574 5809 in
1629 5752 1934 5808 Britannica
1985 5750 2162 5823 aliqua

600 5829 806 5876 ortasse
832 5821 1038 5876 svnodo
1066 5821 1239 5876 egisse
1258 5824 1343 5876 vel
1364 5825 1617 5876 statuisse
1639 5823 1841 5876 aliquid
1867 5831 2055 5876 contra
2101 5840 2162 5876 ea

600 5821 806 5892 ’ortasse
832 5821 1038 5887 synodo
1066 5821 1239 5892 egisse
1258 5824 1344 5882 vel
1364 5825 1617 5886 statuisse
1639 5823 1841 5894 aliquid
1867 5831 2056 5894 contra
2074 5821 2168 5883 ’ea

2261 4695 2450 4770 gianos
2476 4695 2760 4754 statuerat.
2791 4695 3065 4752 Bonane.

2334 4779 2360 4818 8
2394 4769 2488 4826 Sic
2513 4767 2757 4824 Bolland.
2791 4767 2885 4822 ubi
2911 4765 3174 4828 Warmus,
3206 4763 3466 4835 initiaret,
3497 4763 3590 4833 qui
3615 4778 3742 4818 mox
3770 4763 3864 4818 in.

2259 4841 2371 4910 bet,
2394 4849 2448 4910 et
2476 4855 2572 4910 me,
2585 4839 2785 4910 publice
2812 4832 3265 4910 dehone§_taret.L..
3290 4832 3360 4887 Et
3382 4832 3657 4889 Dominus.

2333 4909 2363 4950 ¹ι
2391 4909 2518 4966 Haec
2543 4904 2739 4979 desunt
2759 4907 2902 4979 apud
2930 4904 3177 4979 Bogand.

2341 4984 2354 5021 ί
2391 4975 2974 5045 Bolland.,dentidasti.
3009 4975 3076 5029 Et
3103 4991 3252 5042 mox,
3282 4975 3589 5030 excitarem.

2336 5059 2352 5108 i
2393 5051 2518 5108 Haec
2540 5048 2661 5108 iure
2683 5049 2934 5104 omittere
2961 5046 3212 5102 videntur
3246 5045 3600 5102 Bollandiani.

2331 5119 2358 5158 ¹ι
2400 5121 2490 5178 Sic
2536 5115 2780 5178 Bolland.
2831 5127 2889 5176 et
2927 5116 3007 5174 sic
3061 5115 3347 5186 legendum
3385 5115 3693 5186 coniecerat
3724 5115 3868 5170 Wa-

2260 5209 2418 5249 ratus.

2339 5261 2357 5302 ι
2391 5262 2660 5333 Bolland.,
2690 5279 2754 5317 ne
2781 5261 3062 5333 injuriam;
3093 5257 3236 5329 apud
3265 5273 3403 5333 quos
3435 5273 3561 5315 mox
3591 5275 3603 5310 :
3639 5257 3868 5333 Sedin-

2263 5344 2456 5390 ctorem
2503 5328 2873 5388 Dominum..l.
2918 5339 2974 5384 ut
3001 5345 3081 5384 me
3110 5328 3484 5399 pauperculam
3524 5338 3574 5399 et
3610 5328 3868 5399 pusillum

2259 5420 2564 5475 responsum
2592 5405 2820 5458 divinum
2839 5397 3147 5475 creberrime
3180 5397 3499 5453 admoneret.
3531 5397 3682 5454 Unde
3710 5398 3866 5460 mihi.

2263 5473 2393 5540 etc.,
2421 5489 2544 5530 cum
2575 5473 3018 5544 interrogatione.

2335 5539 2384 5583 ιη
2407 5545 2677 5612 Bolland.,
2700 5539 2896 5600 donum
2920 5543 3020 5599 Dei
3047 5558 3328 5614 agnoscere
3351 5549 3399 5594 et
3423 5539 3653 5610 diligere,
3679 5546 3733 5590 ut
3759 5555 3866 5609 pa-

2265 5617 2438 5679 triam,
2457 5625 2562 5672 etc.
2957 5645 2968 5655 -

2272 5757 2304 5811 ά
2338 5695 2364 5722 η
2386 5686 2664 5768 Bolland.,
2699 5698 2745 5742 et
2774 5686 2967 5755 oﬁ‘endi
2991 5683 3096 5739 illic
3136 5692 3316 5739 contra
3346 5690 3533 5736 iratum
3560 5679 3871 5750 aliquant”

2305 5774 2331 5811 ε
2352 5774 2542 5811 scmor.

2305 5774 2331 5812 ε
2352 5774 2542 5812 scmor.

3633 5945 3706 5952 ..-
