4140 6346
291 435 394 493 809

1684 444 2049 500 CONFESSIO

2965 406 2998 413 ._..
3025 408 3098 421 .__

3437 471 3538 524 (illi

287 558 477 619 gentes
506 549 847 620 Evangelium
879 553 1187 633 praedicare,
1236 563 1292 611 et
1337 557 1403 610 ab
1426 557 1711 612 incredulis
1730 573 1862 613 con-
1892 563 1939 618 Α
1967 559 2246 629 phetabunt
2271 559 2426 630 (Joel.
2453 577 2507 625 ιι,
2538 561 2629 628 28,
2660 563 2770 634 29).
2797 561 2861 620 Et
2884 567 2936 621 in
2965 565 3096 624 Osea
3128 571 3254 627 dicit
3287 593 3298 626 :
3339 575 3542 636 Vocabo

286 641 538 696 tumelias
557 643 812 713 perferre,
842 653 898 698 ut
929 653 952 682 ⁸
980 645 1252 703 haurirem
1309 651 1656 719 opprobrium
1705 667 1861 721 pere-

285 732 602 800 grinationis
630 749 784 802 meae,
831 744 884 791 et
921 739 1322 808 persecutiones
1349 743 1567 811 multas,
1599 761 1767 815 usque
1796 746 1864 801 ad

285 825 515 892 vincula,
569 835 623 882 et
645 837 703 882 ut
729 828 912 885 darem
941 831 1325 899 ingenuitatem
1353 849 1530 891 meam
1587 852 1684 907 pro
1715 837 1860 892 utili-

284 925 397 973 tate
417 919 664 975 aliorum.

353 1008 491 1065 XVI.
532 1010 599 1066 Et
653 1014 697 1067 si
726 1013 916 1083 dignus
941 1015 1112 1082 fuero,
1157 1027 1439 1089 promptus
1466 1035 1584 1075 sum
1613 1029 1670 1075 ut
1697 1022 1861 1078 etiam

281 1101 517 1157 animam
555 1119 731 1159 meam
763 1105 1138 1184 incunctanter
1189 1116 1245 1164 et
1273 1109 1622 1166 libentissime
1644 1127 1742 1182 pro
1764 1129 1861 1168 uo-

281 1190 428 1246 mine
455 1193 591 1259 ejus,
621 1201 678 1248 et
707 1193 779 1250 ibi
800 1204 929 1265 opto
959 1197 1274 1267 impendere
1294 1215 1412 1255 eam
1433 1217 1602 1272 usque
1629 1205 1694 1257 ad
1724 1219 1862 1259 mor-

280 1288 412 1347 tem,
442 1284 488 1337 si
516 1284 772 1340 Dominus
791 1287 920 1342 mihi
951 1289 1248 1358 indulgeret
1271 1309 1284 1343 :
1315 1292 1440 1366 quia
1467 1293 1625 1349 valde
1645 1279 1860 1352 debitor

279 1391 399 1429 sum
421 1375 551 1442 Deo,
581 1379 672 1447 qui
703 1380 830 1434 mihi
853 1389 1056 1435 tantam
1077 1383 1304 1450 gratiam
1323 1383 1560 1451 donavit,
1592 1395 1649 1444 ut
1676 1389 1861 1459 populi

279 1467 431 1520 multi
462 1484 557 1537 per
577 1484 663 1524 me
690 1470 744 1524 in
775 1471 940 1526 Deum
969 1483 1400 1542 renascerentur,
1433 1485 1488 1532 et
1516 1479 1858 1547 postmodum

279 1568 810 1628 consummarentur;
842 1569 897 1617 et
919 1570 978 1617 ut
997 1564 1178 1620 clerici
1208 1566 1404 1636 ubique
1430 1567 1535 1623 illis
1554 1568 1863 1626 ordinaren-

287 1655 377 1702 tur
429 1650 495 1704 ad
564 1651 776 1721 plebem
832 1657 1306 1726 uuperveuientem
1361 1660 1428 1714 ad
1485 1661 1857 1718 credulitatem

278 1756 441 1810 quam
486 1744 714 1814 sumpsit
760 1745 1016 1803 Dominus
1071 1749 1138 1804 ab
1191 1752 1447 1806 extremis
1492 1763 1679 1818 terrae,
1723 1755 1859 1811 sicut

279 1832 410 1886 olim
438 1835 759 1902 promiserat
789 1851 884 1906 per
909 1839 1221 1908 prophetas.
1252 1841 1333 1894 Ad
1360 1850 1410 1896 te
1439 1852 1616 1913 gentes
1658 1847 1857 1899 venient

279 1921 344 1974 ab
372 1926 613 1982 extremis
639 1936 808 1994 terrae,
855 1937 904 1982 et
929 1929 1102 1983 dicent
1131 1947 1149 1984 :
1181 1930 1328 1986 Sicut
1357 1933 1495 2003 falsa
1525 1950 1856 2004 comparave-
1891 1941 1936 2000 Β

280 2028 396 2070 runt
425 2029 595 2088 patres
632 2022 956 2086 nostriidola,
985 2033 1033 2076 et
1059 2041 1162 2078 non
1191 2033 1268 2078 est
1294 2025 1492 2081 utilitas
1513 2027 1566 2082 in
1604 2028 1678 2081 eis
1713 2027 1844 2099 (Jer.

282 2125 386 2174 xvr,
420 2109 529 2181 l9).
560 2110 627 2166 Et
651 2112 841 2168 iterum
868 2133 879 2166 :
913 2114 1073 2170 Posui
1097 2126 1143 2170 te
1163 2117 1332 2171 lumen
1356 2120 1410 2172 in
1436 2120 1693 2199 gentibus,
1717 2132 1771 2176 ut
1787 2125 1859 2178 sis

279 2203 331 2257 in
383 2205 600 2260 salutem
648 2224 804 2279 usque
835 2209 902 2261 ad
931 2220 1213 2264 extremum
1243 2221 1393 2266 terra:
1419 2211 1574 2284 (Isai.
1608 2229 1752 2280 XLIX,
1779 2215 1855 2287 6).

280 2293 346 2348 Et
385 2296 457 2350 ibi
504 2297 630 2352 volo
658 2307 973 2368 exspectare
1000 2300 1323 2369 promissqu
1356 2301 1540 2370 ipsius,
1563 2304 1651 2372 qui
1675 2305 1859 2374 utique

276 2401 549 2457 nunquam
597 2388 762 2454 fallit,
811 2390 952 2444 sicut
976 2389 1030 2444 iu
1074 2389 1365 2460 Evangelia
1392 2392 1719 2462 pollicetur:
1761 2393 1861 2449 Ve-

275 2480 416 2532 nient
444 2477 507 2532 ab
538 2477 748 2533 Oriente
768 2490 818 2533 et
847 2477 1150 2544 Occidente,
1173 2489 1222 2536 et
1246 2483 1537 2537 recumbent
1556 2501 1670 2537 cum
1701 2485 1861 2539 Abra-

275 2567 417 2632 ham,
453 2579 503 2622 et
525 2568 700 2634 Isaac,
725 2579 774 2624 et
813 2569 975 2625 Jacob
1005 2569 1220 2643 (Matth.
1252 2588 1360 2640 vui,
1385 2573 1495 2644 ll),
1523 2572 1552 2612 ι’
1585 2575 1722 2630 sicut
1745 2589 1860 2630 cre-

275 2659 473 2725 dimus,
505 2660 574 2714 ab
601 2661 749 2715 omni
775 2661 976 2716 mundo
1006 2662 1215 2718 venturi
1257 2670 1380 2743 sunt
1408 2662 1711 2720 credentes.

353 2748 507 2806 XVII.
548 2749 755 2806 Idcirco
804 2758 1018 2820 oportet
1059 2751 1272 2821 quidem
1320 2753 1459 2806 bene
1485 2759 1542 2807 et
1565 2753 1856 2822 diligenter

275 2841 504 2908 piscari,
558 2843 697 2896 sicut
738 2841 996 2896 Dominus
1044 2852 1365 2912 praemonet,
1415 2843 1637 2899 dicens:
1676 2844 1856 2900 Venite

271 2941 387 2999 post
407 2947 504 2995 me,
537 2941 585 2984 et
601 2934 790 3002 faciam
805 2949 891 2987 vos
905 2935 1020 3003 ﬁeri
1043 2935 1326 3006 piscatores
1355 2935 1615 2990 hominum
1640 2934 1853 3004 (Matth.

277 3036 349 3086 tv,
408 3021 515 3090 18).
568 3020 636 3076 Ει
690 3023 885 3078 iterum
930 3024 1060 3080 dicit
1110 3040 1208 3094 per
1231 3028 1524 3096 prophetas
1555 3045 1567 3079 :
1601 3025 1736 3081 Ecce
1763 3045 1856 3100 ego

274 3111 420 3163 mitto
465 3112 745 3180 piscatores
791 3123 840 3165 et
893 3123 1155 3169 venatores
1184 3116 1406 3181 multos,
1448 3117 1574 3170 dicit
1605 3116 1855 3172 Dominus

273 3199 408 3271 (Jer.
436 3219 540 3267 xm,
567 3202 677 3273 lli),
712 3212 817 3258 etc.
845 3201 995 3259 Unde
1017 3214 1198 3260 autem
1227 3207 1382 3262 valde
1410 3208 1694 3277 oportebat
1723 3210 1855 3263 retia

1969 664 2073 703 non
2120 649 2322 720 plebem
2376 670 2560 720 meam,
2604 655 2798 726 plebem
2827 676 3014 729 meam,
3045 673 3094 716 et
3118 680 3219 719 non
3245 667 3540 725 misericor-

1967 740 2107 794 diam
2135 753 2478 810 consecutam,
2501 748 2912 805 misericordiam
2941 733 3264 811 consecutam
3287 758 3461 831 (Osca:
3481 781 3536 826 Il,

1964 831 2064 899 24;
2107 833 2258 889 Rom.
2300 853 2380 902 Ix,
2434 837 2544 904 25;
2596 839 2626 893 I
2671 840 2813 896 Petr.
2846 860 2901 907 ιι,
2935 845 3044 914 10).
3099 848 3169 902 Et
3196 853 3294 905 erit
3329 856 3383 909 in
3427 857 3540 913 ιοω

1963 917 2051 1017 ubi
2079 925 2272 1017 dictum
2283 937 2359 982 est
2383 946 2399 983 :
2424 928 2546 985 Non
2576 933 2716 1002 plebs
2735 953 2849 990 mea
2876 954 2984 1004 vos,
3007 939 3075 994 ibi
3106 942 3416 1000 vocabuntur
3440 950 3543 1017 ﬁlii

1967 1012 2063 1067 Dei
2091 1015 2384 1086 uiri.(0seaz
2413 1036 2448 1084 ι,
2475 1020 2570 1086 IO;
2599 1021 2747 1078 Rom.
2774 1043 2848 1090 ix,
2871 1027 2983 1096 26).

2034 1102 2213 1159 XVIII.
2259 1105 2409 1163 Unde
2437 1120 2613 1166 autem
2643 1111 2942 1173 Hibericum
2975 1103 3067 1191 qui
3095 1139 3367 1194 nunquam
3396 1131 3542 1185 noti-

1965 1195 2092 1250 tiam
2130 1197 2225 1252 Dei
2254 1199 2574 1269 habuerunt,
2627 1206 2724 1261 nisi
2772 1209 2911 1265 idola
2959 1203 3013 1268 et
3060 1215 3328 1272 immunda
3370 1236 3541 1290 usque

1964 1305 2104 1344 nunc
2148 1305 2362 1362 semper
2388 1293 2699 1364 coluerunt;
2747 1304 3016 1369 quomodo
3063 1323 3234 1378 nuper
3279 1311 3416 1367 facta
3458 1323 3543 1369 est

1962 1379 2112 1448 plebs
2140 1380 2370 1449 Domini,
2401 1392 2456 1439 et
2482 1384 2575 1441 lilii
2603 1386 2699 1444 Dei
2727 1399 3134 1464 nuncupantur?
3161 1399 3278 1455 Filii
3317 1401 3540 1459 Scotto-
3569 1413 3575 1418 ‘

1936 1486 2079 1540 .rum
2109 1481 2162 1528 et
2189 1473 2310 1530 tiliae.
2347 1479 2652 1546 regulorum
2671 1524 2685 1548 ,
2716 1488 2960 1542 monachi
3001 1498 3056 1543 et
3079 1492 3312 1562 virgines
3339 1494 3538 1554 Christi

1961 1577 2079 1618 esse
2106 1565 2373 1623 videntur.
2406 1569 2474 1625 Et
2493 1573 2654 1627 etiam
2683 1591 2788 1630 una
2807 1579 3086 1636 benedicta
3117 1584 3302 1643 Scotta
3336 1600 3357 1628 ο
3388 1592 3536 1659 geni~

1959 1653 2067 1708 tiva
2097 1656 2309 1722 nobilis,
2341 1660 2719 1730 pulcherrima,
2751 1666 2929 1722 adulta
2959 1680 3095 1736 erat,
3126 1689 3284 1743 quam
3315 1653 3415 1747 ego
3437 1682 3537 1734 ba—

1959 1745 2174 1813 ptizavi.
2205 1746 2273 1802 Et
2297 1760 2422 1819 post
2448 1767 2650 1822 paucos
2669 1754 2800 1820 dies,
2826 1773 2929 1811 una
2956 1774 3114 1815 causa
3135 1767 3281 1818 venit
3309 1745 3373 1821 ad
3399 1787 3494 1826 nos
3519 1791 3535 1824 :

1959 1833 2247 1892 insinuavit
2291 1841 2444 1896 nobis
2470 1857 2784 1912 responsum
2832 1850 3103 1919 accepisse
3129 1869 3156 1906 a
3188 1857 3374 1912 nuntio
3420 1859 3532 1927 Dei,

1961 1923 1988 1963 ἀ
2017 1935 2073 1982 et
2105 1938 2314 1985 monuit
2339 1933 2499 1987 etiam
2531 1944 2590 1989 ut
2617 1947 2761 1992 esset
2787 1938 2938 2008 virgo
2966 1940 3164 1998 Christi
3197 1953 3251 1999 et
3281 1948 3390 2017 ipsa
3426 1923 3539 2007 Deo

1964 2021 2313 2090 proximaret.
2345 2024 2456 2080 Deo
2487 2027 2685 2094 gratias
2709 2047 2720 2081 :
2753 2038 2904 2086 sexta
2929 2033 2996 2088 ab
3025 2034 3125 2088 hac
3148 2035 3235 2092 die
3264 2040 3464 2108 optime
3485 2050 3542 2098 et

1963 2111 2265 2169 avidissime
2293 2115 2517 2186 arripuit
2544 2118 2691 2184 illud,
2722 2122 2865 2189 quod
2893 2124 3053 2178 etiam
3083 2142 3268 2183 omnes
3307 2129 3542 2200 virgines

1961 2201 2056 2259 Dei
2086 2205 2160 2260 ita
2189 2206 2290 2262 hoc
2334 2207 2554 2274 faciunt,
2587 2227 2693 2266 non
2739 2222 2932 2283 sponte
2959 2223 3169 2286 patrum
3209 2235 3413 2286 earum,
3445 2223 3542 2280 sed

1960 2298 2387 2366 persecutionem
2434 2302 2727 2371 patiuntur,
2759 2313 2814 2360 et
2840 2307 3160 2379 improperia
3193 2311 3325 2367 falsa
3369 2329 3399 2368 a
3439 2331 3541 2386 pa-

1960 2387 2200 2445 rentibus
2225 2389 2336 2444 suis
2368 2408 2380 2442 :
2411 2401 2467 2446 et
2495 2393 2839 2451 nihilominus
2863 2396 2984 2466 plus
3007 2410 3233 2468 augetur
3262 2419 3540 2472 numerus,

1959 2486 2014 2533 et
2040 2478 2107 2533 de
2134 2493 2331 2547 genere
2361 2489 2545 2537 nostro
2574 2493 2599 2520 °
2627 2486 2720 2553 qui
2749 2485 2821 2540 ibi
2849 2489 2960 2542 nati
2984 2497 3126 2554 sunt,
3153 2493 3418 2551 nescimus
3440 2512 3543 2552 nu-

1957 2584 2164 2624 merum
2193 2586 2398 2637 eorum,
2429 2583 2624 2642 praeter
2647 2575 2837 2632 viduas
2876 2585 2931 2632 et
2956 2579 3308 2638 continentes.
3340 2583 3444 2640 Sed
3469 2593 3540 2652 .et

1957 2659 2061 2713 illa:
2081 2661 2314 2716 maxime
2341 2663 2605 2732 laborant,
2628 2681 2749 2734 quae
2769 2668 2991 2724 servitio
3019 2671 3346 2741 detinentur,
3370 2691 3543 2745 usque

1957 2748 2024 2803 ad
2054 2758 2289 2806 terrores
2316 2760 2370 2806 et
2418 2754 2591 2811 minas
2617 2757 2830 2812 assidue
2877 2771 3244 2828 perseverant.
3276 2763 3381 2819 Sed
3427 2767 3540 2840 Doe

1957 2838 2132 2895 minus
2157 2842 2384 2909 gratiam
2429 2843 2575 2898 dedit
2601 2846 2785 2900 multis
2825 2863 2892 2902 ex
2927 2847 2947 2886 τ
2997 2850 3203 2906 ancillis
3238 2852 3380 2920 suis;
3411 2870 3539 2910 nam

1957 2931 2057 2985 etsi
2087 2937 2356 2999 vetantur,
2389 2941 2566 2990 tamen
2609 2936 2820 2993 fortiter
2846 2940 3140 2997 imitantur.

2029 3018 2168 3073 XIX.
2215 3020 2364 3076 Unde
2393 3032 2571 3079 autem
2601 3029 2700 3082 etsi
2731 3029 2952 3086 voluero
2973 3040 3000 3079 ε
3025 3035 3272 3092 amittere
3299 3037 3436 3105 illas,
3479 3047 3540 3096 et
3589 3035 3592 3038 ⁴

1957 3117 2015 3165 ιιι
2041 3126 2269 3182 pergens
2295 3115 2348 3168 .in
2367 3109 2667 3173 Britannias
2686 3125 2742 3173 et
2762 3119 3110 3178 libentissime
3129 3135 3346 3195 paratus
3365 3145 3535 3200 eram,

1957 3205 2106 3271 quasi
2147 3205 2214 3260 ad
2255 3208 2478 3276 patriam
2521 3216 2576 3264 et
2605 3219 2856 3280 parentes
2906 3232 2920 3268 :
2972 3232 3078 3272 non
3122 3218 3176 3273 id
3204 3219 3396 3288 solum,
3442 3225 3536 3281 sed

273 3301 454 3347 nostra
486 3293 728 3360 tendere,
759 3294 831 3348 ita
863 3303 919 3349 ut
945 3295 1229 3352 multitudo
1251 3299 1466 3368 copiosa
1487 3305 1543 3353 et
1568 3300 1721 3354 turba
1741 3297 1853 3355 Deo
1880 3305 1926 3370 α
1957 3309 2102 3349 eram
2133 3312 2301 3367 usque
2327 3297 2527 3354 Gallias
2550 3301 2767 3357 visitare
2794 3303 3004 3371 fratres,
3028 3311 3085 3361 et
3111 3315 3170 3362 ut
3198 3309 3430 3366 viderem
3453 3313 3536 3367 fa-

272 3390 578 3452 caperetur,
607 3393 664 3438 ut
689 3384 886 3454 ubique
907 3394 1085 3442 essent
1109 3387 1291 3443 clerici
1317 3388 1410 3457 qui
1438 3388 1771 3458 baptizarent
1797 3397 1854 3444 et

275 3474 692 3529 exhortarentur
719 3475 973 3545 populum
1004 3477 1328 3546 indigentem
1356 3486 1412 3533 et
1430 3478 1849 3548 desiderantem,

271 3565 412 3620 sicut
451 3565 709 3621 Dominus
758 3566 810 3620 in
858 3565 1148 3637 Evangelia
1175 3570 1424 3625 admonet
1462 3579 1515 3626 et
1539 3571 1731 3635 docet,
1772 3571 1853 3626 di-

269 3672 404 3711 cens
438 3675 449 3709 :
493 3655 708 3712 Euntes'
731 3676 850 3730 ergo
880 3660 1055 3713 docete
1082 3677 1255 3716 omnes
1294 3671 1488 3733 gentes,
1535 3661 1851 3732 baptizantes

268 3765 357 3803 eos
379 3749 430 3802 in
452 3751 658 3815 nomine
679 3749 875 3816 Patris,
907 3759 956 3804 et
981 3751 1129 3817 Filii,
1173 3762 1218 3806 et
1249 3753 1477 3823 Spiritus
1505 3755 1672 3807 sancti
1703 3771 1720 3817 ;
1755 3753 1852 3808 do-

268 3848 440 3892 centes
490 3856 575 3893 eos
603 3840 872 3895 observare
893 3842 1066 3900 omnia
1089 3858 1402 3914 quazcunque
1429 3842 1671 3897 mandavi
1693 3844 1849 3898 vobis.

269 3926 345 3982 Et
366 3946 480 3984 ecce
498 3948 590 4002 ego
611 3929 867 3985 vobiscum
888 3949 1001 3985 sum
1021 3931 1257 3986 omnibus
1279 3932 1453 3987 diebus
1475 3950 1630 4005 usque
1651 3935 1719 3988 ad
1739 3953 1856 3989 con—
1893 3984 1897 3988 .

271 4022 671 4076 summationem
692 4022 867 4077 saeculi
889 4021 1099 4092 (Matth.
1127 4040 1310 4090 xxviii,
1333 4023 1418 4091 l9,
1434 4024 1547 4094 ευ).
1573 4024 1637 4080 Et
1657 4027 1852 4081 iterum

267 4111 450 4166 dicit:
502 4109 698 4166 Euntes
749 4129 870 4184 ergo
917 4115 970 4166 in
1027 4112 1270 4166 mundum
1324 4116 1614 4168 universum
1656 4117 1852 4186 pradi-

267 4211 389 4257 cate
421 4202 757 4276 Evgngelium
787 4206 923 4258 omni
963 4214 1229 4262 creaturae.
1266 4203 1365 4270 Qui
1394 4206 1665 4261 crediderit
1692 4217 1742 4262 et
1771 4208 1856 4262 ba-

264 4287 724 4369 ptizatus'fuerit,
767 4299 935 4353 salvus
968 4299 1084 4354 erit.
1135 4297 1234 4364 Qui
1277 4317 1394 4354 vero
1444 4317 1545 4354 non
1579 4302 1851 4356 crediderit

261 4387 696 4444 condemnabitur
727 4389 918 4459 (Marc.
943 4406 1052 4458 xvi,
1074 4388 1160 4455 l5,
1179 4390 1286 4461 l6).
1309 4389 1375 4445 Et
1401 4392 1626 4446 iterum:
1655 4391 1854 4447 Praedi-

266 4480 472 4536 cabitur
500 4483 595 4536 hoc
615 4481 949 4554 Evangelium
976 4485 1120 4555 regni
1149 4485 1382 4539 universo
1403 4486 1612 4552 mundo,
1635 4488 1691 4540 in
1721 4488 1856 4541 testi-

264 4574 502 4627 monium
531 4573 761 4628 omnibus
793 4575 1053 4645 gentibus,
1081 4586 1130 4630 et
1152 4587 1270 4631 tunc
1297 4579 1460 4632 veniet
1490 4579 1612 4649 ﬁnis
1636 4578 1849 4650 (Matth.

1955 3387 2092 3442 ciem
2137 3397 2443 3446 sanctorum
2490 3391 2702 3448 Domini
2748 3397 2872 3451 mei.
2921 3397 3034 3453 Scit
3061 3399 3202 3456 Deus
3243 3404 3386 3473 quod
3433 3421 3537 3476 ego

1955 3480 2107 3536 valde
2134 3483 2414 3552 Optabam;
2446 3485 2543 3540 sed
2573 3486 2820 3555 alligatus
2861 3487 3082 3559 Spiritu,
3123 3492 3217 3561 qui
3243 3495 3373 3550 mihi
3401 3513 3538 3568 pro-

1957 3579 2182 3626 testatur
2205 3575 2251 3628 si
2277 3575 2381 3630 hoc
2399 3574 2598 3639 fecero,
2624 3584 2680 3632 ut
2713 3577 2945 3640 futurum
2985 3597 3136 3638 reum
3165 3600 3253 3640 me
3288 3600 3410 3643 esse
3435 3587 3538 3643 de-

1953 3663 2156 3731 signat;
2189 3673 2244 3718 et
2274 3665 2435 3721 timeo
2465 3667 2690 3737 perdere
2714 3669 2953 3728 laborem
2976 3689 3139 3744 quem
3167 3677 3433 3736 inchoavi.
3465 3679 3536 3736 Et

1954 3768 2061 3806 non
2083 3767 2203 3821 ego,
2230 3754 2324 3809 sed
2350 3754 2592 3814 Christus
2612 3759 2869 3818 Dominus
2888 3765 2979 3833 qui
3009 3765 3038 3802 ιι
3060 3783 3146 3822 me
3173 3768 3457 3840 imperavit
3474 3781 3536 3829 ut

1954 3844 2211 3911 venirem,
2245 3863 2362 3904 esse
2389 3865 2511 3904 cum
2540 3851 2643 3907 illis
2672 3855 2943 3910 residuum
2967 3860 3140 3915 (etatis
3159 3876 3324 3928 meas;
3353 3863 3398 3918 si
3427 3863 3536 3920 Do-

1953 3936 2128 3991 minus
2156 3939 2384 3994 voluerit
2411 3949 2465 3994 et
2491 3943 2804 3999 custodierit
2850 3962 2938 4002 me
2981 3949 3050 4004 ab
3078 3953 3224 4006 omni
3249 3953 3335 4007 via
3362 3952 3530 4022 lnala,

1953 4035 2013 4081 ut
2040 4044 2146 4082 non
2175 4043 2392 4098 peccem
2429 4047 2611 4088 coram
2658 4035 2768 4090 illo.
2806 4034 2823 4074 ί
2858 4035 3027 4108 Spero
3071 4049 3248 4096 autem
3290 4043 3396 4100 hoc
3431 4029 3534 4100 de-

1954 4119 2194 4185 bueram,
2225 4121 2318 4176 sed
2338 4131 2536 4179 memet
2564 4125 2733 4195 ipsum
2757 4143 2866 4184 non
2904 4131 3087 4196 credo,
3113 4134 3348 4203 quandiu
3377 4136 3533 4194 luero

1953 4209 2006 4263 iu
2035 4209 2140 4265 hoc
2177 4225 2406 4281 corpore
2432 4216 2642 4281 mortis,
2670 4217 2795 4287 quia
2838 4218 2993 4276 fortis
3038 4229 3121 4279 est
3155 4214 3266 4294 qui
3290 4229 3534 4296 quotidie

1929 4300 2143 4368 (nititur
2186 4302 2498 4360 subvertere
2542 4320 2629 4360 me
2657 4322 2687 4361 a
2718 4307 2820 4364 lide
2854 4319 2909 4365 et
2947 4327 2977 4365 a
3005 4315 3280 4384 proposita
3312 4318 3327 4368 Ι
3367 4320 3530 4376 casti-

1954 4399 2082 4459 tate,
2111 4407 2280 4463 usque
2307 4394 2360 4448 in
2382 4393 2541 4451 linem
2563 4397 2683 4452 vitae
2710 4414 2861 4466 meae,
2883 4399 3096 4461 Christo
3115 4403 3344 4463 Domino
3363 4425 3486 4466 meo
3511 4429 3528 4464 :

1953 4482 2048 4538 sed
2073 4491 2199 4539 caro
2228 4483 2441 4560 inimica
2467 4501 2680 4558 semper
2703 4489 2862 4545 trahit
2888 4491 2956 4546 ad
2976 4502 3226 4564 mortem,
3257 4498 3310 4552 id
3337 4509 3438 4568 est,
3462 4501 3535 4557 ad

1954 4575 2232 4634 illecebras
2275 4575 2299 4617 ι
2347 4578 2530 4636 illicite
2576 4581 2946 4655 perﬁciendae.
2994 4585 3059 4641 Et
3104 4591 3216 4646 scio
3256 4607 3325 4646 ex
3350 4603 3536 4662 parte,

264 4680 417 4728 xxxv,
452 4663 561 4734 14).
595 4663 662 4719 Et
684 4665 811 4720 item
840 4666 1093 4722 Dominus
1126 4683 1223 4738 per
1250 4669 1565 4740 prophetam
1594 4686 1846 4740 pnnnun-
1883 4692 1926 4752 υ
1952 4683 2119 4739 quare
2148 4671 2309 4726 vitam
2349 4672 2642 4742 perfectam
2669 4689 2770 4744 ego
2799 4692 2907 4732 non
2933 4679 3057 4746 egi,
3087 4681 3226 4736 sicut
3264 4690 3319 4736 et
3346 4686 3536 4740 caeteri

265 4756 432 4821 tiaus,
459 4756 630 4826 inquit
656 4775 667 4809 :
693 4756 761 4811 Et
787 4760 883 4812 erit
902 4761 955 4813 in
977 4761 1264 4816 novissimis
1290 4761 1486 4831 diebus,
1515 4763 1640 4818 dicit
1676 4763 1853 4820 Domi-

264 4863 366 4903 nus
397 4864 414 4900 :
439 4845 725 4917 'Eﬁ'undam
745 4849 808 4903 de
835 4849 1032 4921 Spiritu
1061 4869 1171 4908 meo
1201 4871 1352 4926 super
1379 4872 1580 4909 omnem
1619 4873 1846 4921 carnem,

260 4949 319 4993 et
347 4939 719 5009 prophetabunt
739 4941 838 5010 ﬁlii
859 4943 1011 4996 vestri
1034 4952 1083 4997 et
1110 4943 1237 5013 ﬁlia:
1254 4954 1454 5012 vestris,
1483 4956 1532 5000 et
1570 4946 1668 5016 ﬁlii
1696 4947 1850 5000 vestri

262 5031 489 5086 visiones
527 5032 782 5098 videbunt,
831 5042 879 5086 et
919 5035 1147 5088 seniores
1192 5037 1345 5089 vestri
1393 5038 1594 5090 somnia
1617 5039 1845 5091 somnia-

264 5122 416 5177 bunt.
461 5121 527 5177 Et
551 5125 753 5196 quidem
776 5141 928 5196 super
947 5143 1118 5181 servos
1139 5143 1296 5194 meos,
1328 5137 1378 5181 et
1430 5145 1583 5199 super
1629 5127 1848 5182 ancillas

262 5231 434 5284 nicas,
458 5216 513 5268 in
542 5216 717 5271 diebus
744 5216 846 5272 illis
874 5217 1138 5286 effundam
1164 5219 1228 5274 de
1255 5217 1456 5291 Spiritu
1483 5235 1616 5285 meo,
1639 5227 1689 5274 et
1722 5237 1848 5290 pro-

259 5417 262 5422 ’
343 5392 660 5474 ῗΒοηληάοέ
713 5397 966 5452 audirem.
1015 5397 1162 5466 Mox,
1202 5408 1259 5454 ut
1297 5399 1472 5454 darem
1499 5417 1579 5455 me
1617 5409 1666 5456 et
1695 5403 1840 5474 inge-

251 5467 538 5520 .nuitatem.

341 5535 368 5574 δ
409 5536 676 5599 Bolland.,
719 5539 849 5591 sicut
887 5541 1141 5594 credimur
1159 5540 1223 5595 ab
1245 5543 1385 5595 omni
1409 5543 1596 5597 mundo
1619 5545 1835 5597 venturi.

345 5617 368 5682 ξ
408 5606 574 5682 Ρεςξει
596 5623 701 5682 vox
731 5610 951 5682 genitivo
972 5610 1111 5682 apud
1136 5610 1379 5667 Bollaud.

275 5704 279 5706 —
340 5673 365 5714 δ
406 5675 674 5744 Bolland.,
708 5673 792 5744 qui
816 5673 1030 5734 monuit:

342 5757 364 5821 ς
406 5745 674 5821 Deliam!”
709 5745 834 5813 Qum
860 5749 928 5804 ibi
947 5750 1200 5821 (Christo)
1224 5759 1358 5806 nata:
1383 5760 1521 5806 sunt.

346 5818 364 5855 ί
408 5815 499 5872 Sic
523 5818 747 5887 legimus
787 5835 907 5875 cum

269 5888 562 5953 Warmum,
593 5890 794 5944 ancillis
818 5891 963 5954 meis,
991 5909 1110 5947 nam
1137 5893 1240 5947 sive
1268 5900 1484 5948 tantum.

555 5982 826 6044 Ρλτιοι..
872 5983 1032 6044 Llll.

237 6048 266 6064 ρ.
294 6049 303 6056 .

1957 4759 2253 4816 credentes.
2283 4760 2390 4816 Sed
2435 4762 2695 4817 confiteor
2723 4763 2948 4819 Domino
2990 4781 3128 4833 meo,
3160 4777 3216 4823 et
3257 4785 3368 4826 non
3407 4787 3535 4830 eru-

1955 4850 2115 4908 besco
2146 4854 2198 4906 in
2226 4855 2518 4922 conspectu
2538 4854 2722 4923 ipsius,
2746 4855 2870 4923 quia
2899 4870 3005 4911 non
3026 4860 3293 4917 mentior:
3326 4880 3396 4922 ex
3421 4882 3532 4937 quo

1955 4946 2182 5012 cognovi
2211 4959 2334 4998 eum
2363 4960 2395 4997 a
2412 4944 2694 5012 iuventute
2721 4961 2842 5002 mea
2868 4949 3038 5005 crevit
3056 4950 3110 5005 in
3140 4969 3227 5010 me
3255 4970 3405 5013 amor
3433 4960 3530 5018 Dei

1955 5046 2011 5092 et
2038 5039 2197 5092 timor
2224 5037 2409 5108 ipsius,
2437 5044 2492 5092 et
2517 5051 2686 5108 usque
2714 5054 2855 5096 nunc
2881 5039 3094 5100 favente
3120 5044 3349 5105 Domino
3370 5048 3532 5111 ﬁdem

1954 5129 2179 5186 servavi.
2987 5205 2992 5209 _

2025 5217 2143 5274 XX.
2183 5217 2378 5275 Rideat
2398 5227 2580 5276 autem
2625 5230 2684 5278 et
2723 5221 2942 5282 insultet
2966 5225 3061 5296 qui
3084 5228 3316 5284 voluerit
3361 5246 3376 5284 :
3423 5244 3535 5301 ego

2018 5411 2051 5482 ι.
2085 5401 2352 5482 Danaum,
2380 5403 2636 5460 dimittere
2654 5403 2793 5471 illas,
2822 5414 2871 5458 et
2891 5420 3101 5476 pergere
3124 5409 3178 5462 in
3199 5407 3526 5482 Britannias,

1955 5474 2051 5526 etsi
2079 5473 2431 5530 libentissime.

1957 5540 2052 5624 ξι
2090 5543 2353 5612 Bolland.,
2376 5546 2503 5601 mihi
2520 5544 2791 5615 imperavit
2809 5551 2864 5596 ut
2892 5547 3112 5600 venirem
3137 5563 3392 5620 essemque
3409 5569 3524 5609 cum

1948 5612 2072 5720 ubi.
2088 5683 2355 5755 Dolland.,
2387 5684 2627 5755 Sperare.

2087 5753 2354 5835 Deliam,
2406 5753 2641 5835 castitate
2687 5755 2952 5827 religionis
2997 5774 3100 5812 non
3138 5759 3276 5828 ﬁcta:
3327 5762 3546 5835 (quam.

989 5822 1212 5896 olland.;
1252 5837 1376 5876 nam
1410 5829 1661 5894 corrupte
1699 5821 1842 5893 apud
1945 5823 2384 5896 servaboiusque,
2417 5832 2520 5879 etc.

2021 5893 2047 5932 ιι
2085 5892 2356 5960 Bolland.,
2384 5895 2439 5950 in
2460 5896 2763 5967 infelicitate
2786 5899 3142 5982 perfruendas.
