4140 6346
523 387 623 446 811

1457 389 1513 444 S.
1563 389 1923 446 PATlilClUS
1961 389 2416 446 HIBERNORUM
2456 389 2870 447 APOSTOLUS.

3689 392 3809 448 SIQ

523 523 628 582 non
661 505 848 570 silebo,
879 519 1052 574 neque
1080 503 1408 560 abscondam
1436 506 1588 575 signa
1609 514 1662 562 et
1693 505 1955 560 mirabilia
1983 521 2106 576 quae
2134 511 2188 574 Α
2210 504 2512 572 rennitatis,
2545 511 2602 559 ut
2631 519 2718 559 me
2764 504 2818 558 in
2867 501 3112 558 omnibus
3159 511 3316 558 caute
3343 512 3629 574 propterea
3659 521 3806 560 con-

523 598 650 654 mihi
681 611 710 651 a
742 595 970 650 Domino
1002 605 1026 632 "
1053 596 1355 652 ministrata
1385 607 1510 652 sunt
1537 606 1664 652 ante
1692 597 1890 652 multos
1932 613 2107 654 annos

520 704 678 759 quam
706 683 916 753 tierent,
937 687 1088 756 quasi
1107 688 1199 758 qui
1228 689 1379 744 novit
1406 690 1608 756 omnia,
1638 690 1801 745 etiam
1821 698 1944 744 ante
1965 697 2104 744 tem-

520 796 652 852 pora
681 778 974 834 smcularia.
1009 775 1164 834 Unde
1209 788 1391 836 autem
1438 780 1729 836 debueram
1775 781 1891 836 sine
1927 795 2106 836 cessa-

522 869 667 927 tione
694 869 806 926 Deo
833 871 1032 940 gratias
1058 885 1238 940 agere,
1263 873 1352 942 qui
1381 887 1522 943 szepe
1549 871 1767 927 indulsit
1788 872 2105 942 insipientiae

519 961 740 1018 mere...
774 955 842 1016 Et
863 959 931 1018 de
959 950 1082 1018 loco
1111 979 1219 1018 non
1245 963 1298 1017 in
1329 979 1671 1034 unoquoque,
1717 972 1773 1018 ut
1816 979 1923 1018 non
1972 963 2106 1018 mihi

521 1055 866 1110 vehementer
894 1055 1235 1122 irasceretur,
1265 1056 1356 1126 qui
1379 1055 1590 1125 adjutor
1609 1055 1764 1110 datus
1781 1071 1900 1110 sum
1921 1063 1977 1110 et
1995 1071 2104 1110 non

518 1145 626 1202 cito
655 1145 917 1216 acquievi,
943 1146 1237 1201 secundum
1264 1147 1408 1218 quod
1439 1147 1570 1201 mihi
1599 1155 1872 1202 ostensum
1907 1147 2103 1215 fuerat,

522 1235 550 1276 ι)
579 1239 636 1291 et
661 1233 800 1292 sicut
827 1233 1059 1309 Spiritus
1104 1239 1444 1307 suggerebat.
1477 1237 1544 1292 Et
1573 1239 1822 1294 misertus
1861 1247 1944 1294 est
1973 1239 2106 1293 mihi

519 1327 778 1387 Dominus
823 1331 878 1386 in
905 1332 1070 1386 millia
1119 1333 1361 1398 millium,
1391 1333 1515 1404 quia
1547 1332 1677 1386 vidit
1725 1333 1777 1386 in
1826 1348 1912 1388 me
1959 1331 2106 1402 quod

516 1431 736 1493 paratus
763 1438 933 1491 eram,
964 1424 1057 1479 sed
1077 1425 1223 1494 quod
1257 1435 1276 1462 ο
1304 1425 1434 1478 mihi
1463 1439 1560 1494 pro
1589 1423 1671 1478 his
1699 1423 2006 1478 nesciebam
2034 1422 2108 1477 de

515 1521 662 1572 statu
689 1531 811 1573 meo
837 1517 964 1586 quid
989 1517 1238 1580 facerem,
1265 1517 1391 1587 quia
1421 1517 1572 1572 inulti
1610 1517 1750 1595 lianc
1777 1516 2105 1586 legationem

516 1602 891 1678 prohibebant,
923 1615 979 1662 et
1001 1607 1114 1677 jam
1142 1607 1282 1662 inter
1309 1607 1516 1680 seipsos
1545 1615 1668 1677 post
1697 1614 1904 1676 tergum
1923 1621 2104 1660 meum

517 1697 805 1753 narrabant
833 1706 890 1752 et
933 1697 1180 1753 dicebant
1213 1717 1225 1751 :
1258 1698 1363 1753 Iste
1401 1714 1568 1770 quare
1596 1714 1655 1752 se
1683 1697 1847 1751 mittit
1873 1697 1928 1751 in
1955 1697 2102 1767 peri-

516 1789 692 1847 culum
719 1790 862 1846 inter
888 1791 1071 1846 hostes
1099 1791 1191 1860 qui
1221 1791 1506 1847 Dominum
1530 1807 1638 1846 non
1661 1790 1958 1845 noverunt?
1984 1789 2104 1844 Non

516 1899 675 1940 causa
698 1884 948 1949 malitia);
978 1884 1074 1938 sed
1115 1901 1225 1940 non
1271 1885 1514 1955 sapiebat
1561 1885 1680 1949 illis,
1730 1883 1870 1938 sicut
1910 1890 1965 1936 et
2003 1895 2104 1950 ego
2138 1891 2182 1952 Β
2208 1887 2264 1933 et
2292 1879 2381 1934 ubi
2433 1895 2706 1948 nunquam
2753 1881 2946 1949 aliquis
2975 1888 3298 1952 pervenerat
3337 1883 3428 1951 qui
3474 1883 3800 1952 baptizaret,
3888 1921 3898 1933 .

515 1974 628 2046 ipse
658 1982 848 2040 testor,
881 1973 907 2012 ἀ
940 1975 1218 2042 intellexi,
1257 1985 1476 2048 propter
1503 1977 1862 2031 rusticitatem
1903 1991 2103 2030 meam.

513 2063 581 2120 Et
618 2082 725 2122 non
769 2067 876 2122 cito
919 2067 1114 2136 agnovi
1153 2067 1378 2135 gratiam
1420 2082 1539 2138 quae
1571 2073 1697 2120 tunc
1725 2073 1842 2120 erat
1883 2065 1937 2120 in
1966 2081 2054 2120 me
2085 2083 2101 2120 :

513 2169 654 2212 nunc
682 2156 812 2212 mihi
833 2157 972 2227 sapit
1000 2156 1144 2228 quod
1173 2165 1299 2211 ante
1327 2157 1636 2210 debueram.

581 2235 722 2302 XXI.
763 2247 918 2303 Nunc
944 2263 1074 2318 ergo
1103 2249 1416 2319 simpliciter
1444 2249 1711 2304 insinuavi
1763 2247 2019 2312 fratribus
2048 2257 2107 2304 et

511 2342 786 2398 conservis
831 2343 964 2398 meis
993 2343 1085 2410 qui
1133 2342 1264 2396 mihi
1293 2342 1654 2398 crediderunt.
1703 2340 1931 2412 Propter
1958 2340 2104 2412 quod

511 2434 738 2504 prtedixi
765 2441 822 2488 et
848 2431 1083 2504 prmdico
1111 2433 1180 2488 ad
1208 2434 1569 2490 roborandam
1599 2444 1652 2488 et
1678 2433 2104 2489 confirmandam

514 2526 674 2582 fidem
700 2537 954 2582 vestram.
982 2525 1200 2581 Utinam
1247 2534 1303 2581 et
1331 2543 1426 2582 vos
1466 2527 1744 2581 imitemini
1793 2526 2018 2595 majora,
2048 2532 2106 2580 et

511 2619 724 2690 potiora
751 2618 978 2675 faciatis.
1007 2617 1124 2674 Hoc
1149 2619 1254 2674 erit
1280 2619 1451 2688 gloria
1479 2635 1634 2685 mea;
1684 2620 1808 2689 quia
1847 2619 1986 2688 ﬁlius
2015 2635 2104 2672 sa-

509 2712 660 2783 piens
685 2714 856 2784 gloria
873 2712 1040 2784 patris
1078 2721 1156 2766 est
1183 2712 1368 2784 (Prov.
1402 2729 1476 2778 ιι,
1514 2714 1567 2778 ι;
1599 2729 1686 2776 xv,
1719 2711 1832 2780 ι20).
1864 2712 1971 2767 Vos
1999 2714 2104 2768 sci-

509 2803 582 2873 tis
607 2813 663 2874 et
686 2803 848 2869 Deus,
880 2804 1114 2873 qualiter
1141 2802 1282 2874 apud
1302 2819 1399 2858 vos
1427 2811 1782 2858 conversatus
1811 2819 1927 2858 sum
1958 2820 1988 2856 a
2008 2803 2102 2872 ju-

508 2902 730 2951 ventute
756 2911 896 2960 mea,
933 2905 955 2932 °
979 2895 1032 2950 in
1063 2893 1168 2950 fide
1197 2895 1440 2950 veritatis
1468 2902 1526 2948 et
1553 2895 1608 2948 in
1635 2895 1944 2950 sinceritate
1973 2911 2100 2952 cor-

509 2984 592 3042 dis
625 3002 636 3035 :
669 2985 832 3040 etiam
863 2984 930 3038 ad
953 2994 1142 3055 gentes
1171 2985 1290 3041 illas
1317 2985 1458 3040 inter
1495 3001 1630 3056 quas
1657 2985 1860 3051 habito,
1905 2998 2006 3053 ego
2037 2983 2102 3037 ﬁ-

510 3076 636 3132 dem
662 3076 768 3135 illis
795 3078 1043 3146 prmstavi
1073 3085 1128 3132 et
1166 3079 1455 3148 praestabo.
1507 3078 1649 3132 Deus
1685 3079 1788 3133 scit
1828 3078 2100 3132 neminem

510 3154 726 3226 illorum
752 3169 1100 3237 circumventi,
1134 3185 1233 3226 nec
1259 3171 1437 3238 cogito
1466 3179 1687 3241 propter
1714 3171 1882 3226 Deum
1911 3181 1968 3226 et
1993 3170 2097 3226 Ec-

2209 609 2500 664 servarem,
2550 595 2626 650 ita
2652 602 2711 650 ut
2741 611 2828 650 me
2867 595 2922 648 in
2965 593 3144 663 aliquo
3177 594 3332 649 titulo
3357 591 3382 631 ιι
3415 593 3657 650 infideles
3689 611 3806 652 non

2209 693 2493 757 carperent
2521 687 2606 742 vel
2633 685 2992 740 ministerium
3019 685 3290 740 servitutis
3317 699 3471 752 meae,
3505 701 3607 742 nec
3631 687 3808 745 etiam

2211 775 2264 830 in
2292 777 2514 833 minimo
2543 776 2832 832 incredulis
2860 775 3039 831 locum
3068 773 3254 831 darem
3281 775 3544 832 infamare
3563 777 3679 833 sive
3708 775 3808 833 de-

2209 855 2458 930 trectare.

2281 961 2445 1018 XXII.
2494 962 2656 1018 Forte
2701 971 2880 1018 autem
2903 1006 2920 1032 ,
2963 963 3177 1032 quando
3197 963 3466 1035 baptizavi
3502 971 3586 1022 tot
3631 967 3808 1022 millia

2208 1054 2510 1120 hominum,
2560 1054 2888 1123 speraverim
2937 1053 3004 1109 ab
3045 1054 3224 1125 aliquo
3265 1053 3478 1112 illorum
3507 1057 3594 1112 vel
3634 1057 3806 1113 dimi-

2207 1146 2355 1201 dium
2384 1145 2399 1184 ί
2435 1135 2740 1216 scriptulae?
2767 1145 2940 1201 Dicite
2977 1146 3110 1199 mihi
3137 1155 3193 1201 et
3237 1146 3457 1202 reddam
3481 1149 3634 1203 vobis
3666 1167 3679 1201 :
3709 1157 3809 1204 aut

2208 1237 2422 1307 quando
2452 1235 2724 1294 ordinavit
2749 1237 3006 1292 Dominus
3035 1237 3261 1293 clericos
3287 1253 3386 1308 per
3425 1239 3808 1294 modicitateiu

2208 1345 2383 1384 meam
2405 1337 2460 1384 et
2486 1329 2865 1395 ministerium,
2891 1330 3056 1398 gratis
3077 1329 3324 1386 distribui
3349 1331 3472 1386 illis.
3499 1329 3555 1386 Si
3577 1332 3808 1402 poposci

2207 1419 2275 1477 ab
2303 1421 2484 1492 aliquo
2513 1421 2730 1476 illorum
2757 1421 2844 1477 vel
2872 1420 3104 1492 pretium
3133 1422 3486 1477 calceamenti
3527 1423 3632 1478 mei
3659 1462 3676 1487 ,
3720 1424 3809 1478 di-

2185 1510 2342 1577 ‘cite;
2374 1509 2534 1567 dicite
2563 1511 2830 1585 adversus
2849 1528 2958 1580 me,
2985 1521 3040 1567 et
3059 1512 3278 1567 reddam
3303 1513 3474 1572 vobis,
3509 1512 3678 1583 Magis
3699 1530 3807 1584 ego

2208 1603 2443 1672 impendi
2481 1620 2579 1675 pro
2608 1604 2782 1673 vobis,
2833 1611 2890 1660 ut
2934 1607 3023 1660 m'e
3052 1613 3271 1676 caperet
3303 1624 3316 1660 :
3348 1613 3403 1661 et
3441 1607 3584 1660 inter
3610 1624 3709 1662 vos
3750 1616 3809 1662 ct

2210 1695 2408 1766 ubique
2449 1698 2737 1768 pergebam
2782 1714 2947 1754 causa
2994 1705 3171 1753 vestra
3217 1699 3272 1753 in
3304 1699 3487 1754 multis
3525 1700 3804 1770 periculis,

2208 1789 2371 1844 etiam
2401 1805 2572 1860 usque
2593 1789 2660 1844 ad
2692 1791 2706 1840 l
2739 1798 2954 1845 exteras
2975 1799 3172 1860 partes,
3191 1791 3281 1845 ubi
3313 1807 3469 1846 nemo
3499 1791 3635 1846 ultra
3661 1801 3806 1858 erat,

2212 1979 2306 2024 aut
2333 1971 2558 2026 clericos
2587 1971 2882 2038 ordinaret,
2915 1979 3008 2026 aut
3037 1973 3294 2042 populum
3319 1971 3344 2010 κ
3375 1984 3798 2040 consummaret,

2209 2053 2446 2118 donante
2475 2062 2732 2130 Domino,
2765 2063 3052 2131 diligenter
3081 2071 3137 2118 et
3181 2063 3533 2118 libentissime
3572 2080 3670 2134 pro
3713 2081 3804 2119 sa-

2209 2143 2322 2208 lute
2351 2163 2528 2209 vestra
2558 2153 2738 2208 omnia
2765 2151 2786 2191 1
2818 2154 3089 2222 generavi.
3121 2154 3338 2209 Interim
3367 2155 3586 2225 prmmia
3611 2155 3807 2212 dabam

2210 2245 2444 2315 regibus,
2463 2239 2686 2316 propter
2705 2244 2851 2315 quod
2871 2244 3065 2298 dabam
3087 2244 3394 2332 mercedem
3420 2245 3542 2301 filiis
3563 2246 3809 2316 ipsorum

2209 2335 2304 2412 qui
2340 2353 2552 2393 mecum
2600 2337 2900 2401 ambulant,
2953 2345 3008 2391 et
3036 2343 3074 2373 ω
3109 2337 3240 2390 nihil
3279 2338 3808 2407 comprehenderunt

2210 2445 2298 2484 me
2339 2445 2460 2484 cum
2491 2427 2778 2484 comitibus
2807 2427 2960 2483 meis.
3001 2427 3070 2482 Et
3112 2427 3203 2483 illa
3252 2429 3340 2484 die
3367 2429 3678 2486 avidissime
3707 2449 3806 2488 cu-

2210 2524 2430 2594 piebant
2458 2521 2761 2580 interﬁcere
2789 2538 2873 2576 me
2918 2541 2930 2574 :
2982 2521 3077 2577 sed
3105 2529 3320 2593 tempus
3368 2522 3607 2578 nondum
3639 2539 3810 2578 vene-

2209 2621 2316 2668 rat.
2344 2613 2411 2668 Et
2437 2613 2616 2668 omnia
2656 2627 2990 2683 quaecunque
3036 2613 3192 2668 nobis
3234 2613 3578 2677 invenerunt,
3610 2629 3811 2686 rapue-

2210 2714 2337 2760 runt
2375 2707 2495 2774 illa,
2531 2713 2586 2762 et
2631 2715 2722 2762 me
2760 2707 2934 2776 ipsum
2978 2704 3121 2760 ferro
3145 2705 3434 2760 vinxerunt
3467 2724 3480 2759 :
3513 2714 3570 2760 et
3609 2715 3808 2776 quarto

2210 2801 2422 2857 decimo
2443 2803 2531 2858 die
2558 2802 2788 2858 absolvit
2809 2818 2894 2857 me
2921 2801 3177 2856 Dominus
3198 2799 3264 2854 de
3286 2805 3560 2870 potestate
3582 2815 3802 2868 eorum;

2217 2904 2272 2952 et
2300 2896 2560 2966 quidquid
2585 2903 2826 2959 nostrum
2867 2897 2984 2964 fuit,
3029 2895 3299 2950 redditum
3328 2902 3412 2950 est
3461 2895 3641 2960 nobis,
3670 2911 3803 2965 pro-

2209 2995 2331 3059 pter
2356 2989 2521 3043 Deum
2548 2997 2604 3044 et
2631 2989 2968 3045 necessarios
3015 2989 3219 3044 amicos
3264 3002 3405 3057 quos
3449 2995 3578 3044 ante
3613 2989 3804 3059 provi-

2209 3081 2401 3137 dimus.

2280 3173 2465 3229 XXIII.
2513 3176 2619 3232 Vos
2648 3184 2828 3232 autem
2853 3175 3063 3246 experti
3099 3175 3230 3231 estis
3255 3182 3521 3245 quantum
3549 3189 3654 3244 ego
3684 3191 3809 3232 ero-

509 3261 730 3324 clesiam
757 3262 925 3332 ipsius
947 3304 964 3330 ,
1012 3277 1082 3317 ne
1109 3263 1340 3318 excitem
1381 3263 1484 3319 illis
1520 3263 1536 3301 ί
1580 3273 1635 3320 et
1663 3265 1818 3320 nobis
1847 3265 2100 3320 omnibus
2126 3275 2174 3339 α
2205 3267 2326 3336 gavi
2349 3267 2474 3332 illis,
2504 3267 2595 3335 qui
2622 3276 2647 3302 ιι
2673 3265 2986 3336 judicabant
3013 3281 3111 3336 per
3149 3281 3339 3322 omnes
3380 3267 3634 3336 regiones
3669 3283 3810 3338 quas

508 3354 953 3425 persecutionem,
977 3363 1034 3410 et
1059 3371 1130 3410 ne
1157 3370 1256 3426 per
1291 3371 1379 3410 me
1404 3356 1869 3426 blasphemaretur
1895 3372 2094 3411 nomen

508 3445 738 3514 Domini,
763 3447 891 3517 quia
915 3447 1176 3518 scriptum
1197 3456 1281 3503 est
1313 3465 1326 3502 :
1365 3447 1456 3503 νω
1485 3449 1682 3504 homini
1707 3465 1800 3520 per
1824 3437 1972 3520 quem
1994 3465 2092 3504 no-

509 3553 621 3592 men
652 3537 862 3593 Domini
885 3536 1270 3609 blasphematur
1301 3537 1447 3612 (Leu.
1499 3556 1642 3606 xnv,
1690 3540 1794 3609 lb‘).
1828 3539 1962 3594 Nam
1991 3541 2096 3594 etsi

508 3627 789 3699 imperitus
813 3643 934 3683 sum
981 3629 1038 3682 in
1070 3630 1352 3696 omnibus,
1403 3641 1580 3684 tamen
1613 3640 1636 3678 ὅ
1704 3640 1929 3686 conatus
1974 3647 2094 3686 sum

509 3717 774 3792 quispiam
813 3733 1032 3774 servare
1058 3735 1146 3774 me
1173 3721 1336 3775 etiam
1373 3729 1428 3776 et
1455 3720 1707 3778 fratribus
1735 3721 2088 3789 Christianis,

507 3817 562 3871 et
589 3809 884 3878 virginibus
928 3810 1160 3879 Christi,
1210 3820 1267 3886 et
1311 3812 1627 3868 mulieribus
1653 3813 1944 3881 religiosis,
1972 3829 2092 3882 quae

505 3902 635 3958 mihi
669 3902 918 3960 ultronea
963 3904 1278 3960 munuscula
1320 3903 1595 3960 donabant
1622 3913 1678 3961 et
1722 3919 1884 3974 super
1924 3905 2094 3960 altare

503 3995 818 4064 reddebant,
852 4012 922 4053 ex
949 3999 1280 4054 ornamentis
1307 3999 1437 4063 suis,
1470 4007 1527 4054 et
1555 4000 1752 4056 iterum
1795 3998 2089 4054 reddebam

504 4088 626 4146 illis.
658 4087 725 4146 Et
749 4090 1007 4148 adversus
1031 4107 1120 4148 me
1148 4092 1682 4160 scandalizabantur,
1731 4107 1828 4149 cur
1855 4093 1960 4150 hoc
2007 4091 2090 4148 fa-

509 4181 732 4238 ciebam.
761 4181 872 4240 Sed
919 4199 1020 4254 ego
1051 4188 1066 4250 (
1091 4185 1197 4242 hoc
1223 4185 1529 4259 faciebam)
1556 4193 1784 4258 propter
1809 4201 1962 4257 spem
1989 4201 2093 4256 pe-

580 4382 609 4412 ι
645 4370 916 4448 Bolland.,
962 4378 1278 4448 monstrum,
1307 4389 1436 4430 mox
1472 4391 1634 4448 quam
1673 4376 1886 4448 tierent;
1929 4385 2095 4448 atque

503 4442 650 4500 hanc
675 4443 964 4515 lectionem
1007 4444 1336 4515 praetulimus
1369 4464 1380 4498 :
1413 4442 1588 4501 minus
1616 4442 1761 4500 enim
1788 4454 1936 4502 recte
1965 4442 2094 4501 Wa-

507 4527 647 4597 rreus
663 4510 1118 4597 hirriant-[ueran
1151 4510 1275 4597 Mox
1317 4525 1437 4597 post
1463 4517 1778 4597 insipientia:
1807 4533 1960 4581 ntere,
1993 4516 2092 4569 ad-

507 4582 640 4658 du_nt
666 4579 1001 4658 Bellandiani
1025 4595 1073 4638 et
1103 4579 1426 4658 negligentiae
1456 4579 1645 4658 ntere...
1678 4579 2047 4658 adnotantque
2077 4605 2090 4637 :

512 4674 534 4708 ι
569 4654 746 4712 Lucus
771 4655 877 4723 hic,
921 4654 1261 4710 librariorum
1287 4657 1533 4711 socordia
1563 4657 1909 4725 depravatus,
1941 4657 2094 4710 vide-

2203 3357 2536 3426 frequentius
2563 3358 2862 3412 visitabam.
2910 3357 3118 3413 Censeo
3147 3357 3293 3412 enim
3325 3369 3350 3392 ο
3373 3373 3483 3414 non
3511 3357 3802 3414 minimmn

2204 3449 2436 3520 pretium
2463 3447 2768 3518 quindecim
2797 3448 3073 3502 hominum
3101 3448 3351 3504 distribui
3375 3448 3500 3502 illis.
3529 3447 3611 3504 Ita
3633 3456 3696 3503 ut
3713 3463 3806 3506 me

2203 3541 2473 3607 fruamini,
2525 3549 2578 3595 et
2600 3555 2700 3609 ego
2725 3540 2879 3595 vobis
2927 3555 3140 3610 semper
3177 3539 3324 3594 fruar
3351 3541 3405 3594 in
3451 3539 3651 3602 Deum,
3687 3557 3801 3596 non

2204 3648 2293 3690 me
2331 3633 2556 3702 ptenitet
2583 3647 2686 3688 nec
2735 3632 2868 3686 satis
2915 3640 2997 3686 est
3043 3631 3191 3698 mihi,
3240 3632 3412 3687 adhuc
3436 3631 3692 3700 impendo
3739 3639 3802 3687 et

2203 3739 2368 3794 super
2411 3723 2718 3794 impendam
2751 3741 2762 3776 :
2795 3730 2988 3792 potens
3015 3731 3098 3778 est
3126 3721 3374 3777 Dominus
3415 3729 3471 3776 ut
3509 3721 3602 3775 det
3648 3722 3788 3776 mihi

2204 3817 2549 3887 postmodum
2573 3827 2631 3872 ut
2659 3818 2922 3886 meipsum
2947 3816 3235 3886 impendam
3273 3830 3364 3884 pro
3387 3810 3655 3868 animabus
3694 3828 3788 3867 υεα

2201 3909 2324 3961 stris
2351 3904 2436 3977 (II
2462 3906 2581 3962 Cor.
2617 3924 2708 3972 xu,
2741 3905 2848 3978 l5).
2883 3905 3021 3962 Ecce
3048 3914 3240 3962 testem
3279 3903 3448 3976 Deum
3486 3905 3686 3959 invoco
3729 3905 3798 3960 in

2202 4000 2437 4054 animam
2467 4015 2662 4064 meam,
2695 4000 2819 4068 quia
2847 4015 2956 4053 non
2990 3999 3243 4063 mentior,
3269 4007 3294 4047 ρ
3315 3997 3461 4066 quod
3489 4010 3666 4065 neque
3686 4034 3704 4062 ,
3734 4003 3801 4050 ut

2203 4089 2280 4156 fit,
2313 4107 2472 4148 causa
2520 4091 2842 4147 adulationis
2872 4091 2956 4146 vel
2985 4091 3226 4146 avaritia:
3270 4088 3575 4158 scripserim
3615 4088 3798 4152 vobis.

2201 4199 2377 4241 neaue
2412 4193 2470 4242 ut
2498 4187 2760 4241 honorem
2809 4199 3084 4255 sperarem
3112 4191 3369 4239 vestrum.
3416 4179 3625 4236 Sufﬁcit
3650 4179 3799 4235 enim

2279 4377 2307 4452 ξι
2343 4375 2433 4452 §ic
2462 4375 3138 4452 Bolland.,_ubi¥War:eus,
3163 4379 3501 4452 inﬁdelinon
3530 4386 3799 4452 caperent.

2282 4445 2298 4522 ξ
2343 4445 2504 4501 Forte
2540 4450 2794 4522 scriptuli.
2847 4450 3114 4522 Bolland.,
3142 4445 3510 4522 ksc'riptulumj
3543 4446 3634 4522 ubi
3679 4447 3798 4522 hanc

2206 4516 2445 4589 habent.
2487 4537 2504 4567 ‹
2538 4516 2816 4588 Sosipater
2846 4521 2984 4589 apud
3011 4519 3094 4575 Jo.
3129 4516 3426 4575 Gerardum
3459 4517 3703 4589 vossiurn
3736 4517 3799 4574 in

2203 4586 2574 4662 Etymologico
2615 4606 2629 4662 :_
2666 4586 3039 4662 Scripta—lum,
3077 4591 3215 4662 quod
3263 4604 3402 4662 nunc
3443 4588 3590 4662 vulgo
3631 4587 3748 4662 sine
3775 4596 3800 4645 ι

2203 4648 2391 4731 dicunt
2411 4648 2724 4731 (scripulum
2747 4648 2997 4731 scilicet),
3015 4648 3198 4716 ’νᾶηο
3222 4664 3277 4715 in
3303 4648 3796 4731 Plautorirtedia'it.

507 4735 596 4802 tur
623 4719 1237 4802 de_peregriiiationibns
1255 4726 1472 4802 Patricii
1500 4719 1752 4802 habuisse
1775 4719 2085 4802 nonnulla.»
2123 4719 2175 4780 D
2199 4726 2267 4802 fit
2307 4719 2480 4802 alibi_:
2506 4719 2800 4802 nmmum
2847 4719 3142 4802 argenteum
3181 4732 3467 4802 conﬂatum
3508 4729 3730 4802 primum
3761 4746 3799 4782 α

509 4797 644 4851 Cum
672 4797 859 4868 iisdem
886 4797 1045 4868 paulo
1075 4807 1198 4852 ante
1229 4799 1452 4868 legimus
1487 4797 1779 4864 debueram,
1826 4799 1915 4854 ubi
1962 4797 2092 4852 Wa-

509 4871 646 4922 ra'eus
676 4865 914 4922 debuero".

577 4933 610 4977 ὓ
649 4935 916 5012 ξομαηᾴη
949 4947 999 5012 et
1016 4940 1229 5012 spiritus
1258 4939 1600 5012 nihilominus
1619 4941 1941 5012 suggerebat.

584 5019 606 5046 ε
648 5005 914 5074 Bolland.,
945 5005 1255 5079 nihiloplus
1281 5009 1524 5084 sciebam.
1571 5005 1820 5078 Reciius,
1851 5019 1910 5066 ut
1935 5011 2080 5068 vide-

483 5087 616 5133 ~tur.

581 5145 606 5186 ἀ
647 5147 745 5222 Ms.
776 5147 1343 5222 ειιρρὰ-Βομξὶηᾴίεληοδ2
1373 5150 1596 5222 intelligi
1610 5169 1645 5222 _;
1675 5167 1774 5222 pro
1803 5167 1909 5222 quo
1940 5167 2093 5222 repo-

507 5224 668 5276 sitore
693 5221 793 5273 ils‘r
812 5216 968 5274 illud.
1003 5216 1157 5285 Quod
1186 5233 1294 5290 non
1316 5216 1578 5290 displicet
1609 5216 1779 5277 Pa’ulo
1805 5216 1932 5277 ante
1960 5216 2090 5277 Wa-

507 5305 663 5364 rmus,
689 5306 795 5344 non
822 5300 875 5364 ut
903 5306 1060 5343 causa
1087 5289 1408 5364 molitiw..Et
1427 5307 1574 5364 mox_,
1599 5293 1901 5364 nuncmihi
1927 5295 2085 5364 capit.

509 5357 1014 5434 Utrumqugloeum
1041 5361 1371 5434 restituimus
1391 5376 1514 5415 cum
1539 5361 1782 5434 Bolland.

581 5423 604 5469 δ
645 5420 738 5486 Sic
791 5420 1035 5486 Bolland.
1084 5429 1152 5484 At
1191 5425 1535 5502 Warzens,iet
1580 5431 1703 5502 ﬁde.
1749 5431 1914 5486 [idem
1961 5449 2088 5488 mox

571 5503 725 5573 restiti
751 5517 853 5572 pro
877 5501 1123 5573 praestari
1144 5517 1162 5556 :
1187 5501 1334 5571 quod
1361 5509 1418 5556 et
1453 5501 1694 5557 Warams
1739 5503 1963 5571 margini
2006 5503 2085 5556 al-

527 5571 654 5626 e'vit.
757 5571 763 5572 ⁷
880 5571 889 5573 “
1580 5607 1602 5625 ο

583 5640 602 5680 ί
644 5640 914 5715 Bolland.,
948 5651 998 5696 et
1023 5643 1180 5715 vobis.
1219 5643 1286 5696 Et
1315 5644 1476 5715 paulo
1509 5653 1650 5715 post,
1683 5644 2082 5715 blasphgmclur.

581 5721 604 5758 8
646 5711 820 5768 Locus
847 5713 1078 5776 laxatus,
1122 5712 1260 5766 forte
1301 5711 1379 5768 sic
1417 5711 1825 5770 restituendus:
1859 5711 2086 5766 Conatus

507 5797 621 5856 sunt
648 5782 901 5856 integrum
929 5798 1130 5856 servare
1155 5797 1256 5856 me,
1287 5799 1388 5836 non
1409 5785 1706 5856 accipiendo
1731 5781 1991 5855 quidpiam
2023 5783 2086 5837 ab

507 5850 636 5911 ulla.
667 5849 823 5908 ctidm
847 5869 880 5908 α
903 5850 1170 5928 (utribus.
1203 5849 1470 5930 bonum).

1648 5977 1662 5982 '
1689 5979 2009 5994 ~->.§u_,-__.—

2205 4797 2384 4852 Servio
2419 4795 2585 4874 Tullio
2628 4817 2644 4852 :
2676 4802 2717 4853 is
2749 4795 3253 4874 quatucrscripmlis
3281 4795 3471 4872 ’,παίοι-
3497 4795 3594 4874 fuit
3635 4815 3822 4874 quam.

2203 4881 2338 4941 nunc
2367 4877 2462 4921 est.
2497 4867 2590 4923 Est
2613 4867 2789 4924 autem
2826 4867 3158 4941 scriptulum,
3186 4874 3298 4927 sive
3327 4867 3797 4941 serupulu_m,_mi-

2204 4939 2346 5012 nima
2381 4953 2506 5012 pars
2537 4942 2723 4995 uncia).
2756 4960 2775 4992 ι
2804 4936 3226 5012 Vidc'Canginm
3257 4943 3311 4998 in
3349 4936 3628 4996 Glossario
3665 4936 3793 4993 Lat.

2200 5011 2352 5064 verb.
2384 5009 2734 5066 SCRIPTULUS.

2279 5081 2292 5130 i
2343 5080 2432 5135 Sic
2459 5088 2513 5134 et
2551 5080 2792 5136 Bolland.
2825 5081 2930 5136 Sed
2957 5082 3200 5140 Wai‘tcus‘
3243 5084 3528 5154 legendum
3569 5086 3796 5156 conjicit

2199 5157 2474 5204 extremas.

2272 5219 2300 5294 ξι
2339 5220 2603 5294 poliam!”
2635 5223 2689 5274 in
2718 5224 2822 5293 ﬁde
2849 5225 3200 5294 conﬁrmaret.

2273 5290 2292 5327 1
2337 5290 2604 5368 [iollandw
2638 5290 2790 5368 gessi.
2825 5293 2890 5347 Et
2918 5290 3062 5368 mox,
3092 5304 3278 5368 printer
3303 5297 3444 5368 quod
3460 5297 3679 5368 dabam.

2211 5421 2233 5435 __
2268 5369 2310 5435 πῄ
2349 5359 2910 5435 Εξὶειὶιῃᾳβίνωτηιιε
2947 5359 3232 5435 legendum
3269 5359 3552 5435 nbn._Sed
3587 5369 3798 5423 melius

2197 5429 2464 5496 Bolland.,
2495 5431 2847 5488 nihilominus.
3002 5429 3027 5435 ⁷
3417 5431 3426 5439 ’

2266 5509 2293 5536 ιι
2333 5500 2421 5578 Sic
2449 5507 2504 5554 et
2525 5505 2794 5578 ms._apud
2821 5504 3212 5572 Bollandianos,
3235 5508 3329 5578 qui
3354 5516 3533 5564 tamen
3554 5509 3608 5564 in
3634 5516 3795 5564 textu

2195 5572 2519 5651 rescripsere
2540 5571 2861 5651 indigebant.

2267 5651 2290 5676 ο
2331 5641 2600 5718 bellanti,
2633 5641 2931 5718 (mamilius
2961 5663 3116 5717 quam
3143 5650 3382 5718 pretium.

2267 5723 2291 5759 ι)
2331 5711 2404 5765 Ita
2436 5711 2691 5791 l30ll_a_nd._
2713 5711 2983 5780 Warmus,
2995 5719 3114 5785 quia
3143 5711 3245 5773 'non
3274 5723 3514 5789 nterin'or,
3539 5737 3704 5791 neque
3726 5725 3792 5774 ut

2193 5784 2258 5836 sit
2287 5784 2506 5838 occasio.
2539 5781 2811 5842 Mendosc.
