4140 6346
344 375 445 445 81's

1522 388 1609 440 AD
1646 386 2036 443 COROTICUM
2079 384 2432 441 EPISTOLA.

3503 390 3604 453 8M
3638 396 3643 401 ’

343 502 469 560 mihi
496 503 672 557 honor
699 501 791 572 qui
820 502 926 557 non
953 501 1182 567 videtur,
1214 503 1309 561 sed
1343 502 1508 557 corde
1549 496 1822 569 creditur;
1852 502 1914 555 ti-
1943 508 1997 565 Α
2021 517 2168 557 ream
2195 500 2490 570 sepultura,
2527 508 2617 554 aut
2654 499 2955 555 miserrime
3000 500 3229 556 cadaver
3273 517 3369 573 per
3393 490 3604 572 singula

343 594 472 651 delis
492 602 669 649 autem
690 594 779 663 qui
809 594 1073 665 promisit,
1097 610 1373 664 nunquam
1404 595 1674 650 mentitur.
1712 594 1815 649 Sed
1840 595 1915 649 vi-

341 682 441 743 deo
462 684 575 755 jam
604 683 656 738 in
686 682 936 755 prtes'enti
983 686 1179 740 szeculo
1219 700 1306 740 me
1337 700 1496 754 supra
1526 680 1739 739 modum
1770 684 1918 739 exal-

341 772 506 831 tatum
537 791 569 830 a
599 774 843 830 Domino.
878 770 945 829 Et
966 792 1075 831 non
1099 791 1245 830 eram
1274 772 1463 844 dignus
1492 790 1666 846 neque
1698 775 1835 841 talis,
1860 782 1920 830 ut

341 858 443 921 hoc
469 864 596 920 mihi
618 868 900 937 przestaret
936 886 946 919 :
987 864 1111 919 dum
1146 866 1256 920 seio
1287 866 1582 921 certissime
1605 856 1748 936 quod
1788 866 1919 920 mihi

342 948 529 1014 melius
558 960 809 1015 convenit
837 968 1129 1031 paupertas
1158 968 1212 1013 et
1241 959 1519 1014 calamitas
1540 1000 1554 1024 ,
1600 974 1760 1029 quam
1787 958 1921 1013 deli-

342 1050 432 1107 cia:
462 1060 515 1107 et
544 1050 758 1106 divitiae.
802 1051 908 1107 Sed
938 1050 992 1105 et
1021 1050 1264 1106 Christus
1305 1050 1562 1106 Dominus
1591 1066 1795 1121 pauper
1824 1046 1922 1105 fuit

334 1148 437 1217 pro
466 1144 639 1199 nobis.
673 1142 784 1211 Ego
817 1148 943 1197 vero
977 1144 1137 1196 miser
1178 1152 1229 1196 et
1259 1138 1469 1207 infelix,
1509 1150 1562 1195 et
1587 1140 1632 1195 si
1660 1156 1791 1211 opes
1821 1157 1919 1196 vo-

342 1228 509 1296 luero,
537 1232 647 1303 jam
679 1250 785 1287 non
814 1233 1008 1300 habeo,
1035 1250 1206 1304 neque
1256 1233 1514 1303 incipsum
1548 1232 1808 1303 (dignum)
1830 1230 1920 1300 ju-

341 1322 480 1389 dico,
514 1326 637 1395 quia
667 1326 908 1397 quotidie
939 1330 961 1362 ἰ
1022 1341 1179 1396 spero
1220 1334 1311 1379 aut
1359 1324 1800 1388 internecionem,
1831 1334 1923 1378 aut

341 1421 731 1485 circumveniri,
764 1428 853 1473 aut
884 1417 1052 1488 redigi
1101 1420 1152 1473 in
1184 1419 1520 1481 servitutem,
1558 1416 1581 1455 ί)
1614 1418 1727 1472 sive
1760 1432 1922 1472 oeca—

342 1512 545 1567 sionem
578 1512 882 1580 cujuslibet.
935 1509 1041 1566 Sed
1072 1511 1203 1565 nihil
1248 1508 1441 1565 horum
1472 1526 1665 1564 vereor
1702 1518 1923 1580 propter

345 1605 604 1674 promissa
632 1606 911 1668 cmlorum,
954 1592 1077 1674 quia
1116 1604 1313 1676 jactari
1342 1604 1605 1672 uteipsum
1637 1603 1689 1655 in
1734 1616 1925 1655 manus

344 1695 437 1749 Dei
460 1696 843 1765 omnipotentis
884 1695 975 1765 qui
1016 1695 1212 1764 ubique
1259 1694 1599 1760 dominatur,
1629 1682 1766 1746 sicut
1794 1706 1923 1760 pro-

344 1784 506 1856 pheta
529 1786 658 1841 dicit
693 1804 704 1840 :
735 1780 886 1840 Jacla
932 1788 1211 1858 cogitatum
1243 1796 1383 1839 tuum
1420 1784 1474 1837 in
1503 1778 1692 1850 Deum,
1728 1789 1778 1835 et
1812 1782 1921 1854 ipse

344 1887 389 1931 te
418 1878 638 1932 enutrict
663 1874 833 1951 (Psal.
858 1894 962 1944 Liv,
983 1875 1096 1948 23).

414 1967 601 2023 XXIV.
642 1964 781 2023 Ecce
811 1985 953 2022 nunc
976 1965 1293 2021 commendo
1330 1963 1562 2019 animam
1595 1977 1767 2017 meam
1795 1959 1927 2017 ﬁde-

344 2058 547 2117 lissimo
576 2060 687 2115 Deo
718 2074 867 2125 meo,
909 2075 1007 2128 pro
1037 2074 1142 2127 quo
1174 2056 1443 2125 legatione
1472 2050 1660 2123 iungor
1694 2054 1748 2107 in
1774 2052 1926 2122 igno-

344 2153 547 2210 bilitate
579 2168 697 2207 mea
727 2148 815 2223 (ῙΙ
841 2149 961 2221 Cor.
994 2167 1044 2216 v,
1076 2148 1186 2218 20).
1219 2147 1325 2203 Sed
1350 2148 1476 2216 quia
1502 2161 1787 2217 personam
1819 2161 1926 2200 non

345 2247 557 2316 accipit,
590 2242 645 2298 et
678 2243 839 2312 elegit
868 2258 953 2296 me
984 2240 1049 2294 ad
1077 2236 1181 2294 hoc
1212 2238 1467 2304 officium,
1501 2245 1558 2293 ut
1591 2253 1727 2291 unus
1754 2251 1928 2291 essem

346 2332 410 2392 de
438 2337 548 2391 suis
586 2334 820 2389 minimis
846 2332 1087 2387 minister
1122 2351 1134 2384 :
1170 2329 1315 2385 Unde
1344 2340 1511 2383 autent
1543 2327 1823 2383 retribuam
1854 2328 1931 2383 illi

345 2444 436 2501 pro
467 2425 699 2482 omnibus
730 2442 842 2498 qua:
861 2424 1094 2479 retribuit
1130 2416 1255 2475 mibi
1281 2420 1450 2493 (Psal.
1477 2438 1594 2485 cxv,
1622 2419 1731 2491 12).
1769 2432 1789 2458 ο
1822 2414 1930 2475 Seu

349 2518 474 2590 quid
505 2508 703 2580 dicam,
737 2517 820 2572 vel
850 2514 978 2585 quid
1013 2515 1323 2585 promittam
1348 2513 1575 2567 Domino
1604 2511 1761 2565 meo?
1795 2510 1930 2578 Quia

353 2610 479 2666 nihil
508 2610 693 2675 valeo,
738 2607 838 2663 nisi
888 2609 1001 2678 ipse
1036 2606 1161 2660 mihi
1204 2596 1438 2670 dederit;
1470 2603 1561 2659 sed
1592 2598 1617 2639 τί
1661 2610 1930 2658 scrutatur

350 2700 509 2760 corda
533 2715 587 2758 et
614 2718 789 2767 renes,
816 2700 939 2771 quia
973 2699 1102 2753 satis
1149 2706 1199 2751 et
1230 2696 1388 2750 nimis
1418 2694 1597 2765 Cupio,
1624 2703 1679 2748 et
1707 2699 1927 2763 paratus

350 2811 496 2852 eram
529 2804 585 2850 ut
621 2793 844 2850 donaret
876 2790 1004 2844 mihi
1044 2785 1227 2843 bibere
1274 2786 1491 2842 calicem
1517 2787 1649 2855 ejus,
1679 2784 1816 2840 sicut
1841 2784 1927 2839 in-

346 2884 509 2940 dulsil
532 2886 738 2939 escteris
767 2864 1068 2936 amantibus
1097 2895 1174 2933 se.
1202 2876 1541 2960 Quapropter
1571 2892 1676 2929 non
1713 2874 1926 2930 contin-

346 2984 435 3046 gat
464 2977 593 3031 mihi
635 2991 664 3029 a
708 2974 819 3029 Deo
860 2990 1004 3043 meo,
1056 2985 1112 3026 ut
1152 2986 1386 3039 unquam
1435 2968 1678 3021 amittam
1716 2962 1927 3036 plebem

347 3086 497 3125 suam
527 3084 687 3138 quam
715 3077 736 3104 ο
767 3066 1026 3135 acquisivi
1051 3064 1102 3119 in
1133 3063 1335 3118 ultimis
1358 3072 1530 3116 teme.
1549 3060 1654 3116 Oro
1676 3058 1844 3114 Deum
1872 3062 1929 3113 ut

348 3160 438 3217 det
464 3160 594 3214 mihi
626 3158 1103 3230 perseverantiam,
1128 3160 1181 3210 et
1229 3157 1475 3225 dignetur
1504 3163 1561 3209 ut
1589 3152 1806 3209 reddam
1855 3144 1927 3207 illi

2020 592 2260 647 membra
2309 590 2576 645 dividatur
2617 591 2840 646 canibus
2886 600 2978 646 aut
3017 592 3204 648 bestiis
3246 595 3469 664 asperis,
3511 603 3604 651 aut

2000 682 2264 759 volucres
2292 682 2415 737 coeli
2437 681 2768 737 comederint
2807 682 2957 737 illud.
3008 682 3320 740 Certissime
3368 701 3511 752 reor,
3557 687 3603 742 si

2021 773 2151 827 mihi
2192 773 2296 828 hoc
2330 771 2349 809 ί
2384 772 2713 840 incurrisset,
2762 772 2998 829 lucratus
3042 792 3161 833 sum
3201 777 3436 832 animam
3479 794 3602 834 cum

2021 877 2248 932 corpore
2271 878 2392 918 meo
2422 880 2433 913 :
2466 863 2588 931 quia
2633 863 2747 917 sine
2778 864 2882 918 ulla
2910 865 3249 923 dubitatione
3288 869 3342 923 in
3383 868 3470 925 die
3510 870 3604 927 illa

2020 967 2358 1021 resurgemus
2401 952 2456 1007 in
2507 953 2751 1008 claritate
2798 956 2946 1023 solis,
2990 958 3093 1014 hoc
3132 966 3233 1024 est,
3279 969 3304 1007 ε
3337 960 3389 1015 in
3428 961 3604 1030 gloria

2010 1043 2220 1117 Christi
2257 1040 2384 1099 Jesu
2432 1044 2788 1116 redemptoris
2828 1051 3041 1116 nostri,
3089 1050 3209 1105 Filii
3248 1051 3344 1107 Dei
3373 1051 3501 1120 vivi,
3550 1059 3603 1107 et

2021 1135 2308 1189 coliwredes
2330 1133 2521 1216 Christi
2554 1136 2727 1216 (Rom.
2754 1155 2864 1202 vni,
2894 1140 2981 1212 17)
3009 1148 3065 1196 et
3096 1144 3384 1215 conformes
3415 1145 3603 1215 futura:

2017 1229 2262 1298 imaginis
2298 1229 2459 1298 ipsius
2487 1214 2684 1300 ('Ibid"
2718 1229 2807 1302 29)
2843 1249 2856 1284 :
2888 1232 3145 1300 quoniam
3166 1214 3233 1288 ex
3255 1234 3394 1303 ipso,
3418 1214 3481 1288 et
3504 1249 3602 1303 per

2021 1319 2215 1388 ipsum,
2240 1328 2294 1374 et
2323 1317 2375 1373 in
2405 1319 2556 1391 ipso,
2574 1324 2847 1392 regnaturi
2875 1340 3080 1380 sumus.

2092 1410 2255 1465 XXV.
2296 1411 2433 1498 N‘am
2468 1414 2550 1468 sol
2580 1416 2680 1469 iste
2707 1431 2867 1486 quem
2894 1418 3156 1483 videmus,
3204 1420 3317 1476 Deo
3358 1420 3601 1489 iubente,

2019 1510 2243 1572 propter
2272 1520 2371 1561 nos
2399 1506 2640 1574 quotidie
2672 1508 2861 1575 oritur,
2891 1510 2988 1565 sed
3032 1527 3305 1581 nunquam
3335 1514 3601 1582 regnabit,

2021 1610 2196 1663 neque
2221 1596 2559 1665 permanebit
2587 1598 2844 1668 splendor
2871 1600 3008 1669 ejus.
3043 1600 3149 1656 Sed
3178 1613 3234 1657 et
3280 1620 3470 1659 omnes
3507 1605 3604 1675 qui

2022 1688 2252 1743 adorant
2276 1704 2422 1758 eum,
2446 1690 2500 1744 in
2530 1706 2747 1763 pmnam
2775 1692 2957 1747 miseri
2981 1694 3122 1748 male
3146 1695 3453 1752 devenient.
3498 1698 3606 1754 Nos

2022 1785 2199 1833 autem
2242 1779 2508 1835 credimus
2554 1790 2610 1836 et
2652 1780 2938 1837 adoramus
2987 1782 3167 1838 Solem
3192 1801 3400 1850 verum,
3450 1787 3607 1842 Chri-
3674 1802 3683 1810 ‘

1947 1875 1997 1935 Β
2025 1877 2167 1925 stum
2196 1872 2289 1942 qui
2319 1887 2591 1941 nunquam
2632 1859 2898 1939 interibit;
2924 1888 3098 1943 neque
3127 1875 3219 1943 qui
3265 1874 3391 1929 facit
3413 1877 3606 1931 volun-

2021 1972 2189 2019 tatem
2226 1965 2413 2034 ipsius,
2446 1967 2541 2021 sed
2572 1967 2810 2022 manebit
2847 1968 2902 2021 in
2939 1976 3222 2036 mternnm,
3253 1972 3526 2040 quomodo
3552 1980 3609 2027 et

2020 2054 2264 2145 Christus
2293 2059 2533 2113 manebit
2582 2060 2636 2114 in
2679 2069 2961 2125 aeternum,
3005 2061 3098 2131 qui
3126 2069 3314 2130 regnat
3342 2077 3465 2116 cum
3497 2062 3608 2117 Deo

2022 2147 2183 2204 Patre
2225 2148 2595 2221 omnipotente
2644 2161 2699 2207 et
2745 2169 2869 2208 eum
2920 2154 3123 2223 Spiritu
3184 2162 3413 2220 sancto,
3483 2163 3609 2210 ante

2020 2242 2235 2306 srecula,
2288 2251 2342 2297 et
2371 2259 2529 2309 nunc,
2564 2251 2620 2297 et
2665 2260 2763 2313 per
2801 2244 2981 2299 omnia
3022 2244 3218 2300 saecula
3260 2245 3604 2300 steculorum.

2023 2331 2219 2388 Amen.
2278 2333 2420 2390 Ecce
2470 2338 2661 2390 iterum
2712 2338 3013 2406 iterumque
3056 2337 3295 2393 breviter
3340 2354 3608 2409 exponam

2024 2424 2189 2479 verba
2239 2428 2579 2498 confessionis
2626 2444 2775 2482 nicas.
2808 2427 3089 2484 Testilicor
3123 2429 3177 2483 in
3215 2430 3444 2484 veritate
3473 2438 3533 2485 et
3558 2430 3611 2483 in

2024 2518 2383 2574 exsultatione
2412 2518 2610 2584 cordis,
2655 2534 2840 2575 coram
2880 2520 2993 2574 Deo
3049 2529 3104 2575 et
3156 2522 3359 2576 sanctis
3410 2522 3614 2590 angelis

2022 2607 2175 2677 ejus,
2225 2610 2351 2687 quia
2400 2626 2673 2680 nunquam
2733 2611 2896 2667 habui
2944 2613 3177 2682 aliquam
3233 2613 3611 2679 occasionem,

2021 2706 2217 2771 prazter
2247 2696 2592 2768 Evangelium
2645 2710 2701 2756 et
2744 2702 3009 2771 promissa
3059 2700 3219 2769 illius,
3271 2710 3331 2757 ut
3380 2718 3615 2772 unquam

2023 2788 2051 2827 ¹³
2094 2791 2328 2846 redirem
2372 2794 2439 2847 ad
2488 2803 2703 2860 gentem
2743 2795 2887 2849 illam
2944 2796 3085 2851 unde
3120 2804 3301 2851 autem
3330 2797 3476 2866 prius
3526 2797 3617 2853 vix

2024 2898 2318 2939 evaseram.
2360 2882 2466 2938 Sed
2510 2900 2704 2954 precor
2748 2886 3092 2942 credentibus
3153 2886 3168 2925 ί
3203 2895 3258 2942 et
3302 2887 3618 2943 timentibus

2023 2972 2232 3043 Deum,
2295 2974 2602 3045 quicunque
2669 2975 2918 3046 dignatus
2977 2978 3138 3033 fuerit
3209 2979 3478 3048 inspicere
3534 2980 3619 3035 vel

2025 3065 2268 3135 recipere
2329 3065 2470 3122 hanc
2535 3068 2860 3138 scripturam
2896 3110 2912 3136 ,
2958 3084 3121 3139 quam
3174 3068 3438 3126 Patricius
3489 3085 3618 3139 pee-

2025 3154 2196 3220 eator,
2228 3158 2475 3213 indoctus
2532 3159 2768 3225 scilicet,
2817 3160 3108 3219 Hiberinae
3149 3161 3505 3231 conscripsit,
3564 3170 3622 3216 ut

352 3260 541 3308 testem
585 3248 797 3305 ﬁdelem
843 3264 1012 3317 usque
1055 3244 1124 3301 ad
1170 3248 1450 3302 transitum
1498 3263 1675 3301 meum
1710 3249 1999 3316 propterC
2028 3264 2187 3302 nemo
2236 3263 2470 3317 unquam
2529 3248 2673 3306 dicat
2734 3252 2882 3321 quod
2945 3256 2959 3301 l
3026 3267 3147 3306 mea
3203 3253 3539 3321 ignorantia,
3570 3253 3618 3307 si

350 3342 520 3400 Deum
550 3359 747 3398 meum.
770 3338 833 3395 Et
862 3342 907 3396 si
930 3340 1128 3410 aliquid
1156 3329 1282 3425 lieni
1306 3356 1537 3409 unquam
1560 3339 1797 3393 imitatus
1817 3354 1936 3394 sum

351 3442 571 3507 prepter
615 3434 785 3488 Deum
822 3448 1000 3487 meum
1048 3448 1210 3501 quem
1259 3431 1445 3499 diligo,
1490 3440 1616 3501 peto
1659 3431 1807 3485 illum
1846 3432 1939 3487 det

350 3527 481 3582 inihi
524 3528 581 3581 ut
626 3542 747 3582 cum
784 3522 887 3579 illis
929 3522 1213 3594 preselylis
1263 3532 1316 3578 et
1345 3521 1571 3593 captivis
1593 3538 1691 3593 pro
1718 3522 1937 3579 nomine

349 3637 449 3675 sun
491 3616 759 3674 cll'undam
789 3616 1100 3685 sanguinem
1129 3630 1340 3681 meum,
1374 3613 1472 3670 etsi
1503 3615 1616 3686 ipse
1645 3616 1806 3670 etiam
1840 3631 1935 3671 ca-

426 3764 451 3793 α
490 3753 581 3809 Sic
604 3720 851 3809 Bolland.
874 3750 1135 3814 Warams,
1160 3762 1368 3819 sperno.

432 3836 454 3864 ο
495 3823 761 3888 Bolland.,
793 3823 905 3875 sine
929 3821 1221 3874 occasione.

388 3969 398 3979 .
430 3908 453 3979 ξ
495 3886 781 3963 Sequimur
811 3890 1053 3961 Bolland.
1082 3889 1323 3945 Warzeus
1358 3908 1369 3940 :
1399 3886 1617 3944 Sed.....
1655 3891 1787 3956 Quia
1807 3887 1939 3942 nihil

350 3968 568 4091 "(flata
617 4036 797 4102 legere
836 4031 1103 4089 malumus
1145 4042 1271 4089 eam
1319 4030 1564 4085 Bolland.
1604 4044 1766 4097 quam
1812 4042 1937 4102 eum

349 4109 570 4191 “ferme
596 4100 880 4160 scristabor.
896 4102 1019 4159 Mox
1041 4103 1183 4175 apud
1200 4102 1469 4169 Bolland.,
1485 4101 1715 4164 calicem,
1738 4100 1940 4155 omisso

349 4197 492 4252 ejus.

432 4260 454 4285 ε
496 4246 763 4318 Bolland.,
790 4245 1079 4318 (requisivit.
1124 4262 1195 4318 ‘_.

432 4318 451 4357 ί
496 4319 662 4388 Magis
712 4310 889 4387 placet
934 4328 1095 4387 quam
1144 4314 1411 4375 Bolland.,
1461 4324 1599 4366 eum
1637 4310 1843 4365 sil......
1882 4310 1975 4376 in,

346 4406 593 4460 corpore.

432 4448 460 4509 εἰ
495 4459 761 4525 Bolland.,
793 4461 847 4513 in
879 4455 1198 4536 gloria'Jesu
1240 4448 1433 4509 Christi
1474 4454 1724 4525 redempti
1762 4466 1945 4508 omnes

2026 3338 2224 3409 aliquid
2253 3341 2501 3410 pusillum
2562 3340 2588 3378 ιι
2640 3342 2724 3410 egi
2746 3342 2835 3396 vel
2888 3342 3396 3408 demonstraverim,
3427 3357 3622 3398 secun-

2024 3432 2151 3488 dum
2190 3433 2283 3487 Dei
2334 3433 2610 3502 placitum.
2658 3432 2767 3488 Sed
2819 3434 3195 3505 arbitramini,
3245 3443 3300 3491 et
3337 3435 3621 3491 verissime

2026 3524 2295 3588 credatur,
2348 3522 2365 3560 ι
2421 3525 2566 3594 quod
2609 3524 2811 3580 donum
2856 3525 2952 3581 Dei
3003 3525 3210 3583 fuisset.
3262 3526 3332 3583 Et
3379 3528 3495 3585 haec
3540 3535 3625 3584 est

2026 3614 2290 3672 confessio
2318 3630 2441 3670 mea
2470 3625 2764 3686 antequam
2785 3619 3007 3674 moriar.

2035 3751 2227 3803 erimus
2254 3752 2403 3821 quasi
2438 3748 2535 3830 ﬁlii
2694 3764 2746 3830 et
2771 3756 3064 3811 cohazredes
3091 3752 3283 3830 Christi
3298 3764 3393 3830 ,_el
3420 3760 3625 3830 confor-

2037 3834 2142 3901 mes
2171 3825 2698 3903 creaturtinmaginis
2726 3827 2890 3903 ipsius
2914 3844 2930 3879 :
2953 3829 3199 3903 (maniam
3225 3825 3445 3903 efr'ipso,
3464 3825 3627 3903 et’per

2036 3898 2223 3966 ipsum,
2267 3901 2313 3943 et
2344 3898 2395 3945 in
2426 3898 2541 3966 ipso
2572 3904 2691 3966 sunt
2737 3898 2915 3949 omnia
2948 3914 2963 3949 :
2994 3898 3095 3966 ipsi
3130 3899 3299 3966 gloria
3340 3900 3394 3953 in
3436 3898 3628 3954 aeacida

2038 3959 2363 4028 smn/erunt,
2408 3959 2587 4041 Amen.
2622 3962 2687 4017 Et
2715 3967 2896 4019 statim
2931 3986 2941 4019 2
2979 3959 3045 4021 In
3074 3959 3165 4022 illo
3193 3970 3333 4023 enim
3363 3971 3628 4041 regnaturi

2037 4045 2212 4083 snmns
2235 4046 2250 4081 :
2275 4046 2396 4083 nam
2424 4031 2504 4086 sol
2532 4035 2646 4097 iste,
2682 4044 2783 4089 etc.

2109 4098 2136 4176 ξι
2168 4097 2409 4180 ἓεεεὶεηθ
2441 4102 2699 4170 Waraeus,
2731 4107 2997 4180 redderem
3025 4116 3259 4180 agentem
3281 4108 3444 4163 illam.

2168 4167 2296 4252 20st
2322 4171 2463 4252 hanc
2490 4167 2916 4252 vocem‘addunt
2946 4167 3218 4252 Bollbndw
3237 4190 3287 4234 et
3315 4181 3627 4252 petentibus.

2170 4239 2436 4321 gallant!”
2468 4261 2594 4321 mea;
2614 4248 2926 4321 ignorantia:
2950 4250 2966 4318 (
2989 4249 3194 4321 fuerit).

2112 4264 2126 4289 ι
2170 4264 2436 4307 omnium,
2468 4264 2629 4299 mean
2670 4264 2926 4302 normmaz
2950 4264 2965 4318 ί
2989 4264 3108 4321 Iuer:

2110 4307 2135 4392 ξ(
2170 4304 2516 4392 nepotem.
2547 4264 2688 4392 Maiis:
2704 4315 2965 4392 Wara‘us,
2997 4337 3108 4392 ego.

2113 4379 2131 4417 ι
2175 4379 2442 4451 Bolland.,
2474 4385 2612 4458 quod
2647 4384 2788 4441 Deus
2825 4379 3021 4459 fuisset.

351 4568 2523 4599 μὴ’*

592 4636 687 4707 ’³
758 4676 906 4837 s.
984 4616 2166 4791 pararetur)
2247 4576 3302 4785 nomen

1475 4854 2581 5033 EPIST(')LA..\
3107 4867 3110 4871 '

436 5209 480 5266 Ι.
511 5205 774 5263 Patricius
812 5208 1089 5275 peecator,
1128 5194 1377 5254 indoctus
1405 5190 1629 5259 scilicet,
1660 5184 2031 5256 Hiberione'D
2056 5190 2190 5253 dure
2216 5202 2269 5249 et
2304 5198 2632 5267 tanmspere
2660 5192 2687 5236 ι’
2718 5206 2785 5255 ex
2813 5217 2909 5257 ore
2935 5218 3061 5260 meo
3085 5206 3393 5273 eﬂ‘undere,
3423 5206 3520 5264 sed
3540 5176 3661 5268 eos.

349 5283 720 5361 eonstitutum
764 5288 1077 5368 episcopum
1120 5306 1210 5348 me
1251 5304 1371 5346 esse
1416 5287 1609 5343 fateor.
1641 5283 1964 5342 Certissima.

347 5408 516 5461 reor,
547 5410 579 5449 a
606 5394 721 5448 Deo
746 5390 930 5459 accepi
958 5387 1012 5443 id
1040 5385 1186 5456 quod
1216 5399 1354 5439 sum.
1386 5381 1533 5436 inter
1559 5380 1820 5435 barbaros
1846 5378 1950 5432 ita—

349 5502 475 5559 que
504 5476 689 5542 habito
718 5483 1023 5563 prose‘lytus
1058 5488 1111 5535 et
1149 5475 1375 5551 profuga
1399 5518 1413 5543 ,
1460 5473 1530 5531 ob
1569 5482 1809 5529 artiorem
1831 5466 1926 5521 Dei

260 5562 271 5567 θ
349 5580 549 5637 TeStis
590 5584 674 5634 est
713 5576 839 5641 ille,
871 5573 916 5629 si
940 5562 1028 5627 ita
1060 5579 1140 5628 est
1187 5589 1201 5625 ;
1235 5586 1342 5628 non
1369 5564 1514 5640 quod
1554 5570 1808 5635 optabam
1837 5564 1946 5616 tam

447 5722 471 5754 κ
504 5712 672 5786 Apud.
704 5710 949 5786 Bolland.
994 5711 1071 5786 sic
1111 5726 1174 5786 se
1213 5711 1385 5786 habet
1415 5708 1599 5786 isthicc
1624 5702 1899 5786 inscriptio
1930 5713 1945 5750 ι

350 5777 614 5858 Epistolis
735 5782 951 5839 Patrieii
981 5781 1060 5858 ad
1101 5778 1422 5834 Christianos
1477 5777 1698 5858 Corolici
1747 5782 1953 5843 tyranni

347 5851 627 5927 subditos.
651 5854 718 5928 Et
735 5862 882 5917 recte
903 5851 1141 5912 quidem.
1170 5859 1228 5910 ut
1255 5866 1324 5910 ex
1350 5859 1604 5909 contextu
1627 5856 1807 5912 tinuet.

2055 5297 2155 5355 gor
2196 5285 2315 5341 zelo
2341 5286 2435 5343 Dei
2463 5296 2520 5342 et
2558 5288 2799 5345 Veritatis
2825 5291 3059 5358 Christi,
3110 5294 3243 5365 (qui)
3265 5298 3521 5352 excitavit
3550 5312 3637 5355 me

2054 5388 2159 5447 pro
2190 5375 2477 5433 dilectione
2507 5380 2879 5449 proximorum
2906 5390 3067 5451 atque
3097 5372 3346 5453 ﬁliorum,
3378 5396 3476 5457 pro
3517 5391 3637 5459 qui-

2053 5466 2155 5523 bus
2193 5469 2388 5524 tradidi
2436 5472 2663 5542 pati‘iam
2711 5478 2766 5527 et
2818 5483 3070 5542 parentes
3098 5484 3153 5529 ct
3182 5466 3417 5535 animam
3459 5495 3636 5536 meam

2060 5578 2233 5635 usque
2259 5556 2327 5621 ad
2354 5572 2603 5631 mortem,
2632 5566 2680 5620 si
2707 5565 2899 5633 dignus
2925 5580 3061 5622 sum.
3089 5567 3222 5625 Vovi
3252 5571 3365 5629 Deo
3393 5584 3515 5631 meo
3540 5575 3639 5631 do-

2092 5768 2097 5775 _
2131 5702 2454 5777 b_Bollan_d.,
2500 5699 2695 5777 aliquid
2722 5715 2784 5752 ea:
2818 5717 2919 5777 ore
2965 5717 3100 5777 meo.
3131 5702 3294 5763 Paulo
3323 5713 3452 5760 ante
3496 5706 3636 5777 lpud

2062 5770 2300 5839 eosdem,
2332 5770 2614 5824 lliberione
2665 5772 2966 5823 constitutus
3020 5773 3305 5843 epismpns,
3354 5770 3637 5831 certissimo

2063 5862 2194 5901 reor.
