4140 6346
464 353 568 410 815

1394 341 1452 398 S.
1492 317 1855 396 PA'I‘RICI‘US
1892 333 2342 392 HlBERNORUM
2385 337 2799 394 APOSTULUS.

3629 333 3738 388 816

403 435 414 514 .)
463 481 590 525 cere
630 471 847 535 gentes,
877 460 980 517 etsi
1023 465 1341 514 contemnor
1368 463 1396 491 ι
1439 469 1469 508 a
1496 455 1693 523 quibus
1732 470 1897 508 manu
1926 469 2046 507 mea
2074 459 2128 517 Α
2159 471 2249 522 xx,
2283 455 2372 525 15,
2401 454 2507 523 l6).
2537 453 2798 510 Comedet
2823 461 3003 508 autem
3030 467 3156 509 eum
3171 451 3307 522 ignis
3329 451 3740 520 inexstinguibi-

401 539 405 550 ’
464 557 654 628 scripsi
683 562 844 625 atque
881 549 1095 607 condidi
1140 547 1303 602 verba
1351 545 1453 600 ista
1487 544 1662 600 danda
1707 553 1760 600 et
1791 544 2048 600 tradenda

467 650 724 706 militibus
752 643 1014 701 mittenda
1039 641 1316 707 Corotico,
1359 656 1467 694 non
1495 639 1618 695 dico
1659 639 1864 694 civibus
1892 638 2044 703 meis,

466 755 639 812 neque
681 737 886 794 civibus
922 741 1227 790 sanctorum
1259 731 1629 786 Romanorum
1657 772 1672 798 ,
1713 729 1806 784 sed
1843 728 2050 783 civibus

465 830 853 887 daemoniorum
873 866 888 890 ,
921 826 991 881 oh
1027 825 1167 878 mala
1197 839 1362 893 Opera
1393 823 1630 892 ipsorum
1655 863 1670 887 ,
1713 821 1819 875 ritu
1844 818 2046 874 hostili.

463 922 522 977 ln
573 928 748 976 morte
793 919 979 973 vivunt
1025 915 1158 970 socii
1203 914 1512 969 Scottorum
1567 920 1729 982 atque
1776 911 2048 966 Pictorum

465 1021 834 1085 apostatarum
858 1050 872 1074 ,
905 1008 930 1046 δ
960 1009 1114 1078 quasi
1143 1007 1401 1075 sanguine
1431 1005 1672 1060 volentes
1700 1003 1933 1072 saginari
1962 1002 2045 1056 in-

464 1105 771 1162 nocentium
801 1101 1252 1161 Christianorum,
1297 1113 1436 1167 quos
1466 1110 1566 1165 ego
1597 1096 1906 1150 innumeros
1935 1095 2046 1149 Deo

463 1195 624 1266 genui
653 1206 814 1265 atque
840 1193 892 1246 in
915 1190 1128 1246 Christo
1151 1187 1484 1244 conﬁrmavi.

533 1286 596 1340 ll.
640 1285 862 1340 Postera
906 1283 992 1338 die
1017 1297 1123 1351 qua
1160 1294 1179 1319 ε
1225 1279 1499 1335 chrismati
1527 1277 1784 1350 neophyti
1812 1277 1864 1331 in
1894 1285 2046 1331 veste

463 1376 690 1432 candida
714 1418 728 1440 ,
775 1376 901 1430 dum
935 1373 1110 1445 (fides)
1160 1373 1421 1441 ﬂagrabat
1450 1372 1501 1425 in
1542 1370 1719 1424 fronte
1767 1369 2004 1438 ipsorum
2028 1407 2042 1431 ,

461 1469 749 1524 crudeliter
777 1466 1026 1522 trucidati
1057 1473 1218 1534 atque
1247 1465 1461 1519 mactati
1488 1463 1657 1534 (sunt)
1689 1461 1872 1531 gladio
1903 1477 1935 1514 a
1956 1477 2047 1515 su-

463 1561 718 1632 pradictis
745 1602 760 1628 ,
803 1559 923 1613 misi
963 1558 1243 1628 epistolam
1288 1572 1410 1610 cum
1452 1564 1642 1610 sancto
1687 1555 2002 1624 presbytero
2029 1593 2044 1619 ,

462 1669 624 1722 quem
649 1666 748 1720 ego
777 1668 846 1706 ex
873 1651 1093 1706 infantia
1116 1649 1275 1704 docui
1298 1665 1420 1704 cum
1442 1647 1670 1713 clericis,
1697 1654 1754 1699 ut
1778 1645 1931 1700 nobis
1957 1644 2050 1698 ali-

463 1745 588 1815 quid
637 1744 973 1812 indulgerent
1026 1742 1092 1795 de
1141 1740 1317 1811 praeda
1355 1741 1440 1795 vel
1489 1739 1554 1795 de
1603 1738 1832 1809 captivis
1865 1737 2045 1806 bapti-

2153 549 2236 604 lis.
2269 547 2508 618 Ideoque
2552 563 2630 601 va:
2660 547 2751 616 qui
2797 545 3008 616 replent
3054 559 3114 600 se
3145 544 3270 614 (his)
3316 559 3436 614 qua:
3465 559 3570 597 non
3611 550 3740 597 sunt

2153 655 2266 694 sua.
2294 638 2412 703 Vel,
2451 638 2573 710 quid
2604 638 2811 709 prodest
2843 637 3066 702 homini,
3099 644 3155 689 ut
3185 645 3349 691 totum
3375 635 3623 690 mundum
3651 637 3740 689 lu-

2152 741 2320 786 «retur
2343 773 2357 798 ,
2399 741 2448 785 et
2477 733 2668 786 anima:
2695 747 2804 786 sua:
2847 731 3208 785 detrimentum
3246 731 3478 800 patiatur
3516 727 3736 797 (Matth.

2153 838 2260 890 xvr,
2292 821 2425 892 26)?
2454 822 2693 894 Longum
2735 834 2818 878 est
2842 838 2940 893 per
2968 822 3175 892 singula
3201 821 3472 878 discutere
3494 821 3581 884 vel
3607 821 3740 876 insi-

2154 931 2324 970 nuare
2345 954 2358 979 ,
2408 931 2504 986 per
2533 924 2704 970 totam
2734 915 2906 984 legem
2948 929 3171 985 carpere
3198 913 3506 970 testimonia
3529 911 3598 968 de
3643 913 3740 968 tali

2149 1007 2458 1078 cupiditate.
2507 1008 2745 1064 Avaritia
2789 1007 3017 1062 mortale
3056 1007 3290 1063 crimen.
3315 1002 3441 1058 Non
3486 1005 3737 1074 concupi-

2148 1119 2256 1156 sces
2280 1119 2388 1156 rem
2404 1103 2628 1170 proximi
2655 1102 2744 1154 tui.
2773 1099 3123 1156 Nonocoides
3148 1096 3343 1170 (Exod.
3376 1113 3468 1162 xx,
3502 1096 3589 1162 l7,
3617 1096 3736 1166 15).

2149 1191 2427 1247 Homicida
2459 1209 2566 1247 nou
2597 1200 2775 1262 potest
2803 1207 2922 1246 esse
2949 1207 3070 1246 cum
3097 1189 3334 1245 Christo.
3365 1186 3466 1253 Qui
3493 1187 3604 1242 odit
3633 1189 3740 1259 {rm

2151 1293 2278 1337 trem
2306 1301 2488 1350 suum,
2523 1283 2779 1338 homicida
2811 1281 3120 1348 ascribitur;
3158 1280 3274 1346 vel,
3301 1281 3388 1353 qui
3424 1296 3527 1335 non
3563 1278 3742 1350 diligit

2149 1379 2368 1446 fratrem
2404 1391 2565 1428 “suum
2591 1376 2644 1428 in
2689 1382 2851 1428 morte
2883 1381 3056 1427 manet
3079 1372 3130 1443 (1
3175 1371 3333 1425 Joan.
3363 1387 3440 1433 ιιι,
3488 1369 3576 1438 Ne,
3621 1366 3738 1438 15).

2147 1465 2359 1532 Quanto
2403 1467 2572 1534 magis
2600 1480 2726 1520 reus
2759 1473 2844 1520 est
2869 1465 2962 1534 qui
2992 1479 3184 1518 manus
3221 1477 3346 1518 suas
3371 1461 3741 1532 coinquinavit

2149 1559 2203 1612 in
2234 1558 2492 1626 sanguine
2521 1557 2752 1612 ﬁliorum
2790 1555 2928 1621 Dei,
2977 1570 3114 1626 quos
3160 1569 3331 1624 nuper
3369 1551 3652 1620 acquisivit
3684 1549 3742 1607 in

2157 1649 2355 1703 ultimis
2388 1656 2564 1714 teme,
2597 1663 2696 1718 per
2723 1645 3159 1702 exhortationem
3187 1643 3467 1715 parvitatis
3502 1641 3739 1696 nostr-.12?

2227 1741 2286 1794 V.
2328 1739 2578 1810 Nunquid
2607 1741 2725 1796 sine
2775 1739 2886 1795 Deo
2923 1738 3009 1794 vel
3051 1737 3344 1793 secundum
3380 1750 3598 1790 carnem
3636 1732 3738 1788 lli-

462 1837 592 1892 zatis
619 1852 753 1906 quos
785 1843 1044 1905 ceperunt
1078 1853 1088 1887 :
1125 1834 1258 1905 (sed)
1291 1834 1582 1891 cachinnos
1609 1833 1854 1887 fecerunt
1881 1830 1948 1885 de
1976 1830 2042 1884 il-
2074 1831 2122 1892 B
2150 1835 2371 1890 bcrione
2397 1835 2559 1889 veni?
2589 1832 2718 1900 Quis
2747 1848 2833 1888 me
2873 1831 3167 1901 compulit?
3196 1829 3444 1897 alligatus
3471 1843 3586 1881 sum
3622 1825 3738 1894 δρί-

461 1928 543 1982 lis.
576 1926 778 1982 Idcirco
809 1925 990 1982 nescio
1019 1941 1156 1996 quos
1184 1924 1354 1993 magis
1381 1925 1593 1993 lugeam
1611 1964 1626 1989 ,
1666 1939 1734 1977 an
1763 1921 1856 1991 qui
1886 1921 2050 1975 inter-

462 2020 619 2086 fecti,
651 2018 736 2072 vel
763 2033 901 2086 quos
930 2028 1192 2086 ceperunt
1214 2058 1228 2081 ,
1262 2015 1348 2070 vel
1395 2030 1532 2084 quos
1560 2014 1796 2082 graviter
1825 2011 2047 2066 zabulus

461 2109 789 2178 illaqueavit,
822 2107 957 2178 (qui)
985 2107 1210 2176 perenni
1238 2122 1396 2176 poena
1417 2106 1676 2174 gehenna:
1700 2103 1903 2174 pariter
1923 2117 2046 2158 cum

463 2201 577 2270 ipso
619 2200 1085 2269 mancipabuntur.
1119 2199 1253 2266 Quia
1283 2196 1310 2235 ιι
1339 2199 1521 2267 utique
1543 2197 1771 2268 peccati,
1798 2196 1888 2265 qui
1919 2195 2048 2250 facit

461 2303 769 2364 peccatum,
801 2310 986 2350 servus
1015 2304 1097 2350 est
1125 2292 1183 2366 (Ι
1209 2294 1367 2349 Joan.
1398 2311 1473 2357 ιιι,
1505 2294 1582 2365 8),
1619 2303 1672 2349 et
1703 2294 1841 2348 ﬁlius
1870 2292 2045 2348 zabuli

462 2394 818 2457 nuncupatur.

529 2477 614 2532 ιιι.
671 2476 1014 2547 Quapropter
1055 2479 1191 2533 sciat
1227 2478 1401 2533 omnis
1438 2479 1600 2531 homo
1639 2476 1835 2531 timens
1877 2475 2046 2530 Deum

459 2569 602 2638 quod
630 2584 661 2622 a
691 2584 778 2623 me
808 2569 970 2623 alieni
998 2577 1125 2622 sunt
1152 2575 1208 2622 et
1235 2584 1266 2622 a
1293 2566 1509 2622 Christo
1541 2567 1764 2621 Domino
1795 2581 1917 2620 meo
1947 2581 2045 2634 pro

459 2677 568 2732 quo
597 2661 865 2730 legatione
893 2659 1104 2729 fungar,
1140 2659 1431 2730 patricidaa,
1465 2657 1767 2721 fratricidzr,
1802 2657 1913 2727 lupi
1955 2673 2044 2710 ra-

457 2769 656 2825 paces,
688 2753 992 2808 devorantes
1039 2750 1236 2822 plebem
1283 2749 1538 2816 Domini,
1585 2758 1641 2802 ut
1687 2748 1853 2802 cibum
1896 2749 2046 2818 panis

459 2844 632 2917 (Psal.
665 2860 776 2909 xm,
809 2842 899 2913 4),
929 2844 1067 2899 sicut
1095 2844 1207 2909 ait;
1257 2842 1432 2914 Iniqui
1476 2841 1856 2911 dissipaverunt
1885 2840 2046 2910 legem

459 2947 629 3002 tuam,
659 2935 880 2992 Domine
909 2935 1082 3008 (Psat.
1120 2951 1278 2991 cxvm
1303 2976 1319 3002 ,
1361 2933 1506 3005 126),
1552 2948 1659 3003 qua
1697 2933 1750 2986 in
1780 2932 2048 3004 supremis

459 3029 790 3101 temporibus
838 3028 1130 3083 Hiberione
1179 3027 1383 3097 Optime
1429 3035 1484 3080 et
1528 3025 1758 3093 benigne
1805 3025 2044 3094 plantata

459 3131 622 3194 atque
651 3123 913 3178 instructa
947 3129 1068 3176 erat
1095 3118 1310 3176 favente
1343 3119 1475 3174 Deo.
1513 3117 1630 3174 Non
1653 3132 1855 3187 usurpo
1887 3115 2043 3187 (alie-

2150 1927 2283 1991 ritu,
2336 1934 2395 1979 ut
2435 1941 2542 1980 non
2590 1924 2802 1979 videam
2848 1923 3082 1992 aliquem
3120 1921 3188 1977 de
3220 1920 3544 1988 cognatione
3594 1933 3730 1973 mea.

2152 2029 2174 2056 ο
2206 2017 2456 2088 Nunquid
2494 2017 2638 2087 piam
2668 2014 3093 2071 misericordiam
3131 2027 3230 2082 ago
3265 2025 3392 2082 erga
3419 2019 3632 2080 gentem
3661 2009 3730 2063 il-

2113 2099 2116 2102 Α
2148 2110 2254 2163 lam
2302 2123 2422 2179 qua:
2465 2123 2552 2163 me
2580 2105 2870 2178 aliquando
2909 2113 3201 2176 ceperunt,
3233 2110 3290 2160 et
3316 2102 3734 2158 devastaverunt

2149 2217 2334 2256 servos
2379 2208 2434 2255 et
2473 2200 2698 2256 ancillas
2737 2199 2930 2255 domus
2969 2197 3138 2268 patris
3176 2197 3320 2252 mei?
3361 2195 3628 2263 lngenuus
3661 2193 3738 2248 fui

2149 2292 2442 2348 secundum
2468 2307 2686 2347 carnem
2717 2309 2730 2344 :
2780 2289 2800 2328 τ
2832 2290 3122 2346 decurione
3149 2295 3302 2358 patre
3342 2302 3554 2342 nascor.
3589 2284 3738 2338 Ven-

2147 2384 2258 2439 didi
2289 2384 2434 2438 enim
2476 2383 2812 2438 nobilitatem
2842 2395 3018 2437 meam
3051 2381 3183 2452 (non
3225 2378 3486 2434 erubesco
3508 2418 3525 2443 ,
3558 2390 3740 2446 neque

2150 2490 2235 2528 me
2256 2467 2512 2544 'pmnitet)
2543 2489 2642 2544 pro
2671 2473 2903 2528 utilitate
2939 2472 3188 2527 aliorum.
3221 2479 3249 2518 ι
3278 2468 3519 2539 Denique
3546 2482 3740 2522 servus

2148 2581 2264 2621 sum
2295 2565 2348 2620 in
2369 2563 2580 2620 Christo
2600 2561 2728 2620 Jesu
2756 2564 2984 2618 Domino
3005 2570 3215 2627 nostro,
3247 2561 3352 2617 etsi
3381 2560 3487 2615 mei
3508 2575 3598 2614 me
3627 2574 3740 2613 non
3823 2589 3828 2594 -

2149 2666 2498 2727 cognoscunt.
2529 2657 2792 2726 Propheta
2824 2657 2880 2709 in
2913 2656 3084 2726 patria
3111 2672 3206 2708 sua
3235 2654 3483 2708 honorem
3516 2668 3621 2706 non
3645 2651 3740 2704 ha-

2150 2750 2228 2804 bet
2257 2750 2456 2822 (Marc.
2484 2767 2552 2815 vi,
2589 2749 2665 2820 4).
2692 2735 2855 2804 Forte
2886 2765 2992 2803 non
3016 2764 3198 2803 sumus
3227 2764 3295 2804 ex
3321 2765 3428 2803 uno
3458 2747 3605 2811 ovili,
3636 2762 3737 2801 ne-

2147 2861 2252 2916 que
2272 2862 2434 2900 unum
2464 2845 2632 2900 Deum
2663 2853 2867 2915 patrem
2897 2845 3176 2908 habemus,
3203 2843 3343 2899 sicut
3371 2843 3447 2897 ait
3472 2861 3483 2896 :
3511 2841 3610 2908 Qui
3630 2859 3732 2896 non

2147 2949 2225 2993 est
2254 2955 2450 2992 mecum
2475 2947 2657 2993 contra
2692 2956 2772 2992 me
2791 2948 2888 3008 est,
2913 2949 2962 2992 et
2989 2938 3078 3010 qui
3099 2954 3202 2992 non
3230 2945 3512 3007 congregat
3536 2951 3728 2988 mecum

2146 3033 2344 3102 spargit
2360 3029 2508 3102 (Luc.
2537 3047 2607 3096 χι,
2633 3029 2745 3101 25).
2767 3029 2880 3085 Non
2895 3029 3165 3094 convenit,
3188 3027 3332 3083 Unus
3347 3028 3582 3089 destruit,
3603 3028 3735 3081 alter

2149 3124 2374 3194 aediﬁcat
2401 3123 2589 3196 (Eccli.
2612 3141 2794 3189 xxxxv,
2823 3122 2936 3194 28).
2959 3123 3078 3178 Non
3100 3138 3284 3192 quaero
3306 3136 3426 3192 qua:
3445 3136 3565 3176 mea
3588 3127 3736 3175 sunt.

460 3229 528 3269 na
562 3233 573 3267 ε
603 3213 720 3283 sed)
750 3219 958 3284 Partem
1000 3211 1175 3266 habeo
1211 3226 1333 3266 cum
1371 3210 1456 3264 his
1483 3225 1620 3279 (ιιιοε
1656 3207 1959 3274 δάνόεθνίι,
1989 3213 2045 3261 et
2069 3209 2117 3273 C
2219 3214 2304 3271 Vl.
2339 3216 2456 3272 Non
2485 3233 2604 3272 mea
2633 3217 2835 3286 gratia;
2866 3215 2961 3272 sed
2995 3214 3136 3270 Deus
3162 3213 3382 3283 quidem
3413 3213 3553 3267 hanc
3583 3211 3740 3266 solli-

460 3303 859 3374 praedestinavit
879 3301 1230 3371 Evangelium
1255 3299 1547 3372 praedicare
1569 3301 1623 3355 in
1653 3299 2043 3370 persecutioni-

461 3396 557 3452 bus
586 3413 693 3452 non
722 3396 901 3468 parvis
925 3410 1096 3465 usque
1123 3393 1193 3448 ad
1222 3402 1526 3450 extremum
1560 3402 1736 3448 terrae.
1761 3391 1875 3447 Etsi
1904 3390 2044 3446 invi-

460 3488 548 3543 det
577 3487 824 3542 iuimicus
843 3501 942 3557 per
969 3485 1310 3558 tyrannidem
1340 3484 1598 3553 Corotici,
1625 3485 1718 3555 qui
1744 3484 1912 3539 Deum
1934 3498 2043 3538 non

461 3587 693 3645 veretur,
709 3594 808 3634 nec
821 3577 1130 3634 sacerdotes
1145 3577 1310 3648 ipsius
1319 3592 1456 3646 quos
1471 3577 1631 3646 elegit
1641 3585 1698 3631 et
1712 3575 1930 3631 indulsit
1941 3573 2045 3629 illis

461 3684 743 3734 summam,
755 3669 1012 3734 divinam,
1030 3668 1311 3723 sublimem
1329 3675 1672 3737 potestatem,
1683 3683 1809 3738 quos
1821 3667 2045 3736 ligarent

460 3779 613 3832 super
635 3771 846 3826 terram,
869 3761 1059 3832 ligatos
1084 3777 1194 3814 esse
1214 3769 1263 3814 et
1292 3761 1346 3814 in
1368 3761 1506 3814 caelis
1529 3757 1742 3828 (Matth.
1762 3755 2041 3825 xvul,18).

531 3853 618 3907 IV.
650 3852 805 3909 Unde
832 3867 962 3922 ergo
982 3869 1163 3923 quaeso
1191 3853 1502 3923 plurimum,
1531 3851 1706 3906 sancti
1732 3858 1789 3905 et
1818 3848 2044 3904 humiles

460 3946 624 4002 corde
647 3988 661 4013 ,
703 3945 906 4001 adulari
934 3946 1130 4000 talibus
1161 3961 1268 4000 non
1298 3945 1451 4010 licet,
1485 3959 1584 3998 nec
1607 3943 1784 3998 cibum
1816 3957 1914 3997 nec
1941 3957 2040 4010 po-

461 4043 574 4090 tum
615 4051 830 4090 sumere
867 4051 991 4090 cum
1026 4035 1156 4104 ipsis
1181 4077 1196 4101 ,
1238 4049 1339 4090 nec
1385 4034 1756 4104 eleemosynas
1801 4032 2040 4102 ipsorqu

457 4128 698 4198 recipere
724 4128 941 4194 debere,
965 4127 1137 4183 donec
1161 4127 1450 4182 crudeliter
1477 4125 1657 4181 effusis
1684 4125 1933 4196 lacrymis
1962 4139 2042 4179 sa-

460 4221 527 4274 tis
568 4219 679 4274 Deo
726 4219 924 4273 faciant
967 4227 1022 4272 et
1067 4219 1296 4273 libarent
1342 4232 1528 4273 servos
1575 4216 1670 4270 Dei
1718 4223 1772 4270 et
1817 4214 2040 4270 ancillas

459 4309 657 4364 Christi
699 4309 1018 4378 baptizatas,
1046 4323 1148 4377 pro
1175 4308 1371 4376 quibus
1399 4315 1642 4362 mortuus
1670 4315 1752 4362 est
1781 4315 1837 4362 et
1861 4306 2035 4362 cruci-

458 4402 618 4456 ﬁxus.
651 4400 802 4456 Dona
821 4401 1116 4469 iniquorum
1145 4400 1389 4471 reprobat
1413 4399 1725 4453 Altissimus.
1755 4397 1858 4464 Qui
1885 4399 2037 4468 oﬂ'ert

373 4527 378 4532 ι
454 4490 770 4560 sacriﬁcium
798 4507 864 4545 ea:
893 4491 1181 4545 substantia
1201 4507 1501 4560 pauperum,
1529 4491 1678 4561 quasi
1705 4491 1789 4562 qui
1811 4491 2036 4543 victimat

2149 3309 2441 3364 citudinem
2471 3307 2666 3380 (dedit)
2711 3308 2764 3362 in
2793 3307 2958 3364 corde
3001 3322 3124 3362 tneo
3146 3346 3162 3372 ,
3204 3313 3265 3360 ut
3293 3321 3430 3360 uitus
3458 3320 3634 3360 essem
3669 3303 3739 3359 de

2149 3400 2495 3456 venatoribus
2523 3401 2636 3455 sive
2666 3399 3026 3470 piscatoribus
3059 3413 3197 3467 quos
3225 3397 3355 3453 olim
3384 3396 3524 3452 Deus
3551 3396 3603 3450 in
3635 3412 3739 3450 uo-

2149 3492 2380 3547 vissimis
2426 3490 2614 3546 diebus
2655 3500 2782 3546 ante
2827 3489 3208 3561 praenuntiavit
3254 3486 3386 3560 (Jer.
3419 3503 3570 3551 xxvr,
3616 3485 3730 3553 l6).

2148 3581 2420 3637 lnvidetur
2449 3580 2579 3635 mihi
2614 3575 2639 3634 ε’
2659 3580 2795 3648 Quid
2829 3581 3019 3636 faciam
3061 3579 3322 3635 Domine?
3354 3578 3517 3634 Valde
3547 3577 3734 3646 despi-

2148 3674 2280 3728 cior.
2305 3671 2446 3728 Ecce
2474 3688 2603 3728 oves
2624 3680 2728 3728 tute
2753 3672 2898 3728 circa
2926 3687 3014 3727 me
3043 3671 3313 3726 laniantur
3337 3678 3492 3738 atque
3515 3667 3726 3737 deprae-

2147 3765 2344 3820 dantur
2372 3782 2400 3819 a
2442 3763 2762 3835 supradictis
2801 3763 3117 3819 latrunculis
3138 3805 3153 3829 ,
3188 3760 3402 3831 iubente
3424 3758 3711 3823 Corotico,

2146 3854 2327 3910 hostili
2355 3863 2535 3909 mente
2567 3855 2747 3928 (longe
2773 3862 2854 3909 est
2883 3871 2914 3908 a
2943 3854 3167 3908 caritate
3190 3852 3279 3906 Dei
3301 3849 3522 3905 traditor
3548 3846 3716 3902 Chri-

2146 3948 2465 4017 stianorum)
2491 3987 2505 4012 ,
2556 3948 2608 4001 in
2650 3963 2840 4003 manus
2876 3945 3188 4002 Scottorum
3225 3952 3380 4014 atque
3419 3939 3724 3997 Pictorum.

2145 4039 2279 4110 Lupi
2323 4054 2549 4110 rapaces
2578 4038 2944 4108 deglutierunt
2969 4051 3187 4108 gregem
3214 4033 3458 4099 Domini,
3500 4033 3592 4104 qui
3615 4034 3728 4088 uti-
3772 4043 3830 4073 =-

2145 4145 2250 4200 que
2279 4129 2568 4186 lliberione
2595 4145 2718 4186 cum
2747 4144 2951 4185 summa
2985 4127 3259 4198 diligentia
3287 4126 3487 4198 optime
3511 4139 3728 4183 cresce-

2144 4221 2267 4282 bat;
2315 4230 2370 4276 et
2401 4221 2491 4276 filii
2531 4221 2839 4277 Scottorum
2882 4229 2937 4276 et
2978 4218 3098 4276 ﬁlia:
3127 4219 3432 4288 regulorum
3475 4215 3729 4272 monachi

2143 4309 2344 4365 ﬁebant
2370 4318 2424 4366 et
2451 4311 2686 4380 virgines
2709 4309 2942 4378 Christi;
2971 4326 3109 4382 quos
3137 4324 3460 4365 enumerare
3489 4322 3721 4378 nequeo.

2142 4398 2169 4438 ιι
2190 4401 2548 4467 Quamobrem
2568 4401 2760 4472 injuria
2778 4401 3044 4472 justorum
3060 4417 3168 4456 non
3188 4399 3285 4456 tibi
3305 4401 3539 4471 placeat,
3560 4399 3726 4454 etiam

2141 4509 2310 4563 usque
2339 4494 2407 4550 ad
2437 4495 2638 4550 inferos
2658 4510 2767 4550 non
2794 4495 3045 4566 placebit.

455 4583 620 4654 ﬁlium
649 4583 702 4636 in
741 4592 1014 4653 conspectu
1052 4582 1215 4652 patris
1243 4581 1325 4634 sui
1360 4579 1549 4652 (Eccli.
1577 4597 1755 4645 xxxrv,
1789 4580 1875 4645 23,
1916 4579 2030 4651 24).
2061 4595 2115 4658 ι)
2208 4582 2318 4638 VII.
2365 4583 2495 4651 Quis
2523 4594 2830 4641 sanctorum
2878 4602 2986 4642 non
3035 4586 3257 4641 horreat
3293 4581 3591 4654 jocundare
3635 4581 3724 4637 vel

455 4673 681 4739 Divitiae,
713 4673 907 4743 inquit,
937 4689 1064 4744 quas
1095 4671 1428 4744 congregabit
1456 4671 1711 4741 injustas,
1745 4680 2037 4726 evomentur

453 4767 516 4820 de
542 4774 712 4820 ventre
740 4768 852 4833 ejus
878 4783 898 4831 ί
927 4765 1086 4819 trahit
1116 4766 1262 4818 illum
1289 4765 1504 4837 angelus
1533 4766 1712 4819 mortis
1748 4781 1765 4818 :
1795 4767 1876 4820 ira
1905 4766 2032 4820 dra-

452 4873 634 4914 conum
662 4856 960 4911 multabitur
981 4873 998 4912 :
1018 4858 1293 4928 interﬁciet
1312 4856 1458 4911 illum
1491 4856 1670 4929 lingua
1690 4855 1885 4912 colubri
1908 4856 2029 4929 (Job

523 4979 550 5008 ⁸
580 4967 847 5039 Bolland.,
877 4985 910 5039 a
931 4968 1348 5039 quibusdamuljlt
1376 4985 1532 5026 manu
1555 4984 1688 5022 mea.

521 5040 546 5079 δ
575 5039 655 5093 lta
683 5036 1219 5120 Bolland..'Corrup.te
1245 5038 1506 5107 Waneus,
1530 5055 1644 5112 qua:
1663 5038 2030 5111 sanguinolen-

449 5125 527 5168 tos
555 5111 872 5182 sanguinare
899 5106 964 5162 de
991 5106 1262 5179 sanguine.
1494 5106 1497 5107 ⁷
1543 5106 1554 5112 ⁷
1763 5106 1780 5111 ⁷

525 5195 544 5219 π
571 5180 727 5236 Hunc
755 5179 931 5252 locum
955 5179 1324 5252 rescripsimus
1349 5187 1513 5250 prout
1539 5188 1717 5252 exstat
1735 5179 1876 5252 apud
1903 5183 2027 5238 Bol-

445 5253 745 5308 landianos.
798 5249 930 5320 Nam
974 5248 1114 5304 male
1131 5248 1199 5303 se
1228 5248 1390 5308 habet
1432 5249 1576 5320 apud
1600 5248 1867 5307 Warre'um
1906 5254 2022 5308 sic:

443 5323 722 5378 chrismate
740 5319 992 5395 neophgti
1017 5321 1072 5395 in
1094 5328 1228 5375 veste
1253 5319 1477 5395 candida
1502 5321 1759 5394 flagrabat
1778 5325 1832 5377 in
1855 5325 2026 5395 fronte

441 5391 838 5465 ipsorum,__du_m
865 5391 1140 5465 qualiter
1165 5391 1412 5465 trucidati
1436 5391 1590 5464 atque
1606 5395 1818 5449 mactati
1846 5391 2022 5465 gladio

442 5459 473 5516 ἀ
511 5463 841 5532 supradictis.
871 5459 940 5515 Et
968 5462 1096 5517 mihi
1123 5463 1414 5532 epistolam,
1447 5459 1554 5518 etc.

512 5531 539 5571 δ
568 5531 922 5604 ΕξλΒοιιιιιιὰ.
971 5533 1112 5604 hanc
1136 5531 1323 5588 vocem
1375 5531 1690 5600 addidimus,
1722 5550 1842 5604 quae
1869 5534 2022 5592 deest

439 5603 580 5685 apud
606 5602 880 5658 Waraeum
904 5621 916 5655 :
949 5603 1040 5659 ubi
1059 5612 1114 5660 et
1141 5605 1302 5674 paulo
1323 5613 1449 5661 ante
1472 5606 1612 5661 male
1649 5602 2022 5677 mancipabunt

437 5674 838 5884 ἒῗέζὶὲὶὲηιιάη
861 5744 1092 5815 nunquid
1117 5762 1234 5800 amo
1263 5748 1403 5818 piam
1423 5746 1854 5810 misericordiam,
1885 5747 2024 5817 quod

2139 4677 2388 4732 convivio
2417 4676 2518 4732 frui
2567 4693 2689 4733 cum
2738 4678 2965 4734 talibus?
3007 4677 3084 4734 De
3131 4677 3322 4748 spoliis
3347 4667 3760 4732 defunctorum'

2139 4768 2564 4826 Christianorum
2613 4772 2954 4842 repleverunt
2998 4772 3189 4827 domos
3224 4786 3380 4835 suas;
3424 4769 3492 4826 de
3518 4767 3724 4838 rapinis

2137 4862 2352 4927 vivunt;
2401 4863 2647 4918 nesciunt
2673 4864 2874 4919 miseri.
2914 4861 2929 4900 ί
2965 4863 3242 4919 Venenum
3285 4862 3504 4926 bibunt,
3549 4858 3724 4914 letha~

2215 4974 2234 5010 τ
2262 4971 2390 5041 Leg.
2416 4989 2536 5027 cum
2565 4972 2779 5028 War-xeo
2808 4985 2861 5029 et
2891 4974 3157 5040 Boiland.,
3189 4975 3483 5029 decurione.

2208 5052 2233 5090 8
2264 5041 2539 5116 Bolland.,
2566 5042 2797 5116 Denique
2824 5061 2937 5116 sum
2962 5047 3014 5098 in
3043 5043 3249 5100 Christo
3283 5041 3549 5116 (traditus)
3577 5042 3723 5114 genti

2135 5122 2329 5186 extera:
2363 5112 2425 5168 ob
2455 5115 2674 5186 gloriam
2714 5112 3029 5185 ineﬁ'abilem
3064 5112 3303 5186 perennis
3332 5117 3470 5182 vita,
3639 5121 3724 5167 est

2131 5186 2187 5239 in
2215 5184 2414 5239 Christo
2441 5183 2565 5238 Iesu
2604 5183 2830 5255 Domino
2859 5195 3035 5241 nostra
3065 5183 3085 5240 ξ
3114 5187 3210 5240 etsi
3233 5187 3360 5248 mei,
3384 5194 3489 5241 etc.
3513 5183 3719 5255 ’Inter-

2131 5255 2308 5310 media
2335 5255 2529 5308 desunt
2557 5254 2693 5325 apud
2726 5255 3016 5325 Warmum,
3040 5255 3177 5312 forte
3216 5257 3554 5311 librariorum
3582 5254 3722 5310 vitio

2133 5327 2202 5380 ob
2230 5325 2487 5392 repetitas
2508 5341 2670 5381 voces
2696 5327 2748 5380 in
2772 5326 2992 5381 Christo.

2203 5393 2386 5469 {Haec
2416 5394 2608 5469 Warmi
2632 5397 2792 5453 lectio
2839 5398 3007 5466 magis
3049 5397 3225 5468 placet
3251 5410 3414 5469 quam
3441 5396 3545 5451 ista
3586 5393 3722 5469 Dol-

2131 5465 2310 5552 land".
2335 5463 2434 5552 Qui
2461 5475 2670 5552 propter
2719 5463 2970 5552 injurias}:
3009 5463 3426 5552 justorumlnon
3456 5477 3504 5520 te
3541 5465 3724 5536 placat

2133 5535 2582 5660 (meineéetiam
2599 5539 2739 5608 apud
2759 5535 2955 5622 inferos
2984 5535 3088 5594 non
3108 5537 3354 5610 placabit.
3544 5535 3550 5536 ί
3709 5609 3720 5617 _

2257 5607 2364 5679 Sicf,
2392 5606 2616 5679 holiand.
2671 5608 2831 5665 Deest
2877 5609 3053 5664 bibunt
3099 5607 3244 5679 apud
3295 5607 3723 5679 Warmuquut

2131 5693 2258 5734 mox
2286 5677 2451 5751 edidit
2477 5686 2692 5751 mortem
2713 5696 2989 5751 perennem
3021 5676 3225 5750 pinnam
3251 5688 3553 5751 operantur.
3584 5676 3726 5734 Bia-
3805 5700 3814 5707 ·

2130 5755 2244 5806 tum
2275 5747 2635 5820 supplevimus
2663 5747 2731 5805 ei
2752 5749 2991 5806 Bolland.
