  <div class='ocr_page' id='page_1' title='image "/cluster/home/n/w/nwhite01/storage/ocr_20150623/53/hvd.32044015471576/414.png"; bbox 0 0 4140 6346; ppageno 0'>
   <div class='ocr_carea' id='block_1_1' title="bbox 375 440 472 494">
    <p class='ocr_par' dir='ltr' id='par_1_1' title="bbox 375 440 472 494">
     <span class='ocr_line' id='line_1_1' title="bbox 375 440 472 494; baseline -0.021 0"><span class='ocrx_word' id='word_1_1' title='bbox 375 440 472 494; x_wconf 75' lang='grc'><strong>817</strong></span> 
     </span>
    </p>
   </div>
   <div class='ocr_carea' id='block_1_2' title="bbox 1830 425 2149 487">
    <p class='ocr_par' dir='ltr' id='par_1_2' title="bbox 1830 425 2149 487">
     <span class='ocr_line' id='line_1_2' title="bbox 1830 425 2149 487; baseline 0.006 -2"><span class='ocrx_word' id='word_1_2' title='bbox 1830 425 2149 487; x_wconf 78' lang='lat' dir='ltr'><strong>SYNODUS.</strong></span> 
     </span>
    </p>
   </div>
   <div class='ocr_carea' id='block_1_3' title="bbox 3511 434 3614 488">
    <p class='ocr_par' dir='ltr' id='par_1_3' title="bbox 3511 434 3614 488">
     <span class='ocr_line' id='line_1_3' title="bbox 3511 434 3614 488; baseline 0 -1"><span class='ocrx_word' id='word_1_3' title='bbox 3511 434 3614 488; x_wconf 70' lang='lat' dir='ltr'><strong>8M</strong></span> 
     </span>
    </p>
   </div>
   <div class='ocr_carea' id='block_1_4' title="bbox 373 535 3612 618">
    <p class='ocr_par' dir='ltr' id='par_1_4' title="bbox 373 535 3612 618">
     <span class='ocr_line' id='line_1_4' title="bbox 373 535 3612 618; baseline -0.001 -16"><span class='ocrx_word' id='word_1_4' title='bbox 373 549 476 602; x_wconf 80' lang='lat' dir='ltr'><strong>leui</strong></span> <span class='ocrx_word' id='word_1_5' title='bbox 506 546 682 599; x_wconf 83' lang='lat' dir='ltr'><strong>cibum</strong></span> <span class='ocrx_word' id='word_1_6' title='bbox 721 545 996 613; x_wconf 86' lang='lat' dir='ltr'><strong>porrigunt</strong></span> <span class='ocrx_word' id='word_1_7' title='bbox 1024 543 1090 596; x_wconf 85' lang='lat' dir='ltr'><strong>ad</strong></span> <span class='ocrx_word' id='word_1_8' title='bbox 1119 556 1320 597; x_wconf 80' lang='lat' dir='ltr'><strong>amicos</strong></span> <span class='ocrx_word' id='word_1_9' title='bbox 1344 548 1399 596; x_wconf 89' lang='lat' dir='ltr'><strong>et</strong></span> <span class='ocrx_word' id='word_1_10' title='bbox 1441 540 1582 595; x_wconf 80' lang='lat' dir='ltr'><strong>ﬁlios</strong></span> <span class='ocrx_word' id='word_1_11' title='bbox 1608 553 1753 594; x_wconf 84' lang='lat' dir='ltr'><strong>suos.</strong></span> <span class='ocrx_word' id='word_1_12' title='bbox 1784 535 1933 592; x_wconf 89' lang='lat' dir='ltr'><strong>Sicut</strong></span> <span class='ocrx_word' id='word_1_13' title='bbox 1963 542 2011 601; x_wconf 78' lang='grc' dir='ltr'><strong>Α</strong></span> <span class='ocrx_word' id='word_1_14' title='bbox 2039 553 2108 591; x_wconf 83' lang='lat' dir='ltr'><strong>no</strong></span> <span class='ocrx_word' id='word_1_15' title='bbox 2145 557 2155 590; x_wconf 92' lang='lat'>:</span> <span class='ocrx_word' id='word_1_16' title='bbox 2207 555 2302 592; x_wconf 84' lang='lat' dir='ltr'><strong>vos</strong></span> <span class='ocrx_word' id='word_1_17' title='bbox 2341 541 2568 606; x_wconf 81' lang='lat' dir='ltr'><strong>migrare</strong></span> <span class='ocrx_word' id='word_1_18' title='bbox 2615 545 2854 612; x_wconf 61' lang='lat' dir='ltr'><strong>coepistis</strong></span> <span class='ocrx_word' id='word_1_19' title='bbox 2896 548 2982 601; x_wconf 90' lang='lat' dir='ltr'><strong>ubi</strong></span> <span class='ocrx_word' id='word_1_20' title='bbox 3036 566 3140 601; x_wconf 68' lang='lat' dir='ltr'><strong>nor.</strong></span> <span class='ocrx_word' id='word_1_21' title='bbox 3181 566 3277 601; x_wconf 84' lang='lat' dir='ltr'><strong>non</strong></span> <span class='ocrx_word' id='word_1_22' title='bbox 3309 550 3404 600; x_wconf 76' lang='lat' dir='ltr'><strong>erit</strong></span> <span class='ocrx_word' id='word_1_23' title='bbox 3458 564 3612 618; x_wconf 82' lang='lat' dir='ltr'><strong>neque</strong></span> 
     </span>
    </p>
   </div>
   <div class='ocr_carea' id='block_1_5' title="bbox 372 631 1932 705">
    <p class='ocr_par' dir='ltr' id='par_1_5' title="bbox 372 631 1932 705">
     <span class='ocr_line' id='line_1_5' title="bbox 372 631 1932 705; baseline -0.008 -10"><span class='ocrx_word' id='word_1_24' title='bbox 372 640 480 695; x_wconf 84' lang='lat' dir='ltr'><strong>Eva</strong></span> <span class='ocrx_word' id='word_1_25' title='bbox 522 654 628 694; x_wconf 91' lang='lat' dir='ltr'><strong>non</strong></span> <span class='ocrx_word' id='word_1_26' title='bbox 674 637 936 692; x_wconf 72' lang='lat' dir='ltr'><strong>intellexit</strong></span> <span class='ocrx_word' id='word_1_27' title='bbox 961 635 1104 705; x_wconf 91' lang='lat' dir='ltr'><strong>quod</strong></span> <span class='ocrx_word' id='word_1_28' title='bbox 1153 644 1381 690; x_wconf 88' lang='lat' dir='ltr'><strong>mortem</strong></span> <span class='ocrx_word' id='word_1_29' title='bbox 1413 631 1630 688; x_wconf 73' lang='lat' dir='ltr'><strong>tradidit</strong></span> <span class='ocrx_word' id='word_1_30' title='bbox 1655 632 1771 686; x_wconf 87' lang='lat' dir='ltr'><strong>viro</strong></span> <span class='ocrx_word' id='word_1_31' title='bbox 1798 645 1932 694; x_wconf 89' lang='lat' dir='ltr'><strong>suo;</strong></span> 
     </span>
    </p>
   </div>
   <div class='ocr_carea' id='block_1_6' title="bbox 281 727 1938 799">
    <p class='ocr_par' dir='ltr' id='par_1_6' title="bbox 281 727 1938 799">
     <span class='ocr_line' id='line_1_6' title="bbox 281 727 1938 799; baseline -0.009 -10"><span class='ocrx_word' id='word_1_32' title='bbox 281 763 284 766; x_wconf 95' lang='lat'><strong><em>-</em></strong></span> <span class='ocrx_word' id='word_1_33' title='bbox 369 733 448 789; x_wconf 89' lang='lat' dir='ltr'><strong>sic</strong></span> <span class='ocrx_word' id='word_1_34' title='bbox 473 738 598 786; x_wconf 89' lang='lat' dir='ltr'><strong>sunt</strong></span> <span class='ocrx_word' id='word_1_35' title='bbox 636 743 822 785; x_wconf 88' lang='lat' dir='ltr'><strong>omnes</strong></span> <span class='ocrx_word' id='word_1_36' title='bbox 848 729 939 799; x_wconf 87' lang='lat' dir='ltr'><strong>qui</strong></span> <span class='ocrx_word' id='word_1_37' title='bbox 977 727 1118 782; x_wconf 90' lang='lat' dir='ltr'><strong>male</strong></span> <span class='ocrx_word' id='word_1_38' title='bbox 1147 735 1341 794; x_wconf 85' lang='lat' dir='ltr'><strong>agunt,</strong></span> <span class='ocrx_word' id='word_1_39' title='bbox 1373 733 1603 780; x_wconf 87' lang='lat' dir='ltr'><strong>mortem</strong></span> <span class='ocrx_word' id='word_1_40' title='bbox 1646 736 1938 792; x_wconf 80' lang='lat' dir='ltr'><strong>perennem</strong></span> 
     </span>
    </p>
   </div>
   <div class='ocr_carea' id='block_1_7' title="bbox 369 811 1939 898">
    <p class='ocr_par' dir='ltr' id='par_1_7' title="bbox 369 811 1939 898">
     <span class='ocr_line' id='line_1_7' title="bbox 369 811 1939 898; baseline -0.008 -18"><span class='ocrx_word' id='word_1_41' title='bbox 369 837 690 898; x_wconf 69' lang='lat' dir='ltr'><strong>poenamque</strong></span> <span class='ocrx_word' id='word_1_42' title='bbox 736 829 1047 892; x_wconf 88' lang='lat' dir='ltr'><strong>perpetuam</strong></span> <span class='ocrx_word' id='word_1_43' title='bbox 1091 827 1401 890; x_wconf 78' lang='lat' dir='ltr'><strong>operantur.</strong></span> <span class='ocrx_word' id='word_1_44' title='bbox 1446 813 1788 871; x_wconf 83' lang='lat' dir='ltr'><strong>Consuetudo</strong></span> <span class='ocrx_word' id='word_1_45' title='bbox 1830 811 1939 868; x_wconf 83' lang='lat' dir='ltr'><strong>Ro-</strong></span> 
     </span>
    </p>
   </div>
   <div class='ocr_carea' id='block_1_8' title="bbox 371 907 1939 980">
    <p class='ocr_par' dir='ltr' id='par_1_8' title="bbox 371 907 1939 980">
     <span class='ocr_line' id='line_1_8' title="bbox 371 907 1939 980; baseline -0.01 -6"><span class='ocrx_word' id='word_1_46' title='bbox 371 933 652 974; x_wconf 87' lang='lat' dir='ltr'><strong>manorum</strong></span> <span class='ocrx_word' id='word_1_47' title='bbox 681 924 736 972; x_wconf 90' lang='lat' dir='ltr'><strong>et</strong></span> <span class='ocrx_word' id='word_1_48' title='bbox 761 913 1035 969; x_wconf 83' lang='lat' dir='ltr'><strong>Gallorum</strong></span> <span class='ocrx_word' id='word_1_49' title='bbox 1065 912 1485 968; x_wconf 88' lang='lat' dir='ltr'><strong>Christianorum</strong></span> <span class='ocrx_word' id='word_1_50' title='bbox 1515 909 1640 980; x_wconf 88' lang='lat' dir='ltr'><strong>(est)</strong></span> <span class='ocrx_word' id='word_1_51' title='bbox 1675 927 1688 960; x_wconf 88' lang='lat'><strong>:</strong></span> <span class='ocrx_word' id='word_1_52' title='bbox 1721 907 1939 961; x_wconf 90' lang='lat' dir='ltr'><strong>mittunt</strong></span> 
     </span>
    </p>
   </div>
   <div class='ocr_carea' id='block_1_9' title="bbox 370 1003 1938 1067">
    <p class='ocr_par' dir='ltr' id='par_1_9' title="bbox 370 1003 1938 1067">
     <span class='ocr_line' id='line_1_9' title="bbox 370 1003 1938 1067; baseline -0.01 0"><span class='ocrx_word' id='word_1_53' title='bbox 370 1013 514 1067; x_wconf 89' lang='lat' dir='ltr'><strong>viros</strong></span> <span class='ocrx_word' id='word_1_54' title='bbox 540 1017 759 1064; x_wconf 89' lang='lat' dir='ltr'><strong>sanctos</strong></span> <span class='ocrx_word' id='word_1_55' title='bbox 788 1006 1009 1062; x_wconf 90' lang='lat' dir='ltr'><strong>idoneos</strong></span> <span class='ocrx_word' id='word_1_56' title='bbox 1036 1003 1102 1059; x_wconf 93' lang='lat' dir='ltr'><strong>ad</strong></span> <span class='ocrx_word' id='word_1_57' title='bbox 1130 1004 1365 1059; x_wconf 83' lang='lat' dir='ltr'><strong>Francos</strong></span> <span class='ocrx_word' id='word_1_58' title='bbox 1389 1009 1444 1056; x_wconf 84' lang='lat' dir='ltr'><strong>et</strong></span> <span class='ocrx_word' id='word_1_59' title='bbox 1464 1011 1487 1036; x_wconf 74' lang='grc' dir='ltr'>η</span> <span class='ocrx_word' id='word_1_60' title='bbox 1506 1008 1727 1055; x_wconf 63' lang='lat' dir='ltr'><strong>ceteras</strong></span> <span class='ocrx_word' id='word_1_61' title='bbox 1752 1005 1938 1067; x_wconf 91' lang='lat' dir='ltr'><strong>gentes</strong></span> 
     </span>
    </p>
   </div>
   <div class='ocr_carea' id='block_1_10' title="bbox 370 1089 1938 1159">
    <p class='ocr_par' dir='ltr' id='par_1_10' title="bbox 370 1089 1938 1159">
     <span class='ocr_line' id='line_1_10' title="bbox 370 1089 1938 1159; baseline -0.01 -1"><span class='ocrx_word' id='word_1_62' title='bbox 370 1118 493 1158; x_wconf 89' lang='lat' dir='ltr'><strong>cum</strong></span> <span class='ocrx_word' id='word_1_63' title='bbox 537 1109 617 1156; x_wconf 91' lang='lat' dir='ltr'><strong>tot</strong></span> <span class='ocrx_word' id='word_1_64' title='bbox 645 1099 874 1154; x_wconf 86' lang='lat' dir='ltr'><strong>millibus</strong></span> <span class='ocrx_word' id='word_1_65' title='bbox 902 1095 1193 1152; x_wconf 90' lang='lat' dir='ltr'><strong>solidorum</strong></span> <span class='ocrx_word' id='word_1_66' title='bbox 1235 1094 1303 1149; x_wconf 90' lang='lat' dir='ltr'><strong>ad</strong></span> <span class='ocrx_word' id='word_1_67' title='bbox 1333 1090 1671 1148; x_wconf 88' lang='lat' dir='ltr'><strong>redimendos</strong></span> <span class='ocrx_word' id='word_1_68' title='bbox 1696 1089 1938 1159; x_wconf 86' lang='lat' dir='ltr'><strong>captivos</strong></span> 
     </span>
    </p>
   </div>
   <div class='ocr_carea' id='block_1_11' title="bbox 369 1178 1939 1263">
    <p class='ocr_par' dir='ltr' id='par_1_11' title="bbox 369 1178 1939 1263">
     <span class='ocr_line' id='line_1_11' title="bbox 369 1178 1939 1263; baseline -0.011 -14"><span class='ocrx_word' id='word_1_69' title='bbox 369 1193 687 1263; x_wconf 81' lang='lat' dir='ltr'><strong>baptizatos.</strong></span> <span class='ocrx_word' id='word_1_70' title='bbox 721 1188 800 1244; x_wconf 77' lang='lat' dir='ltr'><strong>Tu</strong></span> <span class='ocrx_word' id='word_1_71' title='bbox 827 1202 1012 1242; x_wconf 87' lang='lat' dir='ltr'><strong>omnes</strong></span> <span class='ocrx_word' id='word_1_72' title='bbox 1043 1185 1315 1249; x_wconf 82' lang='lat' dir='ltr'><strong>interﬁcis,</strong></span> <span class='ocrx_word' id='word_1_73' title='bbox 1349 1191 1405 1238; x_wconf 89' lang='lat' dir='ltr'><strong>et</strong></span> <span class='ocrx_word' id='word_1_74' title='bbox 1431 1181 1617 1238; x_wconf 90' lang='lat' dir='ltr'><strong>vendis</strong></span> <span class='ocrx_word' id='word_1_75' title='bbox 1647 1180 1766 1234; x_wconf 91' lang='lat' dir='ltr'><strong>illos</strong></span> <span class='ocrx_word' id='word_1_76' title='bbox 1793 1178 1939 1247; x_wconf 88' lang='lat' dir='ltr'><strong>genti</strong></span> 
     </span>
    </p>
   </div>
   <div class='ocr_carea' id='block_1_12' title="bbox 369 1269 1939 1352">
    <p class='ocr_par' dir='ltr' id='par_1_12' title="bbox 369 1269 1939 1352">
     <span class='ocr_line' id='line_1_12' title="bbox 369 1269 1939 1352; baseline -0.011 -11"><span class='ocrx_word' id='word_1_77' title='bbox 369 1294 568 1341; x_wconf 68' lang='lat' dir='ltr'><strong>exterte</strong></span> <span class='ocrx_word' id='word_1_78' title='bbox 624 1281 888 1352; x_wconf 77' lang='lat' dir='ltr'><strong>ignoranti</strong></span> <span class='ocrx_word' id='word_1_79' title='bbox 930 1280 1096 1334; x_wconf 88' lang='lat' dir='ltr'><strong>Deum</strong></span> <span class='ocrx_word' id='word_1_80' title='bbox 1148 1297 1159 1331; x_wconf 86' lang='lat'><strong>:</strong></span> <span class='ocrx_word' id='word_1_81' title='bbox 1209 1277 1360 1348; x_wconf 91' lang='lat' dir='ltr'><strong>quasi</strong></span> <span class='ocrx_word' id='word_1_82' title='bbox 1411 1276 1464 1330; x_wconf 91' lang='lat' dir='ltr'><strong>in</strong></span> <span class='ocrx_word' id='word_1_83' title='bbox 1509 1275 1732 1344; x_wconf 89' lang='lat' dir='ltr'><strong>lupanar</strong></span> <span class='ocrx_word' id='word_1_84' title='bbox 1774 1269 1939 1326; x_wconf 88' lang='lat' dir='ltr'><strong>tradis</strong></span> 
     </span>
    </p>
   </div>
   <div class='ocr_carea' id='block_1_13' title="bbox 368 1365 1797 1440">
    <p class='ocr_par' dir='ltr' id='par_1_13' title="bbox 368 1365 1797 1440">
     <span class='ocr_line' id='line_1_13' title="bbox 368 1365 1797 1440; baseline -0.013 -5"><span class='ocrx_word' id='word_1_85' title='bbox 368 1378 606 1435; x_wconf 88' lang='lat' dir='ltr'><strong>membra</strong></span> <span class='ocrx_word' id='word_1_86' title='bbox 632 1374 847 1431; x_wconf 81' lang='lat' dir='ltr'><strong>Christi.</strong></span> <span class='ocrx_word' id='word_1_87' title='bbox 879 1371 1104 1440; x_wconf 84' lang='lat' dir='ltr'><strong>Qualem</strong></span> <span class='ocrx_word' id='word_1_88' title='bbox 1131 1385 1282 1440; x_wconf 87' lang='lat' dir='ltr'><strong>spem</strong></span> <span class='ocrx_word' id='word_1_89' title='bbox 1313 1367 1476 1423; x_wconf 88' lang='lat' dir='ltr'><strong>babes</strong></span> <span class='ocrx_word' id='word_1_90' title='bbox 1511 1366 1564 1420; x_wconf 90' lang='lat' dir='ltr'><strong>in</strong></span> <span class='ocrx_word' id='word_1_91' title='bbox 1591 1365 1797 1420; x_wconf 88' lang='lat' dir='ltr'><strong>Deum?</strong></span> 
     </span>
    </p>
   </div>
   <div class='ocr_carea' id='block_1_14' title="bbox 442 1457 1940 1534">
    <p class='ocr_par' dir='ltr' id='par_1_14' title="bbox 442 1457 1940 1534">
     <span class='ocr_line' id='line_1_14' title="bbox 442 1457 1940 1534; baseline -0.011 -10"><span class='ocrx_word' id='word_1_92' title='bbox 442 1468 572 1524; x_wconf 84' lang='lat' dir='ltr'><strong>Vlll.</strong></span> <span class='ocrx_word' id='word_1_93' title='bbox 605 1468 632 1507; x_wconf 70' lang='grc' dir='ltr'>δ</span> <span class='ocrx_word' id='word_1_94' title='bbox 657 1467 758 1534; x_wconf 92' lang='lat' dir='ltr'><strong>Qui</strong></span> <span class='ocrx_word' id='word_1_95' title='bbox 787 1476 964 1520; x_wconf 89' lang='lat' dir='ltr'><strong>tecum</strong></span> <span class='ocrx_word' id='word_1_96' title='bbox 991 1464 1171 1527; x_wconf 83' lang='lat' dir='ltr'><strong>sentit,</strong></span> <span class='ocrx_word' id='word_1_97' title='bbox 1199 1469 1292 1516; x_wconf 91' lang='lat' dir='ltr'><strong>aut</strong></span> <span class='ocrx_word' id='word_1_98' title='bbox 1317 1459 1408 1530; x_wconf 87' lang='lat' dir='ltr'><strong>qui</strong></span> <span class='ocrx_word' id='word_1_99' title='bbox 1433 1457 1793 1514; x_wconf 82' lang='lat' dir='ltr'><strong>communicat</strong></span> <span class='ocrx_word' id='word_1_100' title='bbox 1817 1467 1940 1509; x_wconf 86' lang='lat' dir='ltr'><strong>ver-</strong></span> 
     </span>
    </p>
   </div>
   <div class='ocr_carea' id='block_1_15' title="bbox 367 1544 1938 1623">
    <p class='ocr_par' dir='ltr' id='par_1_15' title="bbox 367 1544 1938 1623">
     <span class='ocr_line' id='line_1_15' title="bbox 367 1544 1938 1623; baseline -0.013 -4"><span class='ocrx_word' id='word_1_101' title='bbox 367 1564 449 1619; x_wconf 85' lang='lat' dir='ltr'><strong>bis</strong></span> <span class='ocrx_word' id='word_1_102' title='bbox 487 1561 673 1616; x_wconf 89' lang='lat' dir='ltr'><strong>alienis</strong></span> <span class='ocrx_word' id='word_1_103' title='bbox 699 1565 755 1614; x_wconf 91' lang='lat' dir='ltr'><strong>et</strong></span> <span class='ocrx_word' id='word_1_104' title='bbox 795 1555 1146 1623; x_wconf 84' lang='lat' dir='ltr'><strong>adulationis,</strong></span> <span class='ocrx_word' id='word_1_105' title='bbox 1185 1553 1326 1608; x_wconf 89' lang='lat' dir='ltr'><strong>Deus</strong></span> <span class='ocrx_word' id='word_1_106' title='bbox 1361 1544 1639 1621; x_wconf 77' lang='lat' dir='ltr'><strong>iudicabit.</strong></span> <span class='ocrx_word' id='word_1_107' title='bbox 1671 1548 1938 1617; x_wconf 87' lang='lat' dir='ltr'><strong>Scriptum</strong></span> 
     </span>
    </p>
   </div>
   <div class='ocr_carea' id='block_1_16' title="bbox 367 1641 1939 1717">
    <p class='ocr_par' dir='ltr' id='par_1_16' title="bbox 367 1641 1939 1717">
     <span class='ocr_line' id='line_1_16' title="bbox 367 1641 1939 1717; baseline -0.012 -7"><span class='ocrx_word' id='word_1_108' title='bbox 367 1663 449 1710; x_wconf 89' lang='lat' dir='ltr'><strong>est</strong></span> <span class='ocrx_word' id='word_1_109' title='bbox 477 1652 618 1708; x_wconf 91' lang='lat' dir='ltr'><strong>enim</strong></span> <span class='ocrx_word' id='word_1_110' title='bbox 651 1669 662 1705; x_wconf 93' lang='lat'>:</span> <span class='ocrx_word' id='word_1_111' title='bbox 699 1647 818 1703; x_wconf 90' lang='lat' dir='ltr'><strong>Non</strong></span> <span class='ocrx_word' id='word_1_112' title='bbox 852 1647 1018 1702; x_wconf 86' lang='lat' dir='ltr'><strong>solum</strong></span> <span class='ocrx_word' id='word_1_113' title='bbox 1047 1647 1296 1717; x_wconf 76' lang='lat' dir='ltr'><strong>facientes</strong></span> <span class='ocrx_word' id='word_1_114' title='bbox 1323 1643 1484 1707; x_wconf 85' lang='lat' dir='ltr'><strong>mala,</strong></span> <span class='ocrx_word' id='word_1_115' title='bbox 1517 1641 1608 1696; x_wconf 94' lang='lat' dir='ltr'><strong>sed</strong></span> <span class='ocrx_word' id='word_1_116' title='bbox 1627 1642 1782 1695; x_wconf 89' lang='lat' dir='ltr'><strong>etiam</strong></span> <span class='ocrx_word' id='word_1_117' title='bbox 1811 1656 1939 1693; x_wconf 72' lang='lat' dir='ltr'><strong>con~</strong></span> 
     </span>
    </p>
   </div>
   <div class='ocr_carea' id='block_1_17' title="bbox 366 1729 1940 1808">
    <p class='ocr_par' dir='ltr' id='par_1_17' title="bbox 366 1729 1940 1808">
     <span class='ocr_line' id='line_1_17' title="bbox 366 1729 1940 1808; baseline -0.011 -7"><span class='ocrx_word' id='word_1_118' title='bbox 366 1747 643 1801; x_wconf 73' lang='lat' dir='ltr'><strong>sentientes</strong></span> <span class='ocrx_word' id='word_1_119' title='bbox 682 1740 968 1796; x_wconf 78' lang='lat' dir='ltr'><strong>damnandi</strong></span> <span class='ocrx_word' id='word_1_120' title='bbox 1006 1746 1126 1794; x_wconf 87' lang='lat' dir='ltr'><strong>sunt</strong></span> <span class='ocrx_word' id='word_1_121' title='bbox 1157 1736 1334 1808; x_wconf 76' lang='lat' dir='ltr'><strong>(Rom.</strong></span> <span class='ocrx_word' id='word_1_122' title='bbox 1372 1751 1411 1802; x_wconf 88' lang='grc' dir='ltr'><strong>ι,</strong></span> <span class='ocrx_word' id='word_1_123' title='bbox 1440 1733 1553 1803; x_wconf 74' lang='grc'><strong>52).</strong></span> <span class='ocrx_word' id='word_1_124' title='bbox 1585 1731 1776 1787; x_wconf 81' lang='lat' dir='ltr'><strong>Nescio</strong></span> <span class='ocrx_word' id='word_1_125' title='bbox 1815 1729 1940 1799; x_wconf 90' lang='lat' dir='ltr'><strong>quid</strong></span> 
     </span>
    </p>
   </div>
   <div class='ocr_carea' id='block_1_18' title="bbox 366 1823 1941 1906">
    <p class='ocr_par' dir='ltr' id='par_1_18' title="bbox 366 1823 1941 1906">
     <span class='ocr_line' id='line_1_18' title="bbox 366 1823 1941 1906; baseline -0.011 -14"><span class='ocrx_word' id='word_1_126' title='bbox 366 1839 539 1894; x_wconf 82' lang='lat' dir='ltr'><strong>dicam</strong></span> <span class='ocrx_word' id='word_1_127' title='bbox 566 1844 659 1890; x_wconf 90' lang='lat' dir='ltr'><strong>aut</strong></span> <span class='ocrx_word' id='word_1_128' title='bbox 684 1832 813 1906; x_wconf 77' lang='lat' dir='ltr'><strong>quid</strong></span> <span class='ocrx_word' id='word_1_129' title='bbox 837 1833 1026 1902; x_wconf 92' lang='lat' dir='ltr'><strong>loquar</strong></span> <span class='ocrx_word' id='word_1_130' title='bbox 1047 1829 1274 1900; x_wconf 80' lang='lat' dir='ltr'><strong>amplius</strong></span> <span class='ocrx_word' id='word_1_131' title='bbox 1320 1827 1388 1881; x_wconf 90' lang='lat' dir='ltr'><strong>de</strong></span> <span class='ocrx_word' id='word_1_132' title='bbox 1423 1823 1686 1881; x_wconf 77' lang='lat' dir='ltr'><strong>defunctis</strong></span> <span class='ocrx_word' id='word_1_133' title='bbox 1712 1824 1941 1878; x_wconf 80' lang='lat' dir='ltr'><strong>ﬁliorum</strong></span> 
     </span>
    </p>
   </div>
   <div class='ocr_carea' id='block_1_19' title="bbox 2043 633 3611 710">
    <p class='ocr_par' dir='ltr' id='par_1_19' title="bbox 2043 633 3611 710">
     <span class='ocr_line' id='line_1_19' title="bbox 2043 633 3611 710; baseline 0.006 -24"><span class='ocrx_word' id='word_1_134' title='bbox 2043 633 2226 697; x_wconf 89' lang='lat' dir='ltr'><strong>luctus,</strong></span> <span class='ocrx_word' id='word_1_135' title='bbox 2259 649 2418 704; x_wconf 83' lang='lat' dir='ltr'><strong>neque</strong></span> <span class='ocrx_word' id='word_1_136' title='bbox 2438 650 2575 689; x_wconf 90' lang='lat' dir='ltr'><strong>mors</strong></span> <span class='ocrx_word' id='word_1_137' title='bbox 2603 639 2823 708; x_wconf 86' lang='lat' dir='ltr'><strong>amplius</strong></span> <span class='ocrx_word' id='word_1_138' title='bbox 2853 640 3033 710; x_wconf 80' lang='lat' dir='ltr'><strong>(Apoc.</strong></span> <span class='ocrx_word' id='word_1_139' title='bbox 3060 659 3167 705; x_wconf 85' lang='lat' dir='ltr'><strong>xxI,</strong></span> <span class='ocrx_word' id='word_1_140' title='bbox 3199 641 3251 709; x_wconf 68' lang='grc'><strong>4)</strong></span> <span class='ocrx_word' id='word_1_141' title='bbox 3273 660 3286 706; x_wconf 88' lang='grc'>;</span> <span class='ocrx_word' id='word_1_142' title='bbox 3309 642 3402 696; x_wconf 82' lang='lat' dir='ltr'><strong>sed</strong></span> <span class='ocrx_word' id='word_1_143' title='bbox 3431 641 3611 695; x_wconf 78' lang='lat' dir='ltr'><strong>exsul-</strong></span> 
     </span>
    </p>
   </div>
   <div class='ocr_carea' id='block_1_20' title="bbox 2039 721 3610 798">
    <p class='ocr_par' dir='ltr' id='par_1_20' title="bbox 2039 721 3610 798">
     <span class='ocr_line' id='line_1_20' title="bbox 2039 721 3610 798; baseline 0.008 -22"><span class='ocrx_word' id='word_1_144' title='bbox 2039 721 2222 776; x_wconf 88' lang='lat' dir='ltr'><strong>tabitis</strong></span> <span class='ocrx_word' id='word_1_145' title='bbox 2250 723 2386 778; x_wconf 84' lang='lat' dir='ltr'><strong>sicut</strong></span> <span class='ocrx_word' id='word_1_146' title='bbox 2413 724 2566 778; x_wconf 87' lang='lat' dir='ltr'><strong>vituli</strong></span> <span class='ocrx_word' id='word_1_147' title='bbox 2596 742 2662 780; x_wconf 82' lang='lat' dir='ltr'><strong>ex</strong></span> <span class='ocrx_word' id='word_1_148' title='bbox 2698 729 2922 783; x_wconf 84' lang='lat' dir='ltr'><strong>vinculis</strong></span> <span class='ocrx_word' id='word_1_149' title='bbox 2952 732 3172 786; x_wconf 85' lang='lat' dir='ltr'><strong>resoluti</strong></span> <span class='ocrx_word' id='word_1_150' title='bbox 3197 773 3213 798; x_wconf 93' lang='lat'><strong>,</strong></span> <span class='ocrx_word' id='word_1_151' title='bbox 3242 740 3297 787; x_wconf 89' lang='lat' dir='ltr'><strong>et</strong></span> <span class='ocrx_word' id='word_1_152' title='bbox 3325 733 3610 788; x_wconf 74' lang='lat' dir='ltr'><strong>conculca-</strong></span> 
     </span>
    </p>
   </div>
   <div class='ocr_carea' id='block_1_21' title="bbox 2037 812 3664 892">
    <p class='ocr_par' dir='ltr' id='par_1_21' title="bbox 2037 812 3664 892">
     <span class='ocr_line' id='line_1_21' title="bbox 2037 812 3664 892; baseline 0.009 -24"><span class='ocrx_word' id='word_1_153' title='bbox 2037 812 2164 869; x_wconf 88' lang='lat' dir='ltr'><strong>bitis</strong></span> <span class='ocrx_word' id='word_1_154' title='bbox 2191 813 2422 882; x_wconf 90' lang='lat' dir='ltr'><strong>iniquos,</strong></span> <span class='ocrx_word' id='word_1_155' title='bbox 2453 823 2509 871; x_wconf 92' lang='lat' dir='ltr'><strong>et</strong></span> <span class='ocrx_word' id='word_1_156' title='bbox 2536 827 2693 872; x_wconf 91' lang='lat' dir='ltr'><strong>erunt</strong></span> <span class='ocrx_word' id='word_1_157' title='bbox 2720 819 2854 876; x_wconf 89' lang='lat' dir='ltr'><strong>ciuis</strong></span> <span class='ocrx_word' id='word_1_158' title='bbox 2877 823 2976 876; x_wconf 90' lang='lat' dir='ltr'><strong>sub</strong></span> <span class='ocrx_word' id='word_1_159' title='bbox 3003 823 3225 892; x_wconf 91' lang='lat' dir='ltr'><strong>pedibus</strong></span> <span class='ocrx_word' id='word_1_160' title='bbox 3253 826 3464 881; x_wconf 83' lang='lat' dir='ltr'><strong>vestris.</strong></span> <span class='ocrx_word' id='word_1_161' title='bbox 3659 882 3664 888; x_wconf 82' lang='grc'><strong>,</strong></span> 
     </span>
    </p>
   </div>
   <div class='ocr_carea' id='block_1_22' title="bbox 2110 884 3707 985">
    <p class='ocr_par' dir='ltr' id='par_1_22' title="bbox 2110 884 3707 985">
     <span class='ocr_line' id='line_1_22' title="bbox 2110 884 3707 985; baseline 0.009 -29"><span class='ocrx_word' id='word_1_162' title='bbox 2110 901 2176 956; x_wconf 79' lang='grc' dir='ltr'><strong>Χ.</strong></span> <span class='ocrx_word' id='word_1_163' title='bbox 2202 902 2310 960; x_wconf 83' lang='lat' dir='ltr'><strong>Vos</strong></span> <span class='ocrx_word' id='word_1_164' title='bbox 2335 918 2462 973; x_wconf 90' lang='lat' dir='ltr'><strong>ergo</strong></span> <span class='ocrx_word' id='word_1_165' title='bbox 2490 908 2780 976; x_wconf 87' lang='lat' dir='ltr'><strong>regnabitis</strong></span> <span class='ocrx_word' id='word_1_166' title='bbox 2820 925 2942 966; x_wconf 91' lang='lat' dir='ltr'><strong>cum</strong></span> <span class='ocrx_word' id='word_1_167' title='bbox 2970 884 3228 982; x_wconf 77' lang='lat' dir='ltr'><strong>apostolis</strong></span> <span class='ocrx_word' id='word_1_168' title='bbox 3256 924 3311 968; x_wconf 92' lang='lat' dir='ltr'><strong>et</strong></span> <span class='ocrx_word' id='word_1_169' title='bbox 3337 914 3635 985; x_wconf 84' lang='lat' dir='ltr'><strong>prophetis&#39;</strong></span> <span class='ocrx_word' id='word_1_170' title='bbox 3659 884 3664 888; x_wconf 26' lang='lat'>&#39;</span> <span class='ocrx_word' id='word_1_171' title='bbox 3688 884 3707 904; x_wconf 55' lang='grc'><em>”</em></span> 
     </span>
    </p>
   </div>
   <div class='ocr_carea' id='block_1_23' title="bbox 2039 998 3614 1078">
    <p class='ocr_par' dir='ltr' id='par_1_23' title="bbox 2039 998 3614 1078">
     <span class='ocr_line' id='line_1_23' title="bbox 2039 998 3614 1078; baseline 0.008 -29"><span class='ocrx_word' id='word_1_172' title='bbox 2039 1003 2204 1065; x_wconf 91' lang='lat' dir='ltr'><strong>atque</strong></span> <span class='ocrx_word' id='word_1_173' title='bbox 2247 998 2601 1069; x_wconf 88' lang='lat' dir='ltr'><strong>martyribus,</strong></span> <span class='ocrx_word' id='word_1_174' title='bbox 2634 1009 2689 1054; x_wconf 90' lang='lat' dir='ltr'><strong>et</strong></span> <span class='ocrx_word' id='word_1_175' title='bbox 2733 1010 2933 1058; x_wconf 76' lang='lat' dir='ltr'><strong>:eterna</strong></span> <span class='ocrx_word' id='word_1_176' title='bbox 2979 1020 3143 1074; x_wconf 84' lang='lat' dir='ltr'><strong>regna</strong></span> <span class='ocrx_word' id='word_1_177' title='bbox 3191 1007 3436 1078; x_wconf 84' lang='lat' dir='ltr'><strong>capietis,</strong></span> <span class='ocrx_word' id='word_1_178' title='bbox 3477 1009 3614 1063; x_wconf 86' lang='lat' dir='ltr'><strong>sicut</strong></span> 
     </span>
    </p>
   </div>
   <div class='ocr_carea' id='block_1_24' title="bbox 2040 1087 3611 1163">
    <p class='ocr_par' dir='ltr' id='par_1_24' title="bbox 2040 1087 3611 1163">
     <span class='ocr_line' id='line_1_24' title="bbox 2040 1087 3611 1163; baseline 0.008 -21"><span class='ocrx_word' id='word_1_179' title='bbox 2040 1087 2156 1159; x_wconf 89' lang='lat' dir='ltr'><strong>ipse</strong></span> <span class='ocrx_word' id='word_1_180' title='bbox 2179 1096 2410 1143; x_wconf 83' lang='lat' dir='ltr'><strong>testatur</strong></span> <span class='ocrx_word' id='word_1_181' title='bbox 2436 1090 2549 1160; x_wconf 89' lang='lat' dir='ltr'><strong>(qui</strong></span> <span class='ocrx_word' id='word_1_182' title='bbox 2577 1092 2772 1163; x_wconf 90' lang='lat' dir='ltr'><strong>inquit)</strong></span> <span class='ocrx_word' id='word_1_183' title='bbox 2808 1113 2820 1148; x_wconf 89' lang='lat'><strong>:</strong></span> <span class='ocrx_word' id='word_1_184' title='bbox 2862 1095 3080 1152; x_wconf 83' lang='lat' dir='ltr'><strong>Venient</strong></span> <span class='ocrx_word' id='word_1_185' title='bbox 3100 1099 3162 1152; x_wconf 82' lang='lat' dir='ltr'><strong>ab</strong></span> <span class='ocrx_word' id='word_1_186' title='bbox 3195 1097 3405 1154; x_wconf 77' lang='lat' dir='ltr'><strong>Oriente</strong></span> <span class='ocrx_word' id='word_1_187' title='bbox 3433 1110 3481 1154; x_wconf 86' lang='lat' dir='ltr'><strong>et</strong></span> <span class='ocrx_word' id='word_1_188' title='bbox 3507 1100 3611 1154; x_wconf 88' lang='lat' dir='ltr'><strong>0c-</strong></span> 
     </span>
    </p>
   </div>
   <div class='ocr_carea' id='block_1_25' title="bbox 2040 1181 3612 1248">
    <p class='ocr_par' dir='ltr' id='par_1_25' title="bbox 2040 1181 3612 1248">
     <span class='ocr_line' id='line_1_25' title="bbox 2040 1181 3612 1248; baseline 0.009 -14"><span class='ocrx_word' id='word_1_189' title='bbox 2040 1181 2260 1245; x_wconf 85' lang='lat' dir='ltr'><strong>cidente,</strong></span> <span class='ocrx_word' id='word_1_190' title='bbox 2293 1191 2341 1236; x_wconf 87' lang='lat' dir='ltr'><strong>et</strong></span> <span class='ocrx_word' id='word_1_191' title='bbox 2369 1184 2662 1239; x_wconf 85' lang='lat' dir='ltr'><strong>recumbent</strong></span> <span class='ocrx_word' id='word_1_192' title='bbox 2695 1203 2810 1240; x_wconf 86' lang='lat' dir='ltr'><strong>cum</strong></span> <span class='ocrx_word' id='word_1_193' title='bbox 2834 1189 3096 1245; x_wconf 77' lang='lat' dir='ltr'><strong>Abraham</strong></span> <span class='ocrx_word' id='word_1_194' title='bbox 3123 1201 3171 1246; x_wconf 91' lang='lat' dir='ltr'><strong>et</strong></span> <span class='ocrx_word' id='word_1_195' title='bbox 3195 1191 3349 1247; x_wconf 86' lang='lat' dir='ltr'><strong>Isaac</strong></span> <span class='ocrx_word' id='word_1_196' title='bbox 3376 1205 3426 1248; x_wconf 90' lang='lat' dir='ltr'><strong>et</strong></span> <span class='ocrx_word' id='word_1_197' title='bbox 3451 1195 3612 1248; x_wconf 82' lang='lat' dir='ltr'><strong>Jacob</strong></span> 
     </span>
    </p>
   </div>
   <div class='ocr_carea' id='block_1_26' title="bbox 2038 1273 3612 1352">
    <p class='ocr_par' dir='ltr' id='par_1_26' title="bbox 2038 1273 3612 1352">
     <span class='ocr_line' id='line_1_26' title="bbox 2038 1273 3612 1352; baseline 0.007 -26"><span class='ocrx_word' id='word_1_198' title='bbox 2038 1273 2092 1326; x_wconf 89' lang='lat' dir='ltr'><strong>in</strong></span> <span class='ocrx_word' id='word_1_199' title='bbox 2125 1289 2286 1343; x_wconf 86' lang='lat' dir='ltr'><strong>regno</strong></span> <span class='ocrx_word' id='word_1_200' title='bbox 2333 1273 2576 1328; x_wconf 64' lang='lat' dir='ltr'><strong>celerum</strong></span> <span class='ocrx_word' id='word_1_201' title='bbox 2628 1275 2842 1346; x_wconf 77' lang='lat' dir='ltr'><strong>(Matth.</strong></span> <span class='ocrx_word' id='word_1_202' title='bbox 2877 1296 2984 1344; x_wconf 86' lang='lat' dir='ltr'><strong>vm,</strong></span> <span class='ocrx_word' id='word_1_203' title='bbox 3018 1281 3128 1352; x_wconf 83' lang='grc'><strong>11).</strong></span> <span class='ocrx_word' id='word_1_204' title='bbox 3160 1281 3316 1338; x_wconf 87' lang='lat' dir='ltr'><strong>Foris</strong></span> <span class='ocrx_word' id='word_1_205' title='bbox 3361 1301 3535 1349; x_wconf 88' lang='lat' dir='ltr'><strong>canes,</strong></span> <span class='ocrx_word' id='word_1_206' title='bbox 3565 1295 3612 1338; x_wconf 90' lang='lat' dir='ltr'><strong>et</strong></span> 
     </span>
    </p>
   </div>
   <div class='ocr_carea' id='block_1_27' title="bbox 2039 1364 3664 1463">
    <p class='ocr_par' dir='ltr' id='par_1_27' title="bbox 2039 1364 3664 1463">
     <span class='ocr_line' id='line_1_27' title="bbox 2039 1364 3664 1463; baseline 0.007 -45"><span class='ocrx_word' id='word_1_207' title='bbox 2039 1364 2270 1463; x_wconf 75' lang='lat' dir='ltr'><strong>venefici,</strong></span> <span class='ocrx_word' id='word_1_208' title='bbox 2301 1371 2351 1463; x_wconf 50' lang='lat' dir='ltr'><strong>et</strong></span> <span class='ocrx_word' id='word_1_209' title='bbox 2381 1365 2746 1463; x_wconf 61' lang='lat' dir='ltr'><strong>homicidae,“</strong></span> <span class='ocrx_word' id='word_1_210' title='bbox 2771 1371 3043 1427; x_wconf 81' lang='lat' dir='ltr'><strong>mendaces</strong></span> <span class='ocrx_word' id='word_1_211' title='bbox 3074 1375 3272 1444; x_wconf 83' lang='lat' dir='ltr'><strong>(Apoc.</strong></span> <span class='ocrx_word' id='word_1_212' title='bbox 3307 1392 3436 1441; x_wconf 64' lang='grc' dir='ltr'><strong>χχιι,</strong></span> <span class='ocrx_word' id='word_1_213' title='bbox 3471 1376 3566 1442; x_wconf 77' lang='lat' dir='ltr'><strong>l5)</strong></span> <span class='ocrx_word' id='word_1_214' title='bbox 3594 1420 3609 1440; x_wconf 91' lang='lat'><strong>,</strong></span> <span class='ocrx_word' id='word_1_215' title='bbox 3638 1401 3664 1463; x_wconf 45' lang='grc' dir='ltr'><strong>ν(</strong></span> 
     </span>
    </p>
   </div>
   <div class='ocr_carea' id='block_1_28' title="bbox 2040 1455 3609 1536">
    <p class='ocr_par' dir='ltr' id='par_1_28' title="bbox 2040 1455 3609 1536">
     <span class='ocr_line' id='line_1_28' title="bbox 2040 1455 3609 1536; baseline 0.005 -27"><span class='ocrx_word' id='word_1_216' title='bbox 2040 1455 2241 1526; x_wconf 84' lang='lat' dir='ltr'><strong>perjnri</strong></span> <span class='ocrx_word' id='word_1_217' title='bbox 2266 1474 2279 1508; x_wconf 89' lang='lat'>:</span> <span class='ocrx_word' id='word_1_218' title='bbox 2306 1455 2444 1510; x_wconf 90' lang='lat' dir='ltr'><strong>Pars</strong></span> <span class='ocrx_word' id='word_1_219' title='bbox 2467 1474 2642 1512; x_wconf 87' lang='lat' dir='ltr'><strong>eorum</strong></span> <span class='ocrx_word' id='word_1_220' title='bbox 2667 1461 2721 1514; x_wconf 88' lang='lat' dir='ltr'><strong>in</strong></span> <span class='ocrx_word' id='word_1_221' title='bbox 2744 1469 2984 1533; x_wconf 82' lang='lat' dir='ltr'><strong>stagnum</strong></span> <span class='ocrx_word' id='word_1_222' title='bbox 3002 1465 3138 1534; x_wconf 84' lang='lat' dir='ltr'><strong>ignis</strong></span> <span class='ocrx_word' id='word_1_223' title='bbox 3161 1475 3407 1519; x_wconf 77' lang='lat' dir='ltr'><strong>teternum</strong></span> <span class='ocrx_word' id='word_1_224' title='bbox 3428 1467 3609 1536; x_wconf 82' lang='lat' dir='ltr'><strong>(Apoc.</strong></span> 
     </span>
    </p>
   </div>
   <div class='ocr_carea' id='block_1_29' title="bbox 2041 1543 3613 1624">
    <p class='ocr_par' dir='ltr' id='par_1_29' title="bbox 2041 1543 3613 1624">
     <span class='ocr_line' id='line_1_29' title="bbox 2041 1543 3613 1624; baseline 0.006 -24"><span class='ocrx_word' id='word_1_225' title='bbox 2041 1561 2153 1609; x_wconf 80' lang='lat' dir='ltr'><strong>xxi,</strong></span> <span class='ocrx_word' id='word_1_226' title='bbox 2175 1543 2252 1615; x_wconf 90' lang='lat'><strong>8).</strong></span> <span class='ocrx_word' id='word_1_227' title='bbox 2282 1545 2402 1601; x_wconf 81' lang='lat' dir='ltr'><strong>Non</strong></span> <span class='ocrx_word' id='word_1_228' title='bbox 2427 1546 2696 1603; x_wconf 87' lang='lat' dir='ltr'><strong>immerito</strong></span> <span class='ocrx_word' id='word_1_229' title='bbox 2725 1550 2802 1603; x_wconf 85' lang='lat' dir='ltr'><strong>ait</strong></span> <span class='ocrx_word' id='word_1_230' title='bbox 2827 1551 3115 1620; x_wconf 84' lang='lat' dir='ltr'><strong>Apostolus</strong></span> <span class='ocrx_word' id='word_1_231' title='bbox 3147 1571 3159 1606; x_wconf 93' lang='lat'><strong>:</strong></span> <span class='ocrx_word' id='word_1_232' title='bbox 3195 1553 3293 1607; x_wconf 87' lang='lat' dir='ltr'><strong>Ubi</strong></span> <span class='ocrx_word' id='word_1_233' title='bbox 3322 1555 3498 1624; x_wconf 83' lang='lat' dir='ltr'><strong>justus</strong></span> <span class='ocrx_word' id='word_1_234' title='bbox 3528 1557 3613 1608; x_wconf 79' lang='lat' dir='ltr'><strong>vix</strong></span> 
     </span>
    </p>
   </div>
   <div class='ocr_carea' id='block_1_30' title="bbox 2041 1636 3614 1718">
    <p class='ocr_par' dir='ltr' id='par_1_30' title="bbox 2041 1636 3614 1718">
     <span class='ocr_line' id='line_1_30' title="bbox 2041 1636 3614 1718; baseline 0.006 -29"><span class='ocrx_word' id='word_1_235' title='bbox 2041 1636 2214 1690; x_wconf 82' lang='lat' dir='ltr'><strong>salvus</strong></span> <span class='ocrx_word' id='word_1_236' title='bbox 2241 1638 2360 1702; x_wconf 86' lang='lat' dir='ltr'><strong>erit,</strong></span> <span class='ocrx_word' id='word_1_237' title='bbox 2390 1648 2627 1708; x_wconf 82' lang='lat' dir='ltr'><strong>peccator</strong></span> <span class='ocrx_word' id='word_1_238' title='bbox 2652 1649 2702 1693; x_wconf 90' lang='lat' dir='ltr'><strong>et</strong></span> <span class='ocrx_word' id='word_1_239' title='bbox 2738 1641 2927 1711; x_wconf 89' lang='lat' dir='ltr'><strong>impius</strong></span> <span class='ocrx_word' id='word_1_240' title='bbox 2971 1652 3322 1715; x_wconf 83' lang='lat' dir='ltr'><strong>transgressor</strong></span> <span class='ocrx_word' id='word_1_241' title='bbox 3351 1649 3496 1718; x_wconf 85' lang='lat' dir='ltr'><strong>legis,</strong></span> <span class='ocrx_word' id='word_1_242' title='bbox 3528 1647 3614 1699; x_wconf 87' lang='lat' dir='ltr'><strong>ubi</strong></span> 
     </span>
    </p>
   </div>
   <div class='ocr_carea' id='block_1_31' title="bbox 2041 1730 3617 1803">
    <p class='ocr_par' dir='ltr' id='par_1_31' title="bbox 2041 1730 3617 1803">
     <span class='ocr_line' id='line_1_31' title="bbox 2041 1730 3617 1803; baseline 0.004 -20"><span class='ocrx_word' id='word_1_243' title='bbox 2041 1747 2096 1783; x_wconf 88' lang='lat' dir='ltr'><strong>se</strong></span> <span class='ocrx_word' id='word_1_244' title='bbox 2122 1731 2437 1801; x_wconf 84' lang='lat' dir='ltr'><strong>recognoscit</strong></span> <span class='ocrx_word' id='word_1_245' title='bbox 2458 1730 2544 1800; x_wconf 87' lang='lat' dir='ltr'><strong>(II</strong></span> <span class='ocrx_word' id='word_1_246' title='bbox 2568 1732 2712 1787; x_wconf 88' lang='lat' dir='ltr'><strong>Petr.</strong></span> <span class='ocrx_word' id='word_1_247' title='bbox 2742 1751 2812 1799; x_wconf 81' lang='grc' dir='ltr'><strong>ιγ,</strong></span> <span class='ocrx_word' id='word_1_248' title='bbox 2840 1733 2950 1803; x_wconf 85' lang='lat' dir='ltr'><strong>l8).</strong></span> <span class='ocrx_word' id='word_1_249' title='bbox 2987 1745 3012 1782; x_wconf 80' lang='lat'><strong>8</strong></span> <span class='ocrx_word' id='word_1_250' title='bbox 3044 1736 3142 1791; x_wconf 87' lang='lat' dir='ltr'><strong>Ubi</strong></span> <span class='ocrx_word' id='word_1_251' title='bbox 3171 1738 3311 1790; x_wconf 90' lang='lat' dir='ltr'><strong>enim</strong></span> <span class='ocrx_word' id='word_1_252' title='bbox 3337 1738 3617 1792; x_wconf 86' lang='lat' dir='ltr'><strong>Coroticus</strong></span> 
     </span>
    </p>
   </div>
   <div class='ocr_carea' id='block_1_32' title="bbox 2043 1822 3615 1884">
    <p class='ocr_par' dir='ltr' id='par_1_32' title="bbox 2043 1822 3615 1884">
     <span class='ocr_line' id='line_1_32' title="bbox 2043 1822 3615 1884; baseline 0.004 -9"><span class='ocrx_word' id='word_1_253' title='bbox 2043 1835 2162 1875; x_wconf 91' lang='lat' dir='ltr'><strong>cum</strong></span> <span class='ocrx_word' id='word_1_254' title='bbox 2189 1822 2301 1878; x_wconf 90' lang='lat' dir='ltr'><strong>suis</strong></span> <span class='ocrx_word' id='word_1_255' title='bbox 2321 1823 2748 1880; x_wconf 86' lang='lat' dir='ltr'><strong>sceleratissimis</strong></span> <span class='ocrx_word' id='word_1_256' title='bbox 2768 1826 3174 1882; x_wconf 87' lang='lat' dir='ltr'><strong>rebellatoribus</strong></span> <span class='ocrx_word' id='word_1_257' title='bbox 3193 1826 3393 1882; x_wconf 88' lang='lat' dir='ltr'><strong>Christi</strong></span> <span class='ocrx_word' id='word_1_258' title='bbox 3414 1833 3436 1881; x_wconf 86' lang='lat'><strong>?</strong></span> <span class='ocrx_word' id='word_1_259' title='bbox 3465 1827 3493 1865; x_wconf 68' lang='grc' dir='ltr'><strong>ιι</strong></span> <span class='ocrx_word' id='word_1_260' title='bbox 3516 1828 3615 1884; x_wconf 85' lang='lat' dir='ltr'><strong>Ubi</strong></span> 
     </span>
    </p>
   </div>
   <div class='ocr_carea' id='block_1_33' title="bbox 366 1912 3617 1997">
    <p class='ocr_par' dir='ltr' id='par_1_33' title="bbox 366 1912 3617 1997">
     <span class='ocr_line' id='line_1_33' title="bbox 366 1912 3617 1997; baseline -0.003 -13"><span class='ocrx_word' id='word_1_261' title='bbox 366 1927 498 1994; x_wconf 90' lang='lat' dir='ltr'><strong>Dei,</strong></span> <span class='ocrx_word' id='word_1_262' title='bbox 529 1942 666 1997; x_wconf 89' lang='lat' dir='ltr'><strong>quos</strong></span> <span class='ocrx_word' id='word_1_263' title='bbox 692 1923 897 1996; x_wconf 80' lang='lat' dir='ltr'><strong>gladius</strong></span> <span class='ocrx_word' id='word_1_264' title='bbox 924 1935 1085 1991; x_wconf 88' lang='lat' dir='ltr'><strong>supra</strong></span> <span class='ocrx_word' id='word_1_265' title='bbox 1125 1917 1345 1974; x_wconf 85' lang='lat' dir='ltr'><strong>modum</strong></span> <span class='ocrx_word' id='word_1_266' title='bbox 1381 1915 1514 1970; x_wconf 88' lang='lat' dir='ltr'><strong>dure</strong></span> <span class='ocrx_word' id='word_1_267' title='bbox 1553 1914 1744 1983; x_wconf 87' lang='lat' dir='ltr'><strong>tetigit.</strong></span> <span class='ocrx_word' id='word_1_268' title='bbox 1795 1912 1939 1968; x_wconf 91' lang='lat' dir='ltr'><strong>Scri-</strong></span> <span class='ocrx_word' id='word_1_269' title='bbox 1969 1917 2017 1978; x_wconf 80' lang='grc' dir='ltr'><strong><em>Β</em></strong></span> <span class='ocrx_word' id='word_1_270' title='bbox 2041 1928 2101 1968; x_wconf 91' lang='lat' dir='ltr'><strong>se</strong></span> <span class='ocrx_word' id='word_1_271' title='bbox 2146 1914 2430 1980; x_wconf 89' lang='lat' dir='ltr'><strong>videbunt,</strong></span> <span class='ocrx_word' id='word_1_272' title='bbox 2473 1918 2563 1986; x_wconf 92' lang='lat' dir='ltr'><strong>qui</strong></span> <span class='ocrx_word' id='word_1_273' title='bbox 2611 1918 2950 1975; x_wconf 87' lang='lat' dir='ltr'><strong>mulierculas</strong></span> <span class='ocrx_word' id='word_1_274' title='bbox 2999 1921 3294 1991; x_wconf 85' lang='lat' dir='ltr'><strong>baptizatas</strong></span> <span class='ocrx_word' id='word_1_275' title='bbox 3321 1932 3375 1974; x_wconf 89' lang='lat' dir='ltr'><strong>et</strong></span> <span class='ocrx_word' id='word_1_276' title='bbox 3419 1921 3617 1990; x_wconf 79' lang='lat' dir='ltr'><strong>praedia</strong></span> 
     </span>
    </p>
   </div>
   <div class='ocr_carea' id='block_1_34' title="bbox 367 2003 1934 2092">
    <p class='ocr_par' dir='ltr' id='par_1_34' title="bbox 367 2003 1934 2092">
     <span class='ocr_line' id='line_1_34' title="bbox 367 2003 1934 2092; baseline -0.011 -17"><span class='ocrx_word' id='word_1_277' title='bbox 367 2029 514 2092; x_wconf 90' lang='lat' dir='ltr'><strong>ptum</strong></span> <span class='ocrx_word' id='word_1_278' title='bbox 541 2027 623 2073; x_wconf 88' lang='lat' dir='ltr'><strong>est</strong></span> <span class='ocrx_word' id='word_1_279' title='bbox 651 2017 790 2073; x_wconf 89' lang='lat' dir='ltr'><strong>enim</strong></span> <span class='ocrx_word' id='word_1_280' title='bbox 834 2033 846 2067; x_wconf 92' lang='lat'>:</span> <span class='ocrx_word' id='word_1_281' title='bbox 879 2012 1034 2067; x_wconf 85' lang='lat' dir='ltr'><strong>Flere</strong></span> <span class='ocrx_word' id='word_1_282' title='bbox 1060 2027 1174 2064; x_wconf 89' lang='lat' dir='ltr'><strong>cum</strong></span> <span class='ocrx_word' id='word_1_283' title='bbox 1201 2006 1440 2079; x_wconf 79' lang='lat' dir='ltr'><strong>ﬂentibus</strong></span> <span class='ocrx_word' id='word_1_284' title='bbox 1464 2004 1640 2078; x_wconf 87' lang='lat' dir='ltr'><strong>(Rom.</strong></span> <span class='ocrx_word' id='word_1_285' title='bbox 1679 2022 1770 2069; x_wconf 85' lang='lat' dir='ltr'><strong>xu,</strong></span> <span class='ocrx_word' id='word_1_286' title='bbox 1811 2003 1892 2074; x_wconf 86' lang='lat' dir='ltr'><strong>l5)</strong></span> <span class='ocrx_word' id='word_1_287' title='bbox 1920 2022 1934 2069; x_wconf 90' lang='lat'>;</span> 
     </span>
    </p>
   </div>
   <div class='ocr_carea' id='block_1_35' title="bbox 367 2093 1935 2166">
    <p class='ocr_par' dir='ltr' id='par_1_35' title="bbox 367 2093 1935 2166">
     <span class='ocr_line' id='line_1_35' title="bbox 367 2093 1935 2166; baseline -0.013 0"><span class='ocrx_word' id='word_1_288' title='bbox 367 2120 421 2166; x_wconf 88' lang='lat' dir='ltr'><strong>et</strong></span> <span class='ocrx_word' id='word_1_289' title='bbox 440 2095 662 2165; x_wconf 83' lang='lat' dir='ltr'><strong>iterum:</strong></span> <span class='ocrx_word' id='word_1_290' title='bbox 684 2107 744 2160; x_wconf 86' lang='lat' dir='ltr'><strong>Si</strong></span> <span class='ocrx_word' id='word_1_291' title='bbox 773 2104 909 2159; x_wconf 84' lang='lat' dir='ltr'><strong>dolet</strong></span> <span class='ocrx_word' id='word_1_292' title='bbox 936 2118 1095 2156; x_wconf 88' lang='lat' dir='ltr'><strong>unum</strong></span> <span class='ocrx_word' id='word_1_293' title='bbox 1117 2098 1417 2162; x_wconf 84' lang='lat' dir='ltr'><strong>membrum,</strong></span> <span class='ocrx_word' id='word_1_294' title='bbox 1438 2093 1744 2150; x_wconf 87' lang='lat' dir='ltr'><strong>condoleant</strong></span> <span class='ocrx_word' id='word_1_295' title='bbox 1761 2095 1935 2148; x_wconf 88' lang='lat' dir='ltr'><strong>omnia</strong></span> 
     </span>
    </p>
   </div>
   <div class='ocr_carea' id='block_1_36' title="bbox 367 2185 1942 2268">
    <p class='ocr_par' dir='ltr' id='par_1_36' title="bbox 367 2185 1942 2268">
     <span class='ocr_line' id='line_1_36' title="bbox 367 2185 1942 2268; baseline -0.011 -12"><span class='ocrx_word' id='word_1_296' title='bbox 367 2200 592 2256; x_wconf 87' lang='lat' dir='ltr'><strong>membra</strong></span> <span class='ocrx_word' id='word_1_297' title='bbox 621 2197 675 2268; x_wconf 84' lang='lat' dir='ltr'><strong>(l</strong></span> <span class='ocrx_word' id='word_1_298' title='bbox 704 2195 825 2250; x_wconf 83' lang='lat' dir='ltr'><strong>Cor.</strong></span> <span class='ocrx_word' id='word_1_299' title='bbox 855 2210 950 2257; x_wconf 86' lang='lat' dir='ltr'><strong>xu,</strong></span> <span class='ocrx_word' id='word_1_300' title='bbox 979 2191 1092 2262; x_wconf 53' lang='lat'><strong>$6).</strong></span> <span class='ocrx_word' id='word_1_301' title='bbox 1123 2188 1466 2260; x_wconf 84' lang='lat' dir='ltr'><strong>Quapropter</strong></span> <span class='ocrx_word' id='word_1_302' title='bbox 1494 2185 1734 2242; x_wconf 85' lang='lat' dir='ltr'><strong>Ecclesia</strong></span> <span class='ocrx_word' id='word_1_303' title='bbox 1766 2185 1942 2255; x_wconf 88' lang='lat' dir='ltr'><strong>plorat</strong></span> 
     </span>
    </p>
   </div>
   <div class='ocr_carea' id='block_1_37' title="bbox 368 2277 1942 2362">
    <p class='ocr_par' dir='ltr' id='par_1_37' title="bbox 368 2277 1942 2362">
     <span class='ocr_line' id='line_1_37' title="bbox 368 2277 1942 2362; baseline -0.011 -15"><span class='ocrx_word' id='word_1_304' title='bbox 368 2301 422 2347; x_wconf 93' lang='lat' dir='ltr'><strong>et</strong></span> <span class='ocrx_word' id='word_1_305' title='bbox 441 2291 646 2362; x_wconf 77' lang='lat' dir='ltr'><strong>plangit</strong></span> <span class='ocrx_word' id='word_1_306' title='bbox 669 2288 806 2341; x_wconf 87' lang='lat' dir='ltr'><strong>lilios</strong></span> <span class='ocrx_word' id='word_1_307' title='bbox 833 2293 889 2340; x_wconf 89' lang='lat' dir='ltr'><strong>et</strong></span> <span class='ocrx_word' id='word_1_308' title='bbox 917 2283 1052 2339; x_wconf 82' lang='lat' dir='ltr'><strong>ﬁlias</strong></span> <span class='ocrx_word' id='word_1_309' title='bbox 1072 2296 1199 2339; x_wconf 90' lang='lat' dir='ltr'><strong>suas</strong></span> <span class='ocrx_word' id='word_1_310' title='bbox 1217 2295 1351 2350; x_wconf 88' lang='lat' dir='ltr'><strong>quas</strong></span> <span class='ocrx_word' id='word_1_311' title='bbox 1370 2278 1548 2334; x_wconf 87' lang='lat' dir='ltr'><strong>adhuc</strong></span> <span class='ocrx_word' id='word_1_312' title='bbox 1572 2277 1780 2345; x_wconf 86' lang='lat' dir='ltr'><strong>gladius</strong></span> <span class='ocrx_word' id='word_1_313' title='bbox 1808 2292 1942 2331; x_wconf 92' lang='lat' dir='ltr'><strong>non-</strong></span> 
     </span>
    </p>
   </div>
   <div class='ocr_carea' id='block_1_38' title="bbox 367 2368 1942 2446">
    <p class='ocr_par' dir='ltr' id='par_1_38' title="bbox 367 2368 1942 2446">
     <span class='ocr_line' id='line_1_38' title="bbox 367 2368 1942 2446; baseline -0.011 -7"><span class='ocrx_word' id='word_1_314' title='bbox 367 2385 493 2439; x_wconf 89' lang='lat' dir='ltr'><strong>dum</strong></span> <span class='ocrx_word' id='word_1_315' title='bbox 530 2378 819 2443; x_wconf 81' lang='lat' dir='ltr'><strong>interfecit,</strong></span> <span class='ocrx_word' id='word_1_316' title='bbox 847 2377 942 2432; x_wconf 85' lang='lat' dir='ltr'><strong>sed</strong></span> <span class='ocrx_word' id='word_1_317' title='bbox 970 2373 1275 2446; x_wconf 90' lang='lat' dir='ltr'><strong>prolongati</strong></span> <span class='ocrx_word' id='word_1_318' title='bbox 1317 2379 1372 2428; x_wconf 91' lang='lat' dir='ltr'><strong>et</strong></span> <span class='ocrx_word' id='word_1_319' title='bbox 1396 2370 1663 2442; x_wconf 86' lang='lat' dir='ltr'><strong>exportati</strong></span> <span class='ocrx_word' id='word_1_320' title='bbox 1697 2368 1861 2442; x_wconf 90' lang='lat' dir='ltr'><strong>(sunt)</strong></span> <span class='ocrx_word' id='word_1_321' title='bbox 1891 2369 1942 2423; x_wconf 91' lang='lat' dir='ltr'><strong>iu</strong></span> 
     </span>
    </p>
   </div>
   <div class='ocr_carea' id='block_1_39' title="bbox 369 2460 1946 2543">
    <p class='ocr_par' dir='ltr' id='par_1_39' title="bbox 369 2460 1946 2543">
     <span class='ocr_line' id='line_1_39' title="bbox 369 2460 1946 2543; baseline -0.008 -13"><span class='ocrx_word' id='word_1_322' title='bbox 369 2475 522 2543; x_wconf 87' lang='lat' dir='ltr'><strong>longa</strong></span> <span class='ocrx_word' id='word_1_323' title='bbox 569 2483 832 2527; x_wconf 90' lang='lat' dir='ltr'><strong>terrarum</strong></span> <span class='ocrx_word' id='word_1_324' title='bbox 875 2469 1115 2539; x_wconf 90' lang='lat' dir='ltr'><strong>spatia...</strong></span> <span class='ocrx_word' id='word_1_325' title='bbox 1153 2478 1175 2506; x_wconf 78' lang='grc' dir='ltr'><strong>ο</strong></span> <span class='ocrx_word' id='word_1_326' title='bbox 1218 2465 1288 2521; x_wconf 89' lang='lat' dir='ltr'><strong>Ut</strong></span> <span class='ocrx_word' id='word_1_327' title='bbox 1337 2471 1618 2536; x_wconf 90' lang='lat' dir='ltr'><strong>peccatum</strong></span> <span class='ocrx_word' id='word_1_328' title='bbox 1666 2460 1946 2517; x_wconf 75' lang='lat' dir='ltr'><strong>manifesto</strong></span> 
     </span>
    </p>
   </div>
   <div class='ocr_carea' id='block_1_40' title="bbox 370 2552 1943 2636">
    <p class='ocr_par' dir='ltr' id='par_1_40' title="bbox 370 2552 1943 2636">
     <span class='ocr_line' id='line_1_40' title="bbox 370 2552 1943 2636; baseline -0.01 -15"><span class='ocrx_word' id='word_1_329' title='bbox 370 2578 620 2636; x_wconf 85' lang='lat' dir='ltr'><strong>gravetur</strong></span> <span class='ocrx_word' id='word_1_330' title='bbox 655 2561 1018 2635; x_wconf 73' lang='lat' dir='ltr'><strong>impudentiae,</strong></span> <span class='ocrx_word' id='word_1_331' title='bbox 1061 2558 1342 2630; x_wconf 88' lang='lat' dir='ltr'><strong>impudens</strong></span> <span class='ocrx_word' id='word_1_332' title='bbox 1369 2557 1442 2611; x_wconf 90' lang='lat' dir='ltr'><strong>ibi</strong></span> <span class='ocrx_word' id='word_1_333' title='bbox 1470 2555 1675 2609; x_wconf 89' lang='lat' dir='ltr'><strong>habitat</strong></span> <span class='ocrx_word' id='word_1_334' title='bbox 1695 2562 1749 2609; x_wconf 89' lang='lat' dir='ltr'><strong>et</strong></span> <span class='ocrx_word' id='word_1_335' title='bbox 1776 2552 1943 2606; x_wconf 91' lang='lat' dir='ltr'><strong>abun-</strong></span> 
     </span>
    </p>
   </div>
   <div class='ocr_carea' id='block_1_41' title="bbox 373 2643 1944 2719">
    <p class='ocr_par' dir='ltr' id='par_1_41' title="bbox 373 2643 1944 2719">
     <span class='ocr_line' id='line_1_41' title="bbox 373 2643 1944 2719; baseline -0.011 -8"><span class='ocrx_word' id='word_1_336' title='bbox 373 2657 478 2711; x_wconf 87' lang='lat' dir='ltr'><strong>dat.</strong></span> <span class='ocrx_word' id='word_1_337' title='bbox 511 2654 589 2709; x_wconf 90' lang='lat' dir='ltr'><strong>lbi</strong></span> <span class='ocrx_word' id='word_1_338' title='bbox 611 2652 898 2710; x_wconf 89' lang='lat' dir='ltr'><strong>venundati</strong></span> <span class='ocrx_word' id='word_1_339' title='bbox 921 2650 1137 2719; x_wconf 81' lang='lat' dir='ltr'><strong>ingenui</strong></span> <span class='ocrx_word' id='word_1_340' title='bbox 1169 2649 1414 2703; x_wconf 88' lang='lat' dir='ltr'><strong>homines</strong></span> <span class='ocrx_word' id='word_1_341' title='bbox 1441 2644 1730 2700; x_wconf 89' lang='lat' dir='ltr'><strong>Christiani</strong></span> <span class='ocrx_word' id='word_1_342' title='bbox 1763 2643 1814 2696; x_wconf 90' lang='lat' dir='ltr'><strong>in</strong></span> <span class='ocrx_word' id='word_1_343' title='bbox 1838 2657 1944 2696; x_wconf 91' lang='lat' dir='ltr'><strong>ser-</strong></span> 
     </span>
    </p>
   </div>
   <div class='ocr_carea' id='block_1_42' title="bbox 373 2734 1939 2810">
    <p class='ocr_par' dir='ltr' id='par_1_42' title="bbox 373 2734 1939 2810">
     <span class='ocr_line' id='line_1_42' title="bbox 373 2734 1939 2810; baseline -0.011 -6"><span class='ocrx_word' id='word_1_344' title='bbox 373 2749 594 2805; x_wconf 90' lang='lat' dir='ltr'><strong>vitutem</strong></span> <span class='ocrx_word' id='word_1_345' title='bbox 635 2739 836 2800; x_wconf 84' lang='lat' dir='ltr'><strong>redacti</strong></span> <span class='ocrx_word' id='word_1_346' title='bbox 881 2751 1039 2806; x_wconf 88' lang='lat' dir='ltr'><strong>sunt,</strong></span> <span class='ocrx_word' id='word_1_347' title='bbox 1082 2737 1374 2810; x_wconf 63' lang='lat' dir='ltr'><strong>praesertim</strong></span> <span class='ocrx_word' id='word_1_348' title='bbox 1414 2734 1900 2805; x_wconf 87' lang='lat' dir='ltr'><strong>indignissimorum</strong></span> <span class='ocrx_word' id='word_1_349' title='bbox 1924 2775 1939 2801; x_wconf 92' lang='lat'><strong>,</strong></span> 
     </span>
    </p>
   </div>
   <div class='ocr_carea' id='block_1_43' title="bbox 371 2829 1554 2908">
    <p class='ocr_par' dir='ltr' id='par_1_43' title="bbox 371 2829 1554 2908">
     <span class='ocr_line' id='line_1_43' title="bbox 371 2829 1554 2908; baseline -0.008 -16"><span class='ocrx_word' id='word_1_350' title='bbox 371 2839 740 2908; x_wconf 87' lang='lat' dir='ltr'><strong>pessimorum,</strong></span> <span class='ocrx_word' id='word_1_351' title='bbox 773 2841 1242 2904; x_wconf 88' lang='lat' dir='ltr'><strong>apostatarumque</strong></span> <span class='ocrx_word' id='word_1_352' title='bbox 1263 2829 1554 2884; x_wconf 87' lang='lat' dir='ltr'><strong>Pictorum.</strong></span> 
     </span>
    </p>
   </div>
   <div class='ocr_carea' id='block_1_44' title="bbox 436 2919 1940 2980">
    <p class='ocr_par' dir='ltr' id='par_1_44' title="bbox 436 2919 1940 2980">
     <span class='ocr_line' id='line_1_44' title="bbox 436 2919 1940 2980; baseline -0.005 -1"><span class='ocrx_word' id='word_1_353' title='bbox 436 2925 526 2980; x_wconf 82' lang='lat' dir='ltr'><strong>IX.</strong></span> <span class='ocrx_word' id='word_1_354' title='bbox 558 2925 760 2980; x_wconf 89' lang='lat' dir='ltr'><strong>Idcirco</strong></span> <span class='ocrx_word' id='word_1_355' title='bbox 797 2938 918 2978; x_wconf 91' lang='lat' dir='ltr'><strong>cum</strong></span> <span class='ocrx_word' id='word_1_356' title='bbox 948 2921 1162 2976; x_wconf 87' lang='lat' dir='ltr'><strong>tristitia</strong></span> <span class='ocrx_word' id='word_1_357' title='bbox 1201 2928 1258 2974; x_wconf 90' lang='lat' dir='ltr'><strong>et</strong></span> <span class='ocrx_word' id='word_1_358' title='bbox 1299 2934 1534 2976; x_wconf 68' lang='lat' dir='ltr'><strong>maerore</strong></span> <span class='ocrx_word' id='word_1_359' title='bbox 1561 2919 1894 2975; x_wconf 81' lang='lat' dir='ltr'><strong>vociferabor</strong></span> <span class='ocrx_word' id='word_1_360' title='bbox 1925 2938 1940 2972; x_wconf 90' lang='lat'><strong>:</strong></span> 
     </span>
    </p>
   </div>
   <div class='ocr_carea' id='block_1_45' title="bbox 371 3000 1945 3088">
    <p class='ocr_par' dir='ltr' id='par_1_45' title="bbox 371 3000 1945 3088">
     <span class='ocr_line' id='line_1_45' title="bbox 371 3000 1945 3088; baseline -0.004 -14"><span class='ocrx_word' id='word_1_361' title='bbox 371 3021 414 3075; x_wconf 86' lang='lat'><strong>0</strong></span> <span class='ocrx_word' id='word_1_362' title='bbox 433 3000 814 3088; x_wconf 83' lang='lat' dir='ltr'><strong>speciosissimi</strong></span> <span class='ocrx_word' id='word_1_363' title='bbox 836 3025 995 3087; x_wconf 91' lang='lat' dir='ltr'><strong>atque</strong></span> <span class='ocrx_word' id='word_1_364' title='bbox 1023 3014 1378 3070; x_wconf 87' lang='lat' dir='ltr'><strong>amantissimi</strong></span> <span class='ocrx_word' id='word_1_365' title='bbox 1405 3014 1599 3068; x_wconf 85' lang='lat' dir='ltr'><strong>fratres</strong></span> <span class='ocrx_word' id='word_1_366' title='bbox 1618 3022 1674 3068; x_wconf 89' lang='lat' dir='ltr'><strong>et</strong></span> <span class='ocrx_word' id='word_1_367' title='bbox 1696 3011 1787 3067; x_wconf 83' lang='lat' dir='ltr'><strong>lilii</strong></span> <span class='ocrx_word' id='word_1_368' title='bbox 1809 3028 1945 3082; x_wconf 88' lang='lat' dir='ltr'><strong>quos</strong></span> 
     </span>
    </p>
   </div>
   <div class='ocr_carea' id='block_1_46' title="bbox 371 3101 1946 3177">
    <p class='ocr_par' dir='ltr' id='par_1_46' title="bbox 371 3101 1946 3177">
     <span class='ocr_line' id='line_1_46' title="bbox 371 3101 1946 3177; baseline -0.005 -13"><span class='ocrx_word' id='word_1_369' title='bbox 371 3111 426 3164; x_wconf 89' lang='lat' dir='ltr'><strong>in</strong></span> <span class='ocrx_word' id='word_1_370' title='bbox 451 3107 666 3163; x_wconf 85' lang='lat' dir='ltr'><strong>Christo</strong></span> <span class='ocrx_word' id='word_1_371' title='bbox 687 3108 869 3177; x_wconf 88' lang='lat' dir='ltr'><strong>genui,</strong></span> <span class='ocrx_word' id='word_1_372' title='bbox 899 3119 1219 3161; x_wconf 88' lang='lat' dir='ltr'><strong>enumerare</strong></span> <span class='ocrx_word' id='word_1_373' title='bbox 1244 3118 1454 3172; x_wconf 84' lang='lat' dir='ltr'><strong>nequeo</strong></span> <span class='ocrx_word' id='word_1_374' title='bbox 1484 3103 1610 3173; x_wconf 88' lang='lat' dir='ltr'><strong>quid</strong></span> <span class='ocrx_word' id='word_1_375' title='bbox 1634 3101 1824 3157; x_wconf 80' lang='lat' dir='ltr'><strong>faciam</strong></span> <span class='ocrx_word' id='word_1_376' title='bbox 1853 3118 1946 3157; x_wconf 87' lang='lat' dir='ltr'><strong>vo-</strong></span> 
     </span>
    </p>
   </div>
   <div class='ocr_carea' id='block_1_47' title="bbox 373 3194 1941 3267">
    <p class='ocr_par' dir='ltr' id='par_1_47' title="bbox 373 3194 1941 3267">
     <span class='ocr_line' id='line_1_47' title="bbox 373 3194 1941 3267; baseline -0.007 -9"><span class='ocrx_word' id='word_1_377' title='bbox 373 3203 480 3258; x_wconf 85' lang='lat' dir='ltr'><strong>bis!</strong></span> <span class='ocrx_word' id='word_1_378' title='bbox 526 3201 644 3256; x_wconf 86' lang='lat' dir='ltr'><strong>Non</strong></span> <span class='ocrx_word' id='word_1_379' title='bbox 680 3216 798 3255; x_wconf 90' lang='lat' dir='ltr'><strong>sum</strong></span> <span class='ocrx_word' id='word_1_380' title='bbox 839 3199 1032 3267; x_wconf 87' lang='lat' dir='ltr'><strong>dignus</strong></span> <span class='ocrx_word' id='word_1_381' title='bbox 1064 3195 1092 3235; x_wconf 76' lang='grc' dir='ltr'>ίι</span> <span class='ocrx_word' id='word_1_382' title='bbox 1127 3197 1239 3251; x_wconf 90' lang='lat' dir='ltr'><strong>Deo</strong></span> <span class='ocrx_word' id='word_1_383' title='bbox 1265 3210 1442 3266; x_wconf 86' lang='lat' dir='ltr'><strong>neque</strong></span> <span class='ocrx_word' id='word_1_384' title='bbox 1483 3194 1789 3250; x_wconf 87' lang='lat' dir='ltr'><strong>hominibus</strong></span> <span class='ocrx_word' id='word_1_385' title='bbox 1813 3195 1941 3249; x_wconf 89' lang='lat' dir='ltr'><strong>sub-</strong></span> 
     </span>
    </p>
   </div>
   <div class='ocr_carea' id='block_1_48' title="bbox 2041 2007 3618 2078">
    <p class='ocr_par' dir='ltr' id='par_1_48' title="bbox 2041 2007 3618 2078">
     <span class='ocr_line' id='line_1_48' title="bbox 2041 2007 3618 2078; baseline 0.004 -18"><span class='ocrx_word' id='word_1_386' title='bbox 2041 2007 2403 2076; x_wconf 85' lang='lat' dir='ltr'><strong>orphanorum</strong></span> <span class='ocrx_word' id='word_1_387' title='bbox 2431 2011 2789 2078; x_wconf 85' lang='lat' dir='ltr'><strong>spurcissimis</strong></span> <span class='ocrx_word' id='word_1_388' title='bbox 2816 2012 3134 2067; x_wconf 88' lang='lat' dir='ltr'><strong>satellitibus</strong></span> <span class='ocrx_word' id='word_1_389' title='bbox 3162 2013 3270 2067; x_wconf 89' lang='lat' dir='ltr'><strong>suis</strong></span> <span class='ocrx_word' id='word_1_390' title='bbox 3296 2012 3618 2067; x_wconf 86' lang='lat' dir='ltr'><strong>distribuunt</strong></span> 
     </span>
    </p>
   </div>
   <div class='ocr_carea' id='block_1_49' title="bbox 2041 2097 3616 2173">
    <p class='ocr_par' dir='ltr' id='par_1_49' title="bbox 2041 2097 3616 2173">
     <span class='ocr_line' id='line_1_49' title="bbox 2041 2097 3616 2173; baseline 0.003 -21"><span class='ocrx_word' id='word_1_391' title='bbox 2041 2097 2112 2152; x_wconf 91' lang='lat' dir='ltr'><strong>ob</strong></span> <span class='ocrx_word' id='word_1_392' title='bbox 2153 2098 2407 2154; x_wconf 88' lang='lat' dir='ltr'><strong>miserum</strong></span> <span class='ocrx_word' id='word_1_393' title='bbox 2436 2115 2658 2170; x_wconf 86' lang='lat' dir='ltr'><strong>regnum</strong></span> <span class='ocrx_word' id='word_1_394' title='bbox 2692 2103 3006 2173; x_wconf 88' lang='lat' dir='ltr'><strong>temporale,</strong></span> <span class='ocrx_word' id='word_1_395' title='bbox 3036 2104 3176 2173; x_wconf 91' lang='lat' dir='ltr'><strong>quod</strong></span> <span class='ocrx_word' id='word_1_396' title='bbox 3203 2104 3386 2172; x_wconf 89' lang='lat' dir='ltr'><strong>utique</strong></span> <span class='ocrx_word' id='word_1_397' title='bbox 3415 2104 3467 2157; x_wconf 87' lang='lat' dir='ltr'><strong>in</strong></span> <span class='ocrx_word' id='word_1_398' title='bbox 3498 2118 3616 2157; x_wconf 88' lang='lat' dir='ltr'><strong>mo-</strong></span> 
     </span>
    </p>
   </div>
   <div class='ocr_carea' id='block_1_50' title="bbox 2042 2193 3618 2264">
    <p class='ocr_par' dir='ltr' id='par_1_50' title="bbox 2042 2193 3618 2264">
     <span class='ocr_line' id='line_1_50' title="bbox 2042 2193 3618 2264; baseline 0.002 -19"><span class='ocrx_word' id='word_1_399' title='bbox 2042 2197 2226 2246; x_wconf 85' lang='lat' dir='ltr'><strong>mento</strong></span> <span class='ocrx_word' id='word_1_400' title='bbox 2253 2199 2519 2260; x_wconf 85' lang='lat' dir='ltr'><strong>transeat,</strong></span> <span class='ocrx_word' id='word_1_401' title='bbox 2551 2193 2689 2249; x_wconf 90' lang='lat' dir='ltr'><strong>sicut</strong></span> <span class='ocrx_word' id='word_1_402' title='bbox 2727 2195 2924 2260; x_wconf 89' lang='lat' dir='ltr'><strong>nubes,</strong></span> <span class='ocrx_word' id='word_1_403' title='bbox 2954 2196 3039 2249; x_wconf 88' lang='lat' dir='ltr'><strong>vel</strong></span> <span class='ocrx_word' id='word_1_404' title='bbox 3079 2195 3254 2251; x_wconf 81' lang='lat' dir='ltr'><strong>fumus</strong></span> <span class='ocrx_word' id='word_1_405' title='bbox 3297 2195 3389 2264; x_wconf 88' lang='lat' dir='ltr'><strong>qui</strong></span> <span class='ocrx_word' id='word_1_406' title='bbox 3436 2196 3618 2264; x_wconf 89' lang='lat' dir='ltr'><strong>utique</strong></span> 
     </span>
    </p>
   </div>
   <div class='ocr_carea' id='block_1_51' title="bbox 2042 2282 3616 2355">
    <p class='ocr_par' dir='ltr' id='par_1_51' title="bbox 2042 2282 3616 2355">
     <span class='ocr_line' id='line_1_51' title="bbox 2042 2282 3616 2355; baseline 0.002 -20"><span class='ocrx_word' id='word_1_407' title='bbox 2042 2293 2203 2337; x_wconf 86' lang='lat' dir='ltr'><strong>vento</strong></span> <span class='ocrx_word' id='word_1_408' title='bbox 2225 2282 2584 2354; x_wconf 87' lang='lat' dir='ltr'><strong>dispergitur?</strong></span> <span class='ocrx_word' id='word_1_409' title='bbox 2610 2283 2689 2339; x_wconf 87' lang='lat' dir='ltr'><strong>Ita</strong></span> <span class='ocrx_word' id='word_1_410' title='bbox 2709 2294 3023 2355; x_wconf 89' lang='lat' dir='ltr'><strong>peccatores</strong></span> <span class='ocrx_word' id='word_1_411' title='bbox 3047 2295 3097 2340; x_wconf 87' lang='lat' dir='ltr'><strong>et</strong></span> <span class='ocrx_word' id='word_1_412' title='bbox 3130 2286 3447 2342; x_wconf 79' lang='lat' dir='ltr'><strong>fraudulenti</strong></span> <span class='ocrx_word' id='word_1_413' title='bbox 3479 2301 3507 2339; x_wconf 91' lang='lat' dir='ltr'><strong>a</strong></span> <span class='ocrx_word' id='word_1_414' title='bbox 3535 2284 3616 2338; x_wconf 83' lang='lat' dir='ltr'><strong>fa-</strong></span> 
     </span>
    </p>
   </div>
   <div class='ocr_carea' id='block_1_52' title="bbox 2043 2373 3619 2449">
    <p class='ocr_par' dir='ltr' id='par_1_52' title="bbox 2043 2373 3619 2449">
     <span class='ocr_line' id='line_1_52' title="bbox 2043 2373 3619 2449; baseline 0.003 -22"><span class='ocrx_word' id='word_1_415' title='bbox 2043 2374 2126 2428; x_wconf 89' lang='lat' dir='ltr'><strong>cie</strong></span> <span class='ocrx_word' id='word_1_416' title='bbox 2181 2373 2390 2429; x_wconf 89' lang='lat' dir='ltr'><strong>Domini</strong></span> <span class='ocrx_word' id='word_1_417' title='bbox 2443 2376 2739 2446; x_wconf 87' lang='lat' dir='ltr'><strong>peribunt:</strong></span> <span class='ocrx_word' id='word_1_418' title='bbox 2773 2376 2903 2446; x_wconf 85' lang='lat' dir='ltr'><strong>justi</strong></span> <span class='ocrx_word' id='word_1_419' title='bbox 2954 2387 3131 2432; x_wconf 90' lang='lat' dir='ltr'><strong>autem</strong></span> <span class='ocrx_word' id='word_1_420' title='bbox 3177 2380 3536 2449; x_wconf 89' lang='lat' dir='ltr'><strong>epulabuntur</strong></span> <span class='ocrx_word' id='word_1_421' title='bbox 3565 2379 3619 2431; x_wconf 92' lang='lat' dir='ltr'><strong>in</strong></span> 
     </span>
    </p>
   </div>
   <div class='ocr_carea' id='block_1_53' title="bbox 2044 2466 3621 2537">
    <p class='ocr_par' dir='ltr' id='par_1_53' title="bbox 2044 2466 3621 2537">
     <span class='ocr_line' id='line_1_53' title="bbox 2044 2466 3621 2537; baseline 0.003 -19"><span class='ocrx_word' id='word_1_422' title='bbox 2044 2479 2236 2533; x_wconf 89' lang='lat' dir='ltr'><strong>magna</strong></span> <span class='ocrx_word' id='word_1_423' title='bbox 2263 2467 2567 2520; x_wconf 89' lang='lat' dir='ltr'><strong>constantia</strong></span> <span class='ocrx_word' id='word_1_424' title='bbox 2595 2482 2720 2522; x_wconf 90' lang='lat' dir='ltr'><strong>cum</strong></span> <span class='ocrx_word' id='word_1_425' title='bbox 2743 2466 2959 2522; x_wconf 89' lang='lat' dir='ltr'><strong>Christo</strong></span> <span class='ocrx_word' id='word_1_426' title='bbox 2993 2486 3003 2520; x_wconf 93' lang='lat'><strong>:</strong></span> <span class='ocrx_word' id='word_1_427' title='bbox 3027 2467 3348 2537; x_wconf 87' lang='lat' dir='ltr'><strong>judicabunt</strong></span> <span class='ocrx_word' id='word_1_428' title='bbox 3376 2469 3621 2524; x_wconf 87' lang='lat' dir='ltr'><strong>nationes</strong></span> 
     </span>
    </p>
   </div>
   <div class='ocr_carea' id='block_1_54' title="bbox 2045 2557 3619 2625">
    <p class='ocr_par' dir='ltr' id='par_1_54' title="bbox 2045 2557 3619 2625">
     <span class='ocr_line' id='line_1_54' title="bbox 2045 2557 3619 2625; baseline 0.004 -16"><span class='ocrx_word' id='word_1_429' title='bbox 2045 2564 2102 2609; x_wconf 90' lang='lat' dir='ltr'><strong>et</strong></span> <span class='ocrx_word' id='word_1_430' title='bbox 2148 2557 2362 2623; x_wconf 85' lang='lat' dir='ltr'><strong>regibus</strong></span> <span class='ocrx_word' id='word_1_431' title='bbox 2397 2557 2594 2625; x_wconf 87' lang='lat' dir='ltr'><strong>iniquis</strong></span> <span class='ocrx_word' id='word_1_432' title='bbox 2621 2557 3043 2614; x_wconf 90' lang='lat' dir='ltr'><strong>dominabuntur</strong></span> <span class='ocrx_word' id='word_1_433' title='bbox 3070 2561 3122 2614; x_wconf 92' lang='lat' dir='ltr'><strong>in</strong></span> <span class='ocrx_word' id='word_1_434' title='bbox 3152 2559 3343 2615; x_wconf 67' lang='lat' dir='ltr'><strong>smcula</strong></span> <span class='ocrx_word' id='word_1_435' title='bbox 3392 2558 3619 2616; x_wconf 66' lang='lat' dir='ltr'><strong>saeculo-</strong></span> 
     </span>
    </p>
   </div>
   <div class='ocr_carea' id='block_1_55' title="bbox 2042 2646 2405 2714">
    <p class='ocr_par' dir='ltr' id='par_1_55' title="bbox 2042 2646 2405 2714">
     <span class='ocr_line' id='line_1_55' title="bbox 2042 2646 2405 2714; baseline 0 -13"><span class='ocrx_word' id='word_1_436' title='bbox 2042 2662 2184 2701; x_wconf 88' lang='lat' dir='ltr'><strong>rum.</strong></span> <span class='ocrx_word' id='word_1_437' title='bbox 2214 2646 2405 2714; x_wconf 79' lang='lat' dir='ltr'><strong>Amen.</strong></span> 
     </span>
    </p>
   </div>
   <div class='ocr_carea' id='block_1_56' title="bbox 2117 2737 3616 2812">
    <p class='ocr_par' dir='ltr' id='par_1_56' title="bbox 2117 2737 3616 2812">
     <span class='ocr_line' id='line_1_56' title="bbox 2117 2737 3616 2812; baseline 0.003 -21"><span class='ocrx_word' id='word_1_438' title='bbox 2117 2737 2394 2794; x_wconf 80' lang='lat' dir='ltr'><strong>Testiiicor</strong></span> <span class='ocrx_word' id='word_1_439' title='bbox 2419 2756 2605 2796; x_wconf 91' lang='lat' dir='ltr'><strong>coram</strong></span> <span class='ocrx_word' id='word_1_440' title='bbox 2631 2741 2743 2796; x_wconf 91' lang='lat' dir='ltr'><strong>Deo</strong></span> <span class='ocrx_word' id='word_1_441' title='bbox 2771 2751 2827 2796; x_wconf 91' lang='lat' dir='ltr'><strong>et</strong></span> <span class='ocrx_word' id='word_1_442' title='bbox 2847 2744 3052 2810; x_wconf 89' lang='lat' dir='ltr'><strong>angelis</strong></span> <span class='ocrx_word' id='word_1_443' title='bbox 3079 2744 3209 2809; x_wconf 89' lang='lat' dir='ltr'><strong>suis,</strong></span> <span class='ocrx_word' id='word_1_444' title='bbox 3229 2741 3371 2812; x_wconf 87' lang='lat' dir='ltr'><strong>quod</strong></span> <span class='ocrx_word' id='word_1_445' title='bbox 3400 2743 3475 2797; x_wconf 90' lang='lat' dir='ltr'><strong>ita</strong></span> <span class='ocrx_word' id='word_1_446' title='bbox 3495 2742 3616 2807; x_wconf 52' lang='lat' dir='ltr'><strong>erit,</strong></span> 
     </span>
    </p>
   </div>
   <div class='ocr_carea' id='block_1_57' title="bbox 2044 2831 3621 2901">
    <p class='ocr_par' dir='ltr' id='par_1_57' title="bbox 2044 2831 3621 2901">
     <span class='ocr_line' id='line_1_57' title="bbox 2044 2831 3621 2901; baseline 0.003 -16"><span class='ocrx_word' id='word_1_447' title='bbox 2044 2831 2183 2885; x_wconf 89' lang='lat' dir='ltr'><strong>sicut</strong></span> <span class='ocrx_word' id='word_1_448' title='bbox 2212 2831 2478 2886; x_wconf 91' lang='lat' dir='ltr'><strong>intimavit</strong></span> <span class='ocrx_word' id='word_1_449' title='bbox 2513 2831 2527 2869; x_wconf 75' lang='grc' dir='ltr'>ί</span> <span class='ocrx_word' id='word_1_450' title='bbox 2556 2832 2820 2901; x_wconf 88' lang='lat' dir='ltr'><strong>imperitia</strong></span> <span class='ocrx_word' id='word_1_451' title='bbox 2863 2849 3002 2888; x_wconf 92' lang='lat' dir='ltr'><strong>mea.</strong></span> <span class='ocrx_word' id='word_1_452' title='bbox 3036 2835 3151 2888; x_wconf 88' lang='lat' dir='ltr'><strong>Non</strong></span> <span class='ocrx_word' id='word_1_453' title='bbox 3169 2848 3289 2887; x_wconf 90' lang='lat' dir='ltr'><strong>mea</strong></span> <span class='ocrx_word' id='word_1_454' title='bbox 3314 2833 3495 2899; x_wconf 91' lang='lat' dir='ltr'><strong>verba,</strong></span> <span class='ocrx_word' id='word_1_455' title='bbox 3527 2834 3621 2890; x_wconf 81' lang='lat' dir='ltr'><strong>sed</strong></span> 
     </span>
    </p>
   </div>
   <div class='ocr_carea' id='block_1_58' title="bbox 2045 2919 3622 2996">
    <p class='ocr_par' dir='ltr' id='par_1_58' title="bbox 2045 2919 3622 2996">
     <span class='ocr_line' id='line_1_58' title="bbox 2045 2919 3622 2996; baseline 0.003 -21"><span class='ocrx_word' id='word_1_456' title='bbox 2045 2919 2162 2986; x_wconf 90' lang='lat' dir='ltr'><strong>Dei,</strong></span> <span class='ocrx_word' id='word_1_457' title='bbox 2186 2930 2242 2976; x_wconf 92' lang='lat' dir='ltr'><strong>et</strong></span> <span class='ocrx_word' id='word_1_458' title='bbox 2271 2923 2637 2992; x_wconf 90' lang='lat' dir='ltr'><strong>apostolorum</strong></span> <span class='ocrx_word' id='word_1_459' title='bbox 2687 2932 2850 2992; x_wconf 90' lang='lat' dir='ltr'><strong>atque</strong></span> <span class='ocrx_word' id='word_1_460' title='bbox 2888 2925 3266 2995; x_wconf 85' lang='lat' dir='ltr'><strong>prophetarum</strong></span> <span class='ocrx_word' id='word_1_461' title='bbox 3305 2923 3473 2996; x_wconf 87' lang='lat' dir='ltr'><strong>(quod</strong></span> <span class='ocrx_word' id='word_1_462' title='bbox 3521 2939 3622 2994; x_wconf 86' lang='lat' dir='ltr'><strong>ego</strong></span> 
     </span>
    </p>
   </div>
   <div class='ocr_carea' id='block_1_59' title="bbox 2047 3011 3692 3086">
    <p class='ocr_par' dir='ltr' id='par_1_59' title="bbox 2047 3011 3692 3086">
     <span class='ocr_line' id='line_1_59' title="bbox 2047 3011 3692 3086; baseline 0.004 -22"><span class='ocrx_word' id='word_1_463' title='bbox 2047 3011 2101 3065; x_wconf 92' lang='lat' dir='ltr'><strong>in</strong></span> <span class='ocrx_word' id='word_1_464' title='bbox 2125 3012 2371 3066; x_wconf 85' lang='lat' dir='ltr'><strong>Latinum</strong></span> <span class='ocrx_word' id='word_1_465' title='bbox 2395 3013 2664 3084; x_wconf 82' lang='lat' dir='ltr'><strong>exposui),</strong></span> <span class='ocrx_word' id='word_1_466' title='bbox 2683 3016 2772 3084; x_wconf 90' lang='lat' dir='ltr'><strong>qui</strong></span> <span class='ocrx_word' id='word_1_467' title='bbox 2795 3031 3064 3086; x_wconf 89' lang='lat' dir='ltr'><strong>nunquam</strong></span> <span class='ocrx_word' id='word_1_468' title='bbox 3087 3016 3232 3071; x_wconf 92' lang='lat' dir='ltr'><strong>enim</strong></span> <span class='ocrx_word' id='word_1_469' title='bbox 3252 3016 3461 3070; x_wconf 89' lang='lat' dir='ltr'><strong>mentiti</strong></span> <span class='ocrx_word' id='word_1_470' title='bbox 3475 3024 3620 3070; x_wconf 91' lang='lat' dir='ltr'><strong>sunt.</strong></span> <span class='ocrx_word' id='word_1_471' title='bbox 3690 3048 3692 3050; x_wconf 96' lang='lat'><strong><em>-</em></strong></span> 
     </span>
    </p>
   </div>
   <div class='ocr_carea' id='block_1_60' title="bbox 2050 3101 3620 3180">
    <p class='ocr_par' dir='ltr' id='par_1_60' title="bbox 2050 3101 3620 3180">
     <span class='ocr_line' id='line_1_60' title="bbox 2050 3101 3620 3180; baseline 0.004 -25"><span class='ocrx_word' id='word_1_472' title='bbox 2050 3101 2150 3166; x_wconf 85' lang='lat' dir='ltr'><strong>Qui</strong></span> <span class='ocrx_word' id='word_1_473' title='bbox 2199 3104 2503 3171; x_wconf 72' lang='lat' dir='ltr'><strong>crediderit,</strong></span> <span class='ocrx_word' id='word_1_474' title='bbox 2535 3108 2702 3162; x_wconf 83' lang='lat' dir='ltr'><strong>salvus</strong></span> <span class='ocrx_word' id='word_1_475' title='bbox 2750 3109 2874 3171; x_wconf 87' lang='lat' dir='ltr'><strong>erit;</strong></span> <span class='ocrx_word' id='word_1_476' title='bbox 2905 3111 2990 3180; x_wconf 80' lang='lat' dir='ltr'><strong>qui</strong></span> <span class='ocrx_word' id='word_1_477' title='bbox 3030 3126 3147 3163; x_wconf 82' lang='lat' dir='ltr'><strong>vero</strong></span> <span class='ocrx_word' id='word_1_478' title='bbox 3177 3111 3294 3163; x_wconf 54' lang='lat' dir='ltr'><strong>‘non</strong></span> <span class='ocrx_word' id='word_1_479' title='bbox 3326 3106 3620 3174; x_wconf 81' lang='lat' dir='ltr'><strong>crediderit,</strong></span> 
     </span>
    </p>
   </div>
   <div class='ocr_carea' id='block_1_61' title="bbox 2047 3196 3619 3268">
    <p class='ocr_par' dir='ltr' id='par_1_61' title="bbox 2047 3196 3619 3268">
     <span class='ocr_line' id='line_1_61' title="bbox 2047 3196 3619 3268; baseline 0.004 -20"><span class='ocrx_word' id='word_1_480' title='bbox 2047 3196 2471 3250; x_wconf 84' lang='lat' dir='ltr'><strong>condemnabitur</strong></span> <span class='ocrx_word' id='word_1_481' title='bbox 2524 3196 2714 3268; x_wconf 81' lang='lat' dir='ltr'><strong>(Marc.</strong></span> <span class='ocrx_word' id='word_1_482' title='bbox 2767 3215 2873 3261; x_wconf 80' lang='lat' dir='ltr'><strong>va,</strong></span> <span class='ocrx_word' id='word_1_483' title='bbox 2922 3199 3029 3267; x_wconf 79' lang='grc'><strong>16).</strong></span> <span class='ocrx_word' id='word_1_484' title='bbox 3079 3199 3220 3254; x_wconf 90' lang='lat' dir='ltr'><strong>Deus</strong></span> <span class='ocrx_word' id='word_1_485' title='bbox 3266 3200 3474 3254; x_wconf 89' lang='lat' dir='ltr'><strong>locutus</strong></span> <span class='ocrx_word' id='word_1_486' title='bbox 3521 3207 3619 3254; x_wconf 86' lang='lat' dir='ltr'><strong>est.</strong></span> 
     </span>
    </p>
   </div>
   <div class='ocr_carea' id='block_1_62' title="bbox 375 3285 3624 3361">
    <p class='ocr_par' dir='ltr' id='par_1_62' title="bbox 375 3285 3624 3361">
     <span class='ocr_line' id='line_1_62' title="bbox 375 3285 3624 3361; baseline -0.002 -12"><span class='ocrx_word' id='word_1_487' title='bbox 375 3295 578 3349; x_wconf 88' lang='lat' dir='ltr'><strong>venire.</strong></span> <span class='ocrx_word' id='word_1_488' title='bbox 630 3292 933 3347; x_wconf 63' lang='lat' dir='ltr'><strong>Praevaluit.</strong></span> <span class='ocrx_word' id='word_1_489' title='bbox 959 3289 1216 3361; x_wconf 85' lang='lat' dir='ltr'><strong>iniquitas</strong></span> <span class='ocrx_word' id='word_1_490' title='bbox 1268 3288 1572 3357; x_wconf 90' lang='lat' dir='ltr'><strong>iniquorum</strong></span> <span class='ocrx_word' id='word_1_491' title='bbox 1617 3303 1779 3358; x_wconf 84' lang='lat' dir='ltr'><strong>super</strong></span> <span class='ocrx_word' id='word_1_492' title='bbox 1825 3302 1938 3342; x_wconf 88' lang='lat' dir='ltr'><strong>nos.</strong></span> <span class='ocrx_word' id='word_1_493' title='bbox 1971 3289 2019 3353; x_wconf 71' lang='grc' dir='ltr'>ο</span> <span class='ocrx_word' id='word_1_494' title='bbox 2047 3285 2241 3353; x_wconf 61' lang='lat' dir='ltr'><strong>Quaeso</strong></span> <span class='ocrx_word' id='word_1_495' title='bbox 2288 3287 2603 3357; x_wconf 86' lang='lat' dir='ltr'><strong>plurimum,</strong></span> <span class='ocrx_word' id='word_1_496' title='bbox 2655 3295 2711 3342; x_wconf 90' lang='lat' dir='ltr'><strong>ut</strong></span> <span class='ocrx_word' id='word_1_497' title='bbox 2758 3290 3063 3359; x_wconf 89' lang='lat' dir='ltr'><strong>quicunque</strong></span> <span class='ocrx_word' id='word_1_498' title='bbox 3113 3289 3342 3344; x_wconf 82' lang='lat' dir='ltr'><strong>famulus</strong></span> <span class='ocrx_word' id='word_1_499' title='bbox 3398 3289 3516 3358; x_wconf 90' lang='lat' dir='ltr'><strong>Dei,</strong></span> <span class='ocrx_word' id='word_1_500' title='bbox 3565 3299 3624 3343; x_wconf 89' lang='lat' dir='ltr'><strong>ut</strong></span> 
     </span>
    </p>
   </div>
   <div class='ocr_carea' id='block_1_63' title="bbox 374 3377 1948 3454">
    <p class='ocr_par' dir='ltr' id='par_1_63' title="bbox 374 3377 1948 3454">
     <span class='ocr_line' id='line_1_63' title="bbox 374 3377 1948 3454; baseline -0.005 -14"><span class='ocrx_word' id='word_1_501' title='bbox 374 3387 534 3454; x_wconf 86' lang='lat' dir='ltr'><strong>Quasi</strong></span> <span class='ocrx_word' id='word_1_502' title='bbox 581 3384 824 3440; x_wconf 88' lang='lat' dir='ltr'><strong>extranei</strong></span> <span class='ocrx_word' id='word_1_503' title='bbox 878 3381 1002 3438; x_wconf 80' lang='lat' dir='ltr'><strong>facti</strong></span> <span class='ocrx_word' id='word_1_504' title='bbox 1053 3396 1255 3437; x_wconf 91' lang='lat' dir='ltr'><strong>sumus.</strong></span> <span class='ocrx_word' id='word_1_505' title='bbox 1319 3377 1484 3434; x_wconf 86' lang='lat' dir='ltr'><strong>Forte</strong></span> <span class='ocrx_word' id='word_1_506' title='bbox 1547 3393 1659 3434; x_wconf 91' lang='lat' dir='ltr'><strong>non</strong></span> <span class='ocrx_word' id='word_1_507' title='bbox 1723 3377 1948 3433; x_wconf 89' lang='lat' dir='ltr'><strong>credunt</strong></span> 
     </span>
    </p>
   </div>
   <div class='ocr_carea' id='block_1_64' title="bbox 375 3469 1945 3548">
    <p class='ocr_par' dir='ltr' id='par_1_64' title="bbox 375 3469 1945 3548">
     <span class='ocr_line' id='line_1_64' title="bbox 375 3469 1945 3548; baseline -0.006 -17"><span class='ocrx_word' id='word_1_508' title='bbox 375 3477 565 3548; x_wconf 91' lang='lat' dir='ltr'><strong>(quod)</strong></span> <span class='ocrx_word' id='word_1_509' title='bbox 615 3491 778 3530; x_wconf 90' lang='lat' dir='ltr'><strong>unum</strong></span> <span class='ocrx_word' id='word_1_510' title='bbox 826 3473 1151 3544; x_wconf 90' lang='lat' dir='ltr'><strong>baptismum</strong></span> <span class='ocrx_word' id='word_1_511' title='bbox 1199 3471 1521 3541; x_wconf 88' lang='lat' dir='ltr'><strong>percipimus</strong></span> <span class='ocrx_word' id='word_1_512' title='bbox 1547 3511 1562 3536; x_wconf 93' lang='lat'><strong>,</strong></span> <span class='ocrx_word' id='word_1_513' title='bbox 1612 3469 1736 3534; x_wconf 94' lang='lat' dir='ltr'><strong>vel,</strong></span> <span class='ocrx_word' id='word_1_514' title='bbox 1783 3485 1945 3523; x_wconf 92' lang='lat' dir='ltr'><strong>unum</strong></span> 
     </span>
    </p>
   </div>
   <div class='ocr_carea' id='block_1_65' title="bbox 255 3559 1945 3638">
    <p class='ocr_par' dir='ltr' id='par_1_65' title="bbox 255 3559 1945 3638">
     <span class='ocr_line' id='line_1_65' title="bbox 255 3559 1945 3638; baseline -0.006 -13"><span class='ocrx_word' id='word_1_515' title='bbox 255 3577 263 3584; x_wconf 84' lang='grc'><em>”</em></span> <span class='ocrx_word' id='word_1_516' title='bbox 376 3566 542 3624; x_wconf 87' lang='lat' dir='ltr'><strong>Deum</strong></span> <span class='ocrx_word' id='word_1_517' title='bbox 569 3575 776 3638; x_wconf 86' lang='lat' dir='ltr'><strong>patrem</strong></span> <span class='ocrx_word' id='word_1_518' title='bbox 803 3564 1081 3620; x_wconf 89' lang='lat' dir='ltr'><strong>habemus.</strong></span> <span class='ocrx_word' id='word_1_519' title='bbox 1104 3560 1383 3630; x_wconf 83' lang='lat' dir='ltr'><strong>Indignum</strong></span> <span class='ocrx_word' id='word_1_520' title='bbox 1401 3567 1486 3616; x_wconf 92' lang='lat' dir='ltr'><strong>est</strong></span> <span class='ocrx_word' id='word_1_521' title='bbox 1515 3561 1648 3626; x_wconf 87' lang='lat' dir='ltr'><strong>illis;</strong></span> <span class='ocrx_word' id='word_1_522' title='bbox 1679 3570 1701 3596; x_wconf 84' lang='lat'><strong><em>°</em></strong></span> <span class='ocrx_word' id='word_1_523' title='bbox 1730 3559 1945 3615; x_wconf 85' lang='lat' dir='ltr'><strong>Hiberia</strong></span> 
     </span>
    </p>
   </div>
   <div class='ocr_carea' id='block_1_66' title="bbox 376 3653 1947 3723">
    <p class='ocr_par' dir='ltr' id='par_1_66' title="bbox 376 3653 1947 3723">
     <span class='ocr_line' id='line_1_66' title="bbox 376 3653 1947 3723; baseline -0.006 -8"><span class='ocrx_word' id='word_1_524' title='bbox 376 3661 489 3716; x_wconf 91' lang='lat' dir='ltr'><strong>nati</strong></span> <span class='ocrx_word' id='word_1_525' title='bbox 522 3675 736 3723; x_wconf 82' lang='lat' dir='ltr'><strong>smnus,</strong></span> <span class='ocrx_word' id='word_1_526' title='bbox 768 3658 906 3713; x_wconf 88' lang='lat' dir='ltr'><strong>sicut</strong></span> <span class='ocrx_word' id='word_1_527' title='bbox 938 3657 1013 3711; x_wconf 90' lang='lat' dir='ltr'><strong>ait</strong></span> <span class='ocrx_word' id='word_1_528' title='bbox 1046 3673 1060 3709; x_wconf 93' lang='lat'><strong>:</strong></span> <span class='ocrx_word' id='word_1_529' title='bbox 1092 3670 1270 3710; x_wconf 90' lang='lat' dir='ltr'><strong>nonne</strong></span> <span class='ocrx_word' id='word_1_530' title='bbox 1303 3655 1465 3708; x_wconf 89' lang='lat' dir='ltr'><strong>unum</strong></span> <span class='ocrx_word' id='word_1_531' title='bbox 1494 3653 1664 3708; x_wconf 91' lang='lat' dir='ltr'><strong>Deum</strong></span> <span class='ocrx_word' id='word_1_532' title='bbox 1700 3653 1947 3707; x_wconf 88' lang='lat' dir='ltr'><strong>habetis?</strong></span> 
     </span>
    </p>
   </div>
   <div class='ocr_carea' id='block_1_67' title="bbox 376 3743 1944 3819">
    <p class='ocr_par' dir='ltr' id='par_1_67' title="bbox 376 3743 1944 3819">
     <span class='ocr_line' id='line_1_67' title="bbox 376 3743 1944 3819; baseline -0.007 -12"><span class='ocrx_word' id='word_1_533' title='bbox 376 3750 515 3819; x_wconf 89' lang='lat' dir='ltr'><strong>Quid</strong></span> <span class='ocrx_word' id='word_1_534' title='bbox 536 3750 893 3819; x_wconf 88' lang='lat' dir='ltr'><strong>dereliquistis</strong></span> <span class='ocrx_word' id='word_1_535' title='bbox 915 3747 1278 3816; x_wconf 86' lang='lat' dir='ltr'><strong>unusquisque</strong></span> <span class='ocrx_word' id='word_1_536' title='bbox 1312 3745 1612 3815; x_wconf 90' lang='lat' dir='ltr'><strong>proximum</strong></span> <span class='ocrx_word' id='word_1_537' title='bbox 1641 3744 1830 3798; x_wconf 86' lang='lat' dir='ltr'><strong>suum?</strong></span> <span class='ocrx_word' id='word_1_538' title='bbox 1859 3743 1944 3798; x_wconf 89' lang='lat' dir='ltr'><strong>ld-</strong></span> 
     </span>
    </p>
   </div>
   <div class='ocr_carea' id='block_1_68' title="bbox 376 3834 1950 3912">
    <p class='ocr_par' dir='ltr' id='par_1_68' title="bbox 376 3834 1950 3912">
     <span class='ocr_line' id='line_1_68' title="bbox 376 3834 1950 3912; baseline -0.007 -13"><span class='ocrx_word' id='word_1_539' title='bbox 376 3844 520 3900; x_wconf 90' lang='lat' dir='ltr'><strong>circo</strong></span> <span class='ocrx_word' id='word_1_540' title='bbox 546 3842 705 3898; x_wconf 88' lang='lat' dir='ltr'><strong>doleo</strong></span> <span class='ocrx_word' id='word_1_541' title='bbox 720 3856 818 3912; x_wconf 89' lang='lat' dir='ltr'><strong>pro</strong></span> <span class='ocrx_word' id='word_1_542' title='bbox 836 3840 1010 3906; x_wconf 90' lang='lat' dir='ltr'><strong>vobis,</strong></span> <span class='ocrx_word' id='word_1_543' title='bbox 1040 3838 1196 3893; x_wconf 89' lang='lat' dir='ltr'><strong>doleo</strong></span> <span class='ocrx_word' id='word_1_544' title='bbox 1214 3875 1228 3899; x_wconf 91' lang='lat'><strong>,</strong></span> <span class='ocrx_word' id='word_1_545' title='bbox 1253 3835 1515 3891; x_wconf 88' lang='lat' dir='ltr'><strong>carissimi</strong></span> <span class='ocrx_word' id='word_1_546' title='bbox 1542 3834 1707 3900; x_wconf 87' lang='lat' dir='ltr'><strong>mihi;</strong></span> <span class='ocrx_word' id='word_1_547' title='bbox 1738 3835 1837 3890; x_wconf 89' lang='lat' dir='ltr'><strong>sed</strong></span> <span class='ocrx_word' id='word_1_548' title='bbox 1855 3835 1950 3889; x_wconf 89' lang='lat' dir='ltr'><strong>ite-</strong></span> 
     </span>
    </p>
   </div>
   <div class='ocr_carea' id='block_1_69' title="bbox 377 3925 1946 4003">
    <p class='ocr_par' dir='ltr' id='par_1_69' title="bbox 377 3925 1946 4003">
     <span class='ocr_line' id='line_1_69' title="bbox 377 3925 1946 4003; baseline -0.006 -13"><span class='ocrx_word' id='word_1_549' title='bbox 377 3950 493 3990; x_wconf 91' lang='lat' dir='ltr'><strong>rum</strong></span> <span class='ocrx_word' id='word_1_550' title='bbox 521 3933 730 4003; x_wconf 90' lang='lat' dir='ltr'><strong>gaudeo</strong></span> <span class='ocrx_word' id='word_1_551' title='bbox 759 3932 897 3986; x_wconf 91' lang='lat' dir='ltr'><strong>intra</strong></span> <span class='ocrx_word' id='word_1_552' title='bbox 924 3929 1214 3999; x_wconf 87' lang='lat' dir='ltr'><strong>meipsum;</strong></span> <span class='ocrx_word' id='word_1_553' title='bbox 1245 3941 1352 3980; x_wconf 92' lang='lat' dir='ltr'><strong>non</strong></span> <span class='ocrx_word' id='word_1_554' title='bbox 1374 3925 1540 3994; x_wconf 87' lang='lat' dir='ltr'><strong>gratis</strong></span> <span class='ocrx_word' id='word_1_555' title='bbox 1569 3925 1829 3990; x_wconf 90' lang='lat' dir='ltr'><strong>laboravi,</strong></span> <span class='ocrx_word' id='word_1_556' title='bbox 1862 3926 1946 3980; x_wconf 87' lang='lat' dir='ltr'><strong>vel</strong></span> 
     </span>
    </p>
   </div>
   <div class='ocr_carea' id='block_1_70' title="bbox 377 4015 1952 4097">
    <p class='ocr_par' dir='ltr' id='par_1_70' title="bbox 377 4015 1952 4097">
     <span class='ocr_line' id='line_1_70' title="bbox 377 4015 1952 4097; baseline -0.006 -16"><span class='ocrx_word' id='word_1_557' title='bbox 377 4025 734 4097; x_wconf 86' lang='lat' dir='ltr'><strong>peregrinatio</strong></span> <span class='ocrx_word' id='word_1_558' title='bbox 755 4037 875 4077; x_wconf 91' lang='lat' dir='ltr'><strong>mea</strong></span> <span class='ocrx_word' id='word_1_559' title='bbox 901 4023 955 4076; x_wconf 91' lang='lat' dir='ltr'><strong>in</strong></span> <span class='ocrx_word' id='word_1_560' title='bbox 975 4034 1200 4074; x_wconf 93' lang='lat' dir='ltr'><strong>vacuum</strong></span> <span class='ocrx_word' id='word_1_561' title='bbox 1221 4033 1329 4073; x_wconf 94' lang='lat' dir='ltr'><strong>non</strong></span> <span class='ocrx_word' id='word_1_562' title='bbox 1357 4015 1485 4083; x_wconf 76' lang='lat' dir='ltr'><strong>fuit;</strong></span> <span class='ocrx_word' id='word_1_563' title='bbox 1510 4024 1566 4071; x_wconf 91' lang='lat' dir='ltr'><strong>et</strong></span> <span class='ocrx_word' id='word_1_564' title='bbox 1593 4016 1819 4085; x_wconf 86' lang='lat' dir='ltr'><strong>contigit</strong></span> <span class='ocrx_word' id='word_1_565' title='bbox 1841 4031 1952 4072; x_wconf 87' lang='lat' dir='ltr'><strong>sce-</strong></span> 
     </span>
    </p>
   </div>
   <div class='ocr_carea' id='block_1_71' title="bbox 377 4106 1952 4175">
    <p class='ocr_par' dir='ltr' id='par_1_71' title="bbox 377 4106 1952 4175">
     <span class='ocr_line' id='line_1_71' title="bbox 377 4106 1952 4175; baseline -0.006 -4"><span class='ocrx_word' id='word_1_566' title='bbox 377 4118 459 4172; x_wconf 89' lang='lat' dir='ltr'><strong>lus</strong></span> <span class='ocrx_word' id='word_1_567' title='bbox 490 4115 505 4154; x_wconf 73' lang='grc' dir='ltr'><em>τ</em></span> <span class='ocrx_word' id='word_1_568' title='bbox 532 4123 639 4170; x_wconf 91' lang='lat' dir='ltr'><strong>tam</strong></span> <span class='ocrx_word' id='word_1_569' title='bbox 672 4112 1018 4175; x_wconf 89' lang='lat' dir='ltr'><strong>horrendum,</strong></span> <span class='ocrx_word' id='word_1_570' title='bbox 1054 4108 1341 4164; x_wconf 76' lang='lat' dir='ltr'><strong>inell‘ahile.</strong></span> <span class='ocrx_word' id='word_1_571' title='bbox 1365 4107 1476 4162; x_wconf 90' lang='lat' dir='ltr'><strong>Deo</strong></span> <span class='ocrx_word' id='word_1_572' title='bbox 1496 4107 1726 4175; x_wconf 88' lang='lat' dir='ltr'><strong>gratias,</strong></span> <span class='ocrx_word' id='word_1_573' title='bbox 1748 4106 1952 4162; x_wconf 87' lang='lat' dir='ltr'><strong>creduli</strong></span> 
     </span>
    </p>
   </div>
   <div class='ocr_carea' id='block_1_72' title="bbox 377 4196 1951 4277">
    <p class='ocr_par' dir='ltr' id='par_1_72' title="bbox 377 4196 1951 4277">
     <span class='ocr_line' id='line_1_72' title="bbox 377 4196 1951 4277; baseline -0.006 -13"><span class='ocrx_word' id='word_1_574' title='bbox 377 4207 630 4277; x_wconf 86' lang='lat' dir='ltr'><strong>baptizati</strong></span> <span class='ocrx_word' id='word_1_575' title='bbox 679 4205 745 4260; x_wconf 91' lang='lat' dir='ltr'><strong>de</strong></span> <span class='ocrx_word' id='word_1_576' title='bbox 772 4204 968 4260; x_wconf 63' lang='lat' dir='ltr'><strong>saeculo</strong></span> <span class='ocrx_word' id='word_1_577' title='bbox 1010 4200 1308 4259; x_wconf 90' lang='lat' dir='ltr'><strong>recessistis</strong></span> <span class='ocrx_word' id='word_1_578' title='bbox 1337 4199 1405 4255; x_wconf 91' lang='lat' dir='ltr'><strong>ad</strong></span> <span class='ocrx_word' id='word_1_579' title='bbox 1449 4197 1774 4270; x_wconf 90' lang='lat' dir='ltr'><strong>paradisum.</strong></span> <span class='ocrx_word' id='word_1_580' title='bbox 1817 4196 1951 4255; x_wconf 88' lang='lat' dir='ltr'><strong>Cer-</strong></span> 
     </span>
    </p>
   </div>
   <div class='ocr_carea' id='block_1_73' title="bbox 451 4312 1953 4381">
    <p class='ocr_par' dir='ltr' id='par_1_73' title="bbox 451 4312 1953 4381">
     <span class='ocr_line' id='line_1_73' title="bbox 451 4312 1953 4381; baseline -0.003 -8"><span class='ocrx_word' id='word_1_581' title='bbox 451 4330 473 4357; x_wconf 78' lang='grc' dir='ltr'><strong>ι</strong></span> <span class='ocrx_word' id='word_1_582' title='bbox 503 4316 768 4381; x_wconf 90' lang='lat' dir='ltr'><strong>Bolland.,</strong></span> <span class='ocrx_word' id='word_1_583' title='bbox 797 4324 1021 4370; x_wconf 79' lang='lat' dir='ltr'><strong>exteras.</strong></span> <span class='ocrx_word' id='word_1_584' title='bbox 1050 4313 1172 4368; x_wconf 85' lang='lat' dir='ltr'><strong>Mox</strong></span> <span class='ocrx_word' id='word_1_585' title='bbox 1199 4328 1319 4367; x_wconf 88' lang='lat' dir='ltr'><strong>cum</strong></span> <span class='ocrx_word' id='word_1_586' title='bbox 1355 4312 1542 4367; x_wconf 90' lang='lat' dir='ltr'><strong>iisdem</strong></span> <span class='ocrx_word' id='word_1_587' title='bbox 1588 4312 1815 4380; x_wconf 87' lang='lat' dir='ltr'><strong>legimus</strong></span> <span class='ocrx_word' id='word_1_588' title='bbox 1839 4331 1953 4370; x_wconf 90' lang='lat' dir='ltr'><strong>om-</strong></span> 
     </span>
    </p>
   </div>
   <div class='ocr_carea' id='block_1_74' title="bbox 377 4383 1904 4459">
    <p class='ocr_par' dir='ltr' id='par_1_74' title="bbox 377 4383 1904 4459">
     <span class='ocr_line' id='line_1_74' title="bbox 377 4383 1904 4459; baseline -0.003 -16"><span class='ocrx_word' id='word_1_589' title='bbox 377 4407 467 4444; x_wconf 81' lang='lat' dir='ltr'><strong>nes</strong></span> <span class='ocrx_word' id='word_1_590' title='bbox 493 4389 762 4459; x_wconf 62' lang='lat' dir='ltr'><strong>interﬁcis,</strong></span> <span class='ocrx_word' id='word_1_591' title='bbox 784 4386 874 4459; x_wconf 81' lang='lat' dir='ltr'><strong>ubi</strong></span> <span class='ocrx_word' id='word_1_592' title='bbox 899 4385 1136 4459; x_wconf 65' lang='lat' dir='ltr'><strong>Waraaus</strong></span> <span class='ocrx_word' id='word_1_593' title='bbox 1163 4397 1441 4459; x_wconf 86' lang='lat' dir='ltr'><strong>perperam</strong></span> <span class='ocrx_word' id='word_1_594' title='bbox 1465 4383 1610 4459; x_wconf 82' lang='lat' dir='ltr'><strong>toties</strong></span> <span class='ocrx_word' id='word_1_595' title='bbox 1636 4385 1904 4459; x_wconf 73' lang='lat' dir='ltr'><strong>interﬁcis.</strong></span> 
     </span>
    </p>
   </div>
   <div class='ocr_carea' id='block_1_75' title="bbox 451 4453 1956 4574">
    <p class='ocr_par' dir='ltr' id='par_1_75' title="bbox 451 4453 1956 4574">
     <span class='ocr_line' id='line_1_75' title="bbox 451 4453 1956 4524; baseline -0.001 -12"><span class='ocrx_word' id='word_1_596' title='bbox 451 4459 476 4498; x_wconf 68' lang='grc' dir='ltr'><strong>ιι</strong></span> <span class='ocrx_word' id='word_1_597' title='bbox 507 4458 595 4514; x_wconf 91' lang='lat' dir='ltr'><strong>Sic</strong></span> <span class='ocrx_word' id='word_1_598' title='bbox 628 4453 883 4510; x_wconf 45' lang='lat' dir='ltr'><strong>&quot;Bollaud.</strong></span> <span class='ocrx_word' id='word_1_599' title='bbox 920 4455 987 4508; x_wconf 87' lang='lat' dir='ltr'><strong>At</strong></span> <span class='ocrx_word' id='word_1_600' title='bbox 1038 4453 1324 4517; x_wconf 64' lang='lat' dir='ltr'><strong>“laneus,</strong></span> <span class='ocrx_word' id='word_1_601' title='bbox 1354 4453 1432 4508; x_wconf 81' lang='lat' dir='ltr'><strong>vel</strong></span> <span class='ocrx_word' id='word_1_602' title='bbox 1473 4455 1560 4524; x_wconf 84' lang='lat' dir='ltr'><strong>qui</strong></span> <span class='ocrx_word' id='word_1_603' title='bbox 1589 4461 1638 4507; x_wconf 89' lang='lat' dir='ltr'><strong>te</strong></span> <span class='ocrx_word' id='word_1_604' title='bbox 1665 4453 1956 4510; x_wconf 77' lang='lat' dir='ltr'><strong>consentit?</strong></span> 
     </span>
     <span class='ocr_line' id='line_1_76' title="bbox 455 4522 1566 4574; baseline 0 0"><span class='ocrx_word' id='word_1_605' title='bbox 455 4531 576 4574; x_wconf 83' lang='lat' dir='ltr'><strong>tnm&#39;.</strong></span> <span class='ocrx_word' id='word_1_606' title='bbox 599 4538 644 4574; x_wconf 71' lang='lat' dir='ltr'><strong>te</strong></span> <span class='ocrx_word' id='word_1_607' title='bbox 670 4526 1013 4574; x_wconf 78' lang='lat' dir='ltr'><strong>communicat</strong></span> <span class='ocrx_word' id='word_1_608' title='bbox 1039 4522 1204 4574; x_wconf 71' lang='lat' dir='ltr'><strong>verbis</strong></span> <span class='ocrx_word' id='word_1_609' title='bbox 1232 4523 1566 4574; x_wconf 81' lang='lat' dir='ltr'><strong>adulationis.</strong></span> 
     </span>
    </p>
   </div>
   <div class='ocr_carea' id='block_1_76' title="bbox 379 4523 1954 4666">
    <p class='ocr_par' dir='ltr' id='par_1_76' title="bbox 379 4523 1954 4666">
     <span class='ocr_line' id='line_1_77' title="bbox 379 4523 1566 4599; baseline -0.006 -16"><span class='ocrx_word' id='word_1_610' title='bbox 379 4541 470 4583; x_wconf 84' lang='lat' dir='ltr'><strong>ant</strong></span> <span class='ocrx_word' id='word_1_611' title='bbox 489 4531 576 4599; x_wconf 81' lang='lat' dir='ltr'><strong>qui</strong></span> <span class='ocrx_word' id='word_1_612' title='bbox 599 4538 644 4582; x_wconf 90' lang='lat' dir='ltr'><strong>te</strong></span> <span class='ocrx_word' id='word_1_613' title='bbox 670 4526 1013 4580; x_wconf 85' lang='lat' dir='ltr'><strong>communicat</strong></span> <span class='ocrx_word' id='word_1_614' title='bbox 1039 4523 1204 4578; x_wconf 76' lang='lat' dir='ltr'><strong>verbis</strong></span> <span class='ocrx_word' id='word_1_615' title='bbox 1232 4523 1566 4577; x_wconf 85' lang='lat' dir='ltr'><strong>adulationis.</strong></span> 
     </span>
     <span class='ocr_line' id='line_1_78' title="bbox 455 4592 1954 4666; baseline -0.001 -13"><span class='ocrx_word' id='word_1_616' title='bbox 455 4611 476 4638; x_wconf 76' lang='grc' dir='ltr'><strong>ο</strong></span> <span class='ocrx_word' id='word_1_617' title='bbox 511 4600 583 4653; x_wconf 88' lang='lat' dir='ltr'><strong>Ita</strong></span> <span class='ocrx_word' id='word_1_618' title='bbox 612 4596 853 4652; x_wconf 88' lang='lat' dir='ltr'><strong>Bolland.</strong></span> <span class='ocrx_word' id='word_1_619' title='bbox 878 4595 1032 4666; x_wconf 82' lang='lat' dir='ltr'><strong>Apud</strong></span> <span class='ocrx_word' id='word_1_620' title='bbox 1059 4592 1329 4666; x_wconf 69' lang='lat' dir='ltr'><strong>Warreum</strong></span> <span class='ocrx_word' id='word_1_621' title='bbox 1351 4610 1480 4649; x_wconf 91' lang='lat' dir='ltr'><strong>vero</strong></span> <span class='ocrx_word' id='word_1_622' title='bbox 1501 4602 1675 4649; x_wconf 90' lang='lat' dir='ltr'><strong>exstat</strong></span> <span class='ocrx_word' id='word_1_623' title='bbox 1695 4594 1781 4651; x_wconf 93' lang='lat' dir='ltr'><strong>hic</strong></span> <span class='ocrx_word' id='word_1_624' title='bbox 1803 4595 1954 4652; x_wconf 86' lang='lat' dir='ltr'><strong>locus</strong></span> 
     </span>
    </p>
   </div>
   <div class='ocr_carea' id='block_1_77' title="bbox 379 4662 1954 4738">
    <p class='ocr_par' dir='ltr' id='par_1_77' title="bbox 379 4662 1954 4738">
     <span class='ocr_line' id='line_1_79' title="bbox 379 4662 1954 4738; baseline -0.003 -13"><span class='ocrx_word' id='word_1_625' title='bbox 379 4673 454 4726; x_wconf 90' lang='lat' dir='ltr'><strong>ita</strong></span> <span class='ocrx_word' id='word_1_626' title='bbox 503 4675 787 4735; x_wconf 84' lang='lat' dir='ltr'><strong>corruptus</strong></span> <span class='ocrx_word' id='word_1_627' title='bbox 830 4673 886 4738; x_wconf 87' lang='lat' dir='ltr'><strong>et</strong></span> <span class='ocrx_word' id='word_1_628' title='bbox 926 4662 1144 4738; x_wconf 78' lang='lat' dir='ltr'><strong>mutilus</strong></span> <span class='ocrx_word' id='word_1_629' title='bbox 1170 4683 1190 4738; x_wconf 91' lang='lat'><strong>:_</strong></span> <span class='ocrx_word' id='word_1_630' title='bbox 1224 4662 1322 4718; x_wconf 92' lang='lat' dir='ltr'><strong>Ubi</strong></span> <span class='ocrx_word' id='word_1_631' title='bbox 1369 4672 1633 4735; x_wconf 85' lang='lat' dir='ltr'><strong>peccatum</strong></span> <span class='ocrx_word' id='word_1_632' title='bbox 1678 4668 1954 4738; x_wconf 79' lang='lat' dir='ltr'><strong>manifeste</strong></span> 
     </span>
    </p>
   </div>
   <div class='ocr_carea' id='block_1_78' title="bbox 381 4735 1264 4812">
    <p class='ocr_par' dir='ltr' id='par_1_78' title="bbox 381 4735 1264 4812">
     <span class='ocr_line' id='line_1_80' title="bbox 381 4735 1264 4812; baseline -0.01 -17"><span class='ocrx_word' id='word_1_633' title='bbox 381 4749 640 4812; x_wconf 77' lang='lat' dir='ltr'><strong>gravetur,</strong></span> <span class='ocrx_word' id='word_1_634' title='bbox 669 4737 998 4812; x_wconf 78' lang='lat' dir='ltr'><strong>impudenter</strong></span> <span class='ocrx_word' id='word_1_635' title='bbox 1017 4735 1264 4812; x_wconf 67' lang='lat' dir='ltr'><strong>abundat.</strong></span> 
     </span>
    </p>
   </div>
   <div class='ocr_carea' id='block_1_79' title="bbox 454 4803 1956 4875">
    <p class='ocr_par' dir='ltr' id='par_1_79' title="bbox 454 4803 1956 4875">
     <span class='ocr_line' id='line_1_81' title="bbox 454 4803 1956 4875; baseline -0.003 -11"><span class='ocrx_word' id='word_1_636' title='bbox 454 4811 478 4848; x_wconf 73' lang='grc'><strong><em>⁸</em></strong></span> <span class='ocrx_word' id='word_1_637' title='bbox 509 4803 669 4864; x_wconf 87' lang='lat' dir='ltr'><strong>Deest</strong></span> <span class='ocrx_word' id='word_1_638' title='bbox 699 4803 812 4862; x_wconf 59' lang='lat' dir='ltr'><strong>haec</strong></span> <span class='ocrx_word' id='word_1_639' title='bbox 839 4822 944 4875; x_wconf 79' lang='lat' dir='ltr'><strong>vqx</strong></span> <span class='ocrx_word' id='word_1_640' title='bbox 991 4806 1132 4875; x_wconf 89' lang='lat' dir='ltr'><strong>apud</strong></span> <span class='ocrx_word' id='word_1_641' title='bbox 1183 4803 1422 4875; x_wconf 77' lang='lat' dir='ltr'><strong>Bolland.</strong></span> <span class='ocrx_word' id='word_1_642' title='bbox 1474 4804 1542 4860; x_wconf 88' lang='lat' dir='ltr'><strong>Et</strong></span> <span class='ocrx_word' id='word_1_643' title='bbox 1585 4822 1713 4862; x_wconf 92' lang='lat' dir='ltr'><strong>mox</strong></span> <span class='ocrx_word' id='word_1_644' title='bbox 1762 4805 1956 4861; x_wconf 89' lang='lat' dir='ltr'><strong>desunt</strong></span> 
     </span>
    </p>
   </div>
   <div class='ocr_carea' id='block_1_80' title="bbox 381 4871 1956 4946">
    <p class='ocr_par' dir='ltr' id='par_1_80' title="bbox 381 4871 1956 4946">
     <span class='ocr_line' id='line_1_82' title="bbox 381 4871 1956 4946; baseline -0.003 -12"><span class='ocrx_word' id='word_1_645' title='bbox 381 4881 540 4934; x_wconf 85' lang='lat' dir='ltr'><strong>etiam</strong></span> <span class='ocrx_word' id='word_1_646' title='bbox 584 4878 723 4946; x_wconf 87' lang='lat' dir='ltr'><strong>apud</strong></span> <span class='ocrx_word' id='word_1_647' title='bbox 761 4871 981 4932; x_wconf 79' lang='lat' dir='ltr'><strong>eosdem</strong></span> <span class='ocrx_word' id='word_1_648' title='bbox 1009 4871 1289 4946; x_wconf 79' lang='lat' dir='ltr'><strong>sequentia</strong></span> <span class='ocrx_word' id='word_1_649' title='bbox 1323 4894 1334 4927; x_wconf 92' lang='lat'><strong>:</strong></span> <span class='ocrx_word' id='word_1_650' title='bbox 1369 4871 1532 4946; x_wconf 84' lang='lat' dir='ltr'><strong>Quasi</strong></span> <span class='ocrx_word' id='word_1_651' title='bbox 1557 4877 1789 4946; x_wconf 77' lang='lat' dir='ltr'><strong>extranei</strong></span> <span class='ocrx_word' id='word_1_652' title='bbox 1831 4879 1956 4946; x_wconf 79' lang='lat' dir='ltr'><strong>facti</strong></span> 
     </span>
    </p>
   </div>
   <div class='ocr_carea' id='block_1_81' title="bbox 381 4895 1953 5016">
    <p class='ocr_par' dir='ltr' id='par_1_81' title="bbox 381 4895 1953 5016">
     <span class='ocr_line' id='line_1_83' title="bbox 381 4895 1953 4946; baseline -0.003 -12"><span class='ocrx_word' id='word_1_653' title='bbox 381 4895 540 4934; x_wconf 71' lang='grc' dir='ltr'><strong>ριιτιιιι</strong></span> <span class='ocrx_word' id='word_1_654' title='bbox 584 4895 613 4933; x_wconf 92' lang='lat' dir='ltr'><strong>a</strong></span> <span class='ocrx_word' id='word_1_655' title='bbox 653 4895 723 4932; x_wconf 87' lang='lat' dir='ltr'><strong>uu</strong></span> <span class='ocrx_word' id='word_1_656' title='bbox 761 4895 981 4932; x_wconf 72' lang='lat'><strong>80806&quot;!</strong></span> <span class='ocrx_word' id='word_1_657' title='bbox 1009 4895 1289 4944; x_wconf 70' lang='lat' dir='ltr'><strong>SCQUBﬂlla</strong></span> <span class='ocrx_word' id='word_1_658' title='bbox 1323 4895 1334 4927; x_wconf 78' lang='grc' dir='ltr'>ἒ</span> <span class='ocrx_word' id='word_1_659' title='bbox 1369 4895 1532 4938; x_wconf 61' lang='lat' dir='ltr'><strong>quasi</strong></span> <span class='ocrx_word' id='word_1_660' title='bbox 1557 4895 1788 4930; x_wconf 77' lang='lat' dir='ltr'><strong>extranei</strong></span> <span class='ocrx_word' id='word_1_661' title='bbox 1831 4895 1953 4946; x_wconf 62' lang='lat' dir='ltr'><strong>{acu</strong></span> 
     </span>
     <span class='ocr_line' id='line_1_84' title="bbox 381 4895 1953 5016; baseline -0.004 -12"><span class='ocrx_word' id='word_1_662' title='bbox 381 4966 575 5004; x_wconf 84' lang='lat' dir='ltr'><strong>sumus.</strong></span> <span class='ocrx_word' id='word_1_663' title='bbox 609 4895 708 5015; x_wconf 69' lang='grc' dir='ltr'><strong>δαί</strong></span> <span class='ocrx_word' id='word_1_664' title='bbox 752 4947 912 5016; x_wconf 87' lang='lat' dir='ltr'><strong>paulo</strong></span> <span class='ocrx_word' id='word_1_665' title='bbox 939 4953 1071 5016; x_wconf 68' lang='lat' dir='ltr'><strong>post</strong></span> <span class='ocrx_word' id='word_1_666' title='bbox 1091 4944 1383 5016; x_wconf 78' lang='lat' dir='ltr'><strong>exhibent;</strong></span> <span class='ocrx_word' id='word_1_667' title='bbox 1422 4945 1592 5016; x_wconf 80' lang='lat' dir='ltr'><strong>Unum</strong></span> <span class='ocrx_word' id='word_1_668' title='bbox 1646 4945 1953 5015; x_wconf 79' lang='lat' dir='ltr'><strong>baptismum</strong></span> 
     </span>
    </p>
   </div>
   <div class='ocr_carea' id='block_1_82' title="bbox 382 5012 1955 5090">
    <p class='ocr_par' dir='ltr' id='par_1_82' title="bbox 382 5012 1955 5090">
     <span class='ocr_line' id='line_1_85' title="bbox 382 5012 1955 5090; baseline -0.003 -17"><span class='ocrx_word' id='word_1_669' title='bbox 382 5012 725 5090; x_wconf 64' lang='lat' dir='ltr'><strong>percepimus,</strong></span> <span class='ocrx_word' id='word_1_670' title='bbox 748 5012 1002 5090; x_wconf 22' lang='lat' dir='ltr'><strong>etnunu&#39;m</strong></span> <span class='ocrx_word' id='word_1_671' title='bbox 1032 5012 1199 5090; x_wconf 73' lang='lat' dir='ltr'><strong>Deum</strong></span> <span class='ocrx_word' id='word_1_672' title='bbox 1245 5015 1515 5090; x_wconf 80' lang='lat' dir='ltr'><strong>credimus.</strong></span> <span class='ocrx_word' id='word_1_673' title='bbox 1552 5012 1833 5090; x_wconf 72' lang='lat' dir='ltr'><strong>Indignum</strong></span> <span class='ocrx_word' id='word_1_674' title='bbox 1878 5024 1955 5068; x_wconf 88' lang='lat' dir='ltr'><strong>est</strong></span> 
     </span>
    </p>
   </div>
   <div class='ocr_carea' id='block_1_83' title="bbox 380 5084 1842 5160">
    <p class='ocr_par' dir='ltr' id='par_1_83' title="bbox 380 5084 1842 5160">
     <span class='ocr_line' id='line_1_86' title="bbox 380 5084 1842 5160; baseline -0.005 -17"><span class='ocrx_word' id='word_1_675' title='bbox 380 5084 508 5158; x_wconf 85' lang='lat' dir='ltr'><strong>illis,</strong></span> <span class='ocrx_word' id='word_1_676' title='bbox 529 5084 670 5160; x_wconf 60' lang='lat' dir='ltr'><strong>&#39;quod</strong></span> <span class='ocrx_word' id='word_1_677' title='bbox 691 5086 754 5141; x_wconf 88' lang='lat' dir='ltr'><strong>de</strong></span> <span class='ocrx_word' id='word_1_678' title='bbox 774 5084 1025 5140; x_wconf 80' lang='lat' dir='ltr'><strong>Hibernia</strong></span> <span class='ocrx_word' id='word_1_679' title='bbox 1047 5084 1156 5136; x_wconf 87' lang='lat' dir='ltr'><strong>nati</strong></span> <span class='ocrx_word' id='word_1_680' title='bbox 1185 5099 1358 5136; x_wconf 87' lang='lat' dir='ltr'><strong>sumus</strong></span> <span class='ocrx_word' id='word_1_681' title='bbox 1381 5100 1397 5137; x_wconf 91' lang='lat'><em>:</em></span> <span class='ocrx_word' id='word_1_682' title='bbox 1429 5088 1503 5138; x_wconf 90' lang='lat' dir='ltr'><strong>sic</strong></span> <span class='ocrx_word' id='word_1_683' title='bbox 1523 5087 1656 5138; x_wconf 87' lang='lat' dir='ltr'><strong>enim</strong></span> <span class='ocrx_word' id='word_1_684' title='bbox 1677 5086 1842 5138; x_wconf 84' lang='lat' dir='ltr'><strong>aiunt.</strong></span> 
     </span>
    </p>
   </div>
   <div class='ocr_carea' id='block_1_84' title="bbox 2002 3379 3624 3452">
    <p class='ocr_par' dir='ltr' id='par_1_84' title="bbox 2002 3379 3624 3452">
     <span class='ocr_line' id='line_1_87' title="bbox 2002 3379 3624 3452; baseline -0.001 -17"><span class='ocrx_word' id='word_1_685' title='bbox 2002 3448 2007 3452; x_wconf 24' lang='grc' dir='ltr'><strong>η</strong></span> <span class='ocrx_word' id='word_1_686' title='bbox 2048 3388 2329 3450; x_wconf 86' lang='lat' dir='ltr'><strong>promptus</strong></span> <span class='ocrx_word' id='word_1_687' title='bbox 2359 3379 2536 3444; x_wconf 80' lang='lat' dir='ltr'><strong>fuerit,</strong></span> <span class='ocrx_word' id='word_1_688' title='bbox 2561 3389 2621 3434; x_wconf 93' lang='lat' dir='ltr'><strong>ut</strong></span> <span class='ocrx_word' id='word_1_689' title='bbox 2663 3381 2732 3434; x_wconf 89' lang='lat' dir='ltr'><strong>sit</strong></span> <span class='ocrx_word' id='word_1_690' title='bbox 2760 3382 2973 3448; x_wconf 86' lang='lat' dir='ltr'><strong>gerulus</strong></span> <span class='ocrx_word' id='word_1_691' title='bbox 3002 3381 3296 3435; x_wconf 89' lang='lat' dir='ltr'><strong>litterarum</strong></span> <span class='ocrx_word' id='word_1_692' title='bbox 3322 3381 3531 3444; x_wconf 89' lang='lat' dir='ltr'><strong>harum,</strong></span> <span class='ocrx_word' id='word_1_693' title='bbox 3565 3389 3624 3434; x_wconf 88' lang='lat' dir='ltr'><strong>ut</strong></span> 
     </span>
    </p>
   </div>
   <div class='ocr_carea' id='block_1_85' title="bbox 2051 3469 3623 3541">
    <p class='ocr_par' dir='ltr' id='par_1_85' title="bbox 2051 3469 3623 3541">
     <span class='ocr_line' id='line_1_88' title="bbox 2051 3469 3623 3541; baseline -0.002 -16"><span class='ocrx_word' id='word_1_694' title='bbox 2051 3471 2360 3540; x_wconf 91' lang='lat' dir='ltr'><strong>neutiquam</strong></span> <span class='ocrx_word' id='word_1_695' title='bbox 2409 3471 2753 3525; x_wconf 87' lang='lat' dir='ltr'><strong>subtrahatur</strong></span> <span class='ocrx_word' id='word_1_696' title='bbox 2777 3487 2806 3524; x_wconf 90' lang='lat' dir='ltr'><strong>a</strong></span> <span class='ocrx_word' id='word_1_697' title='bbox 2838 3472 3080 3540; x_wconf 87' lang='lat' dir='ltr'><strong>nemine,</strong></span> <span class='ocrx_word' id='word_1_698' title='bbox 3109 3471 3201 3526; x_wconf 91' lang='lat' dir='ltr'><strong>sed</strong></span> <span class='ocrx_word' id='word_1_699' title='bbox 3231 3471 3401 3540; x_wconf 88' lang='lat' dir='ltr'><strong>magis</strong></span> <span class='ocrx_word' id='word_1_700' title='bbox 3447 3469 3623 3541; x_wconf 88' lang='lat' dir='ltr'><strong>potius</strong></span> 
     </span>
    </p>
   </div>
   <div class='ocr_carea' id='block_1_86' title="bbox 2050 3560 3619 3631">
    <p class='ocr_par' dir='ltr' id='par_1_86' title="bbox 2050 3560 3619 3631">
     <span class='ocr_line' id='line_1_89' title="bbox 2050 3560 3619 3631; baseline 0 -17"><span class='ocrx_word' id='word_1_701' title='bbox 2050 3560 2258 3628; x_wconf 90' lang='lat' dir='ltr'><strong>legatur</strong></span> <span class='ocrx_word' id='word_1_702' title='bbox 2282 3575 2463 3614; x_wconf 90' lang='lat' dir='ltr'><strong>coram</strong></span> <span class='ocrx_word' id='word_1_703' title='bbox 2484 3560 2689 3614; x_wconf 90' lang='lat' dir='ltr'><strong>cunctis</strong></span> <span class='ocrx_word' id='word_1_704' title='bbox 2713 3560 2975 3630; x_wconf 89' lang='lat' dir='ltr'><strong>plebibus,</strong></span> <span class='ocrx_word' id='word_1_705' title='bbox 3007 3571 3062 3615; x_wconf 89' lang='lat' dir='ltr'><strong>et</strong></span> <span class='ocrx_word' id='word_1_706' title='bbox 3083 3576 3265 3616; x_wconf 89' lang='lat' dir='ltr'><strong>coram</strong></span> <span class='ocrx_word' id='word_1_707' title='bbox 3301 3562 3418 3631; x_wconf 91' lang='lat' dir='ltr'><strong>ipso</strong></span> <span class='ocrx_word' id='word_1_708' title='bbox 3447 3561 3619 3616; x_wconf 87' lang='lat' dir='ltr'><strong>Coro-</strong></span> 
     </span>
    </p>
   </div>
   <div class='ocr_carea' id='block_1_87' title="bbox 2051 3651 3624 3724">
    <p class='ocr_par' dir='ltr' id='par_1_87' title="bbox 2051 3651 3624 3724">
     <span class='ocr_line' id='line_1_90' title="bbox 2051 3651 3624 3724; baseline -0.002 -16"><span class='ocrx_word' id='word_1_709' title='bbox 2051 3654 2180 3709; x_wconf 91' lang='lat' dir='ltr'><strong>tico.</strong></span> <span class='ocrx_word' id='word_1_710' title='bbox 2212 3651 2364 3719; x_wconf 88' lang='lat' dir='ltr'><strong>Quod</strong></span> <span class='ocrx_word' id='word_1_711' title='bbox 2393 3653 2436 3708; x_wconf 82' lang='lat' dir='ltr'><strong>si</strong></span> <span class='ocrx_word' id='word_1_712' title='bbox 2478 3651 2620 3719; x_wconf 88' lang='lat' dir='ltr'><strong>Deus</strong></span> <span class='ocrx_word' id='word_1_713' title='bbox 2660 3653 2884 3724; x_wconf 88' lang='lat' dir='ltr'><strong>inspirat</strong></span> <span class='ocrx_word' id='word_1_714' title='bbox 2925 3653 3044 3708; x_wconf 86' lang='lat' dir='ltr'><strong>illos</strong></span> <span class='ocrx_word' id='word_1_715' title='bbox 3082 3662 3139 3708; x_wconf 92' lang='lat' dir='ltr'><strong>ut</strong></span> <span class='ocrx_word' id='word_1_716' title='bbox 3167 3653 3484 3723; x_wconf 89' lang='lat' dir='ltr'><strong>quandoque</strong></span> <span class='ocrx_word' id='word_1_717' title='bbox 3512 3651 3624 3706; x_wconf 92' lang='lat' dir='ltr'><strong>Deo</strong></span> 
     </span>
    </p>
   </div>
   <div class='ocr_carea' id='block_1_88' title="bbox 2051 3745 3625 3816">
    <p class='ocr_par' dir='ltr' id='par_1_88' title="bbox 2051 3745 3625 3816">
     <span class='ocr_line' id='line_1_91' title="bbox 2051 3745 3625 3816; baseline -0.001 -16"><span class='ocrx_word' id='word_1_718' title='bbox 2051 3745 2391 3816; x_wconf 89' lang='lat' dir='ltr'><strong>resipiscant,</strong></span> <span class='ocrx_word' id='word_1_719' title='bbox 2417 3753 2471 3800; x_wconf 91' lang='lat' dir='ltr'><strong>et</strong></span> <span class='ocrx_word' id='word_1_720' title='bbox 2498 3747 2583 3800; x_wconf 92' lang='lat' dir='ltr'><strong>vel</strong></span> <span class='ocrx_word' id='word_1_721' title='bbox 2629 3761 2751 3801; x_wconf 88' lang='lat' dir='ltr'><strong>sero</strong></span> <span class='ocrx_word' id='word_1_722' title='bbox 2788 3749 3081 3816; x_wconf 79' lang='lat' dir='ltr'><strong>pmuiteant</strong></span> <span class='ocrx_word' id='word_1_723' title='bbox 3128 3745 3273 3814; x_wconf 90' lang='lat' dir='ltr'><strong>quod</strong></span> <span class='ocrx_word' id='word_1_724' title='bbox 3320 3757 3425 3800; x_wconf 89' lang='lat' dir='ltr'><strong>tam</strong></span> <span class='ocrx_word' id='word_1_725' title='bbox 3467 3745 3625 3814; x_wconf 88' lang='lat' dir='ltr'><strong>impie</strong></span> 
     </span>
    </p>
   </div>
   <div class='ocr_carea' id='block_1_89' title="bbox 2052 3835 3790 3906">
    <p class='ocr_par' dir='ltr' id='par_1_89' title="bbox 2052 3835 3790 3906">
     <span class='ocr_line' id='line_1_92' title="bbox 2052 3835 3790 3906; baseline -0.003 -14"><span class='ocrx_word' id='word_1_726' title='bbox 2052 3845 2330 3906; x_wconf 89' lang='lat' dir='ltr'><strong>gesserunt</strong></span> <span class='ocrx_word' id='word_1_727' title='bbox 2356 3835 2639 3891; x_wconf 66' lang='lat' dir='ltr'><strong>homicidae</strong></span> <span class='ocrx_word' id='word_1_728' title='bbox 2685 3850 2813 3904; x_wconf 88' lang='lat' dir='ltr'><strong>erga</strong></span> <span class='ocrx_word' id='word_1_729' title='bbox 2842 3836 3032 3891; x_wconf 78' lang='lat' dir='ltr'><strong>fratres</strong></span> <span class='ocrx_word' id='word_1_730' title='bbox 3061 3835 3290 3898; x_wconf 90' lang='lat' dir='ltr'><strong>Domini,</strong></span> <span class='ocrx_word' id='word_1_731' title='bbox 3322 3842 3376 3889; x_wconf 89' lang='lat' dir='ltr'><strong>et</strong></span> <span class='ocrx_word' id='word_1_732' title='bbox 3402 3835 3625 3889; x_wconf 81' lang='lat' dir='ltr'><strong>liberem</strong></span> <span class='ocrx_word' id='word_1_733' title='bbox 3707 3855 3714 3861; x_wconf 85' lang='lat'><strong><em>-</em></strong></span> <span class='ocrx_word' id='word_1_734' title='bbox 3767 3840 3790 3856; x_wconf 80' lang='lat'><strong><em>’</em></strong></span> 
     </span>
    </p>
   </div>
   <div class='ocr_carea' id='block_1_90' title="bbox 2053 3927 3617 3998">
    <p class='ocr_par' dir='ltr' id='par_1_90' title="bbox 2053 3927 3617 3998">
     <span class='ocr_line' id='line_1_93' title="bbox 2053 3927 3617 3998; baseline -0.003 -15"><span class='ocrx_word' id='word_1_735' title='bbox 2053 3928 2294 3998; x_wconf 88' lang='lat' dir='ltr'><strong>captivas</strong></span> <span class='ocrx_word' id='word_1_736' title='bbox 2346 3927 2645 3997; x_wconf 88' lang='lat' dir='ltr'><strong>baptizatas</strong></span> <span class='ocrx_word' id='word_1_737' title='bbox 2671 3941 2803 3996; x_wconf 91' lang='lat' dir='ltr'><strong>quas</strong></span> <span class='ocrx_word' id='word_1_738' title='bbox 2845 3935 2968 3980; x_wconf 89' lang='lat' dir='ltr'><strong>ante</strong></span> <span class='ocrx_word' id='word_1_739' title='bbox 2994 3934 3270 3996; x_wconf 90' lang='lat' dir='ltr'><strong>ceperunt,</strong></span> <span class='ocrx_word' id='word_1_740' title='bbox 3303 3927 3376 3980; x_wconf 89' lang='lat' dir='ltr'><strong>ita</strong></span> <span class='ocrx_word' id='word_1_741' title='bbox 3405 3933 3465 3980; x_wconf 90' lang='lat' dir='ltr'><strong>ut</strong></span> <span class='ocrx_word' id='word_1_742' title='bbox 3508 3940 3617 3979; x_wconf 84' lang='lat' dir='ltr'><strong>me-</strong></span> 
     </span>
    </p>
   </div>
   <div class='ocr_carea' id='block_1_91' title="bbox 2053 4014 3621 4087">
    <p class='ocr_par' dir='ltr' id='par_1_91' title="bbox 2053 4014 3621 4087">
     <span class='ocr_line' id='line_1_94' title="bbox 2053 4014 3621 4087; baseline -0.003 -14"><span class='ocrx_word' id='word_1_743' title='bbox 2053 4027 2274 4073; x_wconf 91' lang='lat' dir='ltr'><strong>reantur</strong></span> <span class='ocrx_word' id='word_1_744' title='bbox 2293 4018 2405 4073; x_wconf 92' lang='lat' dir='ltr'><strong>Deo</strong></span> <span class='ocrx_word' id='word_1_745' title='bbox 2433 4019 2635 4087; x_wconf 87' lang='lat' dir='ltr'><strong>vivere,</strong></span> <span class='ocrx_word' id='word_1_746' title='bbox 2656 4026 2710 4073; x_wconf 91' lang='lat' dir='ltr'><strong>et</strong></span> <span class='ocrx_word' id='word_1_747' title='bbox 2731 4018 2845 4072; x_wconf 91' lang='lat' dir='ltr'><strong>sani</strong></span> <span class='ocrx_word' id='word_1_748' title='bbox 2875 4014 3172 4072; x_wconf 81' lang='lat' dir='ltr'><strong>etﬁciantur</strong></span> <span class='ocrx_word' id='word_1_749' title='bbox 3199 4016 3286 4070; x_wconf 92' lang='lat' dir='ltr'><strong>hic</strong></span> <span class='ocrx_word' id='word_1_750' title='bbox 3313 4017 3444 4071; x_wconf 86' lang='lat' dir='ltr'><strong>etin</strong></span> <span class='ocrx_word' id='word_1_751' title='bbox 3471 4023 3621 4070; x_wconf 33' lang='lat' dir='ltr'><strong>cetera</strong></span> 
     </span>
    </p>
   </div>
   <div class='ocr_carea' id='block_1_92' title="bbox 2056 4108 3587 4180">
    <p class='ocr_par' dir='ltr' id='par_1_92' title="bbox 2056 4108 3587 4180">
     <span class='ocr_line' id='line_1_95' title="bbox 2056 4108 3587 4180; baseline -0.001 -14"><span class='ocrx_word' id='word_1_752' title='bbox 2056 4127 2203 4166; x_wconf 87' lang='lat' dir='ltr'><strong>nmn.</strong></span> <span class='ocrx_word' id='word_1_753' title='bbox 2237 4109 2349 4165; x_wconf 87' lang='lat' dir='ltr'><strong>Pax</strong></span> <span class='ocrx_word' id='word_1_754' title='bbox 2378 4108 2545 4176; x_wconf 87' lang='lat' dir='ltr'><strong>Patri,</strong></span> <span class='ocrx_word' id='word_1_755' title='bbox 2576 4119 2630 4166; x_wconf 93' lang='lat' dir='ltr'><strong>et</strong></span> <span class='ocrx_word' id='word_1_756' title='bbox 2652 4109 2810 4178; x_wconf 89' lang='lat' dir='ltr'><strong>Filio,</strong></span> <span class='ocrx_word' id='word_1_757' title='bbox 2839 4117 2894 4165; x_wconf 91' lang='lat' dir='ltr'><strong>et</strong></span> <span class='ocrx_word' id='word_1_758' title='bbox 2914 4108 3136 4180; x_wconf 91' lang='lat' dir='ltr'><strong>Spiritui</strong></span> <span class='ocrx_word' id='word_1_759' title='bbox 3163 4116 3367 4164; x_wconf 90' lang='lat' dir='ltr'><strong>sancto.</strong></span> <span class='ocrx_word' id='word_1_760' title='bbox 3401 4108 3587 4164; x_wconf 81' lang='lat' dir='ltr'><strong>Amen.</strong></span> 
     </span>
    </p>
   </div>
   <div class='ocr_carea' id='block_1_93' title="bbox 2134 4317 3631 4440">
    <p class='ocr_par' dir='ltr' id='par_1_93' title="bbox 2134 4317 3631 4440">
     <span class='ocr_line' id='line_1_96' title="bbox 2134 4317 3631 4440; baseline -0.001 -67"><span class='ocrx_word' id='word_1_761' title='bbox 2134 4327 2157 4355; x_wconf 75' lang='grc' dir='ltr'>ε</span> <span class='ocrx_word' id='word_1_762' title='bbox 2187 4317 2439 4400; x_wconf 67' lang='lat' dir='ltr'><strong>ilibernia</strong></span> <span class='ocrx_word' id='word_1_763' title='bbox 2468 4334 2798 4404; x_wconf 59' lang='lat' dir='ltr'><strong>quaesupra</strong></span> <span class='ocrx_word' id='word_1_764' title='bbox 2830 4319 3111 4375; x_wconf 84' lang='lat' dir='ltr'><strong>Hiberione</strong></span> <span class='ocrx_word' id='word_1_765' title='bbox 3156 4318 3544 4440; x_wconf 47' lang='lat' dir='ltr'><strong>appellabatur,</strong></span> <span class='ocrx_word' id='word_1_766' title='bbox 3577 4318 3631 4372; x_wconf 93' lang='lat' dir='ltr'><strong>in</strong></span> 
     </span>
     <span class='ocr_line' id='line_1_97' title="bbox 2134 4385 3629 4440; baseline 0 0"><span class='ocrx_word' id='word_1_767' title='bbox 2134 4389 2304 4440; x_wconf 82' lang='lat' dir='ltr'><strong>Imhus</strong></span> <span class='ocrx_word' id='word_1_768' title='bbox 2327 4392 2718 4440; x_wconf 81' lang='lat' dir='ltr'><strong>exemnlanhus</strong></span> <span class='ocrx_word' id='word_1_769' title='bbox 2747 4391 2836 4440; x_wconf 78' lang='lat' dir='ltr'><strong>hic</strong></span> <span class='ocrx_word' id='word_1_770' title='bbox 2860 4391 3162 4440; x_wconf 84' lang='lat' dir='ltr'><strong>annellatur</strong></span> <span class='ocrx_word' id='word_1_771' title='bbox 3257 4387 3437 4440; x_wconf 71' lang='lat' dir='ltr'><strong>iterm.</strong></span> <span class='ocrx_word' id='word_1_772' title='bbox 3469 4385 3629 4440; x_wconf 73' lang='lat' dir='ltr'><strong>WAR.</strong></span> 
     </span>
    </p>
   </div>
   <div class='ocr_carea' id='block_1_94' title="bbox 2057 4385 3629 4462">
    <p class='ocr_par' dir='ltr' id='par_1_94' title="bbox 2057 4385 3629 4462">
     <span class='ocr_line' id='line_1_98' title="bbox 2057 4385 3629 4462; baseline -0.001 -20"><span class='ocrx_word' id='word_1_773' title='bbox 2057 4389 2304 4462; x_wconf 69' lang='lat' dir='ltr'><strong>omnibus</strong></span> <span class='ocrx_word' id='word_1_774' title='bbox 2327 4385 2718 4462; x_wconf 76' lang='lat' dir='ltr'><strong>exemplaribus</strong></span> <span class='ocrx_word' id='word_1_775' title='bbox 2747 4391 2836 4445; x_wconf 90' lang='lat' dir='ltr'><strong>hic</strong></span> <span class='ocrx_word' id='word_1_776' title='bbox 2860 4391 3182 4462; x_wconf 88' lang='lat' dir='ltr'><strong>appellatur_</strong></span> <span class='ocrx_word' id='word_1_777' title='bbox 3197 4385 3629 4462; x_wconf 36' lang='lat' dir='ltr'><strong>&#39;l_l_il:eria.__WAn.</strong></span> 
     </span>
    </p>
   </div>
   <div class='ocr_carea' id='block_1_95' title="bbox 2133 4457 3630 4586">
    <p class='ocr_par' dir='ltr' id='par_1_95' title="bbox 2133 4457 3630 4586">
     <span class='ocr_line' id='line_1_99' title="bbox 2133 4457 3630 4523; baseline -0.003 -10"><span class='ocrx_word' id='word_1_778' title='bbox 2133 4457 2152 4496; x_wconf 77' lang='grc' dir='ltr'><strong>ί</strong></span> <span class='ocrx_word' id='word_1_779' title='bbox 2183 4458 2309 4514; x_wconf 91' lang='lat' dir='ltr'><strong>Post</strong></span> <span class='ocrx_word' id='word_1_780' title='bbox 2357 4457 2501 4516; x_wconf 76' lang='lat' dir='ltr'><strong>hanc</strong></span> <span class='ocrx_word' id='word_1_781' title='bbox 2537 4476 2720 4516; x_wconf 90' lang='lat' dir='ltr'><strong>vocem</strong></span> <span class='ocrx_word' id='word_1_782' title='bbox 2779 4457 3102 4516; x_wconf 75' lang='lat' dir='ltr'><strong>interserunt</strong></span> <span class='ocrx_word' id='word_1_783' title='bbox 3149 4457 3528 4523; x_wconf 89' lang='lat' dir='ltr'><strong>Bolland.,illo</strong></span> <span class='ocrx_word' id='word_1_784' title='bbox 3574 4457 3630 4511; x_wconf 92' lang='lat' dir='ltr'><strong>in</strong></span> 
     </span>
     <span class='ocr_line' id='line_1_100' title="bbox 2133 4529 3304 4586; baseline -0.001 -5"><span class='ocrx_word' id='word_1_785' title='bbox 2133 4545 2300 4586; x_wconf 83' lang='lat' dir='ltr'><strong>nnore.</strong></span> <span class='ocrx_word' id='word_1_786' title='bbox 2337 4530 2458 4585; x_wconf 87' lang='lat' dir='ltr'><strong>Mox</strong></span> <span class='ocrx_word' id='word_1_787' title='bbox 2491 4531 2650 4586; x_wconf 91' lang='lat' dir='ltr'><strong>iidem</strong></span> <span class='ocrx_word' id='word_1_788' title='bbox 2673 4531 2937 4585; x_wconf 78' lang='lat' dir='ltr'><strong>credentes</strong></span> <span class='ocrx_word' id='word_1_789' title='bbox 2966 4541 3015 4584; x_wconf 89' lang='lat' dir='ltr'><strong>et</strong></span> <span class='ocrx_word' id='word_1_790' title='bbox 3041 4529 3304 4586; x_wconf 80' lang='lat' dir='ltr'><strong>bantizati.</strong></span> 
     </span>
    </p>
   </div>
   <div class='ocr_carea' id='block_1_96' title="bbox 2058 4537 3631 4671">
    <p class='ocr_par' dir='ltr' id='par_1_96' title="bbox 2058 4537 3631 4671">
     <span class='ocr_line' id='line_1_101' title="bbox 2058 4537 3304 4600; baseline -0.001 -19"><span class='ocrx_word' id='word_1_791' title='bbox 2058 4537 2300 4597; x_wconf 88' lang='lat' dir='ltr'><strong>tempore.</strong></span> <span class='ocrx_word' id='word_1_792' title='bbox 2337 4537 2458 4585; x_wconf 86' lang='lat' dir='ltr'><strong>Mox</strong></span> <span class='ocrx_word' id='word_1_793' title='bbox 2491 4537 2650 4586; x_wconf 90' lang='lat' dir='ltr'><strong>iidem</strong></span> <span class='ocrx_word' id='word_1_794' title='bbox 2673 4537 2937 4585; x_wconf 78' lang='lat' dir='ltr'><strong>credentes</strong></span> <span class='ocrx_word' id='word_1_795' title='bbox 2966 4541 3015 4584; x_wconf 89' lang='lat' dir='ltr'><strong>et</strong></span> <span class='ocrx_word' id='word_1_796' title='bbox 3041 4537 3304 4600; x_wconf 80' lang='lat' dir='ltr'><strong>baptizati.</strong></span> 
     </span>
     <span class='ocr_line' id='line_1_102' title="bbox 2070 4595 3631 4671; baseline -0.002 -20"><span class='ocrx_word' id='word_1_797' title='bbox 2070 4669 2105 4671; x_wconf 97' lang='lat'><strong>__</strong></span> <span class='ocrx_word' id='word_1_798' title='bbox 2130 4609 2155 4646; x_wconf 78' lang='grc' dir='ltr'><strong>ις</strong></span> <span class='ocrx_word' id='word_1_799' title='bbox 2169 4598 2259 4671; x_wconf 82' lang='lat' dir='ltr'><strong>Sic</strong></span> <span class='ocrx_word' id='word_1_800' title='bbox 2279 4602 2648 4671; x_wconf 88' lang='lat' dir='ltr'><strong>rescripsimus</strong></span> <span class='ocrx_word' id='word_1_801' title='bbox 2667 4617 2789 4656; x_wconf 88' lang='lat' dir='ltr'><strong>cum</strong></span> <span class='ocrx_word' id='word_1_802' title='bbox 2812 4601 3079 4663; x_wconf 88' lang='lat' dir='ltr'><strong>Bolland.,</strong></span> <span class='ocrx_word' id='word_1_803' title='bbox 3095 4612 3268 4666; x_wconf 91' lang='lat' dir='ltr'><strong>neque</strong></span> <span class='ocrx_word' id='word_1_804' title='bbox 3287 4597 3428 4651; x_wconf 89' lang='lat' dir='ltr'><strong>enim</strong></span> <span class='ocrx_word' id='word_1_805' title='bbox 3452 4595 3631 4665; x_wconf 89' lang='lat' dir='ltr'><strong>placet</strong></span> 
     </span>
    </p>
   </div>
   <div class='ocr_carea' id='block_1_97' title="bbox 2061 4669 2452 4725">
    <p class='ocr_par' dir='ltr' id='par_1_97' title="bbox 2061 4669 2452 4725">
     <span class='ocr_line' id='line_1_103' title="bbox 2061 4669 2452 4725; baseline 0.003 -1"><span class='ocrx_word' id='word_1_806' title='bbox 2061 4669 2209 4724; x_wconf 86' lang='lat' dir='ltr'><strong>Unde</strong></span> <span class='ocrx_word' id='word_1_807' title='bbox 2237 4669 2452 4725; x_wconf 71' lang='lat' dir='ltr'><strong>Warmi.</strong></span> 
     </span>
    </p>
   </div>
   <div class='ocr_carea' id='block_1_98' title="bbox 2126 4733 3633 4802">
    <p class='ocr_par' dir='ltr' id='par_1_98' title="bbox 2126 4733 3633 4802">
     <span class='ocr_line' id='line_1_104' title="bbox 2126 4733 3633 4802; baseline -0.003 -8"><span class='ocrx_word' id='word_1_808' title='bbox 2126 4737 2154 4776; x_wconf 70' lang='grc' dir='ltr'>δ</span> <span class='ocrx_word' id='word_1_809' title='bbox 2184 4740 2256 4794; x_wconf 86' lang='lat' dir='ltr'><strong>Ita</strong></span> <span class='ocrx_word' id='word_1_810' title='bbox 2289 4741 2529 4794; x_wconf 86' lang='lat' dir='ltr'><strong>Bolland.</strong></span> <span class='ocrx_word' id='word_1_811' title='bbox 2583 4740 2706 4794; x_wconf 85' lang='lat' dir='ltr'><strong>Haec</strong></span> <span class='ocrx_word' id='word_1_812' title='bbox 2736 4755 2863 4793; x_wconf 89' lang='lat' dir='ltr'><strong>vero</strong></span> <span class='ocrx_word' id='word_1_813' title='bbox 2912 4739 3085 4792; x_wconf 88' lang='lat' dir='ltr'><strong>hiulca</strong></span> <span class='ocrx_word' id='word_1_814' title='bbox 3115 4746 3170 4790; x_wconf 90' lang='lat' dir='ltr'><strong>et</strong></span> <span class='ocrx_word' id='word_1_815' title='bbox 3205 4733 3462 4790; x_wconf 88' lang='lat' dir='ltr'><strong>mendosa</strong></span> <span class='ocrx_word' id='word_1_816' title='bbox 3492 4733 3633 4802; x_wconf 88' lang='lat' dir='ltr'><strong>apud</strong></span> 
     </span>
    </p>
   </div>
   <div class='ocr_carea' id='block_1_99' title="bbox 2058 4803 3633 4932">
    <p class='ocr_par' dir='ltr' id='par_1_99' title="bbox 2058 4803 3633 4932">
     <span class='ocr_line' id='line_1_105' title="bbox 2058 4803 3633 4872; baseline -0.003 -9"><span class='ocrx_word' id='word_1_817' title='bbox 2058 4809 2325 4864; x_wconf 68' lang='lat' dir='ltr'><strong>Warmum</strong></span> <span class='ocrx_word' id='word_1_818' title='bbox 2348 4810 2435 4863; x_wconf 85' lang='lat' dir='ltr'><strong>hic</strong></span> <span class='ocrx_word' id='word_1_819' title='bbox 2469 4828 2480 4861; x_wconf 93' lang='lat'>:</span> <span class='ocrx_word' id='word_1_820' title='bbox 2517 4809 2615 4861; x_wconf 89' lang='lat' dir='ltr'><strong>Ubi</strong></span> <span class='ocrx_word' id='word_1_821' title='bbox 2636 4826 2690 4862; x_wconf 89' lang='lat' dir='ltr'><strong>se</strong></span> <span class='ocrx_word' id='word_1_822' title='bbox 2715 4809 2972 4872; x_wconf 75' lang='lat' dir='ltr'><strong>ridebunt,</strong></span> <span class='ocrx_word' id='word_1_823' title='bbox 3003 4822 3118 4859; x_wconf 87' lang='lat' dir='ltr'><strong>cum</strong></span> <span class='ocrx_word' id='word_1_824' title='bbox 3136 4807 3274 4859; x_wconf 88' lang='lat' dir='ltr'><strong>inter</strong></span> <span class='ocrx_word' id='word_1_825' title='bbox 3306 4803 3633 4858; x_wconf 80' lang='lat' dir='ltr'><strong>mulierculas</strong></span> 
     </span>
     <span class='ocr_line' id='line_1_106' title="bbox 2061 4877 3015 4932; baseline 0.001 -3"><span class='ocrx_word' id='word_1_826' title='bbox 2061 4878 2352 4932; x_wconf 72' lang='lat' dir='ltr'><strong>baptizatus</strong></span> <span class='ocrx_word' id='word_1_827' title='bbox 2383 4879 2596 4932; x_wconf 76' lang='lat' dir='ltr'><strong>prtemia</strong></span> <span class='ocrx_word' id='word_1_828' title='bbox 2623 4877 3015 4931; x_wconf 87' lang='lat' dir='ltr'><strong>distribuuntur.</strong></span> 
     </span>
    </p>
   </div>
   <div class='ocr_carea' id='block_1_100' title="bbox 2094 4895 3632 5016">
    <p class='ocr_par' dir='ltr' id='par_1_100' title="bbox 2094 4895 3632 5016">
     <span class='ocr_line' id='line_1_107' title="bbox 2094 4895 3015 4946; baseline -0.001 -15"><span class='ocrx_word' id='word_1_829' title='bbox 2094 4895 2352 4946; x_wconf 72' lang='lat' dir='ltr'><strong>npuzatas</strong></span> <span class='ocrx_word' id='word_1_830' title='bbox 2383 4895 2596 4944; x_wconf 76' lang='lat' dir='ltr'><strong>prtemia</strong></span> <span class='ocrx_word' id='word_1_831' title='bbox 2623 4895 3015 4931; x_wconf 82' lang='lat' dir='ltr'><strong>aismouunmr.</strong></span> 
     </span>
     <span class='ocr_line' id='line_1_108' title="bbox 2137 4946 3632 5016; baseline -0.001 -16"><span class='ocrx_word' id='word_1_832' title='bbox 2137 4946 2151 4983; x_wconf 77' lang='grc' dir='ltr'><strong>ί</strong></span> <span class='ocrx_word' id='word_1_833' title='bbox 2187 4947 2262 5000; x_wconf 90' lang='lat' dir='ltr'><strong>lta</strong></span> <span class='ocrx_word' id='word_1_834' title='bbox 2293 4947 2556 5016; x_wconf 82' lang='lat' dir='ltr'><strong>Bolland.,</strong></span> <span class='ocrx_word' id='word_1_835' title='bbox 2590 4948 2679 5002; x_wconf 92' lang='lat' dir='ltr'><strong>ubi</strong></span> <span class='ocrx_word' id='word_1_836' title='bbox 2715 4947 2992 5016; x_wconf 18' lang='lat' dir='ltr'><strong>,Waraeus,</strong></span> <span class='ocrx_word' id='word_1_837' title='bbox 3025 4947 3290 5016; x_wconf 68' lang='lat' dir='ltr'><strong>imperitia;</strong></span> <span class='ocrx_word' id='word_1_838' title='bbox 3324 4961 3454 5000; x_wconf 76' lang='lat' dir='ltr'><strong>mete</strong></span> <span class='ocrx_word' id='word_1_839' title='bbox 3483 4961 3499 4998; x_wconf 92' lang='lat'><strong><em>:</em></strong></span> <span class='ocrx_word' id='word_1_840' title='bbox 3531 4959 3632 5016; x_wconf 78' lang='lat' dir='ltr'><strong>non</strong></span> 
     </span>
    </p>
   </div>
   <div class='ocr_carea' id='block_1_101' title="bbox 2059 5014 3634 5140">
    <p class='ocr_par' dir='ltr' id='par_1_101' title="bbox 2059 5014 3634 5140">
     <span class='ocr_line' id='line_1_109' title="bbox 2059 5014 3634 5139; baseline -0.001 -71"><span class='ocrx_word' id='word_1_841' title='bbox 2059 5033 2173 5139; x_wconf 47' lang='lat' dir='ltr'><strong>{nea</strong></span> <span class='ocrx_word' id='word_1_842' title='bbox 2209 5014 2378 5098; x_wconf 71' lang='lat' dir='ltr'><strong>verba,</strong></span> <span class='ocrx_word' id='word_1_843' title='bbox 2411 5017 2520 5075; x_wconf 86' lang='lat' dir='ltr'><strong>sed,</strong></span> <span class='ocrx_word' id='word_1_844' title='bbox 2552 5024 2655 5070; x_wconf 92' lang='lat' dir='ltr'><strong>etc.</strong></span> <span class='ocrx_word' id='word_1_845' title='bbox 2708 5015 2830 5071; x_wconf 83' lang='lat' dir='ltr'><strong>Mox</strong></span> <span class='ocrx_word' id='word_1_846' title='bbox 2855 5014 3103 5070; x_wconf 82' lang='lat' dir='ltr'><strong>Latinum</strong></span> <span class='ocrx_word' id='word_1_847' title='bbox 3153 5017 3352 5086; x_wconf 89' lang='lat' dir='ltr'><strong>absque</strong></span> <span class='ocrx_word' id='word_1_848' title='bbox 3380 5014 3634 5086; x_wconf 65' lang='lat' dir='ltr'><strong>praeposi-</strong></span> 
     </span>
     <span class='ocr_line' id='line_1_110' title="bbox 2075 5101 2302 5140; baseline 0.004 -2"><span class='ocrx_word' id='word_1_849' title='bbox 2075 5101 2206 5140; x_wconf 72' lang='lat' dir='ltr'><strong>ione</strong></span> <span class='ocrx_word' id='word_1_850' title='bbox 2229 5103 2302 5139; x_wconf 82' lang='lat' dir='ltr'><strong>in.</strong></span> 
     </span>
    </p>
   </div>
   <div class='ocr_carea' id='block_1_102' title="bbox 1377 5295 2562 5400">
    <p class='ocr_par' dir='ltr' id='par_1_102' title="bbox 1377 5295 2562 5400">
     <span class='ocr_line' id='line_1_111' title="bbox 1377 5295 2562 5400; baseline 0.006 -7"><span class='ocrx_word' id='word_1_851' title='bbox 1377 5319 1863 5395; x_wconf 87' lang='lat' dir='ltr'><strong>SYNODUS</strong></span> <span class='ocrx_word' id='word_1_852' title='bbox 1917 5321 2002 5395; x_wconf 88' lang='lat' dir='ltr'><strong>s.</strong></span> <span class='ocrx_word' id='word_1_853' title='bbox 2068 5295 2562 5400; x_wconf 65' lang='lat' dir='ltr'><strong>pa&#39;rmcu</strong></span> 
     </span>
    </p>
   </div>
   <div class='ocr_carea' id='block_1_103' title="bbox 896 5496 1438 5554">
    <p class='ocr_par' dir='ltr' id='par_1_103' title="bbox 896 5496 1438 5554">
     <span class='ocr_line' id='line_1_112' title="bbox 896 5496 1438 5554; baseline -0.006 0"><span class='ocrx_word' id='word_1_854' title='bbox 896 5498 1118 5554; x_wconf 82' lang='lat' dir='ltr'><strong>CAPUT</strong></span> <span class='ocrx_word' id='word_1_855' title='bbox 1153 5496 1438 5552; x_wconf 81' lang='lat' dir='ltr'><strong>PRIMUM.</strong></span> 
     </span>
    </p>
   </div>
   <div class='ocr_carea' id='block_1_104' title="bbox 564 5593 1777 5666">
    <p class='ocr_par' dir='ltr' id='par_1_104' title="bbox 564 5593 1777 5666">
     <span class='ocr_line' id='line_1_113' title="bbox 564 5593 1777 5666; baseline -0.003 -14"><span class='ocrx_word' id='word_1_856' title='bbox 564 5595 646 5652; x_wconf 86' lang='lat' dir='ltr'><strong>De</strong></span> <span class='ocrx_word' id='word_1_857' title='bbox 663 5594 976 5651; x_wconf 70' lang='lat' dir='ltr'><strong>habitatione</strong></span> <span class='ocrx_word' id='word_1_858' title='bbox 995 5609 1109 5648; x_wconf 88' lang='lat' dir='ltr'><strong>cum</strong></span> <span class='ocrx_word' id='word_1_859' title='bbox 1139 5593 1384 5666; x_wconf 78' lang='lat' dir='ltr'><strong>fratribus</strong></span> <span class='ocrx_word' id='word_1_860' title='bbox 1411 5593 1777 5665; x_wconf 83' lang='lat' dir='ltr'><strong>peccatoribus.</strong></span> 
     </span>
    </p>
   </div>
   <div class='ocr_carea' id='block_1_105' title="bbox 459 5683 1955 5758">
    <p class='ocr_par' dir='ltr' id='par_1_105' title="bbox 459 5683 1955 5758">
     <span class='ocr_line' id='line_1_114' title="bbox 459 5683 1955 5758; baseline -0.004 -11"><span class='ocrx_word' id='word_1_861' title='bbox 459 5688 537 5747; x_wconf 83' lang='lat' dir='ltr'><strong>De</strong></span> <span class='ocrx_word' id='word_1_862' title='bbox 563 5703 630 5745; x_wconf 90' lang='lat' dir='ltr'><strong>eo</strong></span> <span class='ocrx_word' id='word_1_863' title='bbox 655 5687 797 5758; x_wconf 88' lang='lat' dir='ltr'><strong>quod</strong></span> <span class='ocrx_word' id='word_1_864' title='bbox 827 5685 1132 5750; x_wconf 86' lang='lat' dir='ltr'><strong>mandastis,</strong></span> <span class='ocrx_word' id='word_1_865' title='bbox 1163 5684 1231 5738; x_wconf 89' lang='lat' dir='ltr'><strong>de</strong></span> <span class='ocrx_word' id='word_1_866' title='bbox 1268 5683 1603 5740; x_wconf 87' lang='lat' dir='ltr'><strong>habitatione</strong></span> <span class='ocrx_word' id='word_1_867' title='bbox 1627 5700 1748 5740; x_wconf 91' lang='lat' dir='ltr'><strong>cum</strong></span> <span class='ocrx_word' id='word_1_868' title='bbox 1775 5686 1955 5742; x_wconf 80' lang='lat' dir='ltr'><strong>fratri-</strong></span> 
     </span>
    </p>
   </div>
   <div class='ocr_carea' id='block_1_106' title="bbox 392 5777 1959 5854">
    <p class='ocr_par' dir='ltr' id='par_1_106' title="bbox 392 5777 1959 5854">
     <span class='ocr_line' id='line_1_115' title="bbox 392 5777 1959 5854; baseline -0.005 -12"><span class='ocrx_word' id='word_1_869' title='bbox 392 5786 494 5842; x_wconf 87' lang='lat' dir='ltr'><strong>bus</strong></span> <span class='ocrx_word' id='word_1_870' title='bbox 519 5782 905 5854; x_wconf 80' lang='lat' dir='ltr'><strong>peccatoribus,</strong></span> <span class='ocrx_word' id='word_1_871' title='bbox 937 5780 1114 5836; x_wconf 87' lang='lat' dir='ltr'><strong>audite</strong></span> <span class='ocrx_word' id='word_1_872' title='bbox 1145 5777 1460 5849; x_wconf 79' lang='lat' dir='ltr'><strong>Apostolum</strong></span> <span class='ocrx_word' id='word_1_873' title='bbox 1487 5777 1754 5833; x_wconf 88' lang='lat' dir='ltr'><strong>dicentem</strong></span> <span class='ocrx_word' id='word_1_874' title='bbox 1787 5796 1801 5832; x_wconf 90' lang='lat'><strong>:</strong></span> <span class='ocrx_word' id='word_1_875' title='bbox 1830 5779 1959 5835; x_wconf 78' lang='lat' dir='ltr'><strong>Cum</strong></span> 
     </span>
    </p>
   </div>
   <div class='ocr_carea' id='block_1_107' title="bbox 398 5867 1953 5945">
    <p class='ocr_par' dir='ltr' id='par_1_107' title="bbox 398 5867 1953 5945">
     <span class='ocr_line' id='line_1_116' title="bbox 398 5867 1953 5945; baseline -0.002 -16"><span class='ocrx_word' id='word_1_876' title='bbox 398 5879 686 5945; x_wconf 83' lang='lat' dir='ltr'><strong>Imjusmodi</strong></span> <span class='ocrx_word' id='word_1_877' title='bbox 726 5892 789 5930; x_wconf 87' lang='lat' dir='ltr'><strong>ne</strong></span> <span class='ocrx_word' id='word_1_878' title='bbox 825 5875 990 5930; x_wconf 81' lang='lat' dir='ltr'><strong>cibum</strong></span> <span class='ocrx_word' id='word_1_879' title='bbox 1015 5871 1218 5944; x_wconf 75' lang='lat' dir='ltr'><strong>quidem</strong></span> <span class='ocrx_word' id='word_1_880' title='bbox 1261 5887 1454 5929; x_wconf 67' lang='lat' dir='ltr'><strong>«tutere</strong></span> <span class='ocrx_word' id='word_1_881' title='bbox 1495 5867 1551 5945; x_wconf 85' lang='grc'><strong>(1</strong></span> <span class='ocrx_word' id='word_1_882' title='bbox 1584 5867 1705 5926; x_wconf 88' lang='lat' dir='ltr'><strong>Cor.</strong></span> <span class='ocrx_word' id='word_1_883' title='bbox 1753 5886 1804 5938; x_wconf 89' lang='lat' dir='ltr'><strong>v,</strong></span> <span class='ocrx_word' id='word_1_884' title='bbox 1835 5871 1953 5943; x_wconf 78' lang='lat' dir='ltr'><strong>ll);</strong></span> 
     </span>
    </p>
   </div>
   <div class='ocr_carea' id='block_1_108' title="bbox 2055 5501 3646 5575">
    <p class='ocr_par' dir='ltr' id='par_1_108' title="bbox 2055 5501 3646 5575">
     <span class='ocr_line' id='line_1_117' title="bbox 2055 5501 3646 5575; baseline 0.001 -19"><span class='ocrx_word' id='word_1_885' title='bbox 2055 5519 2167 5559; x_wconf 90' lang='lat' dir='ltr'><strong>non</strong></span> <span class='ocrx_word' id='word_1_886' title='bbox 2195 5505 2309 5575; x_wconf 88' lang='lat' dir='ltr'><strong>ejus</strong></span> <span class='ocrx_word' id='word_1_887' title='bbox 2338 5519 2489 5560; x_wconf 89' lang='lat' dir='ltr'><strong>escas</strong></span> <span class='ocrx_word' id='word_1_888' title='bbox 2519 5519 2701 5566; x_wconf 82' lang='lat' dir='ltr'><strong>sumas</strong></span> <span class='ocrx_word' id='word_1_889' title='bbox 2739 5519 2862 5558; x_wconf 89' lang='lat' dir='ltr'><strong>cum</strong></span> <span class='ocrx_word' id='word_1_890' title='bbox 2888 5517 2975 5559; x_wconf 84' lang='lat' dir='ltr'><strong>eo.</strong></span> <span class='ocrx_word' id='word_1_891' title='bbox 3002 5501 3266 5557; x_wconf 63' lang='lat' dir='ltr'><strong>Caeterum</strong></span> <span class='ocrx_word' id='word_1_892' title='bbox 3293 5502 3339 5556; x_wconf 90' lang='lat' dir='ltr'><strong>si</strong></span> <span class='ocrx_word' id='word_1_893' title='bbox 3364 5501 3453 5558; x_wconf 87' lang='lat' dir='ltr'><strong>bos</strong></span> <span class='ocrx_word' id='word_1_894' title='bbox 3482 5502 3555 5559; x_wconf 86' lang='lat' dir='ltr'><strong>sis</strong></span> <span class='ocrx_word' id='word_1_895' title='bbox 3590 5512 3646 5560; x_wconf 89' lang='lat' dir='ltr'><strong>et</strong></span> 
     </span>
    </p>
   </div>
   <div class='ocr_carea' id='block_1_109' title="bbox 2060 5592 3638 5662">
    <p class='ocr_par' dir='ltr' id='par_1_109' title="bbox 2060 5592 3638 5662">
     <span class='ocr_line' id='line_1_118' title="bbox 2060 5592 3638 5662; baseline 0.001 -13"><span class='ocrx_word' id='word_1_896' title='bbox 2060 5600 2291 5662; x_wconf 83' lang='lat' dir='ltr'><strong>trituras,</strong></span> <span class='ocrx_word' id='word_1_897' title='bbox 2316 5598 2419 5653; x_wconf 89' lang='lat' dir='ltr'><strong>hoc</strong></span> <span class='ocrx_word' id='word_1_898' title='bbox 2443 5605 2544 5661; x_wconf 89' lang='lat' dir='ltr'><strong>est,</strong></span> <span class='ocrx_word' id='word_1_899' title='bbox 2577 5596 2620 5649; x_wconf 92' lang='lat' dir='ltr'><strong>si</strong></span> <span class='ocrx_word' id='word_1_900' title='bbox 2649 5595 2838 5651; x_wconf 92' lang='lat' dir='ltr'><strong>doctor</strong></span> <span class='ocrx_word' id='word_1_901' title='bbox 2864 5609 2922 5650; x_wconf 90' lang='lat' dir='ltr'><strong>es</strong></span> <span class='ocrx_word' id='word_1_902' title='bbox 2949 5601 3005 5649; x_wconf 89' lang='lat' dir='ltr'><strong>et</strong></span> <span class='ocrx_word' id='word_1_903' title='bbox 3030 5592 3210 5658; x_wconf 90' lang='lat' dir='ltr'><strong>doces,</strong></span> <span class='ocrx_word' id='word_1_904' title='bbox 3238 5610 3343 5649; x_wconf 88' lang='lat' dir='ltr'><strong>non</strong></span> <span class='ocrx_word' id='word_1_905' title='bbox 3369 5594 3638 5650; x_wconf 84' lang='lat' dir='ltr'><strong>obturatur</strong></span> 
     </span>
    </p>
   </div>
   <div class='ocr_carea' id='block_1_110' title="bbox 2064 5683 3630 5759">
    <p class='ocr_par' dir='ltr' id='par_1_110' title="bbox 2064 5683 3630 5759">
     <span class='ocr_line' id='line_1_119' title="bbox 2064 5683 3630 5759; baseline -0.001 -16"><span class='ocrx_word' id='word_1_906' title='bbox 2064 5689 2154 5742; x_wconf 90' lang='lat' dir='ltr'><strong>tibi</strong></span> <span class='ocrx_word' id='word_1_907' title='bbox 2183 5707 2242 5743; x_wconf 87' lang='lat' dir='ltr'><strong>os</strong></span> <span class='ocrx_word' id='word_1_908' title='bbox 2276 5687 2330 5759; x_wconf 87' lang='lat' dir='ltr'><strong>(I</strong></span> <span class='ocrx_word' id='word_1_909' title='bbox 2357 5686 2475 5742; x_wconf 91' lang='lat' dir='ltr'><strong>Cor.</strong></span> <span class='ocrx_word' id='word_1_910' title='bbox 2507 5701 2580 5750; x_wconf 79' lang='lat' dir='ltr'><strong>Ix,</strong></span> <span class='ocrx_word' id='word_1_911' title='bbox 2613 5683 2690 5755; x_wconf 88' lang='lat'><strong>9),</strong></span> <span class='ocrx_word' id='word_1_912' title='bbox 2733 5694 2782 5738; x_wconf 89' lang='lat' dir='ltr'><strong>et</strong></span> <span class='ocrx_word' id='word_1_913' title='bbox 2809 5685 2991 5756; x_wconf 85' lang='lat' dir='ltr'><strong>dignus</strong></span> <span class='ocrx_word' id='word_1_914' title='bbox 3020 5701 3073 5739; x_wconf 91' lang='lat' dir='ltr'><strong>es</strong></span> <span class='ocrx_word' id='word_1_915' title='bbox 3099 5684 3331 5753; x_wconf 87' lang='lat' dir='ltr'><strong>mercede</strong></span> <span class='ocrx_word' id='word_1_916' title='bbox 3367 5694 3454 5739; x_wconf 86' lang='lat' dir='ltr'><strong>tua</strong></span> <span class='ocrx_word' id='word_1_917' title='bbox 3479 5683 3630 5758; x_wconf 80' lang='lat' dir='ltr'><strong>(Luc.</strong></span> 
     </span>
    </p>
   </div>
   <div class='ocr_carea' id='block_1_111' title="bbox 2064 5777 3632 5850">
    <p class='ocr_par' dir='ltr' id='par_1_111' title="bbox 2064 5777 3632 5850">
     <span class='ocr_line' id='line_1_120' title="bbox 2064 5777 3632 5850; baseline -0.004 -14"><span class='ocrx_word' id='word_1_918' title='bbox 2064 5797 2118 5842; x_wconf 75' lang='grc' dir='ltr'><strong>ι,</strong></span> <span class='ocrx_word' id='word_1_919' title='bbox 2146 5780 2221 5848; x_wconf 84' lang='grc' dir='ltr'><strong>Ἰ).</strong></span> <span class='ocrx_word' id='word_1_920' title='bbox 2249 5778 2354 5834; x_wconf 89' lang='lat' dir='ltr'><strong>Sed</strong></span> <span class='ocrx_word' id='word_1_921' title='bbox 2381 5779 2546 5831; x_wconf 86' lang='lat' dir='ltr'><strong>oleum</strong></span> <span class='ocrx_word' id='word_1_922' title='bbox 2573 5777 2851 5844; x_wconf 87' lang='lat' dir='ltr'><strong>peccatoris</strong></span> <span class='ocrx_word' id='word_1_923' title='bbox 2872 5793 2976 5830; x_wconf 84' lang='lat' dir='ltr'><strong>non</strong></span> <span class='ocrx_word' id='word_1_924' title='bbox 3003 5777 3286 5848; x_wconf 71' lang='lat' dir='ltr'><strong>impinguet</strong></span> <span class='ocrx_word' id='word_1_925' title='bbox 3312 5786 3466 5850; x_wconf 88' lang='lat' dir='ltr'><strong>caput</strong></span> <span class='ocrx_word' id='word_1_926' title='bbox 3492 5786 3632 5831; x_wconf 85' lang='lat' dir='ltr'><strong>tuum</strong></span> 
     </span>
    </p>
   </div>
   <div class='ocr_carea' id='block_1_112' title="bbox 2067 5866 3342 5942">
    <p class='ocr_par' dir='ltr' id='par_1_112' title="bbox 2067 5866 3342 5942">
     <span class='ocr_line' id='line_1_121' title="bbox 2067 5866 3342 5942; baseline 0.002 -20"><span class='ocrx_word' id='word_1_927' title='bbox 2067 5869 2236 5942; x_wconf 81' lang='lat' dir='ltr'><strong>(Psal.</strong></span> <span class='ocrx_word' id='word_1_928' title='bbox 2261 5885 2379 5932; x_wconf 72' lang='grc' dir='ltr'><strong>αι,</strong></span> <span class='ocrx_word' id='word_1_929' title='bbox 2405 5866 2458 5934; x_wconf 76' lang='lat'><strong>5)</strong></span> <span class='ocrx_word' id='word_1_930' title='bbox 2493 5886 2505 5920; x_wconf 84' lang='lat'>:</span> <span class='ocrx_word' id='word_1_931' title='bbox 2538 5867 2629 5926; x_wconf 83' lang='lat' dir='ltr'><strong>sed</strong></span> <span class='ocrx_word' id='word_1_932' title='bbox 2658 5868 2868 5936; x_wconf 83' lang='lat' dir='ltr'><strong>corripe</strong></span> <span class='ocrx_word' id='word_1_933' title='bbox 2889 5868 3057 5922; x_wconf 90' lang='lat' dir='ltr'><strong>adhuc</strong></span> <span class='ocrx_word' id='word_1_934' title='bbox 3083 5877 3135 5922; x_wconf 89' lang='lat' dir='ltr'><strong>et</strong></span> <span class='ocrx_word' id='word_1_935' title='bbox 3161 5882 3342 5938; x_wconf 82' lang='lat' dir='ltr'><strong>argue.</strong></span> 
     </span>
    </p>
   </div>
  </div>
