4140 6346
465 418 572 476 ΒΝ

1095 533 1322 588 CAPUT
1359 533 1422 586 ll.

934 625 1009 681 De
1027 625 1370 681 oblationibus
1392 641 1588 680 eorum.

385 739 396 800 ς
535 731 563 762 ⁸
589 719 870 776 Contentus
910 728 1165 792 tegmenta
1191 728 1240 773 et
1275 719 1518 773 alimento
1549 725 1656 784 tuo,
1685 723 1882 772 caetera
1911 714 2052 769 dona

463 815 752 885 iniquorum
778 810 996 881 reprobo
1025 810 1212 884 (Eccli.
1259 820 1439 877 xxxnr,
1465 809 1580 880 9.5),
1607 809 1731 880 quia
1756 823 1864 865 non
1889 805 2053 862 sumit

460 906 682 964 lucerna
709 905 812 962 nisi
834 905 982 978 quod
1008 905 1191 960 alitur.

1071 994 1302 1052 CAPUT
1338 995 1426 1051 III.

877 1087 958 1146 De
982 1091 1279 1160 pmnitentia
1299 1097 1417 1162 post
1440 1089 1644 1144 ruinas.

532 1181 800 1241 Statuitur
833 1190 892 1238 ut
917 1183 1085 1238 abbas
1121 1183 1299 1238 videat
1324 1183 1412 1238 cui
1441 1181 1763 1237 attribuatur
1803 1188 2048 1252 potestas

461 1275 714 1344 alligandi
739 1283 794 1330 et
814 1275 1088 1342 solvendi;
1129 1275 1223 1332 sed
1253 1275 1430 1346 aptior
1454 1282 1554 1341 est,
1575 1273 1727 1343 juxta
1755 1275 2048 1344 Scriptum

461 1369 729 1438 exempla,
759 1368 786 1408 ιι
817 1369 1049 1424 veniam.
1089 1365 1149 1422 Si
1175 1381 1305 1422 vero
1341 1381 1462 1422 cum
1509 1363 1637 1421 ﬂetu
1682 1372 1739 1420 et
1781 1364 2050 1419 lamenta-

460 1459 610 1516 tione
637 1469 693 1516 et
718 1461 928 1530 lugubri
957 1475 1082 1517 cum
1110 1469 1278 1527 veste,
1307 1459 1408 1514 sub
1444 1458 1686 1514 custodia
1727 1455 2047 1527 ptenitentis

459 1548 660 1620 brevis,
691 1567 853 1624 quam
882 1555 1039 1622 longa
1062 1560 1118 1608 et
1143 1552 1369 1609 remissa
1396 1565 1517 1608 cum
1549 1547 2004 1621 temperamentis.

1078 1645 1308 1703 CAPUT
1344 1646 1436 1702 ιγ.

807 1739 888 1795 De
913 1739 1352 1794 excommunicato
1381 1735 1696 1808 repellenda.

531 1831 668 1888 Audi
702 1832 987 1888 Dominum
1022 1831 1290 1888 dicentem
1320 1847 1334 1883 :
1359 1829 1421 1884 Si
1455 1829 1544 1884 tibi
1569 1845 1674 1883 non
1709 1828 1949 1892 audierit,
1979 1829 2046 1882 sit

1391 417 1447 471 S.
1490 412 1848 469 PATRICIUS
1888 410 2336 468 lllBERNORUM
2379 371 2796 474 APOSTCUJS.

3637 421 3748 478 επ

2076 526 2132 588 Α
2154 534 2234 580 tat
2253 527 2632 594 ministerium,
2651 529 2755 585 nisi
2775 544 2864 598 qui
2895 537 3102 588 tantum
3139 545 3173 586 ε
3202 541 3496 605 conspectu
3519 535 3750 596 Domini

2152 634 2382 690 peccans
2400 637 2510 678 non
2535 624 2780 680 recessit.

2763 715 2994 780 CAPUT
3029 718 3118 776 II.

2399 808 2480 865 De
2505 811 2832 882 separatione
2857 827 3072 866 sexuum
3103 820 3222 885 post
3253 812 3476 885 lapsum.

2220 899 2542 960 Consideret
2565 904 2930 975 unusquisque
2955 904 3011 958 in
3039 905 3368 963 conscientia
3396 921 3491 966 sua
3517 907 3563 964 si
3579 922 3745 969 amor

2153 999 2206 1048 et
2231 993 2554 1050 desiderium
2573 996 2807 1050 cessavit
2833 995 3074 1066 peccati;
3091 997 3218 1066 quia
3237 1013 3436 1068 corpus
3463 1008 3742 1060 mortuum

2153 1101 2257 1143 non
2303 1087 2470 1144 inlicit
2513 1103 2713 1160 corpus
2749 1089 2970 1146 alterius
3007 1091 3226 1152 mortui.
3266 1089 3362 1154 Sin
3397 1107 3548 1161 vero,
3576 1109 3741 1167 sepa-

2147 1188 2354 1238 rentur.

2747 1273 2976 1330 CAPUT
3015 1275 3126 1332 XII.

2549 1366 2631 1422 De
2654 1366 2915 1423 oblatione
2938 1385 3031 1439 pro
3057 1367 3334 1441 defunctis.

2220 1459 2357 1514 Audi
2388 1457 2706 1529 Apostolnm
2727 1459 2997 1516 dicentem
3021 1477 3035 1514 :
3060 1461 3159 1516 Est
3187 1469 3355 1518 autem
3381 1470 3643 1534 peccatum
3662 1461 3740 1517 ad

2150 1563 2381 1618 mortem,
2400 1569 2506 1607 non
2524 1569 2618 1624 pro
2637 1544 2730 1606 illo
2751 1553 2890 1616 dico,
2911 1563 2967 1606 at
2995 1563 3140 1624 roget
3163 1555 3280 1625 quis
3295 1552 3350 1624 (Ι
3369 1552 3528 1608 Joan.
3544 1571 3598 1621 v,
3619 1553 3735 1628 16).

2149 1651 2214 1704 Et
2251 1649 2508 1702 Dominus
2533 1665 2546 1700 :
2579 1645 2760 1726 flatile
2789 1645 2986 1700 donare
3007 1657 3242 1702 sanctum
3269 1648 3482 1702 canibus
3513 1646 3732 1716 (Matth.

2149 1759 2236 1807 vn,
2270 1742 2346 1813 6).
2378 1741 2480 1810 Qui
2508 1741 2652 1796 enim
2681 1741 2736 1796 in
2767 1740 2874 1794 vita
2895 1755 2990 1794 sua
3019 1736 3342 1795 sacriﬁcium
3363 1756 3476 1796 non
3503 1740 3736 1796 merebi-

2149 1848 2234 1894 tur
2263 1839 2527 1908 accipere,
2557 1833 2829 1905 quomodo
2865 1841 2992 1904 post
3023 1841 3252 1888 mortem
3292 1831 3366 1888 illi
3405 1832 3602 1904 poterit
3637 1831 3735 1888 ad-

461 1924 551 1979 tibi
579 1922 713 1979 velut
742 1923 946 1996 gentilis
967 1929 1018 1978 et
1039 1921 1344 1995 publicanus
1373 1917 1588 1994 (Matth.
1619 1931 1763 1986 tvm,
1790 1920 1902 1990 ὅτ).
1928 1919 2044 1973 Non

2142 1931 2332 2002 juvare
2343 1932 2367 1986 ‘l

458 2015 766 2080 maledices,
796 2015 893 2072 sed
927 2015 1160 2086 repelles
1189 2015 1709 2071 excommunicatum
1737 2029 1766 2068 a
1798 2025 2040 2069 commu-

457 2107 620 2164 nione
641 2115 696 2162 et
721 2123 929 2176 mensa,
953 2116 1007 2164 et
1034 2109 1196 2162 missa
1224 2113 1279 2162 et
1307 2121 1458 2178 pace.
1485 2105 1550 2161 Et
1578 2108 1622 2161 si
1654 2107 1921 2162 hereticus
1945 2112 2037 2172 est,

416 2216 422 2223 ·
457 2205 572 2271 post
598 2213 756 2252 unam
778 2199 1150 2270 correptionem
1179 2199 1350 2254 devita
1371 2197 1497 2271 (Tit.
1529 2196 1740 2269 111,10).

1081 2291 1310 2348 CAPUT
1347 2293 1413 2348 ν.

956 2387 1034 2442 De
1063 2367 1313 2459 suspectis
1347 2388 1536 2439 causis.

530 2483 668 2540 Audi
704 2483 988 2538 Dominum
1016 2481 1280 2537 dicentem
1315 2497 1327 2532 :
1361 2479 1531 2534 Sinite
1563 2484 1781 2550 utraque
1817 2491 2043 2531 crescere

459 2596 616 2652 usque
644 2577 712 2632 ad
737 2584 951 2632 messem
969 2571 1185 2647 (Matth.
1219 2589 1330 2638 xm,
1353 2569 1476 2642 50),
1503 2574 1608 2628 hoc
1627 2578 1730 2637 cst,
1759 2569 1932 2625 donec
1954 2586 2044 2624 ve-

457 2672 570 2735 niet
595 2670 688 2740 qui
721 2667 1075 2740 inanifestabit
1109 2666 1328 2721 consilia
1364 2665 1593 2719 cordium
1633 2663 1675 2734 (ι
1705 2662 1824 2717 Cor.
1858 2677 1927 2728 1v,
1961 2661 2038 2742 5),
2129 2740 2132 2742 Ὺ

457 2777 525 2819 ne
547 2735 806 2831 judicium
835 2735 959 2813 ante
997 2755 1139 2812 diem
1162 2754 1348 2826 iudicii
1379 2753 1563 2810 facias.
1591 2753 1728 2810 Vide
1754 2752 1945 2808 ludam
1975 2735 2042 2807 ad

452 2837 698 2921 mensam
723 2849 959 2921 Domini,
983 2857 1038 2906 et
1066 2849 1332 2905 latronem
1363 2849 1416 2904 in
1445 2847 1718 2920 paradiso.

1068 2939 1300 2996 CAPUT
1337 2939 1423 2996 Vl.

929 3033 1003 3090 De
1039 3037 1275 3091 oindictis
1304 3033 1570 3089 Ecclesice.

438 3117 446 3124 ’
529 3129 666 3187 Audi
709 3131 836 3185 item
869 3128 1153 3184 Dominum
1182 3113 1486 3182 dicentem:
1522 3125 1621 3191 Qui
1649 3125 1888 3196 effuderit
1915 3142 2040 3179 san-

457 3211 662 3298 guinem
695 3233 715 3260 ε
749 3221 1112 3285 innocentem,
1142 3219 1353 3290 sanguis
1382 3219 1542 3288 ipsius
1570 3216 1862 3286 effundatur
1884 3213 2035 3288 (Gen.

455 3331 531 3383 1x,
572 3312 650 3386 ϐ),
689 3311 782 3368 sed
816 3314 884 3368 ab
912 3326 978 3366 eo
1006 3311 1096 3382 qni
1126 3317 1306 3380 portat
1343 3307 1574 3378 gladium
1604 3308 1852 3374 dictatur,
1889 3306 1915 3344 ἀ
1947 3315 2041 3362 aut

455 3407 700 3466 vindicta:
728 3407 986 3462 innocens
999 3403 1258 3484 babetnr.
1291 3403 1364 3458 Dc
1391 3403 1598 3458 caeteris
1633 3413 1810 3456 autem
1843 3415 1941 3472 per
1964 3401 2040 3454 le-

455 3516 574 3570 gem
603 3497 988 3570 cyangelicam,
1023 3497 1175 3550 ab’eo
1204 3495 1326 3549 loco
1349 3495 1400 3548 in
1424 3506 1531 3565 quo
1562 3495 1634 3548 ait
1668 3511 1680 3546 :
1714 3492 1777 3546 Et
1802 3507 1920 3546 eum
1953 3494 2038 3564 qui

2733 2015 2961 2076 CAPUT
2997 2016 3138 2072 ΠΗ.

2741 2113 2820 2168 De
2846 2113 3128 2182 sacriﬁcio.

2070 2215 2119 2276 Β
2214 2208 2274 2264 1η
2303 2215 2462 2264 nocte
2487 2207 2719 2279 pascha»,
2747 2206 2794 2261 si
2833 2206 2914 2261 fas
2951 2207 3040 2261 est
3061 2203 3206 2260 ferre
3241 2201 3409 2258 foras.
3439 2201 3557 2257 Non
3587 2199 3736 2260 foras

2144 2301 2336 2367 fertur,
2365 2301 2458 2356 sed
2490 2295 2732 2355 ﬁdelibus
2758 2298 3051 2354 deferatur.
3081 2293 3220 2362 Quid
3257 2293 3403 2348 aliud
3441 2291 3736 2360 signiﬁcat,

2144 2393 2287 2463 quod
2311 2396 2367 2448 in
2395 2409 2500 2447 una
2528 2393 2680 2446 domo
2709 2391 2937 2446 sumitur
2963 2403 3150 2457 agnus,
3176 2401 3338 2457 quam
3357 2386 3457 2442 sub
3479 2400 3590 2442 uno
3609 2384 3736 2442 ﬁdei

2144 2485 2374 2543 culmine
2401 2485 2638 2542 creditur
2664 2492 2720 2540 et
2747 2483 3173 2539 communicatur
3199 2479 3482 2536 Christus?

2731 2575 2959 2632 CAPUT
2998 2573 3136 2629 XIV.

2509 2672 2589 2726 De
2631 2670 2925 2725 abstinenti.
2953 2710 2966 2723 .
2995 2709 3008 2723 .
3037 2709 3049 2722 .
3078 2707 3090 2721 .
3120 2707 3134 2722 .
3165 2683 3198 2720 a
3225 2666 3375 2721 cibis.

2217 2775 2242 2814 κ
2271 2765 2542 2820 Statutum
2565 2774 2622 2819 ut
2648 2764 2846 2818 Christi
2869 2763 3154 2817 adventant
3186 2759 3370 2831 sponsi
3393 2758 3568 2812 nullas
3587 2765 3734 2814 ratas

2049 2915 2062 2926 ,
2143 2859 2289 2927 leges
2315 2858 2550 2912 inveniat
2573 2856 2781 2925 jejunii.
2813 2853 2951 2922 Quid
2979 2861 3159 2907 autem
3189 2852 3332 2906 inter
3370 2850 3726 2904 Novatianum

2143 2959 2197 3007 et
2224 2949 2588 3005 Christianum
2619 2949 2863 3015 interest,
2893 2947 2996 3002 nisi
3023 2944 3168 3016 quod
3207 2943 3537 3024 Horatianus
3573 2940 3723 2996 inde-

2143 3047 2401 3110 sinenter,
2435 3043 2770 3099 Christianus
2811 3057 2940 3098 vero
2978 3057 3078 3113 per
3108 3051 3322 3110 tempus
3343 3039 3644 3094 abstineat?
3672 3046 3763 3110 nt_

2143 3137 2312 3203 locus,
2343 3143 2397 3192 et
2428 3141 2657 3206 tempus,
2687 3143 2740 3190 et
2767 3149 2998 3206 persona
3019 3147 3118 3206 per
3143 3131 3322 3187 omnia
3351 3131 3698 3186 observetur.

2745 3227 2978 3286 CAPUT
3016 3227 3124 3282 XV.

2432 3321 2508 3378 De
2537 3321 2871 3394 relinquenda
2899 3321 2978 3375 vel
3007 3317 3238 3374 docenda
3258 3320 3451 3388 patria.

2217 3415 2466 3470 Docenda
2506 3415 2679 3485 patria
2730 3414 2877 3484 prius
2923 3427 3022 3482 per
3068 3409 3375 3479 exemplum
3409 3406 3644 3471 Domini,
3677 3411 3736 3460 et

2143 3505 2560 3574 dcrelinquenda
2590 3513 2798 3575 postea,
2829 3503 2875 3557 si
2905 3515 3010 3556 non
3039 3499 3308 3572 proﬁciat,
3348 3497 3500 3566 juxta
3539 3510 3734 3550 exem-

455 3595 625 3666 aufert
654 3587 850 3663 aliquid
878 3609 909 3642 α
941 3598 1002 3653 te,
1029 3605 1092 3642 ne
1115 3597 1310 3656 repetas
1341 3581 1488 3658 (Luc.
1521 3599 1590 3650 v1,
1614 3585 1728 3654 '50),
1758 3585 1850 3640 sed
1879 3584 2040 3638 libenv
2065 3601 2112 3665 ρ
2143 3601 2286 3670 plum
2318 3598 2578 3669 Αμυειοιῑ,
2603 3595 2829 3670 Sedﬂui
2857 3601 3037 3666 potest
3063 3591 3345 3664 proﬁcere,
3369 3590 3492 3644 καί
3517 3586 3731 3658 pericli.

457 3693 568 3754 tcr;
597 3683 642 3741 si
674 3681 787 3756 ipse
811 3681 938 3752 quid
965 3681 1182 3742 referat,
1212 3679 1488 3734 humiliter
1504 3679 1753 3749 recipias.

1057 3769 1285 3826 CAPUT
1314 3771 1424 3825 VU.

907 3863 983 3920 De
1010 3865 1331 3936 baptismatis
1359 3863 1588 3918 incertis.

523 3958 776 4031 Statuunt
804 3974 873 4015 ne
902 3955 1220 4030 rebaptizati
1247 3957 1396 4030 (sint)
1427 3957 1518 4026 qui
1559 3955 1787 4026 symboli
1823 3964 1843 3989 ο
1873 3951 2038 4008 tradi-

453 4045 600 4122 tione
623 4070 652 4107 a
676 4067 1002 4122 quocunque
1026 4055 1367 4120 acceperunt,
1395 4051 1517 4118 quia
1541 4063 1647 4102 non
1671 4047 1834 4102 inlicit
1856 4061 2038 4100 semen

452 4137 768 4199 seminantis
809 4143 1079 4212 iniquitas.
1121 4141 1214 4196 Sin
1247 4155 1394 4209 vero,
1435 4154 1538 4196 non
1569 4149 1650 4195 est
1678 4142 2034 4211 rebaptizare,

452 4233 546 4287 sed
587 4233 879 4300 baptizare.
925 4232 1042 4286 Non
1078 4233 1433 4287 absolvendos
1471 4241 1649 4288 autem
1680 4233 1858 4302 lapsos
1882 4249 1911 4286 a
1935 4232 2038 4288 ﬁde

453 4321 756 4385 credamus,
782 4322 885 4382 nisi
913 4331 1012 4392 per
1039 4323 1434 4393 impositionem
1457 4339 1649 4378 manus
1675 4326 1691 4362 ί
1715 4326 1918 4395 accepi.

1052 4413 1279 4474 CAPUT
1315 4413 1451 4485 vni,

707 4505 780 4560 De
804 4508 906 4562 reis
933 4515 1104 4563 autem
1135 4510 1408 4565 abstractis
1437 4509 1498 4563 ab
1525 4508 1781 4566 Ecclesia.

525 4595 643 4654 Non
687 4598 755 4653 ad
799 4611 1020 4654 reorum
1057 4599 1424 4656 defensionem
1463 4601 1601 4658 facta
1641 4611 1724 4656 est
1768 4602 2033 4680 Ecclesia,

453 4691 547 4750 sed
565 4692 832 4764 iudicibus
849 4695 1282 4765 persuadendum
1303 4703 1401 4762 est,
1429 4704 1485 4751 ut
1503 4695 1730 4766 spiritali
1753 4705 1924 4751 morte
1946 4711 2038 4753 eos

454 4785 780 4854 ocdderent,
803 4787 892 4858 qui
914 4787 984 4844 ad
1009 4789 1186 4846 sinunt
1215 4789 1400 4843 matris
1427 4785 1679 4846 Ecclesia:
1701 4788 2033 4858 confugiunt.

1059 4878 1288 4934 CAPUT
1324 4879 1414 4934 IX.

1035 4971 1448 5045 (Desideratnr.)

1083 5057 1310 5120 CAPUT
1347 5063 1412 5122 Χ.

910 5153 986 5210 De
1013 5155 1171 5225 lapsis
1197 5167 1312 5228 post
1331 5161 1569 5232 gradum.

523 5244 663 5300 Audi
702 5249 962 5313 canonica
1002 5248 1278 5302 instituta:
1311 5250 1411 5315 Qui
1459 5267 1578 5306 cum
1606 5252 1774 5320 gradu
1816 5253 2030 5324 cecidit,

451 5337 569 5391 sine
595 5337 763 5404 gradu
789 5345 973 5407 surgat
1009 5357 1020 5392 :
1051 5348 1334 5394 contentus
1373 5343 1591 5396 nomine
1614 5335 1844 5412 tantum,
1878 5351 2035 5405 emit-

449 5539 490 5595 Α
523 5479 551 5514 ι
716 5471 859 5529 hunc
902 5470 1080 5529 locum
1110 5471 1318 5555 tmesis
1345 5473 1676 5536 (Intolerium
1713 5482 1778 5536 ad
1805 5483 2028 5546 Constit.

499 5549 630 5595 post.
676 5537 746 5594 1b.
773 5557 842 5595 1v.
871 5557 991 5595 can.
1021 5537 1076 5595 8.
1110 5552 1224 5595 not.
1257 5541 1306 5595 5.

447 5539 630 5613 Apost.
654 5537 746 5594 lib.
773 5557 842 5614 1v,
871 5557 991 5612 cap.
1021 5537 1076 5608 8,
1110 5541 1224 5598 'not,
1257 5541 1306 5598 5,
1821 5537 1829 5538 ’

521 5613 548 5651 ι’
575 5603 740 5664 Forte
760 5613 932 5665 uenia.
963 5607 1121 5668 Wsn’.

523 5695 547 5720 ε
565 5681 671 5760 Qui
683 5682 832 5738 nunc
843 5691 1055 5760 textum
1076 5687 1356 5754 suggessit,
1382 5690 1520 5746 forte
1532 5693 1747 5760 legebat
1763 5694 1820 5748 in
1841 5697 2029 5752 Gch

2147 3699 2306 3758 tatur,
2336 3689 2529 3758 ubique
2559 3689 2768 3752 doceat,
2805 3693 2859 3740 et
2901 3699 2960 3740 se
2999 3683 3278 3746 ostendat;
3307 3679 3395 3749 qui
3434 3693 3562 3731 vero
3605 3691 3720 3732 non

2141 3789 2342 3854 potest,
2379 3791 2550 3836 taceat
2579 3789 2634 3834 et
2671 3779 2964 3833 abscondat
2997 3777 3167 3832 :alins
3195 3774 3382 3844 quippe
3407 3773 3474 3825 sb
3495 3767 3624 3824 ιοω
3648 3766 3709 3826 in

2142 3871 2357 3930 domum
2380 3889 2530 3928 suam
2555 3873 2800 3935 mittitur,
2828 3871 2963 3924 alius
2983 3869 3137 3937 sequi
3161 3867 3385 3936 iubetur.

2719 3961 2950 4018 CAPUT
2989 3960 3125 4016 XVI.

2627 4099 2646 4113 ς
2665 4055 2740 4112 De
2761 4057 2911 4130 falsis
2929 4057 3203 4127 episcopis.

2211 4153 2312 4221 Qui
2350 4169 2455 4207 non
2505 4149 2795 4207 secundum
2845 4149 3162 4221 Apostolum
3191 4145 3398 4200 electus
3425 4147 3507 4196 est
3539 4139 3608 4194 ab
3637 4139 3726 4193 al-

2140 4257 2257 4300 tcro
2284 4246 2558 4315 episcopo,
2582 4253 2664 4297 est
2694 4241 3054 4305 damnandus;
3076 4247 3132 4293 et
3158 4237 3350 4293 deinde
3370 4234 3438 4290 ad
3461 4234 3727 4303 reliquam

2139 4339 2347 4410 plebem
2377 4335 2721 4392 declinandus
2748 4342 2801 4388 et
2829 4331 3202 4401 degradandus

2715 4421 2943 4478 CAPUT
2981 4419 3142 4476 XVII.

2526 4518 2606 4572 De
2631 4519 2893 4588 proposito
2928 4514 3318 4570 monachorum.

2210 4611 2452 4666 Monachi
2479 4617 2605 4664 sunt
2633 4609 2726 4679 qui
2757 4607 2984 4662 solitarii
3009 4608 3129 4661 sine
3149 4603 3383 4662 terrenis
3409 4600 3602 4670 opibus
3625 4600 3724 4654 ba-

2138 4703 2308 4760 bitant
2336 4701 2434 4758 sub
2465 4707 2731 4772 potestate
2759 4699 2994 4773 episcopi
3021 4698 3107 4752 vel
3133 4696 3362 4751 abbatis.
3393 4694 3508 4748 Non
3535 4701 3722 4746 autem

2137 4797 2403 4862 monachi,
2421 4795 2515 4878 sed
2538 4794 2728 4848 Vactro
2751 4792 2928 4864 periti,
2948 4791 3053 4852 hoc
3073 4795 3176 4858 est,
3198 4792 3598 4856 contemptores
3617 4781 3725 4838 sol-

2139 4893 2268 4947 liciti
2291 4890 2356 4945 ad
2387 4875 2546 4944 vitam
2573 4885 2870 4958 perfectam
2899 4886 2955 4939 in
2991 4892 3154 4940 aetate
3181 4877 3440 4952 perfecta.
3477 4875 3593 4934 Hoc
3619 4883 3724 4939 est,

2060 4975 2114 5036 Β
2139 4999 2169 5040 a
2197 4981 2382 5054 viginti
2413 4981 2565 5037 annis
2593 4979 2753 5034 debet
2779 4977 3144 5045 unusquisque
3171 4969 3466 5038 consuingi
3493 4983 3600 5022 non
3633 4972 3726 5019 at-

2142 5075 2409 5139 testaudo,
2434 5073 2528 5130 sed
2564 5079 2692 5128 voto
2732 5065 3082 5146 perficiendo,
3113 5074 3172 5122 ut
3209 5073 3292 5120 est
3323 5061 3452 5118 illud
3481 5076 3498 5114 :
3545 5057 3725 5114 Unus-

2139 5173 2352 5243 quisque
2375 5169 2503 5224 sicut
2531 5165 2795 5236 proposuit
2815 5162 2967 5234 corde
2988 5177 3078 5214 suo
3102 5157 3156 5230 (I
3177 5158 3294 5212 Cor.
3313 5172 3403 5218 v11,
3428 5151 3517 5224 57)
3539 5150 3724 5243 faciat,

2140 5239 2279 5316 etut
2315 5259 2448 5312 Vota
2489 5273 2601 5309 mea
2641 5255 2854 5308 reddam
2895 5255 2951 5306 in
2997 5257 3267 5320 conspectu
3310 5245 3519 5302 Domini
3551 5239 3723 5314 (Psal.

2143 5366 2264 5417 cxv,
2292 5349 2376 5414 lt,
2409 5347 2520 5418 48),
2550 5355 2606 5402 et
2649 5345 2854 5413 reliqua
2890 5361 2902 5396 :
2931 5358 3038 5413 quo
3063 5350 3191 5398 voto
3219 5339 3438 5405 vivitur,
3471 5335 3606 5404 situs
3641 5330 3724 5385 lo~

2210 5487 2238 5522 «³
2269 5483 2449 5546 Forte,
2481 5477 2718 5533 Dictator
2738 5483 2928 5546 autern.
2959 5474 3120 5532 Wa.

2215 5566 2238 5593 ο
2267 5554 2394 5622 Leg.
2421 5544 2774 5614 traditionem.
2805 5544 2882 5602 lo.

2217 5622 2678 5693 fLeg.accipi.__
2897 5685 2936 5693 _
3006 5685 3017 5693 Δ
3086 5681 3120 5693 Α
3219 5690 3226 5693 Α
3373 5679 3393 5693 _
3452 5627 3480 5650 -‘

2209 5674 2578 5754 ιᾱεῖάοτίηέ,
2615 5688 2857 5762 Hm.
2889 5685 3038 5762 Eccl.
3075 5681 3172 5738 σν.
3211 5679 3412 5762 wing-1'
3427 5691 3562 5762 με.
3587 5674 3721 5762 919,

600 5753 796 5839 fiatut,
821 5769 925 5839 pro
953 5753 1078 5826 αἷμα
1106 5741 1393 5839 dirigentes,
1428 5779 1532 5839 non
1563 5741 1701 5820 liene

2593 5741 2848 5839 emendat
2871 5776 2892 5839 ἐ
2914 5741 3217 5839 Statutum,
3234 5741 3701 5839 ξιιρήἲὶἐιῖηιίὗαι

449 5823 769 5905 scripturam
907 5823 1318 5905 _9_01'npe:1dium_
1355 5831 1658 5894 deductam.

449 5891 666 5952 Constit.
697 5891 876 5953 Apost.
907 5893 998 5947 lib.
1025 5891 1082 5956 1f,
1109 5909 1223 5964 cap.
1252 5895 1339 5960 42,
1369 5891 1480 5956 n‘ot.
1513 5901 1546 5954 6

1710 5823 1911 5894 Cum:
1961 5823 2027 5893 ad
2129 5823 2243 5908 in},
2266 5835 2463 5906 sponsi,
2493 5834 2662 5888 nullas
2694 5841 2833 5884 ratas
2864 5827 3000 5908 leges
3031 5823 3485 5896 inveniat
