4140 6346
592 323 699 386 895

1507 331 1565 390 S.
1605 333 1966 398 PATRICIUS
2005 341 2450 407 HIBERNORUM
2491 352 2912 414 A-POSTOLUS.

3759 379 3874 437 821

1107 613 1642 706 CANONES
1700 623 1939 709 ALII
1997 630 2082 710 S.
2138 629 2698 720 PATRICIO
2762 640 3332 734 ASCRIPTI.

1893 793 2608 825 ᾗ

2187 900 2246 965 Λ
2267 904 2524 974 suscipiet
2557 922 2697 976 eam,
2732 921 2788 968 et
2819 928 3016 975 semet
3043 923 3092 977 ei
3123 924 3174 978 in
3205 927 3372 984 vicem
3411 934 3639 1000 ancillas,
3672 945 3731 991 et
3758 953 3872 994 an-

3218 977 3372 984 ___,___
3411 977 3639 1000 _...,.....,,
3758 977 3868 994 ε...-

585 977 664 1040 De
683 982 879 1054 juaicio
908 981 1603 1100 οιεήεοηιῖιιληεᾶιίηίὲἲῷἰε
1637 987 1780 1058 apud
1821 989 2048 1062 iniquos,
2073 1000 2167 1047 aut
2430 995 2692 1100 integrum
2725 1004 2788 1100 in
2808 1021 2946 1076 pane
2977 1021 3030 1067 et
3059 1029 3196 1085 aqua
3225 1034 3323 1089 per
3349 1038 3652 1082 mensuram
3686 1033 3868 1100 pinni-

1173 1055 1312 1126 apud
1331 1055 1584 1127 inﬁdeles.

650 1165 836 1222 Omnis
863 1167 1154 1225 mundialis
1180 1169 1396 1240 sapiens
1413 1211 1430 1241 ,
1459 1179 1486 1208 ι
1509 1171 1555 1227 si
1579 1173 1795 1244 sapiens
1822 1175 1912 1245 sit,
1943 1191 2051 1234 non
2070 1177 2162 1248 ju-

583 1259 720 1316 dicet
739 1259 935 1330 judicia
964 1260 1236 1320 Ecclesiae.
1313 1335 1361 1390 Π

925 1426 1005 1482 De
1029 1427 1344 1502 subjectione
1368 1433 1547 1505 populi
1570 1435 1812 1507 principi.

648 1517 875 1573 Ministri
903 1535 1000 1576 vos
1027 1521 1184 1587 estis,
1218 1530 1274 1577 et
1299 1525 1664 1597 unusquisque
1689 1535 1929 1586 vestrum
1955 1529 2141 1600 princi-

579 1624 700 1682 pem
731 1625 883 1664 suum
907 1610 995 1666 cui
1018 1611 1236 1667 assistat
1255 1621 1312 1668 et
1334 1615 1629 1684 ministrat,
1663 1617 1868 1674 timeat.

680 1790 761 1847 De
780 1795 1080 1864 poenitentia
1100 1793 1503 1868 blasphemantis
1524 1800 1806 1873 principem
1829 1802 2036 1858 bonum.

643 1884 744 1952 Qui
773 1897 1071 1942 murmurat
1117 1888 1282 1944 verba
1332 1889 1678 1963 blasphemiae
1719 1903 1908 1951 contra
1954 1898 2152 1968 princi-

487 1989 494 1993 ‘
568 1991 690 2050 pem
721 1976 924 2033 bonum
959 1993 1059 2049 per
1095 1979 1280 2035 odium
1315 1990 1408 2036 aut
1449 1983 1702 2039 invidiam
1725 2024 1741 2050 ,
1777 2002 1900 2042 cum
1930 2004 2069 2058 pane
2095 1999 2152 2045 et

567 2081 704 2136 aqua
725 2070 981 2139 paeniteat
1010 2079 1216 2142 septem
1238 2071 1448 2140 diebus,
1477 2077 1726 2148 exemplo
1751 2079 1930 2135 Maria:
1958 2090 2146 2139 contra

565 2155 787 2233 Moysen
809 2163 1224 2219 murmurantis.’

1302 2255 1391 2312 IV.

564 2338 646 2396 De
674 2358 733 2397 eo
761 2344 898 2416 quod
915 2347 1170 2400 incertum
1194 2349 1499 2427 sittutrum
1537 2352 1764 2427 priorem
1796 2354 2011 2425 gradum
2034 2359 2146 2427 epi-

943 2433 1128 2487 scOpus
1158 2426 1272 2488 post
1300 2419 1505 2490 lapsum
1530 2419 1762 2493 recipiat.

635 2525 897 2582 Patricius
936 2530 1224 2600 episcopus
1259 2532 1388 2588 dicit
1419 2552 1431 2586 :
1464 2534 1566 2601 Qui
1595 2536 1694 2590 sub
1722 2537 1894 2605 gradu
1921 2551 2140 2610 peccat,

563 2615 722 2670 debet
745 2621 1217 2688 excommunicari,
1246 2623 1369 2692 quia
1399 2639 1591 2694 magna
1619 2634 1702 2681 est
1729 2627 1958 2696 dignitas
1985 2632 2144 2700 hujus

561 2711 823 2779 nominis;
856 2722 1033 2771 tamen
1060 2725 1242 2787 potest
1277 2719 1544 2778 redimere
1570 2722 1804 2777 animam
1841 2740 1990 2779 suam
2020 2736 2172 2796 post-

560 2803 930 2872 pmnitentiam
964 2827 977 2862 :
1022 2809 1090 2864 ad
1135 2811 1370 2881 priorem
1413 2814 1636 2882 gradum
1679 2815 1863 2874 venire
1905 2818 2138 2877 dilIicile.

559 2892 750 2951 Nescio
779 2911 846 2952 an
883 2914 1012 2954 non.
1045 2901 1187 2957 Deus
1215 2904 1335 2959 scit.

1315 2995 1379 3053 V.

559 3079 638 3134 De
665 3085 960 3154 recipienda
992 3087 1226 3178 adnitern
1260 3096 1780 3178 post-paenitentiam,
1811 3109 1860 3154 et
1887 3099 1951 3156 de
1973 3117 2138 3173 quan-

1097 3166 1243 3213 titate
1267 3166 1595 3231 paenitentiae.

629 3262 686 3320 Si
715 3266 939 3337 alicujus
967 3285 1105 3325 uxor
1129 3269 1389 3328 fornicata
1415 3273 1576 3332 fuerit
1598 3292 1716 3334 cum
1739 3279 1845 3337 alio
1865 3281 2000 3349 viro,
2024 3299 2134 3340 non

555 3356 781 3412 adducet
827 3359 988 3413 aliam
1035 3376 1293 3429 uxorem,
1342 3366 1578 3434 quandiu
1631 3369 1748 3424 viva
1794 3370 1954 3428 fuerit
1997 3390 2133 3430 uxor

554 3447 746 3517 prima.
782 3448 839 3502 Si
867 3449 1006 3506 forte
1035 3467 1296 3509 conversa
1325 3453 1486 3512 fuerit
1512 3466 1568 3513 et
1595 3468 1722 3529 agat
1748 3452 2137 3536 pcenitentiam,
2167 3461 2216 3525 C

622 3568 646 3595 α
670 3559 831 3616 Forte
857 3565 972 3619 etsi.
1005 3565 1158 3622 Was.

2267 1091 2398 1151 teat,
2430 1101 2536 1144 nec
2558 1088 2610 1144 in
2637 1107 2744 1149 uno
2773 1095 2912 1155 lecto
2941 1088 3312 1171 permaneant.

3015 1195 3101 1252 VI.

2515 1273 2597 1330 De
2639 1278 2824 1336 alienis
2872 1285 3122 1344 adeundis
3155 1293 3225 1347 ad
3240 1293 3598 1364 iudicandum.

2335 1360 2392 1419 Si
2419 1378 2537 1434 qua:
2563 1372 2890 1439 quaestiones
2918 1378 2972 1432 in
2987 1360 3282 1440 .hacinsula
3303 1389 3564 1458 oriantur,
3577 1393 3644 1448 ad
3667 1396 3862 1454 sedem

2263 1457 2614 1526 apostolicam
2641 1462 2962 1524 referantur.

2470 1641 2556 1698 De
2572 1649 2872 1717 poenitentia
2890 1657 3094 1728 agenda
3122 1661 3192 1715 in.
3218 1665 3398 1720 ultimo
3426 1669 3629 1738 spiritu.

2329 1730 2387 1787 Si
2422 1735 2543 1803 quis
2574 1738 2892 1813 infirmatur,
2949 1758 3073 1817 agat
3125 1730 3518 1822 pmnitentiaiu,
3561 1761 3724 1818 etiam
3777 1781 3855 1826 ex

2258 1825 2614 1895 necessitate,
2634 1832 2756 1900 quia
2787 1835 3094 1896 misericors
3121 1844 3205 1897 erit
3227 1843 3389 1902 Deus.

2987 1927 3118 1985 VIII.

2400 2005 2475 2061 De
2510 2025 2570 2064 eo
2599 2015 2735 2083 quod
2777 2017 3079 2089 insipientes
3106 2042 3328 2095 praesse
3353 2047 3457 2084 non
3498 2033 3690 2090 debent.

2325 2094 2571 2167 Synodus
2600 2105 2764 2160 totius
2795 2111 3000 2180 mundi,
3028 2121 3085 2168 et
3109 2094 3387 2175 Patricius
3431 2121 3668 2180 decrevit
3695 2147 3707 2181 :
3737 2127 3850 2195 Qui

2255 2184 2510 2256 insipiens
2561 2202 2672 2262 est,
2698 2198 2843 2254 nullo
2891 2203 3051 2258 modo
3094 2222 3326 2276 prmesse
3377 2212 3558 2283 liceat,
3603 2218 3698 2274 sed
3744 2222 3850 2277 sub

2175 2276 2228 2338 Β
2253 2292 2414 2335 manu
2441 2283 2651 2343 abbatis
2675 2291 2923 2349 catholici
2954 2311 3090 2366 opus
3113 2315 3268 2356 suum
3297 2315 3566 2362 exerceat.

2997 2408 3086 2465 IX.

2249 2479 2330 2536 De
2373 2485 2646 2544 collectum
2693 2499 2922 2564 pecunia:
2965 2518 3067 2557 non
3113 2508 3452 2579 vituperanda
3474 2555 3489 2579 ,
3540 2521 3846 2576 necessitate

2919 2585 3148 2644 cogente.

2320 2644 2684 2755 IPatriciuspait
2715 2676 2727 2710 :
2752 2657 2807 2714 Si
2828 2663 2948 2730 quis
2970 2673 3240 2739 acceperit
3266 2679 3675 2745 permissionem
3708 2701 3845 2755 pon-

2251 2733 2428 2804 tiﬁcis,
2461 2749 2515 2796 et
2541 2745 2826 2804 collectum
2848 2752 2916 2807 sit
2945 2733 3174 2824 pretium
3205 2733 3426 2834 captivi,
3450 2785 3556 2826 non
3573 2773 3690 2843 plus
3708 2733 3841 2832 lens

2246 2829 2387 2894 gerit
2413 2846 2572 2902 quam
2615 2842 2907 2898 necessitas
2953 2853 3220 2918 poposcit.
3252 2829 3308 2911 Si
3363 2829 3493 2928 quid
3536 2829 3687 2935 supra

2251 2924 2532 2992 manserit,
2556 2937 2722 2995 ponat
2761 2948 2922 3003 super
2943 2938 3133 3006 altare,
3167 2954 3221 2999 et
3265 2924 3622 3020 indigentibus
3669 2957 3830 3016 detur

2244 3016 2303 3064 et
2327 3015 2571 3082 captivis.

2313 3102 2444 3158 Item
2476 3108 2519 3160 si
2540 3110 2660 3178 quis
2687 3114 2890 3182 colligit
2917 3123 3200 3188 pecuniam
3231 3129 3331 3183 sub
3358 3134 3579 3191 nomine
3619 3139 3839 3196 miseri-

2241 3195 2457 3268 cordiae,
2483 3215 2588 3256 non
2621 3204 2818 3262 audeat
2843 3211 3079 3280 spoliare
3103 3215 3397 3278 Ecclesiam
3451 3219 3575 3294 Dei,
3609 3232 3705 3287 sed
3750 3250 3840 3288 re—

2238 3303 2332 3358 ges
2381 3302 2438 3348 et
2485 3297 2739 3367 plebiles,
2769 3303 2964 3373 quibus
2993 3310 3183 3368 melius
3229 3324 3314 3370 est
3354 3317 3481 3374 dare
3530 3338 3692 3392 quam
3750 3343 3840 3383 re-

2238 3385 2495 3445 condere.

550 3809 1090 3902 SYNODUS
1142 3813 1988 3916 EPISCOPORUM
2051 3834 2601 3940 PATRICII,
2660 3811 3114 3942 AUXILII
3207 3863 3809 3954 ISSEBNINI.

2006 3997 2300 4015 “.-

615 4072 826 4129 Gratias
845 4076 1051 4145 agimus
1071 4079 1182 4136 Deo
1203 4080 1347 4138 Patri
1367 4092 1420 4140 et
1443 4085 1577 4142 Filio
1597 4096 1654 4144 et
1671 4089 1893 4160 Spiritui
1914 4105 2122 4153 sancto.

545 4166 874 4237 presbyteris
922 4177 978 4224 et
1023 4171 1340 4229 diaconibus
1375 4185 1430 4230 et
1459 4180 1603 4234 omni
1645 4181 1809 4249 clero,
1844 4185 2124 4256 Patricius,

548 4255 788 4308 Auxilius
811 4266 865 4310 et
894 4257 1189 4317 Isserninus
1230 4265 1487 4336 episcOpi,
1516 4270 1760 4325 salutem.

617 4342 796 4399 Satius
825 4347 979 4401 nobis
1025 4352 1356 4420 negligentes
1400 4371 1731 4424 praemonere
1779 4365 1982 4436 (quam)
2012 4384 2124 4423 Clll-

547 4450 675 4504 pare
703 4450 820 4504 qum
850 4438 986 4493 facta
1029 4451 1180 4508 sunt,
1213 4442 1500 4502 Salomone
1527 4448 1738 4508 dicente
1769 4473 1782 4507 :
1832 4455 2019 4514 Melius
2048 4470 2125 4516 est

547 4545 761 4600 arguere
788 4548 937 4602 quam
964 4534 1118 4588 irasci
1141 4536 1329 4607 (Eccli.
1361 4557 1452 4608 xx,
1487 4541 1825 4616 l).Exempla
1853 4549 2120 4609 deﬁnitio-

545 4623 626 4675 nis
655 4631 850 4678 nostnu
879 4625 1100 4682 inferius
1127 4632 1426 4701 conscripta
1455 4643 1596 4701 sunt,
1629 4644 1682 4690 et
1721 4639 1798 4694 sic
1846 4641 2118 4702 inchoent.

614 4713 652 4768 l.
695 4713 750 4770 Si
770 4717 890 4786 quis
906 4718 958 4772 in
973 4719 1323 4788 quaestionem
1344 4725 1568 4795 captivis
1587 4730 1854 4797 qumsierit
1874 4733 1925 4788 in
1945 4735 2118 4805 plebe,

513 4822 642 4879 ,δυο
665 4807 806 4876 jure,
846 4811 962 4866 sine
996 4815 1370 4882 permissione,
1411 4820 1607 4874 meruit
1645 4828 2119 4885 excommunicari.

613 4896 678 4953 ll.
718 4898 970 4957 Lectores
981 4903 1213 4975 denique
1232 4919 1556 4977 cognoscant
1576 4916 1937 4990 unusquisque
1958 4921 2122 4976 eccle-

539 4989 674 5044 siam
705 4991 757 5045 in
785 5007 891 5062 qua
916 4997 1128 5064 psallat.

612 5081 695 5138 IlI.
737 5083 973 5142 Clericus
997 5103 1163 5159 vagus
1189 5107 1295 5148 non
1322 5095 1391 5150 sit
1419 5096 1473 5152 in
1499 5097 1675 5168 plebe.

2231 4104 2507 4163 cerdotem
2533 4111 2650 4167 sine
2671 4115 2850 4171 tunica
2881 4119 3025 4174 visus
3067 4119 3247 4190 fuerit,
3277 4133 3372 4179 aut
3429 4128 3826 4198 turpitudinem

2229 4200 2435 4254 ventris
2463 4209 2519 4256 et
2545 4204 2839 4262 nuditatem
2865 4223 2976 4264 non
3006 4219 3182 4281 tegat;
3213 4223 3269 4269 et
3293 4217 3339 4270 si
3367 4234 3474 4272 non
3499 4236 3650 4276 more
3699 4223 3822 4280 Ro-

2229 4300 2388 4343 mano
2417 4292 2599 4360 capilli
2630 4295 2747 4365 ejus
2774 4300 2916 4354 tonsi
2942 4301 3071 4370 sint,
3100 4311 3155 4358 et
3195 4320 3334 4360 uxor
3377 4307 3496 4376 ejus
3517 4311 3562 4366 si
3586 4327 3692 4368 non
3723 4331 3823 4370 ve-

2228 4375 2338 4434 lato
2366 4382 2543 4451 capite
2570 4386 2941 4456 ambulaverit,
2974 4393 3177 4462 pariter
3206 4410 3236 4449 a
3264 4375 3422 4454 laicis
3459 4409 3820 4458 contemnen-

2228 4473 2334 4535 tur,
2365 4473 2509 4528 etab
2539 4473 2775 4535 Ecclesia
2806 4491 3143 4551 separentur.

2298 4562 2408 4618 VII.
2441 4565 2757 4639 Quicunque
2797 4574 3024 4631 clericus
3049 4577 3227 4647 jussus
3277 4583 3614 4652 negligentia:
3650 4602 3820 4642 causa

2226 4651 2296 4706 ad
2317 4654 2570 4713 collectas
2598 4675 2755 4722 mane
2772 4665 2852 4720 vel
2873 4681 3097 4738 vespere
3120 4687 3229 4726 non
3255 4677 3552 4731 occurrerit
3566 4717 3582 4744 ,
3608 4677 3820 4734 alienus

2300 4835 2428 4893 VIII.
2460 4838 2699 4900 Clericus
2754 4848 2800 4901 si
2855 4864 2952 4918 pro
3003 4853 3188 4920 gentili
3233 4855 3452 4910 homine
3507 4857 3820 4928 ﬁdeijussor
3877 4921 3881 4924 _

2223 4927 2380 4994 fuerit
2405 4931 2456 4985 in
2483 4947 2802 5007 quacunque
2821 4943 3122 5009 quantitate
3140 4983 3155 5007 ,
3187 4953 3240 4999 et
3268 4946 3313 5000 si
3333 4947 3617 5017 contigerit
3634 4927 3817 5018 (quod
3861 4949 3874 4999 ἔ

2221 5021 2412 5077 mirum
2443 5041 2550 5081 non
2581 5037 2604 5065 α
2635 5032 2847 5103 potest)
2870 5049 2968 5102 per
2995 5035 3250 5090 aStutiam
3281 5037 3546 5106 aliquam,
3594 5041 3819 5106 gentilis

2219 5111 2307 5166 ille
2335 5113 2530 5171 clerico
2559 5116 2710 5174 fallat
2747 5122 2907 5178 rebus
2935 5124 3076 5190 suist,
3102 5127 3330 5182 clericus
3358 5127 3448 5182 ille
3494 5129 3669 5184 solvat
3709 5131 3816 5186 de-

609 5173 696 5230 lV.
737 5175 792 5230 Si
823 5179 944 5248 quis
970 5183 1374 5250 permissionem
1416 5191 1702 5260 acceperit,
1735 5201 1790 5248 et
1830 5195 2114 5252 collectum
2215 5202 2384 5260 bitum
2425 5223 2586 5263 :nam
2625 5213 2670 5266 si
2700 5215 2862 5268 armis
2885 5221 3330 5288 compugnaverit
3375 5236 3498 5276 cum
3527 5221 3638 5291 illo,
3699 5239 3815 5279 me-

2640 5265 2667 5266 η
2892 5265 3002 5271 η---
3051 5265 3212 5287 -,,.--.

537 5265 606 5319 sit
634 5268 884 5336 pretium,
929 5286 1034 5327 non
1080 5273 1201 5344 plus
1238 5277 1415 5346 exigat
1460 5295 1621 5349 quam
1650 5284 1792 5353 quod
1823 5289 2114 5344 necessitas
2216 5297 2320 5351 rito
2349 5308 2501 5354 extra
2528 5301 2820 5361 Eeclesiam
2863 5265 3220 5381 computetur.

540 5368 771 5505 ροῗηέί
815 5453 944 5523 quid
985 5471 1145 5526 supra
1193 5462 1479 5526 manserit,
1528 5474 1693 5533 ponat
1737 5483 1897 5541 super
1939 5471 2110 5530 altare

533 5540 821 5609 pontiﬁcis,
849 5551 911 5599 ut
936 5546 1093 5603 detur
1119 5548 1209 5604 alii
1239 5551 1517 5622 indigenti.

605 5628 695 5688 Vl.
725 5630 1038 5706 Quicunque
1065 5640 1293 5699 clericus
1345 5647 1413 5700 ab
1449 5648 1673 5707 ostiario
1698 5665 1869 5738 usque
1910 5655 1976 5713 ad
2030 5673 2114 5715 sa-

608 5800 634 5830 ι
661 5788 789 5860 Leg.
822 5793 933 5849 Est.
967 5797 1055 5852 Sic
1083 5799 1175 5853 lib.
1208 5798 1424 5856 Cotton.

2286 5388 2375 5443 IX.
2403 5390 2693 5452 Monachus
2719 5406 2775 5453 et
2802 5400 2974 5470 virgo,
3004 5419 3144 5458 unus
3187 5404 3256 5460 ab
3310 5405 3458 5474 hinc,
3487 5415 3540 5460 el
3588 5406 3696 5462 alia
3740 5410 3818 5465 ab

2224 5480 2458 5550 aliunde,
2489 5486 2540 5540 in
2572 5505 2677 5545 uno
2724 5492 2959 5564 hospitio
3007 5511 3114 5551 non
3172 5508 3572 5568 commaneant,
3604 5515 3713 5558 nec
3755 5504 3819 5559 in

2220 5588 2329 5629 uno
2357 5591 2566 5634 currua
2597 5582 2720 5638 villa
2748 5585 2799 5639 in
2827 5586 3010 5642 villam
3055 5588 3390 5662 discurrant,
3439 5607 3540 5650 nec
3589 5595 3824 5655 assiduo

2220 5664 2449 5726 invicem
2478 5673 2963 5737 contabulationem
2993 5691 3299 5741 exerceant.

3915 1228 3930 1261 δ
