4140 6346
289 399 394 456 895

1247 387 1556 449 SYNODUS
1592 386 2062 446 EPISCOPOBUM
2103 386 2416 458 PATRICII,
2454 387 2605 444 ETC.

3445 393 3550 451 826

360 518 426 574 Χ.
467 519 522 574 Si
549 521 819 590 inceptum
847 517 972 572 boni
1001 517 1182 586 operis
1211 512 1507 569 ostenderit
1546 511 1598 566 in
1626 509 1860 581 psallen-
1888 510 1938 570 Α
1967 524 2074 566 non
2104 518 2229 564 ante
2256 508 2490 578 baptizet
2533 522 2710 579 neque
2748 508 2960 576 oderat,
2984 523 3084 566 nec
3110 524 3408 581 consecret,
3452 533 3549 572 nec

286 611 376 676 do,
405 618 461 664 et
501 623 709 664 comam
738 607 932 663 habeat
952 648 967 672 ,
995 607 1063 661 ab
1092 604 1329 661 Ecclesia
1358 601 1740 667 excludendus,
1765 599 1865 655 nisi

286 702 448 758 statui
469 700 633 773 priori
659 715 718 756 se
744 699 1057 755 restituerit.

355 792 446 849 XI.
472 793 786 864 Quicunque
810 792 1037 848 clericus
1064 790 1131 845 ab
1163 790 1344 858 aliquo
1377 786 1867 844 excommunicatus

209 924 216 928 -
281 887 446 942 fuerit
473 895 527 940 et
558 886 693 942 alius
719 900 841 941 eum
883 883 1196 954 susceperit,
1226 882 1384 936 ambo
1408 877 1663 949 coacquali
1688 876 1863 948 pumi-

281 981 452 1037 tentia
480 987 715 1034 utantur.

355 1071 467 1126 XII.
510 1071 822 1140 Quicunque
849 1069 1185 1126 Christianus
1225 1065 1718 1122 excommunicatus
1746 1061 1863 1117 fue-

280 1167 372 1231 rit,
407 1180 507 1220 nec
531 1165 648 1234 ejus
675 1164 1018 1235 eleemosyna
1047 1162 1354 1231 recipiatur.

352 1255 490 1311 XIII.
530 1255 941 1327 Eleemosynam
971 1270 1001 1308 a
1030 1252 1276 1323 gentibus
1323 1248 1647 1306 offerendam
1679 1248 1731 1301 in
1773 1262 1864 1302 ec-

278 1346 499 1404 clesiam
527 1346 697 1416 recipi
728 1361 834 1400 non
863 1345 1006 1400 licet.

351 1436 490 1492 XIV.
531 1435 870 1493 Christianus
896 1437 987 1506 qui
1017 1434 1295 1499 occiderit,
1337 1442 1430 1488 aut
1456 1431 1864 1488 fornicationem

278 1529 486 1595 fecerit,
518 1537 610 1583 aut
637 1544 788 1584 more
815 1529 1090 1598 gentilium
1114 1525 1179 1580 ad
1211 1534 1236 1563 ι
1259 1525 1560 1595 aruspicem
1583 1523 1861 1587 mcaverit;

278 1633 378 1693 per
397 1623 605 1690 singula
617 1623 842 1678 crimina
869 1637 1066 1676 annum
1083 1618 1408 1691 pmnitentize
1437 1626 1559 1686 agat
1586 1635 1597 1668 :
1623 1616 1862 1684 impleto,

277 1729 400 1768 cum
430 1714 655 1769 testibus
673 1715 863 1768 .veniat
891 1729 1033 1767 anno
1080 1711 1426 1783 pmnitentiaa,
1461 1718 1516 1764 et
1566 1715 1752 1778 postea
1781 1722 1866 1761 re-

276 1805 515 1860 solvetur
540 1821 569 1858 a
599 1807 899 1861 sacerdote.

1967 602 2249 658 ecclesiam
2280 600 2534 667 aedificet,
2567 601 2590 637 ἀ
2625 618 2724 658 nec
2764 603 3178 678 permissionem
3225 608 3453 678 accipiat
3480 609 3548 663 ab

1967 695 2256 765 episcopo;
2289 709 2410 748 nam
2437 693 2527 762 qui
2558 709 2584 746 a
2625 693 2872 761 gentibus
2897 702 3080 765 sperat
3119 697 3546 767 permissionem,

1967 788 2174 842 alienus
2195 787 2284 841 sit.

2043 877 2201 933 XXV.
2242 877 2297 932 Si
2327 893 2444 948 quze
2473 877 2791 946 a'religiosis
2837 877 3139 933 hominibus
3185 878 3381 934 donata
3431 881 3548 936 fue-

1965 970 2094 1034 rint,
2121 970 2307 1025 dicbus
2335 969 2436 1023 illis
2462 969 2654 1039 quibus
2683 969 2923 1039 pontifex
2948 971 2999 1025 in
3029 972 3248 1040 singulis
3277 973 3551 1028 habitave-

1967 1063 2038 1117 rit
2083 1062 2340 1127 ecclesiis,
2371 1063 2714 1132 pontiiicialia
2757 1063 2926 1127 dona,
2959 1064 3095 1119 sicut
3133 1081 3250 1121 mos
3277 1066 3548 1136 antiquus,

1967 1153 2236 1218 ordinare,
2269 1153 2336 1207 ad
2366 1154 2675 1224 episcopum
2705 1156 3068 1225 pertinebunt,
3118 1157 3231 1213 sive
3281 1158 3347 1213 ad
3395 1174 3548 1214 usum

1969 1248 2348 1314 necessarium,
2400 1249 2512 1302 sive
2559 1249 2838 1316 egentibus
2883 1249 3306 1309 distribuendum
3327 1293 3341 1319 ,
3389 1260 3549 1322 prout

1968 1339 2082 1410 ipse
2103 1341 2384 1410 cpiscopus
2411 1339 2728 1395 moderabit.

2041 1433 2227 1487 XXVI.
2266 1433 2321 1487 Si
2342 1433 2462 1502 quis
2482 1447 2612 1487 vero
2633 1432 2861 1488 clericus
2879 1413 3295 1501 contravenerit,
3328 1443 3382 1488 et
3408 1433 3549 1490 dona

1971 1524 2223 1580 invadere
2256 1524 2415 1578 fuerit
2461 1524 2843 1594 deprehensus,
2876 1534 2934 1578 ut
2975 1526 3144 1595 turpis
3168 1526 3301 1580 lucri
3329 1525 3551 1597 cupidus

1971 1619 2038 1672 ab
2066 1617 2306 1673 Ecclesia
2337 1625 2725 1686 sequestretur.

2041 1711 2248 1765 XXVII.
2280 1711 2519 1765 Clericus
2538 1709 2779 1780 episcopi
2811 1710 2862 1762 in
2901 1709 3059 1778 plebe
3105 1710 3356 1779 quislibet
3382 1725 3553 1765 novus

1973 1805 2261 1874 ingressor,
2283 1805 2570 1874 baptizare
2599 1813 2653 1857 et
2698 1801 2891 1857 offerre
2930 1803 3076 1856 illum
3106 1818 3213 1857 non
3257 1803 3409 1868 licet,
3453 1819 3552 1857 nec

349 1896 462 1951 XV.
505 1895 572 1950 Et
618 1899 706 1966 qui
756 1896 952 1950 furtum
1002 1897 1216 1957 fecerit,
1267 1893 1542 1948 dimidium
1587 1890 1864 1974 poeniteat,
1893 1893 1943 1953 Β
1970 1899 2166 1968 aliquid
2189 1913 2380 1966 agere:
2413 1898 2502 1966 qui
2551 1898 2595 1950 si
2624 1897 2700 1952 sic
2728 1913 2833 1952 non
2878 1895 3554 1961 faciat,excommunionis

283 1989 468 2057 viginti
498 1988 686 2043 diebus
717 2004 834 2044 cum
861 2004 998 2058 pane
1023 2005 1036 2053 ;
1069 1994 1123 2041 et
1151 1988 1196 2040 si
1226 1985 1340 2041 fieri
1370 1992 1569 2056 potest,
1601 1990 1758 2058 rapta
1779 1998 1863 2037 re-

279 2087 567 2152 praesentet
597 2097 608 2132 :
641 2080 796 2134 sicin
823 2078 1118 2132 Ecclesiam
1149 2086 1424 2132 rennetur.

351 2173 486 2228 XVI.
530 2172 866 2226 Christianus
895 2171 986 2241 qui
1024 2170 1312 2224 crediderit
1352 2184 1469 2224 esse
1497 2167 1522 2205 δ
1554 2164 1792 2221 Lamiam
1815 2168 1867 2222 in

274 2265 513 2336 speculo,
540 2280 658 2334 qua:
680 2265 1068 2334 interpretatur
1089 2263 1128 2318 S
1137 2265 1288 2334 triga,
1308 2262 1862 2325 anathematizandus,

273 2358 578 2428 quicunque
607 2371 772 2426 super
800 2355 1030 2410 animam
1056 2394 1070 2419 ,
1105 2353 1295 2408 famam
1328 2355 1483 2412 istam
1514 2356 1861 2426 imposuerit;

274 2463 381 2504 nec
407 2456 530 2502 ante
552 2449 606 2502 in
636 2447 930 2503 Ecclesiam
954 2445 1294 2516 recipiendus
1320 2461 1482 2516 quam
1511 2455 1568 2500 ut
1598 2445 1737 2501 idem
1763 2448 1870 2502 eri-

281 2541 440 2595 minis
462 2540 604 2610 quod
626 2539 770 2605 fecit,
802 2553 899 2593 sua
919 2540 1111 2593 iterum
1131 2555 1264 2594 voce
1291 2547 1509 2594 revocet
1533 2557 1544 2591 :
1575 2548 1629 2592 et
1649 2538 1726 2592 sic
1754 2555 1866 2608 pm-

275 2636 558 2690 nitentiam
583 2649 703 2688 cum
733 2633 878 2689 omni
898 2631 1170 2701 diligentia
1193 2641 1333 2700 agat.

347 2727 512 2784 XVII.
543 2726 707 2796 Virgo
736 2741 856 2796 quae
901 2726 1108 2780 voverit
1155 2725 1266 2779 Deo
1295 2732 1575 2794 permanet
1611 2731 1779 2787 casta,
1810 2731 1864 2777 et

275 2827 460 2889 postea
490 2819 732 2888 nupserit
782 2816 1053 2872 carnalem
1091 2831 1365 2886 sponsum,
1399 2817 1863 2870 excommunionis

275 2908 347 2964 sit
366 2907 537 2961 donec
558 2914 927 2960 convertatur.
956 2905 1012 2959 Si
1042 2921 1298 2960 conversa
1324 2904 1502 2970 fuerit,
1525 2914 1579 2960 et
1604 2906 1864 2960 dimiserit

185 3001 190 3008 ’
270 2997 612 3061 adulterium,
646 2998 1020 3068 paenitentiam
1049 3005 1192 3066 agat,
1222 3006 1278 3052 et
1306 3005 1493 3068 postea
1525 3014 1630 3051 non
1661 2998 1713 3050 in
1758 3013 1860 3050 una

269 3090 434 3147 domo
464 3105 562 3144 nec
585 3091 637 3144 in
671 3106 774 3143 una
807 3089 930 3143 villa
959 3088 1225 3144 habitent.

344 3178 529 3235 XVIII.
569 3180 625 3235 Si
673 3181 794 3250 quis
834 3181 1298 3236 excommunionis
1344 3179 1522 3243 fuerit,
1575 3196 1673 3236 nec
1700 3191 1860 3238 nocte

1970 1991 2057 2043 sit.

2047 2079 2276 2134 XXVIII.
2320 2081 2376 2134 Si
2405 2080 2524 2150 quis
2559 2080 2877 2135 clericorum
2907 2079 3369 2135 excommunionis
3398 2078 3554 2134 fuerit

1968 2173 2132 2238 solus,
2185 2189 2292 2226 non
2323 2173 2374 2225 in
2405 2171 2593 2226 eadem
2621 2170 2781 2224 domo
2827 2187 2949 2225 cum
2979 2171 3096 2224 aliis
3124 2170 3424 2224 orationem
3473 2167 3554 2222 fa-

1968 2267 2076 2320 ciat
2104 2285 2117 2332 ;
2149 2281 2246 2320 nec
2273 2265 2465 2320 offerre
2493 2279 2593 2318 nec
2619 2274 2643 2301 ε
2673 2278 2996 2317 conservare
3026 2263 3168 2327 licet,
3191 2261 3364 2316 donec
3392 2275 3450 2315 se
3471 2260 3552 2314 fa-

1969 2358 2077 2412 ciat
2115 2357 2494 2422 emendatum;
2527 2355 2619 2426 qui
2667 2355 2711 2409 si
2756 2354 2832 2409 sic
2872 2369 2979 2409 non
3035 2352 3240 2418 fecerit,
3272 2351 3553 2422 dupliciter

1969 2452 2287 2506 vindicetur.

2040 2543 2228 2597 XXIX.
2261 2541 2317 2596 Si
2345 2543 2465 2611 quis
2486 2542 2708 2596 fratrum
2734 2543 2978 2611 accipere
3002 2541 3227 2609 gratiam
3255 2539 3351 2593 Dei
3370 2539 3554 2594 volne-

1966 2639 2054 2700 rit,
2099 2653 2205 2690 non
2236 2644 2362 2688 ante
2387 2635 2685 2704 baptizetur
2712 2649 2872 2702 quam
2901 2631 3367 2702 quadragesimum
3408 2638 3552 2696 agat.

2037 2730 2204 2786 XXX.
2246 2729 2546 2800 Episcopus
2575 2729 2829 2798 quislibet
2870 2729 2961 2796 qui
3008 2726 3074 2780 de
3118 2741 3213 2779 sua
3247 2725 3298 2778 in
3328 2725 3551 2778 alteram

1963 2823 2304 2894 progreditur
2330 2821 2662 2891 parochiam,
2694 2835 2793 2872 nec
2823 2818 3074 2872 ordinare
3114 2821 3420 2885 praesumat,
3453 2815 3552 2869 nisi

1965 2912 2373 2984 permissionem
2403 2909 2671 2978 acceperit
2698 2908 2764 2962 ab
2793 2923 2860 2962 eo
2905 2908 2996 2975 qui
3039 2907 3090 2959 in
3121 2922 3219 2960 suo
3249 2905 3552 2986 principatu

1965 3012 2076 3068 est;
2107 3003 2192 3056 die
2217 3001 2486 3056 dominica
2515 2998 2708 3054 offerat
2728 3006 2934 3053 tantum
2964 2997 3335 3067 susceptione,
3367 3003 3423 3049 et
3451 2996 3550 3049 ob-

1964 3096 2113 3163 sequi
2137 3095 2223 3148 hic
2247 3101 2532 3148 contentus
2553 3093 2641 3147 sit.

2035 3185 2220 3239 XXXI.
2263 3185 2318 3239 Si
2349 3185 2468 3255 quis
2515 3183 2832 3240 conduxerit
2860 3198 2891 3236 e
2919 3182 3129 3237 duobus
3169 3181 3378 3236 clericis
3415 3195 3552 3249 quos

267 3272 599 3344 pascharum
629 3272 681 3325 in
708 3271 990 3327 ecclesiam
1021 3271 1173 3342 (non)
1203 3273 1458 3337 introeat,
1483 3270 1654 3326 donec
1684 3275 1856 3342 pmni-
1887 3272 1932 3332 C
1963 3277 2272 3331 discordare
2317 3277 2568 3331 convenit
2596 3284 2695 3344 per
2723 3273 3047 3328 discordiam
3079 3274 3330 3342 aliquam,
3370 3272 3550 3340 prola-

268 3365 498 3420 tentiam
528 3364 773 3434 recipiat.

347 3457 487 3513 XIX.
521 3457 710 3512 Mulier
754 3456 1056 3513 Christiana
1085 3472 1204 3526 qum
1246 3458 1515 3528 acceperit
1544 3459 1717 3513 virum
1758 3461 1857 3516 ho-

268 3550 446 3605 nestis
477 3548 694 3620 nuptiis,
727 3559 782 3604 et
809 3549 1151 3620 postmodum
1194 3551 1500 3606 discesserit
1529 3569 1558 3605 a
1582 3553 1774 3622 primo,
1805 3562 1860 3608 et

261 3642 510 3714 iunxerit
549 3657 606 3696 se
637 3641 935 3708 adulterio,
981 3657 1100 3712 quae
1127 3642 1239 3697 haec
1269 3641 1411 3706 fecit,
1457 3645 1860 3698 excommunio~

264 3734 359 3788 nis
385 3735 474 3788 sit.

349 3823 462 3878 XX.
505 3823 842 3880 Christianus
884 3841 975 3894 qui
1022 3823 1232 3878 fraudat
1287 3824 1522 3879 debitum
1578 3825 1860 3893 cujuslibet

263 3917 384 3971 ritu
415 3917 722 3984 gentilium,
757 3916 1222 3971 excommunionis
1251 3915 1320 3968 sit
1361 3916 1532 3972 donec
1561 3916 1733 3970 solvat
1761 3917 1852 3972 de-

237 4009 464 4065 ‘bitum.
1687 4005 1692 4008 ’

350 4099 488 4153 XXI.
519 4099 856 4155 Christianus
882 4101 968 4155 cui
1010 4100 1359 4170 dereliquerit
1401 4101 1620 4170 aliquis,
1651 4109 1705 4155 et
1731 4117 1857 4171 pro-

259 4197 433 4244 vocat
487 4205 609 4244 eum
665 4190 717 4242 in
757 4199 779 4228 ι·
823 4189 1039 4243 ductum
1089 4199 1302 4256 et‘non
1361 4191 1414 4244 in
1464 4190 1860 4254 ecclesiam,ut

242 4278 349 4335 'ibi
370 4278 708 4333 examinetur
733 4293 914 4342 causa,
947 4280 1036 4348 qui
1065 4281 1142 4335 sic
1171 4279 1357 4335 fecerit
1395 4283 1600 4339 alienus
1627 4285 1713 4338 sit.

349 4367 509 4422 XXII.
552 4369 606 4422 Si
633 4369 752 4438 quis
781 4369 1061 4424 tradiderit
1090 4371 1252 4424 tiliam
1293 4387 1441 4425 suam
1472 4372 1588 4426 viro
1623 4373 1861 4427 honestis

261 4461 493 4532 nuptiis,
527 4469 579 4514 et
607 4462 866 4514 amaverit
895 4462 1056 4515 alium
1086 4472 1139 4516 et
1173 4465 1442 4517 consentit
1490 4462 1607 4518 lilia:
1645 4480 1773 4528 sum,
1805 4472 1861 4518 et

259 4555 543 4621 acceperit
596 4553 775 4608 dotem
803 4594 816 4617 ,
869 4554 1026 4607 ambo
1083 4555 1149 4607 ab
1195 4553 1434 4610 Ecclesia
1483 4556 1855 4610 excludantur.

1966 3377 2076 3422 tum
2110 3369 2200 3422 uni
2230 3384 2258 3422 c
2287 3367 2497 3422 duobus
2526 3369 2734 3422 hostem
2766 3369 2832 3420 ad
2863 3362 3288 3419 interﬁciendum
3317 3363 3548 3418 homici-

1960 3459 2081 3512 dam
2103 3473 2399 3526 congruum
2429 3467 2512 3512 est
2544 3457 2841 3521 nominari;
2873 3457 2966 3525 qui
2995 3455 3228 3510 clericus
3274 3454 3342 3508 ab
3371 3454 3549 3507 omni-

1958 3551 2060 3604 bus
2081 3551 2242 3604 rectis
2276 3550 2504 3603 habetur
2532 3549 2756 3602 alienus.

2033 3641 2246 3695 XXXII.
2281 3641 2335 3695 Si
2365 3642 2485 3710 quis
2511 3641 2829 3695 clericorum
2858 3640 3087 3695 voluerit
3103 3639 3292 3709 iuvare
3318 3641 3550 3711 captivo,

1959 3749 2082 3787 cum
2111 3749 2209 3786 suo
2232 3733 2406 3801 pretio
2429 3732 2502 3785 illi
2531 3731 2815 3786 subveniat
2845 3750 2856 3784 :
2890 3746 3012 3784 nam
3041 3731 3087 3786 si
3122 3746 3223 3802 per
3262 3733 3458 3786 furtum
3489 3731 3554 3786 il-

1960 3827 2068 3880 lum
2119 3827 2490 3891 inviolaverit,
2539 3827 2982 3897 blasphemantur
3025 3826 3181 3881 multi
3229 3825 3411 3880 clerici
3457 3839 3554 3894 per

1963 3933 2126 3971 unum
2182 3918 2477 3983 latronem;
2526 3917 2618 3985 qui
2675 3917 2752 3970 sic
2808 3915 3030 3981 fecerit,
3089 3914 3551 3970 excommunionis

1959 4009 2048 4062 sit.

2034 4089 2266 4153 XXXIII.
2300 4098 2538 4154 Clericus
2556 4101 2648 4169 qui
2676 4099 2743 4154 de
2772 4099 3039 4154 Britannis
3060 4098 3125 4152 ad
3153 4112 3250 4153 nos
3266 4097 3413 4152 venit
3439 4099 3552 4153 sine

1962 4192 2225 4262 epistola,
2272 4193 2372 4247 etsi
2415 4193 2622 4248 habitet
2671 4194 2723 4247 in
2766 4184 3104 4264 plebe,'non
3145 4190 3348 4246 licitum
3396 4190 3553 4244 mini-

1963 4292 2156 4338 strare.

2040 4374 2280 4430 XXXIV.
2322 4374 2590 4433 Diaconus
2635 4377 2914 4432 nobiscum
2951 4377 3218 4444 similiter,
3248 4376 3339 4445 qui
3371 4375 3553 4429 incon-

1974 4466 2116 4521 sulto
2145 4483 2244 4522 suo
2273 4467 2486 4533 abbate,
2536 4468 2872 4540 sinellittcris
2914 4469 2965 4521 in
3009 4467 3166 4521 aliam
3197 4465 3505 4536 parochiam
3530 4463 3550 4503 ί

1967 4559 2246 4623 assentiat,
2273 4575 2371 4613 nec
2392 4561 2568 4614 cibum
2600 4560 2901 4614 ministrare
2929 4557 3116 4613 decet:
3139 4567 3193 4611 et
3214 4574 3243 4612 a
3275 4573 3374 4612 suo
3401 4572 3554 4627 pres-

349 4642 528 4696 XXIII.
572 4642 626 4698 Si
666 4644 786 4713 quis
814 4645 1253 4715 presbyterorum
1301 4646 1583 4702 ecclesiam
1629 4646 1860 4703 :cdiﬂca-
1889 4639 1937 4697 Ι)
1965 4651 2155 4722 bytero
2179 4666 2338 4718 quem
2368 4652 2826 4721 comempsit,per
2840 4651 3206 4720 pmnitentiam
3229 4648 3550 4701 vindicetur:

259 4738 430 4800 verit,
449 4753 553 4791 non
579 4735 768 4790 oll'crat
793 4745 1078 4806 antequam
1101 4739 1331 4794 adducat
1350 4756 1506 4796 suum
1527 4740 1854 4812 pontiﬁcem,
1883 4798 1896 4812 ,

259 4835 334 4884 ut
363 4843 477 4882 eam
503 4836 802 4892 consecret,
833 4829 955 4898 quia
985 4829 1062 4885 sic
1090 4830 1266 4886 decet.

350 4917 536 4975 XXIV.
566 4918 621 4973 Si
677 4920 796 4988 quis
841 4920 1044 4975 advena
1093 4921 1364 4989 ingressus
1409 4921 1571 4977 fuerit
1625 4924 1856 4993 plebem,

350 5129 372 5155 η
404 5119 503 5194 Qui
531 5122 938 5194 harugagarum,
964 5123 1015 5177 id
1045 5126 1146 5184 est,
1179 5123 1473 5194 hostiarum
1512 5132 1634 5194 exta
1677 5127 1859 5194 inspe-

259 5199 403 5264 ctat,
427 5191 494 5264 ad
524 5191 820 5264 futurOrum
846 5203 1100 5264 eventum
1123 5193 1246 5247 inde
1267 5193 1716 5261 cognoscendum.
1735 5191 1854 5250 Vid.

262 5259 422 5317 "31d.
449 5259 577 5316 Jun.
611 5260 1002 5317 Nomenclator.
1038 5263 1195 5318 WAR.

348 5332 371 5367 ιι
404 5329 563 5404 Festo
615 5334 872 5402 accipitur
919 5349 1016 5402 pro
1064 5333 1303 5388 malefica
1359 5335 1599 5404 muliere,
1641 5350 1760 5404 quzc
1801 5347 1856 5391 et

270 5399 520 5456 Volatica
546 5411 601 5458 et
626 5399 759 5458 atria:
778 5399 1070 5474 antiquitus
1097 5405 1390 5461 dicebatur.
1424 5403 1497 5460 In.

1966 4750 2020 4796 et
2067 4743 2361 4797 monachus
2391 4743 2692 4797 inconsulto
2723 4742 2917 4795 abbate
2961 4739 3186 4806 vagulus
3230 4737 3390 4790 debet
3436 4735 3553 4789 vin-

1966 4835 2154 4892 dicari.

2400 4922 2620 4977 Finiunt
2652 4922 2836 4992 synodi
2864 4921 3120 4974 instituta.

2040 5138 2061 5166 ο
2095 5127 2258 5181 Forte
2275 5126 2552 5196 judicium.
2586 5126 2641 5180 In

2034 5196 2058 5233 δ
2094 5199 2224 5264 Leg.
2257 5195 2435 5250 donec.
2471 5195 2546 5252 In.

2034 5279 2057 5304 ε
2090 5269 2168 5321 Αη
2191 5284 2513 5338 conuersam,
2553 5283 2648 5322 seu
2677 5267 2856 5338 potius
2880 5266 3214 5321 conversari?

2035 5339 2052 5376 ί
2086 5340 2212 5405 Leg.
2245 5337 2498 5393 absentat.
2531 5337 2690 5394 WAR.
