4140 6346
1701 375 2004 439 ωωω.

3407 378 3512 436 350

237 497 334 556 Dei
363 499 636 570 genitricis
667 497 862 552 Mariae.
895 495 1078 565 ibique
1315 493 1581 565 quosdam
1617 492 1814 546 fratres
1843 494 1894 551 Α
1923 492 2233 549 multata
2259 492 2466 564 positos
2493 491 2594 548 nos
2633 494 2990 549 crederemus.
3023 491 3370 560 Egredientes
3407 491 3510 561 igi-

234 590 554 648 rudimentis
581 589 858 645 catholica:
889 585 1012 652 ιω
1039 587 1293 660 imbutos,
1324 589 1380 647 ot
1406 585 1510 664 pia
1529 596 1820 646 conversa-

235 682 417 749 tionis,
447 681 537 751 qui
557 685 927 736 successerunt
948 679 1222 748 discipulis
1249 684 1557 733 sanctorum
1583 675 1819 745 Phagani

232 780 290 828 et
321 781 344 810 ⁸
375 772 667 839 Diruviani,
691 787 919 840 quorum
944 771 1182 846 nomine,
1211 787 1310 842 pm
1330 770 1453 836 vita:
1479 768 1706 840 meritis,
1728 783 1820 822 ve-

232 865 432 920 raciter
459 863 620 919 credo
648 855 846 934 scripta
876 863 928 918 in
955 863 1104 918 cretis
1134 863 1353 936 (Philip.
1382 855 1458 930 iv,
1491 861 1568 930 5).
1597 859 1667 934 Et
1692 861 1817 934 quia

229 953 284 1009 in
338 956 597 1012 memoria
643 963 844 1011 aeterna
885 963 1043 1013 erunt
1078 956 1206 1025 justi
1230 955 1411 1028 (Paul.
1441 972 1546 1022 (ιιι,
1582 955 1655 1024 7),
1696 970 1819 1012 eum

228 1045 453 1101 eosdem
509 1045 702 1102 fratres
761 1055 943 1102 tenere
991 1045 1318 1118 dilexissem,
1368 1061 1556 1100 eorum
1599 1045 1817 1100 nomina

227 1139 434 1208 scripto
466 1154 586 1218 meo
626 1139 868 1208 redigere
897 1140 920 1176 δ
963 1137 1126 1198 volui,
1151 1153 1268 1208 quae
1321 1145 1482 1193 sunt:
1527 1137 1813 1204 Brumban,

226 1227 542 1304 iiyregaan,
575 1231 875 1302 Bremwal,
921 1231 1244 1296 Wenerctb,
1307 1232 1815 1302 Baatommevveng,

229 1317 610 1392 Adelwolred,
668 1321 864 1395 Loyor,
908 1323 1165 1390 Wellias,
1223 1323 1474 1392 Breden,
1530 1323 1814 1392 Swelwes,

219 1408 690 1479 Hiuloernus,-et
739 1413 875 1472 alius
916 1413 1050 1485 Hyn.
1110 1412 1174 1468 Ili
1226 1411 1357 1468 cum
1393 1423 1572 1468 essent
1625 1414 1817 1486 nobili-

222 1502 328 1557 bus
371 1505 473 1558 orti
521 1505 808 1574 natalibus,
843 1506 1178 1562 nobilitatem
1219 1523 1368 1562 suam
1407 1507 1526 1563 fidei
1563 1508 1818 1578 operibus

223 1611 424 1652 ornare
445 1597 744 1668 cupientes,
763 1597 1091 1655 eremiticam
1110 1599 1274 1654 vitam
1296 1599 1493 1654 ducere
1513 1599 1810 1677 elegerunt.

221 1683 293 1744 Et
321 1690 573 1759 quoniam
605 1690 782 1745 inveni
810 1707 904 1760 eos
931 1691 1161 1756 humiles
1182 1709 1246 1748 ac
1273 1693 1508 1764 quietos,
1553 1691 1689 1758 elegi
1719 1706 1816 1761 po-

225 1780 334 1834 tius
373 1798 491 1836 cum
525 1775 889 1852 illis'abjcctus
910 1798 1052 1852 esse,
1074 1784 1244 1852 magis
1265 1799 1426 1854 quam
1459 1783 1512 1836 in
1545 1781 1815 1850 regalibus

220 1871 386 1928 curiis
414 1873 654 1937 habitare
684 1879 854 1953 (Psal.
886 1897 1105 1944 Lxxmn,
1133 1879 1242 1952 il).
1275 1878 1380 1934 Sed
1419 1879 1542 1948 quia
1573 1877 1812 1934 omnium
1845 1871 1893 1929 Β

221 1973 469 2021 nostrum
485 1963 610 2024 'erat
629 1987 718 2026 cor
745 1990 903 2027 unum
927 1983 977 2027 et
996 1975 1172 2030 animo
1195 1991 1297 2028 una
1322 1973 1457 2045 (Act.
1477 1989 1548 2037 tv,
1567 1971 1677 2048 59.),
1703 1973 1812 2028 ele-

221 2056 402 2125 gimus
424 2076 611 2116 omnes
640 2064 799 2128 simul
821 2065 1085 2134 habitare,
1117 2065 1400 2120 comedere
1429 2073 1483 2119 et
1501 2065 1685 2120 bibere
1715 2081 1812 2136 pa.-

219 2149 374 2216 riter,
408 2159 463 2205 et
487 2153 538 2206 in
566 2153 754 2213 eadem
778 2155 938 2210 domo
967 2157 1221 2214 dormire.
1254 2157 1448 2226 Sicque
1477 2174 1561 2212 me
1583 2158 1706 2212 licet
1728 2157 1812 2214 in—

224 2238 395 2293 vitum
423 2241 522 2294 sibi
545 2243 913 2313 praetulerunt.
940 2241 1062 2300 Non
1082 2247 1218 2300 enim
1248 2245 1433 2318 dignus
1455 2264 1597 2300 erant
1620 2246 1816 2300 solvere

226 2331 504 2406 corrigiam
537 2333 998 2389 calceamentorum
1023 2335 1213 2402 (Marc.
1252 2354 1286 2404 ι,
1323 2336 1374 2405 7)
1399 2353 1604 2390 eorum.

297 2420 366 2476 Et
389 2439 512 2480 cum
533 2424 697 2478 vitam
722 2427 1073 2482 monasticam
1097 2429 1168 2482 ita
1191 2430 1505 2483 duceremus
1520 2427 1672 2498 juxta
1696 2443 1817 2483 nor-

190 2546 202 2556 -
227 2527 375 2566 mam
402 2513 760 2586 probabilium
791 2514 1031 2588 Patrum,
1067 2518 1420 2574 ostenderunt
1447 2519 1576 2572 mibi
1607 2519 1811 2590 prmfati

222 2602 419 2662 fratres
459 2608 660 2678 scripta
700 2617 1008 2666 sanctorum
1053 2608 1287 2678 Phagani
1326 2619 1380 2666 et
1414 2611 1707 2676 Diruviani,
1759 2611 1811 2668 in

227 2695 425 2762 quibus
473 2699 876 2768 continebatur,
909 2701 1050 2770 quod
1089 2689 1370 2755 duodecim
1413 2702 1656 2772 discipuli
1687 2718 1810 2756 san-

223 2793 438 2840 ctorum
467 2787 695 2859 Philippi
725 2798 778 2844 et
805 2790 1009 2857 Jacobi,
1039 2793 1208 2862 ipsam
1241 2801 1502 2849 vetustam
1527 2796 1808 2851 ecclesiam

218 2883 637 2934 construxerunt
665 2882 717 2936 in
755 2881 962 2938 honore
990 2885 1280 2955 praelibatte
1311 2885 1680 2948 Atlvocatricis
1705 2904 1808 2950 no-

213 2967 363 3032 stra},
391 2983 488 3038 per
515 2967 998 3028 doetrinamentum
1030 2975 1174 3030 beati
1203 2976 1806 3045 archangeliGabrielis.

218 3054 448 3127 insuper
475 3067 530 3114 et
556 3062 699 3131 quod
721 3062 979 3120 Dominus
1002 3066 1245 3121 eamdem
1291 3068 1570 3133 ecclesiam
1601 3069 1812 3122 caelitus

217 3145 273 3199 in
297 3147 504 3203 honore
532 3165 642 3204 sum
673 3151 854 3208 Matris
875 3153 1239 3219 dedicaverat,
1269 3161 1322 3210 et
1350 3157 1494 3226 quod
1517 3149 1632 3214 tres
1655 3173 1810 3228 reges

1925 592 2014 646 tur
2037 595 2094 647 et
2121 583 2562 658 reingro'dﬁatu,
2607 586 2892 658 locumque
2929 583 3236 652 diligentius
3264 599 3505 654 perscru-

1924 687 2119 746 tantes,
2145 679 2442 733 iuvenimus
2464 675 2712 732 volumen
2745 692 2904 732 unum
2929 676 2982 730 in
3005 692 3112 746 quo
3138 675 3322 746 scripti
3352 681 3508 730 erant

1922 771 2088 841 Actus
2115 771 2504 856 apostolorum,
2533 768 2740 850 pariter
2779 783 2900 856 cum
2927 768 3061 833 antis
3098 773 3154 822 et
3190 767 3356 836 gestis
3381 781 3506 821 sau-

1921 874 2131 934 gtorum
2153 850 2386 933 Phagani
2408 871 2463 918 et
2483 861 2778 930 Diruviani,
2793 850 2860 918 ei
2875 877 3065 931 magna
3085 869 3240 934 parte
3259 877 3505 917 consum-

1923 965 2104 1028 ptum;
2135 957 2186 1010 in
2215 955 2366 1024 cujus
2395 964 2578 1012 tamen
2607 954 2714 1022 ﬁne
2733 953 3018 1040 Yohtmiqis
3045 954 3345 1010 invenimus
3373 954 3504 1008 scri-

1923 1063 2134 1130 pturam
2157 1066 2275 1125 quae
2300 1047 2511 1108 diccbat
2531 1048 2674 1122 quod
2703 1045 2940 1126 prmdicti
2963 1047 3246 1130 Phaganus
3273 1054 3328 1112 et
3355 1046 3501 1116 Diris

1921 1147 2131 1211 vianus,
2169 1158 2264 1212 per
2289 1143 2674 1205 revelationem
2702 1140 2914 1202 Domini
2943 1141 3118 1215 nostri.
3149 1138 3273 1196 Iesu
3303 1139 3499 1194 Christi

1922 1239 2061 1298 idem
2093 1235 2386 1296 oratorium
2413 1233 2434 1270 ἀ
2467 1233 2864 1298 tediiicaverunt
2889 1233 2942 1287 in
2976 1233 3376 1306 bonorelsaucti
3397 1232 3499 1292 Mi-

1921 1329 2121 1394 chaelis
2151 1327 2476 1400 archangeli,
2506 1335 2768 1396 quatenus
2805 1325 2875 1382 ibi
2905 1327 2972 1382 ab
3001 1325 3301 1394 hominibus
3331 1327 3497 1396 habe-

1920 1429 2004 1475 ret
2033 1420 2314 1488 honorem,
2346 1418 2435 1488 qui
2464 1417 2709 1471 homines
2739 1417 2790 1470 in
2821 1426 3111 1488 perpetuos
3139 1416 3392 1486 honores,
3411 1415 3497 1493 jn-

1918 1516 2081 1577 bente
2109 1512 2239 1582 Deo,
2267 1519 2348 1566 est
2387 1511 2804 1576 introducturus.
2836 1508 2904 1562 At
2931 1524 3051 1564 cum
3084 1509 3377 1564 delectaret
3401 1523 3497 1580 nos

1921 1606 2010 1669 illa
2039 1605 2324 1673 scriptura,
2357 1603 2661 1658 nitebamur
2681 1615 2798 1668 eam
2839 1600 2904 1654 ad
2936 1598 3092 1658 tinem
3121 1601 3322 1670 legere.
3345 1600 3499 1654 Dice-

1919 1699 2014 1760 bat
2041 1698 2184 1760 enim
2215 1696 2400 1759 eadem
2441 1695 2703 1765 scriptura
2731 1694 2875 1768 quod
2899 1685 3189 1762 venerandi
3220 1693 3497 1764 Pbaganus

1920 1798 1974 1847 et
2002 1789 2322 1852 Diruvianns
2352 1803 2558 1846 moram
2589 1787 2658 1848 ibi
2691 1786 2930 1840 fecerunt
2959 1801 3056 1858 per
3085 1800 3275 1852 novem
3306 1800 3494 1853 annos,

1921 1890 1973 1938 et
2000 1881 2143 1952 quod
2171 1880 2270 1954 ipsi
2293 1880 2453 1934 etiam
2483 1877 2880 1954 perquisierunt
2900 1876 3116 1956 triginta
3139 1891 3402 1956 anulorum
3426 1875 3501 1951 iq-

1921 1975 2244 2044 dulgentiam
2276 1973 2524 2027 omnibus
2547 1969 2880 2026 Christicolis
2910 1955 3084 2036 locum
3114 1968 3284 2040 ipsum
3313 1955 3390 2036 ad.
3410 1967 3502 2035 ho—

1921 2084 2108 2136 norem
2137 2069 2280 2131 beati
2313 2065 2588 2124 Michaelis
2608 2065 2694 2140 pia
2719 2065 2992 2118 voluntate
3018 2059 3380 2118 visitantibus.
3410 2058 3499 2117 lit-

1920 2171 2081 2216 vento
2125 2169 2148 2196 ο
2173 2174 2300 2230 ergo
2325 2166 2474 2222 tanto
2503 2157 2695 2210 divinae
2726 2153 2978 2209 bonitatis
3012 2153 3286 2226 thesauro,
3317 2165 3418 2220 ego
3447 2159 3498 2232 et

1919 2251 2084 2308 frater
2104 2251 2322 2310 Wellias
2349 2251 2516 2307 tribus
2543 2249 2815 2306 mensibus
2830 2245 3206 2316 jejunavimus,
3237 2243 3498 2300 orationi-

1850 2340 1862 2351 '
1919 2345 2017 2400 bus
2073 2353 2322 2407 vacantes
2371 2352 2424 2398 et
2471 2340 2680 2409 vigiliis,
2729 2339 3166 2408 daamonibusque
3211 2345 3267 2394 et
3311 2337 3498 2402 beiluis

1917 2435 2317 2495 multiformiter
2344 2433 2726 2513 apparentibus
2755 2432 3100 2501 imperantes.
3132 2429 3370 2498 Quadam
3400 2446 3498 2484 au-

1920 2537 2026 2584 tem
2075 2534 2234 2584 nocte
2279 2540 2398 2584 cum
2429 2541 2514 2580 me
2542 2523 2726 2593 sopori
2773 2521 3058 2590 dedissem,
3087 2521 3338 2594 apparuit
3367 2521 3497 2592 mihi

1915 2616 2172 2674 Dominus
2199 2614 2352 2672 Jesus
2389 2615 2440 2678 in
2487 2615 2600 2677 visu
2641 2613 2825 2680 dicens
2856 2631 2868 2665 :
2911 2610 3107 2677 Patrici
3144 2627 3298 2668 serve
3327 2627 3495 2678 meus,

1915 2708 2052 2762 scias
2080 2722 2166 2762 me
2195 2705 2417 2774 elegisse
2447 2705 2623 2763 locum
2666 2705 2824 2770 istum
2867 2703 2933 2760 ad
2975 2704 3236 2762 honorem
3266 2703 3496 2767 nominis

1916 2800 2040 2865 mei,
2055 2808 2110 2856 et
2130 2808 2188 2858 ut
2201 2799 2289 2858 hic
2302 2799 2636 2856 bonoranter
2657 2797 2909 2860 invocent
2928 2795 3252 2868 adiutorium
3275 2795 3498 2858 archan-

1915 2890 2020 2958 geli
2049 2890 2154 2946 mei
2183 2887 2477 2944 Michaelis.
2526 2885 2594 2940 Et
2621 2886 2722 2942 hoc
2752 2885 2848 2948 tibi
2889 2884 3098 2952 signmn
3146 2875 3200 2937 et
3246 2881 3497 2949 fratribus
3591 2907 3602 2920 -

1915 2981 2038 3050 tuis,
2069 2987 2333 3050 quatenus
2360 2985 2414 3032 et
2442 2977 2543 3049 ipsi
2573 2976 2830 3038 credant:
2859 2963 3138 3043 brachium
3167 2981 3316 3036 tuum
3362 2973 3497 3031 sini-

1913 3080 2084 3134 strum
2110 3077 2338 3135 arescet.
2368 3058 2541 3126 donec
2569 3083 2687 3140 qua:
2715 3066 2892 3138 vidisti
2939 3065 3340 3131 annuntiaveris
3385 3063 3496 3120 fra-

1914 3163 2086 3218 tribus
2113 3162 2204 3234 qui
2234 3162 2286 3219 in
2315 3161 2448 3216 cella
2470 3168 2593 3224 sunt
2619 3158 2883 3225 inferiori,
2911 3165 2970 3224 et
2996 3157 3174 3226 denuo
3200 3158 3288 3214 hic
3313 3157 3494 3213 redie-

215 3239 438 3308 pagani,
495 3241 624 3312 ipsis
679 3242 959 3300 duodecim
1016 3246 1080 3300 ad
1127 3233 1312 3302 eorum
1351 3256 1809 3304 sustenementum
1839 3238 1884 3299 C
1916 3255 2008 3312 ris.
2039 3253 2105 3310 Et
2132 3233 2340 3319 factum
2371 3259 2456 3308 est
2483 3251 2576 3318 ita.

215 3329 506 3386 duodecim
551 3335 828 3403 portiones
867 3345 1021 3391 terra:
1059 3337 1353 3405 dederunt;
1407 3355 1506 3394 nec
1536 3357 1643 3394 non
1673 3349 1725 3394 et
1755 3341 1808 3395 in

213 3423 437 3492 scriptis
467 3427 858 3482 recentioribus
886 3429 1085 3493 inveni,
1118 3430 1260 3500 quOd
1311 3433 1479 3499 sancti
1529 3431 1809 3503 Phaganus

215 3521 272 3566 et
305 3513 624 3571 Diruvlanus
653 3520 1045 3588 perquisierant
1072 3523 1140 3576 ab
1177 3521 1485 3579 Eleutherio
1525 3541 1683 3596 papa,
1715 3529 1807 3604 qui

214 3621 315 3660 eos
345 3609 584 3676 miserat,
609 3621 632 3650 ε
660 3611 875 3680 triginta
894 3625 1067 3670 anuus
1093 3615 1454 3686 indulgentiae.
1485 3616 1551 3671 Et
1573 3633 1672 3686 ego
1698 3621 1804 3678 ira.-

209 3704 301 3751 ter
336 3697 598 3755 Patricius
628 3717 656 3755 a
689 3703 786 3772 piae
816 3707 1088 3760 memoriae
1115 3705 1408 3779 Coeiestino
1436 3725 1570 3780 papa
1600 3710 1806 3771 (laede.-

209 3791 322 3846 cim
353 3807 523 3847 annos
553 3801 795 3864 tempore
817 3781 946 3852 ineo
974 3800 1251 3867 acQuisivi.

289 3881 424 3938 Post
474 3887 698 3941 multum
748 3903 878 3944 vero
926 3891 1216 3960 temporis,
1271 3901 1548 3965 assumpto
1593 3911 1800 3952 mecum

207 3973 413 4030 Weilia
444 3976 712 4033 confratre
750 3995 892 4045 meo,
929 3995 1027 4050 per
1058 3981 1480 4038 condensitatem
1511 3981 1654 4042 silvae
1682 4003 1800 4042 cum

205 4078 412 4134 magna
438 4067 748 4124 difficultate
771 4071 1181 4128 conscendimus
1209 4089 1463 4130 cacumen
1487 4078 1682 4134 montis
1710 4074 1800 4150 qui

205 4159 417 4214 eminet
439 4161 492 4214 in
515 4161 698 4216 eadem
721 4164 912 4219 insula.
941 4165 1060 4252 Quo
1090 4179 1209 4221 eum
1238 4171 1688 4247 pervenissemus,
1715 4190 1804 4246 ap-

207 4251 395 4320 paruit
415 4255 710 4308 oratorium
736 4271 899 4310 unum
921 4251 1190 4313 vetnstum
1211 4267 1265 4314 et
1293 4261 1404 4316 fere
1431 4261 1684 4337 dirutum,
1704 4267 1800 4322 ha-

211 4341 324 4396 oiie
355 4350 531 4398 tamen
572 4344 846 4400 devotioni
873 4346 1207 4414 Christianis,
1241 4359 1296 4404 et
1333 4352 1527 4426 (prout
1554 4356 1682 4410 mihi
1715 4358 1796 4414 vi-

219 4431 462 4509 iebatur)
486 4451 515 4488 a
538 4435 649 4491 Deo
678 4437 928 4493 electum.
955 4438 1107 4506 Quod
1136 4455 1260 4496 eum
1289 4443 1514 4512 ingressi
1536 4461 1794 4518 essemus,

1984 3346 2064 3400 Ab
2088 3345 2176 3400 illo
2198 3343 2283 3398 die
2305 3343 2588 3402 statuimus
2614 3340 2750 3395 duos
2771 3338 2964 3396 fratres
2985 3339 3037 3392 in
3061 3345 3377 3415 perpetuum
3401 3337 3490 3406 ibi,

1911 3439 2012 3492 nisi
2041 3444 2287 3511 pastores
2315 3432 2480 3491 futuri
2509 3431 2579 3488 ob
2603 3431 2803 3502 justam
2829 3445 3046 3486 causam
3069 3427 3227 3482 aliter
3245 3426 3491 3481 decreve~
3549 3492 3552 3496 ι

1908 3530 2037 3584 rint.
2071 3526 2348 3596 Arnulpho
2377 3531 2558 3590 autem
2588 3528 2643 3576 et
2670 3518 2867 3592 Ogmar
2901 3517 3204 3589 iiibernicis
3241 3516 3491 3586 fratribus

1910 3619 2002 3698 qui
2041 3630 2245 3678 meeum
2287 3620 2547 3668 venerant
2588 3610 2656 3665 de
2695 3609 2972 3678 Hibernia,
3016 3624 3116 3682 pro
3157 3623 3224 3663 eo
3252 3606 3394 3678 quod
3423 3607 3489 3664 ad

1911 3708 2343 3764 exhortationem
2382 3720 2555 3760 meam
2589 3702 2730 3773 apud
2770 3701 2971 3761 dictum
3000 3699 3274 3759 humiliter
3303 3707 3488 3756 orato-

1908 3802 2046 3856 rium
2074 3813 2294 3856 manere
2323 3802 2617 3870 cmperunt,
2648 3801 2965 3866 prtesentem
2986 3792 3233 3867 paginam
3261 3791 3489 3849 commi-

1907 3895 1974 3962 si,
2004 3892 2164 3946 aliam
2190 3890 2418 3946 similem
2458 3887 2510 3942 in
2545 3902 2669 3940 arca
2699 3891 2898 3938 sanctae
2927 3881 3106 3936 Mariae
3138 3879 3402 3946 retinens,
3432 3882 3485 3952 in

1905 3991 2311 4044 monumentum
2353 3979 2602 4051 posteris.
2636 3976 2703 4030 Et
2729 3990 2830 4046 ego
2861 3973 2877 4011 τ
2903 3967 3067 4028 frater
3099 3971 3362 4028 Patricius
3389 3988 3486 4043 per

1906 4076 2186 4141 consilium
2236 4073 2458 4128 fratrum
2507 4083 2775 4138 meorum,
2806 4065 3054 4120 omnibus
3083 4065 3176 4134 qui
3203 4063 3390 4128 silvam
3421 4080 3485 4120 ex

1907 4169 2052 4226 omni
2077 4176 2226 4238 parte
2250 4162 2453 4236 pra‘fati
2489 4161 2686 4215 montis
2717 4157 2889 4230 (Psai.
2923 4172 3108 4226 LXXIiI,
3133 4154 3188 4230 6)
3219 4156 3271 4224 in
3312 4155 3484 4228 securi

1904 4271 1959 4325 et
1997 4262 2160 4326 ascia,
2203 4258 2290 4328 pia
2321 4255 2616 4318 intentione
2651 4249 2968 4322 dejecerint,
2989 4256 3048 4305 ut
3089 4247 3296 4302 facilior
3323 4263 3484 4318 pare-

1903 4366 1991 4412 tur
2033 4354 2207 4413 aditus
2251 4347 2586 4410 Christianis,
2630 4341 2911 4412 ecclesiam
2959 4339 3133 4406 beata:
3181 4345 3483 4410 perpetuae-

1903 4465 2007 4522 que
2051 4445 2284 4517 Virginis
2335 4443 2425 4518 pie
2455 4450 2481 4486 κ
2512 4433 2869 4506 visitantibus.
2914 4438 3130 4486 centum
3172 4429 3286 4484 dies
3311 4427 3483 4484 venia:

226 4532 363 4579 anta
413 4525 594 4584 odoris
645 4529 908 4584 suavitate
961 4531 1318 4602 replebamur,
1357 4544 1414 4589 ut
1467 4537 1520 4592 in
1567 4525 2162 4608 paradisiDconcedo.

216 4737 220 4742 ι
285 4673 312 4746 ξ
344 4661 587 4746 lisserius
607 4666 855 4746 _Britann.
888 4669 1079 4728 eccles.
1104 4669 1322 4744 Antiqq.
1353 4687 1475 4746 pag.
1499 4673 1622 4742 456,
1649 4679 1784 4742 βίω.

205 4737 260 4806 λ’»
281 4733 427 4806 Egit
450 4733 726 4806 Derwiuni.
1245 4733 1264 4744 -
1283 4733 1302 4744 -
1353 4733 1392 4746 --
1417 4733 1452 4744 -ι
1511 4733 1536 4776 -‘

280 4803 312 4841 δ
333 4803 465 4860 Tab.
496 4805 759 4873 Glaston.,
791 4809 1004 4864 decrevi.
1031 4809 1188 4866 Was.

282 4885 312 4912 ο
335 4873 466 4950 Tab_.
491 4875 737 4948 Glaston.
762 4875 816 4934 et
833 4895 932 4934 ms.
964 4882 1084 4934 cod.
1117 4883 1238 4936 coll.
1263 4881 1318 4937 S.
1341 4883 1488 4942 Trin.
1508 4883 1786 4950 Cautabr.,

203 4942 402 4999 deum.
438 4945 512 5000 Io.

277 5011 311 5052 ¹¹
341 5013 474 5076 Tab.
491 5015 762 5085 Ciam-on"
783 5019 1187 5089 meum.
1206 5021 1286 5076 in.

1973 4689 1997 4717 ο
2027 4677 2159 4731 Tal).
2183 4673 2448 4738 Giaston.,
2484 4667 2807 4742 igitur._lo.__
3055 4739 3063 4742 Α
3220 4725 3254 4742 η
3303 4725 3392 4742 ..μ

1915 4783 1922 4785 -
1973 4748 1992 4790 ί
2015 4725 2178 4802 Deest
2193 4725 2448 4800 iis;
2469 4725 2532 4798 iii
2547 4739 2724 4797 tabula
2742 4735 2986 4796 Glaston.
3015 4739 3071 4790 et
3096 4743 3199 4787 ms.
3219 4725 3279 4787 ὃ.
3303 4725 3479 4795 Trin.,

1896 4817 2249 4888 ΕαηιᾳίηκιιίἈ
2605 4875 2647 4888 ,-
2681 4877 2693 4888 ,
2775 4879 2778 4882 ,
2831 4877 2843 4888 .
2877 4876 2911 4888 ._
2955 4881 2964 4888 .
3039 4873 3051 4884 .

1969 4867 2357 4954 é'v'i'abfiilast.
2389 4888 2444 4936 et
2470 4894 2570 4938 ms.
2605 4875 2778 4944 Trin.,'
2795 4873 3101 4954 visitaturis,
3120 4878 3168 4926 et
3195 4867 3477 4926 oratorium

1895 4955 2220 5014 praedictum.
2251 4953 2345 5006 io.-

1556 5347 2148 5660 etiam

1776 5570 1783 5575 .
1844 5598 1847 5601 Δ
1869 5559 1925 5613 ἢ
