4110 6336
679 390 769 446 8-31

1587 385 1648 444 S.
1685 382 2052 442 PATRICJUS
2087 383 2536 446 HIBERNORUM
2575 390 2991 450 APOSTOLUS.
3071 381 3078 386 ’

3820 403 3916 462 852

689 505 3898 536 -—-——-—‘————-——————-——-——-——————————_.—_.___—__..

1343 580 1487 695 8.
1542 581 2245 697 PATBIGI

2343 586 2390 694 Ι
2441 585 3263 702 EPISCOPI

1180 1004 1408 1064 CAPUT
1445 1003 1734 1062 PRIMUM.

674 1101 754 1159 De
779 1101 943 1157 hibus
971 1101 1300 1172 habitaculis,
1321 1117 1478 1172 regno
1505 1098 1622 1172 Dei,
1649 1099 1864 1172 mundo,
1883 1098 2110 1170 inferno.
2141 1097 2250 1154 Re-

1025 1173 1114 1243 gni
1141 1170 1239 1225 Dei
1264 1169 1418 1238 bona,
1439 1178 1486 1223 et
1511 1171 1706 1242 inferni
1735 1169 1894 1223 mala.

740 1283 866 1339 Tria
892 1291 1018 1338 sunt
1046 1283 1145 1338 sub
1174 1281 1558 1352 omnipotentis
1585 1279 1682 1336 Dei
1727 1296 1889 1335 manu
1916 1281 2248 1350 habitacula,

671 1375 924 1446 primum,
953 1375 1138 1442 imum,
1170 1373 1433 1429 medium:
1457 1387 1687 1442 quorum
1720 1387 1990 1426 summum
2025 1385 2250 1439 regnum

673 1465 769 1521 Dei
797 1466 880 1521 vel
906 1478 1132 1534 regnum
1159 1465 1422 1519 caelorum
1461 1463 1683 1528 dicitur;
1714 1463 1883 1518 imum
1918 1470 2142 1518 vocatur
2166 1463 2250 1516 in-

677 1557 887 1623 fernus;
922 1557 1156 1612 medium
1185 1555 1414 1610 mundus
1441 1570 1679 1625 praesens
1704 1555 1787 1609 vel
1808 1555 1956 1610 orbis
1985 1563 2252 1609 terrarum

675 1648 995 1718 appellatur.
1043 1647 1281 1712 Quorum
1319 1654 1560 1701 extrema
1599 1647 1820 1702 omnino
1872 1647 1974 1700 sibi
2020 1647 2253 1701 invicem

671 1746 796 1793 sunt
818 1737 1109 1804 contraria,
1134 1745 1189 1792 et
1210 1737 1351 1792 nulla
1380 1738 1480 1793 sibi
1508 1738 1765 1793 societate
1793 1738 2101 1807 conjuncta.
2125 1738 2254 1804 Quae

671 1829 812 1884 enim
841 1829 1071 1885 societas
1097 1835 1276 1900 potest
1309 1843 1433 1883 esse
1462 1828 1595 1882 lucis
1619 1827 1683 1881 ad
1717 1829 1986 1896 tenebras,
2009 1837 2064 1883 et
2095 1827 2254 1883 Chri-

671 1923 736 1978 sti
759 1922 825 1977 ad
851 1921 1018 1977 Belial
1042 1920 1131 1992 (II
1149 1919 1268 1977 Cor.
1295 1939 1368 1987 vr,
1392 1921 1482 1988 14,
1502 1919 1628 1992 45)?
1649 1919 1883 1976 Medium
1907 1929 2086 1976 autem
2114 1936 2254 1976 nou-

675 2016 876 2070 nullam
900 2015 1062 2070 habet
1087 2015 1491 2070 similitudinem
1519 2015 1588 2071 ad
1611 2024 1873 2070 extrema.
1903 2014 2054 2069 Unde
2083 2015 2255 2069 lucem

671 2113 728 2160 et
758 2107 1010 2161 tenebras
1036 2107 1218 2173 habet,
1250 2105 1417 2175 frigus
1446 2092 1500 2161 et
1527 2108 1787 2174 calorem,
1810 2107 2053 2162 dolorem
2084 2115 2137 2161 et
2164 2123 2253 2161 sa-

674 2199 931 2266 nitatem,
962 2199 1200 2253 ketitiam
1229 2207 1283 2254 et
1318 2215 1632 2262 mcerorem,
1666 2199 1850 2254 odium
1890 2207 1946 2253 et
1992 2214 2252 2264 amorem,

676 2305 846 2344 conos
887 2299 941 2344 et
981 2291 1174 2367 malos,
1218 2289 1392 2359 justos
1421 2299 1474 2344 et
1504 2289 1748 2358 injustos,
1780 2290 2029 2345 dominos
2057 2299 2111 2345 et
2138 2306 2254 2344 ser-

1097 780 1311 915 ,«DE
1381 784 1890 872 TRIBUS
1965 771 2230 867 ΗΑΒ

2343 786 2910 872 [‘ACULIS
2985 787 3572 909 ΜΒΕΡΛΧ

2268 1011 2321 1070 Α
2348 1002 2630 1060 ineli‘abilis
2677 1004 2835 1070 mali,
2877 1005 3024 1076 quod
3065 1021 3166 1062 nec
3208 1007 3312 1064 dici
3357 1024 3456 1065 nec
3483 1011 3711 1080 cogitati
3737 1023 3913 1084 potest.

2350 1094 2507 1150 Cives
2525 1095 2647 1150 caeli
2674 1104 2801 1151 sunt
2823 1095 2955 1164 justi
2985 1097 3232 1153 homines
3259 1107 3314 1153 et
3343 1101 3542 1170 angeli,
3564 1117 3793 1173 quorum
3831 1122 3916 1164 rex

2349 1195 2434 1240 est
2472 1185 2610 1241 Deus
2655 1187 3024 1256 omnipotens;
3070 1196 3126 1242 at
3168 1198 3357 1244 contra
3404 1191 3550 1246 cives
3591 1192 3783 1248 inferni
3807 1205 3915 1250 sunt

2304 1300 2308 1304 ·
2350 1279 2498 1349 impii
2527 1280 2768 1334 homines
2796 1288 2852 1334 et
2878 1280 3170 1347 daemones,
3196 1297 3427 1351 quorum
3443 1284 3700 1354 princeps
3718 1295 3797 1341 est
3817 1288 3915 1343 dia-

2351 1371 2526 1426 bolus.
2550 1369 2721 1424 Satiat
2740 1373 2919 1440 justos
2948 1373 3081 1427 visio
3108 1383 3417 1429 sanctorum
3447 1375 3727 1431 homirnam
3753 1386 3805 1432 et
3827 1395 3912 1434 an-

2353 1461 2617 1528 gelorum,
2641 1469 2694 1516 et
2717 1477 2879 1531 super
2898 1465 3077 1518 omnia
3100 1463 3264 1533 ipsius
3282 1463 3399 1519 Dei.
3423 1464 3643 1521 Cruciat
3665 1467 3844 1539 impios
3866 1481 3913 1526 et

2353 1559 2666 1621 peccatores
2687 1552 2821 1607 visio
2844 1553 3120 1608 hominum
3141 1553 3518 1609 damnatorum
3537 1563 3594 1608 et
3613 1555 3908 1623 damnum,

2355 1649 2410 1696 et
2435 1657 2598 1710 super
2618 1643 2796 1696 omnia
2821 1643 2987 1713 ipsius
3024 1643 3243 1698 diaboli.
3272 1643 3412 1698 Nihil
3441 1644 3496 1698 in
3524 1659 3693 1713 regno
3715 1645 3803 1701 Dei
3826 1649 3910 1704 de-

2353 1733 2620 1788 sideratur
2645 1734 2790 1804 quod
2836 1751 2940 1789 non
2987 1736 3292 1790 inveniatur
3323 1755 3336 1789 :
3370 1744 3427 1790 at
3465 1737 3520 1791 in
3549 1737 3754 1793 inferno
3796 1741 3908 1796 nihil

2356 1826 2623 1880 invenitur
2646 1828 2789 1896 quod
2818 1827 3172 1884 desideratur.
3220 1828 3278 1883 ln
3307 1843 3476 1896 regno
3505 1830 3597 1885 Dei
3626 1832 3749 1886 nihil
3774 1833 3911 1888 inve-

2359 1918 2522 1982 nitur,
2547 1919 2646 1973 nisi
2672 1919 2816 1989 quod
2845 1921 3041 1990 placet,
3062 1930 3116 1976 et
3142 1921 3397 1989 delectat,
3428 1931 3484 1976 et
3513 1923 3690 1988 satiat;
3720 1932 3772 1977 at
3795 1940 3907 1979 cou-

2358 2019 2441 2065 tra
2481 2012 2532 2065 in
2579 2012 2697 2066 lacu
2739 2012 2967 2066 miseria:
3001 2013 3252 2083 perennis
3282 2013 3413 2067 nihil
3441 2013 3665 2081 videtur,
3690 2015 3908 2085 nihilque

2358 2103 2605 2170 sentitur,
2638 2102 2739 2156 nisi
2768 2102 2912 2170 quod
2941 2102 3206 2173 displicet,
3240 2104 3338 2157 nisi
3360 2103 3505 2173 quod
3541 2103 3774 2172 offendit,
3811 2107 3899 2160 nisi

2357 2193 2501 2263 quod
2529 2194 2751 2249 cruciat.
2785 2192 2833 2264 (ά
2865 2193 2921 2247 ln
2963 2209 3128 2264 regno
3156 2203 3360 2249 :eterno
3384 2196 3491 2249 erit
3516 2195 3628 2249 vita
3655 2197 3764 2251 sine
3785 2212 3907 2250 mor-

2359 2297 2431 2351 te,
2465 2288 2674 2366 veritas‘
2696 2288 2812 2342 sine
2837 2303 3046 2355 errore,
3075 2287 3302 2342 felicitas
3329 2287 3445 2342 sine
3486 2287 3902 2357 perturbatione.)

682 2398 790 2448 vos,
819 2396 1044 2450 regnum
1074 2390 1128 2436 et
1155 2374 1564 2451 subjectionem,
1594 2381 1790 2436 famem
1829 2391 1883 2436 et
1927 2383 2256 2450 satietatem,
2288 2389 2336 2450 Β
2362 2375 2532 2432 Omne
2559 2378 2759 2432 bonum
2789 2380 2839 2432 in
2869 2390 3035 2447 regno
3076 2379 3168 2434 Dei
3209 2379 3462 2444 abundat,
3496 2387 3551 2435 et
3592 2382 3782 2436 nullum
3805 2389 3903 2435 ma-

676 2481 905 2527 mortem
936 2481 992 2527 et
1021 2474 1202 2536 vitam,
1232 2480 1286 2526 et
1326 2473 1608 2527 innumera
1645 2473 1973 2542 huiusmodi.
2009 2473 2250 2539 Quorum

676 2563 916 2617 omnium
945 2578 1070 2632 pars
1099 2578 1202 2617 una
1245 2563 1534 2630 imaginem
1574 2564 1738 2618 habet
1778 2565 1927 2632 regni
1968 2563 2082 2628 Dei,
2128 2580 2252 2634 pars

673 2654 836 2708 altera
864 2653 1076 2709 inferni.
1107 2654 1434 2711 Commixtio
1459 2671 1688 2725 namque
1711 2657 1976 2712 malorum
2005 2658 2166 2712 simul
2193 2667 2250 2712 et

672 2747 934 2799 bonorum
957 2746 1008 2798 in
1029 2745 1135 2800 hoc
1155 2745 1356 2800 mundo
1381 2754 1496 2812 est;
1520 2747 1573 2800 in
1598 2759 1766 2814 regno
1795 2755 1975 2802 autem
2006 2747 2100 2802 Dei
2123 2747 2254 2802 nulli

671 2836 798 2890 mali
825 2844 969 2904 sunt,
998 2835 1093 2891 sed
1122 2850 1312 2891 omnes
1339 2835 1496 2902 boni;
1529 2847 1583 2890 at
1607 2837 1661 2891 in
1693 2835 1904 2891 inferno
1932 2836 2062 2890 nulli
2100 2837 2251 2904 boni,

669 2927 764 2982 sed
791 2943 979 2982 omnes
1015 2927 1140 2982 mali
1165 2945 1179 2981 :
1211 2934 1267 2982 et
1294 2935 1522 2997 uterque
1549 2927 1697 2981 locus
1736 2943 1802 2981 ex
1831 2927 2006 2982 medio
2034 2928 2250 2998 supple-

672 3026 776 3072 tur.
813 3017 1101 3073 Hominum
1130 3018 1274 3072 enim
1321 3018 1478 3087 hujus
1514 3018 1732 3086 mundi,
1756 3018 1847 3072 alii
1876 3019 2158 3074 elevantur
2184 3018 2251 3072 ad

673 3109 886 3175 rmlum,
927 3109 1014 3163 alii
1051 3110 1333 3163 trahuntur
1369 3109 1436 3164 ad
1475 3110 1758 3163 infernum.
1807 3108 2019 3165 Similes
2053 3110 2250 3180 quippe

674 3200 930 3253 similibus
953 3199 1264 3267 junguntur,
1298 3199 1352 3253 id
1375 3207 1476 3263 est,
1507 3200 1634 3253 boni
1661 3199 1836 3263 bonis,
1881 3209 1934 3254 et
1965 3200 2091 3256 mali
2131 3215 2247 3252 ma-

673 3291 766 3356 lis;
787 3291 913 3360 justi
941 3292 1184 3346 homines
1203 3291 1361 3360 justis
1391 3292 1612 3360 angelis,
1634 3299 1689 3346 ct
1711 3299 2131 3360 transgressores
2152 3293 2250 3345 ho-

671 3386 840 3440 mines
864 3386 1346 3452 transgressoribus
1375 3385 1608 3454 angelis;
1643 3385 1781 3439 servi
1813 3384 1905 3438 Dei
1949 3384 2076 3446 Deo,
2111 3386 2248 3438 servi

670 3477 864 3531 diaboli
893 3476 1145 3532 diabolo:
1179 3476 1447 3531 benedicti
1476 3484 1739 3530 vocantur
1779 3476 1847 3529 ad
1884 3489 2108 3542 regnum
2148 3475 2249 3529 Sibi

670 3576 914 3639 paratum
943 3570 1008 3623 ab
1045 3569 1249 3637 origine
1290 3568 1493 3633 mundi,
1526 3566 1796 3622 maledicti
1824 3566 2166 3636 expelluntur
2194 3568 2247 3622 in

669 3660 840 3728 ignem
873 3668 1148 3725 teternum,
1180 3661 1271 3727 qui
1311 3667 1529 3728 paratus
1568 3667 1652 3712 est
1692 3658 1906 3714 diabolo
1947 3666 2000 3713 et
2046 3659 2248 3726 angelis

667 3751 782 3819 ejus
812 3749 1024 3821 (Matth.
1059 3765 1181 3815 xxv,
1207 3748 1293 3814 54,
1319 3749 1430 3818 41).
1756 3737 1760 3740 ’

736 3841 764 3880 δ
790 3840 937 3895 Bona
983 3847 1162 3895 autem
1190 3841 1339 3909 regni
1370 3840 1604 3896 caelestis
1641 3839 1840 3903 dicere,
1872 3839 1955 3894 vel
1985 3840 2240 3908 cogitare,

665 3934 749 3989 vel
783 3915 1076 4001 intelligere
1106 3940 1163 3985 ut
1192 3941 1338 3997 sunt,
1372 3933 1546 3987 nullus
1573 3939 1754 4003 potest
1784 3946 1945 3984 carne
1973 3932 2195 3986 vestitus
2229 3949 2241 3984 :

664 4026 829 4080 multo
851 4024 991 4077 enim
1020 4023 1224 4091 majora
1249 4032 1304 4076 et
1331 4024 1553 4077 meliora
1583 4031 1724 4087 sunt,
1757 4037 1916 4091 quam
1938 4023 2246 4092 cogitantur

662 4126 715 4172 et
745 4118 1140 4184 intelliguntur;
1166 4117 1303 4171 unde
1326 4118 1580 4186 scriptum
1603 4127 1683 4171 est
1712 4135 1721 4168 :
1756 4115 1904 4181 Quod
1934 4118 2110 4172 oculus
2140 4134 2244 4172 non

662 4210 804 4275 vidit,
836 4227 928 4263 nec
963 4211 1104 4262 auris
1142 4210 1359 4276 audivit,
1391 4226 1482 4263 nec
1511 4213 1562 4264 in
1596 4229 1684 4266 σοι·
1721 4212 1942 4265 hominis
1986 4211 2237 4276 ascendit,

663 4313 775 4369 qua:
795 4299 1099 4368 prwparavit
1121 4297 1259 4351 Deus
1281 4299 1610 4370 diligentibus
1639 4320 1694 4355 se
1721 4301 1774 4372 (Ι
1802 4303 1918 4356 Cor.
1952 4319 2008 4367 tt,
2032 4302 2109 4371 9).
2128 4302 2243 4357 Re—

662 4402 819 4457 gnum
862 4402 1088 4456 namque
1137 4387 1231 4442 Dei
1273 4391 1418 4443 omni
1459 4390 1597 4446 fama
1645 4393 1835 4460 majus,
1887 4393 2030 4447 omni
2074 4394 2230 4449 laude

663 4479 870 4540 melius,
917 4479 1059 4532 omni
1103 4479 1327 4534 scientia
1371 4481 1830 4548 innumerabilius,
1882 4486 2024 4538 omni
2073 4486 2239 4554 gloria

663 4585 780 4639 quae
806 4577 1040 4639 putatur,
1074 4571 1443 4626 excellentius.
1482 4573 1620 4628 Mala
1649 4575 1809 4628 etiam
1835 4575 2030 4629 inferni
2063 4575 2240 4632 dicere

661 4662 742 4716 vel
769 4662 1023 4730 cogitare,
1061 4671 1117 4716 ut
1155 4672 1298 4730 sunt,
1343 4679 1501 4719 nemo
1539 4672 1716 4734 potest
1760 4683 1774 4719 :
1815 4665 2000 4735 pejora
2043 4667 2256 4736 quippe.

660 4761 780 4807 suut
807 4753 964 4807 valde
991 4768 1153 4822 quam
1175 4755 1499 4822 cogitantur.
1531 4753 1772 4824 Regnum
1803 4755 1983 4824 itaque
2005 4755 2099 4810 Dei
2120 4756 2238 4825 ple-

659 4857 784 4895 num
830 4851 913 4897 est
941 4843 1093 4909 lucis,
1125 4850 1179 4899 et
1207 4845 1375 4914 pacis,
1405 4853 1460 4899 et
1496 4845 1755 4914 caritatis,
1785 4853 1840 4900 et
1867 4846 2159 4916 sapientiai,
2185 4855 2241 4902 et

657 4937 858 5004 gloriae,
889 4946 944 4992 et
969 4939 1289 5008 honestatis,
1319 4948 1375 4995 et
1411 4941 1727 5010 dulcedinis,
1757 4951 1812 4998 et
1838 4943 2160 5008 dilectionis,
2185 4955 2240 5000 et

657 5025 919 5089 melodite,
945 5034 999 5081 et
1027 5028 1240 5096 laetitiae,
1268 5037 1322 5082 et
1350 5029 1695 5086 beatitudinis
1734 5034 2006 5102 perennis,
2037 5042 2091 5088 et
2118 5049 2238 5089 om-

2361 2468 2494 2532 ltln;
2528 2484 2686 2522 omne
2706 2470 2901 2523 malum
2926 2470 2979 2522 in
2999 2485 3218 2524 carcere
3238 2470 3433 2525 diaboli
3463 2471 3718 2539 abundat,
3740 2480 3787 2526 et
3808 2473 3900 2525 nul-

2355 2558 2462 2613 lum
2494 2561 2709 2613 bomun.
2744 2560 2927 2616 Nullus
2956 2561 3199 2629 indignus
3219 2562 3272 2616 in
3293 2576 3458 2630 regno
3487 2563 3583 2617 Dei
3612 2564 3888 2634 suscipitur;

2355 2651 2531 2706 nullus
2545 2667 2673 2708 vero
2693 2653 2900 2720 dignus,
2923 2655 3098 2737 nullus
3113 2655 3290 2739 justus
3314 2657 3382 2712 ad
3403 2657 3670 2713 infernum
3688 2658 3889 2714 trahitur.

2991 2764 3220 2820 CAPUT
3255 2766 3319 2820 ll.

2815 2856 2890 2912 De
2917 2860 3079 2928 poenis
3104 2861 3474 2931 infernalibus.

2424 2945 2743 3017 Principalia
2771 2956 2952 3002 autem
2993 2957 3120 3004 sunt
3147 2949 3256 3006 duo
3286 2959 3558 3007 tormenta
3587 2955 3634 3008 in
3674 2953 3894 3008 inferno:

2349 3039 2515 3108 frigus
2543 3040 2895 3107 intolerabile,
2920 3049 2974 3096 et
3003 3043 3151 3098 calor
3178 3043 3314 3111 ignis
3341 3046 3786 3114 inexstinguibilis.
3811 3044 3898 3099 llu-

2351 3132 2418 3186 de
2467 3133 2519 3186 in
2570 3130 2857 3200 Evangelio
2906 3133 3102 3201 legitur
3135 3153 3146 3186 :
3179 3133 3300 3188 Illic
3335 3137 3433 3188 erit
3471 3137 3622 3205 ﬂetus
3656 3145 3701 3190 et
3738 3137 3896 3190 stridor

2350 3223 2578 3278 dentium
2609 3222 2821 3295 (Matth.
2853 3239 2967 3287 xui,
3001 3222 3256 3291 51;Ηιι,
3291 3216 3389 3292 l3,
3431 3234 3482 3280 et
3515 3239 3631 3288 xxv,
3662 3226 3764 3296 50).
3795 3225 3897 3280 Fle-

2351 3323 2435 3369 tus
2463 3328 2693 3383 namque
2721 3321 2777 3369 et
2808 3314 3115 3384 liquelactio
3145 3316 3430 3371 oculorum
3458 3333 3525 3371 ex
3545 3318 3716 3372 calore
3747 3318 3899 3371 nasci-

2350 3414 2463 3470 tur;
2491 3407 2689 3461 stridor
2718 3422 2846 3462 vero
2887 3407 3128 3468 dentium
3158 3423 3227 3462 ex
3255 3407 3453 3476 frigore
3495 3410 3741 3492 nascitur:
3786 3407 3902 3462 Hinc

2349 3495 2512 3553 etiam
2539 3498 2728 3554 beatus
2749 3499 2851 3554 Job
2872 3518 2885 3553 :
2907 3499 2981 3554 De
3005 3501 3172 3567 aquis,
3198 3501 3388 3570 inquit,
3419 3503 3608 3556 nivium
3635 3493 3904 3555 transibunt

2350 3590 2418 3642 ad
2445 3590 2668 3644 calorem
2697 3592 2915 3645 nimium
2944 3589 3084 3658 (Job.
3108 3607 3256 3659 xmv,
3278 3589 3388 3660 19).
3415 3591 3490 3646 De
3508 3592 3688 3660 quibus
3707 3591 3906 3645 duobus

2350 3681 2628 3738 innumera
2672 3681 2908 3750 pendent
2935 3697 3216 3752 pcenarum
3256 3691 3478 3750 genera;
3515 3681 3761 3746 videlicet,
3790 3683 3902 3736 sitis

2270 3779 2316 3841 ο
2348 3772 2717 3838 intolerabilis,
2750 3789 2907 3843 poena
2927 3772 3098 3838 famis,
3132 3791 3287 3845 paena
3313 3774 3510 3842 fetor-is,
3531 3789 3676 3843 pretia
3705 3773 3893 3828 horro-

2348 3863 2442 3927 ris,
2493 3878 2650 3932 ptena
2680 3865 2907 3929 timoris,
2957 3881 3112 3934 pmna
3167 3865 3439 3934 angustias,
3463 3881 3619 3936 paena
3664 3866 3908 3920 tenebra-

2346 3969 2487 4022 rum,
2519 3955 2776 4010 severitas
2805 3963 3090 4024 tortorum,
3126 3958 3405 4027 praesentia
3433 3956 3744 4022 dmmonnm,
3769 3955 3906 4011 fero-

2345 4052 2479 4105 citas
2515 4051 2826 4117 bestiarum,
2850 4051 3135 4107 crudelitas
3156 4052 3588 4118 ministrantium,
3609 4051 3907 4106 dilaceratio

2345 4141 2726 4196 immortalium
2767 4143 3048 4207 vermium,
3090 4144 3286 4199 vermis
3334 4144 3690 4208 conscientiae,
3742 4142 3907 4212 ignitze

2345 4230 2622 4303 lacrymaa,
2676 4233 2936 4302 suspiria,
2985 4234 3230 4298 miseriae,
3278 4234 3434 4290 dolor
3482 4235 3598 4290 sine
3649 4232 3898 4294 remedio,

2344 4324 2554 4378 vincula
2575 4325 2689 4389 sine
2719 4325 3007 4392 solutione,
3035 4341 3182 4381 mors
3207 4333 3427 4390 :eterna,
3462 4341 3616 4395 paena
3643 4325 3759 4378 sine
3789 4321 3901 4386 ﬁne,

2345 4415 2585 4470 absentia
2609 4413 2806 4471 Christi
2832 4427 2854 4454 ο
2878 4425 3000 4487 post
3025 4417 3284 4472 visionem
3311 4417 3448 4486 ejus,
3469 4431 3587 4485 quae
3611 4416 3724 4470 sola
3747 4417 3906 4468 omnia

2343 4520 2504 4575 supra
2538 4504 2676 4561 dicta
2708 4517 2940 4577 superat,
2973 4514 3029 4562 et
3051 4508 3297 4562 omnibus
3317 4507 3489 4577 pcenis
3519 4506 3905 4561 iutolerahilinr.

2954 4616 3181 4672 CAPUT
3216 4617 3303 4673 Ill.

2340 4707 2422 4762 De
2446 4709 2524 4762 his
2554 4726 2678 4782 quos
2697 4726 2860 4779 paenae
2879 4713 3139 4782 internitas
3164 4728 3196 4763 a
3221 4713 3401 4764 mundi
3432 4713 3690 4782 uoluptate
3718 4728 3815 4764 non
3839 4711 3908 4762 de-

2414 4788 2585 4903 iecret.
2622 4779 2824 4904 [τίενηί
2853 4781 3045 4852 duplex
3067 4797 3236 4852 plena.
3259 4782 3397 4836 Anni
3424 4781 3522 4834 100
3546 4779 3700 4834 nulla
3725 4781 3909 4836 eterni-

2438 4867 2468 4902 a
2493 4867 2536 4904 ιδ
2567 4867 2664 4918 por
2687 4869 2754 4905 ιο.
3358 4886 3364 4893 -

2412 4942 2502 4997 Vae
2532 4943 2692 5011 igitur
2720 4943 2824 4998 illis
2851 4958 3087 5015 perenne
3110 4944 3201 5013 qui
3224 4944 3405 4999 subire
3429 4943 3543 4997 haec
3570 4943 3758 4997 omnia
3785 4940 3910 4996 mala

2341 5034 2506 5089 etiam
2535 5036 2650 5090 sine
2680 5034 2783 5089 ﬁne
2810 5040 3102 5101 merentur,
3127 5050 3224 5104 pro
3251 5033 3553 5090 delectabili
3578 5035 3755 5113 unius
3781 5033 3911 5086 horae

655 5118 738 5171 nis
767 5117 893 5170 boni
921 5112 1387 5189 inell'abilis,qu0d
1412 5137 1510 5177 nec
1528 5122 1632 5177 dici
1660 5138 1760 5178 nec
1787 5126 2010 5193 cogitari
2033 5135 2232 5196 potest.
2264 5164 2314 5226 ο
2339 5127 2550 5180 somnio
2581 5145 2592 5180 :
2626 5134 2774 5181 tanta
2801 5126 2999 5181 etenim
3027 5133 3081 5181 et
3111 5127 3231 5181 talis
3252 5134 3336 5182 est
3369 5125 3545 5181 omnis
3571 5112 3740 5196 hujus
3766 5139 3909 5180 mun-

655 5210 723 5263 At
772 5209 921 5264 locus
969 5209 1162 5265 inferni
1207 5211 1400 5281 plenus
1427 5223 1507 5267 est
1536 5215 1903 5284 tenebrarum,
1933 5218 2231 5285 discordize,

653 5299 782 5366 odii,
831 5302 1090 5370 stultitiae,
1138 5303 1388 5371 miserim,
1435 5306 1800 5375 turpitudinis,
1841 5309 2226 5376 amaritudinis,

653 5391 984 5461 offensionis,
1021 5392 1242 5459 doloris,
1289 5405 1310 5431 ε
1341 5393 1655 5462 adustionis,
1697 5398 1832 5462 sitis,
1885 5398 2059 5467 famis,
2097 5400 2234 5467 ignis

652 5480 1117 5553 inexstinguibilis,
1147 5485 1394 5551 tristitiae,
1421 5484 1664 5541 vindicta:
1691 5489 1962 5558 perennis,
1980 5499 2036 5544 et
2057 5491 2232 5546 omnis

723 5627 748 5655 ³
781 5616 858 5672 Ex
874 5619 1175 5742 .apgendice
1202 5619 1270 5674 ad
1297 5627 1428 5675 tom.
1449 5617 1524 5676 Vl
1545 5635 1672 5692 Opp.
1695 5619 1752 5675 S.
1775 5621 2078 5688 Augustini,
2103 5635 2224 5691 pag.

652 5684 781 5742 159.
804 5689 930 5742 edit.
998 5689 1057 5742 Β.

723 5755 753 5792 δ
784 5755 980 5832 Eadem
1015 5760 1282 5815 habentur
1323 5760 1413 5816 lib.
1457 5761 1532 5815 De
1561 5760 1829 5827 diligendo
1857 5759 1972 5815 Deo
2009 5775 2128 5832 cap.
2162 5761 2228 5818 18

653 5824 781 5883 hinc
799 5825 1073 5891 desumpta

2337 5219 2390 5273 di
2433 5218 2624 5284 gloria,
2672 5217 2738 5271 ad
2783 5224 3039 5272 aeternam
3075 5225 3386 5287 comparata
3433 5218 3686 5285 gloriam.
3740 5217 3912 5273 Melius

2335 5317 2451 5364 erat
2496 5309 2596 5376 eis,
2640 5308 2783 5377 quod
2809 5308 3010 5362 dictum
3057 5315 3140 5363 est
3176 5307 3243 5362 de
3292 5305 3503 5362 infelice
3529 5303 3674 5361 Juda
3707 5305 3909 5376 (Matth.

2338 5417 2485 5468 xxvr,
2510 5400 2624 5470 24),
2653 5417 2755 5455 non
2786 5401 2953 5467 nasci,
2995 5415 3156 5470 quam
3186 5399 3340 5454 malis
3365 5399 3474 5453 suis
3502 5399 3721 5454 meritis
3746 5399 3912 5468 plagas

2339 5492 2529 5548 inferni
2577 5493 2858 5548 sustinere.
2904 5492 3042 5560 Quid
3089 5493 3324 5562 stultius,
3371 5490 3497 5561 quid
3543 5491 3793 5547 insanius
3818 5499 3912 5558 εει.

2415 5634 2430 5694 ς
2459 5621 2562 5694 Ms.
2597 5621 2764 5694 Yict.,
2787 5625 2986 5694 [θεον-ξε,
3015 5625 3148 5678 sitis.

2403 5690 2428 5729 ἀ
2459 5691 2582 5748 Hzec
2609 5689 2982 5749 desiderantur
3005 5695 3058 5748 in
3080 5709 3209 5750 mss.
3229 5692 3366 5749 Sunt
3385 5691 3615 5762 August.
3635 5689 3909 5750 Enchirid.

2330 5777 2451 5832 cap.
2484 5763 2572 5816 25.

2408 5843 2427 5869 ο
2461 5831 2547 5886 Sic
2582 5849 2706 5890 mss.
2742 5835 2808 5890 At
2837 5835 2987 5899 edit.,
3020 5834 3191 5905 quoad
3217 5835 3476 5888 visionem.
