4110 6336
183 386 285 443 855

1250 386 1338 442 DE
1376 385 1626 443 TRIBUS
1663 383 2110 441 HABITACULIS
2151 385 2368 443 LIBER.

178 511 336 567 quam
367 497 552 552 umbra
593 506 648 552 et
675 498 904 569 imagine
932 509 986 554 et
1031 500 1378 558 similitudine
1409 517 1546 558 verae
1570 501 1754 571 gloria:
1783 508 1827 564 Α
1859 501 2234 570 perveniamus
2272 502 2325 556 in
2353 517 2459 570 qua
2489 503 2604 573 ipse
2634 515 2842 573 regnat.
2875 506 2949 560 De
2986 523 3091 576 qua
3124 509 3253 564 urbe
3283 511 3440 579 quid-

175 597 230 643 et
257 604 400 643 vene
429 587 822 660 delectationis,
851 607 988 646 verae
1016 593 1444 662 pulchritudinis,
1462 594 1574 648 veri
1603 594 1760 648 deco-

142 672 154 744 ί
175 682 268 748 ris,
299 683 413 736 veri
441 682 683 752 honoris,
711 699 862 739 more
891 685 1190 751 infantium,
1228 686 1401 758 decipi
1442 696 1497 743 et
1535 703 1755 758 supera-

149 767 253 841 lri;
304 783 358 828 et
400 774 569 844 ipsam
621 792 802 831 veram
829 778 1188 852 gloriamxnon
1216 795 1456 849 quaerere
1479 819 1493 844 ,
1527 797 1633 836 non
1662 781 1755 835 de-

171 866 449 922 siderare?
511 868 640 934 Quis
680 871 963 939 imaginem
992 873 1108 927 auri
1155 873 1207 927 in
1256 890 1412 943 aqua,
1451 875 1570 944 ipso
1620 890 1752 930 auro

171 959 446 1026 neglecto,
489 961 742 1029 eligeret;
773 963 828 1018 εὶ
847 980 955 1018 non
983 965 1163 1020 statim
1194 982 1223 1020 a
1262 969 1466 1021 cunctis
1493 967 1671 1022 fatuus
1699 974 1755 1022 et

170 1051 390 1106 insanus
415 1052 756 1112 crederetur?
771 1053 901 1120 Quis
922 1056 1108 1117 orbem
1124 1057 1254 1114 solis
1271 1057 1322 1110 in
1334 1058 1550 1127 speculo
1569 1057 1750 1113 reddi-

170 1150 307 1208 tum,
329 1143 413 1198 vel
445 1143 497 1197 in
526 1145 763 1211 qualibet
781 1147 1004 1201 materia
1029 1147 1314 1202 formatum
1338 1149 1455 1218 plus
1484 1148 1750 1216 diligeret,

166 1253 332 1305 quam
362 1236 535 1306 ipsum
559 1237 761 1303 solem;
787 1246 841 1292 et
875 1254 981 1292 non
1012 1239 1078 1293 ab
1111 1239 1360 1294 omnibus
1379 1239 1753 1295 derideretur?

164 1326 258 1382 Sic
277 1327 598 1392 irridendus,
631 1329 739 1384 imo
767 1329 1026 1384 dolendus
1055 1339 1154 1396 est,
1187 1330 1426 1401 quisquis
1446 1330 1628 1384 mundi
1653 1331 1752 1384 hu-

163 1419 251 1487 jus
279 1419 535 1474 caducam
567 1420 906 1489 fragilitatem
946 1430 1000 1475 et
1035 1423 1278 1477 inutilem
1302 1424 1478 1478 carnis
1505 1423 1749 1492 volupta-

163 1521 275 1567 tem
305 1511 494 1579 diligit,
518 1512 728 1581 quwrit,
759 1515 1054 1583 contendit,
1082 1524 1283 1571 aeterna
1311 1517 1478 1585 gloria
1505 1526 1750 1571 contem-

163 1613 277 1672 pta,
310 1611 364 1657 et
403 1604 661 1672 neglectis
686 1606 836 1674 regni
865 1607 1100 1662 caelestis
1141 1607 1495 1664 inellabilibus
1521 1609 1748 1677 gaudiis.

163 1691 283 1748 lloc
307 1694 689 1749 commercium
716 1695 1078 1765 insipientium
1117 1698 1271 1752 valde
1303 1707 1403 1762 est,
1435 1707 1489 1753 et
1525 1698 1753 1753 misero-

161 1799 305 1847 rum,
331 1793 386 1839 ει
404 1801 500 1840 cor
525 1801 713 1840 sanum
735 1803 842 1843 non
865 1789 1195 1852 habentium,
1219 1790 1424 1843 etiamsi
1469 1789 1637 1858 plagae
1665 1789 1748 1843 in-

1859 591 1987 661 quid
2015 579 2178 647 homo
2207 592 2424 660 diXerit,
2447 594 2601 662 quasi
2622 595 2762 649 stilla
2792 597 2859 651 de
2887 599 3020 651 mari
3047 607 3147 664 εει,
3175 599 3260 654 vel
3287 616 3444 670 quasi

1856 684 2084 739 scintilla
2109 685 2177 740 de
2206 684 2347 740 foco.
2379 684 2436 739 In
2474 701 2580 756 qua
2609 686 2863 744 videlicet
2890 691 3022 745 urbe
3051 693 3330 760 fulgebunt
3347 693 3443 764 ju-

1855 776 1924 830 sti
1966 777 2103 830 sicut
2149 776 2230 832 sol
2261 777 2477 848 (Matth.
2527 795 2640 848 xm,
2673 779 2784 849 45),
2827 789 2884 835 ut
2917 781 3174 838 Dominus
3210 785 3304 841 ait.
3339 784 3444 846 Ubi

1855 882 2063 922 summa
2090 883 2195 937 pax
2238 868 2361 933 erit,
2391 883 2600 922 summa
2638 869 2810 938 quies,
2845 873 3022 927 nullus
3047 874 3218 940 labor,
3263 876 3441 934 nullus

1855 956 2028 1020 dolor,
2058 957 2202 1012 nulla
2231 966 2542 1027 paupertas,
2568 976 2666 1014 nec
2692 971 2962 1030 senectus,
2989 964 3130 1019 nulla
3151 958 3316 1032 mors,
3339 983 3441 1022 nec

1855 1049 1962 1102 ulla
1992 1064 2122 1113 nox,
2152 1049 2358 1103 nullum
2386 1049 2492 1104 cibi
2519 1049 2866 1120 desiderium,
2892 1055 3093 1108 nullum
3117 1057 3235 1111 sitis
3263 1058 3441 1113 incen-

1853 1138 2028 1204 dium;
2059 1138 2155 1193 sed
2193 1140 2343 1194 cibus
2372 1148 2431 1195 et
2460 1150 2621 1210 potus
2648 1145 2887 1198 omnium
2916 1146 3021 1200 erit
3059 1147 3192 1202 visio
3236 1146 3438 1205 Christi

1852 1239 1908 1285 et
1956 1238 2156 1286 sancta:
2204 1231 2499 1298 Trinitatis,
2544 1241 2600 1287 et
2640 1237 3025 1305 contemplatio
3081 1254 3213 1307 puro
3261 1240 3441 1296 cordis

1852 1325 2011 1380 oculo
2040 1325 2204 1394 ipsius
2252 1325 2572 1392 Divinitatis,
2604 1335 2661 1380 et
2701 1328 2913 1383 assidua
2941 1329 3127 1398 lectio,
3168 1340 3228 1386 ut
3253 1332 3328 1386 ita
3356 1333 3440 1387 di-

1852 1429 1990 1482 cam,
2036 1415 2155 1470 libri
2197 1416 2336 1480 vitae,
2370 1416 2420 1469 id
2449 1425 2550 1481 εει,
2581 1426 2796 1472 :eternze
2835 1421 3074 1475 veritatis
3116 1431 3172 1476 et
3215 1439 3438 1480 summa)

1852 1507 2148 1576 sapientiae,
2181 1516 2236 1561 et
2269 1507 2426 1561 Verbi
2455 1507 2570 1573 Dei,
2615 1524 2734 1577 qua:
2760 1518 2845 1563 est
2886 1509 3013 1565 Jesu
3040 1511 3239 1568 Christi
3271 1515 3436 1583 visio;

1853 1598 1943 1652 ubi
1983 1599 2238 1666 quidquid
2285 1616 2425 1654 nunc
2469 1615 2568 1654 nos
2613 1600 2762 1666 latet,
2814 1601 3144 1658 manifestius
3173 1607 3313 1671 erit;
3346 1607 3436 1662 ubi

1851 1689 1992 1743 ratio
2021 1689 2299 1744 manifesta
2323 1691 2426 1744 erit
2455 1707 2552 1746 cur
2571 1691 2659 1745 hic
2687 1691 2892 1746 electus
2920 1701 3021 1757 est,
3045 1702 3100 1748 et
3129 1695 3216 1748 ille
3244 1713 3436 1766 repro-

1851 1781 2036 1847 batus;
2067 1799 2164 1837 cur
2191 1784 2279 1838 hic
2307 1785 2360 1837 in
2384 1797 2608 1851 regnum
2633 1792 2957 1854 assumptus,
2989 1793 3045 1840 et
3073 1786 3162 1840 ille
3191 1787 3242 1839 in
3271 1790 3436 1843 servi-

162 1877 301 1932 l'erni
332 1893 440 1932 non
468 1885 840 1946 sequerentur,
868 1895 986 1948 quae
1011 1897 1110 1933 nec
1124 1880 1227 1933 dici
1260 1895 1358 1933 nec
1380 1880 1606 1947 cogitari
1628 1895 1753 1949 pos-
1781 1876 1830 1936 B
1859 1882 2025 1930 tutem
2054 1875 2304 1929 redactus
2328 1892 2342 1940 ;
2374 1892 2469 1930 cur
2496 1876 2632 1931 alius
2661 1876 2714 1930 in
2743 1884 2901 1931 utero
2944 1878 3190 1944 n.0ritur,
3222 1880 3356 1933 alius
3384 1881 3436 1936 in

161 1979 309 2025 sunt.
334 1970 537 2040 Duplex
583 1987 710 2026 vero
738 1972 896 2041 plaga
925 1980 1030 2036 est,
1062 1971 1252 2025 abesse
1296 1987 1326 2024 a
1357 1986 1523 2040 regno
1551 1971 1665 2036 Dei,
1697 1979 1753 2026 et
1792 1973 1802 1984 '

162 2078 285 2117 esse
313 2077 526 2132 semper
553 2063 607 2116 in
638 2061 868 2128 inferno,
901 2062 952 2116 id
997 2070 1098 2125 est,
1132 2078 1252 2116 cum
1283 2063 1498 2117 diabolo
1526 2063 1771 2127 damna-,

161 2157 239 2221 ri;
259 2155 598 2225 praesentiam
619 2155 866 2210 amittere
895 2155 1226 2223 angelorum,
1257 2163 1311 2208 et
1328 2155 1616 2208 terribilem
1644 2157 1746 2209 da:-

161 2263 384 2304 monum
412 2262 627 2317 semper
671 2247 782 2316 pati
821 2248 1181 2317 praesentiam.
1236 2247 1508 2313 Quantum
1549 2249 1746 2313 caveri,

160 2341 340 2408 vitari,
365 2340 529 2395 metui
553 2339 732 2405 debet,
766 2340 913 2395 nullo
942 2340 1104 2395 modo
1125 2340 1228 2395 dici
1250 2348 1448 2409 potest.
1473 2340 1602 2405 Quis
1628 2355 1747 2395 cum

157 2448 298 2487 sano
327 2448 486 2487 sensu
513 2447 614 2502 pro
652 2431 811 2486 unius
845 2431 950 2486 diei
989 2431 1213 2496 deliciis,
1244 2437 1460 2486 centum
1489 2447 1750 2486 annorum

157 2537 382 2592 poenam
412 2523 669 2589 eligeret?
694 2520 762 2574 Et
790 2522 970 2576 miseri
993 2531 1173 2576 tamen
1198 2531 1252 2577 et
1276 2523 1393 2577 sine
1417 2523 1522 2576 ulla
1544 2523 1754 2592 sapien-

160 2613 262 2676 tia,
297 2622 321 2649 ⁸
352 2613 682 2682 voluptatem
720 2613 897 2667 carnis
932 2620 1236 2680 sequentes,
1269 2628 1376 2666 non
1409 2613 1598 2676 vitant,
1641 2629 1749 2667 non

89 2740 99 2746 -
162 2701 426 2770 ell'ugiunt
454 2702 819 2757 intolerabiles
842 2717 1047 2771 poenas,
1083 2718 1192 2756 non
1221 2710 1434 2756 centum
1463 2717 1744 2767 annorum,

159 2807 274 2844 non
305 2793 498 2846 millies
527 2792 693 2858 mille,
734 2791 828 2846 sed
857 2791 1096 2845 omnium
1125 2791 1242 2845 sine
1285 2791 1389 2846 line
1429 2792 1747 2847 saeculorum

155 2897 267 2952 pro
293 2881 647 2950 quadraginta
683 2881 767 2934 vel
797 2881 1074 2947 sexaginta
1101 2896 1364 2936 annorum
1408 2881 1631 2950 deliciis,
1660 2882 1746 2936 vel

157 2971 404 3040 qualibet
445 2970 780 3034 corruptibili
825 2970 1204 3026 delectatione.
1246 2972 1517 3037 Quantum
1569 2981 1745 3026 autem

157 3064 391 3118 interest
411 3063 552 3117 inter
575 3079 738 3117 unum
763 3062 932 3130 diem,
952 3071 1008 3118 et
1028 3071 1244 3148 centum
1273 3079 1476 3129 annos;
1509 3080 1616 3118 non
1639 3073 1750 3117 tan-

157 3165 280 3210 tm
311 3155 519 3224 utique,
557 3154 650 3210 sed
681 3156 859 3224 plures
887 3155 1113 3210 interest
1134 3156 1274 3210 inter
1292 3155 1644 3225 quadraginta
1666 3157 1749 3211 vel

1855 1966 2095 2033 infantia,
2128 1968 2263 2022 alius
2293 1968 2347 2022 in
2372 1968 2678 2037 juventute,
2710 1968 2846 2024 alius
2892 1970 2945 2024 in
2992 1978 3304 2036 senectute;
3344 1987 3436 2026 cur

1853 2061 1988 2115 alius
2019 2077 2223 2130 pauper
2245 2069 2348 2127 est,
2378 2061 2514 2118 alius
2542 2061 2693 2116 dives
2716 2078 2731 2128 ;
2767 2078 2864 2117 cur
2892 2062 3030 2118 lilius
3055 2063 3312 2118 adulterae
3340 2063 3437 2118 ba-

1850 2139 2099 2222 ptizatur,
2131 2161 2187 2207 et
2234 2153 2518 2222 aliquando
2560 2151 2698 2208 illius
2738 2154 2992 2223 legitimae
3031 2155 3272 2224 conjugis
3311 2166 3436 2212 ante

1851 2243 2172 2312 baptismum
2193 2244 2450 2310 moritur;
2475 2260 2571 2299 cur
2598 2245 2691 2313 qui
2721 2245 2860 2300 bene
2889 2245 3076 2315 incipit
3105 2247 3305 2312 vivere,
3333 2248 3435 2301 ali-

1850 2335 2067 2402 quando
2095 2336 2232 2389 male
2275 2334 2427 2401 linit;
2454 2345 2511 2390 et
2554 2336 2646 2404 qui
2689 2337 2828 2391 male
2856 2337 3063 2407 incipit,
3109 2354 3250 2408 saepe
3295 2339 3435 2394 bene

1852 2425 1986 2478 linit.
2020 2423 2147 2480 Haac
2175 2425 2352 2479 omnia
2383 2432 2441 2493 et
2486 2425 2796 2494 hujusmodi
2841 2427 3010 2480 multa
3050 2427 3106 2480 in
3145 2427 3282 2482 libro
3312 2428 3435 2482 vita:

1850 2516 2011 2586 plana
2041 2524 2095 2570 et
2123 2524 2309 2585 aperta
2335 2524 2514 2570 erunt.
2544 2515 2602 2570 ln
2631 2516 2821 2570 eadem
2853 2517 2987 2572 urbe
3016 2518 3294 2586 praemium
3321 2518 3436 2573 sin-

1850 2607 2118 2672 gulorum,
2152 2606 2421 2670 omnium;
2450 2614 2507 2660 et
2533 2607 2792 2672 omnium,
2824 2622 2922 2676 per
2949 2609 3228 2664 caritatem
3251 2608 3436 2678 singu-

1852 2696 2027 2751 lorum
2076 2698 2199 2750 erit.
2232 2697 2308 2752 lbi
2333 2696 2360 2735 ι’
2389 2699 2629 2752 omnium
2669 2698 2870 2754 bonum
2915 2701 3162 2755 omnibus
3203 2701 3432 2772 patebit.

1849 2788 1927 2844 lbi
1957 2805 2144 2843 omnes
2184 2790 2413 2844 invicem
2443 2805 2569 2844 suas
2593 2791 2948 2858 cogitationes
2974 2802 3325 2860 cognoscent.
3356 2794 3433 2849 Ibi

1849 2881 2027 2934 nullus
2054 2881 2301 2949 superior
2322 2881 2586 2949 superbus
2605 2882 2728 2948 erit,
2754 2881 2929 2936 nullus
2959 2882 3180 2937 inferior
3199 2884 3432 2939 invidus.

1849 2971 2131 3037 Quomodo
2160 2973 2302 3026 enim
2330 2972 2420 3040 qui
2451 2987 2638 3026 omnes
2658 2973 2798 3028 sicut
2825 2974 3058 3043 seipsum
3089 2975 3307 3043 diliget,
3329 2976 3432 3031 ali-

1849 3062 1936 3116 cui
1963 3062 2202 3116 invidere
2243 3063 2472 3131 poterit;
2500 3078 2621 3117 cum
2670 3079 2830 3119 nemo
2871 3064 2973 3119 sibi
3020 3065 3120 3136 ipsi
3161 3066 3433 3122 invideat?

1848 3151 1925 3208 lbi
1956 3155 2129 3209 nullus
2152 3155 2339 3210 melius
2367 3170 2489 3211 esse
2520 3157 2603 3211 vel
2628 3158 2872 3226 superius
2897 3158 3241 3229 concupiscet
3268 3174 3432 3228 quam

157 3248 449 3316 sexaginta
475 3248 559 3302 vel
597 3255 814 3304 centum
851 3264 1041 3312 annos,
1074 3257 1129 3302 et
1154 3250 1530 3314 aeternitatem,
1555 3250 1668 3304 sive
1697 3250 1749 3304 in
1775 3243 1822 3306 C
1854 3247 1977 3312 erit,
2009 3247 2132 3316 quia
2180 3248 2334 3301 aliter
2362 3263 2482 3303 esse
2529 3263 2689 3317 quam
2719 3249 2862 3317 quod
2899 3250 3114 3314 meruit,
3144 3266 3244 3305 nec
3289 3259 3434 3305 esset

159 3340 334 3408 bono,
364 3340 478 3395 sive
519 3340 572 3394 in
610 3339 752 3394 malo
790 3339 1040 3394 futuram.
1075 3338 1223 3396 Unus
1261 3343 1400 3396 enim
1434 3341 1546 3397 dies
1575 3343 1750 3411 aliqua

160 3430 347 3502 portio
376 3439 460 3486 est
487 3430 541 3484 in
569 3439 783 3486 centum
813 3447 1075 3486 annorum
1105 3434 1297 3502 spatio,
1329 3434 1571 3504 quamvis
1599 3434 1754 3490 valde

159 3524 380 3580 modica
415 3542 426 3575 :
461 3533 517 3578 at
535 3539 665 3579 vero
693 3532 909 3579 centum
937 3541 1197 3579 annorum
1219 3526 1447 3595 spatium
1471 3527 1612 3580 nulla
1635 3543 1755 3596 por-

159 3617 241 3671 tio
272 3623 358 3670 est
385 3616 436 3669 in
469 3615 558 3670 illa
596 3615 913 3670 aeternitate.
945 3615 1001 3670 Si
1030 3617 1190 3692 enim,
1229 3617 1374 3670 verbi
1403 3615 1592 3686 gratia,
1625 3633 1752 3673 cen-

160 3708 358 3764 tesima
379 3706 462 3761 vel
483 3706 762 3762 millesima
782 3722 906 3776 pars
927 3715 1068 3762 esset
1085 3708 1420 3774 aeternitatis,
1443 3707 1751 3776 praedictum

154 3797 286 3866 ejus
314 3796 546 3868 spatium
575 3805 698 3866 post
726 3797 1035 3866 centuplum
1065 3796 1179 3865 ejus
1208 3797 1436 3865 spatium
1467 3796 1552 3850 vel
1572 3797 1751 3851 millu-

155 3888 318 3960 plun
346 3887 616 3941 aeternitas
643 3902 762 3942 esse
789 3886 1060 3940 desineret
1103 3904 1114 3938 :
1149 3886 1291 3956 quod
1326 3887 1465 3941 ratio
1493 3901 1600 3940 non
1628 3887 1754 3943 sinit

154 3979 505 4041 aeternitatis,
529 3993 648 4047 qum
675 3977 721 4031 si
750 3970 858 4031 ullo
879 3976 1062 4044 modo,
1083 3977 1192 4032 ullo
1216 3984 1460 4047 tempore
1488 3977 1750 4046 liniretur,

153 4070 445 4126 interlitas
474 4068 694 4124 omnino
723 4083 831 4123 non
860 4075 1022 4123 esset.

788 4180 1016 4236 CAPUT
1053 4181 1118 4235 ιν
1131 4222 1145 4235 .

153 4277 195 4329 Α
241 4276 333 4353 via
380 4275 488 4353 lata
533 4273 842 4353 adi-arctam
881 4273 1144 4353 migrare.
1169 4269 1456 4353 Himeram.
1492 4271 1745 4353 felicitas,

227 4345 475 4425 scientia,
506 4345 661 4398 sortis
689 4359 796 4404 sua:
823 4341 988 4396 amor.
1022 4341 1101 4396 De
1126 4341 1379 4411 iae/Tabili
1407 4341 1620 4396 visionis
1648 4341 1747 4398 Dei

225 4422 507 4470 suavitate.

225 4526 475 4581 Fortiter
521 4539 650 4595 ergo
692 4527 893 4580 carnali
931 4526 1288 4581 resistendum
1333 4535 1417 4581 est
1456 4528 1740 4598 voluptati,

1852 3339 2136 3402 decorum;
2188 3356 2287 3394 nec
2331 3339 2487 3394 aliter
2532 3355 2650 3394 esse
2705 3339 3031 3395 desiderabit
3075 3356 3238 3410 quam
3281 3339 3434 3409 quod

1850 3429 1975 3498 erit,
2004 3429 2128 3497 quia
2158 3430 2229 3482 ita
2260 3445 2379 3482 esse
2422 3437 2481 3482 ut
2506 3429 2610 3484 erit
2637 3429 2920 3498 pulchrum
2959 3429 3083 3494 erit,
3124 3445 3228 3484 non
3258 3429 3433 3484 solum

1851 3520 1950 3574 sibi
1980 3520 2099 3589 ipsi,
2130 3520 2226 3574 sed
2251 3521 2417 3574 etiam
2446 3519 2701 3575 universo
2729 3520 2945 3591 corpori
2984 3519 3240 3576 Ecclesia:
3267 3521 3433 3577 cmic-

1850 3612 1967 3666 stis.
1992 3611 2273 3676 Quomodo
2299 3612 2441 3664 enim
2464 3610 2743 3680 quodlibet
2763 3611 3063 3668 membrum
3099 3611 3154 3666 in
3180 3615 3432 3683 corpore,

1851 3702 1897 3757 si
1927 3703 2168 3772 superius
2193 3702 2278 3756 vel
2306 3702 2527 3756 inferius
2553 3710 2785 3772 ponatur
2811 3716 2971 3772 quam
3000 3709 3195 3757 natura
3225 3703 3433 3758 consti-

1858 3794 1977 3860 tuit,
2001 3802 2401 3848 monstruosum
2429 3792 2596 3848 eflicit
2623 3809 2818 3863 corpus
2856 3802 2914 3848 et
2941 3802 3126 3864 turpe;
3157 3793 3235 3854 sic
3271 3794 3433 3847 nimi-

1851 3901 1970 3940 rum
1997 3886 2043 3939 si
2069 3886 2259 3954 aliquis
2279 3886 2331 3939 in
2358 3899 2524 3952 regno
2549 3884 2644 3938 Dei
2679 3885 2923 3954 superius
2948 3883 3248 3949 ordinetur,
3271 3898 3432 3953 quam

1849 3979 2086 4050 postulat
2115 3994 2200 4034 ars
2229 3987 2283 4033 et
2308 3978 2559 4034 voluntas
2583 3978 2970 4048 omnipotentis
2999 3977 3235 4044 artiﬁcis,
3258 3977 3432 4047 turpi~

1854 4069 2089 4123 tudinem
2113 4067 2330 4135 efﬁciet,
2354 4085 2464 4125 non
2503 4069 2681 4125 solum
2714 4068 2949 4136 sibimet,
2981 4069 3076 4126 sed
3114 4069 3263 4124 omni
3303 4084 3434 4124 con-

1851 4158 2175 4226 gregationi;
2207 4160 2260 4212 in
2287 4173 2391 4228 qua
2417 4159 2511 4229 qui
2553 4159 2658 4213 erit
2695 4159 2975 4226 minimus,
3013 4159 3277 4229 majorem
3316 4158 3434 4214 sine

1852 4251 2014 4326 dubio
2043 4251 2263 4306 habebit
2301 4252 2554 4320 gloriam,
2593 4266 2754 4322 quam
2785 4258 2956 4307 totum
2999 4251 3207 4308 habens
3248 4249 3433 4306 mundi

1852 4357 2094 4412 regnum,
2123 4345 2285 4399 etiam
2313 4345 2359 4399 si
2385 4353 2644 4400 aeternum
2667 4353 2831 4401 esset.
2858 4344 2976 4400 Vile
3003 4345 3147 4401 enim
3166 4345 3324 4401 valde
3349 4351 3434 4401 est

1853 4436 2132 4490 elementis
2168 4435 2288 4500 frui,
2320 4436 2376 4492 in
2405 4436 2808 4506 comparatione
2844 4435 3056 4491 fruendi
3085 4445 3142 4491 et
3166 4436 3433 4505 gaudendi

1852 4527 1969 4596 ipso
2017 4527 2151 4595 Deo,
2199 4535 2254 4582 et
2294 4528 2591 4584 visibilibus
2638 4528 2894 4584 delectari
2935 4535 2992 4583 et
3032 4528 3429 4598 corporalibus.

151 4621 384 4678 fortiter
427 4628 616 4674 contra
655 4619 870 4674 fallaces
912 4619 1070 4689 hujus
1111 4620 1293 4674 mundi
1334 4620 1616 4675 blanditias
1644 4636 1746 4691 pu-
1773 4613 1824 4673 D
1851 4619 1901 4690 (ο
1926 4617 2097 4674 Tanta
2124 4628 2207 4675 est
2227 4620 2369 4675 enim
2408 4620 2750 4690 pulchritudo
2773 4619 3014 4689 justitize,
3062 4628 3209 4674 tanta
3232 4619 3430 4688 jucun-

154 4709 442 4780 gnandum
471 4717 583 4775 est,
614 4719 906 4778 contraque
935 4710 1275 4766 multimodas
1312 4709 1524 4765 Satanae
1557 4722 1748 4778 sugge-

153 4805 376 4860 stiones
411 4801 754 4870 vigilandum.
795 4799 950 4856 Omni
978 4803 1159 4858 studio
1199 4804 1306 4858 lata
1335 4804 1514 4859 saeculi
1548 4803 1746 4875 via,vi-

153 4895 330 4951 tanda
360 4901 462 4958 est,
492 4908 612 4962 quae
634 4893 779 4948 ducit
823 4893 888 4946 ad
921 4901 1152 4948 mortem
1182 4893 1394 4962 (Matth.
1428 4910 1516 4959 vn,
1545 4893 1663 4962 l5);
1692 4900 1748 4946 at

153 5004 297 5044 vero
327 4986 478 5041 omni
503 4985 681 5040 cordis
707 4984 973 5040 desiderio
995 4985 1079 5038 via
1107 4994 1331 5052 angusta
1359 5001 1478 5055 qua:
1507 4985 1654 5038 ducit
1681 4984 1747 5038 ad

153 5081 356 5146 vitam,
384 5077 625 5133 adeunda
667 5084 750 5131 est
793 5084 850 5129 et
894 5075 1212 5145 appetenda.
1247 5075 1343 5130 Via
1381 5076 1496 5129 haec
1522 5083 1747 5141 angusta

152 5177 244 5226 est
287 5169 376 5224 via
419 5166 771 5230 abstinentiae,
812 5173 868 5221 et
910 5164 1191 5229 castitatis,
1223 5172 1278 5220 et
1326 5164 1660 5230 humilitatis,
1692 5173 1750 5220 et

151 5261 345 5316 omnis
370 5257 676 5328 religionis;
707 5272 867 5327 quam
889 5256 1028 5310 viam
1057 5265 1182 5309 ante
1213 5270 1310 5310 nos
1335 5253 1580 5310 Christus
1603 5255 1748 5309 attri-

152 5353 259 5416 vit,
292 5363 401 5419 qua
427 5350 512 5404 via
537 5348 606 5403 ad
624 5363 779 5403 suum
799 5359 1021 5415 regnum
1046 5345 1312 5416 migravit.
1338 5343 1502 5414 Cujus
1522 5345 1746 5416 vestigia

152 5453 216 5500 ct
244 5458 354 5502 nos
379 5457 690 5514 sequamur,
715 5440 888 5497 donec
922 5447 1044 5511 post
1071 5454 1194 5496 eum
1221 5437 1290 5494 ad
1313 5437 1502 5495 urbem
1539 5438 1741 5510 regiam

232 5715 262 5747 ι
298 5702 427 5762 Mss.
457 5702 584 5774 duo,
613 5701 942 5760 voluntatem.

229 5779 261 5820 δ
289 5777 354 5832 ln
381 5793 487 5833 uno
515 5767 639 5846 ms.,
655 5775 880 5831 omnium
899 5774 1149 5830 bonorum
1173 5773 1340 5843 copia.
1369 5769 1429 5827 In
1451 5767 1608 5838 edit.,
1629 5783 1744 5824 om-

155 5866 224 5905 ne
248 5850 463 5905 bonum.

841 5969 879 5978 ...ι
895 5965 953 5992 ,κ

1851 4709 1990 4765 ditas
2020 4711 2152 4766 lucis
2178 4721 2411 4777 aeternae,
2444 4712 2548 4767 hoc
2575 4720 2680 4778 est,
2709 4710 3159 4765 incommutabilis
3185 4709 3430 4764 veritatis

1851 4811 1906 4856 et
1934 4804 2238 4872 sapientiae,
2271 4811 2330 4857 ut
2355 4803 2564 4856 etiamsi
2605 4817 2711 4856 non
2741 4801 2929 4855 liceret
2956 4800 3184 4869 amplius
3209 4815 3430 4856 manere

1850 4892 1904 4945 in
1926 4908 1988 4946 ea
2013 4908 2173 4960 quam
2201 4893 2358 4946 unius
2380 4892 2487 4946 dici
2508 4907 2682 4957 mora,
2708 4899 2934 4961 propter
2953 4892 3059 4947 hoc
3079 4892 3253 4947 solum
3279 4893 3432 4950 innu-

1850 4980 2135 5034 merabiles
2175 4981 2300 5034 anni
2329 4979 2485 5049 hujus
2513 4980 2636 5034 vitae
2677 4980 2822 5050 pleni
2856 4980 3064 5037 deliciis
3098 4983 3155 5037 iu
3193 4983 3427 5039 circum-

1851 5069 2068 5124 liuentia
2091 5069 2449 5138 corporalium
2479 5070 2740 5126 bonorum
2777 5079 2928 5128 recte
2969 5073 3269 5144 meritoque
3296 5090 3427 5130 con-

1850 5169 2237 5215 temnerentur.
2260 5161 2377 5215 Non
2398 5162 2539 5215 enim
2556 5159 2689 5218 falso
2703 5171 2797 5218 aut
2819 5179 2987 5234 parvo
3006 5163 3200 5220 affectu
3225 5164 3425 5218 dictum

1847 5260 1932 5308 est
1957 5270 1969 5304 :
2001 5250 2256 5316 Quoniam
2283 5252 2464 5306 melior
2491 5261 2566 5307 est
2595 5254 2701 5310 dies
2729 5271 2836 5309 una
2862 5256 2917 5308 in
2956 5256 3105 5308 atriis
3145 5255 3245 5307 tuis
3273 5269 3425 5323 super

1847 5344 2012 5398 millia
2042 5344 2213 5416 (Paul.
2247 5361 2470 5411 Lxxxm,
2505 5345 2613 5418 1-1).
3474 5405 3476 5408 ,

1916 5434 2058 5490 Nihil
2084 5443 2167 5490 est
2184 5436 2602 5508 comparandum
2622 5433 2965 5492 delectationi
2989 5441 3046 5488 et
3063 5431 3257 5502 gaudio
3281 5433 3423 5502 quod

1918 5711 1940 5739 ο
1970 5696 2144 5756 Verba
2190 5683 2324 5769 Aug.
2367 5698 2462 5753 lib.
2500 5709 2560 5752 tu
2594 5693 2662 5750 de
2690 5693 2808 5750 Lib.
2856 5691 3083 5761 Arbitr.,
3131 5709 3274 5749 num.
3334 5694 3419 5753 77.

1843 5768 1961 5826 Non
1990 5771 2190 5828 habent
2215 5768 2343 5824 mes.

3339 391 3443 447 854
3533 371 3538 376 ’
