4110 6336
214 372 314 437 B57

1219 374 1499 431 llYMNUS
1537 372 1918 431 SECUNDINO
1960 374 2173 432 EPlSC.
2205 376 2664 436 ATTRIBUTUS.

3383 384 3507 449 838.

212 487 433 584 ςωθίιξο
460 485 632 542 ίθεῑιιθ
658 502 764 584 ηοξῖ
795 496 876 584 es}
901 488 1064 584 Peus-
1109 486 1242 561 Cum
1273 504 1401 584 εἴπεο
1443 490 1590 584 "ullo
1624 490 1799 584 A'l'O‘l‘f
1826 498 1877 559 Α
1902 513 2248 568 ettcternitas
2272 529 2378 569 non
2405 515 2615 579 diversa
2644 524 2769 570 sunt
2796 517 2935 573 inter
2960 518 3147 584 δε,ωὰ
3175 534 3340 575 unum
3363 528 3489 575 sunt

212 579 353 636 Deus
372 578 543 634 factus
571 588 670 646 est,
703 581 816 635 sine
840 580 991 635 initio
1013 589 1137 637 ante
1159 583 1337 636 omnia
1366 590 1499 636 erat.
1534 580 1802 650 Quidquid

212 673 354 728 enim
378 670 578 727 factum
608 680 711 739 est,
741 674 950 728 initium
983 674 1177 741 habet;
1211 684 1262 730 et
1294 676 1549 744 quidquid
1596 676 1803 730 initium

209 762 392 831 habet,
425 765 542 843 sine
564 765 726 821 dubio
752 764 952 821 factum
982 776 1082 833 est,
1114 784 1218 821 non
1251 768 1316 821 ab
1344 768 1449 821 alio
1480 767 1579 821 nisi
1620 782 1649 819 a
1693 767 1804 821 Deo

210 873 322 914 non
348 856 512 924 facto,
535 858 630 914 sed
653 860 831 914 omnia
860 858 1110 917 faciente.
1135 861 1297 930 Cujus
1318 862 1538 916 scientia
1559 861 1673 915 sine
1696 860 1803 914 ulla

180 934 478 1045 ‘varietate
507 961 533 986 ι
563 950 901 1019 cognitionis,
934 960 987 1006 et
1015 953 1130 1007 sine
1154 954 1261 1008 ullo
1293 954 1316 991 ι)
1348 968 1503 1007 cursu
1532 953 1634 1007 huc
1666 961 1721 1007 et
1744 951 1806 1005 il-

212 1041 302 1097 luc
332 1043 774 1098 innumerabilem
808 1046 1088 1101 veritatem
1133 1047 1370 1101 omnium
1401 1055 1802 1111 creaturarum;

213 1133 549 1202 angelorum,
597 1135 895 1203 hominum,
924 1138 1220 1200 stellarum,
1254 1154 1559 1204 arenarum,
1590 1138 1809 1207 capillo-

211 1236 353 1291 rum,
366 1226 679 1292 verborum,
696 1227 1103 1295 cogitationum,
1124 1237 1521 1283 momentorum
1543 1228 1801 1297 omnium,

211 1312 377 1369 simul
405 1322 461 1369 et
488 1316 1093 1395 semel'comprehendlt
1119 1326 1173 1372 ct
1202 1318 1468 1388 intelligit.
1518 1314 1660 1374 Fons
1705 1318 1806 1385 igi-

214 1415 305 1462 tur
331 1415 388 1463 et
425 1408 578 1478 origo
608 1411 782 1465 omnis
807 1412 1044 1467 scientiae
1080 1411 1222 1467 Deus
1251 1422 1334 1468 est
1367 1432 1379 1467 :
1414 1429 1577 1483 quem
1605 1421 1807 1482 quanto

215 1487 336 1572 plus
353 1501 475 1571 quis
500 1501 667 1569 bibet,
694 1510 844 1558 tanto
871 1504 993 1574 plus
1013 1504 1177 1560 sitiet.

827 1615 1057 1671 CAPUT
1097 1618 1183 1672 Vl.

218 1703 499 1761 Beatorum
524 1708 763 1761 scientia.
797 1706 877 1780 De
907 1710 1046 1762 trina
1077 1711 1292 1775 visione,
1332 1710 1612 1780 corporali,
1656 1709 1811 1777 apiri-

761 1778 875 1844 tali,
907 1780 1261 1834 iutellectuali.

290 1868 790 1940 incomparabiliter
820 1885 949 1940 ergo
974 1874 1142 1929 totius
1164 1873 1349 1927 mundi
1372 1886 1613 1941 regnum,

222 1976 321 2032 pra
351 1961 602 2027 diximus,
635 1972 690 2018 et
718 1964 763 2018 si
790 1972 1052 2019 mternum
1079 1974 1241 2031 esset,
1276 1965 1552 2034 praecellit,
1575 1964 1822 2020 societati

223 2054 538 2122 angelorum
566 2062 621 2127 et
662 2064 993 2120 sanctormn,
1025 2065 1079 2110 et
1116 2057 1363 2125 pratsenti
1403 2057 1568 2125 ipsius
1600 2056 1696 2110 Dei
1723 2055 1822 2109 ad-

222 2159 344 2200 esse
374 2146 586 2201 visioni.
618 2146 677 2200 ln
707 2145 861 2214 cujus
888 2145 1095 2200 visione
1119 2146 1258 2199 trina
1287 2146 1509 2200 scientia
1542 2146 1777 2200 nascitur
1807 2164 1819 2197 :

228 2237 281 2292 id
314 2245 418 2304 est,
447 2238 610 2293 homo
638 2238 731 2307 qui
758 2239 948 2303 cernit,
974 2247 1027 2292 et
1056 2238 1197 2293 Deus
1234 2240 1324 2307 qui
1348 2240 1605 2303 cernitur,
1637 2250 1691 2294 et
1718 2257 1825 2294 cic-

230 2330 332 2384 teri
361 2345 549 2384 omnes
579 2330 758 2385 omnia
786 2330 1044 2384 videbunt
1065 2339 1119 2384 et
1150 2332 1466 2399 intelligent.
1499 2331 1644 2386 Sicut
1679 2333 1824 2385 enim

229 2437 327 2491 per
353 2422 628 2491 speculum
651 2423 883 2477 vitrequ
907 2422 1045 2477 trina
1065 2424 1220 2477 nobis
1244 2423 1379 2477 visio
1402 2423 1826 2489 administratur,

229 2512 358 2580 quia
392 2528 489 2566 nos
518 2512 680 2581 ipsos,
713 2519 769 2566 et
796 2512 969 2581 ipsum
1001 2515 1298 2582 speculum,
1332 2523 1386 2567 et
1405 2514 1663 2583 quidquid
1691 2530 1828 2585 prte-

230 2617 357 2657 sens
378 2602 531 2656 adest
546 2602 787 2657 videmus
806 2620 819 2671 ;
839 2604 916 2659 sic
936 2619 1033 2673 per
1047 2606 1321 2673 speculum
1335 2607 1528 2662 divinae
1548 2607 1827 2672 claritatis,

232 2705 290 2751 et
320 2697 493 2765 ipsum
538 2696 726 2761 Deum,
758 2706 816 2751 ut
843 2705 944 2765 est,
988 2697 1316 2764 videbimus,
1346 2708 1605 2767 quantum
1652 2700 1824 2769 possi-

236 2788 344 2842 bile
361 2788 464 2842 erit
483 2796 760 2850 creaturae,
776 2795 832 2841 et
852 2804 951 2841 nos
973 2788 1140 2857 ipsos,
1153 2796 1209 2843 et
1229 2799 1454 2865 caeteros
1470 2798 1664 2845 vera-et
1679 2802 1827 2848 certa

232 2877 459 2931 scientia
508 2891 910 2943 cognoscemus.
965 2877 1116 2933 Tunc
1146 2880 1325 2935 abdita
1352 2890 1740 2947 creaturarum,
1766 2892 1821 2937 ct

235 2968 403 3038 ipsius
451 2968 664 3032 inferni,
695 2968 925 3025 videndo
946 2970 1116 3025 Deum
1142 2972 1461 3027 videbimus.
1490 2972 1643 3028 Tunc
1667 2973 1827 3042 justis

235 3058 576 3114 manifestum
618 3061 723 3115 erit
765 3064 1038 3130 quomodo
1094 3064 1237 3119 Deus
1279 3073 1362 3119 est
1413 3066 1712 3133 invisibilis,
1743 3067 1826 3120 ina

170 3224 177 3232 .
234 3149 635 3219 comparabilis,
666 3151 783 3204 sine
810 3151 963 3206 initio
991 3160 1045 3207 et
1074 3153 1190 3208 sine
1220 3152 1341 3219 line,
1392 3162 1520 3209 ante
1569 3155 1747 3214 omnia
1775 3161 1828 3208 et

1903 604 2042 660 sicut
2072 613 2271 660 cretera
2320 607 2500 661 omnia
2525 626 2538 660 :
2587 609 2850 678 sapientia
2878 610 3021 665 enim
3061 609 3155 664 Dei
3185 624 3293 664 non
3320 610 3490 678 magis

1903 697 2165 767 sapientia
2206 713 2366 766 quam
2393 699 2592 761 veritas
2621 709 2723 765 est,
2768 708 2823 756 et
2844 717 2953 757 non
2982 701 3153 771 magis
3180 702 3379 756 veritas
3408 692 3491 754 esi

1905 804 2066 858 quam
2112 790 2394 858 sapientia,
2439 806 2600 859 quam
2648 793 2939 859 teternitas,
2985 807 3148 861 quam
3170 803 3367 847 eartera
3397 791 3493 846 Dei

1906 884 2118 947 omnia;
2170 899 2333 937 unum
2379 883 2521 939 enim
2548 893 2676 938 sunt
2704 886 2757 939 in
2800 884 2926 950 Deo,
2960 894 3011 941 et
3042 901 3151 941 non
3172 886 3347 940 solum
3374 885 3492 954 haec

1910 975 2053 1028 inter
2075 991 2132 1029 se
2156 975 2345 1030 eadem
2366 984 2491 1030 sunt
2520 977 2571 1031 in
2602 977 2733 1039 Deo,
2766 977 2861 1031 sed
2886 993 2992 1031 non
3020 977 3162 1031 aliud
3189 984 3314 1032 sunt
3333 991 3494 1046 quam

1908 1068 2024 1137 ipse
2054 1068 2223 1132 Deus;
2269 1073 2323 1121 et
2350 1068 2623 1137 quomodo
2651 1068 2881 1122 mundus
2909 1078 3028 1122 erat
3057 1057 3107 1123 in
3158 1066 3289 1134 Deo,
3339 1076 3494 1123 ante-

1908 1174 2067 1228 quam
2090 1160 2145 1215 in
2172 1160 2350 1227 seipse
2370 1168 2531 1224 esset,
2564 1175 2669 1213 non
2699 1159 2944 1224 mundus,
2969 1159 3062 1213 sed
3092 1160 3266 1225 Deus;
3296 1166 3349 1213 et
3369 1160 3501 1228 quo-

1913 1250 2074 1305 modo
2096 1252 2293 1320 ubique
2316 1260 2463 1306 totus
2478 1252 2594 1306 sine
2621 1253 2764 1317 loco,
2791 1268 3013 1321 magnus
3038 1253 3155 1307 sine
3177 1253 3495 1322 quantitate,

1910 1346 2087 1399 bonus
2133 1344 2250 1399 sine
2299 1345 2591 1411 qualitate;
2641 1354 2694 1397 et
2740 1344 3013 1412 quomodo
3049 1344 3228 1398 omnia
3254 1350 3501 1414 penetrat

1912 1436 2110 1490 munda
2141 1447 2195 1491 et
2223 1436 2498 1491 immunda
2545 1437 2662 1491 sine
2692 1437 2771 1491 sui
2814 1436 3129 1505 pollutione.
3153 1436 3211 1490 Si
3237 1437 3381 1490 enim
3410 1436 3502 1490 lux

1912 1528 2015 1581 ista
2037 1527 2259 1581 visibilis
2280 1528 2460 1581 omnia
2488 1527 2608 1581 loca
2630 1527 2884 1594 illustrat,
2915 1535 2969 1581 et
2988 1526 3325 1596 sterquilinia
3340 1527 3505 1581 etiam

1915 1628 2162 1689 penetrat
2211 1620 2326 1673 sine
2355 1618 2548 1681 fetore,
2598 1626 2653 1672 et
2681 1620 2797 1672 sine
2844 1618 2925 1673 sui
2952 1619 3268 1687 pollutione,
3299 1626 3503 1687 quanto
3588 1678 3593 1683 ,

1914 1713 2084 1780 magis
2104 1711 2263 1775 Deus,
2297 1712 2387 1780 qui
2411 1720 2493 1766 est
2518 1711 2795 1766 invisibilis
2824 1719 2878 1765 et
2907 1712 3364 1768 incommutabilis
3389 1714 3500 1778 lux,

1918 1806 2095 1859 omnia
2140 1814 2412 1875 penetrat,
2442 1806 2600 1874 regit,
2634 1808 2879 1872 sustinet,
2916 1807 3233 1873 circumdat,
3254 1810 3504 1875 illustrat,

1645 1880 1706 1969 ul
1725 1888 1816 1969 ⁵η-
1846 1886 1895 1945 Β
1920 1899 2037 1953 sine
2066 1899 2171 1952 ulla
2203 1900 2501 1953 mutatione
2530 1899 2613 1953 vel
2637 1899 2954 1969 pollutione,
2983 1915 3091 1954 non
3120 1900 3293 1955 solum
3339 1901 3507 1956 omlea

1923 1991 2023 2044 stia
2050 1999 2105 2045 et
2130 1991 2428 2055 terrestria,
2460 1991 2552 2043 sed
2581 1991 2743 2044 etiam
2776 1990 3093 2045 infernalia?

1998 2082 2147 2135 Tunc
2170 2083 2271 2135 erit
2296 2083 2487 2137 electis
2518 2082 2612 2135 Dei
2637 2083 2776 2135 trina
2805 2083 2963 2150 visio,
2991 2082 3040 2135 id
3062 2090 3162 2147 est,
3187 2082 3510 2152 corporalis,

1926 2190 2031 2243 qua
2072 2188 2303 2242 corpora
2343 2182 2665 2236 cernentur;
2700 2173 3056 2241 quorumdam
3087 2173 3425 2243 splendentia
3453 2181 3511 2230 ut

1926 2267 2026 2327 sol,
2060 2263 2414 2335 quorumdam
2447 2274 2504 2318 ut
2526 2265 2671 2328 luna,
2702 2265 2931 2318 aliorum
2956 2273 3014 2319 ut
3044 2265 3233 2321 stellm.
3263 2264 3332 2319 Et
3353 2265 3513 2335 spiri-

1930 2358 2070 2421 talis,
2121 2372 2226 2424 qua
2274 2356 2651 2410 similitudines
2679 2371 2971 2425 corporum
3020 2357 3073 2410 in
3104 2356 3298 2427 spiritu
3322 2364 3378 2412 et
3405 2372 3514 2416 non

1928 2448 2103 2501 fallaci
2133 2448 2410 2517 phantasia
2433 2448 2717 2516 inspicient
2750 2465 2761 2499 :
2795 2460 2901 2516 qua
2929 2448 3137 2503 visione
3166 2449 3331 2503 etiam
3354 2447 3516 2503 hodie

1930 2538 2176 2591 fruuntur
2201 2538 2419 2607 spiritus
2442 2538 2711 2606 justorum
2743 2547 2863 2605 post
2902 2554 3197 2607 corporum
3242 2538 3516 2594 claustra:

1929 2638 1983 2683 et
2013 2630 2147 2683 visio
2176 2630 2572 2693 intellectualis,
2604 2644 2711 2699 qua
2742 2645 2878 2700 puro
2896 2631 3095 2685 mentis
3121 2629 3284 2685 oculo
3321 2630 3374 2684 in
3405 2629 3517 2699 spi-

1928 2722 2035 2775 ritu
2064 2721 2233 2775 Deum
2258 2720 2530 2786 videbunt,
2566 2729 2621 2776 et
2648 2734 2774 2777 suas
2800 2724 3029 2788 animas,
3051 2731 3106 2778 et
3133 2720 3360 2778 virtutes
3389 2722 3517 2778 inti-

1930 2829 2064 2878 mas,
2115 2818 2170 2867 et
2198 2813 2418 2881 spiritus
2443 2814 2734 2883 angelicos.
2770 2811 2921 2869 Tunc
2941 2815 3186 2884 duplices
3204 2814 3317 2869 Deo
3343 2813 3519 2870 acturi

1929 2912 2051 2957 sunt
2074 2904 2293 2971 gratias,
2328 2903 2580 2959 videlicet
2606 2919 2704 2974 pro
2733 2919 2830 2959 sua
2854 2906 3175 2963 liberatione
3199 2918 3231 2959 α
3259 2912 3517 2976 perpetua

1930 2994 2295 3059 damnatione,
2347 3004 2402 3049 et
2430 3010 2531 3065 pro
2559 2995 2827 3051 bonorum
2857 2986 3111 3052 ineffabili
3138 2999 3518 3055 retributione.

1934 3086 2086 3140 Tunc
2133 3088 2436 3143 communis
2481 3090 2722 3145 omnium
2762 3102 2889 3145 reus
2918 3094 2973 3145 et
2998 3092 3168 3147 hostis
3193 3091 3436 3148 diabolus
3468 3093 3521 3151 in

1935 3184 2227 3246 conspectu
2258 3179 2554 3235 electorum
2586 3180 2681 3235 Del
2710 3180 3055 3237 damnabitur
3085 3201 3096 3234 :
3130 3182 3282 3253 cujus
3302 3184 3521 3240 domum

235 3247 360 3343 29ft
388 3241 607 3343 ⁰¹¹¹¹¹ί³ξ
654 3241 912 3343 quidquid
940 3243 1167 3343 infera“
1213 3244 1355 3343 im?"
1383 3246 1570 3343 {"1505
1587 3246 1731 3315 (1⁸οδ
1761 3245 1828 3300 ad
1858 3256 1903 3325 Ο
1937 3270 2008 3324 tio
2030 3241 2085 3323 et
2106 3270 2461 3325 intolerabilis
2490 3284 2649 3341 pinna
2669 3272 2985 3327 delectabile
3006 3241 3372 3343 spectaculum
3392 3284 3521 3343 prte-

237 3330 431 3386 Filium
453 3331 716 3401 pertinet;
748 3340 805 3387 et
825 3335 1141 3403 procedere,
1167 3336 1314 3404 quod
1343 3336 1410 3391 ad
1430 3335 1691 3407 Spiritum
1714 3354 1832 3391 san-

236 3430 405 3487 ctum,
441 3431 672 3493 excepto
698 3424 844 3492 quod
871 3442 1008 3481 unus
1055 3443 1123 3481 ex
1165 3443 1271 3481 uno
1294 3437 1450 3483 natus
1478 3430 1566 3494 sit,
1599 3430 1736 3485 alter
1763 3445 1830 3485 ex

235 3515 451 3570 duobus
480 3517 775 3585 processit;
808 3524 864 3572 et
892 3518 1163 3586 quomodo
1193 3516 1354 3573 Pater
1399 3536 1505 3574 non
1560 3522 1833 3589 praecessit

235 3606 435 3681 Filium
458 3616 719 3678 tempore,
746 3610 838 3664 sed
856 3612 1081 3681 origine,
1110 3628 1210 3667 nec
1222 3612 1478 3682 Spiritum
1496 3622 1758 3678 sanctum;
1779 3623 1833 3668 ct

235 3700 515 3771 quomodo
538 3703 715 3757 omnia
746 3702 840 3758 Dei
862 3720 1024 3759 unum
1046 3712 1169 3759 sunt
1197 3704 1249 3758 in
1280 3704 1411 3770 Deo,
1435 3714 1663 3774 excepto
1690 3706 1834 3773 quod

233 3794 309 3849 ad
338 3795 657 3850 relationem
688 3798 951 3866 pertinet;
983 3815 1105 3852 nam
1127 3799 1391 3869 sapientia
1419 3798 1513 3853 Dei
1543 3808 1596 3853 et
1628 3799 1829 3855 veritas

318 3942 343 3971 ι
376 3932 540 3987 Abest
564 3948 671 3988 vox
701 3935 1008 4004 cognitionis
1038 3950 1068 3988 a
1097 3950 1197 3989 ms.
1218 3912 1377 3989 Vict?

746 4041 957 4056 ψ

1406 4046 1697 4058 .———

1936 3363 2097 3418 stabit
2124 3360 2331 3418 electis.
2352 3363 2505 3418 Tunc
2531 3364 2911 3418 ardentissimo
2958 3378 3147 3419 amore
3177 3364 3521 3421 liberatorem

1936 3473 2091 3511 suum
2119 3464 2175 3511 et
2198 3458 2437 3511 omnium
2465 3458 2733 3511 bonorum
2753 3457 2996 3511 datorem
3025 3456 3305 3522 amabunt,
3327 3463 3382 3511 et
3407 3456 3522 3511 sine

1940 3546 2042 3601 line
2089 3556 2142 3602 et
2172 3549 2289 3602 sine
2316 3547 2530 3602 fastidio
2557 3547 2795 3602 clamore
2827 3547 3006 3602 cordis
3035 3546 3329 3602 laudabunt
3357 3546 3523 3603 Deum

1939 3639 2385 3706 omnipotentem,
2416 3638 2705 3706 benignum
2745 3645 2800 3692 et
2825 3637 3276 3694 misericordem:
3309 3639 3397 3694 cui
3426 3639 3523 3692 hos

1941 3744 2041 3782 nor
2062 3738 2115 3783 et
2134 3729 2307 3799 gloria
2327 3737 2382 3785 et
2405 3742 2547 3784 nunc
2566 3736 2623 3785 et
2643 3744 2742 3800 per
2768 3727 2947 3785 omnia
2970 3729 3165 3786 stecula
3185 3729 3522 3798 sucularum.

1942 3821 2130 3877 Amen.

1988 3933 2001 3971 ἱ
2028 3935 2115 3988 Sic
2134 3949 2235 3989 ms.
2252 3934 2390 3991 Vict.
2408 3933 2475 3989 At
2487 3932 2627 3990 Cult.
2639 3974 2652 4001 ,
2666 3901 2780 3991 usu.
2797 3933 2959 4001 Edit.,
2977 3935 3104 4001 visu,
3124 3928 3260 3989 forte
3271 3946 3370 4005 pro
3384 3927 3519 3989 nisu.

1372 4048 2369 4246 simam

539 4303 879 4390 LIBER
954 4306 1112 4391 DE

1182 4296 1819 4392 DUODECIM
1892 4300 2677 4399 ABUSIONIBUS
2750 4302 3226 4404 SECULI.
3286 4412 3293 4421 ,

1217 4441 1373 4505 (Vide
1394 4451 1568 4496 nostris
1587 4443 1880 4507 Putrologiw
1902 4449 2012 4495 tom.
2042 4446 2071 4495 Ι
2086 4449 2144 4507 ν,
2166 4446 2257 4497 col.
2284 4448 2376 4499 869
2399 4452 2523 4511 seq.)

2056 4543 3522 4584 Ἥ

1113 4622 1655 4740 HYMNUS
1714 4548 2682 4736 AanABETicus
2742 4627 2765 4653 “

1206 4791 1269 4845 IN
1310 4790 1593 4846 LAUDEM
1633 4792 1687 4845 S.
1733 4792 2025 4873 PATlilCll
2066 4795 2205 4849 TUM
2254 4796 2567 4849 VIV'EN'I'IS
2604 4860 2607 4863 Α

876 4912 1847 5089 succubuit

1929 4920 2848 5089 episcopo
2894 4912 2921 4951 ’³

1708 5084 2069 5128 Αεοιιιρτυε.

322 5251 541 5318 Audite,
569 5266 756 5307 omnes
783 5258 1024 5306 amantes
1043 5248 1232 5315 Deum,
1259 5259 1444 5307 sancta
1474 5254 1665 5310 mérita

232 5346 367 5404 Viri
398 5345 447 5399 in
474 5344 686 5400 Christo
722 5340 882 5408 beati,
912 5338 1130 5399 Patricii
1158 5344 1402 5415 episcopi
1439 5364 1452 5400 :

167 5428 181 5491 l
232 5435 540 5507 Quomodo
568 5436 767 5491 bonum
797 5436 867 5491 oh
893 5442 1073 5491 actum
1102 5436 1366 5490 similatur
1394 5438 1618 5505 angelis,

233 5528 668 5596 Perl‘ectamque
685 5534 907 5597 propter
931 5529 1094 5581 vitam
1118 5536 1361 5597 :equatnr
1390 5531 1663 5599 apostolis.

327 5672 352 5697 ιι
385 5660 570 5716 Exstat
607 5667 819 5731 quoque
847 5660 931 5714 hic
959 5660 1184 5731 hymnus
1215 5662 1275 5731 in,
1299 5658 1688 5731 Antiphonario
1714 5676 1833 5714 mo-

230 5732 479 5792 uaSterii
502 5728 893 5786 Benéhofcnsis
921 5728 1062 5784 edito
1086 5746 1114 5783 τι
1138 5731 1207 5785 cl.
1231 5728 1519 5788 Muratorio
1547 5728 1598 5784 in
1630 5730 1830 5784 Anccd.

234 5803 434 5861 Latin.
490 5812 618 5857 tum.
673 5801 775 5869 lV,
818 5817 903 5871 pp.
954 5800 1053 5855 1'56
1089 5817 1276 5871 seqq.,
1324 5814 1440 5857 cum
1491 5814 1597 5870 quo
1638 5799 1834 5855 Ἤειΐωὶ

1815 5268 1821 5279 ‘
1868 5263 1925 5323 Β
2021 5259 2188 5314 Beata
2215 5258 2411 5337 Christi
2441 5262 2672 5318 custodit
2698 5260 3021 5340 inandatain
3049 5246 3345 5329 omnibus:

1945 5351 2107 5421 Cujus
2135 5369 2300 5421 opera
2328 5354 2597 5423 refulgent
2615 5356 2763 5411 clara
2786 5357 2925 5412 inter
2948 5356 3211 5420 homines,

1940 5442 2302 5513 Sanctamque
2323 5446 2476 5515 cujus
2494 5452 2795 5516 sequuntur
2819 5445 3125 5515 exemplum
3144 5443 3424 5521 miriﬁcum

1943 5533 2092 5589 Unde
2122 5545 2175 5590 et
2201 5537 2251 5591 in
2284 5539 2435 5594 cmlis
2467 5540 2676 5593 Patrem
2703 5536 3046 5615 magniﬁcant
3072 5528 3375 5618 Domitium.

1936 5663 2233 5721 editionem
2263 5668 2610 5722 contulimus.

2014 5734 2038 5773 ι)
2068 5736 2125 5789 S.
2160 5737 2372 5793 Patricii
2403 5753 2434 5803 e
2460 5737 2688 5803 Darerca
2710 5751 2900 5794 sorore
2921 5737 3128 5809 nepoti.
3156 5730 3311 5805 Em.
