4110 6336
630 403 736 461 8‘59

694 513 956 568 Constans
986 509 1037 563 in
1067 506 1162 562 Dei
1190 505 1406 571 timore,
1436 510 1492 557 et
1529 501 1632 556 ﬁde
1662 501 1970 566 immobilis,

628 606 852 675 {Super
879 616 1038 672 quem
1067 598 1356 654 aadilicatur
1383 603 1442 650 ut
1461 593 1682 650 Petrum
1704 592 1964 659 Ecclesia,

625 697 890 768 Cujusque
912 691 1264 763 apostolatum
1290 704 1319 741 a
1350 685 1462 741 Deo
1491 685 1712 740 sortitus
1733 690 1847 749 est;

624 791 649 832 ι»
678 789 734 843 In
764 784 915 854 cujus
942 789 1098 854 porta
1127 781 1380 834 adversus
1405 773 1598 831 inferni
1631 792 1736 830 non
1764 774 2075 844 praevalent.

698 876 954 931 Dominus
983 874 1133 928 illum
1162 871 1324 940 elegit
1345 877 1404 924 ut
1424 869 1644 923 doceret
1670 867 1923 920 barbaras

623 970 898 1032 Nationes,
925 978 947 1005 ο
981 974 1037 1020 ut
1057 965 1289 1035 piscaret
1315 979 1411 1032 per
1430 961 1686 1016 doctrina:
1714 960 1868 1024 retia,

722 1062 791 1117 de
817 1059 1015 1116 seculo
1040 1059 1321 1114 credentes
1342 1055 1581 1108 traheret
1607 1053 1674 1106 ad
1704 1052 1952 1120 gratiam,

681 1152 1074 1220 Dominumque
1101 1154 1457 1216 sequerentur
1482 1144 1664 1198 sedem
1695 1142 1761 1196 ad
1786 1143 2089 1196 aether-eam.

697 1243 880 1298 Electa
908 1240 1109 1297 Christi
1140 1239 1342 1293 talenta
1370 1236 1553 1291 vendit
1571 1234 1899 1303 evangelica,

626 1336 755 1402 Qua:
784 1333 1050 1388 Hibernas
1079 1332 1220 1384 inter
1243 1336 1429 1397 gentes
1461 1337 1484 1363 ε
1515 1343 1634 1381 cum
1663 1341 1822 1379 usura
1850 1323 2034 1392 exigit,

628 1423 646 1461 ί
678 1423 883 1492 Navigii
904 1420 1058 1489 hujus
1086 1419 1304 1485 laboris,
1328 1426 1442 1471 tum
1470 1431 1648 1486 operte
1669 1415 1919 1486 pretium,

628 1517 761 1572 Cum
780 1513 994 1567 Christo
1013 1510 1163 1578 regni
1192 1509 1424 1564 cmlestis
1452 1521 1797 1577 possessurus
1825 1504 2095 1574 gaudium.

699 1604 895 1658 Fidelis
924 1602 1018 1656 Dei
1047 1600 1292 1654 minister
1307 1599 1634 1666 insignisque
1661 1597 1901 1662 nuntius,

629 1694 992 1765 Apostolicum
1019 1691 1323 1760 exemplum
1343 1689 1676 1756 formamque
1704 1687 1905 1756 prabet
1923 1685 2078 1740 bonis
2111 1702 2123 1735 :

628 1785 727 1852 Qui
744 1792 851 1838 tam
867 1781 1048 1838 verbis
1065 1791 1088 1829 Β
1106 1796 1269 1850 quam
1286 1779 1439 1834 factis
1459 1779 1602 1848 plebi
1619 1777 1872 1847 prmdicat
1884 1774 2167 1830 Dominum
2185 1790 2200 1828 :

628 1857 697 1932 Ut
724 1891 883 1944 quem
910 1875 1066 1929 dictis
1086 1888 1193 1927 non
1223 1870 1508 1937 convertit,
1533 1877 1654 1924 actu
1685 1877 1941 1937 provocet
1968 1867 2129 1920 bono.

695 1969 930 2024 Gloriam
959 1967 1125 2020 habet
1151 1979 1276 2018 cum
1294 1962 1529 2029 Christo,
1559 1960 1820 2015 honorem
1845 1959 1899 2011 in
1921 1957 2136 2015 saeculo.

625 2061 725 2128 Qui
755 2062 823 2116 ab
844 2058 1094 2114 omnibus
1121 2065 1178 2111 ut
1198 2055 1293 2109 Dei
1321 2061 1609 2109 veneratur
1637 2052 1858 2120 angelus
1887 2070 1898 2103 :

625 2156 793 2220 Quem
823 2151 964 2206 Deus
987 2151 1132 2205 misit
1152 2157 1210 2203 ut
1237 2147 1460 2201 Paulum
1482 2144 1549 2198 ad
1576 2152 1761 2212 gentes
1791 2143 2115 2212 apostolum,

633 2245 704 2300 Ut
732 2245 1042 2300 hominibus
1061 2243 1312 2298 ducatum
1335 2238 1596 2309 praeberet
1625 2250 1790 2303 regno
1821 2235 1934 2289 Dei.

700 2335 921 2390 Humilis
949 2334 1042 2388 Dei
1071 2334 1140 2387 ob
1169 2339 1372 2386 metum
1394 2329 1583 2400 spiritu
1603 2335 1656 2382 et
1676 2341 1923 2395 corpore,

625 2428 798 2499 Super
822 2443 1005 2496 quem,
1031 2427 1231 2481 bonum
1261 2424 1331 2478 ob
1360 2431 1536 2476 actum
1580 2419 1864 2488 requiescit
1913 2416 2205 2481 Dominus;

625 2516 897 2586 Cujusque
924 2515 952 2552 δ
972 2531 1066 2570 sua
1093 2516 1147 2568 in
1176 2529 1337 2568 carne
1362 2511 1560 2565 Christi
1589 2516 1767 2579 portat
1795 2509 2066 2576 stigmata,

636 2607 654 2646 ί
686 2607 746 2663 ln
771 2607 924 2677 cujus
949 2606 1063 2662 sola
1092 2612 1395 2659 sustentans
1413 2601 1670 2670 gloriatur
1699 2601 1751 2653 in
1780 2614 1958 2653 cruce.

697 2699 929 2769 Impiger
948 2696 1227 2752 credentes
1256 2693 1428 2764 pascit
1455 2692 1682 2762 dapibus
1703 2691 2029 2758 cmlestibus,

627 2788 703 2844 Ne
723 2788 815 2857 qui
845 2787 860 2837 Ι
900 2786 1144 2840 ridentur
1171 2800 1293 2840 cum
1315 2781 1529 2839 Christo
1551 2783 1604 2836 in
1630 2781 1714 2835 via
1744 2780 2028 2847 deﬁciant;

626 2879 828 2946 Quibus
850 2883 1038 2946 erogat
1065 2884 1126 2931 ut
1149 2890 1316 2946 panes
1343 2874 1508 2930 verba
1536 2873 1865 2942 evangelica,

627 2968 790 3038 Cujus
811 2968 1236 3038 multiplicantur
1265 2961 1326 3020 ut
1345 2981 1542 3019 manna
1571 2964 1626 3019 in
1656 2964 1921 3019 manibus.

700 3058 923 3115 Kastam
951 3059 1045 3128 qui
1072 3057 1306 3113 custodit
1324 3071 1541 3111 carnem
1562 3056 1632 3110 ob
1659 3071 1898 3111 amorem
1918 3053 2154 3122 Domini,

630 3147 799 3216 Quam
821 3163 1035 3202 carnem
1064 3147 1320 3216 templum
1347 3147 1553 3215 paravit
1570 3157 1864 3217 sanctoque
1892 3145 2135 3216 Spiritui,

630 3239 678 3295 Δ
701 3257 808 3310 quo
837 3247 1145 3295 constanter
1165 3254 1289 3294 cum
1315 3237 1526 3293 mundis
1556 3238 1859 3308 possidetur
1887 3239 2092 3294 actibus
2117 3256 2128 3290 :

634 3328 808 3398 Quam
837 3329 864 3368 ιι
906 3339 966 3385 ut
992 3329 1225 3385 hostiam
1249 3328 1549 3398 placentem
1579 3328 1756 3383 vivam
1779 3328 1937 3382 oll'ert
1956 3327 2202 3383 Domino.

701 3421 1016 3492 Lumenque
1040 3420 1226 3478 mundi
1252 3435 1538 3476 accensum
1566 3420 1753 3490 ingens
1780 3421 2148 3490 evangelicum

627 3512 686 3571 ln
705 3515 1030 3571 candelabro
1057 3515 1292 3570 levatmn
1318 3512 1337 3550 ι
1363 3513 1464 3568 toti
1487 3512 1697 3582 fulgens
1726 3513 1944 3582 saeculo,

629 3607 828 3662 Civitas
850 3608 992 3676 regis
1011 3608 1214 3662 munita
1235 3623 1394 3678 supra
1423 3614 1662 3663 montem
1689 3606 1886 3676 posita,

627 3697 793 3770 Copia
813 3700 868 3773 in
887 3713 992 3768 qua
1020 3707 1102 3754 est
1127 3699 1293 3754 multa
1315 3714 1477 3768 quam
1504 3699 1647 3753 Deus
1665 3697 1920 3768 possidet.

704 3789 967 3846 Maximus
995 3805 1229 3859 namque
1248 3791 1300 3844 in
1328 3803 1498 3858 regno
1529 3790 1788 3844 cmlorum
1813 3790 2115 3856 vocabitur,

629 3879 731 3948 Qui
750 3881 891 3951 quod
917 3881 1099 3936 verbis
1118 3881 1278 3935 docet
1299 3881 1488 3947 sacris,
1520 3880 1718 3934 factum
1744 3881 1998 3950 adimplet
2024 3880 2202 3946 bonis,

630 3971 776 4028 Bono
796 3973 1047 4042 praecedit
1071 3972 1342 4041 exemplo,
1365 3969 1700 4040 formamque
1725 3968 1956 4024 ﬁdelium

630 4059 931 4133 Mundoque
946 4063 1004 4117 in
1030 4062 1192 4117 corde
1214 4062 1375 4116 habet
1405 4061 1471 4114 ad
1499 4061 1667 4114 Deum
1700 4059 1968 4114 ﬁduciam.

705 4151 911 4205 Nomen
933 4151 1144 4205 Domini
1173 4151 1435 4205 audenter
1463 4150 1744 4204 annuntiat
1768 4151 2035 4219 gentibus,

633 4240 834 4307 Quibus
855 4243 1053 4297 lavacri
1073 4242 1260 4296 salutis
1287 4251 1541 4296 alternam
1562 4242 1654 4296 dat
1681 4242 1926 4309 gratiam,

633 4422 648 4476 Ι
700 4352 965 4475 αϊΜιιιἮῑη
981 4371 1132 4426 super
1146 4373 1277 4426 quoa.
1301 4356 1406 4411 Sed
1430 4372 1498 4410 ex
1526 4363 1780 4411 contextu
1804 4357 1995 4412 melior
2007 4357 2202 4417 κνετωί

652 4437 713 4476 ec
740 4439 810 4476 ιο.
1083 4434 1088 4439 ’

652 4434 810 4476 θειιο.
1083 4434 1088 4439 ’

698 4491 724 4530 ιι
757 4491 975 4566 Murat.,
1025 4495 1103 4566 Iug
1133 4497 1279 4566 cujus
1300 4507 1470 4566 porta:
1494 4495 1778 4548 adversum.
1805 4496 2053 4552 Testatur
2079 4501 2204 4556 Wa-

633 4577 764 4617 ηεαδ
790 4563 860 4616 al.
891 4580 990 4618 ms.
1025 4563 1248 4632 habere,
1289 4563 1358 4618 Et
1410 4567 1600 4636 inferni
1631 4575 1793 4636 portae
1819 4568 2061 4623 adversus
2089 4589 2202 4626 eum

633 4649 734 4687 non
757 4633 1120 4688 praevalebunt.

632 4649 734 4687 non
755 4649 1120 4758 plrmvatwunt.

700 4715 721 4774 ξ
754 4773 764 4774 7
805 4705 1050 4774 trobique
1077 4704 1398 4759 Muratorius
1418 4713 1466 4758 et
1495 4720 1592 4774 pro
1617 4712 1692 4774 ut.

688 4769 723 4854 ,δ
753 4773 880 4829 Haec
891 4769 1058 4857 lectio
1086 4776 1254 4844 magis
1299 4775 1474 4846 placet
1497 4769 1660 4846 quam
1682 4773 2068 4846 Muratoriana,
2090 4778 2203 4836 Do-

631 4858 823 4898 minum
843 4863 950 4916 qut.
1031 4907 1038 4913 ε

704 4923 726 4984 ﬁ
749 4912 968 4984 M_urat.,
997 4933 1110 4970 cum
1137 4918 1326 4973 usuris.

706 4980 725 5018 ί
759 4980 976 5052 Μαι-θεέ,
1033 4985 1292 5058 Navigiis.
1322 4986 1429 5042 Sed
1470 4997 1616 5044 recte
1651 4998 1837 5044 monet
1856 4987 2097 5048 Warreus
2120 4993 2202 5048 le-

665 5052 864 5108 endum
894 5052 1108 5109 Novati.
1481 5056 1496 5070 '

630 5066 864 5122 genuum
894 5066 1108 5109 ﬂavati.
1314 5109 1316 5111 ,
1482 5066 1494 5070 ⁷

700 5132 726 5170 s
757 5121 976 5202 Mur-at”
1004 5142 1156 5202 quam
1184 5136 1231 5178 et
1259 5129 1480 5202 factis...
1536 5127 1653 5183 Dei.
1702 5129 1826 5185 Mox
1846 5129 2002 5200 ibid.,
2033 5135 2204 5202 fructu

631 5202 890 5263 provocet.
921 5194 1073 5261 QuOd
1103 5211 1207 5250 non
1235 5194 1428 5265 placet.

703 5262 729 5300 ίι
757 5263 844 5319 Sic
876 5265 1162 5319 Apostolus
1181 5263 1298 5319 Gal.
1329 5283 1400 5319 vi.
1429 5267 1514 5319 l7.
1541 5267 1866 5319 Stiamata---
1911 5273 1930 5319 ἱ

796 5265 844 5319 ic
868 5265 1162 5346 Apostolus
1181 5263 1400 5346 Gal._vi,
1429 5267 1515 5346 l7,
1541 5267 1866 5338 Stigmata...
1911 5273 1968 5326 in
1993 5287 2206 5343 corpore

632 5348 738 5406 uso
756 5344 929 5406 porto.
964 5336 1039 5406 At
1060 5335 1278 5402 Murat.,
1294 5336 1438 5406 justo
1459 5338 1514 5390 in
1534 5335 1707 5393 carne.

704 5404 719 5440 ι
755 5404 974 5488 Murat.,
994 5405 1065 5488 {Et
1086 5407 1232 5488 cujus
1258 5404 1305 5461 ιζ
1329 5424 1374 5462 s.
1399 5406 1638 5464 Waraeus
1666 5410 1886 5480 conjicit
1920 5415 2202 5485 legendum

629 5484 945 5550 sustentatus
973 5477 1222 5550 gloriatur
1243 5493 1410 5550 cruce.

700 5543 714 5593 i
754 5543 1458 5633 Muratt,'videntu.r.‘glque
1487 5550 1623 5633 hanc
1651 5551 1934 5633 lectionem
1983 5555 2038 5608 in
2093 5555 2199 5611 alio

625 5615 1032 5756 t‘n’shse
1051 5619 1241 5672 asserit
1266 5615 1524 5675 Waneus.
1541 5618 1665 5675 Mox
1681 5622 1820 5677 idem
1839 5621 2034 5693 Murat.
2057 5641 2196 5681 vers.

663 5721 681 5748 ’
1001 5773 1164 5826 quam
1192 5759 1409 5827 Murat.,
1436 5768 1485 5814 et
1511 5760 1750 5815 hostiam.

706 5818 964 5888 ‘Murat..
996 5818 1098 5883 toto
1129 5846 1146 5882 :
1174 5831 1263 5891 qui
1293 5818 1418 5885 moi
1447 5847 1589 5886 vers.
1647 5831 1680 5883 4
1727 5833 1891 5890 habet
1945 5833 2197 5891 Dominus

2228 3230 2275 3294 C

2229 4694 2283 4754 D

1555 391 1610 448 S.
1652 386 2014 444 PATRICIUS
2052 384 2497 439 HIBERNORUM
2540 379 2954 438 APOSTOLUS.
3775 377 3856 435 ω

2224 503 2275 560 Α
2303 497 2408 552 Pro
2437 513 2665 566 quarum
2693 503 2815 552 orat
2841 495 3049 550 delictis
3076 494 3143 547 ad
3164 493 3333 548 Deum
3360 493 3621 564 quotidie,

2305 589 2409 644 Pro
2430 589 2623 659 quibus
2649 597 2707 642 ut
2725 587 2837 642 Deo
2865 585 3054 654 dignas
3078 585 3424 654 immolatque
3453 586 3675 641 hostias.

2375 680 2600 735 Omnem
2633 696 2734 750 pro
2762 679 2940 734 divina
2970 678 3086 746 lege
3112 677 3296 732 mundi
3326 679 3534 748 spernit
3561 679 3795 748 gloriam,

2307 772 2408 838 Qui
2439 781 2631 826 cuncta
2659 772 2725 826 ad
2748 771 2864 839 ejus
2893 785 3134 825 mensam
3161 770 3391 824 aestimat
3409 770 3716 839 quisquilia,

2307 861 2417 918 Nec
2437 863 2703 931 ingruenti
2727 870 2976 917 movetur
3002 860 3186 916 mundi
3212 860 3369 930 hujus
3396 870 3436 898 ω
3458 859 3697 931 ﬂumine,

2311 953 2415 1008 Sed
2443 955 2496 1008 in
2517 954 2754 1009 adversis
2781 954 3010 1021 lzetatur,
3041 969 3163 1008 cum
3192 969 3289 1023 pro
3315 952 3531 1008 Christo
3560 955 3771 1023 patitur.

2382 1042 2573 1098 Pastor
2599 1045 2771 1098 bonus
2794 1059 2857 1098 ac
2878 1042 3048 1098 ﬁdelis
3068 1041 3246 1110 gregis
3265 1043 3584 1111 evangelici,

2304 1134 2472 1200 Quem
2502 1134 2643 1189 Deus
2671 1133 2767 1188 Dei
2799 1134 2960 1201 elegit
2987 1134 3260 1188 custodire
3280 1135 3559 1203 populum,

2304 1222 2575 1291 Suamque
2605 1239 2825 1293 pascere
2851 1225 3063 1292 plebem
3091 1224 3286 1278 divinis
3314 1224 3671 1293 dogmatibus,

2304 1313 2410 1368 Pro
2431 1330 2536 1384 qua
2549 1314 2614 1367 ad
2637 1315 2836 1368 Christi
2852 1315 3159 1384 exemplum
3175 1323 3336 1370 ‘suam
3352 1324 3377 1351 ιι
3395 1316 3616 1370 tradidit
3633 1317 3850 1375 animam.

2377 1405 2547 1470 Quem
2579 1421 2676 1473 pro
2705 1405 2912 1464 meritis
2940 1405 3190 1461 Salvator
3217 1406 3465 1476 provexit
3485 1407 3798 1477 pontiﬁcem,

2308 1497 2376 1552 Ut
2398 1498 2449 1551 in
2472 1497 2676 1552 cmlesti
2705 1506 2952 1553 moneret
2978 1498 3206 1552 clericos
3235 1498 3445 1565 militia,

2305 1589 2592 1644 leestem
2621 1589 2815 1658 quibus
2844 1604 3114 1644 annonam
3142 1599 3331 1656 erogat
3358 1605 3481 1643 cum
3512 1588 3759 1658 vestibus,

2309 1695 2332 1718 υ
2357 1683 2484 1749 Qua:
2513 1684 2564 1737 in
2585 1683 2780 1738 divinis
2802 1683 3053 1753 impletur
3075 1685 3349 1753 sacrisque
3376 1683 3644 1739 ﬂatibus.

2381 1773 2538 1841 Regis
2559 1775 2778 1831 nuntius
2798 1774 3030 1828 iuvitans
3049 1774 3332 1829 credentes
3356 1775 3425 1828 ad
3448 1774 3676 1845 nuptias,

2233 1867 2281 1927 B
2307 1863 2409 1930 Qui
2427 1871 2651 1919 ornatur
2681 1865 3000 1918 vestimento
3024 1865 3250 1934 nuptiali
3272 1865 3510 1933 indutus,

2313 1954 2412 2020 Qui
2441 1956 2661 2010 caeleste
2690 1957 2870 2010 haurit
2895 1957 3075 2010 vinum
3105 1957 3156 2010 in
3186 1957 3328 2013 vasis
3350 1958 3664 2027 coelestibus,
3717 1995 3719 1997 ι

2309 2045 2715 2119 Pr0pinansque
2743 2049 2840 2104 Dei
2869 2049 3076 2118 plebem
3106 2050 3333 2118 spiritali
3355 2051 3572 2120 poculo.

2381 2140 2604 2194 Sacrum
2631 2141 2830 2195 invenit
2863 2141 3173 2196 thesaurum
3203 2156 3360 2196 sacro
3380 2141 3432 2194 in
3459 2142 3742 2211 volumine,

2314 2231 2715 2300 Salvatorisque
2738 2232 2790 2286 in
2820 2246 2982 2286 carne
3005 2231 3260 2287 deitatem
3281 2243 3309 2282 Ρ
3332 2233 3595 2302 prmvidit,

2309 2322 2478 2388 Quem
2507 2325 2814 2379 thesaurum
2843 2324 2972 2378 emit
2999 2324 3199 2378 sanctis
3249 2323 3607 2394 perfectisque
3633 2324 3806 2382 meritis

2309 2414 2471 2469 Israel
2499 2424 2721 2470 vocatur
2749 2415 2904 2486 hujus
2933 2416 3110 2470 anima
3130 2415 3315 2470 videns
3336 2414 3524 2471 Demn.

2384 2505 2559 2560 TeStis
2580 2506 2791 2560 Domini
2813 2506 2983 2562 ﬁdelis
3009 2508 3062 2562 in
3092 2508 3210 2575 lege
3229 2487 3517 2576 catholica,

2311 2596 2474 2666 Cujus
2501 2598 2662 2651 verba
2690 2606 2815 2674 sunt
2835 2598 3027 2653 divinis
3050 2609 3078 2648 ιι
3109 2599 3326 2654 condita
3354 2601 3607 2669 oraculis,

2309 2686 2387 2740 Ne
2413 2688 2655 2742 humana:
2677 2696 2929 2758 putreant
2953 2706 3141 2745 carnes
3171 2707 3403 2760 cscaque
3426 2707 3458 2746 a
3487 2693 3757 2759 vermibus,

2311 2778 2414 2832 Sed
2437 2780 2643 2834 cwlesti
2677 2789 2698 2816 τ
2731 2780 3010 2834 sallientur
3036 2797 3228 2851 sapore
3257 2783 3322 2836 ad
3353 2783 3643 2840 victimam.

2381 2871 2551 2926 Verus
2574 2873 2749 2926 cultor
2769 2881 2826 2926 et
2863 2874 3082 2941 insignis
3111 2874 3223 2942 agri
3253 2876 3546 2943 evangelici

2313 2962 2473 3032 Cujus
2500 2963 2705 3017 semina
2734 2963 2978 3017 videnlur
2999 2963 3197 3017 Christi
3223 2963 3539 3034 Evangelia,

2314 3056 2445 3122 Qua:
2472 3056 2652 3110 divino
2681 3057 2812 3111 serit
2832 3072 2926 3112 ore
2954 3057 3008 3110 in
3037 3072 3194 3112 aures
3223 3058 3588 3127 prudentium,

2319 3153 2337 3178 ε
2373 3144 2718 3215 Quorumque
2747 3146 2909 3202 corda
2936 3162 3000 3202 ac
3025 3153 3230 3201 mentes
3251 3157 3439 3204 sancto
3468 3157 3586 3204 arat
3610 3149 3796 3221 spiritu.

2387 3240 2403 3272 ι
2440 3235 2570 3291 XPS
2601 3238 2747 3292 illum
2775 3239 2876 3293 sibi
2901 3239 3061 3307 elegit
3082 3240 3134 3292 in
3167 3239 3326 3294 terris
3355 3240 3612 3296 vicarium

2309 3330 2410 3396 Qui
2436 3330 2501 3384 de
2531 3331 2742 3398 gemino
2767 3331 3009 3400 captivos
3046 3330 3236 3385 liberat
3259 3333 3496 3386 servitio.

2310 3420 2601 3492 Plerosque
2631 3422 2696 3476 de
2727 3423 2983 3478 servitute
3003 3438 3141 3492 quos
3166 3423 3394 3478 redemit
3423 3425 3691 3480 hominum

2308 3515 2620 3570 [innumeros
2645 3516 2713 3571 de
2739 3525 2765 3551 ιι
2796 3517 2990 3571 stabuli
3013 3509 3244 3572 obsolvit
3271 3518 3527 3574 dominio.

2390 3611 2583 3664 Ymnos
2605 3626 2726 3665 cum
2751 3609 3095 3682 Apocalypsi,
3125 3611 3465 3683 psahnosque
3490 3620 3666 3667 cantat
3692 3610 3803 3677 Dei,

2310 3704 2560 3774 Quosque
2581 3705 2646 3758 ad
2677 3705 3045 3759 aediﬁcandum
3077 3705 3172 3759 Dei
3204 3714 3393 3761 tractat
3419 3707 3684 3776 populmu,

2309 3798 2478 3862 Quam
2502 3798 2674 3864 legem
2706 3797 2757 3850 in
2786 3796 3046 3852 Trinitate
3066 3798 3207 3852 sacri
3231 3797 3388 3853 credit
3406 3798 3632 3852 nominis

2311 3887 2606 3957 Tribusque
2634 3889 2880 3959 persenis
2907 3905 3064 3943 unam
3094 3889 3356 3958 docetque
3375 3889 3736 3944 substantiam.

2387 3982 2532 4036 Zona
2562 3982 2772 4036 Domini
2795 3982 3108 4051 procinctus
3128 3982 3315 4037 diebus
3341 3999 3404 4038 ac
3429 3982 3670 4038 noctibus

2314 4071 2441 4150 Sine
2464 4073 2859 4127 intermissione
2884 4072 3055 4127 Deum
3078 4081 3197 4126 orat
3223 4072 3530 4141 Dominum,

2315 4163 2477 4233 Cujus
2499 4163 2726 4230 ingentis
2754 4163 2952 4218 laboris
2972 4172 3323 4234 percepturus
3340 4166 3636 4235 praemium,

2312 4250 2445 4306 Cum
2468 4253 2726 4324 apostolis
2753 4254 2996 4323 regnabit
3022 4256 3220 4310 sanctis
3246 4266 3269 4292 ν
3291 4272 3458 4328 super
3484 4256 3661 4311 Israel.

2312 4384 2410 4438 pro
2439 4366 2596 4422 Deus.

2382 4449 2418 4474 ιιι
2450 4440 2534 4492 Ait
2560 4439 2801 4512 want-us
2824 4439 2874 4492 in
2899 4439 3004 4493 alio
3024 4456 3134 4512 imis.
3163 4439 3355 4512 legisse
3381 4440 3617 4512 fulmine.
3646 4439 3728 4495 Sic
3747 4439 3860 4496 item

2313 4508 2530 4582 Murat.,
2561 4511 2649 4576 qui
2679 4510 2839 4582 paulo
2869 4518 2993 4564 ante
3023 4511 3183 4565 habet
3207 4511 3277 4562 ad
3305 4508 3450 4582 cujus
3473 4528 3717 4566 mensam.

2385 4589 2409 4614 ι·
2443 4579 2636 4632 Murat.
2651 4621 2664 4645 ,
2690 4581 2867 4632 tradit.

2383 4659 2405 4682 υ
2437 4648 2653 4720 Mural.,
2681 4651 2815 4720 quod
2842 4651 2877 4702 ἱ.
2912 4650 2964 4703 d.

2385 4730 2408 4766 Ρ
2437 4718 2656 4784 Murnl..,
2685 4718 2928 4788 pervidet.
2959 4719 3120 4775 Forte
3149 4722 3368 4777 rectius.

2380 4799 2407 4838 (ι
2437 4788 2585 4842 Hand
2632 4789 2906 4857 probanda
2936 4792 3143 4844 videtur
3172 4790 3332 4846 lectio
3381 4791 3578 4847 Mnrat.
3612 4791 3817 4845 candida
3843 4828 3854 4842 .

2309 4860 2630 4934 apud__quem
2660 4876 2780 4934 mox
2810 4869 2983 4928 putent
3009 4877 3186 4934 comes
3217 4879 3460 4934 wsseque.

2336 4929 2355 5014 ς
2384 4941 2403 4966 τ
2437 4929 2654 4998 Murat.,
2689 4929 2967 4984 allcantur.
3018 4930 3100 4984 Al.
3148 4947 3250 4986 ms.
3304 4929 3446 5002 apud
3473 4932 3747 4998 Warzeum,
3779 4948 3854 4984 sa-

2311 5009 2522 5055 tutntur.

2382 5082 2402 5108 ³
2431 5069 2650 5142 Murat.,
2679 5087 2892 5142 quarunt
2917 5088 3129 5142 quoque.

2337 5213 2346 5223 .
2387 5144 2401 5177 ι
2430 5139 2700 5209 Christus,
2732 5150 2888 5210 prout
2932 5139 3061 5210 legit
3109 5141 3350 5213 Warams
3377 5151 3436 5198 et
3455 5144 3620 5200 edidit
3645 5143 3853 5199 Moratu-

2305 5229 2518 5334 nuuslkl.
2552 5241 2653 5337 ms.
2685 5282 2824 5352 apud
2851 5274 3142 5352 Waracum,
3172 5281 3342 5338 καιναιί
3372 5285 3608 5342 absolvit.
3637 5285 3719 5340 Sic
3738 5283 3851 5336 item

2304 5351 2495 5406 Murat.

2377 5433 2402 5458 ν
2435 5420 2562 5475 Post
2588 5421 2686 5477 has
2714 5437 2876 5478 voces
2917 5422 3097 5477 subdit
3138 5421 3464 5480 Muratorius
3511 5427 3616 5482 hoc
3641 5419 3849 5481 tetrastio

2304 5493 2442 5549 chon
2474 5510 2485 5543 :

2446 5626 2709 5698 Patricius
2729 5629 2993 5698 episcopus
3023 5638 3132 5682 oret
3158 5646 3251 5698 pro
3280 5631 3426 5684 nobis
3448 5629 3696 5695 omnibus,

2451 5697 2520 5771 l_]t
2549 5697 2814 5771 deleoiuur
2833 5700 3067 5769 protinus
3089 5697 3296 5771 pedatu
3317 5717 3432 5771 qua:
3457 5702 3796 5756 commisimus.

2449 5767 2669 5839 .Patricii
2693 5767 2870 5821 laudes
2893 5767 3097 5839 semper
3112 5767 3362 5834 dicamus,

2456 5838 2522 5892 (It
2545 5856 2637 5892 nos
2666 5839 2889 5893 cum'illo
2911 5838 3108 5911 semper
3137 5841 3381 5895 vivamus.
