4110 6336
523 367 629 441 813

1680 374 2020 435 ωηοιι
2056 377 2651 438 ωτιιΑαιΝΕΝδιε

3710 386 3837 447 ω

523 494 659 554 intra
688 490 978 551 indicatum
1007 491 1106 566 (a).
1135 488 1269 547 Illud
1291 505 1457 563 porro
1484 468 1743 547 haudest
1770 491 1859 547 hic
1879 499 2109 563 praeter-
2139 499 2187 559 Α
2216 492 2626 563 honoriﬁcentia:
2656 503 2759 551 tum
2798 513 2888 568 per
2928 488 3282 555 dulcissimum
3328 498 3541 571 fratrem
3580 509 3826 556 nostrum

523 590 791 654 eundum,
824 588 966 658 quod
1005 584 1073 641 de
1119 585 1310 641 iisdem
1350 584 1545 640 litteris
1595 583 1851 641 observat
1876 583 2114 641 Vincen—

525 686 633 739 tius
656 681 948 736 Lirinensis
970 680 1052 755 his
1077 679 1257 736 verbis
1283 676 1355 750 (ὁ)
1381 697 1393 733 :
1425 677 1556 734 Cum
1583 678 1719 734 lecta
1739 687 1895 747 esset,
1918 678 2110 747 inquit,

524 777 693 831 sancti
720 772 965 845 Capreoli
1011 772 1239 844 episcopi
1281 770 1729 843 Carthaginiensis
1756 769 1998 841 epistola,
2028 769 2114 842 qui

523 870 655 926 nihil
681 868 826 925 aliud
844 864 1148 923 intendebat
1175 876 1225 921 et
1247 865 1556 936 precabatur
1581 864 1686 918 nisi
1708 872 1785 931 ut,
1816 870 2116 935 expugnata

523 964 779 1029 novitate,
812 963 1099 1035 antiquitas
1147 960 1542 1035 defenderetur;
1572 961 1651 1014 ita
1695 961 1971 1032 episcopus
2016 956 2118 1029 Cy-

524 1057 675 1112 rillus
705 1057 1003 1127 prolocutus
1033 1062 1109 1110 est
1138 1060 1187 1108 et
1224 1053 1459 1125 deﬁnivit
1484 1070 1502 1108 :
1532 1052 1671 1126 quod
1700 1053 1781 1107 hic
1810 1069 2007 1125 quoque
2030 1053 2117 1106 in-

527 1157 803 1219 terponere
831 1164 936 1202 non
969 1144 1063 1201 abs
1105 1164 1161 1201 re
1188 1146 1409 1201 videtur.
1443 1146 1538 1199 Ait
1558 1147 1695 1200 enim
1724 1145 1781 1199 in
1807 1145 1915 1214 ﬁne
1947 1152 2121 1214 gesto-

528 1259 645 1296 rum
678 1260 691 1295 :
725 1261 744 1292 ι
772 1239 843 1294 Ει
867 1241 999 1308 haec,
1028 1239 1219 1308 inquit,
1250 1254 1364 1310 qua!
1393 1238 1525 1292 lecta
1565 1245 1643 1292 est
1697 1235 1919 1307 epistola
1972 1250 2121 1289 vene-

526 1338 682 1392 randi
738 1346 788 1391 et
826 1335 1043 1391 multum
1093 1333 1325 1406 religiosi
1386 1333 1614 1404 episcopi
1677 1328 2121 1402 Carthaginiensis

529 1428 773 1500 Capreoli
803 1428 931 1499 ﬁdei
957 1437 1216 1499 gestorum
1246 1427 1317 1497 (ε)
1346 1427 1599 1480 inseretur
1624 1423 1770 1495 cujus
1797 1432 1980 1495 aperta
2003 1437 2124 1477 sen-

530 1522 693 1575 tentia
714 1529 811 1575 est.
845 1518 967 1573 Vult
986 1519 1124 1573 enim
1147 1518 1374 1588 antiquw
1386 1517 1510 1587 ﬁdei
1532 1516 1778 1587 dogmata
1798 1514 2120 1585 conﬁrmari,

529 1614 723 1669 notitia
751 1629 865 1666 vero
886 1621 935 1666 et
963 1611 1217 1682 superﬂue
1239 1609 1521 1667 adiacente
1538 1618 1589 1661 et
1609 1608 1765 1678 impie
1790 1608 2121 1678 promulgata

529 1704 800 1777 reprobari
827 1710 978 1774 atque
1006 1701 1267 1755 damnari.
1298 1698 1499 1755 Omnes
1538 1698 1765 1773 episcopi
1807 1695 2127 1752 κακίανκαῑέ-

530 1806 653 1852 runt
685 1814 703 1850 :
734 1795 837 1850 Ha
891 1796 1121 1850 omnium
1149 1810 1305 1859 voces,
1338 1802 1479 1861 sunt,
1520 1791 1630 1853 hac
1672 1806 1852 1846 omnes
1882 1789 2122 1853 dicimus,

2219 582 2272 638 Ν
2278 586 2618 642 mninianum.
2654 585 2865 659 Reperit
2890 591 3028 646 enim
3052 594 3284 664 paruitas
3303 601 3485 648 nostra
3510 592 3828 665 przcellen-

2220 688 2323 735 tem
2349 682 2547 752 famam
2583 690 2631 735 et
2655 681 2950 738 doctrinm
2978 693 3083 741 tute
3108 684 3420 743 sanctitatis.
3466 729 3481 742 .
3523 728 3539 742 .
3583 729 3600 743 .
3644 728 3661 742 .
3708 728 3723 741 .
3767 696 3831 742 ν

2217 783 2489 845 propterea
2513 775 2577 830 de
2601 775 2732 832 bona
2760 778 3001 833 thesauro
3028 780 3203 835 cordis
3224 783 3295 835 tui
3318 784 3510 838 nostris
3533 781 3828 838 visceribus

2220 866 2433 941 irrigari
2453 868 2663 941 jubeas,
2704 888 2819 944 qua!
2859 872 2991 943 ﬁdes
3020 873 3275 929 catholica
3303 886 3443 930 recta
3475 885 3631 931 tenet.
3664 874 3815 945 Ejus-

2221 961 2366 1016 modi
2412 976 2543 1018 vero
2587 961 2836 1034 Capreoli
2878 964 3198 1035 rescriptum
3242 980 3315 1020 ex
3359 963 3557 1024 Pittmi
3606 968 3834 1023 schedis

2222 1053 2469 1107 mutilum
2501 1053 2668 1108 edidit
2688 1053 2952 1111 Batonius
2974 1056 3086 1127 (h);
3116 1055 3212 1111 sed
3243 1057 3511 1126 integrum
3535 1073 3603 1112 ex
3629 1058 3832 1114 codice

2222 1144 2575 1201 Herivallensi
2621 1145 2875 1217 vulgavit
2909 1147 3225 1203 Sirmondus
3271 1164 3377 1203 una
3426 1166 3549 1205 cum
3594 1150 3833 1222 epistola

2222 1238 2613 1309 Hispanorum,
2645 1240 2798 1309 cujus
2827 1241 3112 1296 occasione
3141 1240 3326 1296 datum
3368 1241 3497 1297 illud
3527 1241 3651 1307 fuit,
3685 1243 3835 1297 inter

2223 1331 2471 1402 opuscula
2499 1332 2791 1404 dogmatica
2812 1349 2931 1403 qua:
2953 1331 3170 1388 Parisiis
3200 1333 3253 1387 in
3277 1334 3446 1389 lucem
3470 1336 3654 1391 emisit
3680 1350 3838 1390 anno

2225 1422 2383 1478 1650.
2408 1424 2523 1479 Non
2555 1424 2717 1493 longe
2745 1433 2925 1480 autem
2955 1434 3079 1497 post
3106 1427 3414 1482 damnatum
3436 1427 3749 1484 Nestorium
3774 1430 3836 1484 in

2225 1517 2433 1590 synodo
2465 1515 2757 1588 Ephesina,
2779 1528 2839 1574 ut
2865 1519 3028 1576 modo
3058 1519 3349 1586 innuimus,
3372 1522 3510 1578 hanc
3537 1522 3838 1594 epistolam

2224 1611 2505 1685 scripsisse
2537 1610 2879 1682 Capreolum,
2918 1628 2984 1670 ex
3027 1612 3113 1669 his
3145 1614 3312 1685 ipsius
3345 1616 3523 1671 verbis
3568 1616 3837 1684 intelligi-
3932 1658 3935 1661 -

2226 1718 2347 1758 mus
2390 1702 2471 1775 (i)
2512 1721 2524 1757 :
2567 1700 2693 1757 Iam
2729 1705 2887 1769 enim,
2919 1702 3123 1773 inquit,
3154 1705 3291 1778 quod
3316 1708 3477 1761 etiam
3505 1707 3575 1760 ad
3601 1718 3836 1763 restrain

2228 1794 2470 1850 notitiam
2506 1794 2795 1866 pervenisse
2824 1810 2929 1851 non
2959 1794 3134 1851 dubio
3154 1839 3169 1865 ,
3199 1795 3338 1851 iura
3380 1794 3608 1852 Orientis
3649 1807 3835 1869 partes

532 1890 628 1944 hoc
655 1886 886 1945 omnium
911 1898 1082 1943 votum
1109 1894 1205 1942 est.
1234 1905 1255 1939 ι
1289 1882 1411 1942 Huc
1436 1900 1606 1956 usque
1626 1884 1965 1940 Vincentius.
1998 1881 2126 1949 Quae
2157 1892 2202 1954 Β
2229 1886 2315 1942 ubi
2343 1889 2566 1959 primum
2595 1889 2750 1957 pestis
2778 1888 2881 1941 ista
2922 1891 3180 1956 surrexit,
3230 1898 3546 1962 congregata
3588 1890 3830 1964 gloriosa

530 1984 750 2054 quidem
779 1984 943 2039 verba
974 1999 1043 2040 ex
1071 1983 1207 2039 actis
1253 1981 1539 2061 @hesinis
1588 1981 1835 2052 epistola
1872 1977 2125 2051 Capreoli

530 2078 888 2135 subdidimus.
914 2077 1051 2133 Cum
1079 2084 1257 2133 autem
1280 2075 1400 2147 ipsa
1439 2074 1668 2146 epistola
1707 2073 1897 2129 Latine
1922 2072 2122 2142 scripta

529 2180 587 2227 et
606 2180 795 2241 postea
807 2170 994 2228 Graece
1010 2168 1242 2238 reddita,
1265 2178 1496 2238 utraque
1520 2168 1699 2236 lingua
1716 2168 1767 2220 in
1783 2165 1978 2222 eodem
1994 2179 2126 2220 con-

536 2261 663 2317 cilio
678 2261 903 2317 recitata
928 2260 1110 2326 fuerit,
1140 2269 1201 2315 ut
1212 2258 1329 2329 ejus
1345 2267 1465 2314 acta
1486 2256 1859 2330 perhibent(d)
1880 2274 1895 2325 ;
1918 2264 2125 2312 utrum-

518 2366 642 2424 que
673 2362 963 2423 propterea
986 2360 1299 2407 contextum
1329 2350 1695 2406 exhibuimus.

601 2443 688 2499 Ill.
719 2443 820 2499 Vix
849 2444 976 2498 dum
1023 2443 1352 2499 celebratum
1402 2449 1519 2496 erat
1565 2438 1854 2497 concilium
1900 2436 2129 2508 Ephesi-

534 2552 684 2605 num,
705 2544 766 2590 ut
787 2534 1021 2601 videtur,
1038 2550 1161 2590 cum
1185 2534 1372 2589 Vitalis
1392 2542 1447 2589 et
1466 2532 1813 2590 Constantius
1833 2546 1930 2587 seu
1950 2531 2130 2601 potius

540 2628 864 2697 l‘onantius,
894 2628 1154 2700 Hispani,
1196 2628 1357 2683 missa
1398 2642 1495 2697 per
1521 2626 1905 2687 Numinianum
1932 2624 2000 2681 ad
2026 2623 2131 2680 Ca-

528 2719 778 2793 preolum
799 2717 1028 2791 epistola
1049 2718 1113 2774 de
1132 2736 1237 2773 una
1260 2716 1451 2774 Christi
1470 2717 1568 2772 Dei
1592 2727 1642 2774 et
1660 2716 1887 2773 hominis
1907 2731 2131 2788 persona

530 2813 777 2869 adversus
802 2810 1126 2880 Nestorium,
1158 2813 1226 2868 ab
1254 2829 1321 2869 eo
1347 2812 1505 2869 euixe
1533 2811 1825 2884 petierunt,
1857 2817 1917 2865 ut
1942 2809 2047 2864 hac
2064 2807 2130 2867 de

529 2896 591 2961 re
622 2907 693 2978 (e)
716 2904 854 2978 quod
880 2914 1076 2960 rectum
1105 2904 1259 2959 habet
1284 2905 1418 2975 ﬁdes
1447 2903 1724 2966 catholica.
1750 2902 2128 2959 edocerentur.

530 2997 732 3054 Eorum
756 2998 1005 3069 petitioni
1024 2998 1206 3053 statim
1228 2998 1416 3054 annuit
1436 2997 1633 3069 praesul
1652 2994 2130 3066 Carthaginiensis,

532 3098 694 3159 atque
741 3089 809 3143 ad
851 3105 947 3145 eos
986 3090 1255 3160 prolixum
1298 3098 1352 3145 et
1398 3090 1769 3146 doctissimum
1811 3088 2139 3158 rescriptum

541 3182 764 3249 direxit,
796 3197 904 3253 quo
932 3197 992 3238 se
1018 3198 1079 3238 re
1108 3197 1236 3237 vera
1255 3182 1525 3237 sublimem
1555 3182 1851 3253 theologum
1876 3179 2137 3253 prodidit,

2226 1979 2424 2050 synodo
2444 1978 2787 2036 sacerdotum.
2812 1979 2892 2031 cui
2913 1981 3070 2032 etiam
3095 1980 3285 2049 legatio
3309 1991 3491 2034 nostra
3512 1998 3605 2035 non
3626 1981 3821 2052 defuit,

2227 2075 2281 2129 in
2308 2072 2552 2128 vestibulo
2581 2089 2697 2127 cum
2724 2089 2816 2128 suo
2847 2081 3054 2127 auctore
3078 2082 3229 2147 atque
3253 2084 3508 2129 assertore
3531 2091 3832 2146 compressa

2228 2175 2279 2220 et
2322 2166 2473 2220 radio
2521 2166 2818 2237 apostolicae
2865 2166 2995 2220 lucis
3040 2168 3298 2221 exstincta
3352 2176 3447 2222 est.
3500 2165 3673 2223 Porro
3719 2184 3837 2238 quo

2228 2264 2474 2328 tempore
2503 2273 2535 2312 e
2565 2256 2702 2312 vivis
2732 2257 3027 2312 excesserit
3065 2266 3249 2312 noster
3277 2257 3518 2329 pontifex
3545 2257 3836 2328 Carthagi-

2231 2350 2435 2405 niensis
2456 2349 2596 2405 haud
2618 2349 2779 2420 plane
2806 2348 2992 2418 liquet.
3020 2347 3273 2404 Fortasse
3295 2349 3457 2419 paulo
3478 2357 3607 2402 ante
3626 2364 3833 2403 annum

2229 2440 2336 2497 £39
2364 2457 2473 2511 quo
2503 2440 2884 2511 Carthaginem
2913 2440 3143 2496 Vandali
3189 2450 3538 2511 occuparunt.
3593 2439 3657 2495 Ei
3706 2458 3832 2497 suc-

2230 2535 2393 2591 cessit
2423 2534 2477 2588 in
2498 2534 2815 2605 episcopatu
2844 2532 3269 2602 Quodvultdeus,
3304 2550 3409 2589 non
3457 2542 3640 2589 autem
3688 2533 3835 2590 Deo-

2230 2628 2462 2698 gratias,
2514 2634 2573 2681 ut
2619 2625 2761 2682 aliud
2810 2640 2974 2695 agens
3017 2625 3235 2696 scripsit
3274 2623 3471 2695 Pagina
3503 2625 3582 2697 (j)
3622 2641 3636 2677 :
3669 2639 3828 2695 quem

2231 2720 2438 2778 scilicet
2455 2717 2643 2775 sedem
2664 2717 3163 2788 Carthaginiensem
3183 2717 3484 2774 obtinuisse
3508 2726 3637 2790 post
3653 2715 3833 2785 Quod-

2230 2813 2529 2880 vultdeum,
2561 2828 2685 2869 cum
2712 2827 2780 2868 ex
2808 2811 3025 2869 Victore
3053 2810 3404 2867 Tunnonensi
3434 2809 3532 2882 (Ir),
3556 2817 3666 2865 tum
3695 2825 3826 2865 vero

2233 2921 2302 2963 ex
2332 2905 2549 2962 Victore
2578 2904 2782 2962 Vitensi
2823 2904 2911 2978 (t)
2942 2910 3173 2961 constat.
3227 2901 3426 2958 Verum
3476 2900 3542 2957 ad
3588 2900 3813 2956 Victoris

2236 3000 2616 3058 Tunnonensis
2663 3000 2841 3056 locum
2887 2997 3032 3071 quod
3086 2999 3313 3063 attinet,
3363 2995 3610 3053 consulas
3656 2993 3823 3049 velim

2237 3092 2580 3149 Ruinartium
2611 3091 2728 3164 (in).
2761 3090 3009 3163 Capreoli
3052 3104 3249 3146 nomen
3291 3105 3415 3145 cum
3464 3087 3635 3143 sancti
3671 3084 3833 3141 titulo

2235 3187 2499 3243 memoria
2539 3226 2553 3240 .
2599 3226 2613 3239 .
2659 3225 2672 3239 .
2717 3224 2731 3238 .
2777 3225 2791 3238 .
2836 3224 2850 3237 .
2894 3183 2999 3238 cat.
3040 3184 3260 3257 Augusti
3284 3182 3547 3238 recolitur
3575 3181 3631 3237 in
3656 3178 3835 3234 veteri

535 3262 595 3327 ut
622 3288 746 3329 eum
790 3271 1028 3344 appellat
1066 3286 1293 3342 magnus
1322 3272 1595 3328 annalium
1637 3271 2129 3327 ecclesiasticarum
2154 3281 2201 3345 ρ
2230 3278 2687 3351 Carthaginiensis
2706 3275 2962 3333 Ecclesia:
2982 3273 3289 3332 calendario
3310 3273 3391 3345 (η)
3411 3288 3427 3327 :
3449 3270 3593 3344 quod
3613 3269 3839 3343 quidem

534 3378 731 3436 parens
758 3361 848 3437 (ι’).
880 3362 1011 3435 Ejus
1037 3366 1177 3420 enim
1211 3380 1340 3420 vero
1376 3363 1655 3437 sapientiae
1683 3362 1969 3421 celebritas
1996 3362 2133 3419 adeo

538 3456 700 3527 longe
740 3457 957 3527 lateque
999 3473 1119 3513 sese
1146 3457 1453 3524 diliuderat,
1484 3465 1542 3512 ut
1569 3457 1636 3511 ab
1662 3456 1847 3513 ultima
1875 3455 2134 3527 Hispania

535 3548 639 3603 viri
652 3549 814 3605 modo
828 3549 1031 3605 laudati
1048 3549 1114 3605 ad
1130 3550 1305 3620 ipsum
1317 3551 1630 3622 scripserint
1644 3550 1700 3606 in
1714 3550 1830 3607 haec
1844 3551 2009 3607 verba
2025 3552 2102 3624 (g)
2118 3568 2133 3606 :

540 3637 687 3694 Illud
713 3657 840 3696 sane
858 3642 1076 3696 multum
1096 3642 1340 3698 desiderii
1364 3645 1529 3698 nostri
1557 3644 1675 3715 fuit,
1700 3643 1924 3699 scribere
1944 3653 2142 3701 sancti:

606 3778 685 3850 (a)
713 3776 878 3850 intra,
910 3794 965 3848 p.
989 3775 1095 3850 §9l
1129 3774 1264 3850 (Col.
1298 3776 1404 3839 845
1428 3778 1524 3850 lin_.
1547 3778 1690 3850 ult.).

602 3847 682 3921 (ι)
712 3847 960 3921 Vincen’t.
985 3847 1153 3921 Lirin.
1185 3865 1456 3906 common.
1488 3848 1523 3902 2
1554 3848 1583 3921 §
1613 3847 1702 3914 3i,
1733 3863 1855 3920 pag.
1882 3847 1983 3904 567
2004 3848 2134 3905 edit.

536 3910 778 3975 bBa'luz.
814 3918 985 3975 Paris.
1022 3918 1180 3975 1684.

610 3992 684 4063 (c)
715 3989 1164 4066 Leghinseratur,
1191 3991 1742 4066 Gr._ip9epéq6_oi._E;_
1762 4001 1896 4049 tom.
1926 3989 2141 4049 111C011-

569 4064 581 4075 .
610 4015 684 4063 te)
715 4015 846 4060 ιρις.
881 4015 1164 4075 ιηδστμιιιτ,
1191 4015 1283 4048 ur.
1320 4015 1629 4120 εμφεὲεσυω.
1659 4015 1737 4047 nx
1764 4015 1773 4047 l

536 4063 795 4136 cil.,_pag.
820 4060 960 4136 ⁵195]
978 4060 1179 4136 ;_mfra,
1204 4079 1259 4135 p.
1284 4062 1381 4117 bili
1414 4066 1432 4136 (
1479 4064 1532 4119 οι
1552 4062 1678 4136 848,
1702 4063 1773 4135 b).

632 4134 686 4205 d)
709 4135 884 4205 Cone.
917 4132 1117 4205 Ephes.
1151 4132 1304 4205 l.'c.,
1338 4132 1458 4204 pag.
1494 4135 1634 4191 1075
1660 4152 1707 4190 c.

631 4201 679 4273 ε)
709 4201 870 4268 Infra,
900 4201 1085 4274 p.192
1108 4204 1244 4274 (Col.
1274 4201 1507 4268 84‘9,_c).

632 4272 695 4344 Ι)
727 4272 926 4326 Βριτοιί.
963 4272 1028 4326 ad
1058 4272 1184 4327 ann.
1218 4273 1529 4399 4261ὲὲ27.

645 4344 710 4399 ai
738 4343 901 4399 lnlra.
931 4358 986 4399 ι).
1019 4341 1125 4395 492
1153 4342 1288 4399 (σοι,
1434 4384 1448 4399 .
1473 4345 1529 4399 di

738 4343 901 4409 lnlra,
931 4358 986 4412 p.
1019 4341 1125 4395 492
1153 4342 1288 4415 (σοι,
1322 4341 1448 4407 887,
1473 4345 1552 4415 d).

611 4418 691 4488 ί-)
721 4413 917 4488 ἱξδῐοη.
939 4413 1020 4488 _ad
1055 4429 1182 4488 alii).
1215 4413 1344 4488 ,
1380 4414 1633 4488 $28-35.

610 4421 691 4557 th)
721 4421 917 4469 Baron.
951 4421 1020 4468 ad
1055 4429 1182 4495 ann.
1215 4421 1344 4497 £51,
1380 4421 1633 4488 §.28-35.

642 4482 694 4558 ἰ)
723 4481 975 4555 Capreol.
1009 4492 1149 4556 epist
1174 4485 1243 4541 ad
1278 4485 1441 4541 Vital.
1466 4496 1524 4543 et
1547 4486 1831 4548 Constant.
1859 4490 1888 4565 ς
1916 4490 1968 4545 1.

2235 3369 2653 3439 observandum,
2695 3369 2772 3425 ait
2804 3367 3055 3424 laudatus
3081 3364 3399 3422 Ruinartias
3424 3364 3532 3436 (o);
3562 3378 3688 3420 cm
3720 3377 3835 3417 non

2238 3478 2426 3520 omnes
2439 3462 2530 3518 alii
2542 3461 2813 3518 antistites
2830 3459 3302 3528 Carthaginienses
3315 3457 3368 3513 in
3390 3458 3497 3514 isto
3514 3452 3843 3513 calendario

2240 3556 2505 3627 designati
2532 3556 2636 3613 hac
2662 3554 2963 3611 sanctitatis
2988 3561 3117 3609 nota
3144 3551 3493 3608 honor-eatur.

2375 3838 2393 3919 ᾗ
2420 3838 2556 3904 Vict.
2588 3846 2722 3903 Tun.
2746 3847 2949 3919 Chron.
2972 3838 3093 3919 pa'g.
3116 3844 3169 3914 2,
3195 3844 3332 3918 apud
3354 3842 3544 3915 Scalig.
3570 3841 3625 3897 in
3644 3838 3836 3899 Thes.

2242 3917 2405 3992 temp.
2434 3921 2564 3992 edit.
2580 3919 2769 3992 “Amst.
2803 3917 2961 3975 1658.

2243 3983 2680 4120 Ιῶ(ι’ξ¹νίὲζὸγὲι.
2706 3990 2840 4048 Hist.
2866 4006 3010 4063 pera.
3039 3987 3266 4046 Vandal.
3291 3988 3386 4045 lib.
3409 4003 3445 4055 ι,
3467 4001 3591 4057 cap.
3614 3983 3667 4052 5,
3690 3984 3752 4052 8,
3780 3992 3854 4042 εδ

2327 4106 2336 4117 .
2374 4080 2429 4125 ιι,
2463 4078 2584 4125 cap.
2609 4078 2663 4115 ο.

2711 4131 2950 4207 δᾲΑΥἰρι.
2966 4131 3074 4207 Vit.
3100 4124 3659 4207 Hist._ngi§ec,Vand,
3686 4133 3850 4199 part,

2242 4206 2305 4271 2,
2325 4200 2334 4207 ’
2352 4200 2472 4273 cap.
2500 4203 2554 4269 8,
2585 4218 2709 4273 pag.
2733 4201 2842 4258 495
2868 4204 2998 4259 edit.
3030 4201 3205 4273 Paris.
3223 4200 3394 4273 11391.

2244 4220 2305 4271 z,
2352 4221 2415 4262 ea
2459 4245 2472 4258 .
2500 4220 2554 4269 δ,
2623 4220 2709 4273 ag.
2733 4220 2842 4258 suo
2868 4220 2998 4259 eun.
3032 4220 3205 4258 raris.
3235 4220 3394 4256 snas.

2244 4220 2691 4401 nggfhbiliim.
2716 4273 2961 4330 Analect.
2989 4288 3117 4344 pag.
3140 4271 3262 4341 161,
3290 4281 3407 4330 not.
3436 4272 3473 4329 (Ι
3501 4270 3631 4329 edit.
3654 4267 3856 4326 Paris.

2317 4418 2393 4489 (ο)
2423 4415 2667 4471 Ruinart.
2703 4415 2740 4471 l.
2767 4431 2814 4472 c.
2840 4430 2961 4489 cap.
2993 4416 3046 4485 3,
3072 4428 3196 4489 pag.
3223 4413 3348 4472 £29.

2351 3776 2568 3847 ')Pagi.
2604 3776 2674 3832 ad
2704 3793 2829 3832 ann.
2863 3774 2987 3842 431,
3025 3775 3053 3850 §
3089 3772 3172 3830 15.

2315 3778 2393 3922 iit)
2420 3848 2556 3922 Vict.
2588 3846 2722 3922 Tun.
2746 3847 2949 3922 Chron.
2972 3862 3093 3919 pag.
3116 3844 3169 3914 2,

547 4637 3821 4669 ww

733 4926 755 4963 _
857 4759 1782 4967 guttae“
1857 4772 3499 4895 CABTEAGINENSIS

1705 4963 2661 5097 EPISTOLAE.

1948 5156 2433 5171 ————-—-—-—-

1856 5230 1884 5260 ι
1909 5220 2245 5280 EPISTOLA
2281 5222 2514 5279 PRIMA.

1794 5331 1864 5373 AD
1922 5332 2201 5375 CONCILIUI

2251 5332 2568 5379 ΕΡΠΕθΠἾυΙο

1297 5406 1380 5465 De
1404 5424 1511 5465 una
1537 5402 1730 5464 Christi
1768 5402 1869 5464 Dei
1904 5418 1953 5464 et
1984 5410 2206 5468 hominis
2234 5427 2458 5483 persona
2497 5408 2742 5466 adversus
2764 5406 3085 5468 Nestorium.

618 5498 663 5564 Ι.
684 5509 709 5547 b
731 5507 1013 5579 Optabam,
1036 5500 1261 5575 piissimi
1282 5501 1501 5570 fratres,
1516 5500 1881 5559 venerandam
1900 5511 2126 5560 vestram

2311 5506 2571 5579 Ηύχὸμην,
2601 5505 2964 5562 ιῦλαϐέστατοι
2994 5502 3213 5578 ἀδιλφοε,
3234 5504 3287 5560 ἓν
3317 5505 3536 5581 τοιαύτῃ
3565 5529 3846 5567 καταθεῖ-κ

550 5602 810 5673 synodum
836 5600 892 5655 in
920 5598 1014 5654 tali
1033 5612 1214 5654 rerum
1241 5605 1387 5653 statu
1407 5604 1787 5668 congregatam
1813 5595 1997 5665 fuisse,
2024 5614 2133 5671 quo

627 5747 648 5769 η
682 5729 1115 5805 Esstatinactis
1141 5730 1354 5786 concilii
1380 5728 1576 5803 Ephes.
1621 5739 1727 5790 act.
1760 5731 1815 5801 1,
1844 5745 1968 5805 pag.
2000 5730 2141 5790 i073

554 5804 681 5858 Cilll.
718 5803 850 5857 Ven.
878 5800 1047 5856 Labb.
1322 5824 1329 5837 -

476 5870 485 5893 ί
628 5874 653 5911 ιι
697 5873 1070 5941 Fragmentum
1111 5886 1180 5926 ex
1208 5870 1309 5928 hac
1349 5873 1575 5941 epistola
1605 5874 1796 5932 recitat
1833 5873 2139 5933 Ferrandm

1955 5988 1975 6001 ολ
1990 5994 1999 5997 Ὗ
2034 5993 2149 6010 και-κη.
2172 5988 2211 6010 κο·

2240 5619 2320 5655 σει
2334 5610 2421 5659 τήν
2439 5603 2793 5673 προσκυνητήν
2810 5599 2953 5671 ὑμῶν
2974 5594 3184 5657 σύνοδον
3203 5599 3605 5674 συγκροπθῆναι
3618 5645 3635 5667 ,
3666 5604 3714 5655 ἶκ
3732 5629 3765 5658 α
3832 5616 3881 5661 ς·

2508 5732 2580 5862 :2
2598 5732 3279 5862 nauseam
3296 5733 3355 5794 εδ
3378 5732 3448 5794 νη
3465 5732 3512 5797 ε
3778 5768 3882 5807 ~~

2244 5807 2275 5876 ς
2305 5806 2359 5874 ϐ,
2391 5808 2483 5864 sed
2514 5822 2580 5865 ex
2605 5807 2712 5866 alia
2734 5806 3056 5865 Latinitate.
