4110 6336
619 372 722 431 847

1770 354 2103 415 CAPREOLI
2144 346 2735 411 CARTHAGINENSIS

3763 339 3847 402 ω

618 510 736 550 rum
765 490 1026 555 inciderit,
1072 485 1126 540 id
1153 478 1470 539 discnssioni
1512 472 1831 551 subjiciatur
1859 476 2115 541 oportet:
2142 476 2202 523 ut

2311 465 2609 541 δοκιμασθῇ,
2631 462 2662 522 ἦ
2682 457 3050 517 καταδικασθέν
3071 455 3253 532 δυνηθῇ
3699 461 3852 512 ταῦτα

620 588 702 643 vel
725 593 870 643 recte
916 581 1118 637 dictum
1165 573 1568 647 comprobetur,
1620 567 1707 623 vel
1747 562 2200 621 condemnatione

617 679 833 749 dignum
859 670 1201 744 explodatur.
1233 668 1301 721 At
1325 679 1454 721 vero
1477 663 1524 720 si
1547 660 1670 733 quis
1694 673 1759 713 ea
1786 672 1905 729 quae
1927 654 2039 725 jam
2068 653 2198 710 olim

616 746 903 839 diiudicata
930 770 1075 829 sunt,
1099 763 1277 817 denuo
1305 759 1361 813 in
1390 750 1806 826 disputationem
1832 747 2014 804 vocari
2032 746 2196 813 sinat;

616 868 660 922 is
685 878 817 921 sane
854 859 1002 918 aliud
1027 857 1158 914 nihil
1205 855 1383 911 facere
1423 847 1761 912 censebitur,
1793 857 1954 915 quam
1980 840 2052 895 de
2097 839 2202 895 ﬁde

614 973 735 1030 quae
762 956 1022 1012 hactenus
1065 950 1266 1015 valuit,
1306 948 1536 1019 ipsemet
1582 940 1846 997 dubitare.
1890 933 2091 991 Deinde
2132 930 2202 987 ad

613 1047 946 1122 posteritatis
973 1043 1300 1114 exemplum,
1332 1046 1391 1094 ut
1419 1052 1482 1093 ea
1509 1049 1632 1107 qua:
1652 1048 1795 1088 nunc
1817 1045 1917 1100 pro
1937 1025 2201 1083 catholica

615 1120 723 1199 ﬁde
769 1140 988 1197 deﬁnita
1043 1145 1184 1201 sunt,
1237 1139 1553 1206 perpetuam
1607 1126 1911 1181 ﬁrmitatem
1958 1120 2203 1177 obtinere

615 1234 859 1299 valeant;
904 1236 1121 1302 oportet
1167 1242 1231 1281 ea
1278 1224 1458 1279 omnia
1506 1222 1823 1276 inconcussa
1870 1214 2203 1280 immotaque

614 1340 969 1388 conservare,
1001 1337 1121 1394 qua:
1150 1316 1515 1389 superioribus
1544 1309 1878 1383 temporibus
1925 1323 1955 1361 a
2000 1302 2203 1361 sanctis

615 1418 867 1474 Patribus
895 1415 1187 1470 constituta
1234 1416 1375 1465 sunt.
1418 1406 1551 1462 Nam
1579 1405 1671 1476 qui
1712 1403 1855 1457 illam
1886 1405 2202 1471 perpetuam

616 1509 967 1567 stabilitatem
1005 1504 1235 1560 retinere
1265 1499 1496 1556 voluerit
1526 1512 1646 1567 quae
1674 1494 1742 1551 de
1770 1491 2051 1550 catholica:
2077 1486 2202 1543 ﬁdei

617 1602 829 1658 ratione
857 1595 1123 1664 statuerit,
1146 1594 1190 1649 is
1210 1607 1317 1649 non
1343 1590 1563 1663 propria
1588 1587 1927 1644 auctoritate.
1949 1581 2042 1638 sed
2064 1580 2204 1636 anti-

596 1709 848 1766 quorum
866 1691 1085 1746 Patrum
1101 1687 1302 1759 judicio
1325 1684 1646 1741 sententiam
1674 1695 1826 1737 suam
1847 1676 2204 1733 corroborare

618 1787 813 1844 debet:
838 1786 914 1840 ita
942 1781 999 1837 ut
1028 1797 1091 1837 ea
1118 1779 1329 1835 ratione
1355 1777 1553 1848 partim
1578 1782 1820 1828 veterum
1840 1813 1857 1839 ,
1884 1769 2082 1840 partim
2110 1781 2199 1821 re-

2303 557 2357 614 δέ
2385 560 2506 635 περὶ
2531 554 2598 611 ὧν
2624 553 2720 615 ἤδη
2748 553 2903 612 mihi
2934 550 3121 626 έκρίθη,
3153 550 3236 606 ἱάν
3262 568 3343 609 τις
3367 547 3527 623 in”?
3552 548 3622 608 είς
3647 544 3850 623 δευτέρα

2300 652 2513 718 διάλεξιν
2531 651 2779 710 κληθῆναι.
2806 644 2949 703 οὐδέν
2966 645 3139 719 ἕτερον
3165 641 3317 708 δόξει.
3341 640 3372 701 ἦ
3392 645 3615 715 περὶτῆς
3641 646 3848 706 πίστεως,

2301 750 2335 806 ἦ
2359 767 2438 807 τις
2465 747 2629 820 μέχρι
2656 742 2805 819 δεῦρο
2833 740 3109 811 κατέσχεν,
3136 737 3292 797 αὐτὸς
3313 734 3643 808 ἀμφιϐάλλειν.
3673 729 3854 790 "Eum:

2301 839 2386 896 διὰ
2410 840 2469 895 τὸ
2496 845 2597 895 τῶν
2624 836 3065 910 μεταγενεστέρων
3107 828 3410 903 ὑπόδειγμω
3439 829 3526 884 ἵνα
3565 833 3724 884 ταῦτα
3748 825 3855 897 ἅπερ

2301 939 2386 988 νῦν
2410 933 2543 1009 ὑπὲρ
2570 938 2666 992 τῆς
2695 928 2953 988 καθολικῆς
2994 928 3223 985 πίστεως
3251 925 3467 999 ὥρισται
3487 961 3503 987 ,
3532 918 3564 975 ἴ
3566 940 3675 992 χειν
3701 917 3854 994 δυνηθῇ

2284 1025 2495 1087 νδιηνεκῆ
2525 1023 2799 1096 βεϐαίωσιν
2816 1061 2829 1085 ,
2859 1024 3030 1076 ταῦτα
3057 1015 3190 1093 ἅπερ
3226 1011 3323 1074 ἤδη
3366 1014 3478 1067 έστί
3503 1012 3644 1088 παρὰ
3669 1018 3757 1065 τῶν
3768 1031 3855 1064 κπα-

2301 1114 2460 1194 τέρων
2483 1116 2768 1192 ὁρισθέντα.
2789 1112 3046 1187 φυλακτέα
3066 1106 3226 1165 ἐστίν.
3249 1104 3454 1164 Ἐπειδή
3473 1103 3614 1163 ὅστις
3634 1102 3852 1174 βούλεται,

2303 1210 2438 1286 ἅπερ
2465 1210 2596 1286 ὑπὲρ
2620 1215 2712 1268 τῆς
2740 1205 2999 1264 καθολικῆς
3022 1198 3401 1257 καταστάσεως
3428 1197 3704 1252 ἐθέσπισεν.
3733 1192 3854 1252 εςτὸ

2313 1300 2535 1361 διηνεκές
2581 1300 2744 1370 μένειν
2764 1339 2779 1362 ,
2810 1298 2867 1351 οὐ
2905 1303 2969 1370 τῇ
3012 1291 3118 1368 ἰδίᾳ
3146 1291 3406 1364 αὑθεντίᾳ,
3436 1285 3563 1341 ἀλλά
3589 1287 3668 1339 καί
3688 1292 3744 1358 τῇ
3776 1288 3854 1338 τῶι

2306 1394 2661 1473 ἀρχαιοτέρων
2868 1387 3061 1463 ὀφείλει
3077 1383 3418 1457 βεϐαιωθῆναι
3458 1376 3582 1453 ὅπερ
3608 1376 3852 1449 έφρὸνησεν·

2304 1487 2440 1541 ὥστε
2471 1483 2635 1543 οὕτως
2661 1488 2812 1538 τοῦτο
2839 1482 2930 1552 μέν
2968 1477 3071 1533 ἀπὸ
3116 1482 3218 1531 τῶν
3246 1470 3633 1549 ἀρχαιοτέρων.
3657 1472 3789 1521 τοῦτο
3810 1462 3855 1519 δέ

2303 1589 2391 1641 καί
2414 1585 2796 1659 ἀπὸννεωτέρων
2822 1577 2973 1657 ὅρων,
2998 1577 3127 1653 ὅπερ
3160 1573 3576 1631 διαϐεϐαιοῦται
3599 1567 3853 1638 ἱοκιμάζων,

2303 1686 2540 1752 μονογενῆ
2571 1684 2661 1738 τῆς
2692 1674 2956 1733 καθολικῆς
2988 1669 3252 1727 έκκλησέας
3280 1669 3372 1724 τήν
3396 1663 3643 1720 ἀλήθειαν.
3669 1661 3756 1715 ἀπὸ
3775 1663 3854 1712 τῶν

2305 1770 2700 1841 παρῳχημένων
2724 1771 2910 1842 καιρῶν
2935 1764 3102 1837 μέχρι
3120 1766 3221 1814 τῶν
3240 1756 3519 1831 παρὰντων
3539 1752 3641 1811 ἦτοι
3660 1757 3745 1807 ris
3762 1752 3855 1820 intr

617 1878 919 1936 centiorum
946 1872 1179 1929 decretis
1217 1878 1275 1926 et
1301 1867 1583 1925 sententiis
1610 1863 1805 1937 placita
1830 1878 1927 1918 sua
1954 1873 2205 1930 compro-

2311 1867 2488 1939 τέρων.
2521 1863 2656 1938 ἁπλῇ
2684 1857 3007 1937 καθαρότητι,
3038 1857 3128 1909 καί
3153 1854 3392 1921 ἀηττήτῳ
3664 1846 3850 1919 τρέχον-

616 1973 749 2028 bans
768 2013 784 2041 ,
826 1969 1039 2025 unicam
1070 1963 1322 2021 Ecclesia:
1349 1961 1631 2017 veritatem
1654 1955 1769 2027 jam
1795 1955 1920 2010 inde
1957 1953 2024 2008 ab
2054 1951 2206 2007 initio

616 2067 683 2122 ad
706 2078 943 2136 praesens
963 2075 1133 2130 usque
1154 2067 1365 2128 tempus
1388 2052 1614 2124 simplici
1643 2051 1876 2123 puritate
1905 2048 2209 2116 invictaque

617 2156 917 2215 constantia
957 2162 1013 2209 et
1055 2150 1377 2207 auctoritate
1415 2146 1821 2207 decurrentem,
1852 2156 1911 2197 se
1938 2152 2204 2205 asserere,

617 2251 815 2306 docere
841 2256 898 2303 et
925 2257 1113 2301 tenere
1138 2240 1408 2298 ostendat.
1439 2237 1567 2293 Haec
1586 2252 1685 2309 pro
1714 2233 1966 2307 praesenti
1994 2230 2207 2286 Africa-

620 2357 814 2397 norum
838 2351 860 2377 α
895 2338 1183 2408 legatione,
1214 2348 1377 2405 quam
1408 2331 1697 2387 necessitas
1725 2327 1972 2399 superius
1999 2338 2207 2380 memo-

620 2444 734 2489 rata
764 2430 1073 2502 impedivit,
1105 2424 1500 2483 venerabilibus
1528 2422 1722 2479 vestris
1764 2420 1984 2477 auribus
2010 2430 2206 2487 sugge-

621 2541 740 2582 rere
768 2524 944 2589 volui;
994 2520 1194 2576 obnixe
1235 2517 1452 2574 interim
1478 2529 1696 2585 rogans,
1728 2522 1788 2569 ut
1813 2510 2210 2569 calamitatibus

622 2635 804 2676 rerum
831 2614 1284 2689 praesentiumque
1312 2619 1615 2683 temporum
1646 2608 1934 2680 spectatis,
1966 2612 2210 2661 nostram

621 2711 927 2768 absentiam
962 2724 1072 2765 non
1099 2704 1366 2776 superbius
1394 2710 1488 2759 aut
1528 2699 1884 2771 negligentiae,
1915 2695 2012 2754 sed
2036 2695 2210 2751 mani-

621 2804 773 2861 festae
800 2803 925 2858 huic
962 2798 1274 2856 necessitati
1304 2784 1578 2853 ascribere
1614 2792 1811 2849 velitis.
2208 2857 2214 2863 ‘

692 2897 923 2971 Cyrillus
951 2894 1204 2951 Ecclesiae
1231 2888 1609 2948 Alexandrina:
1637 2888 1923 2960 episcopus
1946 2884 2118 2941 dixit:
2141 2881 2211 2939 Et

621 2994 738 3048 haec
774 2986 1204 3046 reverendissimi
1246 2984 1576 3057 piissimique
1604 2980 1943 3051 Carthaginis
1968 2976 2211 3050 episcopi

626 3086 872 3158 Capreoli
900 3098 1020 3154 qum
1046 3083 1184 3137 lecta
1213 3088 1296 3135 est
1322 3078 1547 3150 epistola
1567 3116 1582 3142 ,
1620 3092 1744 3133 cum
1771 3074 2057 3131 dilucidam
2086 3087 2209 3128 sen-

625 3176 851 3234 tentiam
891 3175 946 3231 in
992 3189 1052 3229 se
1097 3172 1390 3235 contineat,
1437 3168 1558 3225 ﬁdei
1602 3176 1875 3237 gestorum
1917 3167 2206 3222 inseratur.

2312 1979 2426 2013 σαν.
2444 1956 2626 2012 έαυτὸν
2653 1957 2739 2009 καί
2756 1952 2938 2023 λέγειν,
2961 1950 3049 2003 καί
3068 1944 3305 2009 διδάξειν,
3332 1943 3418 1995 καί
3449 1939 3685 2007 κατέχειν.
3707 1940 3845 1989 ταῦτα

2309 2050 2435 2110 τέως
2481 2049 2615 2123 ὑπέρ
2658 2053 2750 2105 τῆς
2796 2042 3065 2116 παρούσης
3110 2034 3389 2111 πρεσϐείας
3432 2039 3537 2091 τῆς
3563 2024 3843 2103 ’Δφριιῆς.ἦν

2309 2164 2420 2198 τινα
2462 2136 2797 2209 καταπέμψαι
2834 2137 2865 2193 ἠ
3129 2131 3161 2187 ἦ
3191 2127 3550 2203 προριήθεῖσα
3579 2123 3629 2176 οὐ
3659 2118 3850 2189 mle-

2311 2255 2460 2309 ρησε,
2490 2240 2608 2293 ταῖς
2629 2232 3012 2305 προσκυνηταῐς
3034 2223 3176 2296 ὑμῶν
3197 2222 3384 2278 ἀκοαῖς
3398 2212 3853 2277 ὑπέϐαλον,πλιῑστα

2285 2325 2642 2400 ἰπαρακαλῶν,
2672 2304 2754 2377 ἵνα
2793 2320 3137 2395 θεωρηθεισῶν
3165 2319 3267 2368 τῶν
3297 2312 3348 2365 έν
3377 2317 3498 2369 τοῖς
3534 2307 3764 2385 πράγμασι
3788 2304 3850 2355 καί

2311 2393 2642 2494 τοῖ’ςααιροῖς
2669 2393 2966 2488 συμφορῶν,
2994 2420 3085 2467 τήν
3106 2406 3356 2479 ἡμετέραν
3387 2402 3644 2456 ἀπουσίαν

2312 2485 2638 2590 ὑπερηφανίᾳ
2660 2508 2692 2569 ἢ
2722 2485 2962 2581 ἀμελείᾳ.
2991 2503 3116 2558 ἀλλά
3142 2501 3308 2570 ταύτῃ
3335 2504 3399 2571 τῇ
3445 2491 3672 2570 προδήλῳ
3702 2485 3849 2561 ἀνάγκῃ

2312 2608 2499 2682 μᾶλλον
2526 2602 2830 2676 λογίσασθαι
2858 2598 3228 2663 καταξιῶσητε.

2387 2888 2614 2968 Rupilio;
2658 2885 2937 2941 έπίσκοπος
2978 2874 3350 2949 Ἀλεξανδρείας
3403 2866 3553 2926 εἷπε·
3587 2870 3660 2924 Καὶ
3690 2866 3714 2923 ἡ
3747 2863 3840 2915 ἀνα·

2314 2985 2600 3060 γνωσθεῖσα
2630 2977 2871 3037 ἐπιστολὴ
2892 2980 2980 3030 τοῦ
3013 2970 3395 3027 εὖλαϐεστὰτου
3418 2969 3516 3020 καί
3539 2956 3832 3033 Omninka

2314 3074 2598 3135 ἐπισκόπου
2649 3080 2741 3133 τῆς
2789 3068 3101 3149 imper/iu;
3162 3060 3492 3137 καπραιόλου
3536 3051 3843 3130 incipiebat?

2313 3177 2485 3229 πίστει
2536 3175 2634 3224 τῶν
2690 3162 3099 3236 ὑπομνημάτων.
3147 3158 3363 3233 φανεράν
3408 3150 3622 3223 ἔχουσα
3661 3144 3849 3200 διάνοιαν.

627 3268 752 3324 Vult
791 3268 935 3323 enim
981 3265 1199 3335 antiqua
1247 3261 1369 3317 ﬁdei
1415 3260 1667 3330 dogmata
1713 3258 2038 3324 conﬁrmari,
2070 3272 2208 3314 nova

2316 3265 2548 3319 Βούλεται
2574 3261 2672 3333 γὰρ
2691 3303 2703 3324 ,
2731 3259 2798 3311 τὰ
2828 3257 2917 3327 μέν
2957 3257 3161 3328 ἀρχαῖα
3201 3246 3538 3320 κρατύνεσθαι
3560 3247 3642 3299 τῆς
3676 3239 3857 3292 πίστεως

626 3380 753 3420 vero
780 3370 837 3419 et
859 3359 1089 3418 absurde
1118 3356 1424 3428 excogitata
1465 3362 1521 3410 et
1541 3354 1705 3425 impie
1727 3350 1999 3423 divulgata
2020 3366 2210 3423 repro-

625 3458 740 3513 bari
769 3473 834 3514 ac
860 3454 1142 3528 proscribi.

698 3548 894 3607 Omnes
915 3547 1151 3620 episcopi
1171 3546 1330 3603 simul
1359 3544 1796 3601 exclamaverunt
1820 3560 1832 3596 :
1856 3541 1951 3597 Hae
1970 3541 2213 3598 omnium

627 3659 787 3700 voces
830 3662 841 3697 :
894 3643 1009 3698 haec
1059 3656 1247 3696 omnes
1300 3637 1633 3695 asserimus:
1679 3636 1784 3692 hoc
1838 3636 2077 3691 omnium
2133 3643 2217 3691 est

628 3744 830 3794 votum.

1271 3820 1605 3881 EPISTOLA

626 3961 903 4003 δειινοιιυιι
944 3959 1032 3999 DEI
1073 3957 1281 3998 VITALIS
1340 3956 1410 3995 ετ
1466 3953 1774 3995 CONSTANTII
1821 3954 2096 3996 SPANORUM
2147 3958 2216 3999 AD

694 4035 740 4074 S.
773 4029 1087 4073 CAPREOLUI
1125 4027 1415 4069 EPISCOPUI
1444 4025 1711 4067 ECCLESIE
1742 4026 2054 4067 CATHOLIC£
2087 4028 2217 4069 ωι-

695 4103 953 4146 'l'llAGlNIS.

695 4202 925 4257 Domino
961 4207 1020 4256 et
1042 4197 1335 4254 venerabili
1363 4205 1420 4252 et
1449 4196 1761 4253 beatissimo
1796 4196 1847 4252 in
1877 4196 2094 4254 Christo
2130 4195 2213 4253 fa-

624 4292 771 4349 mulo
818 4291 935 4355 Dei,
973 4289 1194 4344 domino
1227 4298 1416 4346 nostro
1445 4287 1738 4360 Capreolo,
1768 4288 1957 4346 Vitalis
1988 4298 2044 4346 et
2069 4288 2216 4349 Con-

624 4385 854 4440 stantius
883 4390 1223 4454 peccatores.

696 4476 827 4545 Quae
846 4474 1017 4546 prima
1039 4483 1166 4529 vota
1188 4482 1312 4528 sunt
1339 4472 1657 4530 humilitatis
1686 4483 1901 4541 nostra}.
1923 4476 2213 4547 plurimum

619 4572 917 4631 salutamus
930 4575 1174 4626 sanctam
1189 4566 1590 4639 perfectamque
1617 4577 1672 4624 et
1698 4570 2062 4626 venerabilem
2085 4571 2211 4626 bea-

2314 3355 2665 3431 δὸίματα.τὰ
2693 3351 2746 3409 δέ
2772 3353 2950 3425 νεαρὰ,
2982 3350 3067 3403 καί
3088 3344 3295 3404 ἀτόπως
3324 3338 3643 3411 ἐξευρημένα,
3667 3335 3739 3388 καί
3763 3332 3859 3383 ἆσέ·

2316 3455 2418 3515 ϐῶς
2446 3451 2700 3530 εἰρημένα,
2731 3442 3195 3513 ἀποδοκιμαζεσθαι
3219 3440 3309 3492 καί
3332 3432 3681 3490 έκϐρλλεσθαι.

2388 3546 2574 3606 Πάντες
2619 3542 2665 3597 οἱ
2710 3528 2976 3595 ἐπίσκοποι
3014 3536 3370 3603 ἀνεφώνησαγ
3410 3523 3561 3582 αὗται
3601 3524 3783 3578 πάντων
3817 3516 3861 3571 αἱ

2323 3639 2508 3713 φωναί“
2540 3641 2712 3692 ταῦτα
2737 3633 2927 3691 πάντες
2952 3629 3161 3702 λέγομεν
3179 3640 3193 3652 ·
3228 3624 3359 3680 αἷτη
3387 3623 3578 3677 πάντων
3602 3617 3633 3674 ὁ
3666 3616 3803 3683 εὐχή.

2316 3827 2477 3883 etiam
2509 3819 2839 3880 consulimus
2863 3810 3327 3872 honoriﬁcentiam
3354 3814 3512 3868 tuam,
3551 3805 3610 3853 ut
3631 3794 3696 3851 de
3726 3791 3863 3847 bono

2314 3921 2569 3976 thesauro
2597 3910 2776 3969 cordis
2811 3907 2887 3964 tui
2915 3904 3113 3962 nostris
3139 3899 3431 3959 visceribus
3454 3889 3649 3965 irrigari
3671 3887 3867 3958 iubeas,

2321 4025 2444 4082 quae
2486 4005 2617 4061 ﬁdes
2646 3999 2913 4057 catholica
2945 4004 3092 4053 recta
3133 4000 3334 4050 teneat.
3362 3989 3494 4058 Quia
3520 3990 3639 4041 sunt
3660 3978 3746 4035 hic
3768 3974 3878 4047 qui-

2321 4067 2447 4157 dam
2487 4096 2580 4169 qui
2608 4093 2794 4149 dicunt
2822 4106 2929 4146 non
2970 4086 3167 4143 debere
3204 4083 3308 4139 dici
3338 4079 3507 4135 Deum
3534 4067 3881 4169 natum-Nam

2321 4201 2378 4250 et
2404 4158 2525 4247 haec
2540 4195 2623 4244 est
2642 4184 2774 4241 ﬁdes
2795 4196 3003 4244 eorum,
3029 4176 3299 4232 hominem
3327 4184 3519 4244 purum
3543 4173 3715 4222 natum
3739 4158 3883 4215 fuisse

2323 4287 2390 4344 de
2419 4283 2583 4340 Maria
2612 4279 2837 4351 virgine,
2880 4282 2936 4332 et
2962 4280 3086 4345 post
3114 4271 3230 4327 haec
3258 4268 3427 4323 Deum
3450 4262 3713 4351 habitasse
3737 4255 3787 4351 in

2323 4378 2563 4448 Quorum
2584 4387 2684 4429 nos
2710 4367 2939 4426 humiles
2958 4363 3109 4437 pueri
3135 4360 3213 4416 tui
3235 4357 3532 4414 tesistimus
3551 4339 3882 4407 aﬁlnnationia

2320 4445 2425 4529 non
2466 4470 2539 4525 ita
2570 4466 2770 4522 debere
2811 4460 2918 4517 dici
2942 4479 2957 4513 :
2986 4457 3081 4514 sed
3118 4452 3461 4512 conﬁtemur,
3490 4456 3552 4504 ut
3579 4445 3655 4499 ait
3679 4448 3885 4505 evangec

2315 4565 2457 4628 lista,
2508 4556 2861 4615 annuntiante
2908 4550 3098 4622 angelo
3126 4544 3379 4603 Gabriele
3427 4540 3611 4596 Marias
3655 4534 3885 4591 dicente:

619 4666 904 4723 ῑίῑιιιῖίηεω
930 4672 1076 4719 tllam
1096 4703 1113 4729 ε
1142 4670 1198 4718 et
1226 4676 1416 4717 sanum
1453 4669 1616 4733 atque
1644 4662 1969 4719 incolumem
1998 4676 2216 4731 semper
2244 4649 2292 4710 D
2318 4626 2547 4728 Spiritus
2577 4659 2788 4708 sanctus
2816 4647 2978 4702 veniet
3016 4646 3072 4698 in
3101 4651 3167 4709 te,
3195 4647 3246 4695 et
3272 4641 3432 4693 virtus
3461 4630 3715 4689 Altissim'
3739 4626 3891 4681 obm-

619 4757 732 4813 Deo
770 4756 1006 4827 propitio
1046 4754 1234 4810 audire
1260 4753 1631 4810 desideramus
1660 4772 1674 4809 :
1705 4756 1830 4826 quia
1861 4755 1966 4810 etsi
2008 4755 2060 4808 in
2092 4754 2215 4808 lon-

614 4849 819 4919 ginquo
838 4847 998 4919 positi
1025 4861 1211 4903 sumus
1233 4860 1267 4901 a
1293 4854 1481 4902 sancto
1509 4847 1817 4918 apostolatn
1848 4856 2047 4912 vestro,
2080 4845 2218 4900 mari

620 4939 962 5006 tetminante,
992 4938 1088 4995 sed
1110 4939 1164 4994 in
1198 4939 1481 5009 praesentia
1510 4939 1674 4996 vestri
1694 4955 1885 4997 sumus
1913 4955 2130 5011 semper
2161 4939 2216 4993 in

617 5029 953 5088 orationibus
998 5030 1297 5085 sanctitatis
1339 5038 1553 5097 vestrae,
1604 5031 1824 5088 domine
1869 5030 2048 5088 Pater.
2078 5030 2216 5087 Illud

615 5141 747 5182 sane
772 5124 1003 5181 multum
1043 5121 1296 5178 desiderii
1339 5125 1509 5179 nostri
1554 5122 1679 5192 fuit,
1727 5127 1970 5183 scribere
2015 5133 2215 5181 sancta:

615 5215 1042 5279 honoriﬁcentia:
1067 5222 1176 5269 tute
1203 5227 1301 5284 per
1326 5212 1690 5274 dulcissimum
1721 5217 1941 5274 fratrem
1966 5226 2210 5272 nostrum

615 5307 1011 5364 Numinianum.
1055 5305 1279 5376 Reperit
1314 5306 1459 5362 enim
1503 5308 1738 5377 parvitas
1763 5319 1953 5366 nostra
1972 5308 2211 5379 ,ρι’ωοθί-

611 5401 815 5458 lentem
859 5399 1058 5456 famam
1103 5411 1159 5457 et
1203 5399 1506 5457 doctrinam
1554 5409 1658 5457 tua:
1708 5403 2016 5459 sanctitatis
2061 5420 2075 5457 :
2115 5418 2216 5474 per

612 5510 770 5564 quam
801 5502 858 5550 et
897 5495 1183 5551 scribimus
1220 5494 1539 5551 beatitudini
1569 5503 1703 5563 tum,
1737 5505 1796 5551 ut
1839 5498 1919 5552 ait
1962 5496 2210 5554 Psalmo-

612 5586 882 5657 graphus:
916 5585 985 5641 In
1008 5598 1212 5642 omnem
1242 5595 1430 5643 terram
1457 5589 1614 5643 exivit
1641 5605 1800 5645 sonus
1836 5605 2016 5643 eorum
2035 5631 2052 5656 ,
2077 5598 2128 5643 et
2152 5589 2211 5642 in

612 5677 745 5744 lines
766 5679 907 5734 orbis
936 5690 1083 5736 terra:
1123 5672 1297 5735 verbal
1327 5698 1506 5737 eorum
1529 5681 1708 5752 (Psal.
1751 5698 1909 5747 xvm,
1958 5678 2046 5750 5).
2075 5680 2211 5737 Illud

687 5791 984 5877 “‘ﬂtﬂninit
1002 5793 1161 5877 huius
1178 5794 1460 5877 legationis
1483 5796 1943 5877 idem_Cap_reolns
1963 5796 2018 5850 in
2039 5798 2198 5877 epist.

614 5861 681 5919 ad
710 5861 940 5918 Vitalem
966 5871 1021 5919 et
1048 5861 1399 5933 Tonantium,
1428 5882 1590 5938 quam
1618 5861 1852 5927 Jacobus
1879 5861 2206 5928 Sirmondus

2319 4747 2487 4805 brabit
2510 4748 2601 4801 tibi
2625 4762 2642 4799 :
2664 4743 2879 4814 ideoque
2898 4736 3036 4812 quod
3064 4744 3310 4791 nascetur
3328 4747 3396 4787 ex
3413 4737 3465 4784 te
3484 4734 3744 4787 sanctum,
3764 4729 3892 4773 νοσα-

2321 4842 2459 4897 bitur
2488 4837 2662 4894 Filius
2691 4834 2791 4888 Dei
2815 4836 2832 4905 (
2855 4833 2979 4885 Luc.
3004 4846 3049 4896 ι,
3079 4825 3196 4898 55).

2391 4933 2457 4989 ll.
2487 4902 2831 4987 Conﬁtentur
2847 4926 3027 4995 itaque
3066 4920 3236 4977 Deum
3278 4918 3440 4971 fuisse
3467 4916 3521 4970 in
3553 4920 3714 4970 utero
3739 4902 3894 4963 lari!

2321 5028 2558 5100 virginis,
2573 5021 2925 5093 assumpsisse
2941 5017 3177 5087 aliquam
3190 5019 3422 5085 partem,
3442 5007 3737 5063 fabricasse
3750 5001 3895 5055 Deum

2322 5093 2432 5178 sibi
2448 5118 2740 5180 hominem,
2765 5119 2949 5168 natum
2972 5107 3135 5163 fuisse
3162 5105 3330 5160 Deum
3351 5115 3542 5171 verum
3565 5105 3625 5153 et
3649 5093 3897 5152 hominem

2313 5229 2505 5270 verum
2527 5224 2689 5281 quem
2712 5202 3003 5274 assumpsit
3024 5216 3125 5271 pro
3153 5197 3329 5254 salute
3351 5191 3571 5263 generis
3592 5184 3828 5250 humani,
3852 5186 3902 5236 ut

2315 5310 2392 5366 ait
2419 5276 2745 5379 Apostolus:
2778 5299 2905 5357 Cum
2953 5298 3090 5354 venit
3129 5292 3399 5367 plenitudo
3447 5287 3739 5360 temporis,
3783 5276 3902 5336 uti!“

2320 5404 2459 5459 Deus
2483 5400 2678 5456 Filium
2702 5414 2851 5454 suum
2881 5398 3081 5469 factum
3105 5408 3169 5447 ex
3197 5389 3432 5453 muliere,
3457 5388 3661 5459 factum
3682 5380 3774 5439 sub
3791 5379 3901 5469 legt.

2320 5506 2377 5552 ut
2403 5513 2491 5553 eos
2517 5496 2601 5566 qui
2626 5490 2719 5549 sub
2748 5494 2859 5564 lege
2884 5468 3034 5543 erant
3063 5484 3336 5539 redimeret
3357 5477 3501 5551 (Gal.
3523 5494 3601 5543 ιν,
3626 5475 3708 5547 4).
3736 5470 3801 5526 Et
3823 5468 3903 5566 iter

2320 5606 2443 5646 rum
2472 5607 2483 5642 :
2518 5560 2632 5643 Hoc
2659 5560 2830 5639 autem
2858 5580 3043 5636 sentite
3067 5579 3122 5632 in
3150 5575 3317 5639 vobis,
3355 5571 3492 5645 quod
3518 5579 3576 5624 et
3619 5570 3681 5624 in
3724 5560 3906 5620 Christo

2321 5681 2447 5738 Jesu
2471 5698 2487 5736 :
2519 5681 2603 5752 qui
2644 5694 2759 5732 cum
2786 5677 2841 5731 in
2871 5675 3040 5746 farina
3065 5669 3161 5724 Dei
3182 5674 3336 5730 esset,
3366 5682 3471 5719 non
3500 5661 3758 5733 rapinam
3783 5649 3905 5708 arbi-

2319 5797 2486 5852 erlidit
2528 5812 2594 5852 ex
2641 5811 2741 5849 ms.
2774 5792 2980 5854 codice,
3013 5788 3104 5860 qui
3163 5801 3303 5841 nunc
3350 5792 3433 5839 est
3485 5783 3540 5836 in
3601 5773 3909 5835 bibliotheca

2318 5866 2577 5924 Ecclesia:
2617 5864 2954 5921 Parisiensis.
