4110 6336
306 330 414 388 N9

1700 327 2029 385 EPISTOLA
2048 330 2151 405 cu,

3481 349 3586 406 850

307 457 474 505 tratus
501 455 577 502 est
603 463 713 502 esse
751 449 963 520 (aqualis
992 446 1138 503 Deo:
1167 448 1258 503 sed
1285 451 1610 519 semetipsum
1644 438 1885 502 exinani-
1913 449 1959 507 Δ
1985 462 2086 503 vos
2113 463 2331 520 quoque
2357 453 2496 509 velle
2529 456 2747 513 zizanite
2771 474 2881 515 sum
2910 460 3115 517 semina
3146 464 3200 518 in
3232 466 3256 502 ιι
3286 466 3583 536 peritorum

306 540 378 597 sit
402 542 625 611 formam
646 540 781 594 serui
809 541 1090 612 accipiens,
1113 544 1167 594 in
1204 541 1592 595 similitudinem
1627 540 1888 595 hominum

304 634 500 706 faena,
525 644 573 686 et
596 632 768 686 habitu
797 635 1029 688 inventus
1056 642 1112 687 ut
1154 633 1324 689 homo.
1360 633 1665 687 Humiliauit
1703 624 1890 687 se'met-

298 727 474 799 ipsum
496 728 661 799 factus
683 724 922 780 obediens
943 742 1104 799 usque
1125 726 1195 780 ad
1220 736 1456 792 mortem,
1478 736 1693 781 mortem
1718 733 1888 778 autem

298 817 469 872 crucis
492 815 711 889 (Philip.
754 832 820 880 11',
863 814 1006 888 5-8).
1041 816 1107 871 Et
1136 818 1329 873 iterum
1359 835 1372 871 :
1405 817 1667 872 Mediator
1716 818 1811 872 Dei
1839 826 1890 874 et

298 908 584 975 hominum,
629 910 780 965 homo
806 907 1042 964 Christus
1080 909 1234 964 Iesus
1263 907 1326 980 (Ι
1365 909 1499 965 Tim.
1540 924 1611 976 ιι,
1639 907 1717 978 5).
1749 908 1888 977 Quia

298 1000 568 1057 mediator
610 1016 711 1058 nec
751 1001 862 1071 jam
905 1000 1046 1058 Deus
1094 1010 1299 1058 tantum
1346 1016 1480 1073 pure
1523 1003 1642 1057 sine
1668 1001 1890 1057 homine

295 1106 458 1165 quem
480 1096 767 1165 assumpsit
793 1094 898 1149 dici
927 1104 1124 1165 potest,
1147 1110 1248 1151 nec
1267 1096 1430 1150 homo
1449 1094 1564 1149 sine
1587 1094 1700 1150 Deo
1723 1112 1737 1148 :
1762 1094 1887 1164 quia

302 1185 509 1257 duplex
537 1187 590 1241 in
620 1203 726 1242 una
768 1203 997 1258 persona
1028 1189 1342 1244 mediatoris
1368 1188 1714 1257 signiticatio,
1749 1187 1888 1245 Deus

294 1287 355 1334 et
374 1277 539 1336 homo
563 1297 577 1333 :
609 1280 736 1335 dum
766 1278 907 1336 Deus
934 1281 1003 1335 de
1033 1281 1142 1336 Deo
1168 1281 1330 1345 Deus,
1360 1289 1416 1336 et
1441 1282 1735 1337 secundum
1763 1296 1885 1337 car-

292 1388 419 1429 nem
466 1373 608 1430 idem
657 1375 772 1446 ipse
820 1373 959 1432 illius
1004 1375 1255 1431 hominis.
1305 1374 1432 1431 Ideo
1459 1390 1620 1431 verus
1650 1374 1791 1431 Deus
1831 1382 1889 1430 et

292 1466 461 1523 homo
488 1482 649 1523 verus
671 1476 756 1523 est
794 1467 881 1524 hic
920 1469 1203 1534 mediator,
1235 1468 1374 1524 sicut
1397 1468 1465 1523 de
1505 1467 1677 1523 forma
1708 1467 1801 1522 Dei
1831 1475 1889 1521 et

294 1559 469 1615 forma
499 1560 755 1616 hominis.
806 1559 939 1615 Nam
970 1569 1027 1616 et
1054 1561 1106 1616 iu
1136 1561 1403 1632 principio
1432 1559 1790 1616 inchoationis
1818 1558 1885 1613 ad

292 1652 569 1710 Romanos
589 1655 667 1711 sic
681 1652 821 1710 'dicit
841 1665 1058 1712 sanctus
1081 1656 1372 1727 Apostolus
1398 1674 1410 1709 :
1437 1654 1589 1720 Quod
1614 1665 1734 1710 ante
1758 1670 1882 1725 pro-

290 1746 505 1801 miserat
547 1762 639 1818 per
682 1748 962 1818 praphetas
1006 1732 1125 1803 suos
1165 1748 1220 1802 in
1263 1747 1552 1819 Sryipturis
1600 1748 1796 1811 sanctis
1820 1747 1885 1801 de

291 1835 433 1895 Filio
454 1856 564 1907 suo,
597 1843 682 1913 qui
710 1844 877 1914 [actus
902 1851 978 1896 est
1014 1844 1061 1896 ei
1086 1858 1152 1897 ea:
1182 1845 1380 1897 semine
1407 1840 1577 1897 David
1601 1841 1878 1896 secundum
1915 1823 1954 1880 Β

287 1946 499 1986 carnem
524 1949 541 1987 :
571 1935 657 2005 qui
682 1934 1083 2006 prtedestinatus
1125 1944 1201 1989 est
1245 1934 1417 1990 Filius
1466 1933 1564 1990 Dei
1600 1936 1654 1990 in
1699 1936 1883 1990 tirtute

286 2024 565 2080 secundum
610 2027 847 2098 spiritum
890 2027 1352 2098 sanctiﬁcationis,
1398 2043 1463 2081 ea:
1509 2027 1883 2082 resurrectione

286 2127 625 2181 mortuorum,
654 2118 778 2172 Jesu
812 2118 1004 2172 Christi
1032 2118 1245 2174 Domini
1270 2120 1436 2174 nostri
1466 2116 1643 2190 (Rom.
1674 2134 1712 2184 1,
1734 2116 1875 2188 2-4).

285 2207 484 2265 Verum
514 2211 676 2266 etiam
706 2219 762 2265 et
786 2208 952 2266 Isaias
979 2220 1167 2266 auctor
1192 2212 1579 2283 prophetarum
1606 2211 1687 2267 sic
1709 2209 1875 2267 dicit:

284 2299 423 2356 Ecce
458 2304 599 2374 rirgo
638 2304 690 2358 in
722 2313 868 2358 utero
897 2304 1166 2372 concipiet,
1194 2314 1244 2357 et
1263 2306 1431 2374 pariet
1450 2303 1637 2375 ﬁlium,
1661 2311 1712 2358 et
1730 2320 1881 2359 voca-

282 2393 402 2447 bitis
433 2410 618 2448 nomen
643 2395 754 2466 ejus
783 2392 1133 2462 Emmanuel,
1180 2395 1318 2466 quod
1345 2405 1422 2450 est
1458 2396 1877 2465 interpretatum,

284 2484 572 2542 Nobiscum
602 2487 745 2543 Deus
775 2486 932 2560 (Isai.
975 2504 1071 2555 v11,
1116 2488 1213 2555 M;
1245 2486 1438 2544 Matth.
1471 2506 1518 2556 1,
1545 2488 1659 2559 25).
1690 2487 1795 2544 Sed
1824 2496 1881 2544 et

280 2577 559 2633 hominem
587 2594 782 2651 purum
811 2578 997 2636 dicunt
1024 2580 1342 2652 pependisse
1370 2581 1423 2636 in
1454 2595 1613 2637 cruce
1632 2595 1879 2652 compre—

278 2669 510 2724 hensum
538 2688 551 2724 :
578 2672 748 2738 aiunt,
772 2671 1015 2728 Recessit
1045 2672 1184 2728 Deus
1212 2673 1279 2728 ab
1305 2688 1392 2728 eo.
1417 2674 1620 2740 Quibus
1642 2675 1878 2745 parvitas

276 2772 467 2819 nostra
498 2766 576 2821 sic
603 2764 753 2829 dicit,
786 2764 1069 2836 Nunquam
1098 2766 1240 2821 Deus
1280 2767 1503 2822 recessit
1546 2767 1614 2821 ab
1656 2766 1876 2823 homine

273 2863 578 2925 assumpto,
615 2856 714 2910 nisi
744 2856 964 2926 quando
992 2857 1125 2912 dixit
1160 2857 1229 2913 de
1252 2874 1414 2914 cruce
1460 2877 1473 2913 :
1520 2857 1673 2927 Heli,
1719 2858 1872 2927 Heli,

277 2943 407 2999 Lam
414 2947 789 3003 masabactani:
805 2947 1116 3013 Deus,-Deus
1128 2967 1290 3020 meus,
1303 2968 1462 3022 quare
1473 2951 1876 3024 medereliquisti

279 3036 494 3107 (Matth.
526 3055 692 3105 xxvu,
716 3037 850 3109 46)?
875 3038 1110 3111 Ideoque
1137 3041 1407 3110 provoluti
1437 3041 1660 3111 genibus
1688 3054 1876 3094 exora-

277 3142 395 3182 mus
424 3128 656 3184 humiles
684 3131 827 3186 servi
856 3131 933 3186 tui
962 3139 1206 3186 sanctum
1230 3132 1592 3202 apostolatum
1613 3139 1872 3198 vestrum,

1995 549 2156 604 corda
2183 549 2388 619 jacere.
2420 551 2612 610 Verum
2642 558 2805 613 credo
2833 567 2995 630 atque
3014 560 3254 627 conﬁdo,
3285 562 3581 634 perlectum

1994 642 2284 711 agricolam
2308 642 2592 702 Dominum
2624 659 2887 717 nostrum,
2917 653 3156 710 omnium
3182 664 3503 724 creatorem,
3524 658 3579 713 in

1993 737 2140 792 omni
2169 737 2289 793 loco
2317 737 2697 797 dominationis
2742 759 2852 800 suae
2898 745 3098 802 habere
3125 762 3191 803 ae
3235 763 3449 819 semper
3484 749 3580 805 ha-

1991 827 2173 885 buisse
2199 829 2391 899 dignos
2418 833 2741 901 evangelicae
2770 835 2932 905 frugis
2971 831 3279 910 opérarios;
3310 842 3422 911 qui,
3455 842 3577 897 licet

1992 926 2132 976 ante
2150 929 2360 992 tempus
2387 922 2741 982 deniessionis
2764 927 3033 985 immunda
3060 932 3266 988 semina
3291 934 3577 1004 exstirpari

1992 1027 2099 1067 nou
2128 1013 2382 1080 debeant,
2413 1017 2680 1074 continuis
2720 1027 2899 1075 tamen
2930 1024 3264 1080 orationibus
3290 1040 3350 1079 ac
3380 1025 3575 1096 praedi-

1990 1105 2292 1161 cationibus
2323 1121 2538 1177 semper
2587 1110 2865 1179 invigilant
2896 1129 2909 1164 :
2943 1112 3014 1166 ita
3058 1121 3199 1168 utet
3237 1113 3345 1176 illa,
3388 1115 3434 1169 si
3462 1114 3575 1170 ﬁeri

1988 1192 2115 1247 dum
2138 1202 2350 1264 tempus
2376 1204 2459 1251 est
2480 1199 2734 1267 potuerit,
2761 1211 3143 1257 convertantur
3170 1212 3224 1258 et
3252 1212 3556 1259 commuten

1989 1292 2077 1339 tur
2103 1284 2155 1339 in
2184 1285 2416 1343 triticum
2442 1306 2455 1340 :
2485 1297 2577 1344 aut
2603 1298 2750 1344 certe
2786 1306 2894 1345 non
2924 1307 3305 1362 usquequaque
3330 1295 3575 1350 inimicus

1988 1375 2206 1432 humani
2231 1380 2445 1446 generis
2464 1388 2649 1435 tenera
2673 1380 3060 1439 frumentorum
3080 1398 3277 1451 genera
3300 1388 3573 1449 nascentia

1988 1482 2089 1537 per
2139 1467 2493 1525 adulterinam
2546 1471 3001 1529 intermixtionem
3061 1475 3235 1530 valeat
3287 1475 3567 1534 sulfocare.

1986 1556 2103 1614 Jam
2133 1560 2307 1627 enim,
2336 1563 2479 1632 quod
2509 1563 2671 1618 etiam
2712 1563 2780 1618 ad
2822 1574 3052 1621 vestram
3094 1569 3335 1623 notitiam
3380 1586 3573 1639 perve-

1986 1651 2131 1707 nisse
2159 1669 2266 1709 non
2296 1654 2516 1717 dubito,
2550 1655 2687 1711 intra
2718 1654 2949 1712 Orientis
2979 1668 3190 1728 partes,
3221 1661 3312 1715 ubi
3341 1662 3573 1732 primum

1985 1745 2153 1815 pestis
2181 1744 2282 1799 ista
2326 1747 2590 1811 surrexit,
2627 1756 2951 1817 congregata
2989 1749 3222 1815 gloriosa
3255 1752 3460 1822 synodo
3488 1768 3571 1808 sa-

1982 1837 2282 1906 cerdotum,
2324 1840 2411 1896 cui
2441 1840 2602 1895 etiam
2628 1840 2827 1910 legatio
2858 1850 3040 1897 nostra
3083 1858 3189 1897 non
3228 1843 3395 1898 defuit
3430 1858 3476 1913 ν,
3519 1848 3574 1901 ὶη

1983 1929 2250 1984 vestibulo
2278 1946 2399 1986 cum
2420 1946 2519 1985 suo
2542 1940 2763 1987 auctore
2783 1930 2945 2013 atque
2974 1942 3244 1988 assertore
3265 1949 3573 2005 compressa

1984 2028 2041 2076 et
2075 2020 2231 2078 radio
2277 2023 2590 2094 apostolicae
2635 2024 2769 2081 lucis
2805 2026 3069 2081 exstincta
3118 2034 3219 2081 est.
3253 2026 3361 2082 Nec
3390 2028 3571 2084 mirari

1983 2114 2144 2171 debet
2164 2118 2361 2172 caritas
2382 2126 2578 2185 vestra,
2605 2119 2650 2174 si
2670 2120 2835 2175 etiam
2857 2128 2979 2190 post
2997 2120 3397 2175 damnationem
3421 2136 3571 2175 suam

1982 2207 2126 2263 inter
2161 2208 2457 2265 morientes
2484 2210 2703 2281 spiritus
2731 2210 2925 2266 fetidus
2962 2210 3137 2265 adhuc
3164 2208 3323 2267 ﬂatus
3350 2213 3569 2282 aspiret.

1982 2299 2078 2357 Est
2104 2301 2249 2358 enim
2295 2318 2512 2374 semper
2537 2304 2785 2374 pertinax
2826 2301 3203 2359 hieretic’orum
3232 2304 3472 2367 audacia,
3518 2316 3570 2359 ct

1983 2393 2037 2449 in
2066 2409 2163 2451 sua
2205 2393 2348 2451 male
2394 2395 2631 2465 pernicie
2680 2403 2905 2465 urgente
2947 2402 3293 2466 peccatorum
3333 2396 3570 2464 pondera

1979 2496 2310 2559 perseverat.
2343 2487 2497 2555 Quod
2525 2489 2568 2544 si
2593 2487 2828 2547 nondum
2858 2489 3080 2543 forsitan
3111 2489 3456 2555 cognovistis,
3490 2488 3568 2543 fa-

1979 2578 2068 2635 cili
2097 2579 2328 2635 lectione
2348 2580 2593 2650 poteritis
2612 2594 2924 2649 agnoscere.
3398 2598 3407 2605 -

2049 2670 2113 2725 II.
2155 2669 2412 2737 Quamvis
2440 2671 2602 2740 igitur
2628 2670 2949 2728 Christianis
2976 2680 3033 2728 et
3067 2672 3276 2728 devotis
3301 2672 3569 2727 mentibus

1978 2763 2093 2835 ipsa
2128 2765 2444 2820 universalis
2492 2763 2747 2820 Ecclesiae
2790 2766 3080 2820 auctoritas
3117 2764 3274 2835 plene
3317 2762 3565 2829 sulliciat,

1979 2871 2080 2911 nec
2108 2864 2303 2918 vestra,
2335 2864 2595 2926 quantum
2625 2856 2819 2912 missus
2841 2871 2871 2910 a
2892 2855 3045 2911 vobis
3066 2870 3245 2910 sermo
3266 2854 3563 2926 perdocuit,

1978 2947 2033 3001 in
2056 2947 2158 3003 hac
2184 2941 2341 3002 causa
2376 2948 2556 3003 minor
2580 2945 2827 3002 videatur
2854 2946 3082 3003 assertio
3112 2965 3140 3000 ε’
3159 2961 3225 3001 ne
3254 2953 3434 3000 tamen
3467 2958 3566 3013 ego

1977 3051 2194 3107 quoque
2222 3038 2469 3108 petitioni
2498 3046 2659 3108 atque
2688 3038 3099 3108 interrogationi
3147 3045 3349 3093 sanctae
3375 3052 3566 3093 neces-

1977 3129 2176 3184 sarium
2215 3129 2400 3185 videar
2440 3142 2637 3199 negare
2683 3145 3021 3202 responsum,
3069 3146 3229 3185 unam
3275 3118 3567 3200 {veramque

278 3225 334 3273 ut
364 3218 665 3277 inlormetis
693 3222 1011 3293 parvitatem
1043 3198 1283 3278 nostram
1312 3223 1367 3278 in
1388 3222 1473 3278 his
1492 3222 1637 3294 quod
1662 3230 1869 3279 rectum
1974 3219 2276 3277 doctrinam
2323 3220 2463 3278 hanc
2508 3198 2627 3278 esse
2671 3198 3015 3291 conﬁtemur,
3050 3238 3211 3295 quam
3258 3198 3565 3293 evangelica

275 3310 440 3367 habet
468 3309 604 3369 ﬁdes
630 3314 895 3370 catholica
921 3334 934 3369 :
958 3324 1014 3371 et
1040 3315 1179 3373 detis
1200 3316 1411 3372 veniam
1442 3316 1762 3388 insipientia:
1786 3318 1871 3372 vel

275 3404 563 3475 imperitiae
596 3415 817 3475 nostrae,
841 3408 1033 3479 siquid
1055 3424 1152 3480 per
1173 3409 1527 3481 ignorantiam
1550 3408 1866 3468 incedimus.

272 3494 479 3555 Potens
539 3509 624 3556 est
666 3500 928 3581 Dominus
981 3501 1227 3561 Christus
1281 3504 1482 3560 sanctis
1534 3502 1869 3560 orationibus

267 3594 467 3649 vestris
495 3594 651 3650 nobis
673 3596 881 3650 veniam
912 3595 1063 3663 dare,
1097 3612 1164 3652 ne
1189 3594 1540 3652 deveniamus
1569 3598 1620 3652 in
1642 3594 1867 3668 profun-

265 3683 399 3741 dum
428 3686 710 3742 malorum.
743 3685 848 3741 Ora
872 3702 970 3759 pro
1000 3687 1184 3753 nobis,
1216 3687 1434 3741 domine
1462 3698 1668 3751 sancte,
1701 3699 1867 3740 vene-

268 3777 459 3834 rabilis
498 3788 554 3833 et
579 3779 891 3836 beatissime
919 3795 1077 3851 papa.
1127 3781 1138 3789 '

894 3929 1245 3971 SUBSCIUP'I'IO.

267 4030 591 4085 Incolumem
614 4027 1055 4085 venerabilitatem
1076 4036 1222 4082 tuam
1243 4025 1391 4082 nobis
1414 4026 1670 4083 Dominus
1690 4033 1867 4081 noster

343 4100 491 4173 [esus
521 4102 805 4173 longiorem
826 4108 1107 4165 conservet,
1131 4099 1339 4154 domine
1360 4108 1537 4153 sancte
1561 4115 1624 4152 ac
1650 4112 1864 4155 venera-

343 4171 462 4227 bilis
491 4171 648 4244 papa.
1488 4224 1491 4227 .
1624 4221 1649 4237 .

535 4264 866 4322 EPISTOLA
902 4264 946 4322 ll
983 4262 1116 4321 SEU
1157 4262 1598 4320 RESCRIPTUM

592 4396 656 4434 AD
693 4395 923 4434 νιτλιειι
960 4395 1027 4434 ΕΤ
1070 4387 1093 4415 ⁸
1133 4392 1523 4434 οοκετλητιυκ.

159 4572 167 4580 ο
262 4496 352 4553 De
379 4513 483 4551 una
526 4495 720 4551 Christi
747 4497 852 4580 ueri
882 4494 979 4549 Dei
1026 4503 1097 4580 et.
1122 4494 1630 4580 hominismpersona,
1680 4501 1864 4549 contra

539 4584 718 4622 recens
745 4568 1051 4622 damnatam
1076 4566 1310 4621 heresim
1340 4562 1389 4620 Ν
1397 4565 1595 4620 estorii.

344 4702 716 4760 Dilectissimis
743 4712 797 4759 et
825 4702 1089 4772 religiosis
1129 4700 1253 4757 ﬁliis
1280 4700 1442 4756 Vitali
1463 4708 1517 4757 et
1545 4700 1862 4757 Constantio

264 4798 565 4870 Capreolus
589 4796 890 4868 episcopus.
1609 4859 1617 4867 θ

342 4888 383 4945 I.
425 4889 664 4959 Sumptis
692 4897 852 4959 atque
876 4884 1128 4958 perlectis
1156 4887 1348 4942 litteris
1372 4888 1585 4952 vestris,
1611 4902 1745 4957 quas
1766 4903 1863 4957 per

267 4982 650 5058 Numinianum
673 4979 977 5048 religiosum
992 4980 1186 5035 virum.
1201 4977 1292 5032 lilii
1314 4977 1665 5040 dilectissimi,
1687 4986 1862 5032 trans-

267 5075 515 5141 misistis,
547 5075 703 5129 saluti
732 5082 784 5129 et
824 5071 1002 5127 studio
1042 5078 1219 5124 vestro
1247 5083 1356 5138 quo
1389 5068 1623 5122 fundatae
1660 5084 1724 5125 ac
1767 5085 1859 5123 ve-

270 5177 432 5227 tustte
459 5168 735 5224 catholicae
757 5163 878 5221 ﬁdei
905 5161 1144 5231 regulam
1170 5159 1465 5215 inviolaliili
1488 5159 1687 5231 pietate
1716 5169 1866 5216 tene-

271 5262 345 5320 tis
373 5276 437 5317 ac
462 5260 764 5325 defenditis,
796 5256 1085 5329 plurimum
1110 5252 1423 5323 gratulatus,
1448 5252 1654 5307 adverti
1674 5251 1866 5309 Nesto-

271 5356 482 5413 riauam
534 5353 809 5415 hazresim,
857 5364 1052 5405 novam
1103 5342 1482 5413 infandamque
1532 5345 1861 5427 perniciem,

271 5448 415 5504 sicut
441 5445 759 5518 quihusdam
796 5442 931 5497 locis
964 5440 1077 5510 jam
1123 5443 1363 5508 ccepcrat
1409 5434 1693 5507 pullulare,
1721 5437 1863 5507 apud

350 5617 377 5646 ι
416 5604 677 5677 Baronius
698 5599 766 5655 ad
793 5615 880 5677 an.
912 5595 1036 5663 l’5l,
1069 5596 1097 5668 ᾗ
1123 5593 1193 5649 28
1213 5608 1393 5677 seqq.,_
1422 5593 1687 5677 integram
1722 5606 1861 5677 pene

273 5682 419 5737 hanc
446 5675 728 5748 epistolam
769 5672 1006 5748 recitat_:
1025 5661 1215 5748 atque
1249 5661 1527 5748 hic'.le.gilt.
1557 5661 1814 5748 Tonantio
1845 5681 1861 5748 ς

418 5732 632 5819 quidem
662 5745 830 5825 lectio
850 5741 1019 5825 magis
1047 5732 1223 5825 placet
1242 5736 1326 5825 v‘el
1468 5732 1869 5825 ﬁrmetutjoz‘ut

278 5801 571 5901 ﬁiébiérea
601 5816 789 5879 eadem
818 5801 977 5867 lectih
1007 5801 1065 5866 in
1091 5807 1321 5881 epistola
1355 5801 1638 5878 superiore
1672 5803 1740 5858 ad
1764 5801 1872 5860 Ca-

1975 3320 2123 3368 tenet
2152 3327 2216 3367 ac
2245 3312 2408 3367 tradit
2433 3313 2744 3383 antiquitas.
2776 3312 2833 3369 Id
2862 3323 2944 3371 est
2968 3333 2981 3368 :
3015 3314 3109 3370 Dei
3139 3314 3331 3369 Filium
3349 3356 3365 3381 ,
3395 3314 3563 3369 Deum

1974 3421 2179 3471 verum,
2213 3398 2268 3462 et
2294 3407 2571 3463 hominem
2595 3422 2806 3476 verum,
2835 3409 2993 3463 unius
3040 3422 3262 3477 prorsus
3289 3415 3450 3476 atque
3480 3406 3566 3461 iu-

1970 3500 2286 3571 separabilis
2315 3515 2434 3555 esse
2472 3515 2718 3571 persona:
2747 3518 2760 3554 :
2794 3515 2895 3556 nec
2931 3500 3071 3556 sicut
3110 3500 3163 3555 in
3192 3499 3311 3554 aliis
3333 3499 3564 3570 patriar-

1971 3594 2103 3658 chis,
2140 3593 2441 3665 prophetis,
2472 3593 2750 3665 apostolis,
2781 3594 3098 3664 ueterisque
3126 3594 3323 3650 sanctis
3342 3601 3398 3648 et
3426 3608 3562 3664 prm-

1970 3685 2283 3742 clarissimis
2324 3687 2452 3744 viris
2494 3687 2755 3743 habitavit
2800 3695 2894 3744 aut
2938 3685 3145 3743 habitat
3185 3686 3346 3753 Deus,
3386 3686 3460 3741 ita
3510 3687 3562 3741 in

1968 3775 2241 3833 Christum
2278 3776 2459 3835 Jesum
2509 3777 2746 3836 divinam
2796 3778 2943 3834 illam
2984 3778 3368 3851 plenitudinem
3414 3775 3563 3831 velut

1968 3870 2306 3927 extrinsecus
2332 3870 2603 3927 credimus
2622 3871 2934 3937 advenisse;
2958 3871 3052 3926 sed
3081 3870 3301 3941 proprio
3327 3867 3561 3937 quodam

1968 3969 2133 4033 atque
2163 3962 2419 4017 inellabili
2449 3961 2630 4025 modo,
2662 3960 2854 4016 Filium
2882 3961 2981 4017 Dei
3008 3961 3173 4017 etiam
3201 3960 3368 4016 tilium
3395 3960 3561 4015 horai.

1968 4052 2052 4108 nis
2083 4052 2279 4108 factum
2310 4071 2322 4107 :
2355 4060 2415 4108 ut
2441 4054 2533 4124 qui
2563 4053 2798 4123 ingenita
2828 4052 3002 4108 Patris
3037 4052 3335 4107 substantia
3369 4052 3559 4119 unige-

1969 4145 2113 4201 nitus
2139 4145 2493 4216 permanebat
2520 4160 2584 4201 ac
2614 4153 2914 4215 permanet,
2945 4143 3266 4199 mirabiliter
3306 4150 3560 4213 suscepto

1966 4236 2212 4306 homine,
2242 4237 2395 4292 lieret
2420 4238 2797 4308 primogenitus
2820 4237 2875 4291 in
2904 4236 3080 4291 multis
3111 4233 3359 4306 fratribus
3381 4232 3560 4305 (Rom.

1970 4346 2081 4395 vm,
2115 4328 2206 4402 29)
2240 4348 2252 4383 :
2281 4338 2336 4385 et
2356 4330 2448 4400 qui
2478 4339 2592 4384 erat
2616 4329 2671 4384 in
2701 4330 2957 4399 principio
2987 4326 3230 4392 Verbum,
3252 4337 3303 4381 et
3338 4325 3561 4381 Verbum

1968 4427 2080 4477 erat
2109 4421 2249 4494 apud
2286 4420 2469 4487 Deum,
2499 4429 2549 4475 et
2574 4419 2715 4474 Deus
2748 4428 2862 4473 erat
2902 4418 3146 4483 Verbum,
3194 4416 3411 4472 Verbum
3441 4435 3563 4471 caro

1968 4513 2120 4585 fieret
2165 4525 2214 4568 et
2260 4513 2519 4567 habitaret
2563 4511 2616 4567 in
2646 4510 2793 4567 nobis
2826 4509 3003 4582 (Joan.
3050 4526 3086 4572 1,
3119 4509 3170 4571 i,
3201 4505 3311 4579 l4).
3346 4506 3425 4562 Ex
3452 4524 3561 4578 quo

1892 4596 1943 4656 ι)
1967 4607 2130 4678 igitur
2155 4608 2454 4679 mysterium
2475 4604 2610 4672 quod
2630 4602 2988 4659 absconditum
3010 4601 3111 4673 fuit
3134 4617 3166 4653 a
3187 4599 3390 4653 saeculis
3422 4597 3557 4668 (Col.

1968 4718 2006 4768 1,
2038 4700 2128 4771 26)
2161 4702 2212 4756 in
2244 4701 2374 4763 Deo,
2408 4697 2571 4769 coepit
2617 4711 2714 4766 per
2754 4694 3001 4763 angelum
3040 4692 3093 4745 in
3139 4698 3295 4744 utero
3339 4688 3562 4757 virginis

1968 4793 2203 4865 operari,
2235 4802 2395 4862 atque
2424 4792 2475 4844 in
2507 4804 2570 4844 ea
2600 4795 2817 4842 sanctus
2858 4784 3089 4855 Spiritus
3128 4782 3460 4852 supervenit,
3506 4791 3562 4837 et

1968 4885 2045 4939 illi
2072 4885 2243 4938 virtus
2272 4881 2527 4936 Altissimi
2556 4877 2898 4935 obumbravit
2930 4875 3082 4947 (Luc.
3109 4892 3159 4944 1,
3190 4872 3312 4946 '55);
3338 4875 3480 4931 Deus
3505 4877 3562 4932 in

1969 4976 2187 5030 homine
2215 4973 2361 5027 nasci
2391 4971 2637 5039 dignatus
2664 4978 2765 5033 est,
2797 4967 2889 5038 qui
2918 4975 3292 5038 sempererat,
3314 4974 3376 5022 ut
3397 4967 3562 5022 homo

1971 5074 2313 5131 nasceretur,
2353 5062 2527 5133 qualis
2575 5068 2699 5116 ante
2742 5076 2850 5116 non
2892 5061 3085 5115 fuerat.
3117 5059 3220 5127 Qui
3258 5060 3400 5114 enim
3441 5059 3559 5114 sine

1970 5168 2142 5229 matre
2171 5158 2223 5212 in
2255 5155 2404 5211 cmlis
2431 5163 2631 5210 aeterne
2658 5154 2887 5223 genitus,
2914 5153 3028 5224 ipse
3054 5153 3105 5206 in
3137 5152 3296 5209 terris
3324 5150 3440 5205 sine
3461 5166 3563 5220 pa-

1970 5260 2052 5307 tre
2078 5251 2131 5305 in
2175 5256 2331 5303 utero
2364 5247 2583 5315 virginis
2612 5245 2779 5307 homo
2808 5245 2875 5299 de
2905 5243 3108 5315 Spiritu
3136 5248 3326 5297 sancto
3351 5250 3563 5298 creatus

1970 5350 2071 5401 est.
2105 5341 2172 5396 Et
2200 5340 2321 5396 ideo
2363 5341 2415 5394 in
2464 5337 2682 5393 Christo
2710 5337 2837 5392 Jesu
2887 5333 3127 5405 separari
3170 5328 3256 5387 vel
3296 5331 3563 5387 subdividi

1971 5434 2069 5491 Dei
2098 5428 2437 5502 hominisque
2477 5430 2623 5486 nullo
2666 5427 2831 5483 modo
2858 5424 3128 5480 credimus
3165 5436 3325 5493 posse
3372 5437 3561 5495 perso-

1969 5590 2216 5665 preolum
2240 5590 2422 5665 missa,
2453 5582 2783 5665 restituenda
2812 5580 3037 5665 videtur.

2041 5660 2069 5701 ι’
2111 5660 2417 5729 Legendum
2444 5655 2686 5729 videtur,
2704 5655 3077 5729 imperitorum.

2048 5744 2070 5771 ιε
2111 5721 2408 5803 Capreolus
2426 5726 2650 5803 digitum
2674 5721 2904 5803 intendit
2930 5722 2994 5803 ad
3023 5721 3560 5803 epistolan1_coucilie

1974 5792 2250 5875 Ephesiae
2280 5798 2611 5873 inscriptam,
2633 5794 2880 5865 superius
2900 5793 3075 5850 primo
3098 5793 3220 5851 loco
3247 5792 3492 5851 relatam.
