4110 6336
533 403 633 461 851

1688 401 2027 465 ΕΔΡΒΕΟΙᾸ
2064 402 2654 471 CARTH-AGINENSIS

3715 405 3831 464 852

531 539 657 580 nam
691 541 705 577 :
735 537 805 579 ne
828 537 936 579 non
969 522 1081 593 jam
1110 522 1162 577 in
1186 521 1466 579 divinitate
1487 518 1742 587 Trinitas,
1773 519 1869 576 sed
1894 528 2119 593 quater-
2146 524 2201 584 Α
2230 521 2420 591 tingit?
2442 518 2625 580 Times
2649 518 2851 578 includi
2878 519 3235 585 immensum?
3273 519 3445 585 teneri
3471 517 3851 593 omnipoten--

531 616 673 672 nitas
700 624 1031 672 numeretur.

599 705 686 763 Ill.
727 707 926 764 Beatus
971 708 1248 780 apostolus
1289 707 1494 764 Paulus
1534 705 1662 765 dum
1710 705 1777 762 sd
1816 704 2125 763 eruendum

525 808 767 855 veterem
796 800 1071 857 hominem
1106 810 1165 859 et
1188 799 1519 857 induendum
1550 813 1751 856 novum
1792 798 1978 855 fideles
2026 814 2124 855 ex-

528 892 841 949 hortaretur
871 912 884 949 :
916 894 1151 963 Primus,
1183 895 1375 965 inquit,
1415 894 1569 950 homo
1595 893 1661 949 de
1688 902 1826 949 terra
1867 903 2121 963 terrenus,

523 984 777 1040 secundus
806 986 958 1041 homo
988 987 1052 1041 de
1071 987 1197 1042 corio
1226 987 1445 1042 molestis
1470 1003 1490 1042 :
1512 985 1681 1059 qualis
1704 995 1957 1054 terrenus,
1987 986 2119 1043 tales

522 1084 571 1129 et
598 1078 819 1142 terreni;
849 1086 900 1132 et
925 1080 1095 1151 quatis
1123 1078 1372 1144 caelestis,
1413 1076 1544 1132 tales
1591 1086 1642 1132 et
1677 1076 1904 1135 caelestes
1932 1092 1951 1133 :
1991 1093 2123 1149 que-

431 1239 436 1245 ,
522 1170 675 1225 modo
696 1173 1014 1241 portavimus
1043 1172 1323 1244 imaginem
1351 1172 1564 1239 terreni,
1590 1178 1852 1242 portemus
1891 1180 1941 1225 et
1978 1171 2115 1225 ima-

522 1263 690 1334 ginem
717 1262 830 1334 ejus
857 1265 943 1337 qui
981 1264 1043 1318 de
1070 1264 1197 1319 coelo
1236 1272 1313 1318 est
1351 1261 1407 1337 (1
1433 1261 1552 1318 Cor.
1574 1278 1678 1330 ιν,
1720 1259 1930 1330 4749).
1964 1260 2118 1331 Rogo

523 1353 727 1421 dicant,
760 1356 1036 1425 quomodo
1065 1364 1148 1411 est
1192 1357 1356 1411 homo
1401 1356 1503 1411 iste
1529 1355 1598 1410 de
1624 1354 1783 1419 caelo,
1813 1355 1859 1411 si
1888 1369 2001 1411 non
2036 1363 2120 1411 est

521 1446 665 1504 Deus
693 1459 995 1521 conceptus
1023 1450 1077 1505 in
1108 1450 1302 1505 utero?
1331 1457 1425 1504 aut
1456 1464 1577 1519 quae
1602 1448 1857 1506 discretio
1885 1457 1972 1505 est
1994 1463 2117 1505 caro-

521 1540 605 1595 nis
627 1548 681 1595 et
710 1543 982 1611 sanguinis
1011 1543 1064 1597 in
1095 1542 1313 1597 homine
1342 1540 1533 1611 Adam,
1556 1550 1612 1597 et
1639 1542 1694 1597 in
1723 1542 1944 1598 homine
1969 1541 2125 1598 Chri-

520 1639 628 1699 sto,
657 1634 701 1689 si
733 1650 837 1690 non
867 1634 1029 1690 homo
1060 1635 1162 1689 iste
1190 1634 1381 1705 plenus
1403 1641 1486 1690 est
1509 1634 1664 1689 Deo?
1690 1633 1830 1702 Quid
1850 1635 1997 1690 enim
2015 1635 2118 1690 sibi

519 1729 635 1780 vult
664 1725 931 1781 secundus
970 1727 1133 1782 homo
1179 1726 1247 1781 de
1275 1727 1454 1782 calo?
1480 1725 1732 1797 Nunquid
1772 1740 1903 1781 caro
1941 1733 2119 1781 trans-

521 1820 687 1876 missa
708 1821 1003 1887 descendit,
1035 1836 1098 1876 ac
1140 1836 1269 1886 non,
1297 1821 1439 1875 sicut
1462 1820 1725 1891 scriptum
1750 1828 1853 1886 est,
1882 1818 2118 1890 Spiritus

2228 618 2375 673 tem?
2400 616 2659 677 abscondi
2684 617 2989 689 ubicunque
3015 616 3308 676 diliusum?
3335 616 3647 681 Resolvere.
3680 617 3829 683 sicut

2222 712 2482 782 scriptum
2503 718 2609 776 est,
2636 711 2927 775 mferorum
2963 712 3379 783 parturitioues,
3409 712 3466 769 in
3492 712 3697 782 quibus
3729 728 3822 777 vo-

2222 805 2321 859 luit
2357 814 2419 860 et
2441 805 2673 874 qualiter
2698 805 2870 861 voluit
2895 821 3079 863 rerum
3100 805 3384 870 Dominus,
3409 805 3602 875 subjici
3625 803 3828 877 hujus:

2224 894 2367 952 modi
2396 897 2693 957 conditioni
2736 913 2841 955 non
2883 897 3057 968 potuit
3087 899 3225 969 (Act.
3274 914 3342 964 ιι,
3369 895 3483 966 24).
3526 895 3666 959 Audi
3701 910 3827 955 eum

2223 994 2349 1044 ante
2373 995 2460 1045 tot
2481 1003 2749 1045 annorum
2777 988 2965 1055 millia,
3000 988 3129 1046 dum
3157 990 3319 1045 beato
3342 986 3444 1045 iub
3486 987 3823 1049 mirabiliuzu

2220 1095 2443 1136 suorum
2469 1095 2637 1151 opera
2666 1096 2764 1152 per
2788 1081 2988 1139 nubem
3017 1080 3166 1136 velut
3204 1078 3598 1155 improperauti
3626 1079 3828 1141 similis

2221 1174 2559 1244 prauiicaret,
2591 1174 2699 1230 hoc
2726 1188 2943 1244 quoque
2982 1173 3128 1231 inter
3155 1173 3467 1235 inmmeras
3507 1171 3595 1227 sui
3623 1180 3829 1241 poten-

2218 1266 2325 1322 tias
2350 1266 2714 1323 cumulantem
2740 1284 2753 1319 :
2788 1264 3038 1338 Nunquid
3063 1274 3117 1319 tu
3146 1263 3402 1321 abstulisti
3430 1265 3608 1334 impiis
3631 1263 3827 1328 lucem,

2220 1365 2310 1413 aut
2338 1354 2603 1411 brachium
2641 1356 2975 1426 superborum
3001 1354 3385 1412 comminuisti?
3412 1363 3504 1411 aut
3532 1355 3728 1408 renisti
3760 1354 3830 1405 ad

2219 1449 2352 1519 ﬁnes
2392 1448 2588 1507 maris]
2635 1457 2726 1503 aut
2771 1450 2827 1504 in
2865 1450 3091 1522 vestigiis
3141 1447 3314 1519 abyssi
3352 1448 3679 1507 ambulasti?
3738 1456 3828 1501 aut

2220 1541 2336 1607 tibi,
2365 1542 2558 1611 inquit,
2589 1543 2886 1613 aperientur
2905 1551 3043 1599 metu
3072 1551 3235 1614 parte:
3266 1543 3469 1609 mortis,
3501 1550 3592 1596 aut
3607 1543 3826 1614 jauilo—

2218 1650 2301 1693 res
2329 1635 2520 1707 inferni
2544 1634 2770 1693 ridentes
2819 1645 2866 1691 te
2904 1636 3225 1693 timuerunt?
3251 1642 3342 1691 aut
3380 1636 3668 1706 cognovisti
3700 1634 3825 1689 latis

2221 1728 2450 1791 uidissem
2489 1727 2582 1785 sub
2622 1728 2749 1785 aulo
2779 1727 2898 1801 (Job
2926 1744 3157 1792 xxxvru,
3211 1725 3405 1796 15-18,
3443 1743 3547 1789 sec.
3601 1724 3825 1795 LXX)?

2219 1817 2278 1877 Si
2300 1817 2476 1876 Patris
2497 1819 2616 1879 hac
2638 1836 2740 1876 vox
2769 1828 2871 1887 est,
2902 1820 3036 1879 nihil
3064 1834 3193 1888 ergo
3222 1828 3307 1875 est
3325 1819 3689 1890 omnipotenti
3712 1819 3822 1877 dif-

517 1921 737 1968 sanctus
781 1914 837 1971 in
884 1913 1147 1983 virginem
1186 1913 1544 1984 supervenit?
1581 1911 1689 1967 Sed
1716 1913 1844 1985 quia
1894 1911 2121 1967 Verbum
2149 1906 2195 1966 B
2222 1907 2383 1974 liciis,
2412 1911 2668 1980 quoniam
2692 1911 2888 1980 ubique
2913 1919 3014 1977 est,
3039 1925 3303 1981 nusquam
3323 1925 3432 1965 non
3453 1916 3553 1965 est.
3580 1908 3812 1976 Quando

517 2023 638 2060 caro
668 2008 864 2079 factum
889 2015 966 2061 est
994 2005 1173 2076 (Joan.
1200 2023 1236 2071 ι,
1270 2004 1384 2078 M),
1415 2005 1537 2060 ideo
1565 2005 1800 2061 calcatis
1826 2005 1992 2061 homo
2014 2020 2113 2076 ap-

516 2098 747 2168 pellatus
788 2106 891 2153 est.
923 2098 1033 2155 Nec
1060 2106 1349 2170 propterea
1392 2111 1613 2153 carnem
1648 2113 1835 2154 veram
1863 2113 1972 2154 non
2012 2099 2112 2154 ha-

516 2188 654 2258 buit,
684 2191 807 2262 quia
837 2191 905 2245 de
936 2191 1076 2246 cmlo
1101 2190 1411 2257 descendit;
1441 2190 1567 2261 quia
1595 2204 1823 2253 carnem
1846 2190 1987 2247 Deus
2016 2206 2112 2246 ac-

518 2284 680 2352 cepit.
715 2281 906 2338 Merito
935 2283 1003 2339 de
1031 2264 1090 2339 se
1119 2283 1237 2353 ipso
1269 2282 1409 2338 idem
1440 2282 1698 2341 Dominus
1724 2285 1861 2339 dixit
1891 2302 1905 2338 :
1941 2283 2117 2342 Nemo

517 2375 753 2430 ascendit
795 2377 849 2430 in
875 2377 1080 2443 coelum,
1112 2378 1213 2433 nisi
1243 2378 1332 2450 qui
1375 2376 1439 2432 de
1484 2378 1614 2432 calo
1656 2378 1939 2444 descendit,
1970 2378 2111 2450 ﬁlius

518 2468 742 2523 hominis
768 2472 854 2541 qui
884 2478 961 2525 est
998 2472 1055 2525 in
1084 2471 1211 2527 coelo
1240 2470 1423 2543 (Joan.
1472 2487 1560 2538 m,
1611 2470 1720 2542 15).
1750 2468 1911 2527 Certe
1938 2470 2115 2529 adhuc

516 2559 838 2632 loquebatur
866 2563 918 2617 in
968 2571 1130 2629 terra,
1162 2578 1265 2619 nec
1293 2563 1363 2618 ad
1408 2562 1627 2619 Patrem
1665 2573 1789 2635 post
1830 2565 2115 2622 victoriam

518 2652 787 2722 passionis
835 2660 890 2708 et
928 2653 1157 2723 gloriam
1202 2656 1615 2712 resurrectionis
1653 2656 1970 2717 ascenderat
2001 2677 2015 2713 :
2057 2666 2115 2714 et

515 2750 697 2798 tamen
728 2741 892 2799 lilium
922 2744 1158 2801 hominis
1180 2744 1293 2815 jam
1324 2746 1379 2801 in
1406 2745 1543 2802 emlo
1568 2760 1689 2803 esse
1732 2746 1966 2805 dicebat.
1995 2746 2113 2805 Hoc

515 2835 701 2904 utique
731 2835 878 2891 omni
907 2838 1137 2893 veritate
1177 2837 1490 2906 testiﬁcaris,
1520 2839 1645 2910 quia
1675 2845 1731 2895 et
1755 2848 1981 2912 propter
2006 2841 2111 2897 ho-

512 2928 711 2982 mine.n
743 2924 883 2983 Deus
905 2930 1327 2986 conversabatur
1348 2931 1400 2986 in
1425 2939 1587 3000 terra,
1619 2942 1675 2989 et
1692 2924 1916 3006 propter
1940 2934 2109 2991 Deum

512 3017 676 3073 homo
704 3018 981 3106 halptabat
1008 3020 1062 3076 in
1092 3023 1250 3078 cosio.
1277 3021 1434 3080 Unde
1462 3025 1624 3079 etiam
1651 3026 1980 3097 Apostolus:
2006 3025 2108 3092 Qui

513 3108 799 3177 descendit,
831 3112 1029 3183 inquit,
1060 3114 1171 3185 ipse
1201 3126 1277 3170 est
1303 3127 1353 3171 et
1379 3118 1464 3187 qui
1494 3119 1729 3174 ascendit
1754 3136 1907 3192 super
1931 3138 2108 3178 omnes

512 3200 687 3267 caelos,
716 3211 775 3255 ut
801 3203 1109 3277 adimpleret
1135 3209 1310 3263 omnia
1334 3208 1548 3282 (Ephes.
1571 3226 1643 3277 Iv,
1668 3211 1777 3283 10).
1802 3211 1935 3269 ltem
1956 3214 2104 3282 alibi,
2142 3266 2157 3279 ,

2219 2002 2271 2063 ei
2300 2001 2461 2059 etiam
2491 2002 2751 2073 propheta
2781 2017 2851 2057 ex
2892 2017 3123 2074 persona
3161 2000 3440 2071 cujusdam
3485 2000 3654 2056 dicit:
3689 1997 3808 2067 Quo

2216 2093 2303 2159 ibo
2328 2111 2362 2150 ο
2382 2097 2567 2166 spiritu
2597 2104 2705 2162 tuo,
2733 2106 2783 2153 et
2811 2113 2843 2151 a
2877 2097 3010 2171 {acie
3040 2106 3128 2151 tua
3154 2113 3253 2167 quo
3285 2098 3483 2168 fugiam
3501 2095 3525 2149 .’
3545 2096 3593 2149 si
3624 2112 3817 2149 ascen-

2219 2188 2343 2243 dero
2368 2190 2423 2244 in
2447 2189 2651 2256 corium,
2693 2198 2743 2243 tu
2772 2188 2843 2244 ibi
2872 2205 2956 2254 es;
2985 2190 3031 2244 si
3068 2188 3377 2247 descendero
3420 2189 3476 2243 in
3518 2189 3819 2260 infernum,

2218 2278 2342 2334 ades
2372 2278 2544 2351 (Psal.
2578 2296 2829 2347 cnxvm,
2854 2281 2907 2348 7,
2938 2279 3016 2352 8).
3043 2279 3159 2337 Hoc
3186 2282 3404 2337 omnino
3431 2279 3736 2337 testiﬁcans
3755 2295 3822 2339 ac

2217 2374 2594 2434 demonstrans
2617 2416 2634 2444 ,
2691 2373 2864 2430 Deum
2922 2373 3074 2445 cujus
3126 2374 3410 2444 majestate
3463 2374 3627 2445 plena
3688 2380 3821 2429 sunt

2218 2468 2421 2534 omnia,
2451 2467 2685 2538 quodam
2714 2467 3245 2539 incomprehensibili
3274 2468 3458 2537 utique
3484 2474 3541 2522 et
3570 2466 3818 2539 inexpliq

2217 2560 2375 2615 cabili
2411 2559 2573 2616 modo
2599 2560 2760 2616 etiam
2804 2559 2988 2616 inferis
3018 2560 3299 2617 interesse.
3328 2558 3387 2614 Si
3416 2567 3620 2625 autem,
3664 2556 3819 2629 quod

2217 2652 2387 2722 magis
2411 2652 2691 2723 probabile
2720 2659 2823 2720 est,
2852 2652 2906 2709 in
2948 2652 3033 2709 his
3061 2660 3181 2723 qua:
3210 2652 3279 2707 de
3305 2666 3374 2707 eo
3403 2657 3555 2705 tanto
3583 2659 3717 2705 ante
3757 2652 3808 2705 in

2216 2746 2499 2818 prophetia
2521 2746 2775 2817 praedicta
2803 2753 2949 2813 sunt,
2978 2754 3035 2801 et
3062 2741 3282 2817 impleta
3302 2744 3421 2800 Filii
3450 2744 3544 2800 Dei
3566 2759 3675 2798 vox
3701 2752 3808 2813 est,

2216 2839 2473 2910 quoniam
2500 2856 2593 2910 per
2618 2840 2790 2907 ipsum
2816 2840 2959 2912 facta
2998 2848 3116 2893 sunt
3139 2840 3337 2901 omnia,
3368 2846 3418 2890 et
3438 2836 3554 2890 sine
3580 2837 3690 2907 ipso
3715 2836 3802 2907 fd-

2214 2942 2354 2989 ctum
2390 2940 2469 2987 est
2493 2930 2627 2987 nihil
2662 2929 2843 3003 (Joan.
2873 2947 2922 2998 1,
2949 2925 3003 3001 3)
3051 2950 3062 2984 :
3106 2930 3301 3002 ipsein
3350 2928 3567 2984 homine
3590 2935 3669 2980 est
3714 2926 3794 2983 vis

2212 3024 2380 3081 sitare
2424 3023 2715 3080 inferorum
2762 3023 3011 3093 dignatus
3065 3023 3346 3089 obstrusa,
3379 3028 3437 3076 et
3485 3017 3799 3090 przepositaa

2195 3118 2405 3177 'mortis‘
2423 3116 2708 3187 praesentia
2734 3116 2947 3171 invicta:
2965 3113 3266 3187 majestatis
3292 3112 3579 3179 exterruit,
3604 3119 3659 3165 et
3685 3124 3806 3179 pro.

2212 3219 2336 3283 pter
2375 3210 2684 3267 liberandos
2709 3224 2847 3281 quos
2875 3210 3062 3277 voluit,
3094 3208 3389 3267 inferorum
3433 3214 3620 3281 portas
3651 3218 3806 3269 rese-

511 3306 631 3383 cum
661 3292 730 3348 de
769 3285 973 3352 carnis'
995 3313 1106 3353 sua:
1145 3299 1268 3355 cibo
1295 3308 1352 3355 et
1379 3309 1511 3372 potu
1537 3305 1814 3373 sanguinis
1857 3303 2108 3363 Salvator
2132 3295 2182 3361 C
2214 3306 2323 3362 rari
2347 3305 2620 3383 praecepit.

511 3382 625 3453 ipse
652 3388 875 3457 mystice
905 3387 1251 3459 loqueretur,
1280 3393 1457 3448 sciens
1496 3394 1642 3464 quod
1669 3395 1859 3451 oli'ensi
1906 3413 1973 3453 ex
2001 3399 2105 3455 hoc

510 3473 626 3543 ejus
651 3475 897 3548 discipuli
945 3493 1346 3538 murmurarent
1389 3485 1629 3541 dicentes
1661 3504 1674 3541 :
1714 3487 1884 3543 Durus
1911 3498 1990 3544 est
2021 3490 2105 3546 Itis

510 3583 698 3631 sermo,
727 3572 840 3641 quis“
869 3580 1035 3642 potest
1062 3592 1177 3629 eum
1206 3576 1388 3631 audire
1411 3576 1591 3650 (Joan.
1624 3596 1693 3641 Vl,
1718 3580 1847 3652 (il)?
1874 3583 1952 3638 sic
1978 3583 2055 3637 ait
2085 3603 2100 3638 :

512 3657 628 3714 Hoc
654 3677 742 3715 vos
771 3664 1136 3719 scandalizat?
1165 3665 1226 3721 Si
1252 3684 1377 3739 ergo
1414 3670 1646 3725 videritis
1668 3672 1839 3742 ﬁlium
1880 3673 2105 3730 hominis

509 3753 875 3813 ascendentem
912 3756 999 3812 ubi
1038 3768 1151 3815 erat
1189 3765 1338 3832 prius
1366 3761 1555 3833 (lbid.,
1593 3766 1726 3835 63)?
1751 3764 1891 3823 Ecce
1914 3777 1971 3824 et
2016 3769 2104 3824 hic

508 3847 784 3904 advertitis
813 3852 1265 3922 quemadmodum
1286 3863 1510 3927 propter
1529 3856 1789 3915 unitatem
1810 3858 1907 3916 Dei
1927 3862 2103 3917 hospi-2

507 3941 697 4014 nisque
726 3959 985 4014 personzc,
1019 3946 1188 4002 illium
1218 3949 1451 4005 hominis
1480 3952 1569 4006 ubi
1597 3961 1715 4007 erat
1742 3954 1891 4024 prius
1920 3956 2102 4025 perhi-

506 4034 597 4090 bet
626 4051 997 4104 ascensurum,
1028 4055 1189 4111 quem
1220 4040 1272 4096 in
1302 4051 1457 4098 utero
1486 4044 1705 4113 virginis
1739 4055 1952 4102 constat
1978 4062 2099 4103 esse

506 4124 817 4195 formatum,
850 4137 908 4186 ut
936 4147 1003 4187 ex
1046 4148 1113 4189 eo
1154 4134 1403 4191 humanm
1452 4139 1745 4193 nativitatis
1782 4142 2100 4212 sumpsisset

504 4221 848 4293 principium.

574 4310 663 4368 IV.
697 4313 867 4369 Nemo
896 4316 1078 4385 itaque
1106 4318 1369 4388 sacrilego
1395 4322 1584 4391 spiritu
1613 4322 1808 4379 audeat
1844 4340 2097 4397 separare

503 4405 646 4475 quod
677 4405 822 4461 videt
851 4405 904 4462 in
945 4407 1082 4462 cmlo
1113 4416 1167 4463 et
1210 4408 1264 4463 in
1306 4418 1451 4465 terra
1499 4413 1703 4468 unitate
1750 4412 2095 4486 insuperabili

502 4513 843 4569 permanere.
901 4498 1054 4555 Sicut
1106 4501 1249 4556 enim
1302 4503 1371 4557 ab
1424 4505 1813 4575 omnipotentia
1871 4506 2096 4565 Deitatis

501 4587 663 4645 homo
692 4588 938 4647 Christus
964 4589 1120 4649 Jesus
1158 4609 1278 4650 esse
1307 4610 1417 4650 non
1453 4604 1633 4666 potest
1660 4596 1905 4666 alienus;
1936 4600 2011 4654 ita
2039 4608 2095 4656 et

2285 3397 2354 3457 V.
2394 3398 2471 3453 De
2498 3398 2617 3468 ipso
2642 3397 2906 3469 siquidem
2933 3394 3168 3455 Joannes
3195 3395 3472 3468 apostolus
3502 3394 3557 3451 in
3588 3394 3806 3465 Apoca-

2210 3491 2348 3564 lypsi
2375 3492 2455 3547 sic
2482 3492 2755 3561 loquitur:
2786 3489 2969 3547 Posuit
2998 3507 3207 3547 mairum
3231 3490 3497 3549 dexteram
3526 3505 3685 3559 super
3726 3503 3808 3545 me

2209 3585 2386 3641 dicens
2416 3600 2433 3640 :
2464 3581 2593 3640 Noli
2619 3585 2800 3641 timore
2820 3600 2839 3639 :
2868 3601 2962 3656 ego
3004 3600 3115 3638 sum
3152 3585 3346 3655 primus
3373 3592 3421 3639 et
3447 3582 3801 3647 novissimus;

2207 3686 2258 3731 et
2283 3677 2476 3745 vivens,
2503 3677 2589 3749 qui
2614 3678 2813 3748 fueram
2855 3685 3115 3739 mortuus;
3146 3683 3195 3730 et
3216 3692 3327 3731 ecce
3361 3677 3471 3729 sum
3520 3675 3691 3727 virens
3732 3675 3791 3727 in

2206 3769 2397 3823 sarcula
2425 3768 2731 3823 surculorum
2756 3784 2772 3821 :
2794 3776 2843 3821 et
2875 3766 3035 3840 habeo
3071 3768 3257 3823 (larens
3289 3767 3464 3820 mortis
3489 3773 3541 3818 et
3576 3765 3781 3841 infero-

2204 3877 2320 3915 rum
2349 3860 2530 3933 (Apoc.
2563 3877 2598 3925 ι,
2634 3859 2720 3926 l7,
2750 3860 2858 3929 18).
2892 3858 3120 3930 Propter
3156 3861 3403 3916 deitatem
3438 3858 3637 3929 quippe
3666 3857 3788 3927 pri-

2202 3969 2345 4021 mus,
2374 3953 2629 4021 quoniam
2677 3949 2985 4023 principium
3015 3959 3099 4007 est
3135 3952 3273 4025 quod
3299 3961 3347 4006 et
3382 3951 3599 4021 loquitur
3635 3945 3795 4005 nobis

2205 4041 2384 4115 (Joan.
2416 4059 2530 4111 vui,
2558 4039 2652 4113 25)
2686 4060 2698 4095 :
2730 4050 2956 4114 propter
2983 4043 3370 4097 humanitatem
3401 4056 3527 4097 vero
3556 4041 3797 4098 amissi-

2200 4149 2340 4199 mus,
2374 4134 2500 4203 quia
2545 4133 2818 4203 suscipere
2864 4146 3077 4187 crucem
3114 4147 3224 4187 non
3258 4130 3577 4199 dedignatus
3602 4140 3688 4186 est
3734 4141 3799 4187 et

2200 4223 2439 4283 mortem‘
2470 4243 2570 4299 pro
2609 4226 2783 4287 nobis.
2814 4224 2882 4285 Et
2929 4224 3052 4283 ideo
3096 4225 3182 4280 cui
3212 4225 3266 4279 in
3310 4224 3600 4279 Divinitate
3648 4224 3797 4281 nuda.

2200 4329 2326 4376 sunt
2354 4321 2533 4374 omnia
2563 4326 2949 4383 creaturarum,
2982 4316 3143 4372 etiam
3176 4316 3231 4371 in
3271 4317 3491 4372 homine
3534 4326 3797 4387 suscepto

2199 4414 2363 4468 habet
2381 4412 2562 4467 claves
2588 4409 2781 4465 mortis
2811 4417 2865 4465 et
2887 4407 3202 4464 inferorum.
3237 4407 3468 4464 Tantum
3498 4409 3662 4478 igitur
3688 4409 3797 4465 ab-
3848 4442 3863 4457 ι

2198 4512 2301 4572 est,
2331 4502 2500 4558 Deum
2531 4501 2626 4558 Dei
2642 4501 2862 4565 Filium,
2892 4501 3383 4557 incommutabilem
3405 4508 3566 4570 atque
3588 4501 3800 4560 incomr

2197 4596 2632 4669 prehensibilem,
2659 4596 2727 4649 ab
2771 4592 2957 4649 inferis
2996 4593 3239 4664 potuisse
3266 4593 3549 4658 concludi;
3579 4600 3637 4646 ut
3684 4608 3798 4650 nec

499 4681 679 4736 abhis
716 4698 836 4754 qua:
884 4683 937 4739 in
988 4683 1262 4742 hominem
1310 4685 1397 4742 vel
1439 4687 1581 4744 circa
1624 4688 1896 4744 hominem
1940 4699 2090 4759 gesta
2119 4681 2371 4761 Dipsam
2395 4688 2776 4759 assumptionis
2803 4687 3039 4745 animam
3064 4687 3368 4754 credamus,
3411 4695 3502 4742 aut
3530 4687 3795 4743 exitiabi-

499 4781 644 4840 sunt,
675 4778 915 4847 separari
945 4792 1054 4834 non
1084 4785 1267 4850 potest
1287 4778 1448 4835 Deus.
1483 4780 1648 4837 Natus
1668 4794 1799 4851 ergo
1821 4790 1903 4837 est
1926 4782 2090 4839 homo

497 4866 589 4935 qui
623 4868 860 4924 nondum
888 4869 1080 4938 fuerat,
1113 4872 1239 4942 quia
1277 4871 1498 4928 Verbum
1529 4890 1653 4930 caro
1683 4877 1879 4948 factum
1904 4885 2001 4943 est,
2041 4886 2091 4932 et

495 4955 806 5013 inhabitavit
832 4961 885 5014 in
902 4959 1061 5017 'nobis
1087 4963 1264 5036 (Jonn.
1290 4982 1329 5031 r,
1366 4964 1477 5038 Η).
1509 4965 1681 5023 Simili
1711 4969 1871 5025 modo
1899 4984 2090 5041 passus

497 5061 579 5108 est
599 5052 943 5124 impassibilis
965 5069 1066 5125 per
1091 5057 1401 5127 passibilem
1431 5073 1593 5128 quem
1619 5061 1873 5133 suscepit,
1898 5071 1954 5117 et
1982 5062 2085 5117 im-

492 5146 739 5204 mortalis
767 5155 1011 5206 mertuus
1039 5160 1139 5215 est,
1167 5158 1221 5205 et
1242 5151 1333 5221 qui
1360 5168 1635 5224 nunquam
1659 5155 1887 5210 moritur
1904 5171 2087 5212 resur-

493 5242 653 5298 rexit.
686 5239 871 5313 Neque
901 5241 1043 5298 cnlm
1075 5242 1157 5297 vel
1187 5242 1243 5297 in
1270 5245 1525 5313 passione
1552 5242 1723 5301 defuit
1764 5247 1842 5303 illi
1880 5248 2084 5305 homini

496 5334 636 5391 Deus
669 5353 682 5389 :
713 5336 952 5409 alioquin
975 5352 1082 5391 non
1110 5343 1195 5393 est
1218 5335 1479 5394 Dominus
1498 5337 1681 5408 gloriae
1712 5340 2002 5398 cruciﬁxus
2029 5340 2087 5415 (1

493 5426 612 5482 Cor.
647 5444 715 5498 ιι,
746 5427 824 5502 8).
866 5430 948 5484 An
995 5428 1222 5486 dicimus
1250 5428 1420 5486 Deum
1468 5431 1522 5486 in
1567 5440 1823 5504 suscepto
1866 5435 2085 5491 homine

491 5522 653 5576 ctiam
682 5522 826 5593 apud
854 5523 1052 5582 inferos
1079 5540 1190 5581 non
1218 5522 1421 5585 fuisse?
1450 5533 1543 5582 aut
1570 5542 1699 5583 vero
1735 5530 2083 5585 metuendum

492 5619 593 5675 est,
634 5629 707 5669 ne
753 5613 1005 5673 divinitas
1048 5616 1118 5671 ibi
1164 5617 1318 5687 quasi
1364 5617 1655 5688 pmnaliter
1695 5618 1872 5684 fuerit,
1919 5634 2079 5688 quam

493 5703 639 5757 nulla
665 5706 894 5774 qualitas
922 5705 1104 5772 allicit,
1134 5710 1281 5763 nulla
1329 5709 1607 5767 demensio
1654 5711 2082 5766 circumscribit?

439 5832 446 5839 ς
492 5797 647 5865 cujus
675 5800 1096 5867 magnitudinem
1141 5816 1302 5857 nemo
1343 5804 1508 5873 capit,
1536 5803 1878 5873 praesentiam
1923 5818 2082 5858 nemo

430 5949 440 5956 _
491 5889 646 5960 fugit,
675 5899 940 5948 secretum
977 5908 1137 5948 nemo
1176 5894 1397 5959 invenit,
1424 5894 1766 5962 splendorem
1794 5895 1972 5951 nullus
1996 5903 2082 5950 at-

2198 4781 2322 4836 liter
2348 4790 2673 4851 susceptam,
2724 4786 2817 4833 aut
2858 4779 3123 4834 tenaciter
3165 4778 3496 4834 derelictam.
3532 4778 3640 4833 Sed
3681 4795 3797 4837 nec

2192 4888 2414 4929 carnem
2444 4871 2559 4941 ejus
2586 4870 2857 4927 credimus
2880 4860 3203 4938 contagione
3232 4869 3458 4937 alicujus
3485 4871 3799 4940 corruptio-

2196 4968 2280 5023 nis
2300 4965 2571 5027 infectam.
2605 4964 2777 5037 lpsius
2795 4978 3028 5034 namque
3057 4979 3157 5019 vos
3189 4969 3273 5018 est
3301 4963 3353 5019 in
3383 4962 3610 5035 psalmo,
3644 4964 3798 5021 sicut

2190 5057 2387 5115 Petrus
2407 5058 2794 5128 interpretatur
2820 5055 3098 5127 apostolus
3124 5072 3137 5108 :
3162 5052 3285 5109 Non
3308 5053 3630 5125 derelinques
3658 5056 3796 5109 ani-

2188 5168 2332 5207 mam
2365 5167 2531 5207 meum
2572 5150 2712 5221 apud
2748 5150 2965 5221 inferos,
2993 5166 3154 5221 neque
3185 5157 3421 5203 sanctum
3448 5157 3585 5202 tuum
3614 5148 3802 5203 ridere

2190 5246 2569 5316 corruptionem
2599 5242 2769 5305 (Ptol.
2794 5259 2884 5308 xv,
2908 5242 3002 5308 10;
3025 5244 3139 5296 Act.
3173 5258 3230 5307 ιι,
3261 5239 3374 5312 28).
3411 5240 3531 5313 ipse
3562 5250 3801 5312 propter

2191 5339 2406 5409 culpam
2434 5346 2674 5409 nostram
2704 5340 2870 5409 factus
2902 5345 2979 5391 est
3019 5337 3152 5392 velut
3180 5337 3332 5393 homo
3370 5337 3482 5390 sine
3520 5335 3798 5408 ndjutorie

2192 5406 2364 5505 (Psal.
2396 5406 2628 5497 ιιιδινιι,
2663 5406 2717 5500 ὅ)
2753 5449 2766 5483 :
2800 5437 3024 5501 propter
3051 5429 3413 5485 innocentiam
3439 5444 3567 5484 vero
3586 5406 3661 5484 ac
3684 5443 3799 5503 po-

2188 5525 2413 5580 tentiam
2442 5540 2593 5579 suam
2626 5524 2874 5578 inventus
2916 5531 2999 5577 est
3036 5524 3170 5576 inter
3195 5530 3424 5576 mortuos
3452 5521 3600 5576 liber.
3632 5520 3798 5578 Tunc

2189 5619 2331 5674 enim
2364 5632 2489 5673 vere
2516 5632 2634 5686 quac
2664 5632 2769 5671 non
2795 5622 3066 5685 rapuerat,
3096 5615 3238 5670 sicut
3264 5615 3522 5685 scriptum
3552 5621 3637 5669 est
3661 5613 3789 5685 (Ps.

2190 5726 2371 5776 vam,
2394 5707 2448 5781 5)
2471 5707 2801 5765 exsolvebat.
2826 5707 3135 5776 Nonitaque
3148 5706 3362 5775 mirum,
3377 5706 3422 5761 si
3439 5706 3609 5761 Deum
3631 5706 3795 5763 locus

2190 5802 2386 5871 aliquis
2414 5802 2622 5871 recipit,
2654 5816 2755 5865 nec
2784 5808 2963 5867 tamen
2996 5800 3141 5871 capit
3173 5819 3187 5854 :
3217 5799 3560 5870 prmscutiam
3596 5800 3793 5861 sentit,

2191 5893 2531 5969 maiestatem
2561 5908 2668 5947 non
2700 5891 2923 5962 impedit
2948 5910 2960 5946 :
2984 5892 3290 5965 expavescit
3308 5892 3794 5962 omnipotentiam,
