4110 6336
216 390 225 395 ”
291 430 398 495 sas

1914 322 1931 327 ε
2042 316 2075 337 κ

1718 410 2051 473 EPISTOLA
2087 413 2153 471 ll.

3475 414 3584 472 854

288 542 647 602 manu
690 557 801 599 non
848 541 1093 601 includit.
1136 541 1416 613 Siquidem
1456 540 1546 597 illa
1592 553 1800 594 mmo
1832 543 1891 593 et
1913 536 1968 599 Δ
1996 534 2306 601 faciendum
2347 541 2400 595 in
2438 542 2741 598 aeternitate
2770 494 2890 598 cum
2928 541 3086 599 Patre
3129 538 3424 614 disposuit?
3456 539 3582 597 Rrec

290 634 531 707 perfecta
556 633 837 693 beatitudo
860 643 917 691 et
932 634 1386 703 inexstinguihilis
1409 632 1546 703 lucis
1565 629 1725 704 [forte
1743 625 1878 699 lux],

290 743 391 783 nec
420 726 696 782 obscurari
725 726 982 792 tenebris,
1008 741 1108 781 nec
1131 725 1327 781 variari
1356 724 1508 791 locis,
1539 738 1641 778 nec
1670 720 1877 792 passio-

1987 643 2118 699 ergo
2147 639 2202 686 et
2233 632 2357 686 talia
2388 648 2510 688 cum
2551 634 2803 690 dicuntur
2842 645 2934 689 aut
2977 635 3129 702 iiunt,
3160 635 3297 691 sicut
3330 649 3471 705 saepe
3500 634 3583 691 di-

1987 730 2135 779 ctum
2164 731 2267 789 est,
2296 741 2481 781 veram
2521 727 2755 782 hominis
2802 725 3169 783 inﬁmitatem
3210 726 3582 795 fragilitatem—

289 818 451 877 nibus
468 818 629 886 allici,
652 833 754 875 nec
777 817 1176 875 conditionibus
1201 819 1390 882 minui,
1415 833 1518 873 nee
1542 812 1881 885 temporibus
1983 830 2093 885 que
2118 815 2513 884 demonstrant,
2551 832 2663 874 nec
2705 818 2826 874 ideo
2869 819 3210 890 praesentiam
3247 818 3438 874 divinae
3468 831 3582 876 mit-

288 910 469 971 valeat
493 911 832 971 commutari.
874 909 1016 966 Deus
1040 923 1171 979 ergo
1201 910 1367 966 lilium
1395 909 1670 980 proprium
1687 904 1879 960 “homi-

290 1017 416 1063 uel!)
444 1016 549 1061 nec
581 1000 639 1061 in
666 1000 852 1061 inieris
876 1001 1137 1068 deseruit,
1156 1017 1257 1057 nec
1283 1000 1427 1072 apud
1453 998 1652 1055 inferos
1677 997 1878 1053 dereli-

287 1094 424 1162 quit.
457 1089 625 1163 Cujus
650 1102 831 1152 autern
858 1095 1057 1151 virtute
1101 1110 1165 1151 ac
1202 1094 1485 1164 majestate
1508 1092 1726 1161 antiqua
1755 1105 1877 1145 san-

289 1193 501 1245 ttorum
528 1200 760 1257 carpam
789 1187 902 1243 visa
929 1196 1055 1242 sunt
1074 1187 1436 1243 resurrexisse
1456 1183 1671 1256 (Matth.
1708 1197 1876 1250 xxvn,

287 1277 379 1343 :‘il,
423 1276 536 1349 5%),
578 1278 626 1337 si
667 1278 809 1337 Deus
846 1279 1046 1339 inferos
1087 1281 1305 1336 minime
1332 1279 1602 1335 visitavit?
1630 1276 1760 1345 Quis
1787 1277 1877 1335 ille

286 1379 371 1429 est
398 1372 493 1442 qui
533 1380 718 1443 petras
752 1373 944 1438 scindi,
972 1381 1171 1437 terram
1198 1371 1549 1437 eorumoveri,
1579 1370 1750 1426 solem
1779 1369 1891 1425 obs

287 1465 513 1527 scurari,
557 1464 702 1521 diem
744 1463 948 1534 iugere,
994 1465 1170 1521 velum
1216 1464 1401 1533 templi
1448 1463 1501 1517 in
1539 1461 1674 1516 duas
1714 1459 1881 1515 dividi

286 1563 470 1626 partes
497 1555 713 1615 eiecit?
739 1557 991 1627 Nunquid
1034 1559 1196 1614 homo
1232 1556 1477 1612 tantum?
1504 1570 1685 1611 nonne
1712 1554 1880 1609 etiam

285 1648 463 1709 Delta?
489 1646 633 1717 Ergo
658 1650 709 1706 ei
739 1665 841 1707 nec
868 1650 923 1705 iu
950 1665 1129 1714 cruce,
1156 1664 1259 1705 nee
1283 1649 1337 1705 in
1365 1655 1564 1714 morte,
1595 1661 1696 1702 nec
1724 1646 1777 1700 in
1799 1658 1882 1701 se-

287 1738 495 1810 pulcro,
527 1756 629 1801 nec
670 1741 723 1797 in
741 1740 937 1799 inieris
959 1741 1144 1797 defuit.
1178 1741 1287 1796 Nec
1314 1741 1491 1805 aliter,
1532 1748 1626 1794 aut
1665 1738 1733 1793 de
1770 1737 1879 1793 alio

286 1832 425 1891 Solet
466 1832 689 1901 intelligi
726 1833 873 1904 quod
915 1834 969 1889 in
1016 1833 1224 1903 psalmo
1266 1832 1468 1887 dictum
1511 1839 1595 1888 est
1626 1848 1637 1884 :
1670 1831 1885 1902 Auferte

1978 903 2194 974 jestatis
2220 915 2504 962 evacuant.

2057 998 2170 1053 Vl].
2213 999 2311 1056 ilic
2332 1002 2498 1057 homo
2527 1002 2769 1072 quisquis
2789 1018 2866 1069 es,
2890 1005 2981 1075 qui
3010 1012 3167 1075 putas
3200 1003 3367 1060 Deum
3416 1002 3578 1061 Chri-

1983 1099 2131 1146 stum
2178 1091 2244 1146 ab
2289 1093 2508 1149 homine
2533 1091 2752 1150 Christo
2776 1096 3043 1166 passionis
3072 1104 3314 1177 tempore
3360 1112 3551 1168 separa

1986 1191 2124 1249 tum,
2177 1201 2283 1240 non
2331 1186 2634 1243 recordaris
2682 1204 2804 1241 eum
2848 1188 3084 1259 passuris
3125 1189 3398 1259 discipulis
3426 1206 3579 1244 suam

1986 1277 2329 1347 pmsentiam
2351 1275 2582 1333 ﬁdeliter
2609 1279 2974 1349 pollicentem,
3008 1282 3099 1351 qui
3129 1281 3258 1336 dicit
3285 1300 3296 1334 :
3329 1280 3459 1337 Cum
3494 1300 3580 1338 ros

1986 1367 2319 1437 tradiderint,
2342 1369 2500 1423 nolite
2511 1372 2737 1441 rogitare
2751 1371 3005 1443 quomodo
3025 1378 3113 1425 aut
3134 1372 3258 1445 quid
3277 1372 3578 1444 loquamini;

1986 1458 2199 1515 dabitur
2221 1462 2358 1515 enim
2405 1460 2544 1516 vobis
2567 1465 2621 1516 iu
2650 1464 2745 1517 illa
2794 1466 2921 1518 liora
2950 1464 3075 1537 quid
3120 1464 3420 1538 loquamini.
3455 1463 3579 1520 Non

1984 1554 2128 1611 enim
2152 1569 2242 1607 vos
2271 1554 2395 1608 estis
2415 1556 2499 1626 qui
2526 1554 2813 1626 loquimini,
2845 1556 2938 1610 sed
2967 1558 3179 1628 spiritus
3201 1544 3380 1612 Patris
3425 1558 3581 1613 uestri

1984 1646 2077 1715 qui
2104 1644 2329 1718 loquitur
2348 1648 2399 1701 in
2442 1646 2583 1702 robis
2612 1647 2824 1718 (Matth.
2858 1665 2909 1713 x,
2936 1647 3023 1710 i9,
3055 1647 3165 1719 20).
3200 1649 3348 1705 itane
3377 1649 3466 1704 ille
3486 1649 3580 1718 qui

1986 1738 2162 1792 servis
2204 1739 2520 1794 facientibus
2560 1738 2772 1795 Domini
2814 1739 3146 1795 voluntatem
3168 1756 3318 1795 suam
3343 1741 3580 1797 divinam

1988 1831 2331 1900 praesentiam
2356 1832 2620 1902 promisit,
2649 1832 2889 1898 donavit,
2918 1832 3188 1899 exhibuit;
3223 1834 3275 1887 in
3303 1848 3410 1903 quo
3434 1834 3581 1889 nullo

285 1936 485 1995 partes,
511 1929 794 1999 principes,
822 1936 1039 1989 vestras,
1070 1938 1120 1981 et
1144 1925 1436 1993 elevainini,
1459 1933 1623 1996 parte
1656 1931 1884 1978 cterua-
1915 1919 1965 1978 Β
1989 1924 2260 1978 existente
2313 1932 2557 1995 peccato,
2608 1941 2704 1996 pro
2755 1936 2939 1982 nostra
2967 1926 3140 1982 salute
3163 1936 3391 1982 mortem
3421 1927 3585 1982 subiit

284 2020 385 2089 les,
412 2031 462 2077 et
491 2021 723 2077 introibit
761 2038 854 2076 rex
896 2021 1078 2092 gloria:
1107 2019 1279 2090 (Psal.
1311 2034 1462 2086 xxtn,
1490 2016 1561 2085 7).
1597 2015 1751 2072 Unde
1776 2031 1878 2070 ex-

286 2114 698 2184 pavescentilms
725 2123 889 2182 atque
917 2104 1547 2180 interrogantibus,'Quis
1567 2117 1645 2164 est
1669 2110 1766 2164 iste
1785 2125 1880 2163 res:

287 2205 468 2276 gloriae
494 2203 681 2273 (Mitt,
707 2204 800 2272 8)?
824 2204 1200 2274 respondetur,
1231 2201 1486 2261 Dominus
1517 2203 1668 2274 [ortis
1706 2207 1755 2254 et
1782 2216 1879 2271 po-

288 2303 422 2363 tens,
446 2294 701 2355 Dominus
728 2304 909 2367 potens
936 2296 991 2349 in
1028 2295 1228 2365 pralio.
1264 2305 1289 2333 κ
1318 2291 1437 2361 Quo
1466 2293 1669 2365 prmlio,
1696 2292 1796 2347 nisi
1824 2292 1881 2347 in

288 2402 397 2457 quo
423 2392 654 2449 mortem
684 2398 859 2445 morte
884 2387 1134 2450 calcavit,
1163 2396 1442 2456 peceatum
1467 2386 1727 2441 innocens
1745 2385 1885 2448 oeci-.-

289 2497 382 2535 sus
408 2481 685 2558 exstinxit,
710 2490 766 2534 et
796 2489 1054 2549 tropaeum
1098 2480 1332 2539 victoriae
1359 2464 1427 2533 de
1453 2478 1669 2534 diabolo
1698 2486 1752 2533 et
1779 2494 1879 2533 an-

289 2574 424 2641 gelis
451 2573 568 2641 eius
587 2573 920 2642 reportavit?

367 2664 450 2723 Vl.
483 2664 551 2727 At
576 2666 722 2722 enim
751 2665 866 2735 ipse
892 2665 947 2719 in
975 2679 1137 2721 cruce
1164 2663 1334 2718 dixit:
1358 2665 1520 2727 Deus,
1553 2661 1692 2717 Deus
1716 2678 1880 2726 meus,

290 2775 451 2829 quare
477 2774 559 2813 nte
588 2757 905 2828 dereliquisti
937 2756 1108 2826 (Psal.
1140 2771 1251 2820 xxi,
1275 2754 1488 2825 i)?Sed
1518 2754 1618 2808 ista
1646 2752 1882 2822 suscepti

292 2848 525 2909 hominis
552 2863 659 2905 vox
692 2855 794 2903 est.
831 2846 1059 2901 Attende
1090 2846 1230 2900 unde
1257 2853 1530 2914 assumpta
1558 2853 1662 2911 est,
1688 2852 1743 2899 et
1770 2844 1882 2900 illic

287 2937 407 2997 vide
434 2937 565 3006 quid
589 2937 832 3007 sequitur
856 2955 869 2991 :
897 2936 1091 3009 Longe,
1118 2937 1309 3005 inquit,
1340 2954 1373 2991 ο
1398 2936 1568 2991 salute
1594 2953 1709 2992 mea
1728 2935 1881 2989 rerbo

288 3029 589 3091 Motorum
615 3026 831 3101 (Ibid.).
862 3029 1064 3089 Similis
1092 3037 1174 3085 est
1205 3031 1318 3085 haec
1342 3046 1447 3084 vox
1477 3030 1640 3084 etiam
1670 3030 1742 3082 illi
1774 3044 1880 3099 qua

284 3120 483 3182 dicitur
522 3139 535 3181 ε
590 3118 775 3179 Tristis
820 3131 901 3179 est
947 3123 1123 3179 animo
1174 3138 1290 3177 utea
1338 3138 1495 3194 usque
1543 3123 1614 3176 ad
1665 3130 1885 3177 mortem

288 3210 502 3284 (Matth.
552 3227 695 3277 xxvi.
731 3211 843 3283 δε).
888 3212 1076 3277 Nonne
1114 3214 1274 3285 paulo
1303 3222 1428 3270 ante
1468 3216 1584 3286 ipse
1606 3213 1886 3283 discipulis

286 3301 497 3357 dixerat
523 3322 536 3355 :
565 3301 631 3358 In
666 3305 763 3358 hoc
786 3307 1079 3363 contristati
1107 3308 1250 3371 estis,
1274 3307 1519 3377 quonam
1547 3307 1678 3371 disi,
1701 3305 1784 3361 Eo
1810 3305 1884 3360 ad
1911 3303 1954 3362 ς

284 3394 504 3455 Patrem
529 3413 718 3468 ineunt,
750 3407 798 3455 et
809 3398 927 3469 join
947 3415 1051 3473 non
1080 3398 1316 3454 uidebitis
1341 3415 1422 3453 me
1445 3397 1623 3471 (toan.
1657 3414 1767 3463 xvi,
1790 3397 1875 3467 6);

284 3494 363 3553 et,
396 3487 457 3542 Si
498 3487 778 3559 diligentis
816 3505 918 3558 me,
948 3489 1272 3561 gaudentis;
1300 3492 1420 3562 (pia
1447 3507 1507 3545 eo
1541 3490 1609 3544 ad
1642 3489 1875 3555 Patrem,

282 3580 407 3648 quia
438 3578 601 3637 Pater
638 3581 807 3652 major
826 3599 908 3638 ne
932 3592 1010 3639 est
1029 3580 1211 3656 (Im.
1249 3598 1357 3649 xiv,
1381 3582 1491 3654 28).
1526 3582 1583 3641 in
1612 3597 1720 3652 quo
1749 3595 1879 3650 ergo

282 3668 438 3741 jubet
462 3672 695 3739 gaudere
722 3673 1014 3745 discipulos
1038 3676 1197 3732 suos?
1223 3674 1465 3742 Qualiter
1492 3675 1730 3730 creditur
1748 3691 1880 3729 con-

281 3762 491 3821 tristari
520 3766 793 3834 magister.
825 3767 926 3821 nisi
953 3775 1011 3825 ut
1040 3767 1094 3825 in
1123 3768 1342 3825 homine
1360 3768 1472 3822 veri
1501 3766 1736 3823 hominis
1756 3782 1880 3838 pas-

281 3855 469 3911 siones
492 3864 549 3910 et
572 3855 949 3919 ﬂuctuationes
977 3859 1321 3935 ostenderet?
1348 3859 1449 3927 Qui
1477 3861 1620 3915 enim
1658 3870 1882 3933 propter

282 3959 391 4011 nos
435 3948 801 4017 redimendos,
832 3951 1208 4017 instituendos,
1250 3952 1754 4025 couiirmandosque
1782 3972 1872 4011 ve-

282 4048 464 4107 nerat,
491 4043 672 4101 omnia
701 4042 753 4096 in
785 4056 843 4098 se
885 4043 1209 4105 iniit-unitatis
1250 4052 1449 4101 nostra:
1485 4059 1682 4115 gent-ra
1718 4046 1881 4103 ωδε-1ο

282 4131 472 4187 nebat.
506 4130 629 4191 Non
660 4134 796 4188 etaim
825 4134 1069 4193 habemus
1101 4136 1439 4200 sacerdotem,
1472 4138 1560 4208 qui
1585 4154 1692 4193 non
1718 4139 1881 4208 possit

275 4225 516 4297 conspati
538 4225 926 4296 inﬁrmitatibus
952 4230 1143 4287 nostris
1173 4228 1360 4301 (Hebr.
1388 4247 1459 4296 tv,
1491 4228 1579 4295 15)
1609 4250 1621 4283 :
1653 4232 1876 4295 etenim,

278 4319 429 4383 sicut
455 4316 748 4393 Apostolus
774 4319 869 4384 ait,
904 4317 1163 4389 Expertus
1190 4329 1267 4379 est
1295 4323 1469 4379 omnia
1496 4323 1776 4379 nmium
1802 4322 1879 4377 sio

281 4409 632 4471 militudinem
657 4412 770 4467 sine
797 4422 1023 4483 peccato.
1056 4412 1256 4471 Similis
1298 4415 1422 4476 huic
1468 4425 1551 4475 est
1597 4418 1758 4473 etiam
1788 4417 1879 4473 illa

285 4520 396 4565 vox
424 4522 437 4557 :
466 4502 646 4570 Pater,
683 4507 727 4561 si
769 4506 883 4577 ﬁeri
920 4515 1106 4577 potest,
1137 4516 1370 4567 transeat
1398 4526 1431 4565 α
1459 4527 1541 4567 me
1565 4512 1707 4566 calix
1732 4512 1831 4565 iste
1859 4526 1879 4566 :

283 4615 464 4655 rerum
491 4615 596 4655 non
616 4599 753 4671 quod
774 4616 869 4671 ego
896 4601 1029 4666 uolo,
1053 4602 1144 4661 sed
1160 4603 1297 4675 quod
1323 4613 1375 4659 tu
1395 4605 1471 4661 vis
1494 4602 1709 4677 (Matth.
1730 4620 1878 4671 xxvs,

1988 2014 2284 2080 innoxiam,
2309 2024 2369 2072 ut
2390 2016 2564 2073 Patris
2583 2016 2785 2073 faceret
2805 2019 3157 2085 voluntatem,
3180 2018 3417 2074 divinum
3439 2019 3585 2073 auxi-

1987 2106 2119 2162 lium
2148 2108 2248 2165 sibi
2278 2110 2455 2164 carnis
2475 2118 2719 2181 tempore
2731 2109 3051 2180 denegavit?
3066 2109 3133 2165 Et
3149 2110 3289 2165 Deus
3308 2109 3583 2165 hominem

1985 2214 2151 2270 quem
2180 2200 2251 2256 ob
2278 2201 2393 2257 haec
2416 2202 2727 2258 sustinenda
2752 2202 2897 2257 nulla
2925 2202 3236 2273 compulsus
3264 2200 3584 2256 necessitate

1986 2292 2246 2363 suscepit,
2282 2293 2335 2348 in
2366 2294 2469 2350 hac
2498 2293 2876 2365 perfunctione
2902 2293 3181 2350 destituit?
3211 2293 3473 2364 Loquitur
3500 2292 3584 2346 in-

1986 2388 2077 2437 ter
2098 2390 2366 2441 tomento
2388 2394 2682 2459 martyrum
2705 2402 2961 2457 praesens,
2992 2380 3094 2442 nec
3116 2401 3211 2441 eos
3233 2384 3432 2454 aliquid
3468 2398 3582 2439 me-

1983 2474 2151 2531 ditari
2180 2477 2460 2546 permittit,
2491 2485 2549 2533 et
2568 2492 2632 2534 se
2660 2479 2829 2549 ipsum
2854 2480 2906 2532 in
2933 2478 3107 2534 crucis
3135 2476 3375 2548 patibulo
3397 2475 3583 2531 dereli-
3626 2508 3630 2515 -

1982 2568 2142 2638 quit?
2179 2566 2300 2639 Ipse
2326 2578 2411 2624 est
2449 2571 2614 2636 enim,
2635 2569 2781 2640 quod
2808 2585 2953 2641 saepe
2975 2586 3039 2626 ac
3065 2585 3283 2641 semper
3309 2577 3395 2624 est
3422 2584 3582 2639 repe-

1988 2658 2209 2715 tendum
2243 2678 2256 2712 :
2314 2676 2417 2716 nec
2460 2660 2715 2731 distingui
2756 2668 2935 2733 potest
2964 2659 3059 2716 Dei
3086 2661 3426 2730 hominisque
3455 2675 3583 2731 per-

1985 2765 2143 2816 sona,
2195 2752 2442 2822 quamvis
2489 2753 2557 2807 sit
2596 2754 2650 2809 in
2693 2768 2760 2808 eo
2814 2753 3027 2809 diversa
3082 2753 3398 2808 substantia.
3432 2751 3582 2807 Absit

1988 2840 2135 2895 aliud
2164 2843 2408 2909 credere,
2438 2844 2579 2897 absit
2622 2844 2781 2898 aliter
2820 2843 2889 2897 de
2940 2843 3314 2914 omnipotente
3360 2843 3580 2899 sentire.

1990 2933 2101 2989 Nec
2128 2935 2278 2989 nasci
2305 2944 2558 3000 πίει-ηας,
2609 2951 2710 2990 nec
2739 2951 2982 2992 crescere
3010 2934 3299 3007 perfectus,
3328 2950 3428 2991 nec
3482 2936 3581 2990 im-

1990 3024 2259 3094 passibilis
2309 3027 2441 3096 pati,
2496 3041 2600 3083 nec
2644 3027 2961 3082 immortalis
2989 3029 3161 3094 mori,
3187 3030 3304 3083 sine
3353 3028 3458 3082 ulla
3498 3029 3580 3084 sui

1990 3117 2289 3173 mutatione
2317 3119 2399 3174 vel
2425 3116 2792 3191 cohuptioue,
2823 3122 2961 3175 sicut
2984 3120 3096 3191 jam
3124 3121 3324 3176 dictum
3354 3129 3454 3185 est,
3480 3120 3581 3176 for-

1986 3208 2230 3265 midavit.
2254 3208 2362 3266 Sed
2389 3212 2513 3281 quia
2537 3212 2650 3268 luec
2671 3214 2781 3283 pati
2810 3229 2917 3267 non
2948 3222 3133 3284 posset
3155 3215 3269 3269 sola
3302 3215 3577 3281 Divinitas,

1990 3299 2266 3356 hominem
2297 3318 2393 3373 per
2420 3319 2579 3374 quem
2612 3306 2744 3359 tanti
2775 3308 3011 3361 muneris
3052 3308 3310 3378 mysterio
3358 3307 3579 3377 perlue-

1984 3400 2225 3460 geretur,
2259 3395 2487 3464 accepit.
2544 3395 2675 3450 Nam
2704 3406 2760 3451 et
2806 3396 2860 3451 in
2905 3398 3100 3452 omium
3148 3405 3419 3468 receptus,
3451 3398 3580 3453 illuc

1984 3500 2112 3539 eum
2142 3485 2335 3541 levavit
2359 3487 2497 3541 unde
2526 3503 2799 3555 nunquam
2829 3488 2944 3559 ipse
2972 3488 3238 3543 discessit.
3283 3486 3580 3542 Audiamus

1988 3582 2305 3652 Apostolum
2337 3583 2713 3652 praedicantem
2729 3581 3001 3641 Christum
3022 3583 3355 3649 cruciﬁxum,
3377 3581 3580 3637 Judwis

1983 3673 2195 3745 quidem
2230 3674 2553 3741 scandalum,
2605 3674 2838 3747 gentibus
2892 3686 3065 3732 autent
3102 3677 3375 3732 stultitiam
3406 3693 3421 3729 :
3452 3677 3578 3745 ipsis
3654 3710 3667 3721 κ

1983 3771 2104 3821 vero
2130 3764 2322 3821 vocatis
2342 3766 2542 3822 Iudaeis
2563 3778 2611 3822 et
2627 3767 2846 3837 Crassis,
2875 3769 3107 3824 eumdem
3129 3770 3297 3839 ipsum
3319 3767 3575 3824 Christian.

1986 3855 2086 3912 Dei
2115 3860 2350 3913 uirtutem
2374 3868 2425 3912 et
2450 3858 2549 3914 Dei
2570 3863 2878 3931 sapientiam
2901 3861 2954 3934 (Ι
2985 3860 3105 3915 Cor.
3136 3878 3171 3926 ι,
3197 3860 3288 3928 25,
3319 3857 3431 3931 ‘24).
3467 3859 3569 3913 Ad-

1985 3952 2200 4018 vertite,
2228 3953 2317 4009 lilii
2340 3953 2693 4021 dilectissimi,
2713 3954 2922 4024 etquod
2940 3954 3049 4023 jam
3080 3955 3248 4008 nostis
3269 3953 3572 4021 agnoscite:

1982 4043 2163 4114 ipsum
2218 4041 2513 4113 Christum,
2566 4046 2659 4113 qui
2712 4055 2934 4115 propter
2962 4045 3316 4100 humilitatem
3344 4045 3579 4114 suscepti

1984 4135 2218 4201 hominis
2244 4137 2440 4194 Judaais
2454 4138 2650 4194 dicitur
2669 4138 2830 4195 fuisse
2854 4140 3184 4200 scandalum,
3211 4138 3458 4208 gentibus
3483 4155 3579 4193 aus
3644 4172 3647 4175 -

1985 4236 2098 4284 tem
2120 4231 2369 4298 stultitia,
2400 4233 2574 4303 ipsum
2602 4247 2725 4288 esse
2755 4233 2850 4288 Dei
2879 4234 3132 4288 virtutem
3162 4241 3216 4287 et
3244 4231 3339 4286 Dei
3362 4233 3578 4303 sapien-

1982 4321 2135 4379 tiam.
2167 4322 2415 4393 Nunquid
2442 4324 2525 4379 vel
2575 4324 2663 4380 hic
2686 4332 2936 4395 separata
2986 4332 3078 4379 aut
3108 4325 3335 4379 discreta
3381 4331 3464 4377 est
3511 4323 3579 4376 ab

1985 4418 2248 4488 Apostolo
2269 4418 2563 4475 divinitatis
2585 4419 3037 4491 humanitatisque
3058 4419 3324 4490 persona?
3349 4426 3438 4470 aut
3455 4432 3581 4471 eru-

1984 4500 2104 4567 buit
2130 4510 2372 4571 eamdem
2402 4511 2584 4567 dicere
2636 4510 2733 4567 Dei
2777 4513 3119 4582 sapientiam,
3171 4525 3334 4580 quam
3384 4511 3578 4565 factam

1985 4606 2199 4662 dixerat
2225 4606 2463 4677 gentium
2484 4607 2800 4663 stultitiam?
2822 4614 2914 4661 aut
2944 4606 3191 4662 eumdem
3222 4620 3462 4659 asserere
3482 4602 3578 4655 Dei

281 4690 402 4758 '69).
432 4688 621 4749 Nonne
641 4692 694 4749 in
722 4693 824 4753 hoc
839 4701 1080 4760 venerat,
1109 4703 1169 4750 ut
1195 4710 1296 4765 pro
1315 4695 1471 4754 nobis
1495 4697 1637 4753 hunc
1658 4698 1883 4754 calicem
1911 4691 1966 4754 Β
1988 4700 2261 4765 virtutem,
2285 4715 2447 4769 quem
2475 4700 2783 4757 scandalum
2812 4698 3022 4753 dixerat
3047 4695 3384 4751 Judieorum?
3438 4692 3578 4759 Quid

288 4783 521 4846 biberet,
554 4790 610 4837 et
638 4798 902 4849 venenum
942 4801 973 4843 a
1011 4797 1265 4858 serpente
1292 4790 1634 4860 propinatum
1665 4792 1756 4847 tali
1785 4808 1883 4849 an-

287 4873 466 4929 tidoto
494 4873 682 4933 salutis
708 4876 1038 4945 expelleret?
1065 4878 1255 4936 Nonne
1287 4890 1610 4949 potestatem
1651 4884 1885 4940 habebat

286 4962 529 5035 ponendi
556 4965 787 5029 animam
814 4981 987 5033 suam,
1009 4976 1065 5023 et
1086 4978 1407 5039 potestatem
1430 4973 1663 5029 habebat
1687 4975 1883 5029 iterum

282 5055 536 5115 sumendi
583 5071 701 5115 eam
732 5056 911 5129 (Joan,
964 5075 1016 5122 x,
1064 5059 1193 5127 18)?
1238 5060 1428 5119 Nonne
1467 5064 1583 5133 ipse
1623 5065 1834 5120 dixerat
1866 5084 1879 5120 :
1914 5088 1917 5091 ·

282 5144 464 5203 Nemo
495 5149 629 5204 tollit
656 5166 770 5209 eam
813 5167 847 5205 a
883 5167 983 5219 me,
1032 5153 1124 5211 sed
1154 5169 1249 5223 ego
1288 5170 1321 5206 a
1354 5171 1434 5210 nte
1453 5157 1574 5226 ipso
1602 5174 1738 5227 pono
1769 5175 1884 5215 eoas

285 5238 520 5311 (llud)?
567 5240 637 5305 Et
677 5252 858 5303 tamen
907 5259 1049 5301 nunc
1086 5246 1233 5301 velut
1275 5246 1525 5305 dubitans
1566 5250 1800 5320 loquitur
1826 5260 1882 5309 et

282 5347 548 5391 recusans
579 5352 592 5387 :
619 5342 678 5390 ut
708 5345 765 5395 et
805 5336 912 5393 illic
937 5337 1117 5399 divina
1147 5347 1386 5408 putestas
1411 5352 1686 5412 appareat,
1712 5353 1768 5400 et
1796 5345 1884 5400 hic

280 5440 351 5482 se
379 5426 617 5493 conditio
637 5428 870 5491 humana
896 5441 1205 5500 cognoscat.
1230 5432 1418 5509 Nonne
1437 5434 1544 5491 hoc
1569 5438 1882 5508 mysterium

283 5526 419 5583 ante
449 5529 691 5592 ιαωμοη
720 5530 923 5589 alterna
956 5523 1011 5581 in
1043 5524 1156 5581 Deo
1182 5525 1342 5582 fuisse
1371 5526 1743 5583 absconditum
1773 5530 1883 5585 cla-

279 5620 408 5681 mat
430 5613 721 5685 Apostolus
748 5614 883 5687 (Coi.
918 5632 955 5680 ι.
982 5615 1113 5688 26)9
1139 5617 1275 5674 Νιιιη
1306 5634 1434 5674 vero
1458 5619 1605 5675 velut
1638 5623 1880 5692 repenti-

281 5720 423 5767 num
470 5705 673 5776 aliquid
710 5706 955 5769 Christus
994 5710 1231 5781 expavit,
1261 5712 1404 5783 quod
1445 5719 1597 5768 certo
1638 5698 1881 5785 tempore

368 5889 392 5917 ⁸
431 5878 591 5938 Forte
621 5884 986 5944 interserenda
1011 5905 1077 5943 ex
1110 5897 1367 5945 contextu
1405 5892 1719 5960 praepositio
1747 5894 1821 5946 in.

1983 4805 2115 4860 ergo
2144 4805 2244 4846 nos
2272 4792 2637 4846 erubescimus
2665 4786 2910 4845 conﬁteri
2949 4787 3115 4840 Deum
3145 4792 3368 4855 propter
3395 4784 3575 4839 homi-

1989 4896 2113 4936 nem
2169 4889 2331 4949 atque
2387 4881 2440 4934 in
2487 4880 2709 4935 homine
2766 4886 2948 4933 natum
2971 4886 3026 4931 et
3045 4891 3440 4947 passumgcum
3473 4892 3575 4931 non

1988 4988 2246 5042 negamus
2276 4973 2512 5028 donante
2540 4973 2649 5026 Deo
2696 4971 2894 5028 factum
2918 4971 3165 5027 eumdem
3197 4971 3370 5043 ipsum
3400 4969 3571 5026 homi-

1986 5081 2111 5119 nem
2142 5065 2350 5119 Deum?
2375 5062 2529 5131 Quod
2554 5063 2735 5131 utique
2762 5079 2858 5134 per
2885 5063 3121 5119 divinam
3167 5066 3417 5133 gratiam,
3471 5078 3573 5116 non

1989 5174 2090 5230 per
2109 5162 2398 5217 humanam
2425 5156 2778 5213 substantiam
2804 5160 3077 5229 accepisse
3105 5157 3465 5231 cognoscitur.

2065 5251 2192 5306 Vlll.
2218 5250 2405 5305 Adhuc
2428 5250 2588 5321 paulo
2611 5249 2746 5305 intra
2771 5251 3112 5320 subsequitur
3136 5268 3148 5301 :
3170 5247 3255 5301 Ex
3272 5249 3384 5316 ipso
3404 5252 3578 5297 autem

1984 5363 2081 5401 vos
2133 5346 2256 5399 estis
2305 5346 2361 5400 in
2406 5345 2611 5401 Christo
2656 5343 2799 5409 Iesu,
2824 5347 2909 5416 qui
2937 5348 3102 5415 factus
3129 5351 3206 5395 est
3234 5340 3377 5394 nobis
3405 5357 3437 5392 a
3468 5338 3578 5393 Deo

1986 5441 2246 5511 sapientia
2273 5448 2324 5494 et
2345 5440 2551 5511 justitia
2579 5449 2630 5494 et
2674 5437 3021 5507 sanctiﬁcatio
3057 5443 3105 5488 et
3156 5434 3473 5503 redemptio:
3522 5444 3577 5487 ut

1988 5534 2419 5607 quemadmodum
2440 5536 2684 5605 scriptum
2706 5540 2782 5586 est
2805 5547 2819 5583 :
2845 5527 2946 5593 Qui
2973 5528 3242 5599 gloriatur,
3268 5528 3321 5580 in
3354 5524 3576 5580 Domino

1986 5628 2239 5701 glorietur
2264 5626 2450 5701 (ΝΜ,
2479 5626 2566 5688 30,
2589 5624 2701 5693 31).
2723 5622 2884 5677 Certe
2902 5619 3145 5676 Christus
3164 5620 3319 5675 .lesus
3346 5619 3578 5674 hominis

1986 5725 2198 5775 tantum
2243 5732 2441 5774 nomen
2489 5724 2592 5782 est,
2633 5715 2712 5772 ait
2764 5713 3069 5770 haereticus.
3100 5712 3207 5771 Sed
3235 5712 3451 5778 Paulus,
3480 5711 3576 5782 qui

2654 6008 2685 6037 ξ.
3206 6008 3246 6037 σὲ
