4110 6336
570 276 677 334 εδδ

1460 274 1795 333 CAPREOLI
1834 267 2426 332 CARTHAGINENSIS
2463 273 2796 334 EPISTOLA
2830 279 2897 336 ιι.

3358 182 3371 190 ,
3396 175 3497 187 ....—\

3762 279 3864 338 εει.

571 398 781 455 sciebat
822 404 877 453 et
928 395 1141 451 dixerat
1171 410 1276 450 non
1306 408 1423 475 esse
1479 396 1532 450 in
1556 396 1774 452 homine
1803 394 2164 477 gloriandum,
2194 395 2248 455 Α
2276 398 2485 465 peccati
2515 412 2681 454 onere
2706 398 2926 467 levavit.
2958 399 3101 457 Deus
3123 415 3256 469 ergo
3275 400 3465 457 eratin
3492 396 3867 457 Christomutr

570 491 846 548 Christum
889 489 1070 545 Iesum
1121 505 1226 544 non
1274 497 1479 543 tantum
1528 489 1820 553 hominem,
1855 489 1950 543 sed
1995 488 2165 542 Deum

571 600 787 655 quoque
808 590 1167 653 cognoverat;
1201 597 1362 653 quem
1391 582 1712 653 sapientiam
1744 589 1799 636 et
1820 582 2082 650 justitiam
2109 590 2165 636 et

570 676 1047 735 sanetilicationem
1074 687 1128 733 et
1148 678 1576 750 redemptionem
1607 680 1761 735 nobis
1782 696 1811 735 a
1830 679 1940 734 Deo
1968 678 2165 734 factum

568 788 689 830 esse
717 770 999 838 credebat;
1033 781 1088 826 et
1134 773 1184 827 in
1216 789 1281 826 eo
1330 772 1612 829 credentes
1640 773 1857 843 gloriari
1886 771 2118 827 docebat
2147 787 2159 823 :

568 867 823 936 quoniam
853 864 1097 920 Christus
1117 865 1271 921 .lesus
1301 874 1355 920 et
1381 866 1546 920 homo
1575 874 1629 921 et
1654 865 1796 921 Deus
1829 873 1929 920 est.
1974 862 2041 917 Et
2096 863 2161 918 ad

570 958 685 1013 inec
713 967 1109 1029 consequenter
1156 973 1263 1013 non
1293 958 1527 1013 elatione
1552 959 1701 1013 verbi
1733 965 1826 1013 aut
1864 956 2159 1027 sapientim,

570 1050 883 1122 mysterium
934 1050 1025 1104 Dei
1082 1050 1405 1105 annuntians
1452 1049 1596 1104 addit
1625 1058 1679 1104 et
1707 1050 1870 1106 dicit:
1904 1048 2055 1103 Nihil
2082 1064 2164 1103 me

567 1144 793 1215 iudicari
811 1146 946 1198 scire
972 1145 1026 1199 in
1056 1144 1342 1208 robis,nisi
1388 1143 1568 1199 Jesum
1599 1143 1882 1211 Christum,
1931 1152 1981 1197 et
2026 1143 2161 1196 hunc

570 1237 878 1307 cruciﬁxum
934 1235 990 1309 (I
1037 1237 1157 1291 Cor.
1207 1255 1264 1300 ιι,
1296 1237 1373 1310 2).
1409 1237 1485 1295 Ac
1526 1254 1593 1293 ne
1620 1236 1925 1293 Judzeorum
1952 1237 2166 1306 iniquus

570 1328 798 1398 populus
822 1344 1045 1399 parvum
1076 1345 1134 1384 se
1157 1324 1364 1386 asserat
1398 1329 1676 1387 admisisse
1703 1338 2007 1402 peccatum,
2031 1330 2077 1384 si
2105 1343 2164 1385 se

569 1422 835 1489 intelligat
891 1423 1088 1478 nudum
1112 1432 1318 1480 tantum
1349 1426 1620 1482 hominem
1651 1433 2026 1496 persecutum;
2049 1442 2165 1498 my-

569 1516 795 1570 sterium
821 1516 872 1570 in
894 1516 990 1572 Dei
1010 1518 1269 1587 sapientia
1299 1518 1430 1574 dicit
1448 1520 1840 1584 absconditum,
1864 1520 1995 1575 nulli
2017 1520 2166 1590 prin—

571 1606 748 1674 cipum
771 1607 926 1674 hujus
946 1609 1123 1663 saeculi
1150 1610 1445 1665 revelatum
1476 1612 1768 1667 testiticans
1790 1610 1975 1681 (lbid.,
2004 1611 2054 1673 7,
2082 1609 2160 1680 8).

575 1698 727 1763 Quod
752 1701 798 1753 si
823 1703 1195 1773 cognovissent,
1226 1720 1490 1777 nunquam
1532 1703 1812 1759 Dominum
1839 1704 2021 1776 gloria
2035 1720 2165 1757 cru-

2268 489 2395 546 dum
2424 492 2779 550 reconcilians
2796 492 2898 550 sibi
2923 512 2938 547 :
2965 510 3227 565 nusquam
3252 504 3307 551 et
3321 509 3594 565 nunquam
3614 494 3866 552 deserens

2265 584 2562 651 hominem,
2614 601 2776 657 quem
2829 588 3047 659 propria
3101 588 3437 657 dignatione,
3474 588 3623 644 nulla
3650 603 3867 659 prorsus

2266 676 2611 742 necessitate,
2642 678 2895 750 suscepit.

2337 768 2406 825 X.
2449 770 2529 825 Ad
2558 770 2815 829 Hehrtcos
2845 788 3063 843 quoque
3112 772 3255 829 idem
3308 773 3588 837 apostolus
3618 773 3675 829 in
3703 773 3869 844 ipsius

2266 863 2520 934 Epistolas
2547 866 2720 935 prima
2750 866 2926 931 fronte
2956 873 3189 923 testatur
3217 885 3231 920 :
3263 865 3557 929 Postremo,
3583 866 3788 938 inquit,
3820 866 3866 921 in

2246 958 2346 1013 his
2372 957 2547 1013 diebus
2570 960 2771 1015 locutus
2792 970 2871 1015 est
2890 958 3106 1016 nobisin
3129 958 3291 1022 Filio,
3308 977 3457 1033 quem
3477 961 3754 1017 constituit
3778 962 3869 1017 lue-

2246 1051 2438 1105 redem
2464 1053 2835 1115 universorum,
2859 1068 2951 1123 per
2974 1069 3124 1124 quem
3145 1053 3267 1124 fecit
3290 1061 3341 1106 et
3367 1052 3586 1108 secula.
3618 1048 3726 1116 Qui
3757 1068 3865 1106 cum

2248 1144 2333 1199 sit
2382 1143 2628 1214 splendor
2656 1144 2856 1216 gloriae,
2890 1152 2944 1199 et
2987 1145 3156 1216 ﬁgura
3183 1145 3492 1200 substantia:
3521 1145 3661 1217 ejus,
3688 1161 3866 1216 gerens

2266 1254 2460 1311 quoque
2477 1240 2653 1294 omnia
2673 1239 2824 1294 uerbo
2840 1240 3043 1295 uirtutis
3060 1256 3191 1301 sua.
3214 1242 3526 1313 purgatione
3544 1249 3867 1311 peccatorum

2244 1348 2301 1385 ια
2327 1349 2383 1386 se
2410 1333 2568 1401 facta,
2589 1331 2721 1386 sedit
2737 1333 2795 1385 in
2815 1330 3028 1387 dextera
3048 1332 3338 1403 majestatis
3359 1332 3416 1386 in
3434 1331 3663 1387 excelsis
3682 1329 3865 1399 (Hebr.

2266 1442 2304 1490 ι,
2336 1422 2389 1488 2,
2420 1423 2497 1491 5).
2530 1423 2649 1493 Ipse
2678 1438 2809 1493 ergo
2839 1423 3004 1480 Filius
3035 1425 3131 1480 Dei
3160 1432 3218 1480 et
3238 1423 3380 1481 ﬁlius
3424 1424 3687 1491 hominis,
3737 1441 3868 1481 unus

2267 1523 2353 1571 est
2397 1524 2559 1587 atque
2607 1516 2771 1581 idem,
2803 1517 2897 1586 qui
2920 1527 3144 1587 propter
3168 1518 3528 1573 :eternitatem
3557 1530 3684 1573 cum
3715 1515 3867 1573 Patre

2268 1604 2395 1661 fecit
2446 1607 2663 1667 stecula.
2694 1616 2920 1678 propter
2962 1607 3459 1664 incommutabilem
3482 1607 3664 1663 lucem
3691 1608 3866 1678 splen.

2269 1696 2371 1752 dor
2416 1706 2500 1752 est
2548 1698 2753 1767 gloriae,
2782 1708 3006 1770 propter
3021 1697 3386 1771 aequalitatem
3437 1696 3612 1771 ﬁgura
3641 1712 3731 1757 est
3756 1702 3860 1758 sub

569 1790 871 1859 ci/ixissent.
896 1865 901 1871 ι
926 1790 1062 1848 Ecce
1088 1803 1143 1847 et
1172 1795 1258 1852 hic
1285 1793 1557 1880 Christum
1582 1794 1766 1852 Jesum
1795 1811 1955 1866 quem
1984 1797 2165 1853 Domi-
2200 1778 2242 1836 Β
2269 1791 2502 1857 stantize,
2534 1800 2758 1862 propter
2784 1792 3121 1861 maiestatem
3146 1794 3288 1863 gerit
3312 1795 3497 1849 omnia
3552 1796 3731 1851 verbo
3769 1797 3862 1853 vir-

570 1899 696 1936 num
727 1884 909 1951 gloria:
936 1885 1246 1955 comitetur,
1278 1887 1453 1957 ipsum
1482 1886 1781 1959 praedicare
1811 1903 1917 1944 non
1975 1889 2168 1944 metuit

570 1978 751 2032 surculi
780 1978 1113 2049 principibus
1127 1977 1460 2036 cruciﬁxum.
1484 1961 1710 2037 Omnem
1741 1982 1899 2052 hujus
1920 1982 2167 2038 lectionis

568 2070 956 2125 continentiam
979 2072 1334 2129 consideretis
1348 2074 1635 2140 exhortor;
1660 2082 1716 2130 et
1733 2074 1985 2131 videbitis
2002 2089 2169 2144 quan-

570 2170 626 2216 to
654 2162 928 2218 molimine
958 2171 1121 2233 atque
1149 2173 1368 2232 conatu,
1398 2173 1619 2222 sanctus
1647 2166 1940 2237 Apostolus
1984 2166 2164 2222 homi-

568 2270 697 2309 num
724 2264 931 2311 mentes
952 2271 983 2310 a
1006 2265 1234 2312 terrente
1254 2265 1463 2312 tantum
1486 2258 1850 2328 intelligentia:
1875 2258 2078 2314 vilitate
2098 2258 2165 2313 ad

566 2346 744 2402 divina
781 2349 834 2403 in
864 2349 968 2405 hoc
994 2351 1253 2423 mysterio
1281 2360 1336 2404 et
1364 2351 1601 2408 cmlestia
1629 2353 2017 2408 consideranda
2047 2368 2167 2408 sus-

502 2488 507 2497 .
568 2441 739 2495 tollat.
801 2441 1045 2497 Breviter
1073 2443 1217 2498 enim
1256 2452 1447 2499 cuncta
1492 2457 1727 2511 transeo,
1758 2461 1877 2515 qua:
1905 2446 2006 2516 ipsi
2046 2446 2164 2516 ple-

569 2534 691 2587 nius
738 2541 795 2587 et
839 2534 997 2589 latius
1039 2535 1286 2605 poteritis
1314 2537 1616 2593 advertere.
1642 2537 1775 2591 Nam
1801 2547 1857 2592 et
1875 2538 1941 2592 ad
1972 2537 2167 2592 Corin-

568 2626 713 2681 thios
733 2626 968 2681 secunda
994 2626 1069 2695 (v,
1099 2625 1187 2691 l5,
1220 2625 1308 2698 Μ)
1338 2626 1577 2698 quodam
1606 2628 1728 2684 loco
1753 2630 1833 2685 sic
1879 2630 2115 2699 loquitur
2149 2648 2161 2683 :

570 2718 709 2782 Sive,
743 2718 934 2787 inquit,
958 2729 1126 2773 mente
1145 2721 1477 2785 excessimus,
1502 2719 1643 2786 Deo;
1688 2723 1793 2775 sive
1821 2731 2164 2792 temperantes

566 2828 762 2879 sumus,
794 2810 974 2866 vobis:
1005 2814 1199 2867 caritas
1228 2813 1368 2867 enim
1406 2814 1665 2884 compellit
1696 2829 1833 2868 nos:
1867 2814 2164 2885 judicantes

565 2906 678 2969 hoe,
708 2906 948 2978 quoniam
972 2902 1103 2959 unus
1133 2922 1227 2976 pro
1256 2906 1491 2961 omnibus
1518 2916 1748 2961 mortuus
1775 2916 1852 2962 est
1906 2906 1973 2962 Et
2001 2910 2162 2979 paulo

564 3005 689 3066 post
722 3015 734 3050 :
794 2996 1005 3061 Omnia,
1057 2998 1250 3067 inquit,
1303 3015 1368 3052 ea:
1414 2996 1544 3062 Deo,
1573 2999 1658 3070 qui
1688 2999 2037 3053 reconciliavit
2067 3017 2162 3055 nos

567 3088 663 3145 sibi
693 3106 784 3160 per
814 3090 1105 3144 thristum:
1131 3100 1179 3142 et
1205 3090 1346 3143 dedit
1368 3088 1515 3144 nobis
1536 3091 1835 3161 mysterium
1856 3091 2161 3145 reconcilia-

2268 1884 2415 1938 tutis.
2446 1882 2566 1954 Ipse
2585 1884 2747 1940 etiam
2768 1893 2993 1956 propter
3019 1886 3252 1957 suscepti
3275 1885 3512 1943 hominis
3539 1887 3855 1959 passionem,

2266 1983 2612 2047 peccatorum
2645 1984 2951 2031 nostrorum
2982 1974 3108 2032 fecit
3131 1976 3541 2046 purgationem;
3569 1986 3628 2032 et
3653 1986 3847 2049 p-opteu

2263 2068 2781 2133 remunerationem,
2812 2067 2972 2122 habet
2995 2068 3047 2147 in
3081 2066 3255 2124 Patris
3274 2068 3499 2123 dextera
3532 2070 3848 2126 sessionem.

2266 2160 2549 2228 Quomodo
2579 2171 2758 2217 autem
2784 2161 3159 2232 purgationcn
3191 2158 3318 2217 fecit
3338 2171 3719 2231 peccatorum,
3768 2163 3855 2221 nisi

2266 2253 2441 2308 deletis
2469 2254 2891 2327 chirographum,
2910 2253 3046 2326 quod
3083 2254 3355 2309 aduersum
3382 2271 3478 2310 nos
3518 2259 3693 2328 fuerat
3733 2255 3851 2327 (Col.

2268 2361 2327 2411 ιι,
2348 2345 2459 2417 14),
2482 2346 2700 2402 diabolo
2730 2356 3019 2404 accusante
3043 2348 3451 2419 conscriptum?
3476 2351 3748 2419 quomodo
3764 2351 3850 2406 de-

2266 2430 2416 2499 levit,
2474 2437 2575 2491 nisi
2626 2438 2768 2492 cruci
2816 2438 3051 2509 aﬂigens,
3094 2446 3150 2492 et
3177 2438 3438 2507 sanguine
3468 2438 3753 2497 innocente
3775 2442 3851 2496 ti-

2267 2529 2456 2584 hn-ns?
2484 2528 2637 2596 Quod
2668 2543 2797 2599 ergo
2825 2528 3119 2585 olim~Deus
3164 2529 3365 2585 locutus
3411 2541 3493 2586 est
3531 2533 3767 2602 patribus
3802 2536 3849 2589 is

2266 2623 2549 2694 praphetis,
2573 2631 2623 2675 et
2652 2634 2907 2689 postremo
2934 2632 3011 2677 est
3038 2624 3344 2695 testiﬁcatus
3369 2626 3425 2680 in
3443 2624 3590 2683 Filio
3617 2626 3796 2696 (Hebr.
3813 2646 3845 2692 ι.

2269 2714 2332 2783 1,
2368 2714 2442 2783 2),
2494 2716 2598 2771 hoc
2645 2715 2963 2780 credamus.
2997 2716 3099 2771 hoc
3129 2724 3439 2784 teneamus,
3469 2719 3576 2775 hoc
3620 2722 3848 2776 οιιιοῶω

2265 2808 2469 2863 viribus
2499 2807 2868 2865 defendamus.
2892 2808 3115 2865 Accedit
3143 2811 3211 2864 ad
3242 2825 3486 2877 causam,
3544 2813 3688 2880 quod
3727 2822 3839 2868 tunc

2266 2901 2586 2972 principatus
2615 2908 2664 2954 et
2685 2910 2962 2971 potestates
2988 2904 3297 2971 exspoliavit
3324 2902 3659 2975 ﬁducialiter,
3678 2906 3836 2958 tristis-

2263 2994 2433 3067 phans
2459 3012 2545 3050 eos
2567 2997 2623 3049 in
2644 2996 2916 3067 semetipso
2945 2993 3082 3065 (Col.
3115 3012 3171 3060 ιι,
3206 2995 3320 3065 i5).
3367 2994 3533 3064 Quod
3577 3013 3707 3068 opus
3741 3012 3841 3052 non

2264 3096 2348 3142 est
2376 3088 2597 3143 omnino
2618 3087 2784 3143 solius
2804 3087 3056 3154 hominis,
3088 3087 3183 3142 sed
3206 3087 3403 3145 divinre
3432 3090 3487 3145 in
3512 3089 3729 3145 homine
3747 3104 3851 3144 ms-

568 3154 743 3245 tionis,
777 3183 895 3254 quia
926 3180 1068 3236 Deus
1094 3190 1204 3235 erat
1231 3183 1287 3236 in
1315 3183 1519 3238 Christo
1551 3154 1798 3238 mundum
1819 3185 2158 3239 reconcilians
2187 3154 2235 3223 ο
2260 3179 2494 3249 jestatis.
2520 3180 2705 3252 Neque
2731 3180 2876 3237 enim
2913 3180 3077 3237 homo
3107 3181 3262 3236 fortis
3289 3190 3345 3238 et
3363 3192 3583 3253 potens,
3613 3183 3708 3239 sed
3757 3182 3854 3238 Do-

568 3273 669 3329 sibi
698 3274 884 3347 (10511.,
919 3273 1005 3340 ts,
1041 3273 1153 3345 te).

637 3365 730 3422 IX.
773 3366 967 3434 Quzero
1003 3366 1455 3437 quemadmodum
1488 3387 1500 3422 :
1532 3385 1640 3424 non
1692 3370 1847 3425 aliter
1868 3385 2030 3440 quam
2062 3386 2161 3425 na-

568 3460 788 3526 scendo,
842 3461 1118 3532 patiendo,
1174 3461 1477 3529 moriendo,
1530 3464 1860 3533 resurgendo
1905 3474 2067 3534 atque
2107 3465 2162 3519 in

570 3554 761 3610 cmlum
791 3555 1169 3611 ascendendo?
1197 3554 1391 3622 Quaero
1445 3558 1611 3612 etiam
1653 3557 1798 3627 quod
1846 3558 1916 3614 sit
1958 3566 2162 3629 myste-

569 3645 708 3699 rium
730 3646 1184 3701 reconciliationis
1208 3648 1440 3702 nostrze?
1472 3647 1604 3702 Num
1633 3647 1775 3703 aliud
1808 3664 1969 3721 quam
1998 3650 2165 3705 sacri-

569 3737 750 3793 ﬁcium
778 3740 921 3808 quod
947 3754 1046 3810 per
1090 3756 1245 3795 suum
1301 3742 1613 3810 sanguinem
1644 3758 1884 3797 summus
1912 3742 2164 3798 sacerdos

570 3830 767 3885 obtulit
821 3827 1104 3886 Christus?
1134 3830 1435 3886 .Videamus
1484 3846 1615 3901 ergo
1668 3840 1972 3887 utrumnam
2018 3832 2166 3888 solus

571 3923 738 3980 homo
760 3924 1049 3996 perfecerit
1078 3945 1090 3979 :
1123 3927 1398 3996 quoniam,
1428 3928 1568 3982 sicut
1600 3927 1671 3981 illi
1699 3936 1906 3997 putant,
1936 3925 2077 3982 Deus
2096 3926 2164 3982 ab

571 4033 639 4074 eo
691 4019 743 4074 in
792 4021 1045 4090 passione
1091 4020 1357 4076 discessit.
1408 4020 1513 4076 Sed
1555 4021 1682 4077 hu'c
1703 4021 1942 4092 opinioni
1970 4019 2166 4077 Paulus

493 4152 501 4159 .
570 4112 847 4182 apostolus
894 4111 1292 4169 evidentissime
1345 4112 1707 4168 contradicit:
1764 4112 1923 4178 Deus,
1971 4113 2161 4182 inquit,

571 4211 713 4255 erat.
734 4204 787 4255 in
846 4202 1070 4257 Christo.
1122 4201 1250 4257 Erat
1297 4204 1350 4258 in
1383 4202 1623 4267 Christo,
1647 4218 1752 4257 non
1782 4203 2104 4258 discesserat
2133 4218 2163 4257 a

572 4291 812 4347 Christo.
859 4290 994 4347 Deus
1043 4304 1158 4347 erat
1200 4296 1256 4349 in
1294 4294 1521 4358 Christo,
1554 4296 1805 4350 mundum
1826 4297 2166 4351 reconcilians

574 4382 691 4436 sibi.
717 4382 1178 4449 Quemadmodum
1210 4386 1603 4442 reconcilians?
1632 4404 1736 4441 non
1778 4397 2024 4456 reputans
2060 4388 2166 4443 illis

575 4471 765 4527 delicta
791 4489 989 4529 eorum.
1015 4474 1094 4529 An
1125 4474 1264 4529 forte
1284 4475 1387 4530 hoc
1415 4476 1594 4531 stultis
1623 4477 1819 4546 placet,
1866 4485 1927 4531 ut
1948 4492 2043 4547 per
2062 4477 2165 4533 ho-

574 4564 773 4620 minem
797 4572 1007 4620 tantum
1029 4564 1123 4620 tiat
1152 4564 1398 4621 remissio
1420 4536 1815 4635 peccatorum?
1840 4536 1995 4632 Quod
2045 4582 2168 4622 cum
2195 4536 2246 4596 D

574 4658 739 4712 etiam
789 4655 955 4712 Judrei
996 4663 1308 4728 respuerent
1343 4656 1612 4712 dicendo:
1647 4654 1983 4725 Blasphemat
2011 4673 2029 4710 :
2056 4657 2172 4727 quis

576 4762 744 4824 potest
766 4754 1022 4809 dimittere
1042 4763 1274 4823 peccata,
1298 4754 1403 4809 nisi
1430 4754 1573 4808 solus
1599 4750 1739 4806 Deus
1763 4748 1953 4821 (Mure.
1987 4749 2173 4819 11,7)?

576 4842 693 4912 ipse
723 4844 997 4909 Dominus,
1025 4845 1116 4900 Dei
1143 4845 1480 4914 hominisque
1505 4843 1689 4909 Filius,
1731 4842 1919 4899 volens
1949 4840 2174 4898 manife-

576 4943 724 4992 stare
772 4936 1059 4993 incredulis
1087 4954 1195 4993 non
1224 4954 1343 4995 esse
1389 4940 1564 4994 solum
1592 4938 1867 4995 hominem
1895 4952 2060 5007 quem
2089 4936 2171 4991 vi-

577 5030 799 5100 debant,
829 5031 924 5088 sed
955 5032 1121 5088 Deum
1150 5035 1312 5091 etiam
1336 5036 1391 5090 in
1418 5050 1579 5105 quem
1607 5034 1830 5091 credere
1855 5043 2172 5091 contemne-

577 5130 726 5194 hant,
750 5139 808 5185 et
836 5136 1162 5208 potestatem
1186 5131 1420 5186 divinam
1450 5130 1656 5187 homini
1695 5146 1911 5203 quoque
1948 5139 2172 5201 propter

579 5220 839 5275 unitatem
869 5236 1116 5291 persona:
1134 5220 1253 5289 ejus
1282 5238 1347 5278 ac
1364 5223 1660 5293 praesentia:
1681 5223 2040 5279 contributam
2067 5223 2174 5278 evi-

577 5310 770 5366 denter
796 5313 1081 5368 ostendere
1106 5332 1119 5367 :
1155 5311 1224 5368 Ut
1252 5315 1447 5377 sciatis,
1478 5315 1571 5381 ait,
1603 5316 1843 5386 quoniam
1871 5324 2173 5384 potestatem

578 5399 735 5456 habet
774 5405 917 5474 [ilius
944 5406 1169 5460 hominis
1219 5423 1373 5478 super
1401 5417 1588 5461 terram
1636 5407 1896 5462 dimittere
1938 5419 2168 5474 peccata,

579 5501 701 5547 tunc
748 5496 882 5550 dixit
910 5499 1243 5569 paralytico:
1295 5499 1479 5572 Surge,
1532 5500 1653 5555 tolle
1694 5500 1879 5555 lectum
1931 5510 2092 5566 tuum,
2122 5511 2173 5555 et

581 5585 709 5637 uade
737 5587 788 5639 in
814 5588 1019 5643 domum
1042 5601 1181 5645 tuam
1204 5590 1417 5661 (Matth.
1449 5610 1522 5657 ts,
1545 5592 1622 5663 6).
1642 5593 1718 5648 Ita
1751 5593 1890 5647 Deus
1911 5603 1962 5647 et
1988 5594 2171 5664 homo,

585 5691 722 5732 unus
771 5691 825 5734 et
879 5699 1032 5739 verus
1085 5686 1382 5741 animarum
1410 5702 1807 5757 corporumque
1832 5686 2088 5750 salvator,
2119 5695 2175 5742 et

587 5774 911 5830 exteriorem
951 5780 1223 5834 hominem
1264 5781 1454 5834 morbo
1503 5780 1723 5844 carnali,
1758 5788 1809 5834 et
1859 5778 2171 5835 interiorem

2266 3273 2438 3327 minus
2454 3280 2635 3343 potens
2660 3273 2712 3326 in
2742 3272 2876 3327 bello
2919 3270 3091 3343 (Psal.
3117 3288 3265 3336 um.
3297 3272 3376 3344 6).

2340 3364 2429 3420 XI.
2468 3364 2601 3420 Item
2634 3365 2740 3421 illic
2766 3372 2887 3435 post
2914 3365 3098 3428 multa,
3122 3364 3320 3435 quibus
3346 3366 3640 3436 Apostolus
3663 3375 3861 3439 myste-

2265 3459 2406 3514 rium
2438 3457 2570 3512 Novi
2598 3457 2927 3513 Testamenti
2953 3474 2983 3513 a
3011 3457 3224 3514 Veteris
3254 3458 3420 3527 ﬁgura
3463 3459 3740 3525 discrevit,
3786 3462 3865 3516 sic

2268 3550 2346 3604 ait
2370 3568 2382 3603 :
2423 3547 2715 3621 Refragans
2735 3549 2835 3622 legi
2863 3548 3054 3621 Moysi,
3085 3551 3201 3605 sine
3220 3551 3545 3605 miseratione
3564 3553 3789 3606 moritur
3808 3569 3861 3606 ut

2266 3642 2467 3698 duobus
2489 3654 2578 3696 aut
2600 3642 2763 3698 tribus
2785 3644 2999 3699 test'bus
3029 3661 3048 3699 :
3076 3654 3270 3717 quanto
3308 3647 3464 3715 magis
3493 3645 3687 3698 ridetur
3708 3645 3860 3698 dere»

2266 3738 2409 3792 riore
2435 3751 2586 3807 parua
2617 3736 2826 3808 dignus,
2855 3736 2945 3807 qui
2973 3734 3170 3792 Filium
3206 3739 3294 3792 liei
3317 3736 3639 3801 conculcavit,
3682 3746 3739 3791 et
3758 3739 3853 3808 qui

2268 3831 2573 3903 sanguinem
2621 3827 2761 3885 Noui
2791 3829 3103 3885 Testamenti
3133 3814 3446 3885 immundum
3470 3830 3768 3893 instituat-it,
3799 3831 3864 3885 in

2268 3940 2367 3995 quo
2395 3924 2750 3995 sanetiﬁeatus
2770 3932 2865 3987 est,
2882 3932 2933 3978 et
2958 3924 3164 3994 spiritui
3182 3925 3363 3996 gratia
3384 3920 3478 3976 Dei
3497 3923 3873 3977 contumeliam

2272 4018 2434 4091 fecit?
2480 4016 2732 4073 Nouimus
2760 4018 2899 4072 enim
2935 4034 3054 4072 eum
3090 4020 3176 4089 qui
3203 4018 3339 4072 dixit
3368 4034 3388 4071 :
3437 4015 3568 4070 Mihi
3611 4017 3876 4082 uindicta,

2269 4126 2363 4181 ego
2385 4109 2683 4165 retribuam.
2709 4109 2833 4163 dicit
2863 4107 3118 4165 Dominus
3141 4107 3329 4179 (Hebr.
3355 4125 3411 4174 ι,
3439 4107 3653 4176 ἥρω).
3672 4108 3881 4175 Quaero

2269 4202 2502 4271 qualiter
2538 4201 2708 4273 possit
2759 4201 2901 4257 Deus
2951 4201 3044 4256 Dei
3072 4201 3256 4256 'Filius
3300 4200 3630 4256 conculcari.
3665 4200 3886 4257 Videtis

2271 4295 2435 4350 etiam
2465 4295 2553 4351 hic
2598 4294 3051 4364 quemadmodum
3100 4311 3203 4352 nec
3250 4296 3481 4357 dubitet,
3518 4312 3617 4352 nec
3642 4305 3885 4361 metuat,

2271 4403 2373 4444 nec
2394 4388 2679 4444 erubescat
2704 4403 2953 4445 asserere
2981 4387 3079 4444 Dei
3103 4388 3294 4443 Filium
3324 4388 3734 4445 conculcatum.
3780 4388 3890 4444 Sed

2274 4480 2531 4550 quoniam
2561 4480 2608 4536 si
2635 4480 2756 4549 quis
2798 4479 3113 4550 sanguinem
3156 4479 3210 4535 in
3238 4494 3348 4549 quo
3370 4478 3756 4535 sanetiticatus
3786 4489 3892 4543 est,

2273 4572 2608 4628 immundum
2632 4572 2926 4639 existimat,
2959 4573 3144 4642 utique
3170 4571 3363 4627 Filium
3393 4570 3491 4626 Dei
3544 4573 3855 4629 concaleat
3880 4591 3894 4626 :

2274 4665 2397 4722 ideo
2420 4681 2527 4720 non
2542 4666 2796 4723 discrevit
2819 4666 3052 4721 hominis
3072 4665 3377 4736 passionem
3392 4680 3424 4720 a
3446 4664 3543 4719 Dei
3563 4667 3898 4733 majestate,

2275 4760 2426 4830 cujus
2450 4775 2604 4816 reum
2627 4760 2741 4815 vult
2765 4774 2886 4816 esse
2925 4759 3095 4824 illum,
3121 4759 3215 4829 qui
3265 4773 3368 4829 pro
3397 4758 3566 4813 nihilo
3598 4760 3902 4815 existinm-

2274 4853 2415 4909 verit
2444 4868 2545 4923 pro
2574 4868 2632 4907 se
2659 4851 2974 4920 sanguinem
3002 4851 3197 4906 fusum.
3231 4852 3347 4906 Non
3377 4851 3522 4905 enim
3550 4848 3745 4907 Filius
3807 4851 3904 4906 Dei

2275 4945 2643 5007 conculcatur,
2677 4945 2779 4999 nisi
2807 4945 2859 4999 in
2889 4958 2958 4999 eo
2980 4942 3129 5012 quod
3156 4943 3348 4997 mortis
3373 4957 3535 5012 quam
3567 4942 3633 4998 in
3667 4943 3906 4999 homine

2278 5038 2552 5105 sustinuit,
2571 5036 2891 5092 beneﬁcium
2911 5035 3198 5107 spernitur.
3230 5034 3351 5105 Ipse
3375 5049 3600 5104 quoque
3634 5034 3908 5090 Salvator

2279 5148 2344 5188 ac
2371 5130 2631 5187 Dominus
2662 5129 2819 5186 iidem
2868 5136 3311 5185 remuneraturus
3340 5129 3678 5197 interrogat.
3710 5129 3909 5186 Videte

2278 5224 2406 5294 quid
2435 5224 2630 5279 dixerit
2654 5242 2667 5277 :
2702 5220 2864 5287 Quem
2884 5238 2982 5285 me,
3010 5221 3202 5291 inquit,
3233 5220 3414 5275 dicunt
3440 5235 3558 5275 esse
3582 5220 3782 5290 ﬁlium
3813 5225 3911 5277 ho-

2280 5317 2434 5371 minis
2464 5313 2678 5386 (Matth.
2704 5330 2815 5378 xvi,
2840 5313 2929 5383 15)
2948 5314 2971 5367 ?
2993 5312 3170 5382 Atque
3195 5327 3319 5367 cum
3361 5310 3613 5367 diversas
3665 5313 3912 5370 aliorum

2280 5407 2565 5479 opiniones
2604 5406 2681 5460 illi
2717 5412 3067 5477 suggererent
3098 5422 3111 5456 :
3154 5403 3258 5458 Vos
3287 5410 3478 5465 autem,
3506 5402 3728 5473 inquit,
3759 5424 3915 5479 quem

2278 5516 2358 5553 me
2386 5498 2557 5553 dicitis
2580 5513 2693 5561 esse
2722 5495 2906 5566 (Ibid.,
2940 5492 3071 5564 15)?
3099 5508 3187 5548 me
3212 5490 3398 5563 u'tique
3423 5492 3595 5548 filium
3629 5496 3912 5554 hominis.

2280 5591 2360 5646 Ad
2404 5591 2516 5646 haec
2555 5587 2765 5652 Petrus,
2790 5589 2858 5643 ab
2877 5586 3070 5642 eodem
3103 5585 3414 5656 inspiratus,
3444 5593 3499 5639 et
3530 5585 3586 5639 in
3623 5588 3747 5645 hac
3780 5606 3915 5647 con.

2281 5685 2513 5742 fessione
2537 5685 2603 5739 ad
2632 5691 2837 5739 rectam
2865 5681 3024 5736 tidem
3051 5681 3224 5736 forms
3240 5680 3323 5736 sui
3346 5679 3626 5736 universis
3641 5684 3916 5753 gentibus

2282 5780 2611 5853 profuturus,
2638 5777 2859 5832 adverte
2878 5781 3079 5844 quanta
3110 5781 3165 5830 et
3193 5788 3353 5843 quam
3382 5773 3539 5844 plena
3568 5772 3916 5848 integritate
