4110 6336
280 371 382 431 351
1551 362 1846 423 URANIUS
1883 362 2305 427 PRESBYTER.
3449 364 3556 431 353

280 485 649 561 responderit:
674 484 751 541 Tu
771 503 827 543 es
848 485 1080 541 Christus
1106 483 1274 539 Filius
1290 481 1385 539 Dei
1400 482 1499 538 viui
1517 479 1733 553 (Matth.
1756 498 1867 547 xvt,
1899 485 1946 544 Α
1973 498 2134 554 quam
2162 484 2303 539 Deus
2321 492 2377 540 et
2400 485 2586 553 homo,
2616 500 2753 540 unus
2780 492 2941 554 atque
2962 481 3149 539 unicus
3170 482 3284 552 ipse
3309 480 3463 549 illius,
3487 482 3557 540 ad

280 581 396 654 16).
428 579 509 636 Tu
539 588 616 645 tu,
646 594 680 633 ο
709 578 819 661 ille,
859 578 952 647 qui
981 585 1045 653 te.
1066 574 1230 637 illium
1259 574 1494 631 hominis
1523 572 1676 638 dicis,
1703 581 1761 628 ω
1804 589 1865 629 es
1966 596 2095 637 suos
2122 578 2412 649 discipulos
2458 577 2832 650 perferendam
2861 575 3202 648 inst-parabili
3231 576 3451 632 omnino
3472 588 3555 630 at-

279 670 528 728 Chl'isms
552 668 716 725 Filius
748 668 842 725 Dei
861 668 986 724 ViVi-
1012 665 1261 738 Νυηίίυίά
1290 680 1395 720 “0"
1418 665 1580 721 θιίθηὶ
1610 665 1717 729 hic.
1750 664 1865 719 Sive
1967 687 2073 743 que
2095 669 2403 725 indivisibili
2430 670 2703 725 mandavit
2729 667 2945 725 affectu.
2981 668 3219 739 Denique
3247 674 3305 723 ut
3335 667 3553 722 noveri-

281 762 706 833 interrogatione
732 760 946 816 Domini
993 775 1088 815 seu
1131 759 1185 813 in
1224 758 1577 828 responsione
1606 756 1863 826 apostoli,

281 858 567 942 utriusque
616 855 924 911 substantia:
962 870 1067 909 una
1099 860 1431 909 monstratur
1458 849 1867 919 ostenditurque

281 965 552 1023 persona;
600 949 727 1005 dum
780 957 835 1005 et
890 948 979 1003 ille
1031 963 1091 1003 se
1138 946 1366 1002 hominis
1411 943 1598 1011 lilium,
1629 942 1773 1013 quod
1814 943 1870 997 in

281 1047 475 1112 aperto
504 1039 801 1103 videbatur,
831 1038 1010 1104 edicit,
1029 1045 1087 1093 et
1109 1036 1300 1093 Petrus
1327 1051 1450 1090 eum
1471 1034 1746 1091 Christum
1772 1033 1869 1089 Dei

282 1130 496 1196 Filium,
545 1130 689 1200 quod
718 1130 771 1184 in
801 1129 1015 1185 occulto
1039 1129 1343 1198 gerebatur,
1376 1127 1575 1182 donata
1604 1126 1706 1181 sibi
1736 1142 1872 1181 cou-

282 1222 520 1279 l'essione
540 1222 896 1278 monstravit?
920 1219 1072 1276 Unde
1101 1220 1347 1275 laudatus
1368 1236 1398 1273 a
1421 1219 1651 1274 Domino
1670 1226 1725 1273 ct
1748 1219 1875 1287 bea;

281 1321 373 1370 tus
416 1320 499 1369 est
550 1312 725 1369 dictus
766 1311 955 1381 (Ibid.,
990 1312 1116 1380 l7);
1167 1311 1422 1381 quoniam
1456 1328 1561 1365 non
1591 1311 1642 1365 ei
1662 1326 1791 1365 caro
1821 1318 1877 1364 et

281 1404 502 1475 sanguis
544 1404 885 1473 revelaverit,
916 1404 1010 1459 sed
1041 1401 1204 1477 Pater
1227 1404 1317 1473 qui
1341 1404 1392 1457 in
1420 1403 1572 1458 caelis
1592 1411 1693 1457 est.
1720 1402 1875 1469 Quod

282 1509 414 1565 ergo
435 1495 655 1552 credere
673 1495 984 1558 debeamus,
1018 1494 1160 1551 Deus
1188 1492 1348 1549 Pater
1375 1508 1469 1564 per
1492 1494 1663 1550 Deum
1682 1491 1876 1547 Filium

285 1590 509 1655 revelet,
545 1607 649 1645 non
680 1605 808 1645 caro
834 1600 890 1645 et
914 1591 1132 1657 sanguis
1152 1570 1406 1643 i..siuuet.

357 1677 469 1734 XII.
513 1677 642 1734 Post
670 1680 1123 1735 resurrectionem
1148 1693 1386 1748 quoque,
1426 1694 1550 1733 cum
1592 1677 1876 1733 Dominum

282 1772 450 1849 Ilaria
481 1771 701 1827 minime
727 1771 1089 1841 cognovisset,
1140 1780 1196 1827 et
1251 1772 1339 1827 ille
1394 1772 1615 1841 proprio
1662 1771 1881 1827 nomine

1969 763 2057 825 tis,
2091 770 2145 816 et
2175 760 2383 830 plenius
2402 750 2708 815 advertatis
2759 760 2830 814 ita
2861 775 2982 816 esse
3028 757 3172 829 quod
3219 758 3437 821 dicitur,
3485 757 3553 812 ad

1971 853 2312 911 dissolvenda
2341 853 2579 910 omnium
2611 853 2989 909 hereticorum
3032 853 3461 908 machinamenta
3505 858 3560 906 et

1974 947 2250 1001 universas
2279 944 2573 1001 calumnias
2614 944 2965 1011 refellendas;
2998 945 3087 999 ubi
3117 960 3254 1015 opus
3280 942 3378 998 fuit
3404 953 3562 999 natu-

1974 1055 2091 1095 ram
2118 1039 2378 1095 creatoris
2406 1055 2436 1093 a
2466 1048 2713 1095 creatura
2755 1038 3084 1106 discernere,
3114 1038 3293 1094 videte
3332 1038 3562 1108 qualiter
3595 1056 3611 1073 ο

1976 1148 2075 1203 pro
2118 1131 2279 1187 nobis
2324 1132 2496 1201 pietas
2548 1130 2726 1186 divina
2780 1130 3038 1198 vigilavit.
3078 1129 3246 1198 Vade,
3277 1130 3470 1199 inquit,
3493 1128 3565 1182 ad

1977 1230 2168 1300 fratres
2214 1242 2373 1289 meos,
2424 1233 2473 1279 et
2493 1225 2574 1291 die
2604 1225 2713 1279 eis:
2738 1224 2969 1278 Ascendo
2987 1223 3055 1276 ad
3084 1222 3297 1277 Patrem
3325 1238 3492 1277 meum
3514 1228 3565 1276 et

1979 1317 2052 1371 ad
2100 1317 2310 1371 Patrem
2353 1323 2604 1379 vestram;
2634 1315 2704 1368 ad
2732 1314 2897 1369 Deum
2927 1331 3093 1368 meum
3114 1323 3162 1368 et
3189 1314 3259 1367 ad
3287 1313 3448 1367 Deam
3479 1329 3565 1366 ve-

1978 1419 2162 1467 strum.
2219 1407 2359 1464 Ecce
2387 1408 2474 1462 hic
2502 1408 2782 1462 evidenter
2811 1407 2976 1478 ipsius
3007 1405 3236 1472 Domini,
3290 1405 3342 1460 id
3368 1414 3446 1459 est
3469 1403 3565 1460 Dei

1982 1509 2036 1557 et
2075 1499 2327 1565 hominis,
2371 1516 2400 1552 a
2432 1498 2751 1553 fanmlorum
2780 1514 3000 1552 suorum
3029 1512 3261 1568 persona
3284 1495 3565 1565 dist’ugui-

1985 1600 2089 1651 tur.
2115 1600 2169 1647 et
2197 1609 2227 1645 a
2258 1600 2445 1646 natura
2472 1592 2683 1645 vocatio
2726 1597 3025 1659 separatur.
3058 1587 3310 1656 Quamvis
3339 1589 3483 1643 enim
3514 1588 3565 1645 id

1980 1684 2126 1754 quod
2168 1684 2471 1747 mandatur,
2500 1671 2610 1753 jam
2652 1682 2841 1737 amicis
2882 1681 3168 1736 mandetur
3192 1690 3247 1736 et
3274 1681 3565 1737 fratribus:

1985 1777 2287 1831 ostenditur
2308 1784 2486 1829 tamen
2509 1774 2637 1844 quid
2670 1774 2897 1828 Domino
2918 1772 3200 1840 debeatur,
3228 1771 3356 1841 quid
3400 1776 3570 1827 servis

282 1865 625 1938 appellando,
678 1866 821 1921 viam
872 1866 948 1921 illi
997 1866 1383 1934 recognitionis
1432 1865 1690 1935 aperiret,
1720 1881 1783 1925 ac
1818 1880 1878 1920 se
1914 1874 1955 1932 Β
1980 1869 2189 1925 czetcris
2212 1868 2493 1922 tribuatur.
2531 1864 2712 1920 Potuit
2740 1879 2970 1935 namque
2994 1863 3196 1927 dicere,
3230 1862 3475 1917 Ascendo
3502 1860 3570 1916 ad

283 1968 506 2029 tangere
537 1959 808 2015 volentem
833 1974 904 2014 ne
933 1957 1134 2013 faceret
1157 1958 1500 2028 prohiberet;
1525 1957 1649 2026 quid
1670 1957 1718 2012 ei
1741 1974 1879 2012 nun-

283 2053 526 2110 tiandum
546 2051 823 2122 discipulis
837 2051 1087 2119 delegare
1103 2048 1355 2119 dignatus
1374 2046 1557 2117 fuerit,
1575 2049 1875 2103 audiamus.

292 2145 455 2211 Vade,
489 2146 684 2217 inquit,
712 2142 782 2199 ad
808 2146 999 2215 fratres
1028 2160 1190 2207 meos,
1220 2151 1269 2196 et
1298 2144 1380 2195 die
1401 2143 1515 2199 eis:
1545 2141 1782 2197 Asceudo
1810 2142 1879 2195 ad

285 2241 498 2296 Patrem
518 2256 687 2294 meum
715 2248 771 2315 et
795 2248 996 2308 patrem
1023 2245 1278 2299 vestrum;
1308 2235 1379 2289 ad
1408 2234 1575 2289 Deum
1614 2252 1781 2289 meum
1832 2243 1881 2288 et

286 2334 356 2387 ad
408 2333 574 2387 Deum
622 2340 844 2386 vestrum
900 2327 1079 2399 (Joan.
1132 2343 1223 2390 xx,
1255 2327 1365 2394 17).
1392 2326 1503 2395 Age
1528 2342 1689 2390 nunc,
1721 2327 1883 2395 eligat

287 2425 572 2490 hmretjcus
599 2432 777 2478 utrum
809 2428 981 2491 putat,
1031 2428 1088 2474 et
1114 2418 1269 2488 cujus
1299 2435 1486 2474 vocen
1539 2420 1693 2473 malit
1746 2419 1885 2474 hanc

289 2534 428 2579 esse.
472 2517 588 2587 ipse
613 2515 931 2570 discernat:
964 2522 1191 2584 utraque
1239 2522 1395 2583 parte
1449 2520 1607 2568 acuto
1652 2512 1882 2582 spiritali

290 2609 470 2678 gladio
496 2605 738 2662 ferietur.
780 2606 1036 2671 Ascendo,
1072 2605 1265 2674 inquit,
1295 2604 1366 2657 ad
1396 2603 1607 2657 Patrem
1636 2619 1804 2656 meum
1833 2610 1883 2655 et

292 2700 363 2754 ad
386 2709 587 2769 patrem
632 2706 886 2762 vestrum;
918 2696 986 2750 ad
1035 2694 1199 2749 Deum
1224 2710 1409 2757 meum,
1442 2702 1492 2748 et
1519 2695 1590 2746 ad
1615 2692 1778 2748 Deum
1800 2709 1882 2747 ve-

292 2799 474 2845 strum.
505 2788 563 2843 Si
593 2788 826 2843 hominis
854 2802 960 2841 vox
982 2794 1084 2851 est,
1117 2800 1247 2854 ergo
1288 2783 1455 2839 Filius
1483 2784 1578 2838 Dei
1607 2793 1690 2839 est
1717 2784 1881 2839 homo

290 2879 381 2935 ille
406 2898 421 2933 :
447 2880 517 2933 ad
535 2877 751 2933 Patrem
772 2895 958 2944 meum,
984 2877 1141 2946 dixit,
1168 2878 1410 2931 ascendo.
1434 2876 1493 2932 Si
1521 2877 1616 2933 Dei
1640 2893 1744 2932 vox
1775 2886 1877 2944 est,

290 2981 420 3037 ergo
449 2967 612 3023 homo
633 2976 715 3024 est
744 2967 886 3024 Deus
911 2968 999 3024 ille
1032 2986 1045 3022 :
1077 2968 1148 3022 ad
1176 2967 1342 3023 Deam
1364 2985 1533 3023 meum
1561 2970 1707 3024 enim
1727 2970 1881 3039 dixit,

291 3058 537 3114 ascendo.
562 3058 673 3115 Nec
700 3060 844 3115 enim
870 3060 967 3126 ait,
998 3059 1245 3116 Ascendo
1270 3060 1337 3116 ad
1366 3054 1581 3116 Patrem
1596 3075 1796 3126 meum,
1828 3069 1885 3115 et

289 3151 459 3208 Deum
490 3152 726 3209 hominis
747 3154 852 3208 mei
878 3171 892 3206 :
918 3160 1032 3217 aut,
1055 3152 1304 3210 Ascendo
1329 3153 1398 3208 ad
1424 3152 1590 3209 Deum
1610 3168 1810 3221 meum,
1827 3162 1883 3208 et

1982 1962 2195 2017 Patrem
2228 1971 2490 2022 nostrum,
2523 1969 2578 2014 et
2607 1959 2674 2014 ad
2704 1958 2869 2014 Deum
2894 1968 3165 2019 nostrum;
3192 1956 3317 2024 quia
3345 1955 3571 2009 multum

1982 2055 2145 2110 distat
2194 2054 2335 2108 inter
2360 2051 2784 2107 dominationem
2814 2060 2869 2105 et
2897 2048 3289 2115 conditionem,
3320 2047 3459 2101 inter
3482 2058 3573 2113 ge-

1983 2146 2316 2201 nerationem
2340 2152 2394 2198 et
2422 2143 2792 2214 ad0ptionem,
2824 2142 2963 2196 inter
2990 2139 3343 2196 substantiam
3371 2146 3427 2193 et
3447 2150 3572 2207 gra-

1986 2240 2133 2293 tiam.
2188 2236 2423 2308 Ideoque
2452 2236 2537 2293 hic
2567 2252 2670 2289 non
2709 2235 2974 2305 permixte
3002 2247 3101 2288 nec
3128 2232 3327 2302 passim
3356 2230 3571 2295 dicitur,

1986 2330 2231 2386 Ascendo
2262 2342 2326 2384 ad
2358 2328 2571 2384 Patrem
2600 2336 2843 2383 nostrum
2894 2336 2942 2382 et
2992 2325 3059 2380 ad
3089 2324 3257 2380 Deum
3286 2330 3530 2380 nostrum
3558 2340 3572 2376 :

1983 2424 2078 2479 sed
2123 2423 2194 2477 ad
2239 2422 2450 2476 Patrem
2505 2437 2673 2475 meum
2727 2429 2776 2474 et
2816 2428 3017 2490 patrem
3046 2426 3284 2477 vestrum,
3310 2415 3380 2469 ad
3410 2413 3575 2468 Deam
3618 2468 3625 2477 ,

1984 2533 2149 2570 meum
2194 2526 2242 2569 et
2270 2514 2341 2568 ad
2368 2512 2534 2567 Deum
2562 2520 2795 2567 vestrum.
2832 2511 3003 2566 Aliter
3029 2511 3174 2564 enim
3196 2508 3271 2563 illi
3294 2507 3443 2562 Deus
3477 2522 3573 2577 pa-

1984 2618 2069 2665 ter
2091 2618 2191 2671 est,
2224 2608 2383 2662 aliter
2404 2607 2581 2661 nobis.
2606 2606 2758 2659 Illum
2789 2604 3054 2675 siquidem
3096 2609 3283 2658 natura
3310 2606 3576 2669 corequat,

1984 2697 2357 2755 misericordia
2414 2696 2662 2750 humili-at
2690 2714 2700 2748 :
2761 2711 2860 2750 nos
2884 2710 3014 2749 vero
3036 2702 3226 2748 natura
3256 2690 3573 2762 prosternit,

1985 2789 2355 2847 misericordia
2389 2788 2565 2856 erigit.
2598 2786 2713 2841 Hoc
2741 2787 2882 2841 enim
2908 2772 3029 2853 egit.
3045 2785 3145 2838 ista
3167 2783 3346 2838 divina
3384 2784 3576 2834 huma-

1985 2885 2126 2937 nitas
2155 2890 2210 2937 et
2233 2881 2463 2935 humana
2490 2879 2760 2942 divinitas,
2808 2876 2897 2930 tali
2928 2891 2991 2931 ac
3032 2882 3181 2928 tanto
3212 2871 3491 2935 miraculo,
3520 2878 3576 2924 ut

1985 2975 2291 3045 huiusmodi
2336 2973 2564 3041 gratiam
2588 2971 2801 3038 indigna
2833 2967 3139 3025 mortalium
3170 2964 3458 3022 meruisset
3486 2963 3571 3017 in-

1986 3065 2234 3123 ﬁrmitas.

2058 3155 2194 3213 Xlll.
2236 3156 2302 3212 Et
2332 3157 2452 3226 quis
2482 3156 2702 3226 poterit,
2730 3155 2815 3210 vel
2844 3154 2929 3209 cui
2982 3150 3214 3209 sumciat
3257 3151 3574 3221 paginarum

291 3242 361 3298 ad
409 3242 649 3297 Patrem'
676 3242 773 3299 Dei
808 3244 934 3298 mei.
966 3242 1261 3312 Qui‘igitur
1278 3259 1567 3316 personam
1590 3242 1879 3298 divinitatis

1988 3263 2295 3307 sanctarum
2325 3251 2635 3305 omnia'uno
2657 3249 2708 3303 in
2740 3257 2985 3319 tempore
3006 3246 3326 3301 documenta
3375 3258 3576 3312 conge-

291 3334 746 3405 bumanitatisque
773 3334 1049 3400 discernit,
1092 3344 1321 3405 utroque
1349 3336 1623 3393 intellectu
1653 3335 1880 3411 convin-

292 3427 450 3482 citur.
511 3426 618 3482 Aut
668 3427 832 3483 homo
858 3427 1015 3496 dixit,
1045 3436 1101 3483 et
1128 3427 1273 3484 idem
1302 3429 1418 3498 ipse
1446 3436 1530 3484 est
1550 3425 1647 3483 Dei
1669 3426 1834 3482 Filius
1865 3444 1877 3479 :

291 3528 389 3577 aut
416 3519 557 3576 Deus
584 3520 738 3588 dixit,
788 3530 843 3577 et
890 3522 1033 3578 idem
1059 3523 1172 3593 ipse
1200 3531 1283 3579 est
1320 3523 1480 3577 etiam
1512 3522 1674 3576 homo
1699 3536 1884 3578 susce-

291 3619 440 3683 ptus.
469 3611 571 3679 Qui
602 3612 745 3668 enim
767 3612 916 3677 dicit,
945 3613 1180 3669 Ascendo
1210 3614 1280 3669 ad
1307 3612 1522 3669 Patrem
1546 3631 1713 3669 meum
1739 3624 1787 3668 et
1815 3614 1885 3667 ad

292 3703 464 3760 Deum
490 3722 657 3761 "team
672 3723 692 3773 ;
726 3706 1022 3778 repetendo
1045 3722 1223 3762 meum
1252 3715 1309 3762 et
1333 3721 1531 3771 meum,
1563 3722 1725 3762 unam
1752 3720 1873 3776 pro-

295 3797 388 3851 bat
440 3796 832 3868 polliceturque
892 3814 1217 3870 personam,
1282 3795 1529 3868 quamvis
1592 3797 1883 3866 distinguat

295 3899 581 3961 utramque
630 3892 1002 3949 substantiam.
1034 3893 1080 3961 ρ
1103 3892 1191 3949 ιοιι
1218 3894 1361 3949 enim
1413 3894 1510 3963 ait,
1535 3893 1771 3948 Ascendo
1813 3893 1883 3947 ad

296 3982 511 4045 Patrem
529 4001 714 4051 meum,
746 3987 1017 4056 pertinere
1042 3987 1260 4057 quidem
1287 3988 1500 4043 videtur
1524 3988 1591 4041 ad
1637 3988 1881 4057 unigeni—

295 4083 414 4131 tum
445 4076 634 4131 Filium
668 4094 681 4130 :
712 4078 859 4148 quod
877 4088 1056 4134 autem
1080 4082 1174 4146 ait,
1209 4081 1278 4133 ad
1308 4079 1471 4134 Deam
1502 4097 1687 4143 meum,
1711 4079 1886 4150 perti-

294 4183 429 4224 nere
450 4168 662 4224 videtur
681 4169 749 4224 ad
775 4170 1052 4226 hominem
1078 4170 1301 4227 factum.
1321 4172 1427 4227 Sed
1447 4173 1500 4227 in
1530 4170 1744 4227 Christo
1757 4170 1884 4226 Jesu

298 4277 399 4318 nec
452 4261 616 4318 homo
665 4272 878 4319 creatus
918 4272 1097 4335 potest
1136 4265 1264 4333 dici,
1298 4267 1722 4336 necunigenitus
1744 4265 1885 4319 Deus

298 4356 485 4424 rogari
516 4356 681 4413 homo
708 4358 911 4429 poterit
939 4367 1114 4414 natus.
1142 4359 1318 4429 Atque
1347 4359 1467 4415 ideo
1503 4375 1602 4414 nec
1636 4359 1731 4414 Dei
1771 4369 1887 4413 tan-

295 4459 436 4515 tum,
460 4464 559 4505 nec
583 4449 816 4506 hominis
837 4460 1062 4517 tantum,
1092 4468 1199 4508 vox
1222 4452 1322 4507 ista
1353 4468 1472 4509 esse
1502 4453 1844 4509 convincitur
1870 4471 1881 4506 :

1986 3363 2127 3411 rere,
2157 3346 2351 3415 quibus
2370 3345 2579 3400 sincera
2601 3344 2712 3398 lucc
2742 3352 2798 3397 et
2818 3357 2969 3397 mera
2996 3340 3195 3394 verita‘s
3221 3336 3577 3408 perdocetur?

1986 3436 2097 3495 Sed
2124 3451 2178 3494 et
2208 3437 2398 3513 modus
2428 3435 2695 3490 sermonis
2720 3435 2810 3502 qui
2828 3433 2939 3501 jam
2970 3430 3168 3485 dudum
3190 3427 3441 3488 excessit,
3472 3426 3574 3480 ali—

1988 3529 2203 3601 quando
2235 3528 2495 3584 tenendus
2534 3536 2633 3590 est,
2678 3543 2777 3581 nec
2820 3524 2948 3578 mihi
2976 3522 3177 3578 diutius
3225 3518 3575 3575 laborandum

1987 3640 2109 3679 cum
2160 3624 2259 3688 eis,
2310 3636 2446 3691 quos
2494 3620 2792 3674 instruente
2841 3616 3066 3671 Domino
3095 3614 3337 3669 eruditos
3357 3611 3571 3681 agnovi.

1988 3713 2190 3770 [astate
2219 3714 2420 3783 itaque,
2452 3711 2591 3766 sicut
2618 3709 2905 3781 Apostolus
2951 3706 3044 3779 (ΙΙ
3076 3706 3209 3762 Tim.
3242 3721 3314 3770 tv,
3344 3702 3401 3773 2)
3437 3718 3574 3774 prte-

1990 3808 2153 3878 cepit,
2177 3814 2483 3877 Opportune
2512 3812 2674 3873 atque
2705 3803 3038 3872 importune;
3072 3807 3129 3853 et
3166 3797 3411 3852 doctrina
3442 3809 3571 3849 sana
3609 3860 3621 3867 _

1992 3901 2273 3956 universos
2302 3905 2546 3953 errantes
2576 3897 2806 3965 arguite,
2836 3900 3109 3957 revocate,
3166 3889 3432 3954 instruite,
3485 3902 3575 3941 ro-

1990 3994 2211 4047 borate:
2242 4006 2354 4044 non
2382 4002 2656 4057 mea,qu.'e
2681 3986 2825 4040 nulla
2850 3993 2942 4039 aut
2961 3999 3125 4055 parva
3148 3990 3290 4045 sunt,
3314 3980 3574 4034 habentes

1991 4085 2044 4139 in
2075 4085 2175 4138 hac
2202 4081 2321 4136 fidei
2370 4080 2549 4149 regula
2576 4080 2919 4141 documenta;
2944 4075 3041 4133 sed
3067 4074 3462 4144 Scripturarum
3487 4070 3571 4124 di-

1993 4178 2255 4239 vinarum,
2289 4189 2353 4229 ae
2398 4188 2711 4243 magnorum
2754 4179 2809 4227 et
2852 4169 3283 4226 doctissimorum
3309 4166 3567 4227 virorum,

1988 4270 2080 4344 qui
2112 4269 2227 4323 hme
2274 4276 2400 4323 ante
2429 4283 2530 4323 nos
2571 4274 2624 4321 et
2651 4265 2953 4322 ﬁrmissime
2983 4269 3290 4324 tenuerunt,
3316 4269 3370 4315 et
3398 4257 3575 4313 multi-

1987 4364 2214 4435 plieilms
2241 4362 2392 4417 libris
2414 4361 2856 4430 eloquentissime
2884 4358 3204 4414 docuerunt.

1503 4682 1672 4727 ANNO
1716 4683 1947 4727 DOMINI
1991 4683 2187 4730 CCCCX
2198 4684 2238 4728 Χ
2248 4684 2282 4726 Χ
2292 4683 2335 4728 ll
2348 4710 2362 4725 .

603 4801 1247 4965 URAN
1271 4807 1648 4967 IUS
1779 4800 3266 4966 PRESBYTER.

943 5189 1036 5249 (Ex
1071 5189 1242 5252 Cave).

377 5282 604 5338 Uranitts
628 5283 909 5356 presbyter,
935 5284 1146 5351 Paulini
1170 5283 1371 5342 Nolani
1393 5286 1697 5356 discipulus,
1729 5287 1812 5341 cui
1833 5289 1887 5341 in

294 5378 544 5432 extremis
590 5380 762 5449 agenti
812 5379 1120 5435 ministrari!
1149 5396 1288 5434 anno
1336 5377 1460 5445 451,
1491 5382 1734 5452 scripsit,
1762 5381 1885 5434 lter—

1852 5208 1859 5213 ‘
1912 5193 1962 5252 ῐ)
1989 5199 2129 5245 tante
2159 5189 2380 5257 Pacato,
2404 5189 2755 5243 narrationem
2774 5188 2838 5241 de
2865 5187 2999 5243 obitu
3024 5184 3190 5239 sancti
3213 5179 3445 5241 Paulini,
3466 5194 3578 5247 qtfa'

1999 5281 2220 5336 habetur
2248 5281 2388 5351 apud
2416 5281 2628 5336 Satrium
2654 5278 2802 5333 lanii
2835 5277 2905 5331 2‘2
2928 5286 2978 5331 et
3004 5278 3059 5330 in
3099 5271 3309 5344 nuperis
3348 5264 3575 5321 omnibus

1998 5377 2207 5433 Paulini
2234 5373 2562 5432 editicuibut.
3374 5372 3379 5375 ’

1566 5702 1696 5735 ...κω
1822 5702 1931 5706 "*H
1946 5701 2071 5731 tua:
2088 5701 2167 5730 ζει
2188 5701 2277 5733 ἐρατ
