4110 6336
648 331 753 389 863

1599 322 1829 378 unANtt
1870 292 2308 379 PRESBYTER!
2347 323 2679 382 EPISTOLA
2722 327 2944 385 UNlCA.

3809 335 3915 391 864

627 453 717 510 nia
758 446 1027 506 liberavit!
1063 460 1166 503 una
1211 446 1420 504 scilicet
1472 445 1689 517 pietatis
1736 445 2104 513 negotiatione
2162 452 2218 500 et
2244 450 2294 507 Α
2323 446 2466 500 enim
2511 447 2675 503 solius
2704 448 2817 504 hare
2849 462 2968 504 mea
3019 463 3122 505 vox
3168 457 3297 504 est:
3344 458 3510 505 testes
3546 459 3673 505 sunt
3720 468 3915 511 omnes

550 538 557 545 ’
625 546 870 618 planctus
895 539 1195 596 debitorum
1241 539 1490 603 extersit,
1523 547 1577 593 et
1627 538 1955 594 creditorum
2009 538 2208 608 gaudia

629 634 916 707 reparavit.

696 730 745 784 7.
787 727 922 785 Cum
951 736 1129 783 autem
1150 726 1215 781 ad
1236 741 1504 783 summum
1532 726 1817 781 sacerdotii
1839 727 2061 795 gradum
2078 742 2211 797 .pro-

622 832 811 881 vectus
830 833 990 889 esset,
1022 822 1195 877 noluit
1224 821 1385 876 talem
1413 836 1473 875 se
1498 820 1754 875 exhibere
1774 821 2083 891 episcopum
2110 820 2206 891 qui

625 916 694 972 ab
723 916 903 986 aliquo
942 916 1247 978 timeretur;
1284 916 1378 969 sed
1409 914 1568 968 talem
1594 929 1652 968 se
1682 913 1911 968 reddidit
1936 912 2201 968 sacerdo-

623 1016 733 1064 tem
753 1009 845 1078 qui
887 1007 955 1062 ab
987 1008 1235 1063 omnibus
1275 1017 1566 1061 amaretur.
1610 1006 1890 1077 Nunquam
1919 1008 1997 1061 sic
2040 1007 2209 1062 iratus

623 1109 727 1165 est,
762 1108 819 1155 ut
842 1116 948 1156 non
978 1100 1030 1155 in
1052 1101 1131 1155 ira
1160 1100 1539 1155 misericordia:
1577 1115 1785 1154 memor
1812 1108 1956 1156 esset
1987 1119 1999 1153 ε
2035 1115 2208 1171 neque

626 1195 770 1251 enim
793 1202 1006 1265 poterat
1028 1194 1109 1248 vir
1130 1193 1218 1248 ille
1249 1193 1425 1257 irasci,
1452 1194 1540 1263 qui
1569 1193 1922 1248 contumelias
1948 1193 2210 1264 despicie-

621 1288 736 1355 bat,
768 1298 823 1345 et
850 1288 971 1344 odia
1002 1288 1232 1364 vitabat.
1266 1287 1546 1357 Nunquam
1576 1288 1629 1342 in
1646 1286 1853 1355 judicio
1881 1288 1999 1344 sine
2038 1288 2207 1342 mise-

621 1381 857 1437 ricordia
886 1380 1043 1446 sedit,
1074 1380 1198 1451 quia
1224 1388 1444 1435 noverat
1473 1377 1895 1433 misericordiam
1925 1377 2204 1433 meliorem

624 1487 745 1528 esse
773 1488 932 1542 quam
957 1472 1302 1536 sacriﬁcium;
1327 1471 1693 1526 misericordia
1723 1469 2060 1524 vestiendum
2091 1484 2209 1525 esse

628 1580 790 1621 omne
848 1566 1269 1643 Christianorum
1319 1563 1599 1633 judicium,
1642 1564 1852 1620 dicente
1916 1564 2207 1621 venerabili

629 1655 945 1729 Scriptura:
991 1656 1409 1712 Misericordiam
1435 1657 1771 1728 etjudicium
1816 1657 2047 1714 cantabo
2091 1658 2203 1722 tibi,

623 1750 866 1807 Domine.
890 1749 1157 1806 Justitiam
1179 1766 1393 1822 quoque
1416 1752 1554 1821 votis
1580 1752 1980 1820 benignioribus
2011 1762 2211 1823 tempe-

2315 539 2624 609 provincizr,
2654 539 2807 595 testis
2828 547 2910 595 est
2930 541 3108 618 omnis
3130 549 3270 597 terra
3292 557 3450 611 quam
3468 540 3745 599 Romanus
3766 545 3918 603 orbis

2314 632 2567 698 includit;
2599 642 2762 689 testes
2781 634 2943 690 etiam
2973 645 3098 690 sunt
3117 634 3367 691 barbara:
3389 637 3656 702 nationes,
3689 640 3755 694 ad
3778 656 3917 710 quas

2312 723 2691 799 famaDomini
2730 724 2935 781 Paulini
2983 737 3324 797 pervenerat.
3364 727 3473 784 Nec
3520 730 3796 786 immerito
3845 734 3915 787 ab

2314 820 2562 876 omnibus
2590 819 2889 886 amabatur,
2921 820 3011 892 qui
3036 820 3223 875 aderat
3251 822 3520 877 omnibus.
3543 821 3717 889 Quem
3760 825 3914 880 enim

2307 912 2576 982 jacentem
2605 930 2710 968 non
2741 930 2837 970 sua
2876 913 3100 970 dextera
3139 915 3350 971 erexit?
3375 931 3535 985 quem
3566 917 3918 989 interpellan-

2314 1015 2420 1061 tem
2442 1022 2501 1061 se
2531 1024 2637 1063 non
2670 1008 2753 1079 pia
2784 1023 2918 1064 voce
2938 1009 3250 1074 consolatus
3279 1012 3401 1064 est?
3426 1008 3557 1065 Erat
3594 1011 3740 1066 enim
3772 1013 3914 1081 pius,

2313 1099 2640 1163 misericors,
2674 1099 2909 1166 humilis,
2934 1108 2990 1153 et
3032 1099 3333 1170 benignus:
3379 1101 3583 1156 nullum
3624 1116 3913 1173 spernens,

2314 1190 2517 1246 nullum
2548 1191 2879 1262 despiciens;
2911 1193 3162 1247 oinnibus
3191 1193 3496 1261 tribuebat,
3544 1194 3803 1249 omnibus
3834 1195 3913 1250 in—

2312 1285 2564 1353 dulgebat
2598 1306 2609 1339 :
2652 1286 2925 1342 animabat
2962 1286 3232 1358 trepidos,
3287 1287 3564 1355 mitigabat
3612 1287 3912 1354 violentos;

2314 1378 2413 1434 bos
2432 1379 2632 1448 verbis,
2679 1380 2801 1436 illos
2830 1376 3131 1434 :rdiﬁcabat
3158 1378 3405 1449 exemplo
3436 1397 3449 1433 :
3487 1379 3626 1435 alios
3645 1379 3912 1451 epistolis,

2313 1472 2449 1526 alios
2471 1473 2772 1543 sumptibus
2797 1472 3103 1542 adjuvabat.
3138 1472 3320 1527 Nullas
3360 1487 3514 1543 opes,
3562 1472 3744 1526 nullas
3773 1472 3905 1526 divi-

2314 1566 2437 1635 tias,
2469 1567 2569 1621 nisi
2586 1582 2719 1637 quas
2746 1567 2945 1621 sanctis
2972 1566 3082 1620 suis
3102 1565 3348 1620 Christus
3370 1566 3719 1634 promiserat,
3746 1565 3908 1619 mira-

2311 1660 2491 1715 batur.
2518 1660 2718 1716 Aurum
2748 1670 2912 1730 atque
2940 1668 3241 1725 argentum,
3273 1665 3329 1714 et
3351 1667 3546 1714 cratera
3577 1659 3655 1713 sie
3686 1657 3908 1712 delinie-

2312 1752 2425 1821 bat,
2448 1761 2593 1808 utea
2624 1753 2722 1807 sibi
2744 1752 2810 1808 ad
2833 1751 3164 1821 largiendum
3196 1751 3516 1819 liberalitas,
3546 1766 3654 1804 non
3683 1750 3751 1804 ad
3782 1751 3907 1805 reti-

621 1844 804 1908 rabat;
859 1845 1036 1901 sciens
1090 1845 1345 1914 quoniam
1393 1844 1624 1915 Spiritus
1675 1855 1892 1901 sanctus
1944 1856 2203 1915 quantum
2240 1841 2281 1898 Β
2312 1844 2546 1900 nendum
2587 1845 2849 1915 cupiditas
2877 1845 3190 1899 vinlicaret.
3222 1840 3321 1907 Et,
3352 1851 3411 1897 ut
3437 1842 3677 1897 breviter
3706 1843 3902 1907 dicam,

619 1936 859 2007 aequitati
885 1946 941 1991 et
954 1935 1178 2005 justitiae
1206 1936 1367 2002 favet,
1401 1946 1605 1991 tantum
1639 1938 2008 2006 suisgratiam
2038 1939 2210 2009 pieta-

622 2027 693 2083 tis
732 2028 994 2097 benignus
1031 2029 1283 2100 indulget
1315 2047 1326 2082 :
1371 2038 1427 2084 et
1468 2030 1589 2086 ideo
1637 2031 1853 2086 tenebat
1894 2032 2124 2099 rigorem
2156 2034 2208 2088 in

618 2121 1019 2178 examinatione
1042 2121 1283 2190 jnstitiae,
1330 2123 1755 2179 misericordiam
1784 2131 1964 2180 autem
1994 2125 2050 2179 in
2076 2124 2209 2181 deﬁ-

616 2213 823 2269 nitione
855 2217 1137 2270 sententia:
1168 2212 1523 2286 proferebat.‘

691 2307 744 2362 8.
788 2305 833 2362 Ο
862 2309 1231 2385 admirabilem
1262 2311 1432 2365 virum
1473 2320 1635 2381 atque
1677 2312 1916 2367 omnium
1948 2313 2207 2368 virtutum

620 2408 646 2437 ιι
671 2399 828 2456 laude
851 2402 1213 2457 censendum!
1251 2401 1347 2458 llic
1368 2406 1569 2460 etenim
1609 2406 1847 2461 omnium
1870 2406 2208 2475 patriarcha-

616 2510 737 2550 rum
760 2496 1011 2565 exempla
1040 2505 1275 2563 secutus,
1300 2496 1395 2552 fuit
1418 2498 1587 2555 ﬁdelis
1609 2508 1667 2554 ut
1696 2499 1987 2561 Abraham.
2012 2501 2207 2557 credu-

617 2584 701 2641 lus
724 2594 781 2640 ut
818 2585 988 2652 Isaac,
1014 2588 1277 2656 benignus
1305 2598 1363 2643 ut
1389 2589 1576 2655 Jacob,
1600 2591 1881 2647 muniﬁcus
1904 2590 2208 2649 ut‘Melcbi-

617 2678 836 2744 sedech,
872 2680 1124 2751 providus
1154 2689 1213 2736 ut
1235 2680 1456 2753 Josepb,
1481 2698 1650 2754 rapax
1683 2694 1733 2739 ut
1768 2684 2043 2755 Benjamin
2073 2705 2086 2741 :
2118 2703 2206 2743 ra-

614 2772 733 2843 puit
761 2774 902 2828 enim
924 2773 1202 2841 divitibus,
1227 2783 1281 2831 et
1302 2776 1628 2848 pauperibus
1646 2780 1890 2845 erogavit
1915 2798 1927 2841 ;
1951 2787 2007 2835 et
2029 2791 2206 2840 tamen

614 2867 736 2938 plus
753 2867 1011 2924 divitibus
1029 2884 1193 2939 quam
1219 2872 1545 2942 pauperibus
1566 2872 1828 2943 profuisse
1841 2878 2204 2945 cognoscitur,

616 2959 745 3029 quia
778 2962 1104 3031 pauperibus
1133 2964 1183 3017 in
1217 2963 1320 3020 hoc
1347 2965 1544 3021 saeculo
1573 2966 1792 3037 profuit,
1827 2968 2078 3025 divitibus
2107 2987 2206 3027 au-

616 3061 726 3107 tem
775 3054 827 3109 in
858 3055 1038 3111 futuro
1068 3058 1323 3126 providit.
1352 3058 1492 3128 Ergo
1517 3063 1532 3130 (
1557 3062 1680 3130 quia
1702 3061 1882 3118 dicere
1911 3068 2204 3138 cmperam)

616 3143 714 3199 fuit
753 3156 1065 3203 mansuetus
1094 3158 1152 3203 ut
1181 3148 1409 3221 Moyses,
1441 3152 1789 3209 saecvdolalis
1813 3165 1870 3211 ut
1891 3158 2089 3227 Aaron,
2119 3162 2201 3216 in-

615 3250 817 3292 nocens
847 3246 905 3292 ut
942 3237 1181 3305 Samuel,
1213 3242 1521 3299 misericors
1567 3254 1625 3300 ut
1654 3246 1857 3316 David,
1884 3221 2100 3321 sapiens
2148 3265 2204 3311 ut
2229 3221 2279 3287 α

613 3327 889 3396 Salomon,
913 3334 1242 3403 apostolicus
1272 3345 1328 3390 ut
1358 3334 1570 3402 Petrus,
1589 3340 1833 3397 amabilis
1873 3352 1930 3398 ut
1948 3343 2201 3415 Joannes,

613 3430 802 3479 cautus
830 3432 890 3478 ut
923 3422 1177 3491 Thomas,
1215 3426 1407 3483 doctor
1435 3438 1492 3484 ut
1521 3428 1736 3495 Paulus,
1781 3434 1970 3491 videns
1999 3446 2057 3491 ut
2084 3438 2205 3495 Stc-

617 3515 847 3585 phanus,
876 3516 1088 3573 fervens
1120 3528 1179 3574 ut
1201 3520 1395 3591 Apollo
1430 3542 1441 3576 :
1469 3523 1537 3579 de
1556 3525 1918 3584 sollicitudine
1943 3538 2123 3587 autem
2148 3543 2204 3589 et

611 3621 740 3663 cura
767 3606 1149 3676 Ecclesiarum,
1177 3611 1229 3667 in
1252 3613 1355 3669 lide
1376 3629 1430 3669 et
1458 3616 1683 3673 caritate
1712 3635 1900 3676 onmes
1928 3625 2204 3693 apostolos

613 3704 668 3753 et
705 3699 991 3770 episcopos
1047 3702 1288 3759 imitatus
1317 3714 1416 3761 est.
1446 3707 1568 3761 llaec
1597 3712 1774 3766 omnia
1805 3712 1856 3766 in
1887 3729 1945 3768 se
1993 3714 2198 3783 habuit,

610 3789 723 3849 haec
753 3793 805 3848 in
829 3802 1074 3864 tempore
1100 3800 1529 3855 conversationis
1556 3819 1669 3857 sum
1707 3803 1935 3861 ﬁdeliter
1963 3812 2202 3867 custodi-

610 3886 706 3941 vit.
740 3886 807 3942 Et
836 3886 958 3945 ideo
987 3906 1112 3945 cum
1142 3891 1209 3947 de
1230 3892 1336 3949 hoc
1379 3910 1610 3966 corpore
1646 3899 1714 3953 ad
1744 3901 1963 3956 caeleste
1989 3904 2200 3960 habita-

610 3980 784 4035 culum
813 3993 1097 4041 vocaretur
1120 3987 1137 4055 (
1160 3987 1300 4042 sicut
1343 3991 1589 4059 superius
1611 3991 1721 4047 dixi
1747 3994 1785 4062 ),
1830 3995 2001 4051 doluit
2031 4006 2195 4065 terra,

609 4071 702 4127 sed
726 4072 967 4130 laetatum
1004 4086 1088 4132 est
1108 4079 1333 4148 cadum;
1365 4080 1512 4138 flevit
1545 4101 1693 4150 caro,
1723 4087 1817 4141 sed
1848 4090 2066 4159 spiritus
2085 4093 2200 4161 glo-

609 4163 800 4226 riatur.
1660 4181 1670 4187 ‘

679 4255 731 4309 9.
775 4258 1018 4329 Denique
1040 4277 1147 4316 non
1174 4265 1348 4320 solum
1375 4264 1688 4336 Christiani,
1716 4272 1811 4327 sed
1841 4275 2002 4329 etiam
2030 4275 2200 4333 Judzei

607 4353 769 4416 atque
798 4352 1011 4419 pagani.
1043 4352 1244 4422 ingenti
1273 4353 1423 4421 ﬁetu,
1454 4359 1638 4416 scissis
1676 4363 1838 4418 etiam
1871 4367 2108 4422 vestibus
2133 4372 2201 4425 ad

606 4440 808 4498 domini
849 4444 1058 4500 Paulini
1086 4450 1371 4518 exsequias
1397 4465 1799 4512 convenerunt:
1827 4470 2072 4530 ereptum
2098 4463 2199 4518 sibi

605 4541 917 4605 patronum,
943 4536 1301 4607 defensorem,
1327 4550 1560 4599 tutorem
1583 4563 1686 4601 una
1710 4564 1900 4605 omnes
1920 4553 2090 4609 "ObiSl
2110 4571 2197 4611 um

2313 1938 2493 1994 omnia
2524 1934 2661 1993 bona
2691 1937 2743 1992 in
2764 1954 2822 1994 se
2848 1937 3057 2005 habuit,
3088 1937 3212 2007 quia
3244 1936 3515 2005 Christum
3544 1936 3740 1989 amavit
3766 1953 3780 1987 :
3812 1935 3898 1989 ba-

2310 2029 2428 2085 buit
2440 2030 2582 2083 enim
2607 2028 2789 2098 Iidem,
2807 2028 3297 2095 mansuetudinem,
3313 2043 3498 2083 curam
3513 2010 3893 2097 proiimorum;

2304 2122 2486 2193 jugem
2517 2139 2614 2193 pro
2644 2123 2854 2178 miseris
2880 2121 3322 2189 sollicitudinem,
3350 2119 3786 2190 compassionem
3806 2135 3895 2188 pro

2311 2217 2571 2284 inﬁrmis;
2603 2218 2733 2272 nihil
2762 2216 2906 2272 aliud
2936 2216 3229 2287 respiciens
3256 2214 3358 2269 nisi
3388 2229 3577 2285 pacem
3610 2222 3669 2267 et
3711 2214 3898 2267 carita-

2311 2321 2418 2368 tem
2453 2328 2470 2367 ς
2499 2311 2646 2366 solus
2675 2326 2906 2382 namque
2919 2309 3275 2375 mendicabat,
3310 2316 3368 2363 ut
3387 2306 3640 2362 omnibus
3670 2306 3898 2362 abundao

2310 2413 2413 2462 ret.
2447 2404 2684 2473 Denique
2712 2404 2831 2474 quis
2862 2403 3011 2458 locus
3058 2410 3141 2456 est
3194 2401 3246 2456 in
3295 2401 3427 2456 orbe
3466 2408 3763 2468 terrarum,
3793 2415 3896 2470 qua

2311 2494 2563 2560 solitudo,
2588 2510 2706 2565 qua!
2754 2494 2917 2548 maria
2940 2537 2957 2562 ,
2986 2508 3104 2565 qure
3150 2491 3207 2548 S.
3255 2490 3466 2548 Paulini
3503 2490 3773 2548 beneﬁt-ia
3802 2508 3893 2547 non

2310 2592 2635 2646 senserunt?
2663 2587 2861 2645 Omnes
2889 2604 3010 2645 eum
3040 2602 3335 2657 agnoscere
3363 2586 3697 2657 cupiebant,
3726 2602 3889 2641 omnes

2312 2681 2495 2737 videre
2520 2682 2915 2737 desiderabant.
2959 2680 3089 2748 Quis
3118 2681 3183 2734 ad
3216 2680 3363 2736 illum
3408 2696 3515 2733 non
3564 2680 3724 2735 hctus
3752 2680 3887 2735 adre-

2312 2779 2430 2832 nit‘!
2477 2785 2570 2832 aut
2597 2777 2718 2847 quis
2763 2776 2829 2831 ab
2870 2775 2961 2830 illo
3008 2791 3114 2831 non
3156 2774 3564 2830 desideraturus
3611 2775 3887 2831 abscessit?

2313 2870 2443 2925 Nam
2474 2870 2566 2939 qui
2595 2883 2823 2941 corpore
2861 2885 2985 2924 eum
3015 2868 3197 2923 videre
3227 2883 3334 2923 non
3384 2876 3672 2937 poterant,
3710 2868 3880 2939 saltem

2311 2967 2426 3037 ejus
2447 2966 2703 3037 epistolas
2722 2967 3035 3032 contingere
3063 2962 3375 3033 cupiebant.
3397 2959 3532 3017 Erat
3558 2963 3687 3017 enim
3715 2961 3875 3014 sicaris

2312 3071 2366 3116 et
2396 3061 2621 3117 blandus
2644 3060 2695 3114 in
2709 3059 2923 3122 litteris,
2941 3058 3112 3113 dulcis
3126 3064 3183 3112 et
3205 3057 3342 3112 bene
3362 3057 3549 3112 suavis
3570 3058 3623 3111 in
3638 3055 3883 3111 versibus.

2311 3153 2445 3223 Quid
2468 3153 2655 3224 plura?
2686 3151 2786 3206 Vix
2816 3164 3148 3221 quaecunque
3166 3149 3243 3203 'de
3267 3150 3358 3204 illo
3386 3149 3665 3215 dicuntur,
3710 3148 3892 3203 admit-

2311 3256 2451 3304 teret
2470 3245 2769 3303 credulitas.
2788 3243 2931 3311 ﬁdei,
2956 3242 3054 3296 nisi
3079 3241 3447 3312 propellerent
3466 3256 3566 3296 sua
3588 3239 3729 3297 facta
3754 3256 3896 3294 tuen-

2308 3340 2542 3397 dacium.
2577 3338 2877 3394 Taccamus
2904 3335 3120 3405 generis
3150 3334 3513 3413 nobilitatem,
3532 3335 3773 3404 paternis
3795 3348 3900 3387 ma-

2309 3434 2584 3502 ternisque
2614 3430 2883 3486 natalibus
2931 3429 2982 3482 in
3028 3436 3338 3483 senatorum
3368 3442 3638 3498 purpuras
3678 3426 3881 3482 admira

2306 3526 2490 3582 biliter
2520 3525 2829 3580 rutilantem
2858 3543 2870 3577 :
2898 3531 3157 3594 prteterea
3177 3531 3231 3577 et
3251 3522 3555 3594 epulentias
3569 3522 3905 3587 divitiarum,

2306 3635 2442 3692 quas
2474 3617 2886 3691 propterDeum
2918 3616 3243 3687 pauperibus
3259 3616 3517 3684 erogavit.
3541 3614 3695 3671 Nunc
3724 3615 3907 3669 venia-

2305 3729 2424 3770 mus
2452 3711 2519 3767 ad
2533 3727 2609 3767 .ea
2632 3710 2659 3749 δ
2702 3726 2822 3781 qme
2848 3710 2915 3766 de
2945 3709 3094 3765 obitu
3120 3708 3238 3775 ejus
3262 3709 3433 3764 dicere
3460 3722 3825 3788 creperamus.

2385 3804 2463 3859 l0.
2507 3804 2672 3872 Igitur
2698 3818 2821 3857 eum
2850 3810 3068 3858 sanctus
3097 3799 3341 3855 Paulinus
3362 3798 3594 3854 debitum
3624 3798 3741 3853 Deo
3782 3799 3904 3870 spi-

2305 3900 2466 3954 ritum
2516 3898 2857 3964 reddidisset,
2908 3897 2981 3951 ita
3030 3896 3191 3951 niveo
3234 3893 3457 3951 candore
3481 3893 3664 3949 vultus
3692 3893 3827 3964 ejus
3855 3902 3913 3952 et

2305 4007 2467 4047 onme
2496 4005 2693 4061 corpus
2723 3988 2972 4045 allectum
3022 3995 3126 4055 est,
3157 3996 3217 4041 ut
3254 4000 3441 4041 omnes
3467 3984 3608 4040 inter
3634 3986 3917 4055 singultus
3978 3991 3987 3999 '

2304 4093 2359 4139 et
2386 4086 2653 4155 laerymas
2679 4081 3063 4137 henedicerent
3100 4079 3387 4135 Dominum
3430 4076 3601 4133 Deum
3632 4088 3918 4143 nostrum,

2304 4179 2394 4248 qui
2423 4177 2602 4233 educit
2631 4184 2846 4230 sanctos
2872 4189 3002 4229 suos
3030 4173 3083 4228 in
3109 4170 3531 4241 magniﬁcentia,
3562 4182 3623 4224 ut
3650 4169 3921 4225 ostendat

2303 4272 2475 4325 servis
2496 4269 2605 4324 suis
2635 4269 2760 4337 quia
2782 4267 2898 4323 luce
2925 4275 3007 4321 est
3032 4265 3203 4333 gloria
3223 4263 3480 4319 omnibus
3509 4264 3728 4318 sanctis
3757 4266 3876 4319 suis
3908 4285 3921 4318 :

2304 4370 2360 4418 et
2391 4361 2515 4417 ideo
2543 4361 2790 4415 laudetur
2828 4359 2879 4413 in
2914 4357 3024 4413 Deo
3068 4358 3247 4411 anima
3296 4355 3416 4425 ejus
3438 4399 3455 4424 ,
3491 4363 3548 4410 et
3595 4356 3923 4412 revelantur

2304 4471 2466 4527 opera
2491 4453 2609 4523 ejus
2638 4455 2690 4508 in
2721 4452 2972 4508 omnibus
2996 4448 3308 4506 timentibus
3336 4448 3530 4513 Deum,
3551 4448 3693 4517 quia
3716 4464 3927 4505 conm-

2302 4550 2435 4621 pivit
2466 4549 2515 4602 in
2539 4538 2811 4601 mandatis
2840 4543 2933 4598 Dei
2955 4543 3070 4615 sui,
3095 4551 3151 4596 et
3172 4540 3439 4597 intellexit
3479 4554 3658 4612 spper
3688 4554 3926 4609 egenum

604 4638 740 4684 voce
765 4628 1108 4700 planxerunt.
1143 4631 1210 4686 Et
1239 4650 1366 4689 vere
1413 4637 1532 4692 talis
1575 4650 1709 4706 erat,
1736 4650 1793 4696 ut
1837 4643 1905 4698 ab
1951 4641 2201 4703 omnibus
2231 4615 2277 4673 υ
2303 4615 2361 4700 et
2379 4656 2693 4714 pauperem,
2717 4647 2774 4695 ut
2803 4647 2997 4709 potens
3016 4645 3169 4707 esset
3200 4636 3254 4690 in
3284 4643 3430 4691 terra
3459 4649 3662 4691 semen
3696 4635 3847 4706 ejus.
3874 4644 3930 4691 ει

605 4732 899 4778 amaretur:
934 4724 1066 4779 vixit
1094 4727 1238 4781 enim
1269 4731 1561 4811 cunctisin
1589 4735 1893 4806 exemplum
1913 4740 2198 4808 acquiren-

604 4809 684 4864 «ιω
729 4813 937 4881 salutis,
968 4822 1021 4867 et
1074 4817 1123 4871 in
1177 4809 1519 4890 refrigerium
1571 4824 1983 4885 consolationis.
2017 4828 2200 4900 Neque

601 5041 741 5115 tiunt
770 5058 877 5096 non
902 5058 1041 5111 esse,
1074 5047 1247 5115 ipsum
1278 5048 1515 5105 debitum
1544 5053 1788 5108 studiose.
1821 5056 2075 5112 intrieant
2102 5077 2113 5111 :
2140 5068 2195 5113 et

600 5112 716 5196 huc.
733 5120 980 5196 spectare
1006 5112 1167 5196 etiam
1200 5118 1412 5196 videtur
1437 5123 1683 5192 gaudium
1703 5126 2035 5196 creditorum,
2071 5112 2190 5184 mo;

601 5184 885 5257 testisillis
905 5185 1053 5241 tricis
1080 5184 1473 5257 expeditorum.

671 5254 1172 5381 ‘3ls.t.\lcdianum,
1196 5262 1428 5316 omnium
1446 5276 1764 5336 sanctormu,
1787 5269 1930 5339 quod
1941 5272 2192 5342 :rquehie

671 5344 698 5379 n
741 5345 819 5381 rut
854 5370 865 5381 .

598 5341 865 5395 congrua.

671 5397 699 5478 ᾖ
727 5399 881 5478 Idem
897 5401 1067 5478 solum
1089 5403 1179 5460 hic
1201 5404 1501 5478 interserit,
1520 5423 1639 5478 quin
1653 5409 1722 5466 de
1751 5414 2009 5467 servitute
2026 5413 2192 5468 Wan-

597 5469 764 5554 dalica
798 5472 959 5554 habet
987 5475 1280 5554 Gregorius
1309 5479 1376 5554 in_
1406 5469 1655 5554 dialogis,
1682 5492 1755 5554 et
1784 5485 1998 5553 quidem
2031 5494 2089 5539 ut
2118 5486 2183 5537 ah

604 5539 800 5625 Uranie
814 5545 1013 5626 scripta
1035 5565 1045 5599 :
1067 5539 1214 5626 quod
1230 5539 1934 5626 l_’_«issivinumvin'Apparatu
1952 5556 2181 5626 decepit;

599 5628 719 5666 cum
749 5614 862 5684 ipse
890 5614 1181 5683 Gregorius
1210 5619 1407 5689 alleget
1437 5623 1648 5679 auditos
1677 5614 1722 5679 a'
1745 5614 1804 5679 se
1834 5627 1909 5680 rei
1942 5614 2187 5679 illius-te;

598 5691 707 5767 stes
737 5702 969 5767 quorum,
995 5688 1166 5767 inquit
1184 5732 1196 5754 ,
1232 5688 1552 5767 mefuerjesse
1581 5705 1657 5749 est
1680 5698 2047 5767 graudarvilati
2081 5707 2186 5749 tant

600 5763 739 5806 certo
770 5758 993 5837 credere.
1026 5758 1086 5812 ac
1106 5764 1150 5837 si
1178 5758 1382 5837 ea‘quaz
1406 5764 1656 5837 dixerunt
1678 5758 1804 5821 inuis
1826 5767 1989 5823 oculis
2034 5767 2191 5820 cidis-

598 5838 705 5879 mu
741 5842 753 5880 ;
786 5827 941 5885 aliter
969 5846 1098 5888 vero
1120 5827 1359 5901 loquitur
1394 5832 1686 5900 Gregorii»;
1731 5838 1797 5894 de
1841 5847 1996 5893 terra:
2038 5846 2190 5893 motu

2298 4738 2506 4807 jnstitia
2535 4734 2651 4803 ejus
2673 4740 2916 4788 maneret
2954 4732 3005 4785 in
3035 4730 3288 4786 smeulum
3309 4728 3511 4785 seculi.

2382 4831 2464 4884 ll.
2500 4829 2879 4883 Verumtamen
2908 4832 2961 4880 et
2993 4825 3094 4879 hoc
3144 4821 3291 4879 quod
3315 4820 3384 4876 ad
3422 4820 3707 4878 meritum
3754 4824 3930 4879 sancti

2307 5074 2417 5129 quo
2448 5054 3019 5129 cubicultnntremuit,
3052 5054 3117 5106 de
3155 5052 3334 5122 cujus,
3364 5050 3563 5129 inquit,
3597 5053 3779 5129 ειὶρηι
3803 5052 3935 5129 obitu

2303 5122 2567 5199 apudeer
2589 5127 2855 5199 ecclesiam
2879 5126 3122 5194 scriptum
3140 5132 3239 5199 est,
3271 5136 3465 5199 nempe
3505 5122 3563 5199 in
3604 5122 3705 5199 vel
3740 5136 3812 5177 ex
3840 5122 3935 5199 bac

2306 5190 2496 5256 Uranii
2523 5198 2770 5270 cpistola.
2808 5190 3455 5270 Appatietrtiamnassnti
3487 5190 3741 5270 aliunde
3774 5195 3937 5270 panni

2302 5272 2482 5327 hiulca
2508 5260 2777 5325 connexio
2799 5260 2924 5321 dum
2968 5264 3202 5320 dicitur:
3232 5260 3387 5318 Nunc
3429 5264 3734 5319 veniamus
3767 5260 3841 5319 id
3879 5282 3938 5318 ea

2299 5359 2413 5415 qum
2442 5353 2585 5415 gestu
2635 5351 2772 5415 sunt.
2827 5336 2961 5391 Dum
2992 5336 3312 5415 swrieulium
3339 5332 3767 5392 Wandalorum
3796 5348 3938 5415 λεπι-

2299 5403 2589 5485 ρονεξυίὶί
2610 5412 2653 5464 si
2694 5427 2791 5485 pro
2836 5417 3036 5478 puncto
3063 5406 3379 5485 _suhstituas
3427 5420 3690 5485 comma,
3730 5409 3936 5485 reliqua

2292 5477 2890 5555 pet-indusimperfeeta
2939 5477 3214 5555 pendebit,
3254 5486 3314 5555 _et
3342 5478 3497 5548 quasi
3552 5495 3675 5533 suo
3729 5477 3935 5536 carebit

2291 5547 2491 5625 capite.
2564 5547 2742 5607 Fin-ito
2802 5547 2981 5625 autem
3040 5547 3491 5625 interpolamento
3560 5560 3934 5607 resumuntnr

2296 5618 2408 5702 hic
2442 5625 2693 5702 intercisa
2749 5621 2909 5676 verba
2931 5662 2945 5683 ,
2976 5618 3333 5702 ‘repetendm
3355 5618 3540 5702 priora
3596 5640 3612 5674 :
3659 5625 3764 5702 sed
3803 5639 3935 5677 nunc

2294 5698 2564 5751 ueniamus
2597 5696 2665 5749 ad
2692 5712 2785 5757 ea;
2821 5704 2875 5747 et
2912 5690 3291 5760 subjungendo
3321 5690 3403 5745 his
3452 5690 3808 5751 immediate
3857 5708 3935 5751 se-

2287 5769 2510 5839 quentia
2533 5809 2547 5834 ,
2581 5783 2696 5840 qua,
2723 5767 2785 5819 de
2827 5764 2966 5818 obitu
2998 5765 3111 5847 ejus
3138 5762 3310 5817 dicere
3334 5763 3783 5844 iucnperamug.
