4110 6336
275 358 380 415 865

1600 410 1603 413 γ
1662 348 2109 408 EUSTATHIUS.

3452 342 3557 401 866

276 469 482 526 Paulini
507 468 1048 541 pertinet,veneratio
1072 476 1163 524 tua
1191 466 1353 523 debet
1374 480 1684 535 agnoscere,
1709 464 1853 535 quod
1887 470 1926 525 Α
1959 464 2024 519 ad
2055 461 2339 519 ecclesiam
2369 461 2524 518 laetus
2552 462 2836 533 processit,
2869 469 2923 516 et
2951 474 3177 517 ascenso
3204 457 3455 512 tribunali
3488 473 3555 514 ex

274 564 436 616 etiam
459 573 678 618 sanctus
699 560 937 618 Joannes
960 572 981 597 “
1001 560 1365 631 Neapolitana
1388 559 1532 614 urbis
1553 560 1862 629 episcopus,

274 668 301 706 a
336 654 539 709 domno
572 652 793 708 Paulino
828 653 895 707 de
925 652 1025 707 hac
1042 651 1249 706 vita-ad
1279 649 1548 706 Christum
1578 649 1869 706 accersitus

274 752 440 813 atque
469 755 724 801 evocatus
770 745 1095 815 agnoscitur.
1130 741 1264 799 Nam
1293 750 1419 799 ante
1456 742 1596 797 diem
1646 741 1865 797 tertium

272 850 439 903 quam
469 836 537 891 de
565 835 667 891 hoc
696 835 898 891 mundo
943 844 1161 893 sanctus
1189 833 1423 890 Joannes
1471 834 1537 889 ad
1582 834 1867 889 Dominum

273 925 556 994 migraret,
605 927 788 983 retulit
815 942 875 984 se
916 927 1113 983 vidisse
1152 936 1399 983 sanctum
1437 925 1741 994 Paulinum,
1772 941 1870 979 an-

272 1019 445 1087 gelica
490 1019 753 1089 dignitate
796 1022 1048 1077 vestitum
1087 1030 1251 1091 atque
1298 1028 1549 1076 ornatum
1581 1028 1751 1075 totum
1782 1020 1866 1074 ni-

271 1126 459 1177 veum,
488 1120 662 1169 totum
693 1114 984 1184 sidereum,
1027 1122 1189 1184 atque
1217 1114 1387 1169 odore
1416 1114 1687 1171 ambrosio
1727 1114 1870 1169 reni-

272 1201 499 1261 dentem
531 1223 545 1260 z
576 1205 755 1262 favum
768 1207 935 1263 etiam
961 1206 1400 1262 candidissimum
1429 1205 1603 1261 mellis
1622 1206 1674 1260 in
1704 1221 1869 1261 manu

226 1285 233 1290 ’
271 1300 557 1351 tenentem
581 1312 645 1353 ac
662 1296 931 1354 dicentem
961 1298 1090 1353 sibi:
1110 1296 1297 1353 Fmtcr
1317 1295 1584 1365 Joannes,
1637 1296 1764 1366 quid
1784 1295 1871 1353 hic

271 1384 448 1442 facis?
474 1387 636 1443 Solve
663 1389 874 1445 vincula
904 1389 1184 1445 taediorum
1209 1398 1440 1455 tuorum,
1464 1398 1519 1444 et
1532 1390 1647 1458 jam
1676 1387 1743 1443 ad
1772 1404 1871 1444 nos

270 1478 401 1533 veni
436 1498 448 1533 :
481 1478 595 1535 haec
618 1481 767 1554 enim
789 1497 911 1538 esca
942 1497 1102 1552 quam
1132 1482 1186 1537 in
1216 1496 1376 1536 manu
1397 1489 1580 1549 teneo,
1609 1480 1748 1551 apud
1773 1494 1872 1536 nos

269 1571 408 1627 satis
435 1571 692 1628 abundat.
728 1571 795 1628 Et
834 1589 955 1628 cum
1002 1573 1115 1630 haec
1152 1573 1395 1643 dixisset,
1437 1575 1750 1645 complexus
1788 1581 1873 1628 est

271 1680 417 1730 eum,
459 1673 517 1721 et
546 1667 767 1722 immisit
795 1668 850 1722 in
891 1684 953 1724 os
973 1669 1089 1738 ejus
1127 1678 1333 1739 partem
1376 1666 1480 1723 favi
1511 1669 1653 1723 illius
1681 1686 1692 1719 :
1717 1668 1873 1739 cujus

270 1757 614 1815 dulcedinem
644 1752 806 1830 atque
843 1762 1065 1817 olorem
1114 1762 1186 1816 ita
1229 1771 1445 1818 sanctus
1472 1760 1710 1816 Joannes
1737 1776 1870 1816 con-

1970 572 2121 612 more
2164 555 2419 626 populum
2468 556 2754 611 salutavit:
2790 565 3216 624 resalutatusque
3266 568 3294 605 a
3329 552 3548 621 populo,

1934 638 1943 645 ’
1970 648 2271 702 orationem
2302 645 2447 701 dedit
2479 664 2490 700 :
2523 656 2577 701 et
2605 648 2828 702 collecta
2856 647 2880 685 ι)
2911 647 3157 702 oratione
3188 644 3429 715 spiritum
3458 659 3554 697 ex-

1968 737 2191 792 halavit.
2223 735 2296 792 Ea
2321 746 2500 792 tamen
2521 742 2679 792 nocte
2702 739 2753 792 in
2775 738 3004 793 ecclesia
3028 737 3301 807 vigilatum
3328 744 3431 790 est.
3450 730 3554 788 Poo

1969 838 2113 886 stera
2143 838 2322 885 autem
2352 830 2459 894 die,
2486 830 2536 884 id
2578 837 2660 884 est
2684 827 2923 898 Pascbm,
2955 827 3267 884 illuminatis
3293 826 3556 898 Ianuarii-

1967 922 2089 988 bus,
2113 938 2233 979 cum
2259 923 2459 989 ingenti
2486 922 2879 994 neophytorum
2914 933 2935 961 ε
2962 937 3179 993 pompa,
3197 929 3558 992 prosequente

1970 1014 2132 1070 etiam
2162 1013 2505 1069 multitudine
2532 1013 2855 1084 populorum
2873 1056 2889 1082 ,
2933 1029 3102 1083 usque
3130 1014 3196 1069 ad
3226 1012 3559 1084 sepulcrum,

1968 1105 2257 1174 gloriosam
2324 1115 2487 1175 atque
2549 1104 2871 1161 laudabilem
2936 1104 3268 1175 sepulturam
3327 1102 3558 1175 adeptus

1968 1206 2071 1254 88L
2574 1256 2577 1259 .

2044 1293 2131 1350 12.
2163 1293 2290 1351 Haec
2321 1294 2452 1351 ideo
2482 1294 2510 1333 α
2541 1293 2963 1351 commemoravi
3004 1293 3268 1349 nobilitati
3322 1302 3461 1361 tum,
3501 1299 3558 1348 ut

1970 1388 2133 1443 etiam
2190 1388 2280 1445 hic
2317 1389 2565 1443 meritum
2615 1387 2672 1443 S.
2724 1386 2932 1443 Paulini
2973 1401 3294 1457 agnosceres
3337 1404 3349 1441 :
3392 1384 3560 1441 habes

1973 1480 2115 1536 enim
2137 1481 2417 1536 materiam
2446 1479 2681 1550 dicendi,
2711 1482 2756 1536 si
2785 1489 2969 1536 tamen
2989 1498 3100 1537 non
3120 1481 3260 1537 desit
3286 1478 3421 1535 fides
3437 1494 3559 1535 cre-

1972 1573 2154 1630 dendi.
2201 1572 2266 1628 Et
2304 1574 2429 1629 ideo
2472 1589 2655 1645 quteso
2710 1574 3046 1631 nobilitatem
3096 1584 3272 1639 tuam,
3302 1582 3392 1637 ut,
3424 1572 3560 1628 sicut

1972 1669 2288 1739 promittere
2315 1668 2563 1737 dignatus
2599 1683 2677 1733 es,
2702 1667 2947 1739 praeclari
2975 1668 3155 1738 operis
3179 1684 3373 1723 munus
3398 1681 3561 1723 acce-

1971 1763 2144 1818 lerare
2172 1763 2437 1832 digneris;
2483 1768 2874 1818 consecuturus
2901 1761 3121 1832 praemia
3164 1759 3334 1815 laudis
3363 1768 3417 1815 et
3445 1760 3560 1828 glo«

270 1850 488 1921 Cupisse
515 1867 575 1907 se
602 1852 757 1920 dixit,
784 1862 841 1908 ut
856 1854 900 1909 si
920 1855 1022 1911 sibi
1041 1855 1091 1909 in
1124 1855 1240 1925 ipsa
1269 1854 1601 1909 revelatione
1628 1862 1868 1925 potestas
1902 1856 1942 1913 Β
1970 1858 2083 1922 riae,
2108 1858 2151 1911 si
2176 1858 2341 1911 vitam
2370 1856 2543 1911 sancti
2572 1855 2691 1921 viri,
2737 1854 2970 1924 posteris
2999 1852 3362 1923 profuturam,
3393 1850 3559 1905 versi-

272 1941 482 2008 fuisset,
532 1942 599 1998 ab
627 1942 744 2013 ejus
773 1945 1013 2015 vestigiis
1043 1945 1187 2000 nullo
1215 1945 1377 1999 modo
1419 1945 1751 2001 recessisset.
1794 1944 1864 2001 Et

272 2041 453 2092 tamen
483 2053 590 2092 non
620 2036 710 2093 diu
741 2037 1133 2093 dissimulavit:
1166 2055 1289 2094 nam
1311 2039 1621 2094 excitatusa
1650 2055 1861 2103 somno,

270 2128 461 2186 eadem
491 2130 598 2194 die,
632 2131 683 2185 id
714 2137 814 2196 est,
847 2132 1034 2189 quinta
1061 2132 1213 2198 feria,
1241 2132 1393 2203 juxta
1419 2132 1865 2189 consuetudinem

272 2235 425 2274 suam
480 2236 835 2277 remunerans
888 2237 1076 2293 omnes
1124 2224 1352 2280 clericos
1392 2234 1552 2293 atque
1580 2241 1866 2296 pauperes,

269 2326 437 2367 sanus
463 2313 783 2370 dominicam
814 2330 1022 2371 cmnam
1043 2317 1337 2372 celebravit
1366 2336 1379 2372 :
1403 2329 1555 2374 sexta
1577 2335 1705 2375 vero
1735 2318 1867 2374 feria

268 2404 506 2458 orationi
533 2406 764 2473 vacavit,
794 2407 1021 2461 sabbato
1066 2415 1270 2477 autem,
1315 2410 1548 2464 secunda
1577 2411 1710 2466 hora
1738 2409 1865 2476 diei,

342 2569 369 2597 ⁸
397 2557 714 2633 Chiflletius
742 2575 862 2633 cap,
897 2560 968 2633 :50
1011 2562 1252 2631 pluribus
1278 2563 1572 2633 disputans,
1621 2564 1857 2620 ostendit

253 2628 469 2685 Joaani
515 2647 619 2686 non
651 2630 738 2697 IV,
770 2628 867 2685 sed
898 2631 916 2684 Ι
952 2628 1065 2687 haec
1092 2628 1403 2696 convenire,
1447 2643 1636 2691 contra
1665 2650 1858 2690 recen-

257 2701 746 2774 tioresquosdam,
775 2701 888 2774 hinc
910 2702 1232 2771 interpelata
1253 2719 1372 2774 esse
1401 2713 1704 2767 censentes,
1730 2707 1856 2774 quia

260 2767 457 2825 Uranii
478 2767 701 2839 epistola
725 2767 776 2839 in
800 2771 1007 2838 aliquot
1028 2767 1402 2829 vetustissimis
1431 2790 1559 2829 mss.
1591 2767 1859 2839 reperitur

260 2840 473 2911 absque
492 2838 594 2911 hac
623 2838 915 2911 dgloamw
939 2843 1267 2911 narratione
1306 2858 1410 2911 qua
1440 2850 1603 2900 et'am
1624 2838 1861 2902 abstinet

260 2907 327 2964 S.
349 2907 1014 2980 GregorisusATuronensis,
1044 2910 1155 2968 fere
1175 2907 1440 2968 verbatim
1479 2914 1738 2970 Uranium
1761 2916 1857 2972 de-

264 2977 531 3056 scribens.
556 2977 666 3056 sed
711 2987 776 3056 ut_
800 2977 1318 3056 potuerit__epistola
1360 2986 1471 3056 lucc
1522 2986 1855 3056 interpolari,

343 3050 516 3126 tuitne
543 3050 707 3106 etiam
750 3048 993 3126 Joannes
1032 3048 1317 3119 Diaconus,
1345 3054 1437 3126 qui
1480 3048 1858 3126 episcoporum

313 3120 746 3190 eapolitanorum
793 3120 1103 3178 Chronicon
1146 3120 1412 3180 conclusit
1463 3120 1530 3179 in'
1565 3120 1860 3184 Athanasio

263 3187 509 3267 iuniore,
563 3190 787 3267 Joannis
812 3191 880 3246 IV
930 3208 1266 3267 successore,
1322 3196 1449 3267 huic
1478 3196 1653 3267 (cujus
1691 3199 1855 3253 vitam

263 3261 479 3341 prolise
525 3262 798 3341 describit,
821 3264 999 3341 _qualis
1022 3280 1073 3341 _a
1122 3261 1276 3341 nobis
1305 3265 1432 3321 data
1461 3261 1545 3341 est
1565 3261 1597 3321 ’1
1638 3267 1855 3341 Aprilis)

261 3331 566 3406 detrahere
585 3341 693 3406 tam
729 3331 997 3406 insignem
1022 3335 1231 3390 laudem
1258 3344 1317 3390 et
1359 3339 1628 3393 ascribere
1652 3331 1855 3406 primo}

260 3417 371 3457 nec
400 3402 454 3457 in
482 3403 708 3474 epistola
723 3401 925 3478 Cranii
959 3407 1388 3478 recentissimum
1423 3401 1857 3478 interpolamené

260 3482 384 3551 tum
409 3473 743 3551 agnoscere?
766 3473 910 3551 Vixit
929 3484 1108 3551 autem
1134 3474 1369 3551 Joannes
1394 3477 1464 3551 IV
1488 3473 1655 3551 usque
1677 3479 1747 3535 ad
1767 3497 1857 3537 an.

256 3540 487 3618 §53,_el
506 3544 772 3601 Diaconus
791 3547 890 3601 sub
910 3546 1114 3618 exitum
1143 3549 1324 3604 saaculi
1355 3540 1597 3618 ejusdem
1622 3553 1856 3618 scripsit.

257 3569 396 3607 ouo,
428 3569 487 3599 ιςι
506 3569 772 3601 υιειυυιιιιδ
791 3569 890 3601 suu
910 3569 1114 3601 υιιιωιι
1143 3569 1324 3604 swcun
1355 3569 1597 3618 ejusaem
1622 3569 1726 3607 SCI‘I
1768 3569 1856 3606 Slt.

257 3612 416 3695 Fjieri
444 3622 624 3695 tamen
630 3623 844 3695 potest,
878 3624 960 3695 ut_
980 3614 1210 3674 Uranius
1238 3620 1420 3690 (quem
1454 3635 1601 3695 _zsgre
1620 3569 1859 3695 credide-

254 3685 372 3739 rim
388 3694 602 3741 mortuo
619 3685 847 3741 Paulino
868 3685 1214 3754 adintegrum
1232 3685 1431 3745 anitum
1454 3685 1599 3745 Nolae
1620 3692 1858 3754 haesisse,

253 3763 332 3832 ιιι
352 3755 468 3812 haec
494 3765 616 3827 post
645 3757 769 3811 anni
812 3758 1041 3832 priixiiui
1070 3755 1275 3832 Pascha
1304 3760 1373 3815 ibi
1403 3761 1708 3832 scriberet),
1745 3762 1859 3819 lii-ri

255 3826 710 3898 inquampotest,
744 3834 801 3881 ut
830 3827 1064 3883 Uranius
1093 3829 1299 3898 pridem
1346 3832 1558 3898 scriptae
1586 3842 1640 3887 et
1668 3826 1737 3889 ad
1762 3832 1863 3887 Pa-

259 3905 451 3971 catula
482 3897 657 3971 missa:
680 3899 955 3971 (ξρίςιριςιεἈ
975 3899 1079 3971 hoc
1096 3897 1172 3955 ’de
1193 3899 1402 3956 Joanne
1430 3897 1616 3971 postea
1640 3903 1862 3959 addide-

260 3967 340 4023 rit
360 3982 484 4022 cum
506 3968 557 4022 ei
587 3982 805 4023 reverso
821 3967 1170 4038 Burdegalam
1191 3987 1258 4025 ex
1280 3967 1697 4029 Italia'nuntiata
1720 3983 1863 4031 esset

184 4088 197 4104 ,
262 4053 362 4094 res
392 4046 513 4095 acta
536 4038 790 4113 Neapoli,
813 4055 921 4094 non
968 4037 1094 4113 dico
1124 4043 1367 4113 sequenti
1403 4053 1525 4113 post
1568 4044 1861 4101 discessum

262 4124 437 4183 anno,
469 4108 562 4165 sed
590 4110 951 4183 posteriorum
1002 4108 1214 4183 aliquo.
1258 4108 1432 4183 Atque
1474 4114 1597 4171 hinc
1643 4125 1759 4170 orta
1790 4117 1861 4171 sit

262 4179 361 4234 illa
393 4179 862 4251 exemplarium,_a
881 4180 1215 4237 Cioccarello
1238 4179 1610 4251 allegatornm,
1632 4186 1861 4243 diversi-

264 4257 374 4304 tas.
397 4241 761 4319 Quod-autem
787 4241 1027 4306 Joannes
1050 4241 1423 4319 tlimeliarcba,
1456 4256 1509 4310 in
1540 4241 1707 4310 altera
1734 4241 1862 4314 dicti

262 4320 496 4390 Joannis
525 4318 589 4373 IV
625 4320 754 4384 vita,
786 4324 938 4390 quasi
988 4322 1205 4379 Diaconi
1237 4318 1476 4380 errorem
1520 4336 1862 4385 correcturus

264 4389 572 4473 applicavit
592 4392 641 4447 ei
679 4389 1069 4473 apparitionem
1092 4392 1336 4473 _Paulini,
1371 4413 1477 4473 non
1509 4398 1862 4473 niulturn_no_s

264 4471 597 4536 commovet,
630 4463 754 4536 quia
803 4463 1169 4536 tiimeliarcha
1206 4466 1310 4536 iste
1338 4466 1550 4536 scripsit
1578 4486 1666 4524 an.
1706 4468 1860 4535 l56'2,

264 4478 597 4526 commovet,
630 4478 754 4584 quia
803 4478 1156 4520 umeltarcha
1206 4478 1310 4521 tStc
1338 4478 1550 4536 SCI‘IpSIl
1578 4486 1666 4524 an.
1706 4478 1860 4535 1562,

264 4531 520 4606 adeoque
548 4548 637 4606 mu
661 4532 982 4606 tosminoris
1000 4544 1083 4589 est
1105 4535 1246 4591 ﬁdei.
1280 4535 1516 4593 Dixerim
1539 4554 1667 4606 ergo
1698 4538 1865 4595 Joan-

265 4616 391 4679 nem
418 4601 469 4666 Ι,
501 4602 594 4679 qui
641 4601 922 4659 defunctus
970 4605 1024 4659 in
1065 4606 1304 4662 Sabbato
1349 4619 1555 4679 saneto,
1585 4601 1864 4679 dispositus

265 4676 385 4749 sive
410 4672 651 4741 sepultus
674 4681 927 4749 tanquam
962 4687 1179 4733 sanctus
1219 4678 1317 4733 fuit
1357 4678 1475 4749 ipso
1503 4681 1590 4736 die
1622 4672 1858 4749 Fascbte,

267 4742 473 4796 colitur
489 4753 678 4821 autem
702 4744 743 4821 l_
762 4742 958 4821 Aprilis
973 4788 987 4815 ,
1014 4764 1120 4803 non
1142 4749 1339 4821 obiisse
1354 4742 1441 4804 a'n.
1468 4750 1591 4815 452,
1612 4742 1860 4821 proximo

267 4820 395 4881 post
450 4813 657 4868 obitum
699 4813 934 4880 Paulini,
971 4813 1031 4871 ut
1080 4819 1278 4890 passim
1338 4813 1631 4892 scriptores
1679 4825 1867 4879 volunt
1894 4818 1950 4878 D

1969 1948 2071 2003 bus
2100 1947 2470 2003 “lustraveris.
2520 1944 2738 2000 Utinam
2759 1953 3051 2014 antequam
3092 1941 3429 2014 proficiscar,
3461 1940 3560 1995 hu-

1965 2037 2055 2106 jus
2084 2038 2265 2108 operis
2295 2037 2526 2092 lectione
2545 2034 2762 2104 dignum
2794 2050 2880 2090 me
2901 2033 3066 2089 facias
3096 2051 3108 2086 :
3133 2033 3257 2103 quia
3286 2032 3331 2087 si
3348 2032 3559 2086 Christo

1970 2130 2255 2202 placuerit,
2287 2132 2546 2186 continuo
2569 2130 2823 2198 navigare
2842 2129 3094 2200 dispono.
3123 2127 3267 2182 Obiit
3291 2126 3350 2183 S.
3381 2125 3561 2181 Paulis

1972 2239 2071 2278 nus
2099 2223 2387 2292 episcopus
2405 2221 2617 2277 decimo
2643 2220 2898 2277 calendas
2923 2218 3071 2289 Julii,
3097 2219 3263 2276 Basso
3292 2226 3349 2275 et
3373 2219 3560 2273 Antio-

1972 2315 2079 2371 cho
2108 2314 2220 2370 νγ.
2253 2314 2361 2370 CC.
2392 2315 2704 2372 consulibus
2735 2324 2781 2369 ο.

1960 2566 2258 2636 (isteenim
2290 2581 2462 2636 annus
2492 2564 2678 2618 habuit
2707 2561 2909 2617 Pascha
2929 2562 2963 2636 ς’)
2983 2562 3558 2636 _Aprilis),sed_polius

1960 2630 1990 2691 ἐι
2019 2660 2049 2691 ι.
2079 2635 2202 2700 410,
2237 2636 2296 2690 51
2354 2635 2561 2698 Martii,
2614 2649 2757 2704 quan
2778 2636 2830 2704 lo
2858 2630 3195 2688 celebratum
3227 2635 3323 2689 fuit
3353 2630 3558 2691 Pascha

1963 2707 1986 2759 l
2022 2707 2241 2771 Aprilis.
2279 2706 2418 2759 unde
2450 2708 2611 2760 etiam
2635 2703 3015 2760 calendarium
3062 2722 3225 2759 unum
3255 2705 3401 2773 quod
3430 2708 3559 2761 vxdit

1960 2777 2342 2844 Cioccarellu',
2376 2777 2547 2846 ipsum
2571 2775 2835 2846 pomtdie
2866 2774 3049 2846 ultima
3082 2775 3276 2840 Martii,
3312 2776 3435 2846 licet
3464 2777 3554 2832 alii

1962 2843 2410 2903 maluerintdiem'
2431 2846 2687 2901 solemnis
2713 2843 3070 2913 deposition
3099 2854 3299 2899 tenere.
3324 2845 3558 2901 Joannes

1969 2933 2097 2974 vero
2128 2917 2215 2985 IV,
2247 2932 2355 2985 quo
2405 2917 2623 2986 praecise
2650 2932 2793 2970 anno
2850 2922 2905 2969 et
2932 2915 3020 2986 die
3050 2915 3265 2979 obierit,
3321 2918 3557 2984 ignorari

1967 2983 2219 3043 existimo
2266 2983 2491 3040 tacente
2533 2986 2582 3039 id
2637 2986 2905 3056 Diacouo:
2954 2983 3183 3055 ideoque
3227 2983 3558 3056 assumptum

1968 3059 2148 3126 diem,
2193 3073 2301 3126 quo
2362 3057 2734 3129 inveniebatur
2752 3055 2933 3129 fastis
2984 3057 3277 3129 ascriptus
3301 3055 3555 3129 primus;

1967 3130 2128 3200 idque
2149 3130 2474 3184 auctoritate
2495 3126 2718 3182 σιυδιιηὶς
2738 3126 3129 3200 Cimeliarcbae,
3153 3126 3557 3185 credi'volemis

1966 3198 2094 3255 tunc
2136 3200 2404 3269 sepultum
2433 3206 2682 3269 quartum
2720 3216 2733 3251 :
2782 3198 2923 3269 unde
2965 3198 3209 3265 corrigas
3235 3214 3354 3268 qua:
3386 3201 3559 3257 minus

1965 3268 2217 3325 distincte
2238 3268 2470 3324 diximus
2485 3270 2551 3324 de
2577 3277 2804 3338 utroque
2832 3270 2849 3321 I
2874 3268 3089 3335 Aprilis.
3112 3268 3362 3337 Agnosco
3378 3281 3557 3326 autem

1964 3342 2321 3397 vetustiorem
2371 3341 2573 3395 cultum
2615 3341 2770 3409 primi
2797 3338 3166 3394 oblitteratum
3201 3339 3361 3394 fuisse
3409 3343 3558 3397 cultu

1888 3442 1932 3502 ο
1964 3414 2161 3495 quarti,
2194 3412 2348 3502 cuius
2399 3411 2579 3465 notior
2606 3419 2724 3465 erat
2752 3410 3116 3502 quani‘pn‘imi
3154 3410 3558 3502 s_ita,Lide‘oque

1966 3477 2127 3537 etiam
2151 3482 2413 3538 celebria;
2446 3497 2671 3540 nomen;
2700 3477 2794 3534 sed
2820 3477 2981 3534 (etate
3002 3477 3373 3536 Cimeliarchte
3398 3477 3558 3537 fuerit

1969 3552 2533 3634 institu_t-a,.vensra.tio
2590 3565 2767 3604 annua
2811 3550 3010 3620 quarti,
3063 3560 3118 3609 et
3168 3552 3383 3620 quidem
3433 3568 3555 3608 cum

1962 3625 2275 3694 prtejudicio
2306 3625 2483 3690 primi.

2033 3693 2061 3733 ι’
2085 3693 2388 3765 Orationem
2414 3691 2655 3765 colligere
2704 3692 2767 3758 is,
2801 3700 2955 3765 puto,
2987 3691 3184 3765 dicitur
3198 3694 3293 3765 qui
3314 3694 3554 3763 pluribus

1964 3765 2211 3837 precibus
2250 3764 2491 3837 recitatis
2535 3762 2748 3837 (immitti
2802 3762 3093 3837 subjpngit,
3138 3762 3241 3817 Per
3265 3764 3553 3837 Dominum

1962 3833 2217 3904 nostrum,
2242 3844 2345 3890 etc.
2380 3835 2519 3889 unde
2549 3842 2602 3888 et
2632 3833 2871 3888 Collectw
2892 3834 3165 3905 dicantur,
3187 3835 3308 3903 quia
3334 3844 3453 3905 post
3474 3838 3553 3891 al-

1964 3915 2132 3961 teram
2165 3903 2514 3976 principalem
2574 3907 2624 3959 in
2654 3919 2812 3976 sacro
2844 3903 2938 3976 _sic
2977 3904 3247 3976 _collectim
3278 3903 3547 3975 leguntur,

1962 3978 2061 4033 sub
2090 3972 2196 4030 uno
2221 3976 2301 4046 (ut
2322 3972 2513 4045 vulgus
2542 3974 2800 4046 loquitur)
2834 3974 2937 4028 Per
2966 3972 3263 4030 Dominum.

2038 4061 2059 4085 ι·
2104 4044 2297 4101 Merito
2340 4044 2433 4100 hic
2467 4046 2659 4117 quaerit
2687 4044 3008 4113 Chiﬂletius,
3030 4060 3275 4117 quaenam
3311 4048 3397 4101 illa
3429 4064 3549 4105 esse

1962 4119 2199 4189 potuerit
2229 4133 2445 4189 pompas
2464 4116 2838 4188 neaphytorum
2858 4159 2873 4183 ,
2896 4124 3160 4189 tempore
3188 4116 3412 4173 Joannis
3442 4118 3550 4185 IV,

1962 4186 2180 4259 quando
2227 4186 2482 4258 Neapolis
2518 4186 2657 4259 tota:
2685 4186 3327 4259 erat_t.hristianissima.
3378 4205 3553 4258 neque

1963 4256 2033 4314 ad
2082 4266 2297 4314 :ctatem
2347 4256 2587 4314 adultam
2629 4256 2977 4314 differebatur
3027 4258 3353 4327 baptismus,
3412 4256 3553 4315 sicut

1966 4339 2212 4399 tempore
2243 4330 2419 4399 primi.

2035 4398 2061 4438 ἀ
2080 4398 2209 4456 Haec
2219 4398 2494 4476 conclusio
2509 4400 2615 4476 non
2628 4400 2815 4476 _minus
2837 4400 3241 4476 aptelegeretur
3262 4413 3383 4476 post
3399 4419 3548 4459 num.

1965 4471 2050 4532 '10,
2078 4487 2240 4541 quam
2266 4481 2387 4539 post
2417 4473 2562 4527 hunc
2584 4470 2672 4538 11,
2704 4479 2761 4525 ut
2784 4472 2867 4525 vel
2901 4472 3026 4526 inde
3055 4470 3414 4539 verosimilius
3437 4476 3549 4541 liat,

1964 4558 2085 4598 eam
2132 4542 2199 4598 ab
2230 4541 2430 4599 Uranio
2473 4543 2560 4598 vel
2598 4541 2805 4597 Nolano
2835 4542 3016 4610 aliquo
3061 4543 3160 4613 ipsi
3207 4562 3409 4606 comvo,
3442 4552 3553 4597 sta-

1966 4612 2063 4738 till?
2094 4624 2215 4696 post
2236 4631 2350 4671 rem
2380 4622 2587 4683 gestam
2616 4613 2690 4668 ibi
2737 4612 2965 4682 positam
2995 4612 3135 4680 esse,
3166 4631 3273 4670 non
3303 4616 3371 4669 ab
3400 4614 3552 4668 initio

1966 4700 1998 4738 a
2059 4700 2221 4738 uisse.

1966 4700 2221 4739 atllIIISSC.

2046 4766 2069 4793 ⁸
2098 4753 2158 4811 Id
2185 4764 2291 4835 est,
2320 4770 2462 4811 anno
2490 4755 2691 4812 Christi
2719 4754 2841 4809 451.

357 4927 3513 4962 -------ιά-----η-α-α---

1565 5018 1734 5064 Δηιςο
1777 5018 1913 5065 »ου
1924 5021 2012 5065 [Nl
2057 5021 2268 5066 CCCCL.
2682 5034 2685 5039 '

791 5160 3040 5551 EUSWIUS.

920 5641 1022 5713 (Ex
1044 5639 1233 5710 Cave.)

349 5734 677 5798 Eustathius,
709 5749 867 5804 quem
910 5734 1075 5787 virum
1112 5731 1505 5786 disertissimum
1536 5737 1692 5786 vocat
1728 5731 1862 5785 Cas-

279 5828 528 5886 siodorus
556 5826 772 5892 (Dicin.
802 5827 919 5883 lect.
949 5843 1063 5891 cap.
1096 5825 1171 5891 l),
1213 5825 1367 5893 cujus
1393 5826 1557 5883 etiam
1605 5825 1857 5882 meminit

1966 5605 2278 5713 Sigehertus
2307 5645 2422 5717 (De
2465 5644 2662 5715 Script.
2713 5663 2827 5718 cap.
2871 5645 3004 5718 21),
3044 5648 3237 5704 claruit
3273 5652 3413 5708 circa
3464 5670 3548 5709 an.

1965 5735 2087 5792 «MO.
2143 5738 2343 5793 Sedulii
2382 5748 2558 5808 poeta:
2597 5739 2839 5809 atqualis.
2892 5741 3183 5796 Transtulit
3222 5758 3254 5798 e
3305 5759 3483 5799 sei-mo
3512 5766 3550 5802 ,η

1963 5827 2155 5886 Crteco
2183 5829 2240 5885 S.
2272 5829 2456 5887 Basilii
2479 5830 2729 5890 boniilias
2758 5832 2790 5889 9
2822 5833 2874 5889 in
2905 5832 3281 5891 Hexaemeron
3313 5836 3367 5892 in
3410 5835 3551 5895 Lati-
