4110 6336
547 349 645 406 8⁵11

2025 339 2382 396 EUSTATHII

3728 340 3839 398 872

547 477 736 520 revera
766 470 793 500 ι
820 461 996 517 minus
1022 458 1241 516 aliunde
1268 457 1495 529 empisse
1530 455 1825 529 potabitur.
1856 453 1946 509 Sic
1982 464 2036 509 et
2076 463 2131 507 tu
2161 460 2208 513 Α
2233 455 2437 523 judicio
2461 454 2682 523 dignam
2727 470 2875 509 remu
2902 456 3214 512 :oraliorem
3264 457 3456 524 (‘ttique
3483 473 3582 527 pro
3610 460 3721 511 suis
3752 461 3832 512 ra-

548 571 656 611 non
678 554 805 625 quia
829 554 884 608 in
908 552 1199 624 semetipsa
1223 549 1466 607 feriuntur
1494 564 1559 605 ea
1590 564 1711 620 quae
1739 545 1998 601 volvenda
2028 546 2134 601 cir-

548 645 857 717 cumspicis,
899 653 956 702 et
999 644 1145 716 quod
1191 643 1443 715 planities
1495 656 1684 697 eorum
1738 639 1897 694 nullis
1946 637 2137 693 mediis

547 734 575 774 δ
599 736 976 807 interponatur
1004 735 1320 803 obstaculis,
1352 733 1422 789 ob
1452 733 1560 788 hoc
1603 732 1720 787 sine
1753 729 2018 802 principio
2053 729 2140 784 vel

550 831 654 884 tine
683 828 941 884 mundum
965 828 1153 893 haberi
1180 826 1488 897 decipiaris.
1517 823 1729 879 Transit
1756 824 1894 878 enim
1928 821 2138 876 schema

549 922 662 992 ejus
689 917 744 991 (Ι
788 917 908 974 Cor.
939 935 1031 984 vn,
1076 917 1198 989 5|);
1241 924 1316 981 et,
1363 915 1545 970 coelum
1581 924 1815 987 terraque
1856 912 2141 984 prceteribit

551 1009 766 1082 (Matth.
797 1027 940 1074 xxiv,
967 1008 1060 1080 '51)
1104 1028 1117 1063 :
1159 1007 1475 1079 prmdicatio
1511 1013 1690 1061 autem
1727 1013 2044 1060 cunctorum
2073 1002 2141 1057 de

549 1104 1018 1162 consummatione
1044 1103 1227 1158 saeculi
1255 1100 1661 1165 mandatorum,
1695 1108 1753 1154 et
1788 1097 1854 1154 de
1882 1096 2142 1151 reforma-

554 1198 701 1253 tione
726 1195 932 1263 mundi,
957 1193 1252 1250 secundum
1280 1193 1616 1249 notationem
1647 1188 1940 1259 magisterii
1979 1188 2141 1258 spiri-

554 1289 699 1353 talis,
733 1302 799 1342 ex
830 1285 917 1341 his
945 1300 1065 1356 quae
1106 1285 1161 1341 in
1203 1284 1488 1356 praesentia
1534 1284 1771 1338 breviter
1795 1281 1991 1335 tradita
2019 1288 2144 1335 sunt

553 1380 876 1436 declaratur.
912 1378 979 1433 In
1018 1380 1273 1450 principio
1302 1379 1426 1450 fecit
1465 1376 1606 1431 Deus
1634 1375 1816 1433 caelum
1842 1384 1892 1429 et
1928 1384 2137 1428 terram.

555 1474 746 1531 Omnia
773 1490 892 1545 qua:
923 1489 992 1530 ex
1023 1482 1265 1543 tempore
1283 1480 1583 1542 cmperunt,
1622 1485 1841 1526 necesse
1881 1476 1965 1523 est
2009 1478 2145 1523 tem-

555 1584 691 1641 pore
737 1567 1034 1623 terminari.
1087 1564 1142 1621 Si
1191 1574 1273 1619 est
1320 1563 1529 1618 initium
1574 1560 1894 1631 temporale,
1928 1559 1995 1614 de
2040 1557 2144 1613 line

563 1671 584 1700 τ
614 1675 723 1715 non
754 1658 987 1714 dubites.
1017 1655 1362 1717 Geometrica
1391 1662 1449 1709 et
1475 1652 1816 1707 arithmetica
1840 1650 2140 1720 disciplina,

557 1750 1048 1819 commentitiazque
1087 1748 1401 1818 scripturae,
1440 1754 1497 1801 et
1536 1745 1777 1800 fabulosa
1830 1743 2140 1811 astrologia,

2239 549 2513 607 ciuoribus
2548 549 2887 604 tributurum.
2922 550 3020 615 Qui
3051 566 3150 606 nec
3193 549 3383 607 futui—.c
3414 552 3837 608 exaininatinnis

2241 644 2456 706 intuitu,
2498 656 2791 711 congruam
2829 643 3211 712 cogitationem
3251 644 3317 697 de
3366 658 3546 698 rerum
3590 645 3837 699 omnium

2240 735 2347 792 ﬁne
2384 742 2647 807 ceperunt
2679 753 2690 788 :
2724 735 3147 800 considerantes,
3170 735 3296 805 quia
3326 735 3587 790 mundum
3616 750 3840 806 quoque

2240 829 2523 885 refonuari
2552 827 2570 867 ί
2601 844 2821 885 necesse
2850 837 2954 897 est,
2984 828 3030 884 si
3056 827 3122 882 ad
3152 828 3293 882 aliud
3325 829 3444 883 vitm
3474 829 3698 885 schema
3722 827 3842 883 ani-

2242 937 2453 978 morum
2483 928 2655 977 status
2687 919 3089 977 transferendus
3117 928 3218 975 est.
3248 919 3401 976 Sicut
3425 920 3569 975 enim
3601 935 3844 992 praesens

2242 1016 2352 1071 vita
2373 1022 2655 1084 cognatam
2686 1013 2849 1069 habet
2876 1013 3062 1069 mundi
3103 1013 3261 1083 hujus
3302 1020 3549 1069 naturam
3597 1032 3611 1067 :
3661 1013 3736 1068 ita
3787 1022 3845 1068 et

2245 1107 2424 1161 futura
2456 1106 2757 1161 animorum
2788 1106 3133 1161 conversatio
3161 1105 3478 1161 familiarem
3500 1105 3708 1176 speciei
3727 1119 3845 1160 sua:

2245 1208 2524 1271 sumptura
2555 1207 2638 1254 est
2678 1199 2940 1255 habitum.
2972 1197 3079 1254 Sed
3120 1206 3328 1253 tantum
3374 1198 3571 1252 absunt
3617 1198 3846 1254 credere

2246 1294 2389 1365 quod
2437 1295 2550 1350 haec
2582 1309 2707 1347 vera
2751 1293 2879 1357 sint,
2929 1294 2991 1347 tit
3031 1292 3228 1363 passim
3282 1290 3351 1347 de
3400 1291 3559 1346 nobis
3601 1290 3845 1357 rideant,

2246 1406 2370 1446 cum
2398 1388 2584 1443 mundi
2612 1387 2774 1457 hujus
2815 1387 3337 1443 consummationem
3380 1392 3438 1441 et
3494 1384 3850 1440 reformatio-

2247 1499 2371 1539 nem
2409 1483 2590 1539 Stcculi
2628 1481 2999 1553 prtedicamus.
3033 1479 3176 1534 Sane
3216 1478 3469 1547 quoniam
3517 1478 3851 1533 naturaliter

2249 1576 2488 1631 omnium
2518 1589 2697 1629 rerum
2728 1582 2853 1627 sunt
2881 1572 3051 1642 prima
3094 1569 3355 1640 principia
3384 1614 3398 1638 ,
3431 1569 3637 1625 idcirco
3679 1584 3847 1640 super

2249 1668 2333 1722 his
2374 1683 2491 1736 qua:
2542 1681 2608 1720 cx
2658 1672 2899 1734 tempore
2947 1672 3257 1733 cmperunt,
3296 1662 3531 1729 scriptor
3573 1661 3852 1719 disserens

2250 1759 2392 1814 hanc
2423 1774 2607 1813 vocem
2635 1756 2889 1827 puemisit
2916 1755 3101 1812 dicens
3133 1774 3145 1808 :
3183 1754 3249 1810 In
3270 1755 3528 1825 principio
3550 1756 3694 1826 fecit.

558 1847 611 1903 id
640 1856 724 1903 est
755 1843 1167 1915 occupatissima
1195 1841 1421 1896 vanitas.
1469 1839 1552 1895 Ad
1581 1839 1796 1910 qualem
1831 1838 1991 1906 igitur
2034 1844 2137 1891 ter-
2178 1838 2224 1897 B
2321 1852 2375 1907 5.
2419 1851 2548 1906 Εηη
2589 1851 2735 1906 enim
2761 1848 3025 1920 (μηδὲ,ιηῖ
3051 1856 3112 1903 ω,
3140 1848 3310 1913 vides,
3344 1855 3470 1901 ante
3508 1847 3646 1902 hunc
3675 1863 3841 1902 ωηη,

560 1939 760 1994 minum
791 1933 1165 1993 concludenda
1187 1940 1292 2001 est,
1319 1946 1443 1987 cum
1475 1931 1512 1986 ii
1538 1930 1632 1999 qui
1660 1930 1801 1986 circa
1830 1934 2153 1983 memorata-

557 2048 679 2089 rum
708 2047 890 2087 rerum
919 2028 1224 2098 indaginem
1254 2009 1609 2089 vacaverunt,
1638 2030 1965 2079 comternum
1992 2036 2148 2076 crea-

561 2126 667 2183 tori
694 2124 934 2181 omnium
964 2122 1108 2188 Deo,
1128 2121 1393 2176 visibilem
1424 2121 1567 2174 hunc
1594 2116 1851 2173 mundum
1877 2132 1996 2171 esse
2024 2131 2150 2185 pro-

560 2217 829 2282 nuntiant,
858 2215 926 2272 ad
955 2215 1100 2271 illius
1118 2213 1344 2284 gloriam
1366 2210 1664 2268 referentes
1686 2208 2165 2294 circumscriptum.

559 2310 703 2366 hunc
729 2308 939 2372 orbem,
970 2307 1281 2376 corpusque
1306 2305 1601 2360 habentem
1621 2301 2001 2373 compositum,
2032 2314 2152 2371 quae

560 2408 645 2459 est
676 2398 1237 2471 incomprehensibilis
1264 2396 1654 2465 invisibilisque
1684 2396 1915 2449 natura?
1946 2391 2049 2460 Qui
2083 2407 2151 2447 ne

560 2493 667 2549 hoc
692 2490 910 2562 quidem
932 2489 1240 2561 perspicere
1261 2495 1559 2558 potuerunt
1599 2504 1611 2540 :
1653 2486 1779 2556 quia
1824 2487 1912 2542 cui
1941 2483 2151 2554 singula

562 2581 805 2638 membra
828 2580 1089 2638 solutioni
1117 2579 1551 2649 corruptelazque
1578 2578 1818 2649 subjecta
1849 2585 2003 2641 sunt,
2036 2575 2153 2644 ejus

561 2676 727 2732 etiam
752 2675 1063 2731 universum
1096 2687 1294 2742 corpus
1320 2671 1509 2726 iisdem
1551 2669 1765 2726 casibus
1796 2670 2017 2724 interire
2054 2683 2151 2722 ne-

560 2785 713 2826 cosse
732 2777 833 2825 est.
864 2766 970 2824 Sed
994 2781 1164 2835 usque
1177 2764 1315 2820 adeo
1337 2762 1734 2835 cogitationibus
1748 2768 2082 2826 evanuerunt,
2102 2769 2154 2815 et

560 2869 875 2916 meantum
898 2866 976 2913 est
1003 2855 1365 2912 irrationabile
1386 2872 1474 2909 cor
1494 2871 1689 2919 eorum,
1708 2856 1732 2891 α
1756 2855 2082 2925 dicentequ
2099 2869 2155 2907 se

562 2968 672 3009 esse
692 2954 973 3025 sapientes,
996 2952 1139 3006 stulti
1166 2966 1379 3021 prorsus
1400 2948 1568 3018 effecti
1591 2958 1712 3003 sunt
1734 2946 1910 3014 (Rom.
1953 2963 2047 3013 xu,
2076 2943 2148 3017 1),

563 3056 626 3103 ut
669 3046 829 3101 etiam
858 3045 1079 3116 quidam
1109 3061 1294 3100 eorum
1339 3044 1724 3114 sempiternum
1745 3057 1866 3098 esse
1891 3057 2012 3096 cum
2042 3039 2155 3096 Deo

564 3140 771 3212 polum,
796 3147 853 3194 et
879 3126 996 3194 sine
1018 3138 1279 3208 principio
1300 3154 1362 3191 ac
1385 3134 1489 3192 fine
1512 3135 1719 3203 haberi,
1734 3149 2038 3204 rerumque
2060 3149 2156 3203 per

564 3239 749 3305 partes
791 3246 812 3268 υ

565 3341 685 3382 esse
713 3323 949 3379 audeant
975 3322 1265 3377 affirmare.

638 3419 690 3474 4.
732 3418 959 3487 Quibus,
1004 3418 1117 3486 ubi,
1159 3416 1243 3472 vel
1282 3415 1501 3486 quando
1545 3416 1811 3487 sapientia
1858 3414 2149 3481 saecularis,

568 3513 906 3570 fonnidinem
953 3511 1142 3566 futurae
1196 3508 1663 3564 condemnationis
1711 3510 1904 3575 initict,
1936 3509 2025 3578 qui
2075 3509 2156 3565 sic

568 3614 726 3661 acute
755 3620 841 3659 res
862 3592 1485 3663 vanissimas'intuentes,
1504 3601 1571 3655 ad
1593 3602 1995 3672 concipiendam
2015 3602 2152 3657 veri-

570 3697 696 3751 tatis
724 3694 1085 3766 prudentiam,
1128 3702 1322 3765 sponte
1350 3695 1533 3749 (necati
1563 3704 1704 3749 sunt.
1751 3694 1852 3749 Alii
1881 3696 2156 3749 stellarum

570 3789 850 3846 intervalla
880 3788 1242 3856 dinumerant,
1266 3782 1571 3858 earumun
1598 3796 1812 3842 arctoas
1838 3802 2051 3858 semper
2079 3792 2155 3842 lu-

570 3887 756 3936 centes
784 3879 1112 3943 describunt,
1163 3886 1217 3934 et
1258 3886 1473 3947 quantae
1503 3879 1713 3933 illarum
1761 3895 1880 3950 quae
1926 3880 2026 3935 sub
2055 3895 2158 3935 axe

572 3982 857 4030 moventur
884 3972 1126 4039 australi,
1158 3986 1189 4026 a
1217 3972 1381 4028 certis
1407 3972 1623 4042 quidem
1663 3973 2027 4043 suspiciuntur
2060 3973 2159 4028 ho-

568 4064 825 4132 tniuihus,
851 4064 1006 4120 nobis
1034 4072 1213 4119 autem
1237 4064 1503 4120 habentur
1524 4063 1738 4132 ignotas.
1766 4064 1861 4119 Vel
1884 4065 2159 4121 borealem

571 4156 928 4221 latitudinem,
956 4171 1056 4210 nec
1084 4171 1190 4210 non
1220 4154 1531 4224 signiferum
1561 4156 1817 4213 circulum
1848 4159 1995 4214 mille
2031 4175 2157 4231 spa-

573 4247 663 4301 tiis
690 4246 1009 4311 dividentes,
1032 4256 1409 4317 astrorumque
1438 4247 1730 4315 discursus,
1763 4260 1818 4305 et
1848 4253 2159 4321 praeclusio-

571 4354 692 4407 nes,
718 4334 775 4393 εί
802 4338 1040 4393 omnium
1072 4336 1250 4394 motus
1292 4340 1615 4411 principales
1658 4344 1927 4399 subtiliter
1972 4347 2160 4403 obser-

572 4439 783 4500 vantes,
813 4437 869 4485 et
893 4439 1013 4500 post
1031 4440 1290 4500 quantum
1316 4434 1594 4503 temporis,
1617 4450 1949 4506 unaquaeque
1976 4429 2162 4509 plane-

572 4533 745 4579 taruzn
777 4522 1051 4595 propriam
1102 4523 1658 4581 circuitionemsolet
1704 4528 1925 4597 explere
1958 4548 1970 4584 :
2000 4547 2161 4585 unam

2252 1944 2376 1999 dum
2408 1954 2433 1992 Β
2463 1943 2758 1998 substantia
2790 1940 3084 1996 intellectui
3128 1939 3345 2010 quidem
3376 1946 3558 1993 nostro
3586 1947 3841 1994 eontem-

2252 2034 2484 2107 plabilis,
2511 2033 2606 2089 sed
2632 2031 2868 2088 inaudita
2910 2031 3094 2087 relicta
3125 2040 3208 2086 est
3238 2048 3251 2082 :
3284 2038 3573 2101 propterea
3599 2030 3748 2099 quod
3779 2029 3849 2084 ab

2252 2127 2335 2182 his
2373 2127 2465 2196 qui
2494 2125 2868 2180 imbuebantur
2896 2132 3116 2194 propter
3156 2136 3346 2176 sensus
3384 2119 3737 2192 parvitatem,
3769 2117 3851 2172 fa-

2251 2219 2355 2276 cile
2403 2217 2787 2289 comprehendi
2837 2232 2943 2271 non
2991 2220 3226 2286 poterat.
3286 2212 3412 2268 Erat
3468 2212 3849 2283 antiquissima

2252 2320 2513 2368 creatum:
2561 2308 2860 2375 ordinatio;
2913 2307 3017 2363 illis
3064 2315 3184 2377 qna:
3227 2314 3378 2361 extra
3408 2303 3674 2359 mundum
3704 2312 3845 2369 sunt,

2255 2414 2379 2476 apta
2423 2403 2732 2467 virtutibus,
2764 2411 2883 2456 orta
2921 2401 3034 2455 sine
3064 2408 3325 2469 tempore,
3356 2397 3695 2468 sempiterna
3723 2395 3848 2450 sibi-

2254 2513 2359 2568 que
2406 2495 2623 2569 propria
2672 2514 2684 2549 :
2736 2495 2790 2549 in
2819 2509 2923 2563 qua
2952 2493 3201 2549 conditor
3229 2491 3470 2546 omnium
3505 2489 3657 2545 Deus
3685 2505 3842 2561 Opera

2255 2599 2448 2645 cuncta
2478 2586 2775 2652 constituit,
2810 2585 2859 2640 id
2889 2593 2989 2649 est,
3022 2584 3199 2639 lumen
3229 2580 3603 2637 intellectibile
3644 2596 3838 2637 conre-

2258 2681 2409 2737 niens
2445 2679 2759 2735 beatitudini
2789 2678 3079 2731 amantium
3113 2674 3415 2729 Dominum.
3449 2671 3839 2735 Rationabiles,

2257 2772 2655 2841 in'visibilcsque
2703 2768 2826 2825 dico
2867 2779 3105 2836 naturas,
3136 2775 3192 2822 et
3219 2767 3459 2821 omnium
3507 2763 3835 2821 intellectibi-

2257 2865 2384 2920 lium
2414 2863 2835 2925 dccorationcm,
2869 2877 2986 2931 quae
3014 2860 3368 2930 capacitatem
3399 2867 3601 2913 nostra:
3640 2856 3827 2913 mentis

2256 2955 2537 3021 excedunt,
2569 2970 2797 3025 quorum
2844 2969 2945 3009 nec
2989 2951 3248 3008 vocabula
3298 2951 3542 3021 reperire
3590 2949 3832 3022 possibile

2258 3060 2358 3117 est.
2410 3050 2535 3106 Haec
2579 3048 2933 3105 substantiam
2982 3045 3261 3101 invisibilis
3312 3045 3501 3100 mundi
3552 3044 3844 3115 replevisso

2255 3143 2531 3199 sciendum
2562 3151 2663 3209 est,
2709 3140 2849 3196 sicut
2874 3139 3032 3195 docet
3072 3154 3171 3193 nos
3213 3136 3412 3194 Paulus
3446 3137 3639 3193 dicens
3671 3156 3685 3191 :
3715 3134 3846 3201 Quia

856 3232 1221 3287 institutarum
1261 3236 1535 3285 auctorem
1561 3271 1577 3297 ,
1621 3228 2156 3299 dispensatoremque
2182 3227 2226 3288 C
2258 3237 2313 3290 in
2341 3236 2454 3302 ipso
2486 3242 2662 3289 creata
2691 3242 2810 3287 sunt
2847 3231 3039 3295 omnia,
3070 3232 3174 3284 sive
3200 3229 3440 3291 risibilia,
3480 3231 3589 3285 sire
3616 3210 3849 3284 invisibi-

2256 3328 2349 3391 lla,
2391 3327 2495 3381 sive
2543 3325 2736 3389 throni,
2785 3325 2890 3379 sire
2935 3322 3332 3387 dominationes,
3362 3323 3469 3377 sive
3496 3322 3847 3392 principatus,

2255 3420 2360 3474 sive
2385 3426 2680 3490 potestates,
2712 3432 2799 3471 seu
2820 3418 3030 3472 virtutes
3054 3413 3188 3486 (Col.
3217 3431 3257 3483 ι,
3276 3414 3500 3486 l6),sen
3529 3414 3853 3486 angelorum

2258 3513 2482 3581 militim,
2503 3528 2598 3568 seu
2629 3513 3076 3581 archangelornm
3101 3518 3417 3566 conventu»
3438 3508 3574 3565 Cum
3607 3527 3742 3567 vero
3761 3526 3856 3568 no-

2257 3622 2411 3663 cesse
2459 3611 2578 3660 erat
2621 3604 2907 3675 superduci
2930 3603 3113 3659 'rebus
3160 3603 3301 3658 hunc
3327 3602 3605 3670 mundum,
3635 3603 3729 3672 qui
3758 3609 3851 3656 est

2259 3701 2531 3773 prmcipue
2558 3699 2859 3768 castigatio,
2903 3707 2959 3753 et
2994 3698 3237 3753 doctrina
3267 3697 3289 3733 ⁸³
3318 3698 3669 3751 humanorum
3709 3696 3840 3750 ani-

2259 3810 2496 3865 morum,
2542 3793 2737 3850 deinde
2776 3792 2982 3849 cunctis
3023 3806 3145 3864 qute
3195 3790 3428 3847 oriuntur
3468 3797 3526 3843 et
3556 3787 3852 3853 occidunt,

2260 3898 2623 3960 opportunum
2652 3885 2979 3943 domicilium
3014 3894 3187 3949 stunc
3225 3884 3383 3939 etiam
3412 3882 3663 3938 decursio
3703 3889 3857 3937 tent-

2259 3983 2428 4055 poris,
2456 3980 2615 4038 simul
2642 3996 2762 4036 cum
2793 3979 2911 4050 ipso
2932 3978 3153 4045 mundo,
3180 3985 3239 4034 et
3265 3976 3626 4032 animantibus
3655 3991 3783 4046 qua:
3806 3976 3861 4031 in

2260 4093 2327 4133 eo
2355 4086 2503 4148 sunt,
2527 4081 2889 4146 congcnerata
2917 4073 3245 4142 dignoscitur
3270 4090 3283 4125 :
3316 4085 3488 4140 eaque
3515 4086 3740 4141 semper
3765 4084 3863 4125 ur-

2261 4177 2438 4239 getur,
2464 4168 2522 4224 et
2544 4164 2733 4233 el'iluit,
2767 4163 3035 4235 finemque
3064 4178 3402 4234 nequaquam
3432 4162 3665 4233 percipit
3708 4179 3863 4219 com-

2262 4260 2501 4316 meandi.
2529 4259 2635 4313 Aut
2661 4274 2770 4314 non
2799 4256 3063 4328 ejusmodi
3092 4266 3304 4327 tempus
3334 4270 3456 4312 esse
3484 4253 3744 4322 dicimus,
3768 4271 3867 4311 cu-

2258 4349 2348 4420 jus
2374 4365 2500 4422 pars
2544 4365 2664 4422 qua:
2700 4365 2917 4406 emensa
2956 4357 3039 4404 est
3084 4365 3188 4404 non
3237 4348 3469 4413 videtur,
3511 4361 3639 4417 qua:
3680 4355 3866 4402 autem

2264 4452 2493 4499 ventura
2515 4450 2597 4498 est
2623 4441 2851 4500 necdum
2881 4440 3069 4506 adfuit,
3102 4457 3220 4512 qua:
3247 4456 3378 4496 vero
3401 4448 3604 4510 praesto
3637 4451 3748 4505 est,
3776 4454 3871 4493 an-

2268 4542 2485 4605 tequam
2514 4537 2695 4592 sensui
2725 4544 2912 4591 nostro
2936 4541 3200 4600 notescat,
3232 4533 3496 4589 elabitur?
3524 4531 3684 4588 Talis
3705 4533 3871 4589 etiam

575 4617 819 4718 omnium
845 4615 1110 4672 rationem
1131 4618 1379 4718 reperire
1406 4619 1623 4675 minime
1652 4629 1961 4691 potuerunt,
1989 4632 2049 4679 ut
2076 4626 2160 4681 di-
2190 4622 2240 4684 υ
2265 4640 2457 4686 natura
2504 4631 2838 4718 gignentium
2894 4637 2997 4695 est,
3049 4635 3145 4683 aut
3177 4642 3431 4693 crescens
3457 4624 3751 4691 videlicet,
3782 4635 3875 4682 aut

571 4716 754 4764 cerent
783 4706 951 4763 Deum
982 4708 1166 4765 mundi
1214 4710 1376 4764 lOIiuS
1423 4726 1542 4768 esse
1583 4713 1862 4785 factorem,
1902 4717 2160 4789 justoque

646 4980 673 5009 ι
709 4969 863 5026 Colb.
888 4974 1176 5043 secundus,
1196 4978 1366 5035 minus
1387 4977 1643 5033 alicunde.
1677 4978 1870 5036 Statim
1892 4981 2033 5039 idem
2063 4999 2160 5041 co-

570 5042 697 5109 des,
714 5044 965 5169 lgeruntur
984 5045 1093 5100 haec
1121 5042 1259 5117 quae.

647 5113 673 5153 δ
759 5115 857 5169 ιιίιὶ
886 5123 940 5169 et
960 5117 1070 5169 duo
1097 5132 1254 5169 mss”

647 5113 673 5153 ι)
714 5113 857 5199 liditi
886 5123 940 5170 et
960 5117 1070 5199 duo
1097 5113 1254 5199 mss”
1280 5119 1671 5199 ἱηιεηροζαιιιιοε-
1684 5123 1751 5177 At
1771 5122 1927 5199 Colb.
1967 5141 2159 5181 secun-

567 5185 688 5269 dus,
716 5186 1103 5313 intersistatur;
1130 5195 1184 5243 et
1207 5190 1282 5244 ita
1317 5185 1596 5261 scripsisse
1632 5192 1968 5250 Eustathiutn
1999 5205 2154 5266 puto,

570 5258 640 5313 οι)
670 5258 798 5313 Illud
917 5259 1021 5314 allll
1049 5258 1453 5314 διακοπτὸαενον.
1506 5262 1630 5314 Mox
1666 5264 1836 5314 codex
1869 5277 2072 5314 noster-
2109 5277 2154 5314 et

917 5286 942 5314 ³

570 5258 640 5340 0_b
670 5258 798 5401 illiilli]
838 5258 1021 5314 Basilii
1049 5258 1453 5333 διακοπτὸμενοῦ.
1506 5262 1631 5318 Mox
1666 5264 1837 5320 codex
1869 5258 2075 5337 noster,
2109 5277 2159 5322 et

570 5345 682 5383 sme
742 5345 824 5383 ne.

567 5345 682 5383 stne
700 5345 824 5383 nne.

593 5471 604 5483 ο
645 5410 668 5439 ο
699 5399 753 5455 Ε
775 5399 1332 5483 ιῇιιηηοη-ιζιψὶεαῃμρτ
1359 5406 1428 5460 At
1453 5421 1603 5474 mss.,
1635 5424 1740 5463 non
1765 5408 1982 5483 dubites.
1998 5409 2159 5483 ABasi-

568 5469 693 5553 lius.
733 5480 800 5532 αὴ
856 5475 1187 5597 aviaeum.
1225 5476 1426 5532 Ibidem
1477 5469 1648 5543 11153.,
1695 5481 2155 5554 commentitiwoue

571 5553 843 5601 serantur»:
940 5547 1094 5601 acula
1122 5563 1219 5601 aue
1238 5549 1391 5601 deest
1421 5549 1475 5601 in
1509 5552 1758 5601 vulgatis.

571 5552 843 5647 scripturis
898 5552 1094 5601 Vocula
1122 5563 1219 5619 que
1238 5552 1391 5603 deest
1421 5552 1475 5603 in
1509 5552 1758 5621 vulgatis.
2071 5552 2078 5554 ⁷

615 5626 652 5686 με
711 5613 875 5683 Edtti,
914 5632 969 5670 se
1014 5619 1290 5674 sapientes.
1334 5618 1488 5675 Colb.
1519 5620 1805 5686 secundus,
1835 5639 1892 5676 se
1929 5638 2036 5677 esse
2075 5640 2158 5676 sa-

573 5682 808 5753 pientes:
837 5682 980 5757 quod
1008 5690 1076 5741 ad
1093 5692 1312 5743 verbum
1340 5706 1653 5762 expressum
1675 5700 1758 5747 est
1786 5682 1817 5747 e
1843 5693 2053 5760 Graeco,
2071 5698 2159 5768 φά-

576 5774 786 5829 σκονῑιξ
812 5776 935 5829 sum
976 5780 1137 5829 σογοι-

648 5832 673 5863 ·
694 5825 851 5896 Editi,
874 5825 1222 5885 institutarum
1244 5840 1489 5887 actorem.
1513 5831 1699 5891 Codex
1724 5844 1909 5892 noster
1928 5843 1983 5892 et
2000 5833 2153 5895 Colb.

2258 4723 2581 4782 decrescens
2629 4742 2642 4779 :
2675 4726 2827 4794 cujus
2854 4723 3119 4779 stabilitas
3147 4729 3205 4777 et
3242 4717 3489 4774 fundatio
3530 4718 3681 4773 nihil
3710 4719 3877 4775 habet

2263 4984 2533 5042 secundus
2560 4992 2823 5040 auctorem
2855 5002 2874 5056 :7
2899 5000 3061 5056 quam
3081 4983 3410 5056 scripturam
3425 4995 3638 5056 Avernus
3830 4991 3882 5056 et

2264 5056 2603 5111 emendatam
2645 5071 2714 5112 ex
2754 5051 3212 5125 eoin—telligitur,
3243 5052 3388 5123 quod
3425 5051 3691 5125 legamus
3740 5055 3880 5125 apud

2264 5127 2539 5191 Basiliam,
2581 5125 2759 5183 αἴτιον.
2805 5124 2955 5180 [laud
2997 5126 3155 5194 longe
3198 5126 3327 5179 editi
3358 5132 3416 5179 et
3439 5124 3629 5179 codex
3665 5135 3877 5191 noster,

2265 5197 2331 5250 ut!
2359 5198 2822 5268 concupiscendam
2854 5197 3081 5251 veritatis
3100 5193 3467 5268 prudentiam.
3501 5193 3581 5248 At
3604 5195 3776 5252 Colb.
3807 5212 3884 5251 sc-

2263 5270 2489 5340 cundus,
2506 5268 2590 5340 ad
2626 5268 3035 5340 concipiendam,
3062 5270 3280 5324 rectius.

2245 5378 2250 5383 .
2340 5338 2357 5377 ί
2392 5339 2610 5408 Antiqui
2638 5340 2745 5394 duo
2774 5337 2930 5409 libri,
2962 5355 3167 5394 necesse
3201 5346 3296 5393 est.
3328 5337 3464 5393 Illud
3504 5345 3593 5394 est
3627 5339 3689 5395 in
3723 5339 3885 5396 editis

2261 5409 2688 5465 desiderabatur.

2335 5490 2360 5529 ε
2394 5480 2592 5537 Vocem
2622 5478 2911 5537 substantia
2939 5480 3239 5537 addidimus
3280 5496 3351 5537 ex
3389 5477 3546 5536 Colb.
3603 5481 3877 5539 secundo.

2262 5552 2375 5624 δέκα
2404 5553 2477 5607 ita
2523 5552 2694 5607 multo
2736 5563 2857 5624 past
2900 5552 3055 5609 Colb.
3102 5552 3395 5624 secundus,
3438 5567 3610 5621 opera
3664 5564 3875 5623 cuncta.

2264 5621 2423 5697 Editi,
2447 5633 2587 5697 certa
2617 5621 2775 5697 opera
2802 5644 2827 5697 νεῖ
2854 5639 2973 5697 quo
2993 5625 3048 5677 in
3070 5623 3214 5697 libro
3243 5622 3464 5697 insuper
3478 5637 3603 5692 pro
3636 5621 3879 5697 intellec-

2264 5693 2406 5748 tibile
2448 5692 3022 5766 legitur—intelligibile.
3064 5692 3258 5749 Statim
3293 5692 3384 5751 hic
3415 5694 3533 5765 ipse
3575 5695 3794 5762 codex,
3831 5703 3880 5750 et

2264 5766 2506 5838 omnium,
2528 5765 2945 5838 iittelligihilium.
3352 5837 3358 5838 γ
3420 5798 3435 5810 ο

2303 5906 2308 5911 η
2338 5835 2367 5875 ⁸³
2397 5836 2549 5894 Colb.
2583 5835 2870 5907 secundus,
2899 5838 3245 5895 humanarum
3270 5837 3597 5894 animus.
