4110 6336
256 362 363 419 873

1277 360 1669 416 llEXAEMEm
1708 357 2186 415 METAPHRASIS
2229 357 2431 412 LIBER
2470 358 2508 412 1.

3405 366 3507 420 874

247 479 405 535 certi.
451 487 476 516 ι
506 477 662 534 Paria
689 478 901 535 fuerunt
921 492 1051 548 ergo
1079 480 1432 534 animantium
1460 479 1832 534 arbustorum-
1854 479 1901 538 Α
1931 485 2070 541 sunt,
2106 475 2365 529 intellecta
2411 478 2792 540 conspiciuntur
2821 479 2996 545 (Rom.
3029 497 3066 543 ι,
3100 480 3211 551 20).
3242 481 3520 540 Fortassis

250 584 356 640 que
383 584 631 640 corpora,
663 578 916 639 tanquam
958 572 1009 625 vi
1039 570 1316 641 cujusdam
1352 570 1608 626 torrentis
1632 569 1700 625 ad
1729 583 1830 624 ne-

251 661 553 717 cessitatem
575 661 785 716 insitam
804 661 1062 732 relegata,
1086 671 1141 717 et
1164 662 1241 717 illi
1261 662 1432 718 motui
1452 661 1723 731 subjecta,
1737 659 1832 730 qui

249 752 318 808 ad
345 761 496 809 ortus
524 752 807 824 obitusque
834 753 1096 823 perducit,
1123 762 1179 809 et
1223 769 1292 808 ex
1326 761 1519 808 natura
1571 751 1831 822 temporis

249 842 574 908 continetur,
597 850 880 912 cognatam
905 844 1290 914 proprietatem
1306 844 1466 900 rebus
1485 842 1832 899 mutabilibus

249 933 578 1005 possidente.
625 932 761 990 Hinc
787 941 1179 1004 consequenter
1219 934 1424 990 relator
1437 948 1684 1003 ,exorsus
1724 941 1828 998 est,

249 1023 534 1080 manifeste
559 1022 629 1080 de
669 1023 854 1079 mundi
900 1024 1302 1080 constructione
1343 1037 1444 1079 nos
1489 1023 1745 1091 edocens,
1773 1021 1830 1077 in

248 1117 513 1194 principio
540 1115 731 1180 fecisse
756 1116 943 1173 Deum.
985 1113 1314 1187 Principium
1353 1124 1533 1172 autem
1563 1122 1648 1171 est
1683 1113 1830 1185 quod

249 1209 318 1266 nd
348 1217 560 1280 tempus
584 1208 838 1280 pertinet,
871 1224 980 1264 non
1001 1207 1146 1278 quod
1173 1207 1243 1262 ad
1280 1206 1309 1246 ι’
1337 1207 1715 1276 antiquitatem
1738 1221 1831 1262 re-

248 1299 429 1371 spicit,
453 1314 571 1370 qua:
598 1307 684 1356 est
709 1299 957 1356 omnibus
979 1299 1140 1354 rebus
1160 1298 1420 1353 anterior.
1440 1295 1582 1366 Ergo
1609 1312 1719 1352 non
1744 1310 1806 1352 se

249 1391 482 1448 cundum
523 1407 645 1448 eam
686 1390 822 1447 dixit
869 1389 936 1446 In
964 1392 1220 1463 principio
1247 1391 1368 1462 fecit
1395 1388 1557 1456 Deus,
1585 1389 1680 1445 sed
1707 1397 1832 1460 post

249 1483 340 1540 illa
388 1483 676 1540 invisibilia
714 1492 770 1539 et
812 1483 1199 1541 intellectibilia
1230 1481 1436 1536 initium
1465 1481 1830 1549 generationis

250 1592 441 1632 eorum
476 1590 598 1646 qua:
636 1584 949 1642 cernuntur,
980 1589 1251 1644 sensuque
1278 1571 1828 1644 comprehenduntur,

250 1674 487 1722 enarrat.
518 1665 724 1722 Dicitur
743 1663 958 1736 quidem
984 1663 1326 1735 principium,
1346 1669 1403 1718 et
1420 1661 1595 1732 prima
1617 1663 1785 1717 motio
1812 1679 1824 1714 :

249 1756 390 1815 sicut
426 1757 738 1828 principium
763 1757 889 1810 recti
926 1754 1125 1810 itineris
1160 1762 1237 1808 est
1269 1754 1415 1826 justo
1445 1753 1614 1822 facere
1645 1751 1825 1822 (Prov.

1935 577 2115 625 autem
2141 579 2366 640 propter
2404 569 2734 625 celeritatem
2775 580 3055 636 creaturas,
3087 587 3206 642 quat
3243 574 3359 629 sine
3398 576 3538 632 ullo.

1934 670 2210 717 momento
2254 661 2510 732 temporis
2555 671 2638 716 est
2683 671 3012 728 constructa,
3052 663 3254 719 dictum
3281 672 3364 719 est
3396 683 3408 717 :
3442 664 3510 720 In

1934 755 2190 825 principio
2217 755 2372 826 fecit;
2413 753 2669 823 quoniam
2698 752 2971 808 individua
2999 754 3242 824 quaedam
3287 770 3377 812 res
3405 765 3508 824 est,

1933 851 1990 899 et
2029 843 2358 910 indistincta,
2399 845 2740 915 principium.
2781 844 2932 901 Sicut
2975 848 3115 902 enim
3163 850 3374 908 initium
3412 855 3536 910 vite-
3597 841 3606 849 ’

1933 933 2160 990 necdum
2189 934 2274 990 via
2303 943 2404 999 est,
2435 943 2491 990 et
2533 935 2741 990 initium
2786 935 2994 1004 domus,
3044 939 3276 994 necdum
3318 942 3510 1000 domus

1932 1033 2016 1080 est
2041 1043 2054 1077 :
2078 1024 2158 1080 sic
2185 1033 2240 1080 et
2259 1025 2518 1095 temporis
2546 1024 2776 1092 initium,
2807 1026 3033 1082 necdum
3054 1029 3269 1098 plenum
3300 1039 3510 1104 tempus

1932 1124 2042 1182 est;
2069 1115 2165 1171 sed
2183 1130 2285 1171 nec
2305 1115 2498 1185 exigua
2519 1131 2644 1186 pars
2663 1117 2939 1187 temporis.
2965 1118 3118 1185 Quod
3138 1120 3182 1176 si
3203 1137 3510 1193 repugnans

1929 1203 2072 1261 forte
2090 1205 2356 1278 quispiam
2383 1205 2705 1277 principium
2732 1206 2928 1264 dixerit
2955 1224 3073 1264 esse
3101 1217 3334 1282 tempus,
3374 1215 3512 1270 sciat

1929 1298 2036 1354 hoc
2062 1313 2182 1355 esse
2207 1298 2500 1355 divisurum
2529 1299 2583 1354 in
2603 1299 2925 1371 multiplices
2951 1303 3247 1372 portiones,
3269 1304 3323 1360 id
3350 1314 3432 1361 est
3455 1307 3510 1362 in

1930 1391 2181 1462 primam,
2223 1389 2455 1446 mediam
2497 1398 2554 1446 et
2596 1402 2912 1447 extremam.
2958 1391 3283 1465 Principium
3328 1402 3510 1451 autem

1929 1481 2179 1554 principii
2194 1496 2436 1552 quaerere
2458 1481 2737 1538 ridiculum
2757 1483 2970 1552 penitus
2988 1491 3044 1538 et
3062 1484 3300 1555 ineptum
3320 1492 3424 1540 est.
3441 1483 3512 1539 Et

1930 1576 2024 1646 qui
2051 1575 2239 1632 dividit
2260 1575 2602 1647 principium,
2623 1575 2758 1629 duas
2776 1576 3079 1632 necessario
3105 1576 3265 1634 faciet
3283 1594 3383 1648 pro
3402 1593 3509 1633 una

1929 1677 2130 1740 partes,
2144 1668 2228 1724 vel
2245 1668 2665 1739 potius,plures;
2683 1676 2706 1703 ε
2719 1666 2970 1736 quoniam
2991 1683 3199 1738 semper
3219 1669 3345 1723 illud
3365 1670 3509 1739 quod

1930 1762 2158 1817 divisum
2206 1759 2385 1828 fuerit,
2431 1761 2486 1816 in
2522 1759 2653 1816 duas
2693 1760 2809 1815 sine
2835 1758 2996 1815 dubio
3023 1760 3280 1838 scinditur
3306 1764 3509 1832 portio-

251 1865 361 1914 xvr,
385 1846 460 1920 5).
492 1846 572 1902 Ex
603 1847 765 1918 justis
808 1847 952 1904 enim
980 1846 1234 1918 operibus
1263 1845 1549 1900 incitamur
1575 1843 1644 1898 ad
1670 1845 1830 1900 beate
1857 1839 1906 1901 Β
1932 1867 2048 1909 nes.
2081 1851 2221 1922 Ergo
2260 1860 2320 1906 ut
2353 1851 2673 1908 doceremur
2714 1849 2872 1905 simul
2920 1865 3042 1904 cum
3088 1849 3184 1906 Dei
3233 1852 3511 1908 voluntate

250 1942 554 1998 vivendum.
588 1941 792 1998 Dicitur
817 1940 981 1996 etiam
1000 1938 1326 2010 principium
1353 1936 1472 2008 ejus
1508 1936 1588 1992 rei
1624 1951 1744 2006 qua:
1769 1935 1829 1992 ﬁt

248 2049 319 2090 ex
365 2034 542 2105 aliqua
573 2044 595 2072 ο
629 2034 953 2089 subsistente
1000 2031 1245 2097 materia,
1295 2030 1435 2086 sicut
1480 2029 1534 2084 in
1581 2023 1828 2085 domibus

251 2126 672 2191 fundamentum,
705 2124 760 2180 in
787 2123 1010 2179 navibus
1036 2123 1243 2188 carina,
1271 2129 1328 2177 et
1365 2121 1657 2178 secundum
1683 2121 1829 2191 quod

251 2219 452 2274 dictum
489 2225 571 2272 est
601 2235 612 2270 :
657 2215 873 2272 Initium
898 2215 1169 2286 sapientia:
1210 2215 1360 2268 timor
1402 2213 1615 2267 Domini
1641 2211 1826 2281 (Prov.

252 2327 292 2378 ι,
314 2309 391 2382 7).
422 2308 632 2365 Etenim
663 2317 920 2379 tanquam
950 2307 1346 2362 munimentum
1369 2313 1425 2361 et
1461 2304 1828 2361 fulcimentum

253 2401 520 2472 quoddam
549 2401 616 2457 ad
643 2400 767 2456 ﬁdei
796 2400 1121 2466 ﬁrmitatem,
1152 2398 1435 2470 praefertur
1457 2413 1671 2468 semper
1707 2414 1828 2454 cum

255 2493 451 2547 timore
497 2492 708 2560 religio.
739 2489 844 2546 Sed
889 2498 946 2544 et
981 2489 1360 2546 structibilium
1399 2503 1623 2559 operum
1656 2488 1829 2558 prima
1879 2513 1884 2520 -

255 2598 381 2654 pars
408 2583 726 2653 principium
753 2590 1092 2653 nuncupatur
1123 2599 1135 2635 :
1160 2582 1300 2637 sicut
1319 2581 1579 2652 sapientia
1609 2579 1828 2636 Besele-

247 2676 344 2732 εει
371 2690 498 2746 erga
527 2675 857 2731 tabernaculi
899 2675 1082 2730 decus.
1113 2673 1344 2730 Actuum
1367 2687 1582 2744 quoque
1629 2670 1689 2726 ﬁt
1715 2672 1829 2743 ple-

256 2783 482 2838 rumque
510 2767 824 2838 principium
850 2766 1024 2821 bonus
1051 2765 1230 2820 exitus
1253 2765 1591 2834 inceptorum
1639 2783 1651 2816 :
1691 2764 1831 2820 sicut

253 2858 307 2910 in
328 2859 572 2924 largitate
589 2857 985 2924 misericordiae,
1007 2857 1250 2926 sequitur
1275 2857 1604 2928 prosperitas
1633 2857 1750 2922 Dei,
1773 2850 1830 2912 et

251 2945 304 3000 in
325 2947 636 3017 operatione
656 2947 934 3014 virtutum,
965 2945 1084 3003 ﬁnis
1112 2947 1202 3003 ille
1230 2947 1475 3015 habetur,
1499 2949 1590 3020 qui
1614 2948 1668 3003 in
1697 2963 1826 3019 pro-

252 3036 590 3094 missionibus
609 3046 691 3094 est
715 3038 941 3094 locatus.

320 3131 372 3185 ti.
415 3131 597 3188 Toties
625 3133 784 3201 igitur
827 3131 1104 3188 nominato
1135 3119 1431 3204 principio,
1472 3132 1754 3189 considera
1781 3134 1826 3188 si

1931 1943 2188 2000 mundum
2215 1944 2332 1998 sine
2370 1951 2614 2014 tempore
2655 1940 2974 2004 substitisse,
3005 1940 3138 1995 dixit
3177 1959 3191 1995 :
3224 1940 3290 1996 In
3317 1943 3512 2012 princi-

1930 2037 2017 2106 pio
2060 2036 2204 2106 fecit.
2235 2033 2406 2101 Quam
2434 2049 2550 2089 rem
2577 2033 2714 2089 certi
2743 2033 3062 2103 interpretes
3090 2033 3300 2104 planius
3339 2049 3508 2105 expo-

1931 2134 2143 2189 nentes,
2167 2126 2419 2181 dixerunt
2449 2143 2462 2179 :
2495 2125 2806 2181 Summatim
2835 2125 2955 2196 fecit
2982 2123 3144 2188 Deus,
3174 2124 3228 2180 id
3252 2135 3336 2181 est
3360 2126 3510 2181 brevi

1931 2217 2235 2286 subitoque.
2269 2215 2434 2286 Igitur
2469 2231 2632 2286 super
2680 2215 2942 2286 principio
2986 2231 3157 2286 pauca
3211 2216 3279 2272 de
3331 2217 3510 2273 multis

1933 2308 2192 2364 hactenus
2219 2307 2534 2363 disseruisse
2561 2305 2811 2362 sufﬁciat.

2006 2401 2058 2455 7.
2095 2399 2114 2438 ί
2141 2400 2286 2457 Sane
2312 2399 2584 2456 sciendum
2612 2400 2867 2470 quoniam
2895 2400 3088 2455 artium
3109 2401 3366 2465 omnium,
3393 2403 3510 2459 aliae

1931 2491 2198 2557 factrices,
2240 2491 2358 2546 alite
2405 2490 2698 2558 negotiales
2723 2489 3080 2560 appellantur,
3110 2491 3226 2546 alia:
3266 2499 3508 2547 contem-

1930 2582 2193 2652 platoritc,
2215 2589 2272 2636 et
2298 2579 2859 2650 contemplatoriarum
2887 2579 3103 2650 quidem
3131 2579 3249 2636 ﬁnis
3275 2591 3358 2637 est
3395 2583 3508 2638 sola

1930 2673 2127 2728 mentis
2165 2672 2410 2738 intentio,
2442 2671 2788 2740 negotialium
2831 2678 3010 2726 autem
3040 2678 3218 2728 motus
3245 2674 3359 2743 ipse
3387 2690 3509 2729 cor-

1930 2763 2078 2833 poris
2109 2781 2121 2816 :
2165 2763 2257 2833 qui
2285 2777 2406 2818 cum
2434 2761 2673 2828 desierit,
2700 2760 2833 2816 nihil
2862 2761 3052 2830 reliqui
3080 2769 3190 2825 est,
3223 2778 3324 2818 nec
3371 2765 3507 2818 ultra

1929 2857 2233 2913 videntibus
2259 2856 2674 2912 demonstratur.
2703 2855 2837 2910 Nam
2865 2855 3163 2910 saltationis
3183 2862 3236 2909 et
3256 2864 3507 2911 cantuum

1929 2951 2107 3006 nullus
2151 2950 2326 3005 exitus
2366 2957 2450 3004 est
2481 2967 2493 3002 :
2527 2948 2619 3004 sed
2649 2947 2703 3002 in
2751 2948 3091 3018 scmetipsam
3120 2949 3364 3019 operatio
3393 2956 3505 3004 tota

1929 3039 2282 3098 consumitur.
2315 3039 2372 3094 ln
2399 3039 2603 3095 artibus
2626 3053 2752 3094 vero
2772 3039 3096 3106 factricibus,
3121 3039 3327 3096 etiamsi
3358 3040 3510 3095 labor-

1931 3139 2190 3200 actusque
2217 3131 2528 3196 cessaverit,
2558 3129 2899 3188 manifestum
2927 3139 3106 3187 tamen
3134 3139 3217 3188 est
3251 3148 3385 3203 opus
3417 3149 3506 3188 ea-

248 3239 356 3278 non
384 3239 620 3294 praesens
662 3240 767 3280 vox
815 3224 1064 3280 omnibus
1117 3222 1425 3294 signiﬁcatis
1477 3224 1825 3281 accommoda
1853 3217 1899 3281 C
1929 3239 2068 3287 rum,
2115 3223 2254 3279 sicut
2277 3222 2602 3289 fabrilitatis,
2636 3231 2690 3278 et
2720 3233 2744 3271 ε
2775 3223 3167 3289 architectum,
3199 3233 3255 3280 et
3282 3233 3508 3281 textum:

245 3324 348 3372 est.
373 3313 584 3372 Etenim
609 3331 677 3372 ex
702 3332 770 3373 eo
800 3326 1042 3388 tempore
1069 3333 1178 3388 quo
1205 3317 1389 3372 mundi
1411 3317 1575 3388 coepit
1609 3317 1825 3373 institu-

243 3408 342 3473 tio,
366 3407 619 3479 possibile
639 3409 736 3464 tibi
758 3417 842 3465 est
862 3408 1060 3475 dicere,
1083 3410 1129 3464 si
1147 3409 1215 3465 de
1234 3410 1586 3480 praesentibus
1607 3409 1675 3464 ad
1697 3425 1828 3480 pra:-

242 3503 405 3556 terita
427 3498 452 3539 ιι
478 3501 806 3574 repedando,
831 3503 1180 3574 principalem
1209 3503 1352 3558 diem
1371 3504 1654 3558 mundana:
1681 3518 1827 3559 crea-

238 3593 408 3648 tionis
426 3593 698 3664 inquiras:
727 3593 866 3650 unde
895 3595 1125 3664 tempori
1153 3604 1333 3650 motus
1360 3595 1564 3664 primus
1591 3610 1828 3651 accesse-

234 3687 332 3743 rit.
385 3686 589 3743 Deinde
631 3688 756 3757 quia
784 3689 932 3744 velut
967 3688 1125 3745 sedes
1168 3695 1223 3744 et
1249 3689 1504 3760 repagula
1545 3689 1822 3759 quaedam,

233 3780 437 3836 cmlum
487 3787 735 3850 terraque
780 3782 999 3837 fundata
1040 3790 1210 3848 sunt;
1255 3791 1311 3837 et
1352 3783 1476 3852 quia
1512 3791 1594 3837 est
1631 3783 1824 3838 artifex

231 3871 502 3938 Verbum,
533 3872 677 3942 quod
704 3873 1104 3930 decorationem
1144 3874 1382 3930 omnium
1428 3889 1548 3944 qua:
1573 3873 1850 3931 videntur”

229 3962 440 4029 effecit,
471 3964 612 4020 sicut
637 3981 745 4021 vox
767 3965 928 4020 relati
955 3973 1223 4022 monstrat
1251 3966 1391 4021 initii
1423 3985 1434 4019 :
1468 3973 1523 4022 et
1550 3968 1672 4038 quia
1713 3983 1821 4024 non

225 4057 358 4112 sine
380 4057 607 4122 ratione,
629 4056 714 4112 vel
739 4057 933 4112 frustra
951 4056 1214 4114 formatus
1235 4065 1320 4113 est
1341 4057 1589 4113 mundus.
1615 4057 1823 4129 Quippe

223 4145 333 4218 qui
364 4145 549 4200 utilem
577 4147 1046 4217 necessariumque
1088 4147 1249 4203 rebus
1280 4157 1422 4205 esset
1447 4149 1651 4205 exitum
1679 4165 1821 4220 prac-

219 4239 470 4301 biturus,
499 4239 545 4294 si
570 4253 758 4294 revera
786 4240 1087 4296 animorum
1127 4241 1545 4309 rationabilium,
1575 4243 1714 4299 sicut
1740 4243 1823 4299 di-

165 4327 171 4333 ’
207 4327 436 4396 ximus,
465 4329 852 4399 magisterium,
877 4339 933 4386 et
952 4331 1145 4387 divina:
1175 4333 1411 4389 notionis
1439 4333 1816 4403 eruditionem,

224 4437 334 4494 per
382 4421 607 4477 visibilia
638 4421 749 4478 haec
777 4430 833 4477 et
858 4423 1128 4479 sensibilia
1175 4424 1362 4480 tribuit
1407 4427 1574 4482 menti
1623 4437 1820 4486 nostra:

224 4528 432 4584 regens
459 4529 578 4580 nos,
609 4523 669 4569 ut
697 4515 769 4570 ita
795 4514 1041 4584 dixerim,
1090 4533 1272 4584 manu,
1297 4534 1406 4588 quo
1441 4519 1647 4576 facilius
1677 4522 1813 4578 invi-

1928 3324 1985 3372 et
2008 3316 2093 3371 his
2120 3315 2394 3382 Similium,
2414 3329 2639 3394 quarum
2667 3315 2792 3371 licet
2819 3315 3012 3372 artifex
3032 3324 3228 3387 prmsto
3260 3333 3368 3383 non
3395 3317 3505 3373 fue-

1926 3412 2016 3476 rit,
2049 3412 2188 3468 ratio
2217 3419 2398 3466 tamen
2438 3411 2569 3465 artis
2618 3410 2785 3479 ipsius
2828 3418 3073 3481 apparet,
3119 3425 3508 3481 possumusque

1926 3504 1996 3560 de
2024 3518 2190 3575 opere
2209 3508 2503 3572 conspecto
2531 3501 2778 3572 peritiam
2808 3501 3065 3571 cujusque
3093 3501 3311 3558 artiﬁcis
3337 3504 3506 3559 admi-

1926 3598 2054 3653 rari.
2087 3596 2229 3665 Ergo
2247 3603 2308 3651 ut
2336 3602 2544 3651 certum
2577 3594 2731 3650 ﬁeret
2759 3595 2882 3665 quia
2919 3594 3149 3651 mundus
3182 3604 3299 3653 arte
3325 3600 3505 3668 perfe-

1927 3701 2046 3748 ctus
2074 3699 2176 3754 est,
2207 3690 2300 3760 qui
2346 3696 2660 3745 cunctorum
2691 3688 2889 3743 visibus
2931 3689 3158 3746 habetur
3203 3691 3503 3760 expositus,

1925 3789 2192 3852 quatenus
2217 3795 2314 3852 per
2341 3795 2464 3836 eum
2493 3778 2829 3835 fabricatoris
2857 3780 2938 3834 sui
2966 3781 3228 3852 sapientia
3257 3797 3504 3839 noscere-

1926 3881 2016 3930 tur
2049 3891 2060 3926 :
2110 3888 2217 3928 non
2247 3873 2351 3927 alia
2381 3887 2514 3927 voce
2543 3870 2754 3942 Moyses
2779 3887 2906 3928 usus
2934 3881 3034 3938 est,
3085 3875 3178 3930 sed
3227 3875 3361 3931 dixit
3391 3895 3402 3929 :
3437 3876 3505 3930 In

1924 3965 2179 4036 principio
2219 3965 2338 4036 fecit
2379 3961 2538 4017 Deus.
2569 3962 2688 4018 Non
2716 3964 3017 4018 construxit
3052 3973 3144 4019 aut
3181 3969 3502 4037 composuit,

1924 4055 2018 4111 sed
2037 4055 2177 4127 fecit.
2201 4052 2455 4120 Quamvis
2477 4053 2718 4108 nonnulli
2755 4067 2942 4109 eormn
2970 4055 3063 4124 qui
3083 4070 3219 4111 vana
3249 4057 3506 4127 opinione

1923 4145 2184 4220 praiventi
2213 4152 2357 4211 sunt,
2389 4145 2775 4214 sempiternum
2803 4144 3058 4200 mundum
3086 4161 3207 4202 cum
3237 4147 3348 4204 Deo
3387 4133 3504 4205 eSse

1924 4229 2362 4304 dicentes,'nullo
2391 4237 2551 4293 modo
2596 4237 2664 4292 ab
2711 4236 2828 4308 ipso
2875 4238 3072 4295 factum
3100 4251 3502 4306 concesserunt,

1921 4333 2018 4389 sed
2059 4341 2312 4402 tanquam
2341 4330 2808 4387 obumbrationem
2835 4333 3118 4402 quamdam
3147 4335 3358 4391 virtutis
3387 4353 3506 4394 esse

1922 4425 2136 4480 divinat.
2167 4423 2192 4460 λι
2222 4423 2424 4479 Ferunt
2469 4423 2611 4478 enim
2639 4438 2764 4478 eum
2803 4432 2996 4494 sponte
3043 4429 3420 4498 compositum,
3452 4440 3506 4486 et

1921 4519 2167 4590 quamvis
2202 4517 2369 4572 Deum
2412 4515 2528 4586 ejus
2570 4515 2756 4572 haberi
2793 4515 3060 4572 fateantur
3088 4528 3399 4588 auctorem;
3433 4523 3505 4576 ita

223 4608 412 4664 sibilia
441 4609 886 4679 contemplemur,
916 4610 1056 4666 sicut
1079 4611 1209 4667 dicit
1236 4612 1553 4684 Apostolus:
1573 4612 1708 4679 Quia
1729 4617 1813 4672 in-
1841 4596 1896 4659 Ῐ)
1924 4618 2105 4665 tamen
2146 4607 2405 4673 fatentur,
2436 4614 2496 4662 ut
2522 4606 2637 4662 sine
2664 4609 2940 4663 voluntate
2977 4607 3143 4679 ipsius
3181 4613 3504 4680 processisse

222 4701 454 4757 visibilia
491 4701 624 4773 ejus,
651 4719 683 4754 a
710 4702 887 4756 mundi
915 4704 1285 4772 compositione
1311 4721 1405 4775 per
1443 4722 1505 4759 ea
1534 4723 1650 4777 qua:
1677 4710 1816 4780 facta

302 4851 331 4880 ιι
354 4838 728 4924 ςρᾲθιοοιὺη
751 4843 900 4912 paria
921 4842 1144 4913 fuerunt.
1173 4840 1316 4896 Editi
1339 4849 1396 4896 et
1415 4841 1504 4896 alii
1526 4841 1632 4898 duo
1658 4863 1812 4914 mss.,

219 4930 328 5022 ναί
555 4981 624 5065 ea!
669 4983 1027 5065 ρηεὲειξέιαιενη
1073 4983 1362 5065 vestivit.
1393 4983 1815 5065 “timentes,

218 5051 461 5126 respicit.
491 5051 729 5108 Subinde
757 5051 910 5107 Colb.
941 5051 1226 5116 secundus,
1258 5059 1306 5104 et
1343 5051 1692 5123 intelligibilia
1719 5051 1818 5110 ini;

219 5127 385 5178 tium.

302 5206 326 5233 ο
353 5192 511 5248 Colb.
553 5193 839 5257 secundus,
868 5209 933 5246 ea:
959 5191 1134 5262 aliqua
1165 5191 1514 5262 substentante
1543 5196 1762 5250 materia
1792 5213 1810 5250 :

218 5262 381 5335 quod
404 5262 666 5335 fortassis
710 5263 939 5335 cuipiam
978 5260 1170 5335 melius
1193 5260 1361 5335 videri
1406 5265 1607 5335 poterit
1643 5273 1699 5320 et
1741 5266 1811 5321 ad

219 5330 378 5391 liunc
404 5332 580 5389 locum
606 5330 1079 5404 accommodatius.
1095 5330 1208 5404 Nec
1228 5330 1491 5404 itamulto
1515 5344 1637 5404 post
1657 5335 1811 5404 editi,

217 5405 322 5460 sed
353 5413 404 5458 et
431 5402 864 5473 instructibitium.
891 5403 1108 5473 Antiqui
1134 5401 1402 5473 duoilibri,
1425 5401 1810 5461 structibilium.

219 5475 405 5548 Alius,
436 5471 876 5548 exstructibilium.
910 5470 1146 5529 Subinde
1166 5470 1316 5529 Colb.
1339 5475 1626 5540 secundus,
1657 5478 1817 5548 signi-

220 5547 406 5616 ﬁcatis
430 5544 832 5616 accommodata,
860 5552 964 5599 etc.

303 5614 334 5653 δ
366 5614 519 5671 Colb.
567 5615 850 5685 secundus,
899 5616 968 5668 ad
1014 5617 1277 5684 prwterita
1323 5618 1619 5685 repetendo,
1667 5616 1811 5684 haud

219 5686 478 5744 dissimili
512 5701 689 5740 sensu.
723 5684 1008 5754 Aliquanto
1037 5693 1159 5755 post
1186 5686 1325 5741 idem
1354 5684 1548 5755 c’odex,
1571 5695 1621 5740 et
1647 5688 1812 5741 sensi-

222 5758 366 5814 bilia
390 5755 592 5810 tribuat.
617 5755 852 5810 Subinde
883 5755 970 5811 ille
999 5757 1110 5826 ipse
1131 5758 1317 5822 codex,
1344 5775 1376 5811 (ι
1406 5758 1584 5811 mundi
1611 5757 1808 5811 consti-

221 5829 453 5886 stitione.

527 5925 798 5984 PnaoL.
842 5919 999 5982 Llll.

1929 4705 2268 4769 conﬁrment,
2298 4701 2437 4757 sicut
2481 4715 2551 4755 ex
2599 4714 2827 4770 corpore
2873 4699 3136 4764 umbram,
3179 4701 3264 4754 vel
3291 4715 3354 4753 ex
3386 4701 3504 4756 lucc

1999 4857 2022 4885 θ
2053 4843 2216 4907 Editi,
2248 4856 2362 4893 cum
2401 4835 2551 4890 illud.
2571 4831 2777 4907 _Codex
2824 4838 3026 4907 noster,
3046 4831 3309 4907 __q_uoniam
3328 4834 3501 4907 _iltud.

1923 4916 2079 4972 Colb.
2109 4899 2392 4972 secundus,
2424 4905 2667 4976 quoniam
2694 4916 2912 4981 semper.
2938 4899 3186 4970 Basilius,
3209 4909 3302 4958 τοῦ
3322 4903 3505 4981 διαιρε-

1923 4990 2090 5044 θέντος
2221 4983 2291 5051 εξς
2316 4975 2468 5051 ἕτερά
2496 4975 2812 5051 τεμνομένου.

2001 5054 2020 5092 τ
2050 5040 2141 5108 Sic
2168 5040 2320 5105 Colb.
2354 5040 2654 5114 secundus.
2670 5040 2785 5114 Vox
2810 5040 3072 5114 sciendum
3092 5041 3243 5098 abest
3269 5058 3298 5098 a
3321 5045 3505 5114 vulga_

1925 5127 2014 5181 tis.
2039 5123 2162 5177 Mox
2189 5118 2342 5174 Colb.
2375 5112 2663 5175 secundus,
2695 5111 2980 5165 videntibus
3001 5111 3384 5168 demonstratur
3398 5111 3502 5180 {et

1925 5196 1998 5251 ita
2021 5205 2237 5263 quoque
2269 5187 2526 5263 scriptum
2558 5183 2859 5263 invertimus
2883 5182 2938 5263 in
2966 5191 3152 5263 nostro
3180 5183 3384 5263 codice,
3403 5185 3502 5263 sed

1922 5251 2166 5322 secunda
2181 5274 2342 5315 manu
2370 5251 2648 5311 duntaxat.
2682 5251 2843 5320 Editi,
2871 5252 3148 5307 visentibus
3179 5251 3501 5307 demonstra-

1881 5377 1891 5380 —
1923 5346 2024 5390 tur.

1996 5388 2022 5453 ἐ
2051 5402 2224 5467 Editi,
2254 5399 2608 5454 architectura:
2635 5404 2685 5449 et
2724 5397 2804 5449 his
2833 5393 3096 5472 simil-ium.
3127 5388 3279 5446 Colb.
3312 5407 3501 5472 secuq-

1922 5476 2042 5540 dus,
2065 5461 2423 5528 architectura:
2441 5479 2491 5540 et
2519 5479 2733 5540 tectura:
2759 5473 2808 5540 et
2835 5465 2901 5516 iis
2929 5461 3202 5540 similium:
3232 5465 3502 5540 quzescri.

1922 5533 2081 5617 ptura
2117 5543 2401 5617 quin_ver_a
2445 5539 2514 5594 sit
2551 5535 2781 5617 dubitari
2811 5547 2918 5617 non
2948 5537 3162 5600 potest,
3195 5547 3318 5588 cum
3348 5533 3497 5603 lega.

1925 5608 2044 5684 inus
2067 5608 2204 5684 aplld
2235 5608 2949 5684 Basilium,‘miﬂdpgm¢xis-_
3080 5680 3089 5684 _
3123 5671 3159 5684 Α
3200 5672 3234 5684 __
3583 5679 3585 5681 ι

1995 5683 2021 5723 ιι
2051 5671 2211 5747 Editi,
2247 5684 2408 5752 fertur
2439 5671 2595 5732 enim.
2621 5671 2820 5752 Codex
2828 5678 3018 5752 noster
3041 5680 3101 5752 et_
3120 5671 3500 5752 Colb._sec_un-

1920 5755 2041 5820 dus,
2067 5742 2256 5824 ferunt:
2284 5751 2567 5816 Aliquanto
2587 5752 2708 5814 post
2728 5744 2878 5798 Colb.
2904 5742 3190 5804 secundus,
3215 5742 3290 5796 vel
3307 5761 3369 5798 ea?
3391 5746 3501 5800 lucc

1926 5825 2260 5894 rplendorcm.

3138 5903 3216 5963 28

3315 5967 3350 5995 ο
