4110 6336
2030 352 2394 414 EUSTATHII

3765 354 3879 417 8‘16

580 481 867 554 morem.
892 475 1094 534 Volens
1114 476 1295 544 itaque
1322 469 1625 541 hnjusmodi
1652 484 1893 524 errorem
1914 466 2178 540 propheta
2206 465 2256 527 Α
2282 465 2374 535 qui
2397 464 2616 519 minime
2635 463 2828 519 fortem
2840 474 3198 536 crassumque
3219 473 3465 520 naturam
3495 467 3549 520 in
3574 467 3701 523 ereti
3722 482 3879 524 eum.

582 575 883 643 corrigere,
913 571 1018 626 hac
1055 569 1343 624 verborum
1380 563 1677 621 subtilitate
1718 562 1901 634 potius
1940 577 2068 617 usus
2094 566 2177 615 est

583 667 774 724 dicens
806 682 821 720 :
854 662 923 721 In
949 661 1204 735 principio
1249 661 1370 734 fecit
1417 658 1580 724 Deus,
1614 657 1666 712 id
1711 665 1792 712 est
1821 671 1929 711 non
1958 668 2197 710 causam.

583 759 833 831 praestitit
851 762 911 813 ut
931 762 1079 813 esset
1096 754 1288 819 solum,
1322 751 1416 808 sed
1448 752 1568 824 fecit
1600 759 1658 804 ut
1680 751 1860 806 bonus
1886 747 2090 810 utilem,
2116 752 2177 800 ut

572 853 796 924 sapiens
823 849 1117 921 optimum,
1164 854 1220 901 ut
1264 854 1460 915 potens
1506 843 1817 897 maximum.
1848 838 1984 894 Cum
2029 839 2173 892 enim

580 943 711 1000 dicit
736 961 749 996 :
782 941 921 1010 Quia
950 939 1094 1003 fecit,
1125 936 1412 1008 quemdam
1442 936 1560 990 sine
1580 933 1744 989 dubio
1772 932 2013 987 declarat
2041 929 2175 984 arti—

581 1032 760 1102 ﬁcem,
785 1030 1231 1102 quisingulorum
1254 1026 1648 1096 compositione
1669 1023 2056 1085 membrorum,
2076 1035 2177 1092 per

579 1125 762 1180 omnia
790 1121 1203 1178 convenientem
1250 1118 1465 1173 sibimet
1494 1125 1549 1172 et
1577 1129 1871 1183 congruum
1920 1113 2174 1167 formavit

577 1215 855 1270 mundum.
892 1212 956 1267 In
987 1212 1242 1283 principio
1282 1210 1401 1281 fecit
1449 1208 1588 1263 Deus
1634 1206 1815 1261 cretum
1863 1215 1925 1260 et
1957 1214 2169 1258 terram.

576 1304 658 1360 Ex
704 1304 915 1359 duobus
965 1303 1126 1371 igitur
1172 1300 1527 1356 summatibus
1576 1299 1879 1365 elementis,
1930 1297 2179 1352 omnium-

576 1397 937 1454 substantiam
992 1396 1236 1464 designat
1285 1406 1309 1429 ιί
1351 1399 1730 1449 exstructam:
1763 1390 1898 1445 ctelo
1952 1388 2168 1459 quidem

574 1489 855 1561 privilegia
887 1487 1133 1557 digniora
1164 1485 1529 1549 contribueris,
1565 1492 1764 1538 terram
1808 1497 1936 1536 vero
1978 1481 2033 1535 in
2078 1496 2168 1535 se-

574 1581 752 1638 cundo
774 1588 1144 1637 creaturarum
1175 1579 1297 1634 loco
1325 1577 1662 1633 constituens
1687 1592 1700 1641 ;
1734 1582 1789 1630 et
1808 1575 1853 1631 si
1876 1574 2002 1645 quid
2033 1573 2168 1628 alius

573 1680 656 1728 est
682 1672 937 1737 medium,
969 1685 1089 1726 cum
1133 1669 1517 1740 principalibus
1560 1667 1679 1723 istis
1721 1681 1825 1721 una
1868 1665 2169 1737 perfectum

572 1772 675 1819 est.
701 1763 778 1817 Ita
806 1762 1050 1833 quamvis
1077 1760 1211 1815 nihil
1240 1760 1306 1815 de
1336 1774 1479 1825 aere,
1513 1759 1598 1813 vel
1630 1760 1771 1827 igne,
1802 1758 1889 1812 vel
1918 1771 2054 1827 aqua
2080 1756 2166 1810 di-

2282 555 2551 625 positione
2574 555 2867 611 substituit.
2899 554 2977 611 De
3003 556 3278 612 schemate
3292 556 3462 611 etiam
3486 556 3611 626 ejus
3642 560 3773 613 satis
3810 560 3882 614 ab

2279 661 2351 705 ea
2374 648 2713 715 dictum-est,
2747 663 2869 704 eum
2899 646 3293 717 gloriﬁcatione
3322 648 3436 704 Dei.
3466 646 3596 713 Quis
3626 651 3881 705 stabilirit

2278 739 2479 806 cretum,
2519 749 2577 794 ut
2617 754 2877 795 cameram
2914 738 3071 810 (Isai.
3102 756 3192 808 XL,
3222 738 3356 812 ‘22)?
3383 738 3783 797 Eademetlam
3810 742 3885 799 de

2278 839 2425 888 terra
2448 834 2639 888 sentiri
2667 832 2953 888 suademus
2987 851 2999 886 :
3047 833 3270 888 minime
3295 833 3553 889 videlicet
3575 834 3884 891 discutien-

2279 933 2361 981 tes
2389 925 2564 994 qualis
2600 926 2673 980 sit
2704 924 2819 994 ejus
2845 925 3144 980 substantia
3163 964 3178 988 ,
3203 939 3303 980 nec
3323 922 3599 981 conficere.
3626 940 3646 968 τε
3671 943 3772 981 nos
3795 945 3888 983 co-

2276 1017 2624 1087 gitationibus
2678 1016 3081 1087 perscrutantes
3127 1017 3256 1088 quid
3298 1017 3363 1072 ei
3410 1018 3721 1087 subiaceat,
3781 1036 3885 1076 nec

2276 1112 2503 1165 scrutari
2533 1119 2782 1166 naturam
2810 1110 3163 1179 qualitatibus
3187 1124 3413 1165 vacuam
3454 1118 3519 1164 ett
3550 1111 3885 1178 informem,

2275 1201 2368 1257 sed
2400 1208 2605 1257 tantum
2635 1202 2775 1257 scire
2807 1218 2907 1257 nos
2934 1201 3208 1267 convenit,
3241 1202 3366 1272 quia
3390 1202 3573 1257 omnia
3597 1218 3719 1273 qum
3746 1219 3881 1273 erga

2274 1303 2473 1350 terram
2516 1295 2776 1359 videmus,
2828 1295 2896 1350 ad
2933 1295 3038 1351 hoc
3073 1295 3249 1350 solum
3290 1302 3350 1350 ut
3389 1304 3575 1353 essent
3623 1296 3887 1351 ordinata

2274 1394 2416 1451 sunt,
2444 1387 2640 1456 quibus
2659 1387 2821 1442 rebus
2849 1386 3151 1442 substantia
3180 1387 3570 1457 compleretur.
3595 1386 3790 1456 Itaque
3813 1367 3888 1443 ad

2274 1480 2479 1536 nullum
2512 1481 2795 1551 pervenies
2825 1480 3134 1545 terminum,
3163 1481 3210 1535 si
3237 1480 3476 1549 singulas
3504 1480 3622 1550 ejus
3651 1481 3884 1549 qualita-

2271 1580 2353 1628 tes
2384 1572 2633 1645 persequi
2662 1587 2914 1628 sermone
2949 1572 3262 1627 tentaveris.
3292 1570 3356 1627 Si
3380 1572 3524 1627 enim
3549 1572 3883 1629 discreverit

2272 1665 2389 1735 ejus
2418 1666 2707 1735 nigrorem,
2740 1664 2760 1703 τ
2792 1664 3156 1734 frigiditatem,
3181 1663 3597 1733 gravitudinem,
3630 1666 3879 1721 densita-

2273 1765 2402 1827 tem,
2426 1764 2481 1812 et
2510 1768 2603 1811 eas
2624 1756 2912 1827 qualitates
2930 1772 3050 1826 qua:
3078 1771 3273 1827 sapore
3302 1764 3490 1827 gustus
3512 1758 3879 1828 comprehem

571 1858 715 1913 ctum
740 1856 810 1910 sit
841 1874 853 1908 :
886 1866 941 1909 te
968 1863 1151 1909 tamen
1181 1852 1467 1924 prudentia
1497 1852 1713 1922 propria
1736 1865 1959 1906 necesse
1988 1857 2069 1904 est
2092 1848 2167 1902 in-
2198 1855 2243 1917 η
2268 1850 2450 1906 sibiles
2478 1846 2765 1915 habentur,
2797 1848 2930 1904 nihil
2960 1851 3063 1905 erit
3088 1849 3307 1920 penitus
3342 1849 3491 1919 quod
3521 1849 3699 1905 telluri
3744 1852 3875 1906 δοὺς

567 1947 829 2017 telligere.
864 1944 1046 2001 Primo
1066 1946 1306 2017 quidem,
1331 1945 1456 2013 quia
1478 1943 1658 1998 omnia
1691 1942 1744 1997 in
1773 1942 2022 1997 omnibus
2040 1950 2166 1997 sunt

566 2040 855 2114 permixta.
888 2039 1168 2110 Siquidem
1198 2053 1413 2109 aquam,
1446 2044 1500 2092 et
1526 2051 1728 2104 aerem,
1752 2044 1806 2091 et
1845 2037 2020 2105 ignem
2050 2043 2162 2090 ter-

565 2148 641 2189 ra?
663 2133 937 2188 cohmrere
965 2131 1325 2187 certissimum
1354 2138 1437 2183 est
1462 2147 1474 2183 :
1514 2144 1639 2183 nam
1656 2135 1715 2183 et
1743 2144 1809 2183 ex
1840 2128 1982 2183 ferro
2011 2134 2065 2182 et
2095 2140 2163 2181 ex

567 2223 834 2295 lapidibus
862 2223 999 2292 ignis
1039 2237 1138 2293 per
1166 2220 1192 2259 δ
1236 2220 1575 2277 fricationem
1605 2221 1743 2276 solet
1784 2221 1961 2275 excuti
1990 2221 2011 2272 ‘:
2044 2235 2163 2290 qum

564 2318 755 2387 utique
784 2317 852 2372 de
882 2316 1073 2370 tellure
1097 2322 1409 2370 nascuntur.
1442 2311 1511 2367 Et
1538 2322 1622 2369 est
1651 2313 1843 2367 mirum
1889 2311 2162 2381 quomodo

565 2409 693 2464 dum
737 2410 790 2463 in
820 2408 1132 2463 memoratis
1180 2407 1424 2460 abstrusa
1464 2412 1546 2459 est
1583 2404 1815 2467 flamma,
1846 2404 2164 2473 corporibus

565 2499 797 2554 habetur
826 2499 1064 2563 innoxia,
1098 2513 1218 2552 cum
1246 2512 1378 2551 vero
1409 2497 1568 2551 fuerit
1596 2496 1932 2550 extrinsecus
1960 2495 2156 2560 elicita,

566 2590 793 2645 devorat
821 2604 940 2644 eam
970 2589 1251 2643 materiam
1274 2590 1325 2642 in
1352 2603 1457 2657 qna
1479 2587 1654 2642 fuerat
1674 2586 1963 2641 custodita.
1989 2587 2163 2655 Aqua-

561 2699 686 2739 rum
729 2698 947 2754 quoque
994 2692 1241 2738 naturam
1290 2684 1439 2738 venis
1483 2682 1705 2737 subesse
1751 2691 2015 2736 terrarum
2048 2683 2158 2736 fos-

562 2792 715 2833 sores
743 2777 981 2833 indicant
1010 2780 1298 2847 puteorum
1334 2795 1345 2829 :
1377 2776 1571 2846 quibus
1621 2776 1785 2831 etiam
1829 2790 2007 2829 aerem
2038 2789 2159 2830 esse

559 2870 886 2942 permixtum
929 2885 995 2924 ex
1037 2885 1103 2925 eo
1145 2868 1499 2938 cognoscere
1525 2884 1833 2939 possumus,
1864 2866 2007 2939 quod
2036 2881 2169 2922 cum'

558 2960 723 3016 fuerit
750 2962 1061 3017 humectata‘
1087 2960 1264 3026 tellus,
1292 2968 1347 3016 et
1370 2962 1685 3031 temperiem
1708 2960 1836 3014 solis
1865 2960 2153 3030 acceperit,

559 3068 689 3107 mox
709 3067 939 3124 vapores
963 3052 1183 3107 exhalat
1211 3050 1560 3120 largissimus.
1588 3050 1791 3106 Deinde
1820 3050 1862 3105 si
1894 3049 2155 3105 naturali-

558 3153 647 3198 ter
674 3144 857 3199 sedem
879 3140 1213 3213 superiorem
1244 3143 1440 3197 coelum
1460 3144 1707 3198 sortitum
1730 3150 1831 3208 est,
1859 3151 2004 3197 terra
2022 3158 2154 3196 vero

2263 1944 2463 2014 jaceat.
2488 1943 2614 1998 Haec
2644 1943 2806 2012 igitur
2832 1943 3171 2019 eminentes,
3190 1958 3290 1998 nec
3318 1940 3461 1998 illud
3482 1943 3757 1998 hortamur
3779 1944 3864 1998 in-

2270 2037 2433 2107 quiri,
2458 2052 2622 2107 super
2652 2036 2780 2107 quid
2810 2037 2880 2091 sit
2909 2044 3050 2091 terra
3082 2034 3311 2090 firmata.
3339 2034 3699 2105 Torquebitur
3719 2038 3865 2094 enim

2268 2144 2420 2184 mens
2449 2130 2515 2184 ad
2546 2130 2746 2184 nullum
2777 2136 2982 2185 certum
3019 2130 3224 2184 exitum
3256 2126 3613 2199 perveniente
3656 2129 3868 2184 discuro

2266 2223 2432 2278 sionis
2460 2222 2727 2291 indagine.
2750 2216 2875 2277 Sive
2901 2222 3045 2277 enim
3069 2237 3249 2277 aerem
3275 2222 3477 2278 dixeris
3507 2223 3629 2293 ejus
3648 2225 3869 2280 subesse

2264 2314 2563 2371 fundamini
2601 2333 2612 2370 :
2642 2317 2885 2386 profecto
2916 2313 3136 2388 deﬁcies
3165 2314 3478 2386 cogitando,
3507 2319 3867 2388 quemadmo-

2265 2407 2391 2462 dum
2420 2408 2622 2479 liquida
2649 2415 2703 2463 et
2726 2406 2917 2464 diil'usa
2939 2414 3151 2473 natura,
3186 2416 3338 2463 tanto
3369 2409 3616 2479 pondere
3645 2410 3861 2480 depres-

2221 2488 2323 2555 ‘sa
2378 2499 2615 2555 substitit
2661 2515 2723 2554 ac
2772 2514 2880 2554 non
2933 2500 3112 2570 potius
3163 2498 3407 2555 labitur:
3442 2500 3687 2570 undique
3718 2510 3864 2557 terra:

2262 2592 2547 2661 diilhgiens
2594 2593 2938 2653 densitatem,
2993 2608 3057 2649 ac
3104 2602 3321 2664 semper
3367 2594 3705 2649 eminentior
3750 2610 3857 2650 cum

2263 2696 2541 2755 premente
2569 2685 2888 2740 consistens.
2918 2684 3074 2752 Quod
3108 2684 3151 2740 si
3183 2698 3379 2754 aquam
3410 2687 3666 2755 posueris
3696 2664 3859 2741 terre:

2262 2792 2345 2831 nae
2364 2776 2642 2832 stabilitati
2664 2791 2784 2832 esse
2806 2775 3100 2841 subditam,
3142 2775 3498 2831 nihilominus
3522 2777 3853 2846 percunctari

2268 2885 2490 2926 necesse
2522 2879 2625 2936 est,
2650 2870 2925 2941 quomodo
2975 2870 3148 2925 moles
3192 2879 3301 2924 tam
3339 2871 3524 2938 gravis
3571 2880 3622 2925 et
3662 2873 3843 2941 spissa,

2261 2961 2484 3017 minime
2513 2962 2613 3017 sub
2643 2978 2780 3032 aqua
2821 2962 3172 3031 demergitnr,
3202 2961 3299 3018 sed
3340 2950 3408 3017 ab
3440 2961 3719 3018 inﬁrmiore
3746 2978 3838 3017 na-

2262 3064 2399 3123 tura,
2441 3056 2768 3127 superjectio
2812 3058 2947 3111 tanti
2978 3056 3233 3126 ponderis
3261 3064 3617 3112 sustentatur.
3653 3055 3715 3112 Si
3733 3057 3844 3127 qni-

2260 3146 2381 3202 dem
2411 3148 2577 3218 ipsius
2605 3150 2765 3203 etiam
2797 3164 2948 3220 aqum
2990 3147 3335 3203 fundamenta
3368 3149 3664 3217 qumrenda
3710 3156 3852 3212 sunt,

557 3234 793 3293 habetnr
818 3234 1073 3304 inferior;
1104 3235 1173 3291 ob
1218 3235 1323 3293 hoc
1348 3237 1473 3306 quia
1502 3252 1621 3306 qua:
1665 3236 1865 3291 leviora
1908 3226 2155 3292 sunt‘fe-
2182 3236 2228 3298 C
2262 3249 2317 3295 et
2373 3242 2567 3296 iterum
2617 3240 2970 3296 deﬁciendum
3020 3249 3102 3296 est
3153 3257 3276 3296 cum
3337 3243 3582 3297 invenire
3630 3243 3860 3298 volueris

556 3337 751 3386 rtmtur
773 3328 842 3385 ad
871 3326 1084 3394 cmlum,
1110 3342 1230 3397 qum
1260 3334 1441 3383 autem
1468 3339 1488 3366 ε
1521 3327 1703 3396 gravia
1734 3335 1857 3381 sunt
1877 3326 2154 3382 devehun-

556 3433 648 3478 tur
673 3421 742 3477 ad
783 3430 1001 3477 terram.
1047 3419 1333 3475 Contraria
1364 3427 1547 3475 autem
1577 3419 1675 3474 sibi
1708 3427 1833 3472 sunt
1863 3417 2070 3472 inferna
2100 3427 2155 3473 et

556 3530 809 3588 superna.
857 3512 1001 3581 Quid
1041 3512 1327 3569 dicendum
1369 3520 1471 3579 est,
1504 3512 1607 3567 nisi
1656 3513 1779 3581 quia
1819 3511 1907 3566 ille
1936 3513 2027 3581 qui
2066 3527 2154 3565 res

556 3607 1003 3677 disjunctissimas
1048 3609 1301 3679 praecepti
1350 3608 1610 3663 societate
1640 3607 1937 3677 conjunxit,
1990 3608 2153 3661 etiam

557 3714 767 3771 ea-qua:
790 3698 998 3754 medius
1017 3699 1296 3767 utriusque
1330 3699 1580 3754 elementi
1612 3699 1760 3753 locus
1790 3698 2147 3767 amplectitur,

556 3806 658 3847 suo
705 3790 1035 3861 dispensavit
1081 3788 1340 3844 arbitrio?
1380 3787 1496 3843 Non
1527 3803 1654 3857 ergo
1684 3804 1895 3857 qumras
1933 3788 2000 3843 de
2042 3790 2151 3843 sin-

555 3883 696 3954 gulis
740 3882 1025 3947 rationem,
1075 3881 1172 3936 sed
1214 3880 1302 3936 illa
1347 3894 1563 3950 quoque
1591 3895 1711 3950 quze
1748 3879 1962 3934 silentio
2009 3879 2153 3939 Scri-

553 3986 711 4049 ptura
735 3977 1015 4048 pmteriit,
1038 3989 1105 4031 ex
1125 3972 1209 4030 his
1233 3990 1353 4045 qua:
1382 3974 1553 4029 relata
1580 3973 1947 4057 suntdebcbis
1969 3972 2151 4027 adver-

554 4078 695 4126 tere.
932 4070 941 4083 ‘

625 4164 678 4220 8.
722 4164 792 4220 In
818 4166 1074 4235 principio
1104 4166 1227 4237 fecit
1251 4163 1394 4218 Deus
1423 4163 1605 4217 emtum
1650 4173 1699 4217 et
1735 4172 1947 4217 terram.
1981 4162 2147 4231 Igitur

551 4264 771 4311 terrena
798 4255 1116 4318 substantia,
1150 4263 1206 4310 et
1235 4256 1510 4324 inquisitio
1539 4255 1871 4323 singulorum
1901 4270 2019 4324 qum
2048 4272 2145 4309 no-

550 4348 682 4408 stris
709 4348 955 4404 sensibus
975 4348 1216 4418 exposita
1232 4354 1376 4414 sunt,
1403 4356 1513 4401 tam
1536 4348 1751 4415 longum
1776 4348 1930 4402 nobis
1946 4347 2150 4402 faciunt

552 4439 880 4498 narrationis
903 4436 1144 4505 aii‘atnm,
1176 4447 1235 4494 ut
1263 4438 1434 4493 multo
1461 4439 1645 4510 plures
1665 4453 1943 4494 sermones
1972 4440 2022 4493 in
2053 4439 2149 4494 hn-

549 4531 787 4605 iusmodi
827 4532 1228 4588 examinatidne
1256 4531 1554 4586 disserendi
1598 4532 1723 4597 sint,
1756 4546 1915 4600 quam
1947 4533 1999 4587 in
2042 4550 2146 4588 ca)-

2260 3349 2368 3403 quo
2399 3332 2672 3389 fulcimine
2707 3334 2998 3389 resistente
3046 3332 3240 3388 fundus
3280 3333 3501 3388 ultimus
3529 3335 3869 3415 continetur.

2328 3425 2382 3480 9.
2414 3425 2507 3481 Sin
2535 3433 2715 3480 autem
2759 3425 2903 3480 aliud
2933 3424 3205 3496 quoddam
3245 3423 3475 3479 validius
3509 3440 3634 3479 esse
3662 3440 3865 3495 corpus

2258 3518 2571 3586 induxeris,
2617 3518 2761 3588 quod
2790 3526 2993 3574 terram
3039 3517 3327 3588 prohibeat
3367 3517 3433 3571 ad
3472 3517 3580 3572 ima
3626 3518 3869 3574 descen-

2255 3613 2383 3667 dere
2428 3631 2441 3665 :
2488 3613 2726 3681 cogitare
2769 3610 2992 3666 debebis
3034 3609 3163 3664 illud
3205 3625 3419 3679 quoque
3466 3611 3641 3680 ipsum
3691 3612 3869 3665 simili

2257 3701 2534 3757 fundatum
2565 3701 2842 3772 repagulo,
2873 3699 3019 3771 quod
3050 3716 3156 3755 non
3193 3700 3330 3754 sinat
3350 3699 3566 3753 inferius
3593 3698 3866 3755 decidere

2255 3810 2374 3863 qua:
2395 3802 2698 3865 portantur.
2726 3791 2860 3848 Huic
2882 3806 3100 3861 quoque
3121 3791 3241 3861 ipsi,
3263 3790 3305 3845 si
3323 3789 3445 3859 quid
3464 3788 3863 3859 confingentes

2255 3886 2593 3957 potuerimus
2641 3899 2957 3961 opponere,
3008 3884 3187 3939 denuo
3222 3881 3357 3938 aliud
3400 3883 3621 3937 subesse
3662 3884 3873 3938 muni-

2254 3993 2377 4032 men
2415 3996 2426 4030 :
2464 3976 2777 4032 necessario
2800 3976 3104 4031 discursum
3131 3984 3217 4031 est
3244 3989 3417 4043 mens,
3447 3983 3502 4029 et
3527 3974 3606 4028 ita
3634 3974 3699 4029 in
3732 3975 3876 4030 inﬁ-

2254 4073 2426 4127 nitum
2471 4071 2801 4141 cogitatione
2829 4069 3125 4139 docemur,
3156 4084 3375 4140 semper
3417 4068 3499 4123 bis
3539 4084 3667 4137 quae
3712 4069 3882 4126 iuve—

2253 4164 2476 4219 niuntur
2505 4162 2873 4229 ﬁrmamentis,
2907 4162 3019 4216 alia‘
3043 4176 3181 4217 nova
3203 4168 3525 4231 quaerentes.
3557 4159 3627 4214 Et
3650 4172 3884 4231 quanto

2253 4256 2464 4324 longius
2492 4269 2744 4311 sermone
2774 4254 3170 4325 progredimur,
3202 4260 3360 4307 tanto
3393 4253 3569 4320 magis
3597 4255 3885 4311 virtutem

2251 4348 2684 4406 sustentatricem
2711 4359 2869 4405 terra:
2890 4347 3250 4418 superducere
3271 4346 3675 4417 compellemur
3708 4367 3724 4402 :
3757 4365 3887 4420 qua:

2251 4444 2413 4499 simul
2451 4444 2632 4499 omnia
2680 4458 2800 4512 quae
2836 4442 3143 4512 superiecta
3182 4446 3307 4494 sunt
3335 4440 3515 4494 valeat
3560 4450 3588 4487 ες
3645 4451 3891 4499 susten-

2251 4544 2387 4591 tare.
2438 4534 2735 4606 PrOpterea
2774 4532 3135 4603 disquisitioni
3184 4541 3358 4586 metas
3404 4530 3647 4587 debebis
3704 4535 3891 4606 impo~

498 4633 505 4639 '
547 4625 684 4682 teris
729 4624 981 4681 omnibus
1018 4638 1138 4694 qua:
1166 4622 1424 4693 explicari
1452 4623 1705 4693 possibile
1735 4631 1835 4678 est.
1859 4623 1936 4678 De
1957 4636 2062 4693 qua
2090 4641 2149 4680 re
2176 4614 2233 4675 Π
2255 4645 2384 4686 nere
2410 4648 2422 4682 :
2444 4646 2511 4685 ne
2531 4628 2852 4699 quandoque
2868 4625 3166 4681 enriositati
3197 4637 3324 4693 tuae,
3351 4624 3514 4679 nimis
3540 4625 3891 4700 incompre-

546 4718 697 4775 nulla
711 4719 926 4790 penitus
949 4715 1305 4774 commoditas
1326 4713 1651 4772 aedificanda:
1675 4715 1948 4771 confertur
1958 4714 2145 4772 Eccle-

547 4811 660 4877 siae,
691 4811 789 4869 sed
816 4826 979 4881 super
998 4811 1123 4866 οωιί
1140 4809 1359 4880 quidem
1389 4818 1578 4865 natura
1604 4811 1855 4865 contenti
1873 4811 2040 4877 simus
2061 4812 2144 4867 his

547 4917 668 4973 quae
712 4904 897 4959 retulit
923 4904 1110 4972 Isaias,
1153 4903 1245 4974 qui
1274 4903 1451 4959 verbis
1476 4919 1606 4959 usus
1630 4904 1964 4973 simplicibus
1987 4903 2142 4960 sum-

548 4995 787 5050 cientem
825 4996 983 5053 nobis
1025 4994 1094 5053 de
1134 5010 1201 5052 eo
1228 4994 1501 5065 perhibuit
1530 4994 1862 5051 intellectum
1909 4994 2094 5052 dicens
2127 5016 2174 5050 τι

550 5084 652 5150 Qui
682 5086 913 5157 ﬁrmavit
937 5086 1117 5141 cretum
1147 5083 1171 5122 ά
1201 5087 1334 5141 sicut
1357 5088 1554 5158 fumum
1584 5085 1739 5158 (Isai.
1763 5104 1842 5153 LI,
1867 5087 1934 5158 6)
1953 5130 1969 5156 ,
1992 5089 2040 5143 id
2062 5099 2146 5146 est

619 5232 645 5261 α
676 5218 1554 5297 Editi,_desiguat__e.astructuram.
1598 5223 1816 5295 Antiqui
1857 5227 1999 5297 libri,
2047 5247 2142 5285 ea:-

546 5302 819 5348 structam.
852 5292 1046 5348 Statitn
1074 5293 1222 5359 editi,
1267 5301 1456 5348 terram
1494 5312 1609 5349 vero
1648 5292 1873 5353 secando
1903 5300 1956 5354 in
1987 5292 2141 5356 erea-

550 5372 668 5418 tura
692 5365 824 5421 loco.
857 5363 1012 5421 Colb.
1037 5365 1304 5422 sewndus
1332 5372 1390 5429 ut
1417 5366 1472 5420 in
1496 5374 1774 5423 contextu.

621 5434 650 5516 ἐξ
676 5433 839 5503 Editi,
860 5452 952 5506 per
973 5438 1286 5508 frictionem.
1311 5436 1387 5499 At
1403 5437 1575 5493 nostri
1604 5446 1715 5494 tres
1741 5454 1894 5508 mss.,
1926 5460 2019 5512 per
2039 5444 2140 5516 fri-

464 5496 475 5507 ’
547 5507 824 5561 eatimtem.

624 5589 646 5655 ξ
677 5575 824 5655 I_.i_br_i
853 5586 1083 5655 veteres,
1115 5582 1313 5653 gravia.
1347 5579 1508 5649 Editi,
1549 5583 1811 5655 graviora.

622 5647 647 5685 ἀ
676 5648 816 5724 Editi
848 5657 905 5724 et
929 5650 1036 5707 duo
1064 5647 1215 5713 mss"
1241 5668 1395 5724 super
1424 5647 1643 5724 famam,
1674 5654 1833 5708 male.
1867 5658 1935 5709 At
1972 5655 2127 5713 Colb.

550 5720 834 5792 secundus,
860 5721 990 5773 sicut
1022 5724 1234 5792 fumum,
1263 5720 1432 5778 bene.
1452 5724 1510 5779 lu
1536 5723 1744 5789 Gnaeo,
1777 5729 1898 5780 ὡσεὶ
1922 5731 2126 5782 καπνόν.

627 5800 649 5825 ο
672 5788 823 5843 Colb.
855 5788 1265 5865 secundus,nec
1287 5796 1547 5862 conﬁdere
1576 5812 1668 5849 nos
1694 5788 2089 5865 regitatiouibus
2115 5816 2128 5851 :

552 5874 660 5928 quo
698 5861 978 5930 exemplo,
1016 5871 1073 5915 ut
1102 5863 1218 5915 aliis
1249 5861 1445 5931 Inultis,
1473 5866 1653 5933 palam
1682 5861 1775 5921 est
1795 5874 1961 5921 totam
1992 5884 2130 5933 saepe

766 5954 789 5975 Ο

2252 4721 2533 4777 hensibilia
2567 4716 2968 4790 pertractancti,
3009 4717 3232 4771 verbum
3280 4713 3384 4771 Job
3412 4716 3692 4774 videatur
3743 4723 3895 4775 obsi-

2253 4824 2417 4880 stere,
2442 4821 2497 4868 et
2527 4812 2873 4880 interrogeris
2893 4828 3045 4882 super
3068 4809 3191 4891 quid
3212 4810 3394 4863 circuli
3411 4810 3531 4881 ejus
3562 4812 3748 4883 inﬁxi
3773 4825 3896 4870 διατι

2255 4907 2393 4979 (Job.
2430 4922 2650 4970 xxxvm,
2684 4906 2761 4975 6).
2804 4904 2907 4958 Sed
2936 4911 2989 4957 et
3018 4904 3063 4957 si
3088 4919 3324 4973 unquam
3349 4903 3402 4956 in
3430 4903 3675 4973 psalmo
3708 4910 3897 4962 audie-

2253 5002 2375 5056 ris:
2422 4998 2536 5071 Ego
2576 4996 2883 5068 conﬁrmari
2930 4995 3199 5049 columnas
3244 4995 3356 5065 ejus
3405 4992 3599 5064 (Paul.
3658 5015 3778 5065 Liv,
3822 4999 3898 5070 ἐξ,

2256 5088 2698 5162 compositoriam
2728 5085 2971 5158 profecto
3001 5086 3254 5140 virtutem
3287 5085 3423 5154 ejus,
3458 5087 3787 5147 columnas
3820 5094 3899 5147 in-

2254 5231 2360 5288 loci
2406 5229 2634 5301 alicujus
2680 5228 3003 5301 sententiam
3045 5226 3347 5301 mutatione
3392 5226 3570 5285 unius
3623 5231 3899 5290 litterata

2249 5299 2821 5377 corrumpitiBasilius,
2846 5299 3398 5377 pudézamrpié’eaeat
3419 5307 3539 5361 τοῖς
3570 5302 3795 5377 ᾈογιομ
3830 5317 3899 5365 ες.

2249 5368 2491 5445 διώξῃ(ᾘᾷ
2517 5374 2655 5445 idem
2686 5368 2878 5445 Getici,
2910 5369 3092 5442 quibus
3120 5368 3291 5445 rerum
3313 5368 3665 5445 substantia;

2327 5438 2539 5516 ti'Editi,
2579 5438 2939 5516 frigidarium,
2967 5438 3404 5516 magnitudinem.
3432 5440 3657 5516 Codex
3702 5458 3896 5504 noster

2245 5526 2302 5571 et
2329 5514 2482 5570 Colb.
2527 5512 3213 5639 secu'ndus,£igidilalem,
3261 5512 3708 5583 gravitudiuem,
3756 5518 3896 5578 bene

2245 5586 2500 5639 Basilius.
2534 5586 2593 5639 τὸ
2636 5588 2789 5639 ϐαθύ.
2908 5582 2978 5638 ud
3007 5584 3169 5639 longe
3195 5579 3351 5637 Colb.
3384 5587 3701 5639 secundm
3724 5635 3739 5639 -
3790 5592 3893 5639 Δίς.

2245 5586 2500 5668 Basilius,
2529 5586 2614 5668 πρὸ.
3007 5579 3175 5668 longe
3384 5579 3742 5659 secundus,
3790 5592 3893 5647 dis.

2241 5657 2499 5740 euasionis
2524 5653 2792 5728 indagine.
2835 5653 3077 5711 Subinde
3106 5653 3273 5709 nostri
3316 5661 3427 5708 tres
3456 5670 3649 5726 11153.,
3693 5653 3893 5735 prope.

2241 5737 2405 5784 sueris
2436 5737 2669 5782 terrenw.

2318 5811 2338 5843 ιι
2360 5799 2523 5873 Colb.
2559 5797 2856 5863 secundus,
2889 5796 3055 5851 caleat
3093 5795 3420 5863 subvectare,
3452 5812 3781 5873 prapterea
3810 5810 3920 5873 ἕπε,

2238 5872 2367 5933 quisi
2375 5870 2499 5926 tiom’
2528 5878 2711 5925 metas.
