4110 6336
1811 351 1835 362 ο
1914 349 2041 362 μον-Α

215 420 306 499 877

1200 444 1591 501 HEXAEMERI
1632 444 2116 504 METAPIIRASIS
2154 446 2360 504 LIBER
2392 449 2433 505 l.

2077 366 2080 368 η
2119 349 2391 391 ‘,~§‘v~o

3377 451 3483 509 878

214 558 406 626 telligc.
436 557 587 625 Quod
627 567 804 614 autem
851 558 1051 614 dictum
1094 566 1220 612 est:
1260 555 1380 628 Ipse
1422 573 1576 626 super
1622 557 1789 610 maria
1819 561 1867 618 Α
1896 560 2171 611 miracula.
2239 555 2423 626 Neque
2477 558 2620 612 enim
2684 558 2958 631 minuetur
3012 573 3197 619 rerum
3251 556 3483 628 dignitas

214 650 441 722 {undavit
480 668 591 704 eum
625 648 794 721 (Paul.
832 668 981 709 χχιιι,
1017 648 1102 721 9),
1143 649 1271 719 quid
1299 648 1442 702 aliud
1482 648 1686 703 scilicet
1714 649 1790 703 si-

211 740 445 811 gniﬁcat,
477 757 635 811 quam
667 741 790 811 quia
833 742 1065 811 undique
1095 741 1282 795 orbem
1314 749 1497 803 terrm,
1531 755 1782 809 aquarum

213 842 401 887 natura
423 832 737 886 circmnl‘usa
769 831 1182 903 complectitur?
1212 830 1491 898 Quomodo
1516 844 1643 897 ergo
1669 847 1788 883 cum

211 925 278 979 sit
306 940 444 993 aqua
475 925 631 978 llmua
650 966 663 990 ,
697 940 1014 996 semperque
1043 941 1106 979 ac
1136 924 1423 979 decliviora
1463 916 1793 978 contendere

213 1014 402 1081 soleat,
431 1013 659 1083 pendula
700 1024 782 1069 est
805 1057 818 1081 ,
863 1015 999 1069 etin
1044 1024 1290 1070 neutram
1328 1013 1641 1069 ditlunditur
1671 1030 1794 1083 par-

214 1108 363 1161 tem?
392 1105 527 1160 Illud
557 1123 770 1178 quoque
808 1124 915 1162 non
943 1115 1182 1178 reputas,
1212 1107 1335 1176 quia
1369 1123 1474 1161 non
1504 1107 1791 1175 minorem,

212 1198 303 1252 sed
343 1197 506 1252 etiam
554 1199 814 1267 majorem
856 1198 1226 1253 dil‘licultatem
1277 1197 1433 1252 nobis
1478 1197 1592 1267 ipsa
1637 1195 1793 1250 tellus

213 1290 485 1360 importat,
518 1305 639 1343 cum
672 1298 820 1345 tanto
849 1291 931 1345 sui
960 1290 1197 1361 pondere
1232 1291 1423 1344 librata
1461 1298 1708 1345 teneatur
1738 1290 1793 1344 in

212 1393 356 1434 aere.
388 1377 491 1433 Sed
520 1395 740 1435 necesse
766 1389 887 1449 est,
936 1380 1049 1435 sive
1078 1396 1240 1451 super
1268 1396 1325 1435 se
1356 1380 1523 1450 ipsam
1562 1380 1793 1435 locatam

211 1490 330 1530 esse
355 1476 704 1540 concesseris,
747 1476 861 1532 sive
888 1491 1053 1546 super
1078 1489 1245 1544 aquas
1276 1488 1393 1529 eam
1425 1473 1551 1529 ferri
1592 1473 1795 1530 dixeri-

214 1582 331 1622 mus
360 1584 376 1621 :
425 1583 689 1638 nusquam
721 1584 817 1623 nos
846 1583 878 1623 a
907 1569 1124 1639 pietatis
1164 1567 1492 1635 cogitatione
1518 1567 1796 1623 discedere

212 1658 530 1723 conveniet,
562 1657 658 1713 sed
686 1659 950 1714 contineri
979 1660 1179 1714 virtute
1216 1659 1476 1714 creatoris
1505 1658 1684 1714 omnia
1716 1656 1796 1710 fa-

211 1757 436 1803 teamur.
472 1748 596 1804 llmc
625 1749 804 1818 itaque
834 1765 933 1805 nos
963 1758 1198 1820 oportet,
1237 1757 1293 1805 et
1321 1751 1481 1805 nobis
1512 1749 1643 1818 ipsis
1670 1762 1796 1805 sua-

211 1840 359 1904 dere,
389 1848 444 1893 et
472 1840 871 1895 sciscitantibus
916 1842 1005 1897 ubi
1034 1843 1103 1896 sit
1131 1843 1337 1911 ampla,
1374 1847 1428 1895 et
1470 1841 1797 1896 insustenta-

1897 646 2275 711 maximarum,
2308 647 2354 701 si
2384 664 2502 718 qua:
2530 649 2599 703 sit
2620 664 2806 704 earum
2835 644 3361 721 ratio‘detegam'us,
3392 662 3486 707 aut

1896 738 1941 791 si
1971 753 2130 792 secus
2154 738 2413 803 evenerit,
2444 738 2844 808 simplicitatem
2882 736 3005 811 ﬁdei
3026 730 3293 795 potiorem
3322 749 3484 796 caste-

1897 830 1973 884 ris
2001 830 2114 883 lieri
2143 831 2344 886 suadeo
2374 831 2733 888 documentis.
2824 824 2827 831 ⁴

1972 919 2058 975 Η.
2108 919 2184 975 De
2213 921 2350 976 coelo
2398 936 2612 993 quoque
2647 923 2693 978 si
2738 923 2928 980 eadem
2970 924 3170 980 dixeris
3200 941 3308 1002 non
3356 942 3487 997 pec.

1899 1012 2077 1093 cabis,
2112 1011 2237 1067 licet
2279 1014 2725 1085 philosophorum
2782 1015 3139 1091 multiloquax
3194 1018 3488 1091 disputatio

1905 1116 1927 1142 ι·
1990 1103 2277 1174 plurimum
2335 1121 2496 1174 super
2544 1106 2666 1161 caeli
2714 1115 2901 1162 natura
2956 1108 3291 1165 disseruerit.
3350 1109 3491 1176 Quos

1903 1209 2024 1249 rum
2053 1192 2144 1248 alii
2173 1196 2528 1265 compositum
2554 1212 2621 1251 ex
2649 1204 2881 1268 quatuor
2909 1207 3156 1254 asserunt
3184 1200 3485 1268 elementis,

1905 1282 2188 1355 ipsumque
2227 1299 2345 1339 esse
2374 1285 2713 1353 invisibilem,
2745 1296 3061 1358 partemque
3089 1288 3292 1345 habere
3334 1290 3491 1345 tellu-

1902 1377 1995 1438 ris,
2022 1385 2243 1447 propter
2268 1378 2481 1432 insitam
2510 1378 2612 1434 sibi
2638 1379 2912 1449 duritiem,
2939 1380 3141 1436 habere
3170 1382 3330 1436 etiam
3355 1381 3491 1451 ignis

1900 1469 2219 1525 societatem
2244 1511 2258 1535 ,
2303 1486 2371 1525 ex
2399 1485 2522 1539 quo.
2536 1472 2690 1542 quasi
2708 1467 3058 1543 perspicuum
3088 1480 3309 1544 putatur
3337 1490 3455 1530 esse
3473 1515 3490 1542 ,

1903 1562 2251 1618 nihilominus
2280 1564 2443 1617 etiam
2472 1563 2798 1634 reliquarum
2836 1567 3144 1635 portionum
3173 1568 3494 1639 permixtio-

1902 1668 2001 1708 nes
2028 1654 2385 1724 amplectitur.
2416 1654 2668 1710 Nonnulli
2687 1665 2887 1723 autem,
2913 1656 3221 1726 hujusmodi
3237 1659 3494 1730 opinione

1902 1753 2235 1827 contempta,
2260 1745 2505 1821 quintam
2527 1746 2812 1815 quamdam
2836 1754 3104 1812 naturam,
3130 1747 3182 1803 in
3204 1748 3326 1804 οωιί
3351 1764 3493 1804 οοωα

1906 1830 2174 1907 positione
2204 1836 2425 1907 proprio
2454 1837 2749 1893 commenti
2776 1837 3021 1904 arbitrio,
3052 1837 3444 1906 subjunxerunt
3476 1857 3490 1895 :

211 1931 331 1987 bilis
353 1938 509 1986 terrae
540 1932 824 1999 gravitudo
863 1931 1093 2001 ﬁrmata,
1125 1932 1476 2003 respondere,
1503 1932 1746 1989 dicentes
1778 1952 1791 1985 :
1830 1932 1883 1993 B
1904 1928 2098 1998 quibus
2122 1927 2331 1984 videtur
2353 1926 2376 1965 ά
2410 1944 2602 2001 corpus
2629 1928 3067 1997 :ethereum,uon
3090 1944 3185 1983 aer
3214 1944 3363 1996 esse,
3382 1945 3495 1989 non

211 2025 346 2101 Quia
376 2035 527 2083 terra:
565 2027 698 2095 ﬁnes
737 2028 791 2083 in
830 2043 987 2080 manu
1018 2035 1139 2081 sunt
1167 2024 1267 2079 Dei
1303 2024 1686 2097 (l’sal.,xcx1v,
1717 2024 1795 2097 4).

211 2118 325 2175 Hoc
370 2118 749 2182 nihilominus,
782 2119 868 2174 vel
900 2119 1055 2173 nobis
1098 2119 1167 2173 ad
1200 2116 1528 2177 credendum
1559 2134 1802 2175 commo—

211 2211 349 2277 dius,
380 2210 465 2265 vel
494 2210 921 2265 auscultantibus
950 2211 1132 2266 utilius
1156 2211 1358 2283 poteri‘t
1385 2212 1635 2266 inveniri.

284 2302 373 2357 it).
396 2301 544 2357 Licet
563 2301 782 2372 quidam
814 2301 879 2357 de
901 2302 1133 2374 physicis
1154 2303 1490 2373 philosophis
1509 2313 1535 2340 ιι
1552 2304 1643 2358 tali
1669 2320 1802 2374 qua-

194 2394 337 2449 dam
376 2392 730 2463 dispositione
769 2401 1199 2449 commententur
1238 2403 1435 2449 terram
1473 2394 1800 2451 immobilem

213 2498 550 2553 permanere.
593 2482 795 2538 Ferunt
823 2484 967 2539 enim
995 2483 1142 2554 quod
1170 2485 1225 2539 in
1267 2483 1469 2541 mundo
1497 2485 1599 2551 sita
1629 2485 1718 2553 sit,
1748 2493 1827 2549 et,

216 2577 434 2646 paribus
471 2575 704 2645 undique
732 2576 959 2635 collecta
988 2577 1197 2646 spatiis,
1226 2576 1294 2633 ad
1322 2576 1685 2647 smnmitatem
1711 2592 1803 2630 ns-

215 2684 323 2737 que
365 2683 473 2727 nou
501 2668 701 2739 habere
723 2707 738 2732 ,
773 2684 880 2739 quo
923 2669 1091 2737 magis
1119 2668 1296 2724 valeat
1343 2667 1618 2741 inclinari,
1651 2675 1705 2722 et
1733 2668 1803 2723 ob

218 2758 323 2815 hoc
350 2773 563 2830 semper
608 2759 663 2814 iu
703 2758 993 2828 semetipsa
1039 2758 1324 2827 consistit,
1366 2757 1804 2828 impossibileque

215 2863 335 2903 esse
359 2887 378 2912 ,
420 2858 479 2902 ut
507 2863 625 2903 eam
652 2848 888 2917 patiatur
923 2848 1203 2915 aequalitas
1233 2847 1602 2915 circumdata,
1637 2848 1803 2902 ullum

213 2935 458 2992 invenire
500 2944 831 2991 momentum
857 2978 874 3004 ,
924 2937 976 2990 in
1022 2936 1184 2991 alium
1227 2936 1476 2992 ﬂectendi
1516 2953 1573 2992 se
1603 2937 1797 2992 locmu.

202 3024 443 3081 Mediam
474 3034 652 3081 autem
698 3026 1004 3095 regionem,
1046 3043 1156 3081 non
1191 3024 1411 3081 fortuito
1450 3010 1536 3081 vel
1566 3034 1757 3095 sponte
1786 3042 1798 3077 :

212 3132 314 3175 nec
341 3117 527 3197 aliqua
549 3127 696 3174 sorte
724 3117 1004 3187 qumsitam
1036 3124 1219 3173 tenere
1250 3119 1495 3172 tellurem
1528 3135 1540 3171 :
1573 3119 1663 3172 sed
1695 3131 1799 3171 na-

209 3210 463 3266 turaliter
491 3211 902 3279 necessarieque
926 3211 1049 3265 situi
1071 3210 1186 3279 ejus
1212 3226 1333 3266 esse
1360 3210 1653 3266 decretam.
1682 3209 1808 3266 Ca:-

1916 2027 2058 2077 terra
2078 2060 2092 2085 ,
2138 2036 2246 2075 non
2274 2035 2443 2090 aqua,
2473 2036 2581 2075 non
2610 2020 2748 2090 ignis
2786 2036 2887 2075 nec
2915 2020 3058 2076 aliud
3105 2021 3319 2091 penitus
3344 2024 3493 2093 quod

1908 2111 2139 2181 simplex
2169 2126 2288 2166 esse
2321 2111 2596 2181 credatur,
2628 2111 2697 2167 ob
2748 2112 2851 2168 hoc
2881 2110 3154 2181 videlicet,
3182 2102 3329 2185 quod
3359 2114 3492 2168 sim-

1909 2202 2135 2272 plicibus
2163 2202 2427 2257 familiare
2475 2211 2586 2267 est,
2621 2210 2828 2256 motum
2866 2212 3078 2273 semper
3119 2201 3319 2265 habere
3348 2201 3493 2258 dire-

1905 2302 2072 2357 ctum,
2099 2308 2326 2363 quorum
2349 2293 2549 2348 leviora
2577 2307 2788 2347 sursum
2809 2308 3022 2362 semper
3042 2284 3344 2361 intendunt,
3366 2308 3491 2365 gra-

1907 2386 2059 2440 viora
2089 2402 2217 2440 vero
2246 2385 2499 2441 deorsum
2531 2385 2800 2440 labuntur.
2831 2384 2941 2440 Sed
2964 2370 3080 2441 ~nec
3117 2385 3365 2455 superior
3395 2393 3492 2441 aut
3522 2368 3525 2383 ’

1886 2477 2131 2532 inferior
2160 2493 2285 2547 pars
2314 2477 2537 2544 telluris,
2575 2488 2598 2514 θ
2628 2477 2862 2533 vertibili
2900 2486 3068 2545 motu,
3101 2477 3243 2533 idem
3272 2479 3493 2534 omnino
3526 2464 3529 2475 λ

1908 2573 1994 2627 vel
2024 2572 2274 2629 directun
2320 2587 2445 2642 erga
2488 2574 2680 2630 circuli
2720 2576 3102 2632 rotunditatem
3142 2579 3384 2634 continet
3412 2578 3495 2634 in-

1908 2663 2209 2733 tervallum.
2257 2662 2495 2731 Quorum
2524 2672 2705 2720 autem
2754 2666 3027 2723 naturales
3072 2677 3252 2727 motus
3294 2671 3493 2727 mutari

1907 2756 2101 2818 solent,
2134 2772 2320 2811 eorum
2363 2758 2527 2813 etiam
2560 2759 2848 2830 qualitates
2876 2763 3020 2831 ipsas
3048 2763 3333 2821 mutabiles
3374 2779 3495 2820 esse

1909 2862 2128 2901 necesse
2153 2855 2254 2901 cst.
2300 2845 2451 2902 Licet
2480 2864 2581 2931 nec
2609 2848 2676 2903 de
2710 2847 2814 2903 illis
2837 2850 3220 2921 principalibus
3247 2853 3495 2924 corpori-

1910 2939 2028 3004 bus,
2058 2953 2177 3007 quae
2193 2950 2455 2993 vocantur
2483 2939 2772 3007 elementa,
2803 2941 3055 3010 possibile
3086 2941 3240 2997 nobis
3266 2951 3351 2999 est
3376 2958 3496 3000 cre-

1909 3028 2037 3082 dere
2083 3027 2274 3083 cmlum
2316 3027 2480 3084 fuisse
2519 3030 2876 3101 compositum
2914 3049 2926 3084 :
2958 3031 3212 3101 quoniam
3263 3048 3327 3088 ea
3373 3049 3494 3104 qua:

1910 3134 1978 3173 ex
2009 3118 2223 3174 diversa
2266 3121 2490 3174 materia
2518 3129 2922 3188 construuntur,
2971 3122 3190 3179 minime
3219 3125 3319 3179 sibi
3358 3141 3493 3180 con-

1910 3209 2167 3276 veniunt,
2222 3225 2323 3265 nec
2350 3217 2577 3281 possunt
2604 3211 2735 3266 sine
2760 3214 2810 3266 vi
2839 3213 3015 3284 aliqua
3061 3222 3266 3270 motum
3308 3216 3495 3271 tenere

209 3302 336 3358 lesti
367 3303 510 3357 enim
540 3318 787 3373 corpore,
821 3302 1131 3357 ulteriorem
1162 3290 1216 3357 in
1246 3302 1614 3373 superioribus
1644 3310 1804 3357 nacto
1833 3297 1880 3361 C
1910 3300 2237 3357 concordem
2261 3342 2275 3364 ,
2302 3308 2359 3354 ut
2390 3309 2516 3371 pote
2558 3302 2780 3371 singulis
2808 3304 3049 3374 partibus
3076 3347 3091 3373 ,
3132 3305 3292 3358 alium
3335 3315 3495 3375 atque

205 3394 430 3461 sedem;
461 3410 795 3465 quaecunque
818 3436 831 3459 ,
882 3395 1155 3464 inquiunt,
1203 3395 1527 3450 arbitramur
1563 3396 1802 3465 pondera

205 3485 284 3541 de
318 3486 448 3540 locis
476 3486 856 3540 summioribus
877 3484 944 3540 ad
969 3486 1075 3541 ima
1103 3484 1451 3552 descendere,
1483 3485 1533 3539 in
1565 3485 1801 3540 medium

201 3585 610 3645 congregantur
657 3577 865 3644 locum;
898 3584 952 3632 et
990 3578 1043 3632 in
1073 3593 1164 3632 eas
1208 3578 1469 3633 stationes
1504 3585 1673 3631 totum
1704 3577 1800 3631 dc-

200 3665 339 3721 duci
367 3677 587 3722 neCesse
618 3676 701 3722 est
729 3684 923 3738 corpus
953 3668 1005 3722 in
1033 3684 1167 3737 quas
1196 3668 1417 3737 singula:
1451 3678 1632 3738 partes
1658 3666 1804 3721 coie-

199 3758 342 3813 rint.
391 3756 547 3826 Quod
591 3759 638 3814 si
668 3759 870 3829 lapides
898 3767 953 3814 et
1001 3759 1141 3828 ligna
1169 3801 1182 3824 ,
1226 3767 1524 3829 cunctaque
1556 3767 1799 3827 terrena,

195 3865 431 3921 semper
460 3850 526 3903 ad
567 3849 817 3905 inferiora
866 3851 1137 3921 pelluntur
1170 3869 1181 3902 :
1218 3850 1287 3903 ibi
1336 3850 1439 3903 erit
1485 3850 1599 3903 sine
1639 3848 1803 3903 dubio

194 3941 436 4013 propria
467 3943 899 4011 conveniensque
929 3953 1084 3996 terra:
1112 3942 1328 4013 positio.
1358 3941 1412 3995 Si
1446 3958 1572 3995 vero
1600 3940 1804 4012 aliquid

193 4034 285 4089 dc
327 4034 619 4089 levioribus
648 4050 714 4088 ex
757 4033 932 4088 media
971 4033 1191 4101 regione
1232 4033 1552 4095 movebitur,
1586 4031 1614 4071 b
1648 4032 1702 4087 id
1732 4031 1801 4086 ad

189 4141 450 4197 superna
500 4124 623 4179 ferri
667 4126 1020 4180 certissimum
1066 4134 1148 4180 est
1195 4127 1493 4197 :quoniam
1540 4126 1802 4181 familiare

186 4226 296 4273 est
336 4217 497 4272 rebus
526 4218 851 4286 gravissimis
894 4218 997 4271 ima
1028 4233 1243 4288 semper
1271 4226 1545 4287 appetere.
1577 4217 1685 4273 Ima
1715 4234 1805 4272 au-

186 4321 322 4367 tem
352 4309 599 4376 dicimus,
628 4311 863 4364 medium
896 4311 1060 4365 totius
1083 4308 1264 4363 mundi
1297 4310 1491 4365 locum.
1526 4309 1640 4364 Non
1671 4322 1800 4378 ergo

187 4402 450 4472 mireris,
499 4404 544 4458 si
575 4418 834 4475 nusquam
864 4419 923 4457 se
953 4402 1110 4457 tellus
1149 4403 1390 4471 inclinat,
1430 4411 1485 4457 ut
1520 4411 1646 4473 pote
1687 4418 1801 4458 me-

184 4494 355 4551 diam
387 4493 628 4548 omnium
671 4493 860 4547 sortita
907 4493 1128 4560 sedem,
1183 4494 1233 4548 in
1264 4510 1369 4564 qua
1412 4510 1530 4549 eam
1574 4509 1796 4549 necesse

185 4594 289 4643 est
320 4600 538 4659 semper
566 4591 711 4641 stare
730 4626 746 4654 ,
776 4584 1188 4655 nullatenusque
1217 4594 1404 4641 contra
1433 4594 1702 4655 naturam,
1733 4586 1801 4642 de

1908 3392 2071 3446 alium
2114 3393 2370 3462 impetum
2402 3392 2721 3447 habentibus
2762 3409 2828 3448 ex
2858 3403 3070 3463 natura,
3111 3396 3385 3465 nimioque
3414 3396 3494 3451 la-

1908 3483 2040 3537 bore
2067 3497 2185 3552 qua:
2214 3482 2513 3552 composita
2541 3491 2687 3550 sunt,
2725 3483 2776 3535 in
2808 3492 2959 3538 motu
2987 3484 3332 3539 continentur
3358 3486 3495 3541 assi-

1907 3576 2035 3630 duo.
2068 3574 2252 3644 Neque
2297 3574 2440 3629 enim
2490 3582 2670 3644 potest
2726 3591 2830 3630 una
2877 3585 3039 3648 atque
3085 3576 3276 3633 eadem
3323 3578 3492 3644 ratio,
3530 3570 3531 3579 “

1913 3666 1933 3702 τ
1966 3664 2126 3719 rebus
2155 3669 2297 3718 inter
2334 3679 2392 3719 se
2423 3662 2772 3720 dissimilibus
2816 3672 2881 3721 ac‘
2915 3667 3336 3737 repugnantibus
3364 3653 3495 3723 con-

1908 3771 2104 3810 sonare
2137 3774 2148 3806 :
2182 3770 2303 3809 cum
2344 3770 2408 3809 ea
2435 3770 2553 3825 quae
2590 3755 2881 3811 levioribus
2906 3764 3030 3812 sunt
3059 3758 3251 3822 amica,
3279 3759 3495 3826 gravio-

1908 3847 2056 3902 ribus
2097 3846 2367 3901 contraria
2394 3845 2720 3916 judicentur.
2753 3847 2885 3902 Nam
2922 3864 3042 3903 cum
3073 3849 3140 3903 ad
3177 3861 3410 3919 superna
3438 3857 3496 3905 et

1908 3938 2145 3993 coelestia
2181 3953 2555 4008 properamus,
2590 3937 2829 4008 pondere
2860 3947 3076 3994 terreno
3118 3938 3493 4013 deprimimur.

1908 4030 2042 4085 Cum
2071 4040 2249 4085 autem
2279 4031 2344 4086 ad
2392 4032 2498 4085 ima
2525 4031 2907 4102 demergimur,
2968 4034 3074 4088 vim
3105 4032 3329 4091 facimus
3358 4036 3490 4103 igni,

1907 4133 2095 4178 contra
2149 4129 2393 4179 naturam
2443 4141 2594 4181 suam
2650 4141 2773 4181 eum
2828 4126 3202 4198 pertrahentes
3249 4126 3492 4185 inferius.

1906 4214 2309 4271 Elementorum
2347 4229 2525 4272 autem
2565 4202 2840 4274 distractio
2884 4221 2939 4275 in
2977 4228 3159 4291 partes
3201 4221 3359 4279 ducta
3411 4223 3494 4278 di-

1907 4325 2089 4365 versas
2138 4312 2305 4365 ruinae
2350 4325 2543 4366 causas
2583 4318 2638 4366 et
2683 4310 2969 4369 solutionis
3013 4312 3288 4383 importat.
3338 4311 3496 4382 Quod

1908 4402 2049 4456 enim
2101 4402 2363 4457 violenter
2391 4411 2581 4457 natura
2622 4411 2909 4458 recusante
2946 4410 3206 4468 tentatur,
3244 4404 3495 4461 celeriter

1905 4494 2195 4565 dissipatur
2227 4513 2241 4548 :
2286 4501 2343 4549 ut
2363 4503 2490 4565 pote
2521 4494 2743 4563 singulis
2772 4494 3012 4565 partibus
3039 4509 3138 4566 per
3160 4510 3293 4565 quas
3320 4497 3494 4553 moles
3520 4508 3526 4517 ‘

1907 4594 2218 4643 constructa
2244 4586 2485 4643 subsistit
2510 4627 2525 4652 ,
2569 4585 2638 4640 ad
2668 4602 2824 4642 suum
2854 4587 3173 4657 principium
3218 4587 3495 4642 redeunti-

179 4675 444 4748 propriis
476 4672 711 4730 Jinibus.
736 4674 1064 4730 submoveri.
1111 4674 1313 4731 Horum
1362 4675 1522 4745 igitur
1580 4677 1624 4733 si
1674 4677 1798 4747 quid
1834 4644 1883 4703 Ι)
1909 4679 2026 4733 bus.
2071 4674 2302 4748 PrOpter
2344 4679 2531 4731 harum
2574 4675 2735 4744 igitur
2762 4676 3075 4746 opinionum
3107 4676 3526 4742 necessitates,‘

180 4764 300 4822 tibi
324 4764 607 4836 probabile
636 4764 908 4831 videatur,
946 4766 1011 4819 ad
1038 4766 1357 4836 sapientiam
1388 4769 1678 4835 creatoris,
1708 4769 1800 4837 qui

177 4861 322 4915 haec
356 4856 432 4913 ita
481 4855 777 4928 disposuit,
822 4865 1038 4927 oportet
1075 4866 1127 4912 te
1166 4857 1471 4927 hujusmodi
1514 4858 1803 4914 transferre

270 5004 303 5029 ιι
350 4988 518 5054 Editi,
573 4989 682 5061 tati
709 4988 1315 5059 q‘uadamdispositione
1366 4998 1795 5061 commentautur.

176 5066 429 5120 Terram
456 5058 764 5129 immobilem
793 5074 1097 5129 permanere
1126 5058 1487 5129 ferunt,quod
1519 5061 1569 5129 in
1608 5058 1796 5116 mundo

172 5137 305 5189 sita
341 5133 427 5184 sit.
464 5130 531 5184 At
558 5128 710 5184 Colb.
738 5127 1009 5182 secundus
1035 5128 1105 5180 ita
1128 5127 1193 5181 ut
1227 5127 1507 5182 edidimus.
1544 5128 1793 5197 Basilius,

171 5207 283 5263 διὰ
322 5204 384 5273 τςρ
403 5208 495 5273 {ire
526 5204 685 5273 μέσην
710 5206 800 5255 τοῦ
828 5201 1013 5273 crearo;
1043 5199 1286 5273 tilnpéym
1317 5202 1519 5273 χώραν.

267 5275 300 5312 b
340 5266 504 5340 Editi,
526 5265 586 5325 id
609 5270 676 5322 ad
699 5276 859 5340 supra
888 5268 1032 5340 ferri.
1069 5265 1212 5340 Libri
1245 5265 1489 5340 veteres,
1533 5269 1587 5340 id
1617 5269 1686 5322 ad
1714 5288 1800 5324 su-

171 5358 376 5418 perna
406 5337 550 5418 ferri.
584 5340 693 5418 Nec
718 5337 802 5418 ita
822 5337 991 5418 multo
1020 5346 1141 5418 post
1168 5337 1334 5418 _Co_ib._
1354 5337 1640 5418 secundus,
1667 5356 1800 5418 gns-

170 5407 303 5486 },uq
313 5430 368 5467 m
379 5407 436 5486 ge
452 5411 622 5486 tellus.
639 5409 836 5486 Vocula
849 5425 907 5475 se
921 5409 969 5463 in
981 5407 1210 5486 vulgatis
1224 5407 1647 5486 desiderabatur,
1665 5409 1804 5486 Sub-

173 5478 338 5541 i'ndc
371 5481 522 5536 Colb.
554 5480 837 5542 secundus,
856 5495 1030 5533 earum
1054 5482 1206 5534 ratio.
1240 5478 1613 5544 Editi,eorum,
1643 5484 1798 5535 male.

275 5566 304 5592 π
344 5550 518 5621 Editi,
545 5551 859 5623 plurimam.
894 5550 1153 5604 disseruit.
1184 5549 1338 5606 Colb.
1373 5550 1636 5604 secundus
1665 5560 1722 5604 ut
1750 5552 1802 5605 in

172 5624 495 5684 contextu;

269 5694 303 5732 ά
346 5692 518 5761 Editi,
549 5708 732 5761 corpus
775 5699 1041 5757 aeternum,
1084 5692 1333 5760 pessime.
1368 5690 1550 5747 Codex
1596 5699 1797 5755 noster,

169 5765 505 5826 aetherium.
547 5763 647 5815 Alii
677 5763 801 5827 duo,
835 5762 1128 5825 mthereum,
1162 5763 1383 5832 optime.
1414 5761 1469 5815 In
1500 5760 1709 5826 Graeco,
1742 5766 1798 5817 τὸ

168 5842 430 5903 αἱθέριην
467 5848 632 5903 σῶμᾳ.

277 5894 326 5944 ιε’
341 5904 483 5959 Editi
500 5894 554 5959 et
573 5902 726 5958 Coll).
741 5905 961 5973 primus,
985 5902 1212 5957 vestibuli
1229 5912 1387 5973 motu,
1411 5903 1556 5974 gravi
1579 5903 1796 5957 mendo.

1913 4780 1938 4818 ε
1968 4779 2114 4825 secta
2158 4770 2395 4840 priorum
2424 4768 2899 4839 philosophorum,
2934 4766 2988 4819 hi
3026 4766 3117 4833 qui
3159 4773 3347 4834 postea
3377 4782 3495 4821 suc-

1911 4875 2125 4917 cessere
2168 4857 2422 4921 rescissa,
2468 4857 2717 4928 proprias
2758 4854 3083 4910 assertiones
3111 4854 3378 4926 subjicere“
3409 4855 3490 4912 fe-
3523 4860 3529 4871 ‘

1904 4994 2006 5047 Alii
2035 4993 2142 5049 duo
2159 5009 2301 5065 mss.
2312 5033 2358 5065 ,7
2384 4990 2771 5065 vertibiligmotu
2797 5008 2817 5048 :
2845 5005 2967 5062 quae
2992 4992 3277 5063 scriptura,
3313 5010 3485 5065 quan-

1942 5080 2064 5134 uam
2098 5063 2429 5118 tolerabilior
2449 5074 2553 5131 est,
2582 5063 2689 5116 vim
2721 5070 2901 5118 tamen
2927 5079 3031 5116 non
3060 5063 3494 5134 exprimit—vocis

1955 5143 2215 5209 mmigrat;
2254 5135 2451 5209 κυκλικῇ
2480 5139 2810 5209 myrmecia,
2835 5141 2976 5209 metu
2997 5133 3334 5209 orbiatiqtim_
3347 5142 3489 5209 grta.

1985 5202 2002 5240 ί
2048 5202 2200 5258 Editi'
2232 5211 2287 5258 et
2326 5202 2435 5258 duo
2463 5202 2623 5269 mss.,
2674 5202 2824 5258 rebus
2859 5205 3107 5258 interesse
3135 5202 3492 5257 dissimilibus.
3524 5236 3525 5239 η

1907 5272 2061 5327 Colb.
2107 5273 2401 5338 secundus,
2433 5275 2584 5329 rebus
2623 5276 2760 5328 inter
2799 5292 2854 5328 se
2888 5274 3241 5329 dissimilibus.
3292 5272 3492 5326 Ibidem

1909 5343 2457 5425 editil‘pugnantibus.
2475 5344 2707 5425 _Antiqui
2736 5345 2854 5425 libri
2874 5382 2888 5407 ,
2921 5342 3348 5425 repugnantibps.

1982 5424 2005 5460 ε
2037 5412 2177 5486 Editi
2202 5455 2215 5478 ,
2260 5423 2381 5486 acta
2405 5412 2684 5486 priorum:
2713 5414 2855 5484 quod
2886 5413 3016 5482 quid
3050 5412 3165 5467 'sibi
3189 5412 3340 5486 velit.
3362 5412 3523 5471 satis:

1907 5498 2014 5540 non
2048 5485 2378 5555 intelligitur.
2405 5483 2490 5539 'At
2518 5486 2687 5540 nostri
2718 5483 2830 5538 tres
2856 5497 3027 5555 mss.,_
3040 5491 3181 5537 secta
3214 5483 3445 5555 priorum
3474 5499 3492 5535 :

1908 5555 2050 5624 quod
2084 5552 2283 5610 nemini
2316 5573 2419 5626 non
2449 5555 2796 5626 probabitur,
2828 5554 2876 5626 si
2906 5552 3067 5609 modo
3094 5567 3202 5608 vox
3230 5553 3452 5626 rescisse
3476 5594 3492 5619 ,

1904 5622 2023 5692 quae
2053 5627 2233 5680 statim
2262 5622 2522 5693 sequitur,
2554 5631 2836 5679 moveatur
2862 5623 2984 5678 loco
3012 5637 3144 5685 suo,
3179 5630 3316 5676 secta
3344 5622 3492 5693 prio-

1906 5712 2017 5749 rum
2058 5696 2479 5766 philosophorum
2506 5695 2727 5766 rescissa
2749 5734 2763 5758 ,
2806 5693 2994 5766 hi_qui
3026 5702 3205 5766 postea
3241 5707 3494 5747 successe-

1904 5762 2335 5836 runt,'propries,
2367 5764 2655 5836 etc.7€olb.
2692 5762 2977 5836 secundus,
3023 5762 3290 5836 propriam
3310 5778 3516 5836 puer-1

1908 5830 2112 5907 nam.
2147 5830 2356 5907 Nec‘ita
2390 5835 2559 5890 multo
2587 5842 2707 5903 post
2733 5833 2886 5890 Colb.
2921 5830 3209 5901 secundus,
3236 5830 3494 5888 siderum-

1902 5904 1998 5977 que
2022 5904 2331 5959 substantia.
2394 5936 2399 5944 ~
2432 5918 2440 5925 ‘
