4110 6336
1200 355 1296 410 1"!
1342 373 1348 383 '
1423 344 1462 378 3"
1512 377 1588 414 αις,

591 370 699 430 879

2059 372 2423 432 EUSTATIIH

3789 375 3898 434 880

589 487 862 544 stillarum
891 501 905 537 :
949 483 1192 554 quintam
1221 456 1513 558 quamdam
1543 473 1790 542 naturam
1831 487 2094 559 corporis,
2128 497 2187 544 ut
2206 494 2262 553 Α
2291 505 2432 545 mur.
2459 487 2528 543 Et
2547 480 3011 558 ex'magnitudine
3039 473 3329 557 corporum
3357 458 3894 559 circumscripton

588 579 826 638 diximus
848 620 864 646 ,
907 579 963 634 in
1003 579 1126 636 cteli
1175 579 1519 652 siderumque
1566 581 1920 637 substantiam
1961 583 2182 640 subesse

589 671 888 730 ﬁrmantes.
934 670 1085 728 Alius
1128 680 1311 729 autem
1339 672 1558 744 quidam
1602 673 1670 728 de
1701 673 2000 730 acrioribus
2021 714 2036 740 ,
2069 674 2187 730 hzec

588 764 810 838 quidem
839 781 959 835 quae
986 767 1324 822 narravimus
1347 774 1540 838 cuncta
1569 765 1869 832 destruxit,
1903 766 2183 838 proprium

585 871 722 913 vero
751 858 947 929 dogma
976 859 1122 914 visus
1150 866 1234 914 est
1262 857 1669 914 commendare.
1697 857 1773 912 De
1802 857 1997 930 quibus
2025 857 2070 912 si
2093 873 2181 913 re-

585 950 731 1008 ferre
757 952 967 1021 singula
997 952 1366 1016 maluerimus,
1406 953 1636 1008 similem
1668 953 1772 1008 illis
1799 952 2069 1025 patiemur
2097 967 2186 1008 er-

589 1059 791 1101 rorem.
825 1042 932 1098 Sed
953 1059 1050 1100 eos
1073 1059 1105 1098 a
1127 1044 1434 1116 semetipsis
1457 1044 1692 1100 vicissim
1722 1043 1881 1114 dejici
1912 1043 2188 1113 relinqua-

585 1155 729 1204 mus,
753 1147 809 1194 et
836 1139 986 1194 omni
1019 1139 1232 1195 illorum
1255 1140 1604 1196 contentione
1631 1140 1962 1211 postposita,
1993 1155 2187 1210 sequa-

585 1247 709 1288 mur
729 1229 951 1304 Moysen
972 1231 1243 1288 dicentem
1275 1250 1286 1284 :
1323 1231 1387 1286 In
1408 1233 1664 1304 principio
1693 1233 1813 1304 fecit
1842 1230 1983 1286 Deus
2005 1233 2187 1288 caelum

585 1335 635 1382 et
666 1334 880 1391 terram,
913 1325 1372 1397 Conditoremque
1401 1326 1662 1398 optimum
1692 1342 1872 1383 rerum
1902 1326 2189 1398 sapientis-

585 1417 724 1472 sime
753 1418 1112 1476 formatarum
1149 1419 1530 1488 gloriﬁcemus,
1564 1429 1620 1475 et
1646 1435 1712 1476 ex
1743 1419 2032 1476 visibilium
2061 1419 2176 1492 pul-

587 1509 893 1568 chritudinc
919 1554 933 1579 ,
984 1512 1135 1569 illum
1162 1513 1254 1585 qui
1284 1513 1442 1568 nimis
1470 1496 1708 1584 optimus
1743 1521 1827 1569 est
1852 1513 2187 1586 contemple-

2291 583 2579 640 metiamur
2599 580 2756 638 illum
2785 582 3048 637 intinitum
3070 623 3085 649 ,
3116 588 3171 634 et
3200 579 3514 644 maxinmm,
3563 597 3898 654 omnemque

2292 679 2678 749 cogitationem
2706 677 2882 734 cordis
2909 675 3130 731 humani
3159 692 3270 730 suae
3297 676 3510 730 virtutis
3536 677 3898 748 amplitudire

2292 770 2798 841 transgredientem.
2851 769 2985 824 Nam
3027 768 3153 824 licet
3191 776 3451 823 creatura:
3500 777 3750 824 naturam
3793 772 3900 825 m'-

2293 863 2437 920 nime
2466 863 3018 936 comprehendamus,
3051 871 3230 918 tamen
3262 861 3496 933 idipsum
3538 863 3687 932 quod
3719 866 3901 921 tenui-

2292 963 2377 1011 ter
2416 964 2603 1013 nostro
2627 955 2909 1026 subjicitur
2932 954 3250 1018 intellectui,
3283 960 3491 1008 tantum
3525 955 3694 1010 habet
3724 956 3902 1012 admi-
3973 943 3988 960 ’

2291 1049 2540 1118 rationis,
2572 1058 2632 1104 ut
2658 1049 2822 1113 etiam
2844 1049 3186 1104 velocissima
3214 1063 3365 1103 mens
3396 1047 3624 1104 inferior
3645 1049 3903 1105 videatur

2292 1143 2378 1200 his
2403 1143 2565 1200 rebus
2590 1159 2709 1213 qua:
2739 1143 2792 1198 in
2823 1143 2927 1198 hoc
2955 1141 3156 1198 mundo
3185 1141 3455 1198 habentur
3479 1143 3711 1211 exigum,
3745 1145 3904 1200 debi-

2297 1245 2516 1306 tamque
2557 1252 2720 1310 super
2746 1236 2997 1292 omnibus
3041 1235 3255 1290 laudem
3277 1235 3559 1292 Conditori
3590 1237 3904 1294 referamus

2293 1330 2585 1401 impensius
2631 1349 2642 1384 :
2674 1330 2761 1386 cui
2790 1329 2962 1400 gloria
2991 1337 3048 1387 et
3075 1329 3270 1394 honor,
3313 1346 3456 1387 nunc
3484 1339 3541 1386 et
3572 1347 3814 1403 semper,
3846 1343 3909 1392 et

2293 1426 2346 1482 in
2377 1427 2570 1483 secula
2601 1425 2940 1482 szecnlorum.
2976 1423 3168 1482 Amen.
3229 1458 3231 1460 -

1490 1757 1974 1867 LIBER
2055 1757 2948 1872 SECUNDUS.

657 1949 708 2004 l.
745 1947 970 2004 Medicis
997 1961 1156 2002 inane
1181 1943 1422 2002 decursis
1451 1942 1813 2010 sermonibus,
1847 1956 2018 2011 usque
2047 1940 2186 1997 adeo
2217 1949 2262 2009 Β
2290 1943 2426 2000 dixit
2456 1945 2526 1999 ob
2553 1945 2686 2000 duas
2709 1960 2918 2011 causas,
2946 1953 3040 2000 aut
3060 1946 3186 2018 quia
3214 1946 3444 2002 necdum
3473 1956 3750 2018 spectator
3767 1947 3889 2018 ejus

583 2043 822 2100 abditam
864 2039 1202 2095 altitudinem
1240 2036 1546 2093 intellectus
1580 2034 1916 2101 invenimus,
1947 2041 2007 2088 ut
2043 2032 2181 2088 libe-

578 2146 666 2194 τοι
687 2137 909 2191 omnino
936 2133 1003 2190 de
1035 2131 1387 2204 sequentibus
1427 2129 1718 2200 desperare
1753 2147 1764 2180 :
1807 2127 1852 2184 si
1883 2128 2027 2183 enim
2059 2141 2184 2182 san-

579 2241 795 2288 etorum
848 2227 970 2282 talis
1011 2226 1264 2280 introitus
1305 2233 1408 2291 est,
1438 2233 1492 2279 et
1539 2221 1856 2276 vestibulum
1891 2219 2076 2290 templi
2106 2221 2184 2275 sic

583 2321 845 2378 decorum
873 2330 930 2376 ct
970 2317 1329 2390 splendidum,
1360 2326 1420 2371 ut
1447 2315 1712 2384 elegantia
1741 2331 1852 2370 sum
1882 2313 2183 2385 pulchritu-

578 2414 721 2471 dinis
751 2415 943 2471 oculos
973 2423 1172 2469 nostra:
1203 2411 1399 2468 memis
1423 2409 1666 2474 irradiet,
1699 2407 1878 2480 qualia
1913 2407 2179 2462 eensemla

575 2518 704 2564 sunt
732 2517 919 2564 sancta
959 2504 1314 2562 sanctorum?
1353 2502 1484 2570 Quis
1515 2516 1644 2572 ergo
1673 2501 1743 2555 sit
1771 2515 1935 2554 ausus
1977 2499 2179 2568 impos-

575 2600 754 2656 sibilia
784 2607 1164 2663 contrcctarc;
1208 2605 1300 2649 aut
1343 2595 1464 2666 quis
1515 2593 1810 2648 intuebitur
1858 2590 2174 2651 ineffabilia,

574 2709 807 2765 quorum
832 2703 888 2748 et
915 2693 1060 2748 visus
1084 2699 1166 2746 est
1197 2687 1604 2755 inaccessibilis,
1636 2696 1691 2741 et
1713 2685 1852 2740 ratio
1875 2685 2178 2739 intellectus

572 2785 899 2844 inell‘abilis?
929 2785 1130 2841 Tamen
1163 2785 1420 2854 quoniam
1449 2782 1589 2854 apud
1613 2781 1815 2851 justum
1838 2779 2090 2850 judiccm,
2122 2786 2178 2832 et

574 2897 681 2954 pro
728 2883 847 2938 solo
876 2881 1056 2938 studio
1086 2880 1401 2945 meliorum,
1447 2896 1547 2934 nos
1585 2875 2006 2948 minemptibilis
2035 2891 2176 2928 mer-

573 2990 668 3030 ces
714 2983 796 3029 est
842 2973 1100 3044 deputata
1152 2991 1164 3024 :
1211 2972 1429 3026 minimc
1479 2987 1576 3024 nos
1625 2969 1806 3041 pigeat
1856 2967 2169 3038 explorare.

575 3065 708 3120 Nam
749 3064 996 3135 quamvis
1044 3051 1269 3117 multum
1316 3061 1578 3131 dignitate
1626 3059 1932 3129 hnjnsmodi
1983 3059 2171 3113 abesse

572 3159 896 3224 credantur,
949 3167 1124 3212 tamen
1163 3156 1208 3210 si
1257 3155 1589 3208 voluntatem
1636 3153 1932 3224 Scripturae
1974 3168 2169 3221 sequa-

573 3265 714 3314 mnr,
748 3248 1076 3318 suffragante
1103 3255 1294 3301 sancto
1321 3243 1546 3316 Spiritu,
1579 3260 1677 3299 nec
1715 3260 1812 3298 nos
1843 3240 2170 3313 improbabi-

2288 2045 2632 2107 processerat
2662 2038 2844 2104 homo,
2896 2046 2991 2092 aut
3017 2039 3143 2108 quia
3173 2039 3273 2094 sub
3303 2039 3459 2108 aquis
3477 2080 3492 2104 ,
3523 2054 3641 2108 qua:
3669 2050 3803 2095 tunc
3831 2041 3887 2095 ei

2286 2137 2626 2198 supererant,
2659 2129 2850 2194 latens,
2881 2129 3028 2184 nullo
3051 2129 3214 2184 modo
3243 2130 3593 2186 cernebatur.
3637 2131 3893 2187 Nondum

2285 2224 2428 2277 enim
2471 2234 2625 2293 aqua:
2665 2231 3004 2292 congregata:
3045 2223 3262 2278 fuerant
3287 2223 3344 2278 in
3374 2225 3614 2295 pr0priis
3639 2225 3665 2261 δ
3691 2241 3894 2281 conce-

2287 2314 2553 2383 ptaculis,
2603 2329 2738 2383 quas
2790 2314 2844 2368 in
2895 2327 3060 2368 unum
3107 2323 3298 2385 postea
3338 2316 3601 2372 collectas
3629 2316 3892 2374 Dominus

2283 2406 2452 2460 maria
2496 2399 2842 2477 n'uncnpa'vit.
2889 2406 3158 2461 lnvisibile
3200 2407 3382 2476 itaque
3430 2417 3553 2471 est,
3607 2409 3698 2463 vel
3747 2409 3886 2479 quod

2220 2498 2230 2506 '
2283 2498 2456 2552 oculis
2475 2514 2582 2552 non
2605 2507 2786 2568 potest
2807 2497 3115 2553 carnalibus
3131 2498 3540 2568 comprehendi,
3563 2500 3712 2554 sicut
3741 2517 3886 2556 mens

2283 2597 2468 2644 nostra
2495 2631 2509 2652 ,
2542 2590 2627 2644 Vel
2659 2589 2788 2645 illud
2818 2589 2963 2658 quod
2995 2599 3187 2645 natura
3216 2589 3435 2662 quidem
3485 2592 3640 2646 cerni
3684 2601 3875 2663 potest,

2281 2681 2375 2735 sed
2407 2681 2630 2751 propter
2659 2681 2950 2737 obductum
2981 2681 3083 2736 sibi
3112 2678 3476 2738 velamentum
3503 2685 3764 2753 corporis
3792 2684 3872 2738 ali-

2282 2773 2436 2841 cujus
2484 2772 2858 2837 absconditur;
2902 2774 3042 2829 sicut
3089 2772 3290 2828 ferrum
3338 2773 3488 2844 quod
3529 2774 3585 2828 in
3615 2775 3873 2844 profundo

2277 2865 2437 2933 jacet.
2483 2864 2594 2920 Hac
2643 2865 2825 2934 itaque
2872 2864 3086 2919 ratione
3132 2880 3274 2920 nunc
3319 2864 3644 2920 invisibilem
3679 2873 3866 2919 terram

2279 2958 2479 3013 dictam
2527 2963 2648 3012 essm
2677 2957 2974 3026 putandum
3015 2965 3124 3021 est,
3157 2967 3180 2992 θ
3206 2965 3266 3010 ut
3295 2962 3427 3026 pote
3467 2972 3586 3025 qua'.
3612 2934 3856 3026 aquarum

2279 3051 2564 3123 superficie
2589 3051 2888 3121 tegebatur.
2941 3051 3146 3106 Deinde
3174 3045 3301 3121 q‘uia
3337 3052 3572 3107 necdum
3600 3053 3712 3108 luce
3739 3069 3859 3107 cou-

2275 3147 2459 3199 stitula
2481 3184 2495 3208 ,
2526 3144 2720 3198 mirum
2749 3159 2856 3198 non
2883 3151 2967 3199 est
2993 3143 3038 3197 si
3062 3142 3354 3199 haberetur
3382 3143 3668 3198 invisibilis
3707 3162 3720 3196 :
3757 3158 3872 3198 cum

2276 3255 2372 3293 aer
2399 3239 2512 3308 ipse
2540 3235 2826 3308 splendore
2853 3251 3043 3292 carens
3069 3243 3214 3291 esset
3233 3235 3518 3292 obscurus.

571 3341 651 3397 les
677 3339 1059 3410 jmlicabimur,
1089 3347 1146 3392 et
1185 3345 1314 3390 nutu
1357 3336 1542 3404 gratiae
1584 3334 1821 3391 c02lestis
1864 3333 2167 3388 :editicalio-
2194 3333 2240 3396 C
2340 3331 2394 3385 ‘2.
2437 3330 2544 3386 Sed
2574 3330 2966 3386 obtrectatores
2994 3328 3258 3393 veritatis,
3288 3343 3453 3384 sensu
3481 3329 3707 3399 proprio
3737 3329 3877 3384 Scri-

569 3447 696 3488 nem
727 3431 959 3500 aliquam
990 3427 1334 3487 eonferenms
1362 3427 1636 3483 Ecclesire.
1673 3425 1834 3481 Terra
1863 3436 2054 3493 autem,
2089 3426 2169 3481 in-

571 3523 717 3594 qnit,
761 3532 873 3575 erat
903 3519 1170 3576 invisibilis
1212 3531 1261 3573 cl
1290 3520 1649 3592 incomposita.
1684 3517 1973 3586 Quomodo
2011 3519 2169 3587 igitur

571 3613 816 3682 utrisque
856 3613 1135 3667 elementis
1159 3653 1174 3678 ,
1220 3611 1271 3665 id
1323 3620 1406 3666 est
1452 3611 1590 3665 coelo
1631 3618 1685 3665 et
1716 3618 1857 3665 terra
1879 3651 1892 3674 ,
1924 3610 2039 3680 pari
2070 3609 2167 3665 ho—

570 3718 706 3758 nore
735 3702 1092 3768 constructis,
1125 3700 1319 3755 coelum
1350 3699 1566 3771 quidem
1608 3699 1909 3769 perfectum
1943 3699 2118 3754 fuerat
2149 3739 2163 3763 ,

571 3795 734 3852 tellus
763 3810 893 3849 vero
921 3793 1097 3849 adlmc
1126 3793 1482 3864 incomposita
1504 3794 1627 3847 est?
1655 3792 1762 3848 Aut
1789 3793 1914 3863 quid
1946 3793 2167 3847 omnino

572 3903 748 3945 causa:
779 3886 877 3940 fuit
902 3928 916 3953 ,
962 3901 1072 3956 quo
1102 3870 1280 3941 minus
1310 3883 1690 3956 perficeretur,
1720 3893 1774 3940 et
1807 3885 2030 3939 visibilis
2060 3901 2165 3940 non

477 4037 486 4042 -
569 3982 750 4038 esset?
780 3980 946 4051 Igitur
981 3989 1138 4035 terrre
1175 3980 1334 4051 plena
1365 3979 1687 4050 compositio
1718 3987 1800 4033 est
1844 3979 2061 4050 propria
2092 3978 2168 4033 le-

569 4075 842 4142 cunditas,
885 4073 935 4129 id
964 4084 1046 4130 est
1075 4074 1451 4129 universarum
1483 4073 1808 4142 germinatio
1831 4073 2159 4142 plantarum,

569 4179 627 4245 et
667 4170 921 4226 arbormn
967 4167 1366 4224 fructiferarum
1399 4167 1482 4223 vel
1515 4177 1539 4204 ἰ
1583 4165 2036 4222 infructiferarum
2067 4183 2164 4220 co-

569 4265 656 4334 pia
679 4303 692 4325 ,
745 4278 845 4317 nec
887 4277 997 4316 non
1027 4261 1239 4315 colores
1267 4259 1570 4328 odoresque
1599 4258 1781 4322 florei,
1815 4267 1869 4313 et
1914 4259 2017 4312 alia
2046 4274 2166 4328 qme

571 4355 737 4427 paulo
765 4363 890 4426 post
924 4353 1107 4410 divino
1131 4352 1282 4424 jussu
1313 4352 1615 4422 progenita,
1648 4352 1974 4406 decoravere
2003 4351 2165 4406 tellu-

572 4465 709 4508 rem.
753 4448 992 4516 Quorum
1023 4448 1148 4516 quia
1186 4444 1426 4501 nondum
1465 4443 1670 4514 aliquid
1713 4444 2015 4510 exstiterat,
2049 4459 2164 4498 me-

571 4543 681 4599 rito
709 4556 828 4597 eam
871 4554 1052 4595 sermo
1082 4538 1375 4610 Scriptura:
1405 4537 1816 4608 incompositam
1847 4537 2162 4592 nominavit.

570 4633 700 4690 Haec
730 4643 910 4689 autem
953 4631 1116 4688 etiam
1156 4630 1225 4686 de
1253 4629 1392 4686 eaalo
1421 4628 1740 4700 imperfecto
1769 4628 1873 4683 rite
1899 4629 2160 4695 dicemus,

567 4727 595 4768 ι’
628 4728 882 4800 quoniam
908 4742 1008 4783 nec
1038 4725 1212 4798 ipsum
1241 4724 1518 4796 proprium
1539 4722 1858 4794 sumpsisset
1886 4730 2160 4790 ornatum,

568 4824 768 4894 quippe
804 4822 950 4892 quod
978 4822 1200 4878 minime
1230 4819 1362 4876 solis
1390 4816 1566 4874 adhuc
1593 4825 1648 4872 et
1688 4817 1828 4872 lunae
1856 4817 2030 4873 fuerat
2059 4819 2161 4872 t'ul-

568 4929 700 4983 gore
728 4915 1012 4970 lustratum
1039 4958 1054 4982 ,
1096 4931 1196 4971 nec
1224 4913 1406 4970 choris
1449 4912 1684 4967 siderum
1713 4919 2052 4968 coronatum.
2084 4911 2162 4966 ita

568 5024 680 5064 non
708 5006 978 5064 videberis
1009 5023 1040 5062 a
1069 5008 1301 5062 veritate
1327 5005 1620 5062 deflectere
1643 5045 1657 5069 ,
1688 5006 1733 5060 si
1772 5005 1937 5062 etiam
1965 5005 2162 5060 coelum

567 5103 992 5175 incompositum
1018 5101 1240 5158 dixeris.
1291 5099 1512 5157 Terram
1545 5107 1726 5156 autem
1772 5109 1794 5138 ο
1841 5097 2163 5155 invisibilem

641 5343 669 5372 ι
690 5333 852 5415 illud,
878 5330 956 5415 vel
982 5327 1451 5415 infructiferarum,
1472 5324 1776 5415 addidimus
1797 5338 1864 5380 ex
1884 5321 2039 5379 Colb.
2070 5337 2160 5378 se-

567 5405 767 5466 eundo.
796 5399 1052 5469 Basilius,
1079 5403 1350 5471 καρπζμῳν
1381 5419 1436 5454 τε
1466 5401 1547 5453 καὶ
1567 5399 1832 5471 ὰκάρῖτῳγ.

640 5477 668 5518 δ
697 5476 789 5532 Sic
813 5489 944 5530 mss.
987 5465 1115 5528 duo.
1147 5465 1292 5526 Editi
1314 5507 1331 5533 ,
1372 5485 1488 5524 cum
1527 5484 1639 5523 nec.
1667 5465 1889 5524 'Ibidem
1918 5467 1972 5522 in
2000 5465 2158 5522 Colb.

567 5547 808 5607 secundo
836 5561 936 5616 pro
963 5544 1062 5616 rite
1089 5543 1288 5616 legitur
1319 5548 1474 5616 recte.

643 5631 666 5660 α
699 5607 943 5688 Antiqui,
963 5615 1089 5688 duo
1117 5607 1248 5688 libri
1269 5620 1324 5688 et
1351 5611 1499 5688 editi,
1520 5607 1878 5688 ‘invisilgilemt
1905 5609 1985 5688 ορ.
2008 5609 2158 5664 duas.

569 5689 724 5746 Colb.
748 5678 1034 5749 secundus,
1077 5683 1380 5740 invisibilem
1421 5682 1552 5737 dixit
1581 5681 1644 5737 ob
1676 5680 1828 5733 duas.
1861 5679 1917 5732 In
1946 5678 2157 5744 Graeco,

570 5759 868 5832 éépagvdé
899 5763 988 5832 τήν
1016 5766 1106 5827 γῆν
1131 5763 1404 5830 προσεῖπε.
1577 5777 1582 5784 ι

644 5829 669 5868 ἀ
710 5829 850 5883 Editi
871 5837 925 5882 et
950 5820 1057 5881 duo
1086 5820 1240 5888 mss,
1267 5825 1659 5890 conceptaculis.
1694 5823 1846 5878 Colb.
1875 5820 2158 5885 secundus,

571 5899 923 5963 receptaculis.
948 5895 1054 5952 Sed
1076 5895 1188 5952 sive
1211 5895 1334 5950 hoc.
1364 5895 1476 5949 sive
1503 5895 1590 5947 illo
1620 5894 1778 5949 niodo
1802 5893 2030 5962 legatur,
2056 5907 2162 5947 vox

2273 3435 2461 3497 pturas
2489 3425 2710 3479 minime
2738 3431 3156 3493 consequentes,
3185 3422 3254 3477 ad
3301 3438 3572 3492 suumque
3600 3424 3879 3478 arbitrium

2275 3516 2780 3586 interpretationem
2829 3515 3107 3570 trahentes
3135 3530 3341 3581 earmn,
3373 3514 3659 3568 materiam
3699 3531 3882 3569 rerum

2275 3609 2464 3664 dicunt
2504 3624 2601 3678 per
2640 3607 3009 3675 hujuscemodi
3039 3607 3202 3663 verba
3229 3606 3534 3669 monstrari,
3567 3614 3693 3683 qua:
3720 3605 3883 3676 quasi

2273 3712 2465 3760 natura
2497 3702 2778 3757 invisibilis
2799 3709 2854 3756 et
2884 3700 3239 3772 incomposita
3271 3708 3428 3768 atque
3457 3697 3701 3752 infamis
3727 3708 3877 3761 erat,

2273 3808 2329 3855 et
2366 3799 2513 3854 omni
2541 3799 2720 3868 specie
2768 3796 3153 3866 schemateque
3188 3795 3405 3866 privata,
3437 3807 3598 3860 quam
3647 3805 3871 3845 assum-

2271 3901 2418 3964 ptam
2444 3890 2634 3946 artifex
2657 3906 2755 3960 pro
2783 3906 2877 3944 sua
2906 3889 3170 3960 sapientia
3201 3885 3569 3952 conformavit,
3597 3893 3770 3954 atque
3799 3884 3889 3942 ita

2270 4000 2370 4055 per
2397 3999 2520 4040 eam
2547 3983 2724 4038 omnia
2750 3997 2869 4053 qua:
2897 3981 3145 4036 videntur
3167 3978 3363 4035 effecit.
3392 3975 3562 4044 Quam
3589 3977 3637 4032 si
3663 3976 3882 4033 dixeri-

2269 4092 2392 4130 mus
2442 4075 2754 4143 ingenitam,
2798 4075 2915 4128 sine
2943 4073 3107 4128 dubio
3139 4073 3155 4110 τ
3189 4071 3460 4141 οοωίιιιπί
3503 4069 3616 4126 Deo
3663 4086 3801 4126 cum
3833 4070 3888 4125 in

2269 4169 2645 4240 promerendis
2672 4167 2971 4223 aestimatur
2998 4166 3315 4232 honoribus,
3366 4175 3422 4220 et
3447 4164 3634 4219 iisdem
3677 4164 3889 4234 quibus

2273 4264 2366 4319 ille
2395 4263 2688 4336 privilegiis
2717 4261 2879 4330 digna
2917 4262 3244 4317 censebitur.
3276 4258 3397 4327 Quo
3426 4259 3556 4330 quid
3583 4258 3658 4313 sit
3689 4257 3893 4314 nefan-

2269 4360 2389 4414 dius
2415 4373 2478 4413 ac
2508 4357 2844 4422 sceleratius,
2873 4370 3037 4425 quam
3076 4364 3137 4410 ut
3177 4370 3263 4409 res
3291 4353 3516 4408 confusa
3556 4354 3895 4423 penitusque

2268 4451 2545 4515 deformis,
2569 4450 2684 4520 pari
2711 4449 2969 4518 dignitate
2990 4447 3213 4519 praadita
3229 4446 3502 4516 judicetur
3530 4460 3644 4515 qua
3667 4447 3898 4516 sapiens

2269 4552 2326 4600 et
2369 4551 2563 4614 potens
2613 4541 2945 4610 nimiumque
2987 4539 3162 4594 bonus
3220 4548 3274 4593 et
3332 4538 3579 4592 omnium
3631 4537 3898 4592 conditor

2269 4636 2453 4690 Deus?
2482 4631 2683 4688 Deinde
2721 4633 2766 4688 si
2797 4639 2946 4686 tanta
2975 4637 3057 4685 est
3087 4639 3144 4685 ut
3171 4644 3389 4685 omnem
3417 4627 3669 4683 divinam
3723 4627 3900 4700 possit

2190 4724 2241 4786 D
2266 4741 2462 4798 capere
2500 4719 2862 4795 disciplinam,
2905 4721 3256 4778 nihilominus
3290 4730 3315 4766 ι
3351 4718 3468 4790 ejus
3507 4707 3899 4776 substantiam

2270 4820 2368 4874 Dei
2413 4817 2740 4872 videbuntur
2777 4815 3034 4887 potentiae
3063 4827 3369 4882 coazquare,
3411 4812 3457 4866 si
3507 4820 3713 4868 tamen
3756 4813 3901 4870 valet

2271 4912 2430 4968 tellus
2453 4918 2702 4966 cunctam
2727 4925 2826 4981 per
2851 4924 2910 4964 se
2940 4906 3035 4962 Dei
3055 4905 3378 4978 sapientiam
3417 4903 3632 4960 metiri.
3672 4905 3776 4961 Sin
3807 4922 3900 4960 au-

2272 5014 2382 5062 tem
2411 5006 2588 5060 minor
2628 5010 2712 5058 est
2751 5000 2976 5057 materia
3021 4999 3218 5054 divinae
3264 4996 3521 5070 potentia:
3555 5037 3573 5062 ,
3626 5006 3693 5054 et
3743 4997 3901 5055 sicin

2275 5097 2600 5154 atrociorem
2664 5091 3055 5166 blasphemiam
3111 5103 3299 5145 eorum
3352 5101 3538 5143 semo
3609 5088 3905 5152 ducetur;

2268 5321 2458 5378 Graeca
2487 5320 2632 5377 haud
2662 5320 2889 5378 feliciter
2909 5333 3162 5392 expressa
3183 5324 3286 5374 est.
3310 5313 3516 5376 Malim,
3548 5315 3618 5368 in
3652 5317 3900 5387 proprias

2269 5395 2714 5475 congregationes,
2747 5398 2818 5454 εἰς
2841 5398 2904 5450 τὰ
2924 5396 3082 5448 οἰκεῖα
3105 5394 3440 5470 συστήξιᾳτα.

2343 5475 2366 5502 ο
2407 5462 2554 5520 Libri
2578 5475 2809 5520 veteres.
2837 5471 3016 5520 utpote
3035 5476 3166 5520 ante.
3202 5458 3364 5520 Editl,
3394 5465 3585 5520 utpote
3617 5461 3770 5520 quod

2346 5475 2366 5502 °
2407 5471 2554 5520 Libri
2578 5475 2809 5529 veteres,
2837 5471 3016 5536 utpote
3035 5476 3166 5536 quat.
3202 5471 3364 5523 Mitt,
3394 5471 3585 5526 utpote
3617 5471 3789 5531 quod.

2346 5537 2364 5573 ί
2405 5534 2561 5608 Qolb.
2595 5535 2881 5608 secundus,
2912 5533 3313 5608 corequari‘cum
3337 5527 3468 5608 Deo.
3533 5602 3547 5608 _
3640 5601 3674 5608 _
3725 5604 3735 5608 _
3796 5600 3808 5608 _

2341 5617 2364 5656 ε
2408 5605 2610 5663 Rursus
2637 5605 2791 5662 Colb.
2825 5599 3111 5668 secundus,
3141 5603 3252 5674 ejus
3281 5602 3590 5674 substantia
3627 5601 3735 5674 Dei
3762 5599 3893 5656 ride-

2268 5677 2403 5734 bitur
2449 5679 2692 5747 potentiae
2730 5679 3004 5749 cowquari,
3052 5677 3102 5749 si
3127 5670 3296 5749 tamen
3337 5670 3534 5749 valeret
3571 5673 3760 5734 tellus,
3792 5680 3893 5749 etc.

2269 5749 2384 5804 Alia
2418 5739 2523 5804 non
2549 5756 2630 5806 est
2657 5739 2942 5805 sententia.
2969 5746 3160 5804 Statim
3194 5744 3332 5800 idem
3356 5739 3564 5808 codex,
3598 5759 3784 5799 sermo
3804 5741 3888 5794 dn-

2268 5830 2484 5875 teretur.
