4110 6336
300 358 484 417 881’

1333 349 1735 408 HEXAEMERI
1778 344 2265 403 METAPHBASIS
2303 345 2504 404 LIBER
2540 347 2604 405 ll.

3477 333 3594 406 889

300 478 498 547 quippe
535 474 626 545 qui
648 480 870 546 propter
893 468 1130 541 inopiam
1178 451 1434 531 inaterizc,
1463 462 1789 519 inefficacem
1838 468 1891 514 et
1923 464 1967 521 A
1998 461 2282 530 figmentis,
2310 478 2373 516 ac
2403 460 2694 517 miserabili
2714 471 2930 514 suarum
2961 456 3344 527 cogitationum
3374 451 3392 494 ί
3424 471 3589 514 sensu

299 569 530 624 otiosum
554 567 607 621 in
627 567 737 620 suis
755 562 1008 635 operibus
1019 560 1188 616 Deum
1201 567 1468 615 conantur
1479 570 1742 620 asserere,
1756 569 1788 624 q
1797 569 1892 608 uos

299 660 514 732 quidem
563 659 813 714 humanae
839 662 1046 710 natura:
1092 652 1218 708 talia
1266 650 1466 706 sentire
1507 647 1719 718 decepit
1754 642 1894 700 indi-

298 754 498 825 gentia.
530 751 673 808 Sane
688 761 713 788 ει
733 749 989 821 quoniam
1012 746 1152 818 apud
1175 761 1274 802 nos
1295 761 1383 800 ars
1405 754 1738 813 unaqureque
1764 751 1892 807 erga
1964 755 1972 758 "

299 845 533 914 aliquam
563 841 856 897 adhibitam
897 838 1178 894 materiam
1218 845 1527 903 exercetur,
1558 835 1698 890 sicut
1724 831 1892 887 fabri-

299 939 422 995 litas
449 937 592 994 circa
623 934 843 1001 ferrum,
867 935 1204 1006 carpentaria
1233 933 1377 989 circa
1399 932 1620 1001 lignum,
1653 937 1708 985 et
1728 930 1780 985 in
1810 928 1894 984 his

300 1031 444 1088 aliud
471 1039 555 1086 est
599 1029 745 1100 quod
779 1027 1050 1098 subiacet,
1095 1026 1240 1082 aliud
1277 1025 1488 1097 species
1510 1067 1525 1091 ,
1557 1023 1702 1079 aliud
1747 1022 1895 1094 quod

301 1127 566 1180 formatur
585 1138 654 1178 ex
679 1122 858 1194 specie
887 1139 899 1174 :
929 1136 1053 1176 nam
1087 1120 1313 1176 materia
1356 1126 1439 1175 est
1464 1133 1583 1189 quae
1627 1115 1897 1172 extrinse-

301 1234 395 1275 cus
423 1217 731 1281 assumitur,
772 1214 980 1286 species
1007 1228 1126 1284 qua:
1155 1230 1222 1268 ex
1251 1220 1370 1269 arte
1401 1211 1726 1282 producitur,
1767 1223 1894 1280 per-

301 1312 462 1368 fectio
495 1319 678 1364 autem
705 1316 789 1364 est
815 1323 936 1378 qua:
962 1323 1032 1362 ex
1061 1315 1290 1376 utraque
1314 1304 1677 1376 componitur,
1717 1301 1771 1356 id
1811 1309 1898 1356 est

301 1404 367 1460 de
391 1403 572 1474 specie
600 1409 764 1471 atque
809 1401 1034 1456 materia
1069 1419 1082 1454 ε
1115 1400 1192 1456 sic
1221 1401 1510 1477 opinantur
1535 1404 1591 1452 et
1616 1395 1683 1450 de
1713 1394 1895 1449 divina

301 1497 636 1568 operatione,
665 1498 885 1554 schema
913 1493 1130 1565 quidem
1159 1491 1359 1548 mundo
1380 1491 1448 1546 de
1475 1489 1739 1561 sapientia
1765 1504 1896 1545 con-
1929 1537 1938 1542 -

301 1591 488 1656 ditoris
517 1590 546 1632 δ
588 1593 832 1661 allatum,
873 1590 1154 1646 materiam
1200 1602 1332 1642 vero
1362 1586 1696 1641 extrinsecus
1743 1597 1898 1638 crea-

301 1685 406 1740 tori
437 1683 601 1740 fuisse
630 1685 926 1755 subjectam
953 1700 965 1736 :
997 1693 1158 1751 atque
1198 1681 1272 1735 ita
1298 1680 1606 1734 universum
1637 1675 1897 1731 mundum

302 1794 423 1835 esse
451 1788 840 1846 constructum,
889 1778 979 1848 qui
1010 1776 1366 1832 substantiam
1410 1773 1627 1844 quidem
1658 1771 1901 1844 possidet

1996 558 2249 612 virtutem
2279 565 2461 611 mente
2489 551 3086 625 incomprehensibilem
3116 561 3170 606 et
3197 550 3444 606 hmnanis
3473 565 3589 606 ser-

1998 649 2247 706 monibus
2277 647 2602 705 ineffabilem
2627 651 2989 703 contrectare.

2068 743 2120 797 5.
2156 741 2304 797 Fecit
2325 740 2466 797 Deus
2489 740 2670 796 caelum
2701 750 2752 795 et
2795 750 3010 806 terram,
3039 753 3147 795 non
3173 738 3380 808 singula
3407 752 3473 795 ex
3501 737 3589 795 di-

1998 837 2159 892 midia
2197 844 2373 908 parte,
2418 835 2515 892 sed
2542 836 2809 904 integrum
2838 834 3032 890 crelum
3077 842 3133 890 et
3187 833 3448 903 integram
3475 844 3588 889 ter-

1999 945 2132 995 ram,
2165 928 2218 984 id
2250 936 2336 984 est
2369 927 2540 999 ipsam
2583 927 2936 983 substantiam
2966 941 3087 998 cum
3117 925 3298 996 specie
3338 939 3589 996 compre-

1997 1020 2238 1075 hensam.
2267 1017 2387 1073 Non
2407 1019 2550 1073 enim
2570 1018 2904 1073 schematum
2929 1023 3176 1088 repertor
3197 1023 3281 1071 est
3300 1013 3464 1085 Deus,
3495 1014 3591 1071 sed

2000 1115 2164 1170 totius
2191 1121 2396 1169 natura:
2421 1121 2655 1169 creator.
2703 1111 2836 1167 Nam
2865 1111 3230 1183 respondeant
3266 1110 3421 1166 nobis
3450 1124 3591 1179 quo-

1998 1207 2161 1263 modo
2192 1207 2292 1263 sibi
2321 1207 2650 1263 conveniunt
2680 1206 2955 1277 operatrix
2984 1205 3079 1260 Dei
3107 1206 3279 1261 virtus
3317 1211 3372 1260 et
3413 1201 3590 1274 passi-

2000 1302 2123 1358 bilis
2160 1311 2353 1359 natura
2381 1303 2642 1368 materize,
2690 1317 2916 1372 quarum
2946 1315 3072 1367 una,
3117 1298 3262 1370 quod
3288 1296 3593 1368 subjectum

2001 1403 2103 1461 est,
2132 1393 2472 1451 solummodo
2498 1395 2613 1450 sine
2643 1393 2809 1462 figura
2833 1392 3120 1465 pnestitit;
3151 1392 3319 1446 altera
3341 1389 3594 1446 schema-

2002 1497 2115 1544 tum
2146 1488 2394 1560 peritiam
2434 1488 2736 1560 possidens,
2765 1485 3033 1542 ordinavit
3060 1484 3260 1550 oblata,
3293 1491 3352 1538 ut
3380 1482 3596 1552 utrique

2002 1581 2146 1651 quod
2175 1580 2362 1636 deerat
2389 1581 2719 1652 praeberetur
2739 1593 2807 1633 ex
2832 1578 3024 1642 altero,
3047 1575 3328 1632 Conditori
3352 1573 3595 1646 quidem,

2002 1682 2063 1729 ut
2082 1674 2305 1729 haberet
2326 1673 2379 1728 in
2409 1687 2515 1742 quo
2544 1679 2728 1742 posset
2757 1669 2890 1724 artis
2913 1680 2936 1716 ε
2959 1668 3245 1724 ostendere
3271 1667 3552 1722 scientiam
3577 1681 3594 1718 :

2003 1766 2243 1821 materiae
2262 1781 2392 1821 vero
2431 1774 2492 1820 ut
2518 1763 2850 1819 informitate
2878 1761 3143 1833 deposita,
3167 1760 3372 1815 vultum
3411 1773 3597 1816 sume-

302 1871 516 1927 aliunde
541 1872 839 1942 quaesitam,
885 1847 1104 1926 schema
1143 1883 1274 1924 vero
1316 1877 1372 1922 et
1412 1865 1655 1935 figuram,
1705 1881 1773 1920 ex
1803 1863 1897 1920 Dei
1932 1847 1978 1907 Β
2004 1865 2090 1913 ret
2118 1859 2444 1928 speciosum.
2479 1855 2588 1911 Sed
2613 1870 2777 1926 super
2807 1853 2888 1909 his
2915 1853 3178 1908 hactenus
3203 1867 3217 1917 ;
3250 1849 3318 1904 ad
3347 1849 3436 1904 illa
3464 1863 3598 1903 vero

302 1963 500 2019 virtute
524 1971 856 2035 perceptam.
885 1973 908 2002 ε
939 1961 1076 2018 Hinc
1097 1961 1201 2016 illis
1229 1959 1386 2014 datur
1411 1958 1624 2015 occasio
1647 1956 1898 2026 negandi,

303 2056 479 2113 causis
529 2057 696 2112 Deum
748 2070 978 2127 pmesse
1006 2052 1313 2122 mundanis,
1342 2061 1399 2108 et
1447 2061 1706 2122 tanquam
1739 2049 1766 2089 ά
1798 2051 1898 2107 sti-

303 2149 387 2220 pis
414 2148 640 2218 alicujus
661 2162 844 2202 rerum
872 2147 1132 2215 genituras
1161 2145 1466 2216 portionem
1487 2144 1735 2213 exiguam
1765 2159 1897 2199 con-

304 2241 522 2297 tulisse:
547 2242 767 2297 minime
786 2240 1043 2305 valentes,
1067 2246 1291 2310 propter
1311 2231 1615 2293 intellectus
1638 2237 1898 2308 inopiam,

305 2334 372 2389 ad
399 2334 612 2390 culmen
633 2333 906 2404 respicere
926 2330 1188 2387 veritatis.
1214 2329 1325 2385 Nec
1343 2328 1756 2384 considerarunt
1775 2329 1901 2398 quia

307 2425 394 2481 hic
421 2424 638 2494 quidem
674 2439 764 2479 ars
801 2430 927 2494 post
956 2421 1238 2498 materiam
1267 2421 1509 2497 noscitur
1535 2419 1790 2485 adhibita,
1815 2419 1901 2474 vi-

307 2526 377 2572 tte
403 2517 577 2586 gratia
623 2515 1017 2586 dispensandae.
1047 2513 1181 2570 Nam
1220 2513 1340 2568 lana
1375 2511 1592 2582 quidem
1619 2511 1717 2566 fuit
1744 2518 1900 2566 ante-

307 2611 437 2678 rior,
469 2609 686 2664 texendi
715 2617 896 2664 autem
923 2622 1052 2664 usus
1096 2614 1287 2678 postea
1330 2611 1578 2674 repertus
1615 2611 1717 2668 est,
1749 2609 1807 2656 ut
1846 2601 1901 2657 id

307 2701 453 2772 quod
480 2716 579 2772 per
605 2709 853 2757 naturam
875 2701 1054 2756 minus
1081 2699 1256 2755 fuerat
1281 2697 1622 2768 suppleretur
1640 2711 1708 2752 ex
1742 2695 1896 2763 arte;

309 2797 510 2866 lignum
537 2809 754 2865 quoque
774 2795 923 2864 prius
946 2793 1064 2857 fuit,
1087 2791 1235 2862 quod
1261 2807 1352 2846 ars
1380 2789 1644 2844 dolatoria
1664 2797 1902 2860 postmo-

307 2887 436 2942 dum
483 2889 818 2959 percipiens,
877 2889 931 2942 in
974 2901 1206 2957 ususque
1257 2883 1592 2949 necessarios
1637 2882 1896 2947 formans,

306 2979 743 3036 commoditatem
771 2979 926 3036 nobis
978 2996 1085 3036 non
1113 2993 1337 3050 parvam
1382 2977 1630 3033 contulit.
1681 2974 1814 3030 Nam
1845 2983 1900 3030 et

305 3087 512 3128 remum
541 3073 740 3142 nautis,
769 3082 825 3129 et
852 3072 1264 3142 agricultoribus
1290 3070 1671 3136 ventilabrum,
1700 3076 1757 3124 et
1780 3067 1899 3124 bel-

286 3164 565 3223 latoribus
601 3167 812 3224 hastam
839 3166 1018 3235 idedit.
1053 3165 1194 3222 Deus
1223 3173 1424 3231 autem,
1457 3164 1769 3234 priusquam
1799 3162 1898 3218 fie-

306 3267 428 3315 rent
454 3274 572 3330 quze
601 3259 871 3325 videntur,
903 3260 1085 3314 omnia
1108 3264 1289 3313 mente
1316 3255 1654 3325 complexus,
1682 3255 1900 3310 volens—

253 3349 280 3424 ι’
307 3366 413 3423 que
461 3352 516 3406 in
543 3360 567 3388 θ
591 3352 928 3407 nativitatem
956 3349 1260 3422 producere
1281 3363 1402 3418 qua:
1431 3362 1539 3402 non
1568 3355 1742 3412 erant,
1772 3361 1904 3402 con-

307 3443 565 3500 sideravit
591 3444 766 3515 qualis
804 3443 1034 3499 mundus
1080 3457 1199 3498 esse
1245 3441 1487 3508 deberet,
1520 3439 1741 3510 ejusque
1775 3455 1901 3510 spe-

281 3535 411 3590 'ciei
439 3550 733 3605 congruam
775 3535 1054 3591 materiam
1082 3535 1483 3603 congeneravit.
1513 3531 1581 3587 Et
1607 3533 1746 3589 coelo
1779 3532 1901 3602 qui-

307 3627 431 3682 dem
461 3627 739 3698 deputavit
765 3627 1048 3683 decentem
1067 3626 1170 3681 sibi
1191 3634 1458 3690 naturam,
1484 3633 1750 3680 terrarum
1772 3639 1902 3679 vero

308 3721 568 3776 schemati
615 3719 932 3776 familiarem
979 3719 1322 3790 debitamque
1349 3718 1703 3774 substantiam
1750 3731 1902 3772 com-

315 3810 574 3868 modavit.
608 3811 791 3880 Ignem
829 3828 983 3877 vero,
1027 3821 1083 3868 et
1111 3826 1323 3881 aquam,
1357 3818 1414 3866 et
1452 3825 1632 3864 aerem
1660 3808 1906 3864 distinxit

312 3915 370 3960 ut
411 3906 576 3961 voluit
611 3926 622 3958 :
666 3917 722 3960 et
762 3907 814 3960 in
843 3905 1088 3961 ordinem
1133 3903 1354 3959 deduxit
1382 3919 1544 3974 quem
1573 3902 1904 3972 singulorum

309 3999 448 4053 ratio
470 3999 762 4068 flagitabat.
789 3996 982 4052 Totum
1011 4004 1191 4051 autem
1215 3995 1492 4061 mundum,
1511 4010 1630 4050 cum
1654 4003 1799 4050 esset
1821 3994 1904 4049 sui

310 4091 604 4160 dissimilis,
648 4099 701 4146 et
736 4105 803 4145 ex
847 4089 1161 4144 diversitate
1189 4087 1542 4158 compositus,
1575 4086 1902 4142 inviolabili-

311 4183 413 4240 bus
439 4183 716 4253 cujusdam
745 4181 1047 4238 concordia:
1077 4180 1302 4237 vinculis
1336 4187 1621 4244 arctatum,
1655 4181 1710 4235 in
1739 4195 1900 4234 unam

283 4270 628 4332 societatem
659 4273 1300 4346 compaginationemque
1329 4272 1601 4339 devinxit,
1642 4282 1701 4328 ut
1739 4273 1904 4328 etiam

307 4369 401 4425 illa
427 4383 546 4438 qua:
569 4367 792 4422 multum
815 4382 844 4421 a
862 4382 922 4421 se
943 4365 1214 4437 positione
1236 4364 1530 4430 distabant,
1547 4366 1905 4436 permixtione

308 4469 498 4516 mutua
524 4453 798 4532 ‘copulata
845 4457 1152 4574 credant‘ur.
1196 4457 1420 4514 Cessent
1465 4471 1595 4527 ergo
1650 4457 1907 4515 fabulosis

387 4608 415 4638 ι
453 4598 604 4655 Colb.
657 4598 925 4653 secundus
974 4606 1029 4652 et
1076 4598 1230 4661 alter,
1273 4613 1400 4650 sane

307 4688 440 4726 sane
486 4669 759 4740 quomodo.
799 4667 1004 4740 ibidem
1047 4666 1200 4740 Colb.
1260 4666 1545 4740 secundus,
1597 4667 1903 4726 adhibitam.

310 4742 476 4814 Editi,
499 4737 754 4794 adhibita.
798 4739 1005 4814 Rursus
1050 4738 1206 4794 Colb.
1237 4737 1523 4805 secundus,
1559 4755 1624 4792 ex
1669 4749 1903 4814 utraque.

310 4813 417 4867 Alii
440 4813 546 4882 duo
575 4827 704 4867 mss.
734 4820 789 4882 et
809 4811 960 4879 editi,
987 4827 1050 4866 ex
1071 4818 1303 4882 utroque.

389 4895 411 4922 ε
453 4881 595 4937 Editi
639 4890 693 4936 et
720 4881 874 4936 Colb.
908 4883 1131 4947 primus,
1175 4879 1424 4935 ablatum.
1473 4879 1574 4934 Alii
1605 4879 1712 4935 duo
1750 4897 1878 4937 mss.

311 4957 556 5022 allatum,
587 4954 744 5008 bene.
778 4952 1026 5017 Basilius,
1058 4955 1305 5024 enixam.

391 5031 414 5059 ⁸
455 5021 618 5092 Editi,
650 5024 775 5077 data
813 5024 1084 5077 occasione
1109 5021 1316 5092 grandi,
1346 5025 1538 5088 causis,
1569 5029 1698 5087 etc.,
1742 5021 1902 5078 male.

309 5097 472 5154 Colb.
515 5097 738 5167 primus,
767 5094 927 5167 tiatur
964 5095 1234 5147 occasione
1262 5093 1489 5167 grandi,
1531 5093 1723 5167 causis,
1772 5099 1904 5167 etc.,

317 5170 487 5225 nihilo
511 5162 737 5237 melius.
753 5164 936 5237 Codex
967 5171 1152 5218 noster
1170 5171 1225 5217 et
1237 5162 1414 5237 Δ(1011)ἑ
1438 5162 1726 5237 secundus,
1751 5163 1909 5237 datur

315 5242 522 5297 occasio
535 5232 779 5310 negandi,
793 5236 983 5310 causis,
995 5241 1101 5310 etc.
1111 5276 1124 5300 ,
1139 5232 1469 5310 OptimeiEst‘
1487 5242 1636 5287 certe
1647 5232 1910 5310 ejusmodi

319 5315 434 5367 haec
464 5303 648 5378 lectio,
677 5317 736 5363 ut
763 5303 1320 5378 conlirn‘iatione‘non‘
1361 5305 1596 5378 indigeat
1629 5323 1640 5357 :
1671 5303 1784 5378 sed
1809 5313 1918 5378 _ta_--

321 5399 445 5440 men
475 5383 522 5438 si
545 5373 706 5451 quam
730 5379 852 5450 quis
877 5377 1134 5447 requirat,
1182 5376 1348 5451 possit
1377 5373 1683 5432 confirmari
1710 5392 1780 5432 ex
1807 5373 1911 5430 illis

322 5450 626 5520 Basilianis,
657 5455 710 5508 ἐκ
737 5453 789 5508 δὲ
819 5454 1006 5506 τούτου
1035 5451 1212 5510 αὐτοῖς
1240 5450 1471 5519 ὑπάρχει
1494 5451 1775 5520 ἀρνεῖσθαι.

394 5525 420 5565 ά
453 5519 618 5590 Editi,
641 5533 690 5578 et
721 5533 965 5594 tanquam
984 5522 1178 5591 stirpis,
1203 5526 1475 5594 corrupte.
1507 5519 1697 5594 Codex_
1727 5526 1914 5594 noster

322 5609 380 5656 et
403 5598 557 5655 Colb.
603 5588 890 5662 secundus,
920 5601 968 5646 et
1009 5588 1254 5663 tanquam
1297 5588 1468 5663 stipis,
1509 5589 1812 5648 emendate.
1853 5588 1913 5644 In

323 5670 533 5730 Graeco,
551 5667 650 5743 ᾳῖον
671 5667 724 5743 δέ
743 5661 920 5743 ξρὰνρν
945 5665 1079 5743 τινὰ-ς
1093 5661 1383 5743 animus».
1401 5661 1718 5732 Quanquam
1733 5668 1915 5743 autem

327 5759 434 5799 vox
454 5742 603 5812 stipis
629 5733 942 5812 mihiivalde
965 5733 1240 5812 probatur,
1270 5749 1377 5812 non
1425 5743 1709 5812 propterea
1737 5739 1918 5812 tamen

326 5803 566 5885 putanda
611 5820 692 5866 est
733 5803 1124 5880 placere—mihi
1168 5803 1436 5874 periodus
1455 5803 1568 5860 tota
1602 5824 1614 5858 :
1648 5805 1756 5860 imo
1787 5806 1919 5885 mihi

299 5879 791 5961 -persuasissimum
814 5888 897 5935 est
923 5890 1045 5936 eam
1070 5890 1318 5932 mancam
1357 5890 1499 5945 esse,
1527 5891 1629 5934 nec
1671 5879 1920 5935 omnibus

1487 4611 1703 4650 tamam.
1740 4595 1904 4666 Editi,
1935 4603 1987 4665 Ι)

2004 1964 2124 2021 qua:
2152 1948 2530 2019 proposuimus
2555 1955 2892 2002 revertamur
2924 1962 2937 1999 :
2973 1942 3134 1998 Terra
3164 1952 3334 1997 autem
3374 1950 3486 1995 erat
3513 1942 3599 1995 in-

2002 2041 2214 2096 visibilis
2235 2048 2284 2093 et
2304 2041 2662 2110 incomposita.
2696 2037 2830 2093 Cum
2858 2035 3061 2091 diceret
3103 2053 3117 2088 :
3145 2031 3211 2088 In
3243 2033 3499 2104 principio
3521 2033 3600 2103 fe-

2003 2133 2072 2187 cit
2095 2131 2233 2186 Deus
2254 2131 2436 2187 cwtum
2456 2139 2503 2185 et
2525 2139 2740 2197 terram,
2765 2127 2916 2199 plura
2943 2125 3177 2193 reticuit,
3197 2123 3249 2178 id
3278 2132 3377 2190 est,
3398 2124 3598 2192 ignem,

2004 2238 2222 2294 aquam,
2245 2237 2448 2289 aerem,
2465 2236 2583 2292 quae
2607 2220 2792 2290 utique
2821 2216 3100 2289 passiones
3127 2215 3375 2286 quaedam
3399 2213 3466 2268 de
3497 2212 3600 2267 illis

2004 2314 2389 2387 principalibus
2434 2320 2729 2385 procreatas
2777 2318 2930 2377 sunt,
2983 2324 3102 2381 quas
3141 2307 3352 2374 omnia,
3385 2314 3442 2360 ut
3473 2312 3601 2375 pote

2005 2407 2188 2464 mundi
2225 2404 2702 2470 consummatoria,
2732 2402 2890 2458 simul
2937 2402 3053 2457 sine
3101 2399 3267 2455 dubio
3316 2411 3599 2470 processe-

2003 2507 2149 2555 runt.
2201 2497 2306 2554 Sed
2343 2497 2634 2552 historicus
2663 2496 2775 2550 haec
2802 2493 3050 2550 consulto
3079 2491 3359 2563 pneteriit,
3405 2497 3463 2544 ut
3501 2503 3600 2544 no-

2003 2599 2173 2648 strum
2202 2606 2299 2646 cor
2325 2597 2547 2645 acueret
2574 2587 2639 2644 ad
2666 2587 2981 2642 industriam
3010 2601 3076 2641 cx
3099 2584 3286 2657 paucis
3309 2582 3602 2640 occasioni.

2003 2682 2102 2738 bus
2125 2682 2442 2754 capiendam
2460 2723 2473 2747 ,
2506 2696 2626 2751 quze
2655 2679 2785 2735 facit
2814 2695 2913 2735 nos
2941 2679 3245 2748 cogitantes
3274 2676 3602 2745 investigare

2001 2789 2120 2844 quae
2145 2773 2362 2830 desunt.
2382 2770 2409 2810 δ
2440 2771 2582 2842 Ergo
2611 2770 2864 2843 quoniam
2895 2769 3116 2824 minime
3143 2767 3210 2822 de
3231 2781 3369 2837 aqua
3397 2765 3604 2823 dictum

2001 2866 2174 2920 fuerat
2200 2864 2327 2935 quia
2367 2862 2494 2918 fecit
2529 2877 2669 2928 eam,
2703 2860 2840 2915 dixit
2868 2867 3050 2914 autem
3079 2857 3223 2928 quod
3245 2868 3387 2913 terra
3413 2857 3601 2912 invisi-

2000 2959 2120 3016 bilis
2148 2955 2466 3020 habebatur,
2512 2961 2569 3008 tu
2600 2961 2776 3008 tecum
2805 2959 3061 3022 reputare
3098 2950 3322 3007 debebis
3348 2965 3456 3022 quo
3485 2957 3603 3019 teg-

2000 3051 2146 3107 mine
2170 3057 2317 3104 terra
2355 3046 2535 3103 velata
2584 3061 2691 3102 non
2742 3044 3056 3118 apparebat,
3106 3058 3266 3116 quam
3312 3059 3413 3100 nec
3458 3043 3600 3113 ignis

2001 3140 2337 3200 abscondere
2400 3146 2655 3216 poterat,
2717 3137 2810 3209 qui
2881 3137 3067 3208 utique
3145 3135 3352 3192 lucidus
3417 3135 3604 3207 potius

1928 3220 2169 3308 C'quam
2213 3231 2532 3290 tenebrosus
2578 3238 2691 3297 est,
2743 3245 2844 3286 nec
2881 3243 2976 3285 aer
3002 3228 3250 3300 operire,
3305 3227 3456 3297 cujus
3491 3241 3605 3283 cer-

2007 3339 2059 3386 te
2111 3335 2306 3387 natura
2345 3325 2632 3398 perspicua
2679 3331 2761 3379 est
2810 3341 2823 3376 :
2873 3321 3074 3394 quippe
3101 3320 3194 3392 qui
3223 3320 3462 3376 omnium
3511 3333 3604 3375 re-

2002 3437 2125 3482 rum
2145 3421 2352 3494 species
2373 3417 2576 3492 liquido
2603 3417 2619 3455 ί
2645 3416 2943 3473 visentibus
2962 3414 3289 3492 manifestat.
3317 3412 3608 3485 Reliquum

2004 3524 2087 3572 est
2132 3515 2295 3587 igitur
2341 3521 2400 3568 ut
2447 3510 2809 3579 intelligamus
2855 3523 3053 3580 aquam
3099 3506 3265 3564 fuisse
3309 3507 3608 3566 summitati

2007 3607 2214 3664 telluris
2259 3603 2590 3669 obductam;
2626 3599 2867 3658 nondum
2905 3601 3052 3656 enim
3099 3599 3154 3656 in
3181 3615 3280 3655 sua
3309 3607 3605 3670 concepta-

2010 3700 2130 3756 cula
2152 3698 2396 3757 humoris
2421 3704 2614 3754 natura
2642 3693 2961 3752 defluxerat.
2991 3690 3072 3750 Ob
3101 3693 3208 3750 hoc
3225 3707 3356 3763 ergo
3387 3707 3493 3747 non
3522 3706 3610 3748 so-

2013 3795 2124 3850 lum
2151 3789 2432 3848 invisibilis
2460 3797 2625 3854 terra,
2657 3784 2752 3842 sed
2780 3785 2944 3843 etiam
2975 3784 3336 3855 incomposita
3360 3783 3609 3838 nomina-

2013 3896 2119 3946 tur.
2153 3884 2306 3940 Licet
2341 3882 2505 3940 etiam
2551 3895 2693 3935 nunc
2721 3892 2983 3949 aquarum
3022 3875 3347 3932 abundantia
3376 3873 3607 3946 impedi-

2011 3991 2196 4040 mento
2223 3987 2307 4036 est
2330 3986 2509 4043 terrae,
2534 3973 2821 4047 quominus
2850 3971 3118 4028 fructuum
3144 3970 3302 4043 capia
3330 3955 3608 4024 ministre-

2013 4085 2120 4132 tur.
2143 4071 2270 4129 Haec
2295 4085 2425 4141 ergo
2451 4083 2614 4124 causa
2641 4065 2868 4134 exstitit,
2902 4069 2960 4120 ut
2986 4073 3088 4119 nec
3112 4061 3286 4118 videri
3305 4061 3476 4134 possit
3501 4061 3610 4117 ari-

2007 4171 2075 4228 da
2099 4212 2115 4244 ,
2146 4179 2202 4224 et
2229 4166 2522 4226 haberetur
2549 4160 2928 4230 incomposita.
2960 4156 3018 4212 Si
3047 4155 3274 4229 quidem
3287 4164 3446 4212 terra:
3465 4170 3610 4211 com-

2007 4268 2205 4342 positio
2255 4272 2341 4320 est
2383 4278 2532 4328 suus,
2585 4267 2646 4314 ut
2673 4257 2926 4324 diximus,
2972 4253 3234 4310 naturalis
3280 4259 3526 4318 ornatus,
3553 4248 3611 4306 id

2008 4372 2113 4432 est,
2136 4367 2350 4429 segetes
2378 4357 2430 4412 in
2459 4352 2683 4427 planitie
2709 4349 3052 4414 fluctuantes,
3082 4361 3185 4402 nec
3213 4361 3321 4402 non
3345 4352 3502 4417 prata
3529 4343 3611 4398 vi-

2009 4455 2207 4520 rentia,
2255 4449 2518 4517 varioque
2568 4444 2764 4501 ﬂorum
2809 4441 2996 4502 colore
3041 4437 3399 4511 splendentia,
3444 4435 3615 4492 colles

2011 4598 2124 4656 suis
2153 4605 2392 4648 numeris
2415 4583 2738 4642 absolutam.
2770 4579 3044 4656 scriptum
3073 4583 3406 4656 oportuerat,
3439 4577 3614 4656 faten-

2012 4646 2281 4729 Eiidem
2307 4659 2474 4714 Deum
2496 4667 2741 4729 tanquam
2761 4646 3065 4729 collatorem
3082 4646 3231 4719 stipis
3243 4646 3484 4729 alicujus,
3502 4653 3612 4728 etc.

2014 4715 2404 4804 Colb.—primus
2452 4715 2622 4804 prima
2666 4737 2862 4804 manu,
2891 4721 3060 4804 stipis,
3105 4715 3610 4804 seeujl-dﬂgjjirﬁf.

2012 4789 2241 4866 lico—hic
2281 4789 2477 4861 solum',
2509 4793 2605 4850 sed
2634 4801 2690 4848 et
2734 4789 2864 4844 alibi
2902 4789 3065 4859 saepe,
3102 4789 3196 4856 qui
3222 4789 3496 4866 corrigere
3525 4799 3614 4841 vo-

1991 4855 2132 4936 κῖῖιῖιῖ
2147 4855 2376 4943 fma—gis
2418 4855 2584 4924 etiam
2629 4855 2994 4930 corrumpunt
3032 4855 3154 4928 qua:
3180 4855 3474 4912 emendare
3516 4873 3616 4913 νο·
3639 4916 3661 4934 ,

2013 4951 2317 5079 Ιωῗεῖἕῖῑί,
2342 5013 2398 5066 in
2426 5008 2717 5063 nativitate.
2745 5001 2932 5061 Codex
2952 5008 3137 5057 noster
3164 5006 3221 5056 et
3240 4998 3397 5056 Colb.
3422 5014 3617 5082 secun-

2011 5090 2134 5158 dus,
2148 5090 2219 5158 fin
2249 5083 2590 5158 nativitatem:

2088 5148 2308 5220 t'Editi,
2335 5150 2528 5212 sensui.
2559 5148 2706 5205 Libri
2736 5154 2968 5220 veteres,
3005 5160 3180 5220 sensa.

2002 5230 2004 5232 ’
2088 5241 2112 5280 s
2142 5211 2317 5292 Editi,
2368 5230 2630 5279 ostentare
2656 5219 3067 5292 _conscientiam.
3109 5213 3266 5270 Colb.
3322 5211 3615 5292 secundus,

2013 5283 2284 5359 ostendere
2305 5283 2604 5354 scientiam.
2644 5290 2829 5348 Codex
2873 5297 3092 5354 noster,
3141 5293 3403 5340 ostentare
3445 5283 3616 5336 scien-

2015 5386 2291 5530 “al'lnifibri
2319 5437 2586 5512 impressi,
2612 5433 2754 5508 Ergo
2780 5448 2915 5488 cum.
2940 5427 3162 5500 Antiqui
3175 5426 3285 5484 duo
3306 5423 3450 5491 libri,
3477 5421 3619 5494 Ergo

2017 5532 2310 5644 “imi,
2345 5580 2632 5655 secundus,
2650 5569 2658 5578 '
2676 5532 2873 5655 ιειιηεάό
2907 5570 3214 5655 υίάεῃεειηεο.
3245 5567 3448 5626 [bidem
3465 5565 3621 5655 taciti

2020 5635 2402 5732 codeE-ayqu—aj
2413 5635 2574 5726 hanc
2601 5635 3108 5732 sttmr'nitatem.‘§lii
3135 5642 3245 5698 duo
3265 5647 3483 5732 reseret

2005 5706 2481 5806 ,i’i'XqUaIn‘ths'se
2500 5718 2811 5786 summitati,
2835 5731 2945 5771 non
2966 5713 3178 5770 diversa
3198 5710 3490 5794 sententia.
3511 5706 3621 5762 Nec

2023 5810 2120 5874 ita,
2153 5803 2323 5860 multo
2354 5797 2509 5860 infra,
2531 5790 2686 5847 Colb.
2713 5787 3010 5855 secundus,
3040 5782 3137 5843 sed
3163 5799 3326 5840 vacua
3353 5796 3621 5852 incompo-

2026 5883 2230 5945 situque
2261 5874 2616 5939 nuncupatur.

1917 6034 2030 6056 “III
