4110 6336
549 283 654 338 833

2030 283 2396 344 EUSTATHII

3745 295 3852 348 834

549 405 834 470 uberrimi,
896 406 1262 476 niontinu'ique
1309 407 1538 462 vertices
1581 405 1864 462 arboribus
1907 404 2140 462 excelsis
2168 403 2218 464 Δ
2245 400 2556 468 disputant,
2601 416 2697 454 nec
2751 401 3092 456 tenebrarum
3157 401 3508 474 principalem
3561 405 3856 473 quamdam

547 498 724 568 Opaci,
759 513 986 566 quorum
1013 499 1142 552 nihil
1171 499 1404 554 habebat
1433 507 1594 564 terra,
1619 499 1924 568 parturiens
1955 497 2135 554 adhuc

543 590 878 644 nativitatem
926 599 1237 646 cunctorum
1305 600 1528 662 propter
1583 591 1796 646 insitam
1845 591 2056 646 sibimet
2106 604 2135 642 a

541 687 788 736 creatore
819 680 1069 736 virtutem
1103 701 1113 734 :
1145 683 1240 738 sed
1271 693 1480 753 tempus
1509 682 1881 752 exspectabat,
1909 689 1967 736 ut
1993 696 2133 752 pra:-

543 773 790 842 ceptioue
819 774 996 828 divina
1026 782 1318 845 conceptus
1346 791 1472 829 suos
1503 774 1771 844 proferret
1805 773 1872 826 ad
1901 773 2095 826 lucem.

612 867 666 922 lt.
699 865 768 920 Et
797 875 965 930 erant,
998 868 1192 938 inquit,
1226 867 1446 924 tenebras
1492 886 1643 938 super
1671 866 1932 938 abyssum.
1991 863 2133 918 Rur—

541 976 739 1030 susque
768 961 886 1016 aliae
917 958 1216 1016 fabularum
1233 961 1565 1024 occasiones,
1585 968 1640 1014 et
1669 958 2006 1012 int'amlorum
2039 955 2134 1026 lig-

542 1059 848 1106 mentorum
895 1052 1092 1106 dantur
1121 1053 1202 1106 his
1243 1054 1334 1121 qui
1365 1053 1429 1106 ad
1461 1053 1736 1108 arbitrium
1765 1067 1918 1108 suum
1951 1051 2134 1104 detor-

542 1153 708 1214 quent
739 1145 900 1200 verba
931 1145 1242 1214 Scriptor-1e.
1271 1144 1542 1199 Tenebras
1573 1145 1712 1198 enim
1746 1160 1850 1197 non
1881 1159 1946 1197 eo
1973 1141 2135 1196 modo

541 1254 649 1307 quo
673 1248 696 1271 ίι
730 1247 870 1290 nata:
899 1244 1024 1290 sunt
1059 1237 1500 1306 interpretantur,
1547 1234 1600 1288 id
1629 1243 1708 1288 est
1735 1249 1912 1288 aerem
1943 1249 2136 1302 quem~

541 1331 664 1384 dam
694 1329 1003 1395 obscurum,
1031 1329 1114 1384 vel
1145 1329 1319 1384 locum
1352 1326 1724 1396 interiectione
1755 1327 1982 1394 alicujus
2012 1341 2134 1379 eor—

543 1420 1194 1492 porisobscuratum;scd
1225 1421 1474 1474 virtutem
1507 1419 1688 1474 dicunt
1717 1419 2022 1486 malignam,
2053 1418 2136 1472 vel

541 1514 721 1582 potius
753 1514 921 1582 ipsam
952 1512 1210 1566 malitiam
1241 1512 1526 1566 habentem
1571 1526 1638 1564 ex
1667 1513 1957 1580 semetipsa
1985 1511 2135 1600 priu-
2155 1493 2180 1505 ’

541 1605 780 1674 ieipium,
813 1605 1172 1660 adversariam
1201 1603 1430 1659 bonitati
1461 1603 1577 1670 Dei,
1625 1611 1680 1657 et
1717 1604 1854 1658 hanc
1893 1613 2140 1660 asserunt

545 1697 886 1750 tenebrarum
913 1710 1032 1750 esse
1059 1703 1328 1748 naturam.
1373 1691 1428 1746 Si
1459 1693 1602 1762 enim
1635 1695 1773 1748 Deus
1815 1696 1992 1750 lumen
2034 1703 2134 1760 est,

2243 493 2644 562 malignumque
2673 493 3049 558 substantiam,
3085 495 3422 564 bonitatique
3454 506 3856 568 repugnantem

2242 599 2362 640 esse
2390 585 2636 640 dicimus.
2667 585 2780 642 Duo
2811 587 2955 640 enim
2989 589 3264 658 proposita
3295 589 3398 644 sibi
3429 605 3528 660 per
3549 591 3861 644 contrarie-

2243 687 2428 745 tatem,
2465 695 2684 734 neeessc
2714 689 2796 734 est
2825 681 3047 734 alterna:
3089 681 3209 737 fore
3255 683 3558 750 perniciosa
3595 683 3862 738 substan-

2243 772 2347 836 tiae,
2361 771 2646 840 jurgiaque
2675 772 2778 826 sibi
2803 773 3136 842 sempiterna
3165 774 3464 844 parientia;
3491 782 3552 828 ut
3573 785 3702 845 pote
3729 791 3862 830 mu—

2243 864 2346 918 tuis
2377 864 2517 918 inter
2545 880 2608 918 se
2634 849 2906 937 pugnandi
2935 865 3378 922 contentionibus
3407 866 3677 936 obligata.
3705 870 3866 934 Quo-

2241 973 2358 1010 rum
2398 959 2441 1010 si
2487 973 2650 1012 unum
2677 959 3034 1028 superaverit,
3081 960 3198 1014 sine
3225 959 3390 1016 dubio
3419 963 3696 1016 contraria
3729 979 3864 1032 pars

2239 1047 2450 1102 devicta
2479 1050 2833 1104 consumitur.
2865 1049 3022 1117 Quod
3047 1053 3094 1106 si
3122 1067 3338 1122 semper
3365 1053 3712 1122 :equiparare
3743 1071 3866 1106 ma-

2241 1140 2410 1194 litiam
2449 1140 2682 1196 bonitati
2715 1143 3020 1210 voluerint;
3063 1142 3088 1180 ά
3122 1143 3496 1200 incessabilem
3521 1143 3690 1198 rebus
3719 1161 3864 1198 con—

2243 1231 2444 1286 llictum
2479 1233 2952 1304 eorruptelamque
2979 1233 3299 1304 subjicient,
3331 1233 3496 1288 modo
3535 1235 3864 1303 superanti-

2241 1320 2341 1376 bus
2363 1321 2590 1376 invicem
2615 1338 2675 1376 se
2699 1323 2958 1392 partibus,
2979 1323 3140 1378 modo
3167 1325 3270 1378 sibi
3293 1324 3634 1380 cedentibus.
3651 1324 3862 1378 Verum

2243 1412 2286 1466 si
2317 1412 2574 1474 malitiam
2606 1429 2636 1466 a
2663 1413 2908 1469 bonitate
2929 1417 3174 1486 superari
3213 1411 3587 1486 pronuntient.
3621 1435 3748 1488 qua:
3773 1435 3864 1474 ra—

2244 1504 2319 1558 tio
2350 1513 2430 1558 est
2464 1512 2520 1557 ut
2549 1511 2740 1560 natura
2768 1507 2985 1562 malitia:
3013 1524 3122 1564 non
3153 1508 3397 1566 videatur
3423 1508 3668 1566 funditus
3687 1511 3862 1566 inter-

2245 1592 2414 1647 iisse?
2464 1593 2555 1648 Sin
2585 1605 2606 1631 ο
2658 1606 2860 1662 autem,
2913 1597 3062 1666 quod
3109 1597 3290 1654 dicere
3335 1599 3488 1656 nefas
3535 1609 3644 1668 est,
3687 1603 3859 1658 utitor

2244 1685 2515 1754 quomodo
2543 1703 2648 1740 non
2682 1685 2908 1756 fugiunt,
2945 1698 3053 1744 tam
3093 1690 3416 1758 sacrilegam
3451 1693 3856 1763 blasphemiam

559 1788 788 1856 nquiunt
810 1828 823 1852 ,
864 1787 980 1842 sine
1021 1786 1183 1841 dubio
1229 1800 1534 1856 repugnans
1563 1788 1612 1840 ei
1641 1789 1807 1842 virtus
1837 1787 2138 1850 obscuritas
2167 1790 2214 1848 Β
2241 1777 2598 1848 proferentes.
2632 1779 2738 1836 Sed
2768 1798 2864 1836 nos
2893 1783 3153 1838 malitiam
3185 1784 3436 1840 nascendi
3461 1786 3796 1856 principium
3823 1803 3852 1840 a

543 1891 624 1938 est
644 1881 938 1937 secundum
977 1881 1240 1934 rationem
1282 1895 1492 1946 sensus,
1525 1897 1632 1934 non
1670 1895 1738 1934 ex
1767 1881 1872 1934 alio
1903 1881 2132 1954 quodam

541 1981 784 2030 mutuata
813 1973 1186 2038 substantiam,
1215 1970 1312 2026 sed
1340 1979 1421 2025 est
1443 1971 1642 2026 malitia
1674 1971 1754 2025 sui
1781 1972 2032 2040 geniti-ix,
2057 1974 2138 2026 la—

542 2067 638 2122 bes
679 2066 1000 2134 animarum,
1033 2065 1222 2118 mortis
1260 2063 1520 2124 eﬂeetrix,
1547 2063 1800 2134 probitati
1847 2067 2138 2135 contraria,

543 2173 702 2228 quam
731 2164 788 2211 et
814 2147 1129 2222 subsistere,
1161 2163 1216 2208 et
1245 2169 1274 2208 a
1323 2153 1432 2208 Deo
1455 2153 1480 2192 ι)
1513 2153 1706 2210 factam
1752 2171 1870 2210 esse
1917 2167 2140 2212 conten-

543 2250 692 2303 dunt.
729 2247 806 2301 Ex
832 2248 938 2302 hoc
967 2248 1128 2314 igitur
1156 2245 1302 2315 quod
1331 2261 1440 2300 non
1483 2247 1704 2324 impium
1753 2255 1806 2302 et
1857 2247 2138 2318 profanum

543 2341 732 2408 dogma
767 2337 1039 2408 tingatur?
1076 2336 1175 2404 Qui
1207 2354 1316 2392 non
1359 2338 1468 2408 lupi
1499 2347 1780 2408 raptores,
1822 2339 2143 2396 dilaniantes

544 2445 760 2500 gregem
815 2430 1044 2494 Domini,
1079 2445 1146 2484 ex
1197 2430 1296 2483 hac
1345 2445 1474 2484 voce
1521 2440 1795 2485 sumentes
1839 2432 2138 2496 exordium,

545 2525 878 2594 simplicibus
921 2523 1202 2576 animabus
1249 2523 1570 2592 obripiant?
1603 2523 1737 2580 llinc
1763 2525 2049 2580 Marcionis
2089 2533 2143 2580 et

546 2613 840 2680 Valentini,
869 2622 923 2668 et
952 2614 1296 2684 exsecrabilis
1327 2613 1744 2670 Maniclneorum
1784 2623 1929 2670 secta
1959 2633 2144 2670 mana-

547 2709 663 2762 vit:
710 2723 870 2776 quam
919 2706 1260 2776 putredinem
1307 2708 1426 2776 quis
1458 2705 1818 2762 Ecclesiarum
1861 2709 2144 2765 nominans

547 2815 654 2854 non
685 2798 963 2870 peccabit?
993 2797 1128 2864 Quid
1158 2799 1368 2867 longius
1399 2816 1426 2854 a
1461 2801 1686 2856 veritate
1723 2802 1944 2868 secedis,
1979 2818 2011 2856 ο
2039 2803 2144 2858 ito--

547 2907 658 2958 tuo,
692 2881 880 2946 causas
931 2891 1045 2961 ipse
1077 2891 1172 2946 tibi
1213 2891 1533 2962 perditionis
1572 2894 1879 2961 exquirens,
1927 2911 2050 2950 cum
2075 2897 2146 2950 sit

549 2973 727 3037 sermo
775 2983 1002 3052 simplex
1049 2991 1104 3036 et
1152 2984 1401 3038 omnibus
1451 2985 1687 3055 planus?
1730 2985 2032 3056 Invisibilis,
2059 2989 2142 3044 inv

549 3076 684 3144 quit,
731 3083 842 3128 erat
873 3083 1031 3128 terra.
1077 3073 1232 3128 Cur?
1263 3076 1389 3144 quia
1435 3077 1688 3133 videlicet
1734 3080 2036 3150 superjccta
2067 3081 2143 3136 illi

2242 1869 2356 1926 Deo
2385 1881 2491 1926 non
2524 1874 2797 1944 accepisse
2825 1875 2927 1930 hac
2957 1877 3166 1932 ratione
3209 1877 3512 1944 ﬁrmamus,
3559 1879 3682 1948 quia
3711 1881 3847 1934 nihil

2245 1981 2430 2020 eormn
2454 1983 2572 2035 qua:
2613 1967 2714 2020 sibi
2761 1970 3032 2024 contraria
3064 1977 3208 2038 sunt,
3249 1979 3435 2040 potest
3463 1973 3544 2026 sui
3571 1972 3844 2042 quidpiam

2244 2071 2504 2126 generare
2535 2055 2552 2095 ί
2589 2051 2867 2116 dissimile.
2902 2060 3088 2132 Neque
3117 2063 3258 2116 enim
3291 2063 3374 2118 vel
3405 2079 3478 2118 ex
3517 2065 3630 2118 vita
3661 2067 3850 2120 mortis

2245 2151 2397 2220 origo
2427 2152 2719 2220 processit,
2751 2153 2836 2206 vel
2867 2154 3116 2210 tenebras
3161 2163 3376 2210 constat
3429 2172 3460 2210 a
3491 2157 3616 2212 luce
3663 2155 3853 2212 forma-

2247 2251 2349 2308 tas,
2377 2243 2462 2298 vel
2493 2260 2560 2300 ex
2586 2245 2903 2316 aegritudine
2947 2248 3276 2314 sanitatem;
3325 2249 3420 2304 sed
3457 2250 3512 2304 in
3561 2249 3846 2306 affectuum

2245 2335 2638 2390 mutationibus
2665 2352 2878 2408 semper
2901 2354 2968 2392 ex
2999 2339 3284 2394 contrariis
3305 2339 3373 2393 ad
3389 2341 3676 2396 contraria
3691 2350 3846 2396 trans-

2247 2429 2478 2484 lationes
2552 2429 2877 2486 el‘liciuntu‘r.
2931 2433 2988 2487 In
3042 2433 3410 2489 nativitatibus
3457 2449 3596 2488 vero
3639 2453 3744 2490 non
3783 2451 3846 2490 ex

2248 2521 2554 2588 contrariis,
2587 2523 2682 2578 sed
2703 2539 2770 2578 ex
2799 2525 3062 2580 similibus
3093 2541 3179 2580 res
3223 2541 3568 2596 unaquaaque
3595 2527 3840 2582 succedit.

2246 2612 2408 2682 Ergo,
2458 2615 2723 2684 inquiunt,
2769 2616 2814 2670 si
2863 2633 3038 2686 neque
3091 2619 3354 2686 genitales
3403 2627 3538 2672 sunt
3593 2620 3830 2682 tene-bne,

2249 2721 2425 2774 neque
2457 2721 2524 2760 ex
2555 2705 2666 2761 Deo
2699 2705 2872 2772 taetre,
2913 2709 3053 2764 unde
3085 2709 3188 2764 illis
3216 2710 3368 2780 origo
3399 2719 3486 2764 est
3515 2712 3540 2764 ‘?
3571 2711 3702 2766 Nam
3731 2713 3837 2780 quia

2250 2795 2357 2850 sint
2380 2805 2404 2843 κ
2435 2797 2609 2864 malm,
2665 2797 2837 2854 nullus
2872 2797 3028 2852 audet
3069 2813 3371 2870 repugnare
3419 2801 3680 2857 vivorum.
3711 2800 3834 2866 Quid

2250 2905 2378 2959 ergo
2409 2909 2508 2946 nos
2548 2891 2817 2966 dicimus?
2858 2892 2992 2960 Quia
3023 2893 3220 2948 malum
3262 2905 3346 2949 est
3375 2912 3490 2950 non
3519 2897 3680 2966 aliqua
3717 2896 3822 2950 viva

2251 2991 2304 3038 et
2335 2985 2944 3050 :mimata'substantia,
2993 2985 3088 3040 sed
3131 2985 3356 3042 allectus
3405 2988 3618 3058 quidam
3661 2988 3830 3064 virtuti

2251 3077 2586 3146 contrarius,
2616 3085 2670 3130 et
2694 3095 2722 3131 a
2755 3078 2996 3133 bonitate
3025 3077 3267 3147 dejectus
3290 3122 3304 3144 ,
3337 3088 3394 3134 et
3425 3081 3480 3134 in
3511 3080 3838 3152 pravissimo-

551 3167 724 3223 fuerat
754 3169 993 3238 abyssus.
1022 3165 1212 3238 Abyssi
1235 3176 1412 3221 autem
1433 3170 1522 3237 qui
1547 3177 1629 3223 est
1659 3171 1974 3238 intellectus,
2009 3189 2146 3242 aqua
2175 3169 2224 3231 C
2255 3186 2374 3224 rum
2397 3169 2666 3225 mentibus
2686 3171 2998 3225 collocatus.

551 3259 714 3313 nimia
749 3257 1010 3312 inlinitum
1041 3258 1244 3312 habens
1273 3257 1614 3327 profundum.
1651 3259 1756 3314 Sed
1794 3262 2008 3330 scimus,
2065 3264 2146 3318 iu-

551 3354 761 3424 quiunt,
795 3353 964 3408 multa
1000 3368 1230 3422 corpora
1281 3343 1442 3406 etiam
1503 3369 1600 3424 per
1640 3339 1834 3423 aquam
1866 3368 1883 3392 τ’
1917 3356 2148 3424 lucidam

549 3439 874 3516 plerumque
912 3443 1163 3514 spectari.
1193 3441 1476 3508 Quomodo
1506 3459 1635 3512 ergo
1682 3453 1809 3500 tunc
1849 3447 1991 3502 nulla
2023 3465 2146 3518 pars

550 3548 708 3592 terrae
739 3553 836 3608 per
864 3552 1030 3606 aquas
1079 3535 1508 3592 ostendebatur?
1535 3539 1790 3606 quoniam
1823 3540 2022 3596 lumine
2051 3559 2144 3598 ca-

550 3629 724 3690 rebat,
757 3621 812 3680 et
833 3627 1151 3682 obscuratus
1179 3635 1294 3682 erat
1315 3627 1489 3681 adhuc
1515 3627 1828 3698 superfusus
1851 3633 2004 3700 aquis
2031 3648 2142 3688 aer.

551 3719 683 3775 Nam
713 3734 834 3772 cum
863 3717 994 3772 radii
1025 3719 1155 3773 solis
1201 3733 1394 3786 aquam
1441 3724 1864 3788 penetraverint,
1915 3726 2150 3780 calculos

549 3827 646 3868 eos
675 3803 766 3880 qui
793 3810 1058 3864 habentur
1097 3809 1147 3862 in
1199 3809 1367 3864 altmn
1394 3826 1534 3880 smpe
1563 3813 1922 3882 prospicimus
1967 3834 1977 3864 :
2008 3819 2150 3886 quod

551 3911 697 3956 certe
729 3901 874 3956 nullo
929 3901 1089 3955 modo
1139 3897 1252 3955 ﬁeri
1284 3911 1444 3956 nocte
1496 3911 1695 3972 potest.
1727 3901 1904 3960 Causa
1936 3922 2064 3976 ergo
2096 3917 2152 3961 ut

551 3993 694 4040 esset
719 3995 861 4041 terra
893 3985 1189 4050 invisibilis,
1221 3987 1544 4056 superjeetio
1571 3986 1669 4042 fuit
1699 4006 1982 4060 aquarum.
2017 3991 2154 4048 Dicit

551 4080 694 4132 enim
738 4079 986 4150 abyssum
1037 4079 1213 4142 fuisse,
1258 4081 1348 4149 qui
1402 4081 1704 4136 retardaret
1737 4087 2061 4153 aspectum:
2098 4096 2152 4142 et

551 4170 666 4239 ipsa
699 4171 922 4239 abyssus
951 4169 1235 4223 obseurala
1275 4178 1408 4223 erat.
1441 4167 1582 4239 Ergo
1615 4189 1714 4227 nec
1743 4174 1994 4246 abyssum
2021 4195 2152 4232 eon-

553 4261 840 4314 trariarum
889 4262 1146 4314 virtutum
1191 4262 1608 4329 multitudinem,
1661 4274 1718 4318 ut
1767 4267 1982 4335 quidam
2015 4268 2149 4326 falso

630 4383 652 4408 ει
694 4369 831 4425 Editi
874 4379 928 4426 et
962 4371 1114 4428 Colb.
1147 4374 1370 4444 primus,
1405 4392 1514 4446 quo
1557 4387 1696 4432 nota:
1727 4388 1864 4434 siml.
1909 4381 2010 4437 Alii
2039 4385 2145 4442 duo

555 4459 713 4514 mss.,
741 4459 837 4512 quo
858 4453 1005 4514 nium
1041 4455 1196 4509 sunt;
1223 4453 1276 4499 et
1305 4447 1375 4499 ita
1405 4445 1689 4514 legendum
1719 4465 1837 4505 esse
1860 4456 2147 4509 ostendunt

479 4573 482 4576 ,
555 4513 826 4597 Βίὶὸίῃέὶριὶὶ
854 4513 963 4597 illa,
1079 4519 1178 4588 γὰρ
1211 4519 1390 4597 σκρτος
1437 4513 1536 4590 οὐχ
1569 4523 1636 4597 ᾡς
1663 4525 1875 4594 πέφυκεν
1908 4528 2144 4597 ἐξηγοςν,

555 4611 658 4642 ται.
687 4583 888 4658 Ibidem
919 4583 1692 4658 Colb.secundus,'queindam
1721 4583 2138 4650 cibaruraiuin....

553 4659 788 4730 corporis
831 4654 1207 4730 obumbratum.
1253 4654 1551 4730 Aliqua-nlo,
1590 4671 1712 4730 post
1763 4663 1902 4716 idem
1949 4666 2116 4722 codex

555 4697 787 4739 ..,._,..,_...,
1253 4697 1542 4742 ..μη-ωητιυ
1591 4697 1712 4742 μενοι
1763 4697 1902 4744 ,ξηηι
1949 4697 2139 4746 υγυω,
2175 4697 2226 4758 D

555 4743 865 4800 prmczptum
887 4728 1239 4800 aduersarium
1258 4729 1506 4800 bonitatis
1530 4729 1646 4786 Det.
1673 4731 1911 4789 Subinde
1939 4737 2026 4792 hic
2055 4738 2145 4793 ille

556 4799 669 4870 ipse
687 4795 881 4870 codex,
907 4795 1044 4852 labes
1061 4799 1359 4870 animabus.

629 4868 654 4906 b
687 4867 846 4922 Colb.
881 4869 1168 4950 secundus,
1217 4875 1409 4950 factum
1448 4883 1780 4950 contemnunt
1803 4892 1820 4929 :
1845 4877 1938 4932 sed
1973 4893 2146 4950 neque

557 4941 886 5019 bam-neque
917 4940 1124 5019 vulgata
1156 4941 1409 5019 lectione,
1452 4943 1634 5019 Graeca
1671 4947 1809 5002 bene
1833 4940 2144 5019 exprimun-

556 5019 663 5065 tur.
689 5009 854 5078 Igitur
885 5010 929 5064 si
961 5011 1080 5079 quis
1114 5013 1293 5081 cupiat
1322 5009 1642 5068 sententiam
1687 5009 1971 5074 verborum
2005 5021 2149 5078 Basi-

555 5084 610 5137 lii
643 5081 1320 5158 perspectatp“habere,_ei
1351 5093 1549 5158 auctor,
1567 5103 1680 5142 smn
1715 5097 1770 5141 ut
1818 5091 1992 5158 ipsum
2029 5093 2146 5147 fon-

555 5149 664 5232 tem
695 5149 872 5232 adeat.
921 5149 1134 5208 Rursus
1153 5153 1321 5232 βοῇ).
1353 5157 1636 5232 secundus,
1679 5149 1960 5232 ﬁngitur...
2001 5159 2145 5218 obri-

556 5224 724 5295 piunt.
771 5219 994 5294 Insuper
1033 5233 1098 5276 eo
1151 5219 1381 5316 inlibro
1421 5223 1518 5298 pro
1553 5219 1781 5300 raptores
1821 5231 2013 5298 legitur
2061 5253 2149 5288 ra-

594 5313 727 5348 (ισθδ.
905 5313 916 5318 ’

555 5313 860 5439 ῄαέθῖςὲὰἱιῇ,
902 5365 1092 5439 lucida.
1127 5365 1313 5439 Codex
1346 5375 1531 5422 noster
1571 5377 1625 5422 et
1654 5367 1809 5425 Colb.
1861 5375 2146 5439 secundus,

560 5436 802 5512 lucidum.
823 5435 882 5492 ln
903 5435 1114 5502 Graeco,
1141 5437 1203 5493 δι’
1221 5435 1403 5498 ὕδατος
1427 5439 1728 5512 λεπτοτέρον
1755 5448 1837 5496 καὶ
1867 5443 2109 5512 διαυγοῦς

575 5509 894 5584 ibi_voee_m
953 5513 1262 5584 igzroré‘aop
1331 5511 1582 5584 omissam
1624 5509 1904 5584 videmus.
1971 5509 2152 5571 Utrius

575 5575 739 5632 mte'm
771 5578 928 5654 culpa
952 5575 1002 5654 id
1029 5575 1308 5654 evenerit,
1347 5581 1662 5654 interpretis
1695 5598 1760 5636 an
1793 5581 2032 5652 librarii,
2063 5604 2153 5642 ne-

565 5649 1100 5768 :no;%piiior,'-ﬁleile
1129 5652 1340 5705 dixerit.
1503 5649 1514 5654 ’
2020 5649 2027 5652 ’
2117 5659 2122 5662 ’

638 5717 672 5751 δ’
692 5747 702 5760 -·
751 5719 864 5768 diti:
887 5721 1302 5768 inﬂrcnssnbilpm
1335 5721 1482 5768 rebus
1514 5727 1805 5768 rnnﬂirmm
1858 5727 1991 5768 mulo
2047 5729 2116 5768 An

638 5717 864 5795 d°?fl'3tiiti;
882 5717 1302 5795 inaccessabilem
1335 5721 1482 5776 rebus
1514 5727 1828 5795 conﬂictum,
1858 5727 2012 5782 male.
2039 5729 2148 5784 An—

569 5785 1022 5860 tiqui-‘Ims‘libri,
1059 5793 1430 5848 incessabilem.
1465 5785 1720 5872 DiSplicct
1759 5785 1939 5856 autem
1987 5799 2148 5859 lectio

2327 3261 2378 3314 5.
2422 3261 2761 3334 Quapropter
2807 3263 2933 3318 nolo
2983 3271 3038 3317 te
3086 3264 3286 3317 malum
3335 3273 3662 3320 extraneum
3711 3263 3848 3318 arbi-

2255 3354 2417 3414 trari,
2453 3371 2554 3409 nec
2585 3353 2726 3409 idem
2765 3341 3120 3426 principalem
3159 3365 3408 3410 naturam
3451 3357 3706 3425 nequitia:
3737 3371 3852 3426 μυξη

2253 3443 2433 3498 sitiens
2459 3445 2667 3510 opinari
2698 3464 2709 3497 :
2743 3445 2836 3500 sed
2865 3461 2974 3500 suae
3003 3447 3230 3516 quisque
3258 3439 3476 3502 malitia:
3521 3444 3550 3482 ³³
3579 3463 3640 3501 se
3668 3459 3854 3502 auclo-

2256 3551 2371 3589 rem
2419 3551 2536 3590 esse
2586 3545 2894 3605 cognoscat.
2949 3534 3150 3590 Eorum
3203 3537 3346 3592 enim
3393 3553 3514 3606 quae
3557 3538 3712 3592 nobis
3741 3554 3858 3591 eve~

2260 3627 2433 3692 niunt,
2471 3627 2574 3682 alia
2598 3637 2720 3682 sunt
2743 3645 2810 3683 ex
2837 3635 3048 3694 natura,
3075 3628 3128 3682 id
3149 3638 3232 3683 est
3253 3639 3498 3684 senectus
3525 3637 3580 3682 et
3603 3629 3850 3696 languor;

2260 3721 2362 3774 alia
2395 3727 2586 3792 sponte
2608 3720 2922 3786 succedunt,
2951 3720 3002 3774 id
3027 3729 3110 3775 est
3129 3722 3332 3776 fortuiti
3353 3737 3518 3782 casus,
3541 3721 3633 3790 qui
3655 3721 3846 3776 alienis

2257 3827 2286 3865 a
2319 3827 2378 3866 se
2409 3813 2726 3884 plerumque
2762 3813 2991 3880 negotiis
3022 3813 3350 3868 incursantes
3369 3813 3452 3868 vel
3477 3813 3716 3866 lzetitiam
3743 3829 3854 3866 uo-

2255 3905 2340 3960 bis
2371 3905 2620 3972 all‘erunt,
2655 3907 2738 3961 vel
2767 3923 3078 3976 maerorem,
3112 3909 3252 3964 sicut
3279 3917 3498 3979 puteum
3526 3907 3860 3962 fodientibus

2259 3997 2493 4052 oreurrit
2542 3997 2782 4052 thesauri
2831 3999 3053 4054 latentis
3106 3999 3379 4064 inventio;
3431 4009 3522 4054 aut
3563 4002 3633 4054 ad
3685 3999 3864 4057 forum

2263 4089 2607 4157 pergentibus
2659 4089 2716 4143 lit
2756 4091 2968 4144 obviam
3017 4092 3190 4145 rabidi
3221 4093 3370 4148 canis
3411 4095 3698 4148 adventus.
3749 4095 3868 4148 Alia

2261 4199 2390 4236 vero
2422 4181 2474 4236 in
2509 4191 2690 4236 nostra
2720 4191 2844 4236 sunt
2870 4191 3137 4253 potestate
3163 4203 3173 4236 :
3207 4185 3346 4240 sicut
3387 4187 3734 4256 voluptatum
3765 4185 3868 4240 fre-

2264 4275 2439 4329 narei
2480 4275 2791 4346 cupidines‘,
2841 4287 3141 4346 temperare
3189 4275 3475 4342 libidines,
3529 4279 3870 4334 iracundiam

2255 4389 2418 4458 prior.
2465 4406 2570 4444 non
2613 4392 2756 4458 quod
2799 4393 2976 4448 minus
3021 4391 3212 4446 Latina
3239 4394 3338 4457 sit,
3371 4411 3494 4450 cum
3527 4396 3656 4448 alia:
3691 4395 3872 4452 multae

2253 4459 2611 4534 ejusAgeneris
2643 4463 2694 4515 in
2735 4461 2836 4534 hac
2873 4463 3322 4534 interpcetatione
3369 4466 3747 4533 reperiantur,
3777 4469 3872 4522 sed

2251 4531 2396 4618 quod
2445 4531 2512 4586 ad
2551 4547 2740 4587 vocem
2773 4531 3034 4588 Gtmcam'
3059 4531 3464 4608 accommodari
3513 4553 3632 4592 non
3679 4541 3868 4609 possit,

2251 4625 2559 4662 απανστως.

2327 4685 2349 4707 υ
2381 4671 2544 4747 _Co_lb.
2589 4675 2876 4738 secundus,
2908 4677 2989 4747 sin
3017 4686 3190 4730 autem
3233 4695 3268 4732 α
3305 4679 3510 4734 malitia
3557 4680 3872 4747 bonitatem,

2253 4745 2588 4817 quod_dicere
2616 4747 2764 4817 nefas
2803 4757 2896 4801 est.
2927 4745 2986 4800 ld
3017 4747 3232 4816 plenius
3259 4749 3478 4817 quidem
3521 4767 3660 4808 esse
3689 4762 3748 4808 et
3775 4745 3876 4808 cla-

2254 4817 2366 4868 rius
2391 4814 2592 4881 fateor;
2627 4814 2718 4870 sed
2753 4829 2944 4874 vereor
2970 4814 3034 4870 ne
3055 4819 3182 4886 quid
3205 4814 3454 4876 librarius
3481 4822 3554 4876 de
3587 4839 3698 4878 suo
3727 4825 3876 4878 addi—

2252 4885 2411 4950 derit,
2444 4903 2562 4941 cnm
2593 4886 2908 4956 simpliciter
2938 4885 3087 4958 apud
3107 4887 3364 4944 Basilium
3395 4891 3639 4959 legatur,
3676 4903 3722 4948 εἰ
3853 4896 3876 4948 ὃ

2253 4965 2322 5028 μὴ
2348 4960 2484 5038 rigui;
2507 4962 2684 5020 simia.
2709 4962 2974 5028 Θαυμάζω,
3007 4961 3088 5013 sin
3124 4962 3314 5025 "tinus,
3343 4963 3480 5032 quod
3509 4965 3704 5020 dicere
3733 4969 3876 5038 nefas

2255 5037 2350 5092 est,
2383 5029 2562 5096 miror,
2589 5037 2694 5082 etc.

2335 5099 2349 5134 τ
2393 5098 2548 5154 Colb.
2580 5101 2864 5164 secundus,
2899 5103 3184 5156 consimile.
3219 5103 3298 5157 Ad
3329 5103 3558 5160 verbum
3595 5107 3674 5160 ita
3711 5109 3876 5162 inter-

2257 5169 2756 5242 pretabimuquuia
2804 5171 2934 5242 nihil
2973 5175 3352 5228 contrariorum
3397 5193 3428 5227 α
3471 5181 3762 5234 contrario
3789 5197 3878 5232 suo

2259 5252 2552 5326 generatur.
2585 5241 2762 5326 Verba
2792 5241 2980 5326 Graeca
3029 5244 3142 5298 lucc
3171 5254 3315 5326 sunt,
3345 5245 3438 5326 §ui
3468 5251 3533 5326 ςὸ
3581 5251 3752 5326 tineis:
3783 5261 3878 5306 τῶν

2261 5315 2492 5385 Eva-ariam
2521 5317 2660 5385 πᾳρά
2683 5321 2775 5368 τοῦ
2805 5317 3027 5369 ἐναντίην
3059 5320 3303 5384 γινέσθαι.
3344 5315 3542 5371 Statim
3582 5315 3760 5375 Colb.
3793 5337 3876 5376 SC-

2260 5381 2483 5454 eundus,
2511 5399 2544 5434 a
2574 5381 2684 5454 lure
2703 5385 2964 5454 ﬁrmatas,
2994 5381 3100 5438 non
3135 5387 3206 5438 ita
3237 5395 3404 5442 recte.
3433 5385 3698 5446 Subinde
3725 5393 3873 5453 editi,

2261 5452 2328 5504 ad
2358 5448 2556 5522 contra.
2591 5448 2732 5508 Libri
2765 5448 2994 5522 antiqui,
3027 5455 3096 5508 ad
3116 5460 3402 5511 contraria.

2334 5534 2356 5566 Β
2397 5519 2542 5576 Libri
2573 5533 2800 5588 veteres,
2829 5519 2988 5578 mula.

2334 5592 2360 5627 ιι
2391 5591 2553 5662 Editi,
2571 5605 2814 5648 actorem.
2835 5597 2990 5648 Colb.
3016 5598 3304 5662 secundus.
3329 5609 3624 5656 quaterent.
3653 5603 3714 5658 lu
3739 5599 3874 5658 Ger~

2263 5679 2346 5744 eo,
2379 5665 2634 5738 ἀρχηγόν.
2659 5665 2803 5718 Idem
2835 5667 3092 5720 tuendum
3133 5667 3410 5740 aliquanto
3439 5679 3576 5726 ante
3607 5673 3873 5728 eluenda-

2261 5749 2453 5789 VlmllS.
3067 5753 3069 5756 ’

2335 5802 2350 5841 ί
2395 5801 2562 5876 Editi,
2593 5807 2920 5880 cupiditates.
2956 5809 3026 5868 At
3046 5809 3218 5884 nostri
3247 5819 3356 5886 tres
3381 5827 3542 5886 ωδε..
3569 5815 3870 5890 cupidines.
