4110 6336
1264 462 1663 518 HEXAEMERI
1705 461 2183 521 METAPHRASIS
2223 466 2421 522 LIBER
2458 468 2515 523 ll.

3405 430 3509 523 sse

257 578 533 641 cohibere;
559 576 641 631 vel
668 577 1005 645 instigantem
1030 578 1217 640 vitare,
1243 576 1325 630 vel
1351 577 1631 631 veritatem
1659 576 1829 648 sequi,
1859 581 1908 640 Α
1939 596 2051 635 ram
2081 583 2407 638 rotunditate
2441 586 2749 639 conclusum
2770 623 2784 646 ,
2819 582 3018 638 habens
3040 598 3234 652 corpus
3258 583 3506 651 spissum,

257 671 337 723 vel
360 668 539 723 odisse
560 668 915 732 mendacium,
940 669 1123 724 mitem
1152 666 1390 724 moribus
1420 686 1538 724 esse
1569 671 1646 725 vel
1680 686 1831 741 aspe-

258 776 390 831 rum,
423 759 680 813 humilem
710 758 793 813 vel
823 760 1042 814 elatum.
1076 760 1310 827 Quarum
1342 760 1501 829 igitur
1528 776 1703 815 rerum
1730 760 1828 816 do—

257 852 380 905 mini
413 851 688 916 habemur,
721 864 903 906 earum
935 852 1147 906 aliunde
1182 868 1288 906 non
1326 861 1630 918 mutuamur
1659 853 1825 907 initia.

256 942 434 1011 Itaque
464 956 790 1010 recognosce
829 943 955 1013 quia
994 944 1134 1014 quod
1166 944 1381 1014 proprie
1405 944 1600 998 malum
1629 953 1737 1008 est,
1765 963 1828 1000 ex

254 1034 551 1088 commissis
578 1034 781 1088 arbitrii
813 1035 963 1089 liberi
985 1035 1133 1105 capit
1156 1035 1451 1090 exordium.
1485 1034 1666 1104 Neque
1689 1038 1828 1090 enizn

248 1127 297 1180 si
327 1127 525 1181 malum
557 1142 625 1181 ex
648 1127 968 1182 necessitate
996 1127 1363 1193 descenderet,
1398 1135 1575 1182 tantus
1605 1144 1831 1197 poet-aa;-

253 1216 391 1272 tibus
419 1216 593 1286 legum
620 1226 796 1271 metus
824 1217 1161 1287 incumberet
1186 1236 1197 1270 :
1225 1212 1319 1271 aut
1335 1216 1542 1288 judices
1572 1216 1828 1287 supplicia

253 1309 551 1363 criminosis
598 1308 756 1377 digna
795 1316 1108 1365 statuerent.
1181 1308 1303 1365 Haec
1352 1309 1481 1363 mihi
1537 1309 1677 1364 dicta
1726 1309 1833 1361 sint

246 1415 413 1470 super
457 1415 523 1455 eo
575 1401 717 1469 quod
762 1402 977 1471 proprie
1022 1401 1219 1456 malum
1270 1408 1371 1459 est.
1438 1401 1830 1470 Egritudincm

250 1509 378 1549 vero
400 1496 486 1549 vel
516 1504 807 1563 egestatem
828 1535 841 1560 ,
873 1504 963 1550 aut
990 1496 1357 1565 ignominiam,
1384 1504 1437 1552 et
1463 1498 1565 1552 alia
1594 1512 1713 1566 qua:
1741 1513 1830 1553 su-

250 1584 361 1639 lent
397 1584 736 1640 uttestiticare
784 1587 1076 1651 mortales,
1120 1596 1146 1625 ι
1187 1587 1411 1642 necdum
1462 1588 1513 1643 in
1568 1588 1829 1643 malorum

250 1689 445 1731 censeo
482 1683 687 1745 partem
726 1676 1008 1747 ponenda;
1048 1677 1170 1745 quia
1204 1694 1301 1732 nec
1330 1694 1514 1732 eorum
1547 1677 1829 1732 contraria:

251 1782 423 1823 causae
491 1768 541 1821 in
599 1770 845 1823 maximis
894 1768 1158 1824 bonorum
1208 1771 1419 1825 sedibus
1462 1771 1826 1825 collocantur:

246 1875 474 1928 quorum
524 1860 625 1913 alia
674 1868 799 1914 sunt
838 1862 1120 1927 naturalia,
1164 1878 1281 1930 qua:
1323 1862 1635 1931 plerumque
1676 1862 1829 1917 nobis

1934 686 1989 731 et
2016 676 2152 730 adeo
2180 675 2411 731 validum
2436 716 2450 739 ,
2501 683 2558 729 ut
2585 675 2755 745 possit
2792 690 2854 731 ea
2901 690 3020 744 quae
3048 674 3382 730 extrinsecus
3408 673 3508 727 ba-
3592 720 3598 741 ,

1932 768 2126 822 bentur
2168 767 2235 822 ab
2276 766 2620 821 interioribus
2645 781 2928 835 separare;
2959 767 3029 822 ob
3058 766 3164 821 hoc
3202 766 3505 821 necessario

1932 866 2057 929 post
2083 872 2141 911 se
2162 858 2437 925 regionem
2468 857 2706 912 relictam
2724 897 2739 922 ,
2771 866 3042 912 carentem
3073 857 3189 912 luce
3208 857 3504 914 constituit.

1933 958 2145 1017 utpote
2190 947 2397 1015 fulgore
2442 948 2536 1016 qui
2572 946 2803 1017 desuper
2849 948 3090 1011 radiabat
3116 947 3359 1003 excluso.
3384 945 3504 1000 Tria

1936 1041 2077 1095 enim
2120 1039 2277 1094 simul
2324 1047 2540 1109 oportet
2582 1039 2636 1093 in
2664 1040 2851 1095 umbra
2892 1038 3132 1096 facienda
3161 1053 3503 1101 concurrere,

1937 1131 2133 1193 lucem,
2165 1145 2391 1200 corpus,
2421 1136 2477 1184 et
2515 1130 2856 1185 obscuratum
2880 1130 3078 1187 locum.
3120 1128 3260 1197 Ergo
3282 1128 3502 1185 munda:

1939 1238 2030 1277 nas
2076 1221 2354 1283 tenebras,
2397 1236 2464 1275 ex
2488 1220 2695 1277 .umbra
2736 1221 2941 1277 caelesti
2970 1221 3213 1291 corporis
3239 1220 3506 1276 exstitisse

1932 1313 2206 1369 sciendum
2246 1322 2346 1367 est.
2389 1311 2467 1366 Tu
2508 1328 2635 1367 vero
2680 1328 2776 1383 per
2820 1313 3124 1383 exemplum
3169 1309 3504 1366 manifestum

1933 1406 2150 1462 adverte
2174 1421 2295 1476 quae
2318 1405 2563 1459 dicimus.
2614 1403 2673 1460 Si
2698 1405 2797 1459 sub
2822 1406 3128 1461 meridianis
3155 1404 3301 1459 boris
3330 1403 3502 1458 tabero

1933 1498 2183 1553 naculum
2232 1497 2326 1551 tibi
2378 1495 2647 1565 quoddam
2677 1510 2744 1549 ex
2786 1497 3009 1550 materia
3040 1496 3205 1551 densa
3251 1494 3408 1549 nimis
3452 1501 3506 1548 et

1933 1604 2102 1660 opaca
2130 1587 2434 1643 fundaveris
2457 1629 2472 1655 ,
2517 1587 2568 1641 in
2609 1587 2919 1655 spontaneis
2956 1595 3007 1641 te
3048 1586 3242 1642 ibidem
3271 1586 3504 1642 tenebris

1932 1680 2240 1736 cullocabis.
2285 1678 2441 1734 Tales
2468 1692 2596 1747 ergo
2620 1685 2675 1732 et
2704 1677 2823 1732 illas
2842 1678 3091 1732 tenebras
3118 1693 3236 1734 esse
3261 1678 3505 1748 opinare,

1935 1789 2041 1828 nun
2070 1771 2433 1842 principaliter
2459 1770 2773 1826 substitutas
2795 1810 2811 1833 ,
2840 1767 2935 1823 sed
2961 1784 3271 1839 processum
3299 1777 3507 1825 secutas

1932 1854 2171 1919 alterius.
2216 1864 2321 1918 llas
2355 1872 2535 1919 autem
2579 1863 2828 1919 tenebras
2869 1860 3050 1917 ferunt
3095 1862 3287 1932 abysso
3314 1876 3505 1930 snper-

251 1953 497 2008 videntur
524 1954 726 2009 utiliter
747 1954 983 2008 evenire.
1026 1953 1365 2023 Quapropter
1387 1955 1411 1991 b
1436 1964 1736 2023 suspectam
1761 1953 1827 2009 de
1859 1955 1902 2013 Β
1931 1958 2058 2011 ferri
2085 1975 2096 2010 :
2129 1958 2252 2026 quia
2283 1956 2593 2011 extremitas
2636 1954 2779 2010 aeris
2818 1954 2975 2009 solita
3004 1962 3087 2008 est
3113 1951 3362 2022 conjungi
3388 1967 3507 2007 cor.

249 2045 485 2100 moribus
533 2047 897 2099 narrationem
961 2049 1011 2100 in
1067 2047 1350 2115 prtusentia
1402 2057 1823 2116 compescentes,

248 2136 736 2191 considerationem
782 2137 960 2204 potius
1007 2137 1348 2189 tenebrarum
1398 2136 1730 2205 simpliciter,
1764 2154 1827 2191 ac

212 2210 363 2282 'sine
418 2227 527 2281 ulla
575 2225 865 2280 calliditate
916 2227 1111 2281 nostris
1168 2228 1433 2281 mentibus
1479 2228 1824 2281 attrabamus.

249 2321 481 2390 Flagitat
504 2328 683 2375 autem
714 2336 891 2375 sermo
916 2322 1056 2376 seire
1081 2339 1207 2385 nos,
1243 2324 1286 2377 si
1318 2325 1548 2377 tencbrm
1570 2340 1831 2392 congene-

250 2419 382 2466 rata!
411 2420 538 2467 sunt
572 2412 801 2474 mundo,
822 2415 932 2467 'etsi
962 2416 1259 2469 anteriores
1290 2416 1535 2486 putanda:
1559 2427 1682 2470 sunt
1712 2434 1830 2471 esse

249 2520 408 2574 quam
437 2505 549 2558 lux.
592 2504 744 2569 Quod
773 2506 816 2559 si
848 2506 919 2559 ita
961 2516 1073 2568 est,
1118 2523 1213 2561 cur
1240 2507 1475 2562 deterior
1501 2525 1583 2562 res
1609 2509 1829 2562 meliore

252 2595 479 2649 habetur
504 2597 811 2666 antiquior?
834 2596 1146 2668 Quanquam
1172 2614 1470 2653 asseramus
1492 2601 1585 2653 has
1615 2617 1831 2670 quoque

252 2688 499 2742 tenebras
541 2703 647 2743 non
684 2698 751 2743 ex
792 2689 873 2742 sui
912 2696 1159 2743 constare
1188 2689 1481 2743 substantia
1506 2731 1520 2753 ,
1573 2690 1665 2743 sed
1712 2706 1829 2745 esse

254 2780 437 2834 vitium
465 2780 733 2849 quoddam
764 2780 814 2833 in
848 2794 1004 2843 aere,
1046 2781 1314 2834 subtracta
1346 2780 1462 2834 luce
1503 2780 1821 2835 confectum.

250 2868 318 2923 Et
363 2885 542 2923 rursus
581 2870 922 2938 quarrendum
979 2879 1057 2923 cst
1116 2885 1217 2938 qua
1262 2870 1378 2925 luce
1434 2872 1583 2926 locus
1646 2873 1829 2927 mundi

250 2968 472 3029 repente
521 2963 759 3031 privatus
786 2970 887 3016 est.
945 2961 1277 3016 Arbitramur
1305 2963 1445 3016 enim
1496 2964 1617 3032 quia
1659 2963 1705 3017 si
1735 2963 1831 3017 fuit

248 3048 546 3120 quidpiam,
579 3060 701 3106 ante
732 3052 1119 3106 institutionem
1146 3052 1413 3107 sensibilis
1442 3053 1597 3121 hujus
1626 3062 1679 3107 et
1707 3069 1829 3107 cor-

248 3142 516 3211 ruptibilis
544 3143 763 3207 mundi,
815 3141 1052 3212 profectu
1086 3159 1134 3197 tn
1166 3143 1283 3198 luce
1312 3142 1429 3197 fuit.
1473 3142 1655 3213 Neque
1685 3143 1828 3198 enim

246 3237 482 3305 dignitas
508 3238 817 3306 angelorum
843 3277 856 3300 ,
892 3252 989 3292 nec
1014 3239 1250 3291 omnium
1280 3237 1574 3292 cmlestium
1605 3238 1829 3303 militim,

1928 2067 2121 2122 purum
2150 2051 2449 2121 speciebus.
2494 2048 2600 2104 Sed
2626 2061 2645 2087 τ
2674 2058 2803 2104 tunc
2828 2062 2965 2116 aqua
3000 2054 3117 2102 erat
3140 2043 3389 2100 omnibus
3414 2060 3507 2099 su-

1930 2142 2165 2212 perjecta
2192 2184 2204 2207 ,
2250 2150 2470 2212 propter
2511 2140 2654 2210 quod
2700 2138 3007 2195 necessario
3053 2137 3303 2192 tenebras
3349 2150 3507 2205 super

1931 2237 2186 2306 abyssum
2209 2235 2370 2289 fuisse
2390 2234 2617 2289 relatum
2648 2241 2748 2288 est.

2003 2329 2047 2379 ti.
2095 2326 2164 2379 Et
2192 2327 2431 2397 spiritus,
2466 2323 2666 2393 inquit,
2698 2322 2797 2378 Dei
2826 2321 3083 2396 ferebatur
3113 2337 3264 2392 super
3301 2335 3507 2391 aquam.

1932 2417 2054 2471 Sive
2083 2416 2417 2471 ditiusiuncm
2445 2416 2585 2470 aeris
2614 2416 2766 2470 istius
2787 2457 2800 2481 ,
2830 2414 3077 2485 spiritum
3106 2411 3256 2476 dicit,
3294 2409 3509 2480 percipe

1932 2514 2247 2581 scriptorem
2278 2511 2554 2580 portiones
2592 2509 2686 2562 tibi
2724 2506 2911 2562 mundi
2938 2505 3174 2573 singulas
3200 2516 3511 2557 enumeran-

1934 2612 2073 2667 tem;
2139 2617 2259 2654 nam
2322 2599 2510 2654 fecisse
2560 2594 2729 2654 Deum
2770 2596 2900 2652 dicit
2946 2586 3137 2651 emtum
3190 2602 3244 2647 et
3291 2601 3509 2657 terram,

1932 2710 2123 2764 aquam
2173 2701 2227 2747 et
2273 2707 2490 2757 aerem,
2542 2692 2684 2746 hunc
2730 2690 2988 2765 liquidum
3030 2683 3193 2758 atque
3222 2685 3508 2750 ditl'usnm;

1931 2784 2064 2845 sive,
2083 2786 2106 2818 ι’
2126 2782 2268 2852 quod
2289 2798 2473 2837 verum
2498 2781 2665 2849 magis
2686 2780 2955 2842 existimo,
2970 2776 3176 2848 etquod
3190 2776 3372 2843 bisqui
3386 2784 3510 2827 ante

1934 2891 2031 2927 nos
2062 2873 2207 2926 fuere
2256 2871 2538 2941 probatqu
2580 2878 2690 2936 est,
2739 2869 2997 2938 SpiritUm
3028 2867 3121 2920 Dei
3151 2865 3316 2928 dicit,
3348 2860 3400 2918 id
3429 2872 3512 2919 est

1932 2972 2196 3020 sanetum.
2241 2956 2552 3015 Reservavit
2592 2960 2734 3015 enim
2781 2958 3086 3025 Scriptura,
3114 2965 3171 3011 ut
3192 2954 3510 3026 praecipuam

1934 3054 2091 3121 hujus
2119 3060 2492 3122 competenter
2539 3052 2865 3105 mentionem
2911 3049 3142 3103 nominis
3173 3047 3508 3103 declararet:

1935 3144 2243 3213 nullumque
2286 3142 2447 3196 alium
2478 3142 2724 3212 spiritum
2753 3140 2952 3196 dictum
2982 3139 3241 3195 debemus
3269 3138 3509 3201 credere,

1935 3236 2035 3290 nisi
2066 3243 2327 3300 sanctum,
2360 3234 2452 3303 qui
2472 3232 2646 3289 beatae
2675 3249 2738 3288 ac
2765 3230 3085 3287 Venerabilis
3117 3230 3393 3285 Trinitatis
3413 3245 3510 3284 ex-

245 3328 335 3382 vel
355 3329 400 3382 si
429 3329 555 3399 quid
582 3337 665 3383 est
692 3331 1053 3393 nominatum,
1105 3341 1197 3383 aut
1240 3329 1694 3399 incompellabile,
1738 3339 1830 3385 ant
1855 3319 1899 3379 C
1934 3328 2113 3398 pletor
2141 3334 2222 3380 est
2246 3365 2261 3390 ,
2293 3337 2348 3379 et
2376 3325 2517 3379 hunc
2547 3323 2876 3379 intellectum
2906 3322 3126 3391 capiens
3148 3361 3163 3385 ,
3212 3320 3387 3387 majus
3418 3319 3511 3373 tibi

243 3420 429 3488 aliqua
475 3420 810 3475 rationabilis
856 3420 1044 3486 virtus,
1088 3420 1173 3481 vel
1222 3421 1549 3475 ministratur
1587 3420 1825 3490 spiritus,

236 3511 443 3580 degere
471 3521 652 3582 posset
680 3512 732 3567 in
765 3513 1029 3577 tenebris,
1062 3513 1155 3568 sed
1187 3514 1237 3567 in
1265 3514 1413 3575 luce,
1447 3522 1502 3568 et
1531 3514 1709 3568 laetitia
1731 3514 1827 3569 de-

238 3612 461 3657 centem
491 3603 594 3658 sibi
621 3603 859 3666 habitum
879 3603 1203 3674 possidebat.
1238 3603 1314 3659 De
1341 3619 1445 3673 qua
1473 3620 1532 3658 re
1562 3605 1829 3659 neminem

234 3701 378 3766 puto
441 3695 915 3751 contradicturum.
996 3695 1247 3765 Quisquis
1290 3710 1417 3764 ergo
1468 3697 1643 3750 lumen
1704 3696 1831 3751 illud

236 3785 391 3855 quod
442 3801 603 3856 super
648 3787 815 3843 eteius
855 3796 940 3842 est
986 3787 1038 3842 in
1084 3789 1349 3843 bonorum
1392 3787 1831 3856 promissionibus

151 3901 158 3907 ·
232 3878 564 3948 opperitur,
596 3879 662 3933 de
691 3894 801 3948 quo
827 3878 1083 3934 Salomon
1110 3879 1273 3933 dicit:
1308 3876 1423 3931 Lua:
1445 3878 1600 3949 justis
1631 3895 1831 3949 semper

234 3970 430 4040 (Prov.
464 3979 574 4036 xur’,
598 3969 673 4039 9).
698 3971 767 4025 Et
799 3971 1125 4041 Apostolus:
1161 3968 1367 4024 Gratias
1412 3979 1622 4041 agentes
1650 3968 1759 4025 Deo
1780 3980 1829 4025 et

233 4060 434 4124 Patri,
456 4063 543 4132 qui
579 4078 673 4116 nos
704 4064 825 4133 fecit
857 4062 1074 4116 idoneos
1095 4063 1149 4115 in
1176 4062 1411 4131 portione
1440 4064 1591 4115 sortis
1620 4069 1826 4114 sancto-

232 4167 364 4206 rum
391 4153 446 4206 in
476 4152 586 4206 luce
628 4151 762 4223 (Cat.
790 4169 826 4217 ι,
861 4152 970 4221 12).
1022 4151 1077 4206 Si
1126 4154 1267 4207 enim
1316 4152 1553 4205 damnati
1589 4153 1639 4205 in
1671 4160 1825 4207 tenes

229 4243 376 4298 bras
398 4242 615 4298 ultimas
653 4243 954 4311 abigantur,
1001 4242 1055 4297 hi
1094 4243 1184 4312 qui
1215 4241 1701 4297 remunerationem
1730 4258 1829 4312 pro

228 4333 424 4402 dignis
449 4334 705 4403 operibus
733 4335 1140 4404 prmstolautur,
1174 4334 1227 4388 in
1256 4349 1319 4388 ea
1357 4334 1473 4388 sine
1500 4333 1663 4388 dubio
1690 4334 1826 4398 luce,

226 4440 368 4495 qua:
392 4434 475 4478 est
498 4432 649 4480 extra
672 4425 946 4490 mundum,
962 4425 1154 4495 quietis
1172 4425 1498 4481 domicilium
1518 4426 1827 4480 sortientur.

225 4517 416 4586 Igitur
448 4517 573 4585 quia
614 4525 826 4573 constat
868 4517 1067 4573 factum
1103 4533 1219 4573 esse
1248 4518 1440 4573 coelum
1470 4519 1831 4589 przeceptione

1922 3418 2159 3473 ‘subinde
2181 3415 2522 3471 commodum
2547 3414 2776 3470 conferri
2798 3413 3051 3484 reperies.
3085 3409 3363 3478 Quomodo
3383 3423 3511 3478 ergo

1938 3511 2024 3564 bic
2069 3510 2286 3580 spiritus
2338 3508 2483 3579 aquis
2543 3504 2995 3577 superferebatur?
3050 3504 3223 3559 dicam
3272 3503 3366 3557 tibi
3403 3518 3513 3557 non

1937 3616 2119 3655 meum
2139 3613 2463 3662 sermonem,
2491 3597 2584 3651 sed
2609 3597 2711 3651 viri
2740 3596 3016 3666 cujusdam
3046 3608 3243 3665 genere
3265 3592 3514 3665 Syri,qui

1942 3700 2145 3746 tantum
2171 3691 2357 3745 aberat
2394 3706 2424 3743 a
2451 3689 2713 3761 sapientia
2749 3688 2927 3744 sreculi
2957 3695 3215 3757 quantum
3245 3700 3385 3739 vera:
3412 3684 3512 3738 do-

1939 3784 2128 3839 ctrina:
2157 3781 2433 3852 proximus
2466 3779 2783 3834 habebatur.
2830 3777 3051 3833 Dicebat
3085 3775 3226 3831 enim
3256 3774 3513 3845 Syrorum

1938 3891 2125 3932 vocem
2159 3872 2520 3930 facundiorem
2551 3888 2667 3927 esse
2688 3915 2702 3938 ,
2740 3878 2795 3926 et
2817 3878 3038 3941 propter
3069 3867 3340 3922 Hebraicze
3368 3874 3390 3901 ε’
3413 3864 3514 3917 lin-

1938 3968 2055 4039 gua:
2083 3968 2457 4037 cognationem
2482 4005 2496 4030 ,
2530 3963 2925 4035 Scripturarutjn
2968 3962 3135 4030 magis
3181 3956 3515 4014 sermonibus

1940 4060 2237 4116 indulsisse.
2282 4058 2481 4113 Sensus
2523 4054 2701 4124 itaque
2745 4054 2873 4109 dicti
2903 4051 3043 4107 illius
3070 4050 3175 4105 hoc
3201 4047 3361 4103 modo
3391 4052 3473 4100 est
3498 4063 3512 4102 :

1940 4150 2386 4222 Superferebatur,
2431 4149 2620 4217 inquit,
2651 4146 2901 4217 Spiritus,
2936 4145 3042 4198 huc
3082 4152 3165 4197 est
3212 4139 3425 4197 fovebat
3461 4144 3515 4192 et

1938 4242 2242 4298 viviticabat
2272 4254 2534 4310 aquarum
2573 4246 2846 4301 naturam,
2879 4235 2945 4289 ad
2972 4231 3372 4289 similitudinem
3400 4228 3516 4298 gal-

1939 4334 2057 4388 linzc
2081 4331 2325 4388 cubantis
2351 4349 2362 4383 :
2391 4329 2610 4384 vitalem
2632 4310 2885 4381 virtutem
2908 4325 2990 4379 his
3017 4338 3135 4395 qua:
3161 4320 3177 4359 τ
3206 4321 3517 4375 fuvebantur

1928 4423 2204 4493 'injiciens.
2246 4419 2559 4492 Hujusmodi
2607 4433 2735 4488 ergo
2776 4417 2915 4473 ratio
2943 4413 3086 4486 quod
3126 4413 3261 4469 dixit
3286 4411 3518 4482 superfe-

1941 4514 2170 4583 rebatur,
2235 4514 2312 4569 sic
2354 4512 2756 4581 interpretatur,
2795 4508 2847 4563 id
2894 4516 2976 4563 est
3032 4504 3097 4559 ad
3144 4499 3521 4583 viviﬁcandam‘

226 4604 345 4661 Dei
372 4647 385 4670 ,
419 4606 701 4675 subitoque
746 4607 1041 4665 distensum
1066 4650 1081 4674 ,
1124 4624 1188 4664 ac
1216 4608 1465 4664 familiari
1493 4610 1691 4665 circum
1721 4617 1829 4664 ter—
1858 4595 1910 4659 D
1935 4620 2192 4677 aquarum
2222 4613 2470 4660 naturam
2512 4601 2888 4673 compellebat.
2936 4597 3018 4652 Ex
3045 4611 3153 4667 quo
3186 4592 3516 4649 sufficienter

317 4811 345 4838 η
372 4798 541 4870 Editi,
560 4801 765 4855 nedum.
788 4798 944 4857 Colb.
970 4801 1252 4867 secundus,
1277 4802 1509 4857 necdum.
1545 4800 1668 4857 Mox
1692 4818 1827 4858 unus

221 4871 447 4934 codex,
472 4872 526 4923 in
556 4875 809 4926 malorum
831 4887 1011 4940 censeo
1037 4884 1202 4940 parte.

320 4952 367 5011 ιιν
393 4940 552 5011 Editi,
583 4951 891 5011 suspectam.
924 4939 1075 5011 Golb.
1110 4942 1393 5005 secundus,
1427 4949 1717 5010 susceptam
1728 4957 1749 5011 ε
1773 4948 1828 5011 et

224 5014 319 5066 ita
358 5010 471 5081 legi
490 5007 742 5081 oportere
772 5011 939 5064 multi
977 5010 1205 5065 fortasse
1254 5007 1677 5065 arbitrabuntur.
1722 5007 1829 5062 Sed

225 5098 362 5136 ιιωιι
391 5080 577 5151 dubito
604 5083 731 5151 quin
776 5082 987 5148 vulgata
1030 5082 1198 5151 lectio
1235 5081 1510 5135 retinenda
1552 5081 1619 5134 sit
1644 5121 1673 5151 ,Α
1704 5092 1827 5133 cum

223 5151 393 5222 apud
410 5147 661 5226 Basiliam
686 5147 940 5226 legamuts,
955 5157 1129 5226 πᾶσαπ(
1148 5147 1235 5205 οὖν
1254 5157 1493 5226 τροτει-κὴν
1510 5156 1593 5204 καὶ
1614 5149 1675 5226 δι’
1695 5151 1827 5226 ὑπος-

221 5217 390 5281 νόίας
413 5223 459 5274 ἐν
478 5227 533 5295 7i
658 5217 866 5299 sapam
892 5217 1347 5299 ξιᾳτωσιγὰσαντές.
1370 5220 1538 5274 Nemo
1552 5217 1831 5299 enim,0pi-

227 5308 379 5357 sior,
409 5289 513 5347 non
545 5289 686 5348 videt
707 5289 1041 5348 Eustathium
1061 5289 1231 5359 {cum
1260 5300 1547 5361 suspectam
1583 5289 1828 5361 scripsit,

224 5361 559 5431 exprimere
588 5363 818 5419 voluisse
843 5363 992 5429 illud,
1024 5358 1107 5418 ws:
1136 5358 1470 5421 δι’ὐπονὸίας.
1505 5360 1609 5416 Sed
1634 5368 1691 5415 ut
1706 5358 1831 5413 alibi

223 5448 398 5503 saepe
425 5474 438 5499 ,
482 5433 555 5487 ita
585 5436 671 5490 bic
710 5449 925 5504 quoque
949 5434 1234 5504 verborum
1263 5431 1570 5504 Grmcorum
1609 5437 1829 5485 senten-

227 5505 387 5558 tiam
414 5514 687 5561 assecutus
718 5503 822 5559 non
847 5510 950 5559 est.
995 5503 1149 5558 Hunc
1185 5503 1363 5558 locum
1400 5503 1473 5555 ita
1515 5514 1832 5555 conversum

222 5580 572 5645 oportuerat
597 5595 607 5627 :
634 5576 849 5629 Omnem
877 5574 1031 5645 igitur
1059 5575 1544 5643 interpretationem,
1578 5573 1736 5640 tropis
1780 5578 1829 5621 et

218 5644 519 5714 allegoriis
546 5654 883 5710 constantem,
900 5646 954 5697 in
972 5645 1247 5714 praesentia
1262 5644 1728 5714 prwterntittentes,
1753 5652 1829 5693 εε-
1885 5684 1888 5687 .

218 5709 533 5785 nebi'armn
576 5718 833 5770 notionem
872 5709 1167 5785 simpliciter
1208 5709 1413 5768 et'citra
1452 5713 1819 5771 curiositatem,

210 5796 467 5853 ‘unsuln
485 5782 767 5843 Scriptura:
786 5787 941 5838 secuti
950 5782 1317 5853 ,accipiamus.
1494 5838 1497 5841 ἰ

330 5863 356 5889 ε
396 5850 556 5908 Editi.
585 5872 717 5910 aaua
763 5858 863 5908 iam
892 5850 1141 5907 omnibus.
1187 5854 1338 5908 Colb.
1363 5852 1658 5917 secundus,
1688 5868 1823 5919 aqua

679 6000 754 6009 ,ιο
930 6002 936 6006 ‹
1018 6004 1087 6010 ...Α

1930 4809 2045 4854 erat
2088 4797 2339 4854 omnibus.
2411 4795 2698 4862 Aliquanto
2738 4796 2875 4860 post
2927 4790 3066 4844 idem
3105 4786 3319 4852 codex,
3366 4802 3517 4857 super

1934 4886 2233 5003 αῳιῖωίὲίᾱίιλι
2259 4936 2402 5007 quod
2420 4937 2582 5007 magis
2602 4932 2860 5007 exisﬂtirno.
2886 4928 3054 5007 (Σρμ).⁸
3065 4928 3351 5007 secundus,
3378 4927 3518 5007 quod

1932 5024 2105 5061 verum
2123 4999 2290 5075 magis
2319 4999 2576 5076 existimo.
2614 5002 2671 5056 In
2697 5000 2904 5076 Graeco,
2939 5003 3284 5076 ἀληθέστερον.
3315 4999 3517 5076 ibidem

1934 5093 2060 5132 mss.
2092 5070 2364 5131 duo'cum
2396 5073 2582 5134 editis,
2614 5074 2946 5143 prazcipuam.
2974 5070 3147 5139 Alius,
3169 5070 3443 5143 pracipue.

2012 5160 2033 5182 υ
2076 5145 2292 5213 Antiqui
2329 5144 2435 5197 duo
2464 5142 2585 5196 libri
2615 5141 2680 5197 et
2725 5141 2885 5214 editi,
2914 5144 3107 5214 lingua:
3147 5141 3515 5214 cognitionem.
3536 5146 3553 5162 '

1933 5216 2002 5272 Et
2029 5217 2117 5271 hic
2150 5208 2364 5286 quoque
2392 5213 2823 5286 unius‘litterulm
2852 5208 3079 5268 mutatio
3107 5208 3518 5286 pulcherrimam

1933 5275 2253 5344 sententiam
2278 5275 2620 5355 'depravavit.
2685 5283 2801 5338 Non
2839 5275 3517 5355 enim“cognitionem-legi

1934 5364 2167 5428 opertet.
2193 5355 2289 5428 sed
2313 5346 2672 5428 cognationem
2687 5364 2789 5428 ,_ut
2814 5370 2887 5428 es
2911 5353 3064 5408 Colb.
3084 5346 3337 5428 secundo
3356 5346 3517 5428 disci:

1936 5415 2076 5495 nius,
2105 5415 2478 5495 magisque'ex
2506 5415 2697 5495 verbis
2709 5424 3055 5495 BasiliiLquaa
3083 5422 3196 5495 haec
3221 5426 3346 5495 sunt
3372 5460 3387 5483 ,
3433 5415 3519 5471 διὰ

1937 5507 2026 5559 τήν
2052 5487 2180 5573 aps;
2197 5487 2565 5573 Ῐτὴν-Ἑϐραῖδᾳ
2592 5490 2885 5573 γεςτνςκᾳς).
2910 5487 3114 5546 Rursus
3142 5490 3295 5545 Colb.
3324 5502 3519 5543 secun-

1936 5563 2240 5651 du§,n;tagis
2262 5563 2625 5651 quwsiionibus
2654 5563 2983 5651 indulsisse."
3064 5632 3075 5642 ο
3119 5631 3132 5651 1
3238 5630 3302 5651 PL
3341 5629 3352 5640 υ
3409 5627 3499 5651 ωε

2014 5630 2052 5676 τ’
2078 5630 2241 5710 Editi,
2268 5630 2568 5710 fovebantur
2594 5634 2840 5710 initiatis;
2864 5632 3079 5701 Antiqui
3102 5631 3208 5710 duo
3220 5630 3377 5710 “libri,
3406 5630 3453 5680 in
3455 5630 3520 5696 ji~

1930 5714 2086 5767 ciens.
2119 5708 2176 5762 lu
2207 5700 2414 5771 Grazco,
2462 5703 2932 5768 imissa—Qua:
2966 5700 3071 5771 vox
3115 5702 3181 5755 ad
3214 5700 3402 5771 ὄρνιθος
3436 5716 3527 5750 ιρ--ι

1930 5781 2100 5836 fertur
2122 5780 2191 5833 ita
2224 5785 2281 5832 ut
2308 5770 2497 5830 sensus
2524 5775 2683 5827 sit....
2718 5773 2786 5825 ad
2809 5775 2927 5826 sim.
2964 5770 3103 5829 Gatl.
3134 5770 3249 5825 cub.
3288 5771 3519 5824 rigalemo

1930 5868 2025 5920 que
2054 5852 2169 5905 virt.
2202 5849 2279 5901 his
2302 5860 2416 5917 qua:
2444 5846 2676 5915 foveatur
2712 5842 3057 5897 immittentis.
3090 5840 3246 5896 Eutr.
