4110 6336
563 306 664 369 ssi

1962 310 1971 319 -
2044 260 2404 357 susrarnu

3733 290 3837 349 88$

567 429 732 482 etiam
762 422 890 480 illud
932 418 1073 491 quod
1105 435 1133 471 a
1163 416 1485 486 quibusdam
1522 414 1679 469 valde
1709 413 2024 482 requiritur,
2054 428 2153 483 ap-
2184 419 2234 475 A
2261 422 2542 486 operatum
2586 424 2664 469 est
2694 453 2709 480 ,
2753 411 2848 468 sed
2893 412 3017 481 quia
3065 408 3266 465 coloris
3294 407 3375 464 sui
3439 418 3638 475 magna
3690 404 3849 460 nobis

565 517 784 591 probari
834 522 1009 585 potest
1039 531 1050 564 :
1101 511 1225 580 quia
1256 523 1354 564 nec
1405 506 1626 579 genitali
1655 505 1896 577 potentia
1924 501 2157 575 Spiritus

566 617 789 666 sanctus
817 613 985 663 caret.
1500 624 1509 631 ‘

638 702 690 755 7.
731 698 803 754 Et
821 699 956 754 dixit
979 697 1136 762 Deus,
1168 694 1293 751 Fiat
1320 695 1429 749 tux.
1464 692 1647 749 Prima
1665 691 1879 749 voxDei
1908 699 2159 747 naturam

567 792 785 850 luminis
816 789 1131 854 fabricavit,
1172 803 1237 844 ac
1264 787 1518 844 tenebras
1545 785 1801 857 dispulit,
1843 798 2163 841 maerorem-

567 900 677 956 que
703 882 986 948 dissolvit,
1028 891 1086 938 et
1133 895 1350 936 omnem
1395 878 1578 934 subito
1607 878 1787 935 laetam
1812 876 2050 947 speciem
2073 873 2165 945 ju-

570 975 913 1045 cundamque
942 970 1217 1045 produxit.
1272 968 1439 1026 Polus
1465 976 1597 1025 tunc
1621 966 1895 1040 apparuit,
1929 965 2022 1036 qui
2049 973 2169 1022 erat

572 1069 792 1125 interim
838 1067 1044 1123 celatus
1093 1080 1123 1119 a
1165 1063 1429 1131 Domino;
1492 1070 1755 1133 tantaque
1789 1060 1907 1131 ejus
1932 1058 2172 1132 pulchri-

468 1186 473 1193 -
576 1162 706 1218 tudo
758 1160 1053 1233 perclaruit
1079 1202 1094 1225 ,
1155 1166 1414 1228 quantam
1461 1172 1606 1213 nunc
1650 1156 1812 1213 etiam
1856 1152 2173 1211 testiﬁcatur

577 1261 847 1325 aspectus.
897 1252 1006 1307 Aer
1044 1257 1227 1305 autem
1273 1249 1642 1305 illustrabatur
1686 1262 1757 1303 ex
1801 1261 1867 1302 ea
1908 1245 2027 1301 luce
2053 1257 2173 1315 qute

578 1346 679 1401 sibi
701 1352 822 1400 erat
849 1342 1107 1407 admixta,
1147 1348 1473 1409 acutumque
1493 1339 1925 1410 penetrationem
1968 1334 2175 1407 proprii

579 1439 821 1507 fulgoris,
851 1436 1051 1506 ubique
1072 1451 1171 1506 per
1189 1448 1378 1490 omnes
1395 1448 1524 1490 suos
1551 1433 1811 1488 terminos
1839 1428 2172 1485 intendebat.

581 1530 808 1587 Sursum
855 1530 999 1584 enim
1046 1526 1237 1582 aetheri
1282 1533 1400 1581 erat
1437 1524 1687 1596 cmloque
1718 1524 1953 1589 vicinus;
1992 1521 2176 1575 latitu-

504 1652 517 1663 ο
584 1623 713 1677 dine
734 1630 914 1677 autem
944 1620 1191 1676 boreales
1217 1619 1376 1675 simul
1396 1627 1454 1675 et
1478 1617 1765 1684 australes,
1797 1629 2034 1685 eoasque
2052 1629 2179 1686 par—

585 1725 686 1781 tes,
722 1729 932 1770 necnon
981 1723 1037 1768 et
1083 1710 1335 1769 occiduas
1380 1711 1767 1780 contingebat,
1799 1708 1999 1779 quippe
2026 1704 2180 1775 cujus

584 1816 778 1863 natura
828 1805 1003 1863 lucida
1047 1814 1132 1861 est
1178 1812 1345 1875 atque
1388 1803 1681 1875 perspicua
1707 1841 1722 1867 ,
1772 1809 1998 1872 propter
2035 1796 2182 1869 quod

2265 509 2662 566 oblectamenta
2716 505 2957 578 largitur.
2999 503 3259 560 Similiter
3307 502 3472 558 etiam
3524 499 3685 555 stella
3735 512 3854 569 quae

2266 603 2535 660 vocitatur
2561 600 2789 664 Antifer,
2821 599 3064 661 omnium
3090 597 3329 655 siderum
3357 594 3726 668 pulcherrima
3756 606 3855 648 no-

2267 698 2523 762 minatur,
2569 705 2593 734 ο
2633 711 2744 752 non
2781 703 3005 767 propter
3036 693 3294 750 eximiam
3330 687 3858 761 compaginationem

2269 789 2657 854 membrorum,
2687 802 2808 858 quae
2828 786 2977 843 nulla
2998 793 3127 843 sunt
3151 784 3237 850 ei,
3262 782 3359 841 sed
3381 782 3511 854 quia
3535 781 3721 836 latum
3749 778 3860 834 ala-

2271 898 2530 953 cremque
2574 880 2841 951 fulgorem
2868 879 3069 937 nostris
3110 877 3374 950 impendit
3409 875 3711 933 obtutibus.
3756 871 3863 928 llu-

2267 976 2506 1048 jusmodi
2553 988 2685 1044 ergo
2722 974 2820 1031 Dei
2859 973 3265 1043 testimonium,
3311 987 3422 1029 non
3461 970 3531 1027 ad
3556 970 3665 1027 hoc
3689 968 3867 1026 solum

2272 1068 2495 1139 respicit
2513 1067 2660 1140 quod
2688 1082 2786 1139 per
2804 1082 2867 1122 se
2893 1066 2987 1122 lux
3013 1066 3158 1122 bona
3186 1073 3272 1121 est
3297 1072 3355 1121 et
3377 1063 3619 1135 jucunda
3640 1076 3871 1118 cernen-

2275 1161 2421 1217 tibus
2438 1203 2454 1230 ,
2482 1159 2578 1216 sed
2607 1158 2771 1215 etiam
2798 1167 3023 1231 propter
3054 1158 3347 1214 utilitatem
3372 1172 3493 1229 qua:
3520 1152 3870 1226 postmodum

2277 1268 2347 1308 ex
2374 1268 2439 1308 ea
2462 1252 2560 1307 fuit
2583 1252 2778 1308 collata
2808 1249 3153 1317 mortalibus,
3184 1249 3384 1305 bonam
3411 1248 3572 1304 dixit.
3629 1245 3704 1301 Et
3726 1262 3873 1317 sepa-

2278 1344 2413 1399 ravit
2439 1341 2578 1400 Deus
2601 1344 2738 1398 inter
2757 1343 2923 1396 lucem
2961 1349 3012 1396 et
3052 1338 3323 1407 tenebras,
3356 1339 3410 1396 id
3439 1347 3526 1396 est
3555 1337 3875 1394 incommix-

2279 1442 2391 1488 tam
2433 1440 2681 1489 naturam
2712 1432 2923 1487 illarum
2947 1471 2964 1498 ,
2996 1430 3208 1501 sibique
3231 1446 3304 1487 ex
3333 1429 3738 1486 contrarietate
3761 1425 3869 1483 dis-

2280 1541 2467 1597 parem
2509 1524 2825 1591 fabricavit;
2856 1523 3058 1596 quippe
3083 1539 3218 1595 quas
3243 1523 3473 1594 prolixis
3514 1538 3548 1577 a
3585 1535 3669 1589 se.
3698 1520 3876 1590 spatiis

2283 1627 2340 1675 et
2367 1617 2612 1674 destituit
2633 1626 2689 1673 et
2716 1617 2991 1682 discrevit,
3022 1617 3165 1673 sicut
3187 1616 3392 1673 dictum
3420 1623 3506 1671 est
3530 1632 3544 1668 :
3586 1612 3662 1668 Et
3694 1612 3875 1668 soeasit

2285 1710 2428 1797 Deus
2457 1712 2621 1766 lucem
2649 1711 2806 1778 diem,
2838 1720 2889 1766 et
2909 1711 3151 1766 tenebras
3177 1711 3373 1766 vocavit
3403 1717 3630 1766 noctem.

2359 1804 2412 1861 8.
2455 1805 2606 1862 Nunc
2637 1805 2853 1876 quidem
2883 1813 3009 1876 post
3035 1804 3167 1861 solis
3191 1803 3531 1860 creationem
3553 1801 3679 1857 dies
3700 1801 3874 1873 appel-

585 1902 761 1957 nullas
809 1914 988 1956 moras
1039 1907 1135 1954 aut
1173 1907 1422 1966 tempora
1454 1897 1547 1950 lux
1573 1910 1673 1965 per
1716 1909 1840 1950 eum
1869 1905 2184 1949 commeans
2213 1865 2262 1927 Β
2290 1898 2452 1962 latur,
2484 1897 2537 1953 id
2557 1903 2641 1954 est
2667 1912 2764 1953 aer
2792 1896 2811 1935 ί
2840 1896 2957 1952 sole
2986 1895 3305 1963 illustratus,
3331 1910 3458 1951 cum
3487 1894 3543 1949 in
3569 1893 3872 1964 hemisphae-

586 1993 909 2051 sustinebat.
960 1991 1114 2047 Sicut
1160 1990 1304 2045 enim
1354 1989 1578 2044 obtutus
1624 1994 1871 2051 nostros,
1925 1984 2041 2041 sine
2072 1982 2182 2038 ullo

584 2094 867 2144 momento
896 2082 1157 2153 temporis
1181 2125 1197 2149 ,
1238 2096 1333 2135 aer
1376 2094 1504 2137 mox
1550 2078 1618 2134 ad
1661 2093 1726 2134 ea
1771 2076 1951 2146 dirigit
1975 2091 2096 2146 quae
2116 2075 2188 2130 vi-

586 2181 813 2245 dentur;
842 2178 920 2234 ita
949 2176 1085 2232 lucis
1111 2188 1390 2231 accessum
1409 2173 1692 2239 velociter,
1726 2181 1783 2228 et
1811 2172 1959 2228 omni
1988 2170 2186 2227 celeri-

589 2281 703 2327 tate
731 2278 1077 2342 perceptum,
1125 2284 1223 2339 per
1242 2281 1433 2323 omnes
1473 2265 1608 2321 lines
1644 2280 1755 2321 suae
1797 2263 2191 2335 complexiouis

588 2363 804 2419 infudit.
853 2362 1049 2418 Etber
1084 2376 1302 2433 quoque
1330 2361 1613 2417 venustius
1635 2368 1661 2398 ⁸
1684 2359 2045 2415 illuminatum
2073 2357 2192 2413 elli-

595 2459 739 2512 citur
766 2500 782 2525 ,
825 2465 883 2511 et
926 2470 1080 2526 aqua:
1125 2453 1519 2525 splendidiores
1543 2462 1844 2525 apparent,
1882 2468 1991 2507 non
2018 2452 2194 2508 solum

595 2550 724 2620 quia
777 2549 911 2604 lucis
943 2547 1179 2625 candor‘e
1221 2547 1538 2612 lustrantur,
1583 2545 1677 2602 sed
1706 2546 1873 2601 etiam
1911 2560 2195 2616 repercus-

596 2642 752 2696 sioue
780 2641 900 2709 ejus
923 2639 1223 2695 emicantes
1246 2679 1262 2705 ,
1307 2639 1594 2694 clariorem
1640 2638 1874 2694 reddunt
1911 2638 2054 2693 'aeris
2081 2636 2199 2692 effi-

600 2733 762 2800 giem.
790 2730 869 2785 Ita
897 2730 1079 2785 omnia
1108 2744 1215 2786 vox
1253 2729 1458 2798 divina,
1494 2736 1648 2798 grata
1665 2738 1722 2785 et
1748 2729 1977 2785 honesta
2000 2727 2202 2784 consti-

597 2822 720 2876 tts't.
774 2819 910 2885 Nam
957 2821 1099 2877 sicut
1146 2821 1200 2875 bi
1245 2821 1337 2890 qui
1380 2821 1486 2876 olei
1536 2821 1823 2892 aspergine
1861 2819 2202 2891 perspicuum

597 2914 699 2970 sibi
736 2913 1063 2985 profundum
1110 2914 1276 2969 maris
1323 2912 1597 2981 efﬁciunt,
1624 2915 1704 2970 sic
1751 2929 1932 2970 rerum
1957 2911 2207 2969 conditor

600 3008 744 3063 Deus
777 3008 861 3063 sui
890 3008 1001 3062 oris
1028 3006 1213 3062 alilatu
1233 3049 1247 3075 ,
1276 3007 1670 3077 iucunditatem
1702 3007 1858 3073 lucis,
1890 3005 2095 3061 mundo
2119 3018 2207 3059 re.

606 3109 773 3168 pente
798 3099 1099 3154 constituit.
1132 3098 1260 3153 Fiat
1280 3100 1391 3164 tum,
1426 3098 1563 3154 dixit
1593 3100 1773 3155 Deus:
1806 3097 2209 3166 confestimque

606 3191 900 3263 prteceptio
929 3190 1028 3245 fuit
1053 3206 1190 3263 opus
1215 3232 1230 3256 ,
1284 3200 1338 3251 et
1386 3192 1529 3247 facta
1552 3202 1741 3247 natura
1771 3200 1889 3261 est,
1917 3192 2043 3264 quia
2074 3175 2209 3245 nibil

2289 1990 2374 2045 rio
2414 1988 2562 2059 quod
2600 2003 2765 2059 supra
2792 1996 2996 2043 terram
3021 1995 3106 2044 est
3132 1992 3533 2052 commoratur;
3564 1999 3671 2040 nox
3698 1992 3865 2039 autem

2292 2081 2492 2138 dicitur
2520 2088 2676 2137 terra:
2704 2080 3049 2138 obumbratio
3072 2120 3089 2145 ,
3136 2095 3258 2152 qua:
3290 2080 3406 2137 sole
3444 2080 3503 2153 in
3531 2093 3733 2137 occasu
3752 2094 3873 2134 conc

2292 2174 2406 2229 dito
2451 2182 2771 2243 generatur,
2837 2182 2967 2229 tunc
3013 2181 3217 2231 autem.
3249 2189 3359 2230 non
3410 2171 3593 2228 solum
3648 2170 3877 2241 corporis

2295 2275 2447 2322 motu
2475 2308 2490 2334 ,
2531 2265 2630 2321 sed
2673 2264 2961 2322 dilfusione
3002 2265 3319 2337 principalis
3363 2264 3606 2332 luminis,
3638 2262 3799 2320 modo
3820 2277 3874 2319 se

2297 2358 2646 2415 subducentis
2664 2397 2679 2423 ,
2729 2358 2893 2416 modo
2920 2357 3103 2414 denuo
3129 2358 3465 2423 reducentis,
3492 2355 3786 2415 semmdum
3807 2355 3874 2411 di-

2299 2452 2482 2507 vinam
2508 2451 2927 2522 praeceptionem
2953 2451 3071 2508 dies
3092 2451 3274 2516 liebat,
3297 2466 3519 2521 noxque
3548 2450 3869 2521 sequebatur.

2303 2543 2373 2597 Et
2400 2545 2543 2616 facta
2580 2554 2657 2598 est
2703 2561 2942 2617 vespera,
2986 2554 3039 2599 et
3073 2546 3267 2617 {acum
3301 2554 3381 2601 est
3416 2562 3577 2600 mane
3603 2544 3715 2599 dies
3738 2560 3867 2598 unus.

2304 2634 2567 2708 Vespera!
2586 2637 2749 2707 igitur
2766 2630 3127 2710 nuncupaiio,
3153 2639 3519 2696 comuniter
3551 2635 3863 2706 intelligenda

2305 2740 2409 2788 est.
2449 2731 2582 2787 Nam
2606 2740 2661 2787 et
2685 2732 2977 2804 incipiente
3003 2732 3112 2800 die,
3143 2740 3201 2790 et
3226 2732 3295 2789 ad
3322 2748 3584 2791 occasum
3619 2742 3865 2802 vergente,

2308 2840 2419 2881 nox
2448 2826 2498 2880 ei
2540 2841 2639 2881 sua
2673 2826 2951 2883 vicinitate
2987 2827 3241 2897 contigua
3282 2832 3367 2883 est
3395 2846 3410 2880 :
3444 2833 3788 2883 verumtamen
3811 2832 3865 2879 at

2312 2917 2610 2974 nativitatis
2645 2918 2849 2975 diurna:
2882 2918 3162 2991 privilegia
3191 2928 3536 2987 reservaret,
3562 2917 3681 2973 dixit
3705 2916 3861 2987 primo

2313 3024 2594 3080 vesperam
2620 3054 2635 3079 ,
2684 3012 2870 3068 dicens
2915 3012 3041 3083 quia
3085 3021 3194 3069 nox
3222 3012 3370 3069 diem
3392 3007 3692 3069 comitatu.
3744 3007 3865 3064 N-

2314 3104 2604 3172 antequam
2631 3105 2723 3160 lux
2748 3112 3042 3172 crearetur,
3072 3121 3183 3162 nox
3210 3120 3319 3162 non
3343 3104 3650 3161 habebatur
3671 3104 3877 3158 iam

2315 3191 2388 3267 do
2407 3235 2423 3261 ,
2465 3195 2561 3251 sed
2590 3196 2843 3253 tenebrae.
2893 3193 3244 3254 Obumbratio
3272 3211 3405 3267 ergo
3433 3206 3597 3253 ten-a2
3630 3210 3782 3266 quam
3800 3209 3881 3250 su-

605 3249 981 3353 iolupt-uosius
1031 3249 1107 3337 in.
1122 3282 1349 3339 fruendo
1379 3283 1763 3353 cogitationem
1790 3249 1992 3355 poterit
2018 3282 2200 3338 subire
2225 3249 2273 3314 Ο
2305 3249 2423 3356 ipra
2451 3285 2683 3344 diximus
2720 3288 3044 3345 intercidens
3078 3287 3223 3345 diem
3265 3249 3375 3344 no;
3402 3249 3815 3360 appeliataest:
3840 3293 3888 3343 et

609 3375 944 3430 mortalium.
986 3373 1093 3431 S‘ed
1121 3383 1176 3431 et
1212 3376 1258 3430 si
1291 3375 1509 3447 quando
1545 3391 1737 3432 vocem
1766 3390 2203 3446 sermonemque,

608 3466 698 3521 vel
721 3467 1144 3538 praeceptionem
1168 3465 1265 3523 Dei
1287 3465 1544 3534 dicimus,
1585 3466 1751 3523 debes
1782 3467 2065 3524 advertere
2100 3483 2210 3524 non

614 3558 918 3614 intentione
947 3558 975 3597 δ
1009 3566 1271 3629 motuque
1307 3559 1554 3631 corporis
1579 3574 1773 3616 vocem
1808 3559 2086 3617 reddentis
2114 3576 2207 3615 so-

614 3666 743 3707 num
769 3652 1076 3723 quempiam
1106 3652 1400 3720 destinari,
1433 3669 1533 3709 nec
1555 3669 1737 3710 aerem
1767 3654 1946 3722 lingua
1971 3664 1992 3692 ε
2018 3653 2211 3708 verbe-

613 3752 792 3799 ratum
813 3785 829 3812 ,
861 3759 981 3801 esse
1007 3743 1105 3801 Dei
1131 3761 1470 3803 sermonem:
1520 3746 1612 3803 sed
1641 3746 1934 3801 voluntatis
1961 3762 2071 3801 sua:
2089 3762 2212 3801 mo-

614 3845 857 3892 mentum
878 3877 894 3901 ,
927 3838 1183 3907 quoniam
1233 3848 1460 3911 propter
1496 3854 1592 3896 eos
1619 3839 1712 3910 qui
1738 3839 2003 3895 docentur
2032 3839 2216 3894 utilius

614 3944 736 3984 esse
780 3944 1098 3999 censemus,
1149 3932 1430 4002 speciatim
1478 3931 1708 4001 figurare
1752 3940 2105 4003 praeceptum.
2148 3931 2217 3983 Et

615 4022 743 4075 vidit
777 4021 917 4078 Deus
947 4025 1069 4096 quia
1108 4025 1199 4079 tua:
1236 4025 1391 4081 bona.
1432 4025 1636 4093 Quibus
1668 4027 1828 4097 igitur
1865 4027 2041 4083 lucem
2070 4026 2214 4083 cele-

617 4115 778 4169 brare
808 4132 907 4171 nos
936 4118 1236 4187 poterimus
1267 4118 1533 4183 laudibus,
1569 4135 1692 4176 cum
1721 4122 1827 4177 tale
1849 4121 1918 4177 de
1946 4137 2041 4177 sua
2068 4122 2220 4176 boni-

618 4211 733 4260 tate
759 4206 1125 4262 testimonium
1158 4225 1187 4262 a
1209 4206 1503 4265 Conditore
1530 4211 1826 4266 meruerit?
1854 4211 2005 4266 Licet
2035 4211 2217 4266 divina

618 4296 785 4350 verba
818 4305 1033 4352 nostros
1074 4300 1226 4368 paria
1255 4301 1444 4355 oculos
1484 4301 1554 4356 de
1584 4302 1673 4357 illa
1696 4302 1946 4372 judicare
1974 4305 2217 4375 compel-

622 4385 754 4451 lant,
787 4401 911 4440 nam
939 4402 1118 4443 sermo
1140 4404 1249 4445 non
1278 4389 1477 4446 sufficit
1505 4393 1778 4463 explicare
1805 4403 2067 4464 quantum
2096 4412 2220 4452 sen—

620 4494 712 4534 sus
740 4480 874 4535 aciei
904 4483 1242 4551 praeveniens
1272 4493 1575 4543 attestatur.
1613 4488 1671 4544 Si
1701 4492 1843 4546 enim
1876 4492 2220 4562 pulchritudo

620 4588 884 4644 corporea
918 4586 989 4628 ex
1019 4571 1047 4612 ἀ
1078 4578 1335 4634 membris
1379 4580 1521 4635 inter
1556 4596 1617 4637 se
1659 4584 1761 4638 rite
1795 4586 2139 4656 compositis,
2165 4595 2221 4642 et

618 4682 683 4720 ex
709 4665 906 4723 coloris
934 4678 1222 4726 venustate
1251 4670 1533 4741 formatur,
1563 4677 1840 4745 quomodo
1862 4678 2035 4734 lucem
2066 4682 2219 4752 cujus

622 4765 813 4813 natura
840 4760 1071 4833 simplex
1097 4771 1180 4819 est
1197 4808 1212 4831 ,
1241 4765 1450 4837 sibique
1474 4783 1571 4838 per
1598 4770 1778 4824 omnia
1808 4772 1997 4829 similis
2017 4817 2030 4838 ,
2061 4776 2214 4845 plena

621 4847 1001 4916 praedicatione
1043 4854 1187 4924 quod
1230 4856 1372 4912 bena
1420 4859 1526 4927 sit,
1569 4875 1854 4930 possumus
1902 4864 2218 4935 explicare?

620 4936 697 4992 lta
721 4938 865 4994 enim
900 4950 955 4997 et
992 4959 1184 5000 aurum
1224 4947 1425 5002 bonum
1448 4948 1708 5015 dicimus,
1764 4968 1875 5011 non
1913 4956 2037 5023 quia
2080 4958 2217 5011 bene

694 5131 718 5155 ιι
754 5118 914 5199 9011).
949 5114 1248 5199 secundus,
1280 5123 1607 5199 iitumtnatus
1650 5130 1898 5199 e/Itcitur;
1951 5141 2005 5187 et
2048 5137 2122 5189 ita
2150 5150 2218 5191 ex

598 5178 817 5269 'regulis
842 5192 1206 5269 grammaticis
1228 5178 1339 5260 legi
1376 5178 1908 5269 oportereip'utarem
1930 5178 2218 5269 ,Vnisi‘
2270 5246 2279 5259 κ

618 5263 781 5349 {alter
801 5263 1238 5349 esset‘.iieut|rius
1273 5265 1489 5349 generis
1518 5263 1682 5349 apud'
1708 5263 2051 5349 Eustathium
2069 5318 2085 5342 ,
2124 5278 2218 5347 qui

622 5334 673 5386 in
709 5332 843 5387 libro
872 5333 1034 5403 tertio
1079 5333 1219 5388 ultra
1255 5332 1493 5389 medium
1523 5332 1602 5392 sic
1628 5341 1874 5412 scripsit,
1926 5332 2088 5400 tet/rer
2116 5332 2215 5401 ὅτι..

625 5414 722 5457 tem
745 5405 855 5458 ouis
887 5403 1082 5458 dubitet
1104 5405 1397 5458 ﬂammeum
1422 5407 1574 5458 esse?

625 5414 722 5457 tem
745 5405 855 5461 auis
887 5405 1082 5459 dubitet
1103 5405 1397 5461 ﬂammeum
1422 5407 1574 5461 esse?

693 5419 722 5456 η
745 5405 855 5475 quis
887 5405 1082 5459 dubitet
1101 5405 1397 5475 ﬂammeum
1422 5407 1574 5461 esse?
1735 5405 1750 5412 ’
1864 5405 1869 5408 ’

693 5473 923 5555 bJEditi,
946 5478 1204 5531 mentione
1222 5485 1485 5549 motuque.
1526 5478 1594 5533 At
1625 5485 1792 5538 nostri
1826 5493 1937 5542 tres
1958 5505 2110 5555 mss.,
2131 5492 2216 5545 in-

620 5551 705 5597 ten
713 5546 851 5617 tio_ne
872 5555 1130 5617 motuque.
1199 5586 1215 5609 ,

696 5625 725 5701 ι’.
758 5614 933 5701 Editi,
974 5614 1291 5701 verberatum
1341 5638 1654 5701 sermonem1
1713 5623 1867 5701 C_olb.
1919 5631 2211 5701 secundus,

624 5685 939 5805 ierberatum
988 5705 1098 5743 esse
1138 5686 1236 5743 Dei
1282 5706 1587 5748 sermonem.
1634 5693 1690 5750 In
1733 5697 1941 5766 Gmco,
1983 5685 2217 5760 aqua;

655 5772 786 5805 ῡηῡν.

655 5772 764 5816 θνῡν

752 5818 904 5875 Colb.
926 5824 1324 5913 secundus,“
1352 5835 1591 5893 membris
1620 5848 1670 5891 et
1697 5841 1955 5899 coloribus
1982 5845 2118 5900 inter
2143 5861 2198 5900 sc

2315 3377 2421 3434 deo
2449 3395 2592 3436 novo
2633 3382 2851 3438 nomine
2896 3391 3022 3453 post
3048 3384 3456 3452 generationem
3509 3386 3739 3442 vocitata
3783 3390 3889 3438 est:

2319 3469 2489 3526 Facta
2534 3483 2609 3527 est
2649 3476 2820 3547 itaque
2866 3491 3096 3546 vespera,
3145 3486 3196 3531 et
3235 3478 3433 3548 [acutus
3468 3485 3549 3532 est
3586 3493 3775 3532 mane:
3800 3489 3900 3532 non

2317 3563 2455 3619 dixit
2476 3564 2587 3619 dies
2615 3575 2770 3637 atque
2799 3584 2905 3623 nox
2924 3611 2940 3636 ,
2967 3568 3064 3624 sed
3092 3576 3320 3641 vespera
3347 3579 3403 3626 et
3420 3585 3621 3634 mane,
3655 3578 3713 3625 ut
3744 3576 3904 3625 r'oca-

2318 3658 2429 3713 buli
2486 3658 2738 3714 videlicet
2797 3658 3116 3729 dignitatem
3170 3662 3311 3733 parti
3368 3662 3573 3718 meliori
3622 3662 3905 3717 tribueret.

2320 3749 2454 3805 Nam
2497 3750 2612 3807 dies
2658 3767 2811 3823 :cque
2857 3769 3141 3825 vesperam
3186 3769 3444 3827 maneque
3487 3753 3790 3822 contingit,
3846 3759 3906 3809 et

2321 3845 2461 3901 banc
2492 3847 2943 3903 consuetudinem
2974 3849 3218 3919 reperies
3244 3849 3435 3920 ubique
3458 3846 3734 3904 custodire
3757 3842 3915 3902 Scri-

2320 3947 2534 4009 pturam
2595 3941 2649 3995 in
2691 3940 3022 4012 temporibus
3079 3941 3442 3998 numerandis.
3498 3940 3739 3997 Dicimus
3777 3939 3918 3994 enim

2324 4040 2407 4086 tot
2435 4031 2551 4088 dies
2580 4033 2796 4103 elapsos
2817 4048 2958 4097 esse,
2991 4034 3192 4089 nullam
3222 4034 3486 4091 facientes
3510 4035 3761 4091 noctium
3784 4048 3920 4088 men-

2324 4128 2532 4183 tionem
2552 4171 2567 4195 ,
2609 4127 2748 4183 sicut
2786 4128 3025 4199 psalmus
3052 4128 3248 4185 docet:
3281 4128 3409 4185 Dies
3436 4145 3697 4184 annorum
3725 4136 3922 4182 nostro-

2324 4237 2441 4273 rum
2473 4219 2646 4293 (Psat.
2683 4220 2903 4285 utimr,
2936 4221 3045 4292 10).
3079 4220 3147 4276 Et
3176 4222 3376 4278 iterum
3402 4220 3575 4278 Iacob
3603 4241 3618 4275 :
3654 4220 3786 4276 Dies
3815 4222 3925 4276 rite

2325 4330 2452 4369 meae
2478 4315 2648 4369 breves
2681 4325 2705 4363 ις
2727 4325 2776 4369 et
2798 4316 2923 4370 moti
2945 4313 3098 4387 (Gen.
3131 4333 3296 4381 van,
3322 4315 3401 4386 9).
3431 4315 3499 4370 Et
3528 4316 3664 4371 alibi
3692 4335 3706 4369 :
3741 4317 3926 4370 Omnes

2328 4407 2439 4462 dies
2462 4409 2581 4463 vitae
2606 4424 2735 4464 mea:
2775 4409 2945 4482 (Psal.
2984 4426 3115 4479 xxu,
3148 4409 3224 4480 6).
3266 4409 3411 4478 Ergo
3439 4425 3564 4479 quae
3596 4419 3735 4467 tunc
3765 4409 3930 4464 bistoo

2332 4498 2422 4552 ria":
2442 4515 2605 4555 causa
2618 4500 2789 4555 relata
2812 4510 2957 4570 sunt,
2980 4519 3081 4573 pro
3102 4502 3307 4572 legibus
3328 4501 3380 4555 in
3397 4510 3693 4573 posterum
3715 4503 3931 4556 valitura

2249 4638 2303 4700 υ
2330 4591 2562 4661 scriptor
2583 4592 2832 4647 instituit.
2850 4590 2918 4646 Et
2937 4595 3036 4664 fuit
3056 4610 3282 4665 uespera,
3297 4605 3344 4646 et
3359 4594 3459 4667 fuit
3473 4610 3639 4649 mane
3660 4595 3773 4650 dies
3794 4609 3930 4649 unus.

2329 4681 2692 4748 Quamobrem
2723 4699 2830 4739 non
2863 4683 3019 4751 dixit,
3056 4686 3279 4755 primus,
3314 4683 3413 4740 sed
3448 4688 3635 4743 unus?
3672 4685 3935 4742 Ethcertc

2329 4777 2745 4848 consequentius
2759 4776 2933 4833 fuerat
2946 4778 3017 4842 ei,
3032 4778 3125 4847 qui
3138 4778 3377 4834 dicturus
3396 4789 3513 4834 erat
3534 4780 3614 4836 de
3630 4780 3875 4839 secundo
3888 4789 3936 4834 et

2324 4869 2504 4933 tertio,
2534 4879 2590 4925 et
2610 4878 2827 4942 quarto,
2851 4869 3081 4942 primum
3102 4869 3242 4926 diem
3266 4871 3448 4943 potius
3468 4874 3769 4944 appellare
3788 4889 3936 4947 quam

2324 4975 2508 5014 unum.
2535 4960 2639 5015 Sed
2662 4961 2766 5017 hoc
2785 4961 2940 5025 dixit,
2963 4970 3055 5017 aut
3077 4962 3387 5019 mensuram
3402 4964 3524 5022 diei
3547 4966 3728 5024 simul
3759 4968 3924 5027 noctis

2327 5144 2624 5217 compositis
2644 5152 2694 5198 et
2718 5159 2784 5197 ea:
2802 5153 3067 5199 venustate
3094 5146 3368 5217 formatur.

2402 5211 2449 5296 ξ’
2467 5211 2660 5296 godex
2690 5229 2848 5296 unus,
2874 5230 2978 5296 non
2999 5211 3308 5296 praefigit:
3338 5220 3837 5296 compaginatione.

2352 5280 2644 5407 ﬂ"‘mfi’diti,
2678 5287 2785 5341 sate
2812 5280 3086 5343 lustratus.
3123 5287 3281 5345 Colb.
3323 5280 3636 5361 secundus,
3680 5294 3934 5350 solein

2321 5369 2538 5407 stratus.
3690 5382 3697 5389 λ

2322 5435 2437 5523 ,υἱ
2461 5424 3253 5523 ἓξὲδμξεθεξιὶάιεεειένςξεέι.
3270 5435 3507 5523 maligni
3552 5435 3771 5523 διείρεαι
3798 5436 3935 5522 ςιιίιίς

2319 5511 2437 5564 qua
2457 5504 2566 5580 tum
2593 5498 2837 5554 historian
2873 5498 3023 5557 Libri
3050 5510 3283 5569 veteres,
3311 5498 3428 5580 φιῶ
3458 5517 3586 5562 tunc
3618 5510 3882 5566 historias.
3924 5498 3933 5503 ⁷

2327 5635 2363 5648 Λ
2394 5565 2423 5605 ιι
2462 5566 2602 5623 Edtti
2624 5612 2638 5635 ,
2669 5572 2791 5648 quia
2816 5581 2971 5648 certe.
2992 5644 3003 5648 _
3024 5575 3379 5648 Antiquiduo
3408 5578 3531 5633 libri
3553 5624 3571 5648 ,
3606 5591 3664 5634 et
3701 5594 3860 5637 certe.
3889 5580 3935 5633 lu

2323 5635 2544 5731 Qucum,
2556 5647 2649 5731 ita
2682 5635 2862 5731 ’ξοεγερ
2893 5642 3095 5731 Ibidem
3137 5635 3286 5715 editi,
3319 5650 3423 5731 qui.
3441 5635 3814 5731 έρεῂεειιιηιέ
3849 5661 3939 5731 ιλ.

2323 5707 2790 5837 ἱεοιιΙιιᾶυέ
2812 5757 2826 5781 ,
2866 5716 2954 5786 qui
2979 5715 3211 5773 dicturus
3231 5707 3365 5774 erat.
3393 5719 3498 5774 Alii
3518 5720 3649 5779 duo
3682 5721 3937 5799 mss.,qlti

2394 5822 2401 5827 ι
2584 5800 2635 5836 es
2665 5826 2675 5837 .

2394 5800 2555 5835 τιυινηδ
2584 5800 2675 5837 881.

2390 5936 2398 5941 “
2423 5947 2474 5971 \.
