4110 6336
289 380 390 432 889

1262 383 1650 443 HEXAEMERI
1690 379 2170 438 ME'I‘APHRASIS
2209 377 2408 433 LIBER
2450 379 2532 434 Ill.

3446 379 3548 434 890

290 508 396 562 que
425 489 702 556 deﬁniens,
728 504 781 549 et
812 504 1020 566 tempus
1050 508 1073 533 ἰ
1107 499 1382 567 utriusque
1409 498 1739 566 coniungens
1766 515 1776 548 :
1803 504 1861 549 ut
1890 497 1938 557 Α
1964 495 2129 549 lorum
2148 509 2258 547 esse
2278 476 2491 558 secula,
2525 503 2706 546 tamen
2740 507 2838 548 nec
2861 493 2932 548 ibi
2961 493 3213 565 primum,
3242 504 3333 548 aut
3361 509 3555 550 secun-

292 585 478 653 viginti
507 594 735 654 quatuor
762 587 908 642 horae
956 590 1110 645 unius
1148 590 1378 660 spatium
1425 589 1872 644 diei‘viderentur

292 676 527 742 efﬁcere,
555 677 991 734 subaudientibus
1018 680 1264 736 videlicet
1289 681 1471 745 nobis,
1503 681 1629 750 quia
1657 693 1866 734 nuncu-

295 767 514 838 patione
532 767 656 833 diei,
680 785 787 823 nox
805 784 1020 842 quoque
1037 770 1198 826 debet
1220 772 1460 842 intelligi.
1486 770 1657 835 Unde,
1674 770 1869 825 etiam-

291 857 338 912 si
358 872 522 911 unum
543 871 612 911 ex
631 857 713 912 his
735 856 848 913 ﬁeri
875 859 1190 940 longiorem,
1213 861 1481 916 solstitiali
1501 861 1876 916 immutatione

291 949 606 1018 contigerit,
653 949 970 1020 praaﬁnitum
1000 963 1178 1008 tamen
1223 962 1434 1025 tempus
1460 954 1716 1009 horarum
1746 953 1879 1008 utri-

295 1055 464 1110 usque
509 1042 886 1112 complectitur
931 1044 1228 1110 iutervalla,
1285 1054 1537 1116 tanquam
1585 1048 1630 1102 si
1679 1046 1880 1102 dixeris

294 1133 482 1201 viginti
509 1142 742 1201 quatuor
770 1135 929 1190 horas
957 1136 1025 1190 ad
1050 1152 1357 1192 mensuram
1386 1139 1545 1192 unius
1571 1137 1678 1193 diei
1712 1137 1880 1208 perti-

293 1225 412 1279 neri
441 1243 453 1277 :
487 1225 575 1280 vel
603 1241 767 1280 unum
794 1226 1018 1283 forsitan
1043 1229 1207 1296 dixit,
1241 1230 1312 1285 ob
1341 1231 1465 1298 hoc,
1501 1230 1628 1300 quia
1657 1231 1712 1285 in
1737 1230 1878 1287 caelo

292 1315 362 1370 de
386 1316 548 1372 certis
565 1317 728 1386 signis
749 1318 802 1372 in
824 1319 1013 1378 eadem
1038 1321 1233 1376 iterum
1255 1321 1353 1377 sub
1375 1337 1483 1377 uno
1501 1321 1589 1377 die
1609 1323 1882 1393 processio

293 1411 424 1467 solis
451 1422 508 1467 et
533 1415 772 1470 reversio
801 1415 1121 1471 celebratur.
1171 1415 1250 1471 Ita
1297 1419 1510 1487 quoties
1535 1431 1759 1488 vespera
1797 1417 1881 1473 vel

295 1520 472 1572 mane,
516 1507 807 1564 secundum
857 1509 986 1563 solis
1031 1510 1350 1574 circuitum,
1385 1517 1648 1565 terrarum
1695 1510 1885 1564 orbem

294 1598 691 1667 complectitur,
715 1615 822 1654 non
850 1600 1111 1670 ampliore
1139 1611 1383 1672 tempore
1405 1618 1567 1672 quam
1598 1602 1754 1656 unius
1778 1601 1886 1657 diei

295 1691 500 1760 spatio,
554 1693 768 1764 pr0pria
818 1693 958 1748 solet
1001 1695 1265 1750 curricula
1313 1695 1554 1751 deﬁnire.
1606 1694 1702 1750 Vel
1748 1695 1888 1750 sicut

295 1781 556 1836 secretior
595 1782 758 1837 tradit
801 1783 960 1850 ratio,
1011 1784 1150 1840 Deus
1188 1801 1312 1840 cum
1353 1795 1598 1841 naturam
1630 1788 1888 1857 temporis

1976 586 2124 651 dum,
2155 593 2248 639 aut
2277 585 2491 638 tertium
2531 585 2784 640 sarculum
2812 595 3143 642 numeratur.
3183 585 3334 643 Unde
3371 603 3559 645 causa-

1979 691 2095 730 rum
2117 675 2297 746 potius
2314 673 2646 729 diversarum
2665 684 2990 748 actuumque
3003 676 3355 744 differentias,
3377 687 3432 733 et
3453 695 3561 735 non

1978 767 2296 824 saeculorum
2325 767 2582 824 circuitus
2609 776 2666 823 et
2703 770 3070 826 successiones
3115 784 3179 825 ac
3227 770 3362 827 lines
3405 770 3564 827 datur

1981 859 2228 929 intelligi.
2255 857 2379 914 Dies
2405 861 2562 926 enim,
2587 861 2776 930 inquit,
2805 859 3018 916 Domini
3042 879 3258 935 magnas
3286 871 3338 918 et
3363 863 3572 920 lucida
3624 853 3634 868 ’

1983 951 2140 1022 (Joel.
2167 967 2223 1018 ιι,
2252 950 2362 1021 ll).
2388 950 2456 1006 Et
2482 951 2608 1006 alibi
2638 969 2651 1005 :
2686 949 2823 1016 Quid
2856 951 2996 1008 vobis
3029 971 3256 1024 querere
3279 955 3416 1010 diem
3454 955 3565 1010 Do-

1983 1043 2149 1097 mini?
2179 1041 2278 1110 Qui
2306 1052 2474 1098 tamen
2517 1043 2752 1098 tenebras
2792 1043 2960 1109 habet,
2990 1062 3093 1101 non
3118 1050 3282 1104 lucem
3310 1047 3490 1117 (Amos
3509 1063 3564 1115 v,

1985 1135 2098 1208 18).
2131 1135 2239 1192 Sed
2264 1138 2513 1192 tenebras
2538 1152 2631 1192 eas
2655 1137 2789 1194 dixit
2825 1154 2946 1209 quae
2990 1139 3260 1211 deputata:
3304 1149 3428 1197 sunt
3466 1141 3566 1197 sibi

1986 1228 2182 1298 dignis.
2213 1227 2348 1283 Nam
2373 1229 2713 1285 inocciduum
2737 1238 2793 1285 et
2819 1231 3204 1300 sempiternum
3233 1233 3375 1289 diem
3416 1232 3568 1288 illum

1986 1312 2166 1376 sermo
2188 1327 2435 1386 testatur,
2465 1334 2628 1390 quem
2654 1322 2817 1377 etiam
2837 1331 3090 1379 octavum
3115 1324 3356 1394 psalmus
3384 1326 3572 1396 appel-

1987 1412 2065 1467 lat
2107 1429 2120 1464 :
2152 1411 2351 1483 quippe
2395 1411 2488 1481 qui
2534 1420 2687 1467 extra
2735 1422 2945 1484 tempus
2991 1415 3239 1471 habetur.
3288 1414 3414 1471 Sive
3441 1430 3571 1486 ergo

1961 1547 1966 1552 .
1988 1505 2152 1568 diem,
2183 1503 2296 1558 sive
2320 1515 2342 1542 ο
2365 1504 2639 1570 saeculum,
2663 1505 2778 1560 sive
2807 1506 3095 1575 septimum
3121 1496 3352 1572 dix'eris,
3383 1524 3452 1563 ex
3478 1523 3573 1564 eo-

1988 1597 2112 1654 dem
2143 1597 2372 1653 trahitur
2406 1597 2700 1662 intellectu,
2728 1597 3072 1666 singulariter
3099 1606 3155 1653 et
3179 1615 3289 1656 non
3316 1599 3572 1669 multipli-

1989 1691 2126 1747 citer
2150 1689 2471 1745 declaratur.
2515 1687 2701 1758 Itaque
2730 1697 2788 1743 ut
2831 1688 2900 1743 ad
2927 1687 3160 1744 futuram
3187 1691 3351 1746 vitam
3391 1700 3572 1747 nostra

1991 1785 2222 1854 cogitata
2251 1784 2538 1852 dirigeret,
2567 1782 2710 1838 diem
2755 1783 3124 1854 principalem,
3168 1784 3259 1853 qui
3287 1792 3371 1840 est
3398 1785 3573 1854 imago

295 1882 628 1943 procrearet,
652 1883 708 1930 et
724 1891 1032 1932 mensuram
1053 1877 1103 1932 ei
1130 1877 1388 1946 signaque
1408 1886 1553 1932 certa
1583 1894 1651 1932 ex
1678 1879 1886 1936 dierum
1918 1883 1966 1943 Β
1990 1873 2330 1943 stc'culorum,
2374 1892 2539 1931 unum
2588 1891 2696 1931 non
2738 1875 3007 1930 immerito
3033 1877 3322 1942 vocitavit,
3363 1885 3421 1931 ut
3448 1885 3577 1947 pote

297 1968 579 2024 constituit
607 1969 903 2025 intervallis
948 1989 960 2023 :
1009 1978 1065 2025 et
1105 1986 1203 2041 per
1230 1971 1586 2041 septimanam
1618 1974 1888 2028 numerari

296 2063 487 2128 voluit,
519 2077 746 2132 eamque
788 2079 1004 2135 semper
1028 2065 1083 2118 in
1110 2064 1454 2134 semetipsam
1482 2065 1721 2119 converti
1749 2080 1888 2136 pra:-

296 2156 462 2225 cepit,
487 2163 691 2210 motum
719 2157 982 2227 temporis
1002 2159 1336 2224 metientem,
1360 2173 1654 2228 rursusque
1675 2157 1702 2198 ιι
1725 2160 1891 2231 septi-

299 2261 512 2300 manam
535 2249 772 2318 suppleri
795 2249 956 2318 jussit
977 2251 1135 2306 unius
1161 2251 1270 2307 diei
1298 2252 1493 2321 spatio,
1533 2267 1654 2321 qua:
1693 2255 1892 2324 septies

299 2337 356 2391 in
383 2340 673 2410 semetipsa
701 2341 1014 2396 reﬂectitur.
1067 2343 1192 2399 ch
1237 2345 1380 2399 enim
1408 2347 1548 2401 ratio
1574 2356 1656 2402 est
1684 2347 1893 2403 volubi-

300 2429 431 2485 lium
455 2433 808 2501 schematum,
835 2442 901 2489 ut
915 2450 945 2490 a
971 2450 1030 2490 sc
1053 2436 1364 2507 incipientia
1385 2453 1599 2510 semper
1625 2439 1679 2494 in
1701 2449 1894 2496 semet-

301 2525 418 2594 ipsa
447 2525 706 2582 ferantur.
761 2527 918 2594 Quod
943 2529 1108 2583 etiam
1135 2531 1453 2587 saeculorum
1478 2533 1756 2603 proprium
1786 2542 1888 2599 est,

301 2621 422 2688 qua;
449 2633 546 2689 per
572 2634 669 2674 sua
697 2635 756 2674 se
788 2621 1120 2677 incessanter
1152 2624 1374 2692 vestigia
1405 2624 1749 2692 revolvendo,
1783 2633 1893 2680 ter-

305 2712 510 2766 minum
539 2711 682 2766 nulla
711 2712 922 2766 ratione
948 2712 1270 2782 percipiunt.
1316 2713 1610 2784 Propterea
1633 2716 1890 2771 verticem

304 2802 564 2869 temporis
589 2816 696 2855 non
728 2801 982 2870 primum,
1013 2802 1108 2857 sed
1139 2818 1304 2857 unum
1334 2805 1664 2875 nuncupavit
1700 2806 1843 2861 diem
1874 2825 1886 2860 :

301 2898 362 2944 ut
386 2905 455 2944 ex
484 2892 598 2961 ipsa
622 2892 1029 2961 nuncupatione
1064 2909 1188 2948 cum
1229 2894 1429 2950 szeculo
1455 2895 1557 2950 sibi
1587 2903 1894 2950 servaretur

297 2980 550 3038 afﬁnitas.
584 2982 785 3039 Rerum
811 2986 954 3041 enim
983 2986 1324 3056 simplicium,
1350 2986 1588 3056 nihilque
1607 3001 1894 3042 commune

297 3088 420 3129 cum
461 3075 580 3130 aliis
625 3076 972 3142 habentium,
1021 3078 1295 3148 specimen
1343 3077 1610 3143 indicans,
1656 3092 1893 3148 congrue

299 3166 512 3235 penitus
540 3174 596 3222 et
620 3167 874 3223 decenter
902 3169 1210 3224 nominatus
1237 3177 1320 3224 est
1354 3184 1512 3224 unus.
1542 3167 1612 3222 Et
1648 3169 1892 3238 quamvis

194 3304 197 3306 .
297 3258 464 3313 multa
492 3259 688 3315 saecula
722 3260 878 3317 nobis
906 3259 1184 3332 Scriptura
1211 3260 1468 3318 declaret.
1508 3260 1694 3318 dicens
1720 3277 1884 3317 uecu-
1913 3255 1961 3318 C

373 3394 646 3474 ﬂnAntiqui
695 3395 802 3474 duo
851 3396 969 3451 libri
991 3397 1220 3474 etvediti,
1270 3401 1532 3474 uiriusque
1561 3402 1882 3474 contingens.

261 3484 271 3489 '
297 3466 369 3542 _At
395 3463 549 3542 C_olb.
575 3463 876 3542 secundus,
906 3469 1170 3542 utriusque
1199 3463 1540 3542 conjungéns,
1571 3480 1625 3526 et
1657 3463 1885 3528 itavscri-

297 3536 534 3610 bendum
574 3537 930 3610 judicavimus
975 3539 1063 3610 ob
1089 3536 1224 3594 illud
1255 3536 1546 3597 σῦνὰτῖντων.
1578 3541 1702 3598 Mox
1731 3543 1879 3610 editi,

299 3607 772 3679 videurturieﬂ‘icere.
806 3609 874 3679 At.
903 3609 1070 3664 nostri
1100 3618 1210 3666 tres
1237 3626 1388 3677 mss.,
1422 3613 1738 3668 viderentur.

375 3679 398 3714 ι)
431 3676 646 3761 antiqui
675 3676 781 3761 duo
813 3678 1020 3761 iibrilet.
1046 3679 1204 3761 editi,
1238 3698 1513 3761 rursusque
1543 3685 1884 3761 septimanam

299 3748 538 3820 supplere
558 3748 717 3820 jussit
742 3751 894 3803 unius
919 3750 1020 3804 diei
1039 3753 1225 3820 spatia.
1253 3751 1323 3804 At
1349 3748 1502 3807 Colb.
1535 3748 1800 3808 secundus
1826 3764 1886 3809 ut

301 3817 655 3895 in’co_r_it_e:itu.
673 3818 882 3895 ibidem
909 3817 1080 3895 codex
1111 3830 1313 3895 noster,
1344 3824 1430 3895 qui
1459 3825 1664 3895 septies.

376 3899 398 3926 ε
432 3886 818 3964 Editiei_Colb.
841 3890 1060 3964 primus,
1086 3893 1190 3946 sive
1208 3886 1471 3959 amulum,
1493 3886 1600 3948 sive
1617 3896 1890 3964 septimum

301 3959 518 4035 dixeris.
551 3959 702 4035 Golb.
735 3959 889 4035 alter,
921 3961 1025 4035 sive
1062 3964 1341 4017 secundum
1371 3967 1638 4035 septimum
1670 3959 1882 4020 dixeris.

303 4027 470 4085 Vetus
516 4030 684 4085 codex
731 4031 821 4100 qui
869 4031 1008 4101 apud
1055 4047 1154 4088 nos
1200 4027 1462 4101 servatur,
1495 4036 1599 4089 sive
1642 4039 1888 4090 swettlum

961 4167 1362 4177 ——_—__

376 4411 428 4465 l.
463 4411 653 4467 Primae
677 4412 781 4468 diei
812 4428 996 4484 opera,
1022 4414 1103 4469 vel
1133 4415 1312 4484 potius
1342 4416 1518 4481 unius,
1545 4432 1720 4486 neque
1749 4418 1893 4473 enim

301 4506 384 4561 las
411 4514 492 4561 est
515 4507 562 4560 ei
589 4522 686 4561 nos
706 4507 988 4564 detrahere
1009 4509 1323 4578 dignitatem
1349 4527 1510 4582 quam
1542 4529 1573 4566 a
1601 4510 1896 4568 Conditore

259 4598 262 4601 ’
301 4599 622 4669 promeruit,
654 4614 775 4653 cum
801 4614 899 4670 per
920 4617 978 4656 se
1004 4602 1346 4671 singulariter
1367 4604 1638 4670 ederetur,
1667 4605 1894 4661 nullate-

304 4706 407 4744 nus
452 4690 676 4744 aliarum
719 4702 1105 4748 connumerata
1150 4695 1458 4763 curriculis,
1489 4705 1513 4733 ι
1542 4712 1664 4752 cum
1712 4697 1894 4752 omnia

302 4802 424 4857 qua:
454 4786 507 4841 in
534 4801 597 4840 ea
625 4786 762 4841 facta
798 4795 942 4851 sunt,
963 4788 1079 4843 heri
1109 4797 1296 4845 noster
1318 4805 1497 4845 sermo
1524 4790 1795 4846 disseruit.
1829 4787 1898 4845 Et

303 4880 419 4935 haec
447 4879 643 4950 passim
669 4880 930 4949 dividens,
964 4881 1269 4936 alimoniam
1302 4883 1637 4948 matutinam,
1669 4898 1891 4954 vesper-

303 4973 582 5042 tinamque
607 4973 847 5027 lmtitiam
876 4975 1125 5044 praestitit
1159 4976 1354 5031 animis
1381 4976 1684 5031 auditorum
1703 4965 1728 5043 ;’
1753 4991 1894 5032 nunc

261 5052 264 5055 ’
306 5073 488 5120 autem
535 5065 604 5119 ad
633 5064 889 5120 miracula
937 5066 1157 5121 secundi
1203 5066 1308 5121 diei
1356 5081 1725 5146 properamus.
1780 5063 1896 5123 Hoc

306 5167 489 5213 autem
524 5173 1003 5225 commemorans,
1060 5175 1168 5214 non
1219 5160 1272 5214 in
1323 5159 1606 5216 referentis
1651 5160 1896 5231 potentia

305 5249 515 5306 colloco
535 5267 656 5321 qua:
677 5251 946 5317 dicuntur,
977 5250 1073 5306 sed
1121 5251 1174 5305 in
1223 5249 1512 5322 Scriptura:
1549 5252 1740 5321 gratia,
1771 5266 1893 5321 qua:

307 5342 624 5398 naturaliter
673 5342 955 5413 possidens
1004 5343 1334 5412 intelligendi
1359 5342 1731 5410 .facilitatem,
1791 5344 1896 5398 illis

1295 4253 1770 4362 LIBER
1859 4257 2578 4374 TERTIUS.

1997 1969 2182 2024 lumini
2221 1984 2534 2037 aequaevum.
2587 1968 2718 2022 Dico
2746 1977 2928 2023 autem
2956 1976 3199 2024 sanctum
3241 1968 3577 2025 Dominicum

1994 2062 2086 2132 qui
2111 2059 2510 2116 resurrectione
2551 2057 2881 2128 gloriﬁcatus
2928 2068 3012 2115 est
3037 2059 3352 2114 Salvatoris.
3382 2057 3445 2112 Et
3473 2060 3579 2116 hoc

1994 2160 2079 2208 est
2105 2153 2250 2223 quod
2276 2153 2412 2207 dixit
2442 2172 2453 2206 :
2485 2151 2656 2206 Facta
2683 2162 2760 2207 est
2782 2169 3009 2222 vespera,
3033 2162 3082 2206 et
3111 2155 3303 2225 factum
3331 2163 3407 2208 est
3426 2170 3579 2209 mane

1995 2245 2105 2299 dies
2133 2262 2284 2300 unus.
2316 2243 2422 2299 Sed
2451 2259 2688 2314 vesperte
2715 2243 2932 2315 quidem
2973 2245 3113 2300 illius
3153 2246 3390 2300 narratio
3417 2261 3578 2301 occu-

1995 2346 2120 2408 pata
2137 2378 2152 2402 ,
2185 2337 2437 2407 praisenti
2461 2352 2686 2408 vespera
2721 2336 2940 2392 modum
2965 2338 3145 2393 cursui
3173 2346 3368 2393 nostra:
3392 2337 3577 2408 dispu-

1998 2429 2218 2484 tationis
2247 2429 2492 2500 imponit.
2523 2427 2686 2485 Pater
2731 2437 2909 2484 autem
2936 2445 3077 2485 verm
3115 2429 3268 2494 lucis,
3317 2431 3408 2500 qui
3435 2429 3579 2485 diem

1995 2521 2199 2576 cmlesti
2229 2521 2429 2578 lumine
2456 2521 2750 2585 decoravit,
2782 2531 2838 2576 et
2867 2530 3082 2578 noctem
3113 2523 3252 2592 ignis
3277 2523 3440 2578 radiis
3467 2523 3580 2579 cla-

1994 2611 2212 2677 rel‘ecit,
2241 2613 2333 2682 qui
2362 2613 2573 2668 venturi
2601 2612 2782 2668 smculi
2809 2613 3050 2683 requiem
3091 2614 3421 2669 merentibus
3447 2629 3580 2685 pra:-

1998 2707 2226 2776 parauit,
2254 2704 2415 2762 corda
2445 2715 2626 2760 vestra
2674 2707 2963 2776 perlustret
3007 2707 3279 2775 agnitione
3319 2709 3581 2773 veritatis,

1996 2806 2051 2852 et
2079 2798 2453 2853 intemeratam
2481 2797 2750 2852 custodiat
2797 2797 2963 2852 vitam
3007 2806 3272 2862 vestram,
3325 2806 3582 2868 praestans

1996 2888 2149 2943 vobis
2178 2879 2407 2943 honeste
2435 2887 2730 2955 ambulare,
2761 2897 3029 2958 quatenus
3057 2888 3304 2957 tulgeatis
3331 2887 3390 2943 ut
3411 2889 3492 2944 sol
3528 2890 3580 2944 in

1994 2979 2316 3037 claritudine
2363 2989 2670 3035 sanctorum
2725 2993 2942 3035 suorum
2963 3020 2979 3045 ,
3033 2979 3102 3035 ad
3130 2979 3576 3036 .exsultationem

1995 3087 2173 3128 meam
2205 3073 2270 3127 ‘in
2317 3072 2460 3126 diem
2489 3071 2720 3138 Domini,
2746 3071 2832 3127 cui
2853 3071 3023 3141 gloria
3051 3081 3106 3127 et
3135 3071 3324 3137 honor,
3360 3087 3502 3129 nunc
3528 3079 3583 3128 et

1996 3180 2212 3236 semper
2232 3164 2364 3220 etin
2385 3163 2581 3220 sacula
2607 3163 2946 3220 saeculorum.
2975 3163 3163 3219 Amen.

1996 3403 2530 3484 septimunrdixerigj
2551 3402 2613 3484 in
2641 3400 2834 3484 quibus
2856 3395 3239 3484 omnibusnvitii
3269 3397 3465 3468 aliquid
3501 3397 3583 3484 iii-

1995 3468 2116 3529 esse
2143 3474 2406 3543 suspicor.
2439 3472 2565 3528 Mihi
2594 3468 2756 3541 igitur
2782 3470 3072 3525 verisimile
3099 3468 3156 3522 lit
3175 3484 3383 3543 vocem
3425 3469 3585 3543 septi-

1994 3561 2135 3623 mam
2157 3538 2279 3623 loco
2307 3551 2508 3623 motam
2538 3538 2718 3623 fuisse,
2743 3555 2982 3623 eamque
2999 3541 3188 3623 reponi
3207 3538 3584 3623 deberepaulo

1995 3614 2173 3692 altius,
2199 3615 2303 3668 hoc
2325 3613 2488 3692 modo
2500 3632 2525 3692 _:
2557 3611 2756 3684 Quippe
2785 3611 2872 3684 qui
2896 3619 3046 3666 extra
3089 3621 3284 3692 tempus
3313 3611 3580 3692 s'eptimam

1993 3683 2246 3738 habetur:
2278 3685 2361 3738 cui
2391 3679 2712 3754 conjecturae
2748 3679 2858 3754 non
2883 3697 3069 3753 parum
3110 3679 3292 3736 lavent
3320 3679 3584 3754 Basiliana

1993 3755 2104 3834 ilia,
2137 3755 2220 3811 διὰ
2245 3758 2303 3811 τὸ
2325 3751 2752 3834 ἔξωικεῗᾳρξιιτοῦ
2781 3751 3114 3824 itide—partui}
3145 3755 3331 3834 rmirou
3361 3751 3578 3834 χηᾴξου.

2001 3825 2132 3880 Utut
2161 3827 2274 3880 haec
2301 3827 2452 3890 sunt',
2487 3827 2618 3881 nihil
2646 3826 2698 3880 in
2737 3821 2993 3881 contextu
3039 3821 3586 3890 mutavimtls’,"tidem

1999 3897 2260 3951 librorum
2309 3889 2654 3966 antiquorum
2701 3895 2890 3951 secuti.
2925 3894 3230 3963 ,Aliquanto
3278 3900 3400 3963 post
3425 3889 3582 3946 Colb.

1997 3967 2283 4031 secundus,
2308 3975 2364 4018 ut
2391 3969 2470 4021 sol
2499 3969 2552 4022 in
2577 3967 2836 4022 claritate.

2385 4176 2674 4185 Μ

1999 4424 2317 4500 suavitatem
2348 4425 2756 4493 demonstrans,
2802 4427 2875 4482 ita
2916 4425 3087 4484 dicit:
3121 4427 3309 4483 Dulcia
3349 4429 3587 4498 funereas

1999 4519 2126 4572 meis
2148 4518 2296 4573 verba
2325 4530 2409 4574 tua
2427 4517 2447 4587 ,’
2472 4537 2625 4594 super
2648 4523 2749 4577 mel
2770 4522 2852 4576 ori
2870 4539 2981 4577 meo
3013 4520 3193 4594 (Psal.
3218 4537 3406 4584 cxvul,
3437 4517 3584 4589 105).

2002 4608 2128 4665 Heri
2160 4612 2362 4681 itaque,
2397 4623 2660 4682 quantum
2703 4614 2957 4684 possibile
2984 4612 3102 4677 fuit,
3140 4627 3266 4680 erga
3287 4610 3449 4664 verba
3476 4608 3587 4662 Do-

2000 4704 2130 4759 mini
2159 4685 2558 4760 commorantes
2585 4711 2796 4759 vestros
2822 4719 3011 4760 sensus
3033 4701 3391 4758 delectatione
3412 4699 3588 4770 reple-

2001 4794 2191 4849 vimus.
2215 4794 2273 4848 In
2295 4794 2719 4863 hodiernumque
2739 4793 2878 4848 diem
2902 4793 3217 4848 festinanter
3235 4792 3584 4857 occurrimus,

1998 4885 2336 4952 sequentium
2366 4899 2546 4937 rerum
2575 4883 2831 4938 miracula
2860 4882 3585 4953 spectaturi._Verumtamen

1997 4977 2224 5052 minime.
2259 4977 2429 5031 latere
2459 4992 2558 5032 nos
2586 4977 2792 5048 potuit,
2818 4978 2943 5047 quia
2974 4976 3127 5032 multi
3156 4975 3376 5048 opiﬁces
3403 4976 3588 5032 labore

1997 5083 2216 5124 suarum
2244 5082 2498 5123 manuum
2528 5069 2854 5132 victitantes,
2886 5071 3234 5125 circumstant
3263 5082 3380 5132 nos,
3410 5075 3465 5122 et
3492 5065 3587 5120 ad-

2000 5170 2220 5218 monent
2247 5170 2306 5217 ut
2327 5162 2692 5218 narrationem
2718 5163 3052 5234 propositam
3072 5161 3335 5217 brevitate
3355 5159 3586 5226 stringa-
3645 5231 3648 5234 π

2001 5270 2149 5320 mus,
2182 5269 2250 5310 ne
2296 5253 2496 5310 diutius
2535 5256 2908 5312 extrahantur
2938 5257 3005 5311 ab
3034 5267 3229 5330 opere.
3252 5251 3455 5319 Quibus
3481 5250 3587 5306 hoc

1997 5348 2325 5433 respondeo,
2347 5349 2484 5418 .quia
2513 5364 2638 5421 pars
2657 5349 2866 5404 modica
2897 5346 3154 5416 temporis
3182 5344 3422 5400 fenerata
3452 5342 3583 5403 Deo,

307 5449 549 5490 amorem
591 5451 746 5491 suum
789 5437 1040 5492 cordibus
1086 5437 1383 5508 inspiravit,
1424 5438 1515 5507 qui
1558 5439 1895 5508 persuasioni
1970 5453 2103 5494 non
2149 5439 2322 5495 solum
2351 5441 2467 5510 ipsa
2497 5457 2606 5495 non
2634 5439 2871 5510 deperit,
2903 5437 2997 5493 sed
3026 5453 3148 5492 cum
3176 5435 3384 5505 magnis
3425 5435 3493 5488 ab
3518 5448 3588 5488 eo

308 5526 592 5606 Superﬁua:
614 5527 916 5583 anteferunt
944 5530 1256 5596 veritatem;
1287 5529 1426 5584 sicut
1453 5537 1507 5583 et
1526 5530 1762 5600 psalmus
1782 5532 1892 5586 veri
1996 5533 2308 5604 rependitur
2331 5534 2692 5590 incrementis.
2725 5531 2923 5587 Omnes
2952 5527 2980 5570 δ
3003 5532 3146 5587 enim
3174 5546 3262 5586 res
3285 5543 3404 5599 qua:
3427 5542 3588 5582 occuo-

380 5721 405 5748 η
432 5710 593 5775 Editi,
615 5729 730 5767 cum
756 5712 1011 5767 omnibus.
1037 5713 1106 5766 At
1133 5713 1298 5767 nostri
1331 5721 1438 5766 tres
1466 5726 1593 5765 mss.
1626 5726 1740 5763 cum
1759 5727 1878 5765 om-

310 5784 415 5837 nia.
442 5784 630 5838 Statim
652 5784 800 5845 editi,
825 5784 1141 5854 intelligendi
1156 5784 1469 5854 facultatem.
1488 5781 1627 5836 Libri
1652 5793 1882 5854 veteres,

310 5855 628 5918 intelligendi
663 5851 1006 5909 Ῑιιεὶιὶιιιιρηι.⁷
1032 5855 1086 5910 In
1126 5851 1330 5920 Gmaco,
1383 5859 1437 5909 τὸ
1488 5851 1877 5908 ramosas-mu.

1987 5709 2157 5767 Paulo
2177 5717 2308 5782 post
2328 5709 2476 5772 editi,
2499 5722 2611 5782 qua:
2631 5707 2977 5778 persuasioni.
3004 5703 3160 5760 Colb.
3191 5702 3478 5771 secundus,
3499 5706 3588 5776 qui

1987 5781 2311 5851 μεντοιαεὶοηί
2334 5797 2350 5832 :
2373 5787 2538 5834 recte.

2061 5853 2085 5890 ι’
2115 5851 2272 5914 Editi,
2302 5866 2475 5903 omnes
2504 5851 2640 5904 enim
2680 5867 2780 5905 res.
2816 5847 3035 5923 Antiqui
3083 5846 3191 5902 duo
3233 5847 3385 5913 libri,
3418 5848 3584 5901 omnis
