4110 6336
597 283 696 342 θυι

2069 309 2109 364 Ε
2120 309 2432 372 USTATHII

3781 345 3888 397 έῗὶζξ

595 397 872 468 Ριιίοηυηὶ
901 419 1090 459 causas
1119 405 1373 476 eﬂiciuut,
1422 411 1678 470 Dominus
1707 419 2050 490 omnipotens
2079 439 2176 495 op-
2204 429 2252 488 Α
2282 430 2461 501 dirigit
2507 433 2865 506 Uuigeuitum.
2905 441 2976 496 Et
2997 455 3144 501 certe
3189 449 3426 505 vocifcro
3477 471 3728 512 sermone
3779 477 3890 516 nou

595 499 821 516 -.‘—I.-_A
867 493 1066 516 -..2I!--.
1113 499 1204 516 “,,'l
1276 515 1283 516 κ
1606 507 1636 516 η
1791 511 1810 516 Α
1897 514 1904 516 μ
1992 514 2001 516 μ

595 499 824 560 portune
865 493 1070 550 scilicet
1113 499 1358 556 tribuens
1403 507 1723 576 corporibus
1777 493 2183 583 fortitudinem,

591 583 892 654 muniisque
909 587 1168 656 laetitiam,
1207 609 1306 649 nec
1325 611 1432 650 non
1455 596 1764 658 facultatem
1785 608 2016 676 negotiis
2037 625 2188 680 pera-

589 675 776 743 gendis
794 719 809 742 ,
842 677 888 732 si
919 687 1096 736 tamen
1125 699 1226 739 nos
1264 688 1612 746 saecularibus
1641 675 2000 765 praeponenda
2029 675 2186 772 spiri-

585 767 716 824 talia
747 785 1083 828 censeamus.
1113 776 1270 843 Quod
1299 781 1346 834 si
1395 781 1620 840 forsitan
1669 787 1722 841 in
1765 793 2016 859 praesenti
2047 767 2178 862 vita,

511 853 522 866 '
583 865 1078 921 remunerationem
1107 869 1246 925 bene
1271 881 1548 940 gestorum
1576 880 1822 950 reeipere
1851 899 1962 938 non
1987 897 2180 956 potue-

581 951 775 1024 rimus,
805 954 996 1012 futuris
1025 967 1208 1018 tamen
1259 967 1500 1034 saeculis,
1553 973 1805 1042 copiosos
1853 977 1970 1033 sine
2015 980 2179 1037 dubio

585 1047 864 1106 thesauros
917 1054 1226 1112 sortiemur.
1299 1057 1640 1133 Quapropter
1695 1069 1924 1126 obsecro
1971 1089 2067 1128 vos
2121 1083 2178 1130 ut

579 1155 772 1198 omnes
809 1145 1166 1214 cogitationes
1201 1154 1512 1212 mundanas
1553 1159 1622 1215 de
1669 1165 1862 1220 vestris
1909 1169 2178 1226 mentibus

579 1233 898 1300 excludatis,
932 1247 988 1294 et
1031 1242 1244 1309 penitus
1273 1247 1402 1301 mihi
1439 1265 1534 1306 vos
1585 1253 1824 1323 integros
1865 1263 2168 1328 praibeatis.

579 1321 764 1394 Neque
791 1329 934 1383 enim
961 1331 1126 1386 ullum
1157 1339 1498 1394 commodum
1527 1321 1721 1414 capiet:
1739 1321 2022 1418 praesentia
2053 1369 2172 1410 cor—

571 1419 808 1498 poralis;
842 1437 964 1476 cum
993 1439 1146 1482 mens
1182 1431 1324 1486 curis
1351 1433 1619 1504 implicata
1651 1444 2012 1513 terrestribus,
2047 1464 2168 1504 cre—

575 1495 721 1565 ditur
745 1523 768 1552 ο
793 1503 1100 1576 εὼςθήιειω.

648 1603 700 1658 2.
733 1605 800 1660 Et
819 1609 952 1664 dixit
971 1610 1112 1666 Deus
1133 1631 1150 1667 .·
1173 1615 1300 1670 Fiat
1317 1621 1732 1692 ﬁrmamentum;
1762 1639 1811 1683 et
1831 1633 1900 1686 sit
1916 1651 2167 1705 separatis

571 1702 711 1756 inter
737 1715 923 1776 aqua»:
963 1717 1012 1760 et
1039 1725 1242 1780 aquam.
1275 1713 1396 1768 Jam
1424 1719 1640 1787 quidem
1671 1723 1926 1781 hesterno
1955 1729 2042 1784 die
2071 1745 2166 1785 au-

2295 535 2412 580 erat
2439 545 2576 598 opus
2605 531 2934 604 incorporeo
2963 547 3184 606 naturae,
3217 561 3338 598 cum
3375 555 3397 582 θ
3428 547 3716 606 destinatio
3737 555 3890 622 cogi-

2295 619 2514 676 tationis
2549 635 2930 694 cooperantem
2963 631 3130 688 latere
3157 651 3262 690 non
3292 625 3508 706 posset,
3541 642 3743 712 quippe
3768 647 3891 713 qui-

2291 709 2390 764 bus
2433 714 2780 770 consiliorum
2811 721 3075 788 societas,
3121 740 3188 779 cx
3233 725 3345 796 ipsa
3391 737 3662 799 potestate
3689 749 3891 805 suppe~

2283 803 2442 858 ditat.
2475 806 2608 862 Nam
2651 827 2756 865 vox
2799 823 3020 884 propter
3066 817 3305 874 auditum
3355 826 3656 880 necessaria
3687 835 3804 895 est,
3841 841 3892 884 et

2286 899 2498 955 auditus
2529 913 2753 974 propter
2785 923 2990 964 vocem.
3025 911 3126 966 Ubi
3161 929 3288 970 vero
3331 933 3430 972 nec
3479 933 3574 974 aer
3617 928 3735 986 est,
3789 937 3892 979 nec

2285 991 2624 1061 lingua,-nec
2671 1013 2860 1065 aures,
2911 1017 3012 1058 nec
3059 1012 3232 1060 tactus
3261 1009 3523 1078 asperior,
3567 1011 3634 1066 ad
3665 1029 3888 1069 sensum

2282 1087 2474 1155 capitis
2521 1105 2898 1160 repercussum
2945 1099 3182 1152 sonitum
3235 1101 3610 1172 perducendo,
3661 1107 3735 1163 ibi
3789 1124 3888 1165 nec

2282 1193 2461 1232 sermo
2493 1187 2829 1242 necessarius
2860 1195 2973 1254 est,
3017 1192 3112 1246 sed
3141 1207 3210 1247 ex
3239 1193 3372 1264 ipsa,
3417 1205 3474 1250 ut
3514 1197 3587 1252 ita
3630 1199 3886 1266 dixerim,

2279 1259 2538 1328 cardinali
2567 1277 2896 1343 cogitatione
2933 1280 2990 1335 tit
3019 1259 3360 1355 participatio
3385 1289 3701 1345 voluntatis.
3735 1291 3886 1350 Sicut

2279 1375 2409 1429 ergo
2459 1365 2842 1434 praediximus,
2892 1381 2950 1425 ut
2995 1365 3148 1430 mens
3195 1387 3378 1432 nostra
3417 1393 3777 1451 consurgeret
3825 1387 3883 1441 ad

2278 1453 2680 1523 inquisitionem
2713 1463 2888 1518 vultus
2915 1463 3032 1534 ejus
3075 1468 3142 1522 de
3170 1485 3278 1538 quo
3324 1473 3549 1540 agimus,
3583 1477 3883 1544 prudenter

2275 1553 2330 1599 et
2357 1549 2562 1616 optime
2591 1552 2808 1607 schema
2837 1555 3146 1624 hujusmodi
3169 1560 3488 1618 elocutionis
3511 1569 3830 1637 assumpsit.

2344 1638 2396 1692 5.
2427 1639 2676 1697 Secundo
2707 1645 2828 1700 loco
2857 1649 3206 1714 quaerendum
3235 1661 3319 1707 est
3347 1655 3391 1708 si
3421 1655 3566 1709 aliud
3597 1665 3806 1726 planet
3827 1659 3872 1714 id

2271 1729 2414 1797 quod
2439 1729 2590 1786 initio
2611 1731 2808 1789 factum
2831 1744 2914 1792 est
2935 1740 3149 1806 coelum,
3173 1739 3572 1800 firmamentum
3597 1749 3716 1812 fuit,
3734 1752 3874 1820 quod
3952 1807 3968 1826 ι

2290 1793 2304 1797 _
2976 1793 3008 1794 η
3049 1793 3052 1794 ν
3103 1793 3149 1806 ππ
3177 1793 3180 1794 ν
3211 1793 3572 1800 ———-«---v--~----
3597 1793 3716 1812 "-"r
3736 1793 3870 1820 *ιι-νυ

565 1793 802 1850 divinius
823 1800 988 1856 verba
1013 1801 1224 1859 Domini
1249 1806 1477 1865 dicentis
1505 1830 1516 1865 :
1553 1813 1678 1868 Fiat
1707 1818 1818 1886 lux,
1843 1820 2021 1888 hodie,
2043 1821 2164 1878 Fiat
2203 1815 2244 1872 Β
2275 1829 2453 1878 tamen
2495 1835 2549 1880 et
2595 1827 2766 1897 ipsum
2815 1833 3007 1886 callum
3059 1837 3352 1902 VOCit‘Jllﬂ';
3387 1839 3476 1893 νεὶ
3505 1841 3550 1894 Si
3593 1851 3742 1897 OPPIO
3769 1843 3870 1900 άυο

563 1885 970 1954 ﬁrmamentum.
1017 1891 1142 1948 Plus
1183 1903 1364 1953 tamen
1395 1903 1650 1970 quiddam
1677 1909 1928 1966 videntur
1971 1885 2170 1971 habere

571 1981 874 2046 prmsentia.
929 1983 1113 2052 Neque
1161 1989 1305 2042 enim
1355 1993 1578 2049 verbum
1625 1999 1678 2052 in
1725 2002 1868 2055 nudo
1899 2017 2168 2077 praecepto

555 2072 856 2138 'remausit,
905 2075 998 2130 sed
1027 2091 1184 2133 causa
1219 2089 1314 2150 per
1340 2099 1502 2153 quam
1547 2092 1804 2158 quieritur
1847 2095 2168 2156 firmamenti

555 2163 850 2232 lproductio
877 2171 1115 2238 apertius
1147 2174 1486 2246 declaratur;
1521 2181 1572 2237 id
1599 2194 1698 2250 est,
1735 2197 1791 2240 ut
1812 2189 2008 2244 dividat
2037 2195 2166 2247 inter

570 2269 759 2326 aquam
787 2267 838 2311 et
863 2277 1071 2332 aquam.
1107 2263 1288 2324 Primo
1327 2271 1544 2340 quidem
1593 2287 1936 2346 reputemus,
1989 2285 2165 2339 discu-

557 2349 768 2404 tientes
795 2356 1070 2420 quomodo
1099 2357 1239 2413 Deus
1285 2363 1596 2432 alloquitur,
1649 2379 1834 2434 nostro
1864 2389 1951 2440 ne,
1989 2377 2038 2430 id
2084 2388 2166 2432 est

553 2440 844 2500 .hominum
867 2461 1037 2514 more,
1065 2451 1156 2518 qui
1179 2454 1326 2522 prius
1351 2455 1542 2513 futurae
1563 2464 1642 2516 rei
1669 2463 1895 2520 formam
1924 2472 2164 2541 concipi-

565 2547 684 2586 mus
714 2533 1020 2604 intellectu;
1053 2541 1248 2598 deinde
1270 2561 1337 2600 ex
1364 2548 1616 2617 subjectis
1637 2569 1901 2624 congruas
1931 2569 1986 2612 ct
2017 2560 2164 2616 fami-

565 2621 725 2678 liares
767 2627 1054 2698 unicuique
1083 2633 1507 2701 significationes
1549 2643 1864 2714 colligentes
1905 2653 2161 2720 exprimi-

547 2727 710 2779 .mus,
763 2725 818 2772 et
863 2729 987 2789 post
1033 2723 1135 2780 hoc
1183 2727 1494 2786 ministeriis
1543 2738 1808 2791 vocalium
1859 2739 2158 2798 olliciorum

557 2808 792 2877 cogitata
823 2813 1246 2883 inauifesta'utes,
1279 2837 1378 2890 per
1405 2821 1434 2862 δ
1463 2827 1605 2883 aeris
1633 2831 1894 2910 crepitum
1934 2845 1988 2888 et
2025 2839 2158 2892 arti-

545 2899 723 2954 .culati
745 2908 1008 2962 sermonis
1031 2909 1371 2982 obsequium,
1397 2919 1733 2986 publicamus
1749 2899 1968 2982 sensum
1993 2933 2157 2988 corde

557 3003 900 3064 conceptum.
947 2997 1015 3053 Et
1043 3007 1318 3070 quomodo
1349 3025 1454 3064 non
1505 3012 1740 3070 insanire
1785 3018 2042 3076 dicendus
2073 3035 2156 3080 est

541 3085 647 3150 Equi
675 3085 841 3142 Deum
863 3090 1058 3148 talibus
1081 3093 1271 3152 ofliciis
1295 3093 1532 3170 indigere
1553 3113 1864 3174 pronuntiat
1889 3113 1952 3168 ad
1976 3119 2156 3186 expla-

557 3175 730 3230 nanda
761 3181 879 3248 quz'c
908 3184 1139 3252 cogitat;
1185 3203 1304 3243 cum
1353 3197 1522 3264 magis
1567 3198 1712 3266 pium

555 3268 682 3350 quia
726 3271 974 3329 voluntas
1003 3275 1214 3342 divina,
1259 3291 1312 3336 et
1341 3287 1488 3353 prior
1516 3289 1748 3360 impetus
1774 3299 1966 3350 mentis
2007 3303 2141 3368 ejus,

555 3355 790 3416 Verbum
819 3373 902 3420 est
931 3365 1063 3422 Dei?
1095 3369 1254 3438 .Quod
1287 3375 1408 3431 ideo
1441 3379 1490 3432 in
1521 3384 1703 3450 specie
1743 3387 1970 3456 quadam
1997 3389 2144 3446 Scri-

545 3439 708 3520 ptura
739 3451 1011 3524 ﬁguravit,
1045 3467 1104 3514 ut
1132 3465 1442 3522 ostenderet
1481 3439 1607 3540 quia
1659 3439 1773 3530 non
1815 3479 1988 3534 solmn
2029 3481 2142 3538 fieri

549 3539 722 3595 voluit
745 3553 1068 3615 creaturam,
1097 3553 1190 3608 sed
1219 3556 1386 3611 etiam
1411 3571 1434 3598 ε
1461 3539 1644 3630 aliquo
1663 3579 1992 3636 cooperante
2021 3587 2142 3642 per-

537 3629 948 3693 'fecit..Poterat
977 3645 1118 3698 enim
1149 3647 1287 3702 sicut
1315 3666 1382 3705 ex
1413 3629 1566 3709 initio
1595 3657 1662 3711 de
1691 3661 1938 3717 omnibus
1969 3665 2140 3720 histo-

547 3723 722 3792 ricus,
753 3736 807 3783 et
849 3732 1012 3788 modo
1041 3734 1242 3794 referre
1261 3781 1276 3804 ,
1321 3745 1445 3812 quia
1477 3747 1527 3800 in
1557 3751 1814 3822 principio
1853 3756 1974 3826 fecit
2004 3755 2140 3813 Deus

543 3819 752 3884 ctutum,
785 3821 980 3880 deinde
1009 3828 1128 3896 fecit
1167 3830 1358 3899 lucem,
1403 3845 1458 3892 et
1497 3849 1684 3908 postea
1713 3819 2137 3926 firmamentum:

527 3921 688 3966 nunc
718 3921 898 3970 autem
927 3916 1094 3973 Deum
1141 3921 1420 3990 jubentem
1473 3941 1527 3986 et
1573 3933 1880 4004 loquentem
1927 3921 2139 4002 videtur

544 4002 817 4074 inducere,
845 4011 991 4066 nullo
1015 4029 1112 4070 nos
1135 4017 1431 4089 impediens
1453 4023 1656 4084 fascino
1672 4037 1960 4100 quominus
1983 4041 2137 4093 vesti-

541 4095 642 4161 giis
670 4094 696 4134 ἀ
727 4099 1045 4172 iudiciisque
1075 4109 1338 4178 perducti,
1376 4115 1442 4169 ad
1477 4094 1989 4192 contemplationem
2022 4131 2137 4200 ejus

541 4187 631 4254 qui
661 4197 742 4242 est
764 4191 1046 4252 inell'abilis
1066 4202 1363 4260 veniamus.
1393 4205 1522 4273 Quae
1543 4214 1684 4267 enim
1707 4215 1889 4273 labore
1911 4223 2132 4290 quaesita

541 4287 686 4344 sunt,
720 4289 774 4334 et
798 4282 1036 4350 jocundc
1065 4286 1454 4364 percipiuntur,
1487 4309 1540 4378 et
1567 4302 1970 4372 diligentissime
2003 4330 2132 4370 cou-

539 4381 838 4428 servantur.
860 4376 991 4432 Nam
1007 4395 1236 4448 quorum
1261 4383 1428 4448 facilis
1443 4376 1671 4450 habetur
1691 4398 1925 4470 adoptio,
1945 4419 2132 4461 eorum

539 4459 654 4516 sine
701 4464 865 4522 dubio
911 4469 1184 4530 fastidiosa
1229 4483 1500 4548 possessio
1542 4497 1656 4552 est,
1706 4503 1988 4562 propterea
2033 4516 2133 4556 nos

537 4557 810 4614 tramitem
853 4577 992 4618 vene
1021 4569 1246 4628 rationis
1290 4573 1577 4644 ingressos,
1628 4582 1694 4636 ad
1742 4567 1894 4644 exulo

533 4717 668 4797 sitim
701 4733 799 4773 res.
827 4719 1105 4812 Vulgatam
1135 4725 1423 4812 lectionem
1453 4735 1787 4794 retinendam
1819 4757 2120 4812 censemus,

511 4787 612 4844 sic
642 4795 819 4884 tamen
851 4801 908 4884 ut
936 4795 1152 4884 aliquod
1183 4801 1404 4884 verbum
1437 4787 1572 4876 post
1587 4825 1776 4884 vocem
1803 4787 2124 4884 οηιιιῖᾗοιειῗὲ

531 4857 864 4950 suppleatur,
889 4863 990 4920 hoc
1019 4857 1178 4950 modo
1197 4888 1208 4922 :
1229 4857 1482 4950 Dominis
1507 4883 1828 4950 omnipotens
1859 4857 2124 4944 subinane-

534 4927 623 5010 bit,
667 4942 953 5021 ppportune
982 4937 1201 5021 scilicet,
1236 4951 1341 4997 etc.

505 4997 584 5052 "in
615 4997 780 5092 editi:
803 5009 856 5056 et
885 5003 936 5056 in
967 5022 1091 5092 mss.
1124 4997 1312 5092 deesse
1341 4997 1598 5092 velicaeco
1624 4997 1866 5092 app-arei.

605 5083 628 5147 fl
659 5071 814 5147 _C_olb.
845 5077 1128 5147 secundus,
1159 5083 1382 5138 creditur
1403 5071 1690 5147 abseiitatar.

603 5141 626 5179 ιι
659 5141 803 5227 idem
834 5145 1023 5227 codex,
1052 5141 1142 5220 per
1171 5141 1588 5227 aerissp-iritunt.

604 5225 624 5252 ο
661 5211 798 5270 Editi
840 5225 894 5270 et
923 5215 1028 5272 duo
1052 5211 1208 5300 iusst,
1249 5211 1421 5298 aliqua
1447 5211 1712 5300 operante.
1740 5236 1894 5296 Colb.
1924 5259 2118 5298 secun-

528 5285 654 5348 dus,
689 5299 1034 5372 epoperante:
1063 5285 1283 5349 verb-um
1313 5285 1412 5366 pro
1443 5285 1607 5358 verbo
1627 5349 1641 5372 ,
1675 5325 1794 5364 cum
1827 5285 2012 5370 Gl‘tiitle
2045 5317 2118 5370 lc-

525 5369 694 5440 gatut"
821 5381 972 5440 natea
983 5375 1254 5440 συνεργοῦ.

527 5497 561 5552 d
597 5428 828 5550 “limiti,
880 5428 1186 5508 iudiciisque
1231 5441 1491 5511 producti.

565 5516 623 5550 ur
650 5517 684 5552 ι.

565 5509 684 5552 ttt‘tt.

601 5569 794 5663 *r‘ltlilliti
815 5615 828 5636 ,
861 5573 1762 5663 eum‘destinatio-niscooperantem
1794 5593 1972 5663 latere,
2003 5607 2106 5652 etc.

527 5637 594 5734 A.l
621 5641 772 5734 Clolbl.
806 5647 1086 5734 secundus,
1121 5637 1541 5734 cumdestinatio
1568 5665 1896 5734 cogitationis
1929 5639 2108 5732 latere,

525 5716 630 5761 etc.
653 5710 730 5764 lla
753 5715 892 5769 hunc
915 5710 1088 5774 locum
1114 5710 1406 5783 emendare
1417 5710 1618 5786 adiali
1635 5710 1842 5798 sumus,
1869 5746 1946 5800 ut,
1979 5710 2112 5792 voce

521 5792 880 5850 couperantem
911 5797 1138 5860 retenta,
1191 5813 1288 5864 pro
1331 5801 1692 5856 destinationis
1739 5792 2110 5876 scripserimus

1541 5445 1686 5504 Libri
1727 5427 1962 5516 vetares,
1993 5475 2112 5526 per-

2273 1916 2395 1968 ctnli
2425 1927 2568 1982 sunt,
2595 1933 2900 1990 quanquam
2933 1925 3238 1997 philosophi
3267 1929 3336 1983 de
3368 1931 3510 1986 coelo
3533 1931 3863 2003 disputantes

2275 2009 2606 2066 tolerabilius
2661 2012 2678 2052 τ
2731 2017 3076 2085 acquiesceut
3119 2021 3326 2090 linguas
3377 2041 3505 2080 suas
3549 2031 3862 2086 truncandas

2273 2117 2565 2171 exponere,
2592 2121 2753 2175 quam
2775 2117 2835 2164 ut
2861 2109 2998 2166 duos
3017 2115 3186 2170 cmlos
3207 2131 3324 2171 esse
3346 2119 3670 2174 concedant.
3697 2121 3864 2177 Unum

2271 2197 2414 2250 enim
2465 2207 2710 2261 asserunt
2757 2203 2974 2268 malum,
3007 2206 3162 2275 cujus
3210 2215 3458 2264 naturam
3507 2213 3738 2268 minimc
3767 2215 3866 2284 pati

2270 2287 2625 2358 confirmant,
2657 2301 2712 2346 ut
2743 2295 3036 2350 secundum
3085 2300 3172 2354 vel
3221 2303 3438 2356 tertium
3487 2304 3778 2372 adjiciatur
3801 2309 3863 2374 ei,

2267 2381 2542 2449 quoniam,
2571 2385 2836 2454 inquiunt,
2863 2395 2974 2443 tota
2997 2391 3118 2446 cmli
3147 2393 3450 2449 substantia
3481 2398 3534 2452 in
3561 2399 3720 2454 unius
3743 2417 3858 2455 con-

2269 2471 2588 2530 formatione
2619 2488 2936 2549 consumpta
2967 2491 3068 2536 est.
3105 2483 3390 2554 Singulare
3427 2503 3672 2559 namque
3703 2491 3860 2547 ferunt

2265 2579 2460 2634 carinis
2483 2581 2600 2622 esse
2627 2569 2890 2636 vertibile,
2917 2582 3172 2643 certoque
3202 2578 3406 2632 ambitu
3425 2581 3852 2653 circumseptum,

2267 2658 2412 2726 quod
2433 2661 2556 2727 quia
2587 2661 2640 2714 in
2671 2663 2830 2731 pritni
2851 2665 2972 2718 caeli
2997 2669 3272 2722 creatione
3299 2669 3551 2739 profecit,
3579 2675 3710 2728 nihil
3733 2685 3758 2722 ε
3777 2689 3848 2729 re-

2269 2748 2398 2816 liqui
2430 2767 2550 2804 esse
2581 2753 2647 2806 ad
2677 2755 2898 2810 secundi
2951 2757 3032 2811 vel
3085 2761 3224 2813 tertii
3255 2765 3728 2832 compositionem.
3757 2767 3848 2824 Sed

2265 2841 2378 2895 lure
2397 2843 2641 2900 dicentes
2663 2849 2942 2902 materiam
2965 2851 3250 2919 quamdam
3275 2855 3576 2922 ingenitam
3589 2859 3840 2915 Conditori

2261 2934 2557 3002 opinantur
2587 2937 2842 3003 habitam,
2869 2957 2934 2994 ex
2955 2943 3128 3010 prima
3161 2943 3510 3002 fabulositate
3527 2948 3832 3016 sequentium

2261 3027 2537 3082 mendacia
2561 3032 2928 3086 contexentes.
2951 3033 3058 3088 Nos
3077 3043 3254 3089 autem
3277 3047 3536 3106 rogamus
3553 3039 3838 3095 Graecorum

2261 3119 2632 3190 philosophos,
2670 3139 2775 3178 non
2801 3123 2828 3162 ιι
2851 3133 3008 3179 antea
3039 3137 3222 3182 nostra
3247 3131 3669 3200 reprehendere,
3695 3141 3846 3204 quam

1761 3203 1832 3256 sit
1880 3221 2142 3272 asserere,
2180 3195 2224 3258 C
2258 3209 2397 3263 inter
2437 3229 2495 3266 se
2541 3215 2756 3268 valeant
2803 3215 2901 3285 ipsi
2955 3225 3140 3274 tenere
3182 3223 3554 3278 concordiam.
3612 3225 3852 3280 Nonnulli

2252 3303 2394 3354 enim
2419 3319 2482 3356 ex
2515 3305 2596 3358 his
2621 3305 2854 3362 inlinitos
2885 3323 3005 3364 esse
3033 3311 3201 3367 cmlos
3229 3325 3512 3380 asserunt,
3545 3325 3604 3371 et
3631 3317 3852 3372 mundos

2265 3393 2684 3450 iumnnerabiles
2719 3417 2728 3449 :
2763 3407 2992 3468 quorum
3017 3404 3232 3472 quando
3253 3406 3622 3462 malesuadam
3651 3410 3856 3480 profes-

2251 3485 2460 3540 sionem
2491 3492 2866 3558 superaverint
2901 3495 3160 3560 acriores,
3191 3498 3606 3566 probationibus
3631 3502 3856 3571 quibus-

2247 3579 2372 3632 dam
2403 3595 2468 3635 ex
2495 3586 2808 3648 geometrias
2837 3589 3156 3644 necessitate
3185 3591 3450 3654 collectis,
3485 3609 3668 3649 rursus
3699 3595 3854 3649 antr-

2248 3687 2395 3726 mare
2424 3689 2482 3728 se
2511 3683 2722 3744 putant,
2766 3693 2832 3732 eo
2861 3679 3004 3748 quod
3053 3691 3246 3736 natura
3277 3699 3379 3738 non
3409 3681 3574 3746 ferat,
3609 3697 3664 3738 ut
3693 3687 3848 3740 aliud

2247 3763 2442 3820 etclam
2488 3777 2686 3836 praeter
2733 3785 2898 3826 unum
2945 3777 3194 3841 generari
3241 3778 3482 3846 potuerit.
3525 3781 3538 3812 ι
3575 3775 3682 3832 Sed
3739 3794 3844 3832 eos

2245 3865 2372 3912 tunc
2401 3861 2572 3928 magis
2617 3877 2718 3916 nos
2767 3863 2878 3918 risu
2927 3865 3121 3934 dignos
3165 3869 3414 3930 dicimus,
3442 3869 3678 3923 maxime
3707 3871 3852 3939 quia

2243 3948 2492 4005 videntur
2519 3968 2662 4024 s'epe
2690 3969 2906 4026 quoque
2954 3959 3006 4012 in
3058 3975 3194 4030 aqua
3245 3960 3358 4016 fieri
3403 3961 3651 4034 plurimi,
3701 3963 3856 4018 unde

2241 4041 2592 4100 dubitandum
2648 4063 2754 4104 non
2811 4059 2895 4106 est
2948 4051 3015 4108 de
3061 4055 3406 4110 multitudine
3453 4057 3764 4124 cmlorum,
3795 4067 3856 4112 et

2240 4137 2382 4204 quod
2417 4139 2588 4194 vivida
2619 4143 2852 4197 creatrix
2885 4147 3123 4200 omnium
3153 4147 3343 4214 Virtus,
3396 4151 3446 4203 in
3475 4167 3670 4205 eorum
3715 4169 3856 4208 celi-

2239 4228 2536 4283 structione
2564 4229 2856 4298 suffecerit,
2879 4251 3106 4304 quorum
3139 4235 3514 4294 fo'rtitudinem
3545 4252 3600 4296 et
3631 4247 3860 4312 magni-

2241 4319 2500 4386 tudinem,
2528 4323 2570 4376 si
2597 4323 2691 4378 Dei
2713 4328 3007 4394 potentiam
3035 4332 3386 4401 contemplati
3427 4333 3720 4401 fuerimus,
3749 4355 3862 4391 non

2237 4415 2616 4476 arbitrabimur
2642 4417 2944 4490 discrepare
2984 4439 3014 4476 a
3043 4423 3188 4480 ﬂuxu
3219 4425 3464 4494 liquoris,
3499 4429 3594 4496 qui
3631 4445 3765 4484 cum
3810 4432 3862 4485 in

2192 4535 2202 4544 -
2237 4523 2404 4562 vacua
2437 4525 2562 4564 vasa
2590 4511 2924 4578 diffunditur,
2951 4517 3272 4584 quibusdam
3305 4519 3582 4574 interdum
3605 4521 3864 4576 reflatio-

1628 4582 1694 4636 ad
1742 4587 2132 4656 explorandum
2165 4587 2207 4644 D
2239 4599 2394 4654 uibus
2423 4581 2750 4658 intumescit.
2803 4605 2943 4674 Ergo
2973 4607 3190 4664 risibilis
3229 4625 3418 4664 eorum
3463 4614 3704 4680 penitus
3735 4631 3864 4686 pro-

2231 4753 2481 4836 cxltltolb:
2518 4759 2771 4836 secundo,
2805 4759 3082 4836 destinatio
3113 4765 3460 4836 cogitationis.

2307 4822 2325 4862 ί
2359 4825 2516 4913 Colb..
2537 4829 2820 4895 secundus,
2845 4822 3240 4913 acquiescerent.
3275 4835 3392 4913 Nec
3413 4838 3488 4913 ita
3511 4840 3710 4913 multo
3741 4855 3866 4913 pust

2231 4895 2370 4948 idem
2418 4897 2608 4982 codex,
2651 4901 2704 4982 in
2733 4905 2886 4982 mnus
2913 4895 3328 4982 eoizﬁiniatione.
3359 4907 3620 4966 Subinde
3651 4895 3866 4982 bictille

2229 4966 2344 5034 ipse.
2357 4967 2563 5046 foder,
2587 4969 2779 5046 ambitu
2807 4966 3268 5046 rirqumérriptam.

2357 5035 2516 5102 Editi,
2543 5041 2726 5111 reliqui
2755 5051 2849 5096 est.
2881 5045 2945 5124 Alt
2968 5035 3136 5124 nostri
3161 5053 3696 5124 tresAmss.,_re(iqai
3727 5073 3864 5112 esse.
3939 5071 3946 5122 ῑ

2301 5107 2326 5180 ’γι
2359 5109 2558 5180 Υοοβη]
2591 5107 2770 5168 nostra
2801 5129 2864 5169 ex
2904 5115 3056 5170 Colb.
3091 5119 3331 5174 secundo
3355 5107 3709 5180 addidimus.

2310 5179 2318 5262 ξ
2357 5179 2518 5246 Editi,
2541 5183 2634 5236 sed
2661 5201 2748 5262 eos
2779 5191 3107 5262 tantomagis
3135 5191 3266 5242 risu.
3297 5193 3520 5260 Antiqui
3543 5179 3686 5252 duo
3715 5199 3866 5262 libri,

2225 5251 2315 5302 sed
2335 5261 2562 5334 eos‘tunc
2591 5256 2756 5326 magis
2777 5272 2872 5310 nos
2903 5251 3162 5334 risu,"ele.
3188 5251 3496 5334 eliquanto
3531 5265 3676 5334 p'ost
3705 5269 3864 5330 editi.

2223 5330 2272 5371 et
2297 5321 2462 5374 uirida
2485 5321 2712 5378 ereatriir
2734 5331 2961 5382 omnium
2983 5321 3158 5382 virtus.
3179 5321 3329 5386 Colb'.
3351 5321 3644 5390 secundus
3669 5355 3866 5396 secun-

2221 5391 2304 5443 dis
2333 5393 2492 5454 curis,
2531 5405 2592 5468 _et
2622 5413 2688 5449 an
2732 5401 2960 5453 creatrix
3007 5401 3234 5455 omnium
3279 5403 3458 5456 uirtus.
3519 5405 3721 5465 Vetus
3781 5414 3868 5468 hic

2221 5471 2407 5516 uoster
2439 5463 2640 5546 podex,
2682 5477 2732 5521 et
2767 5470 3110 5546 quodAvivida
3149 5476 3396 5546 creatrix,
3437 5483 3556 5530 etc.
3613 5463 3866 5546 Sedit—it

2223 5533 2624 5612 verum_fatcar,
2659 5555 2762 5612 vos
2780 5533 2922 5610 quod
2941 5541 3139 5612 scripta
3163 5553 3244 5598 cst
3267 5545 3318 5598 iu
3345 5533 3542 5600 nostro
3575 5550 3698 5606 hoc
3725 5533 3866 5610 libro

2224 5605 2477 5657 secundis
2506 5607 2674 5672 curis;
2709 5605 2806 5664 sic'
2835 5619 3012 5666 tamen
3045 5605 3100 5666 ut
3149 5615 3326 5668 addita
3375 5618 3444 5670 sit
3494 5629 3606 5672 aut
3659 5627 3866 5680 entiam

2221 5687 2404 5756 unum,
2429 5685 2520 5729 aut
2541 5687 2687 5734 certe
2715 5683 3104 5752 antiquissima.
3133 5685 3262 5740 Eam
3297 5703 3484 5742 vocem
3522 5693 3862 5752 addendam

2220 5757 2546 5801 COHSUIIHUS.
