4110 6336
582 384 687 443 895

2045 377 2409 437 EUSTATHII

3776 382 3884 440 896

584 476 747 559 licere
768 502 993 573 amplius
1022 519 1181 575 quam
1212 516 1525 559 concessum
1558 508 1638 570 est
1659 498 1887 571 opinari.
1916 497 2027 553 Nec
2048 496 2178 552 illud
2205 499 2258 559 Δ
2283 510 2444 572 atque
2484 503 2701 558 alterum
2745 502 3058 560 substantiae
3103 502 3446 560 devoratoria
3489 502 3690 558 scimus
3738 517 3883 558 esse.

584 612 705 664 nos,
734 611 939 667 quaeso,
980 605 1266 669 praetereat
1306 595 1681 661 indiscussum,
1716 591 1862 664 quod
1895 599 2182 662 postquam

584 686 726 745 Deus
764 691 1041 761 praecepit,
1069 689 1254 745 dicens
1286 709 1298 743 :
1332 686 1459 742 Fiat
1488 688 1895 758 ﬁrmamentum,
1920 699 2031 740 non
2065 683 2184 738 sine

584 779 798 834 ratione
823 789 846 816 α
872 779 1066 851 adjecit
1088 779 1380 836 historicus
1411 797 1424 832 :
1456 776 1525 832 Et
1556 779 1752 851 {actum
1779 784 1858 831 est
1884 775 2185 846 [irritamen-

586 880 715 926 tum.
752 870 889 927 Nam
918 881 1046 928 ante
1076 874 1197 945 fecit
1235 870 1375 927 Deus
1405 871 1808 942 ﬁrmamentum.
1837 865 1905 921 Et
1939 866 2134 923 iterum
2166 882 2181 918 :

586 958 777 1018 Diuisit
814 962 978 1020 Deus.
1010 963 1325 1021 Auscultent
1353 962 1516 1033 igitur
1539 961 1709 1030 surdi,
1739 968 1795 1017 et
1820 958 2187 1015 illuminentur

588 1052 657 1107 ad
687 1052 980 1110 videndum
1008 1056 1156 1112 anei.
1179 1052 1314 1122 Quis
1341 1062 1523 1111 autem
1544 1062 1652 1109 tam
1677 1050 1874 1109 surdus
1892 1058 1996 1118 est,
2024 1064 2187 1120 quam

587 1148 681 1218 qui
710 1165 822 1207 non
862 1151 1013 1208 audit
1052 1152 1128 1207 ita
1167 1151 1347 1223 palam
1385 1148 1771 1208 vociferantem
1817 1146 2188 1219 Scripturatn?

592 1241 677 1296 vel
705 1241 828 1311 quis
868 1251 978 1298 tam
1007 1258 1199 1307 caecus,
1232 1243 1335 1311 nisi
1363 1242 1456 1312 qui
1484 1239 1823 1297 evidentibus
1851 1237 2191 1295 documentis

590 1330 907 1400 instructus,
937 1335 1165 1404 gloriam
1194 1333 1467 1406 Unigeniti
1496 1350 1603 1391 non
1631 1333 1936 1405 respectat?
1962 1331 2029 1387 Et
2054 1331 2192 1388 dixit

592 1424 736 1482 Deus
768 1445 782 1481 :
813 1426 939 1482 Fiat
977 1429 1379 1499 firmamentum.
1412 1427 1539 1484 Haec
1566 1444 1672 1484 vox
1700 1426 2077 1483 destinationis
2104 1426 2189 1483 in—

594 1518 741 1574 dicat
758 1535 999 1576 causam.
1031 1519 1186 1588 Quod
1215 1530 1395 1577 autem
1425 1519 1598 1576 dixit:
1628 1518 1764 1585 Quia
1791 1521 1914 1593 fecit
1942 1520 2082 1575 Deus
2103 1519 2193 1590 ﬁr-

595 1618 934 1679 mamentum,
963 1610 1312 1683 perfectionis
1340 1620 1423 1669 est
1449 1611 1862 1669 demonstratio.

592 1776 595 1779 _
669 1699 904 1759 5.'Nunc
931 1703 985 1759 in
1014 1703 1220 1774 reliqua
1248 1720 1428 1760 sermo
1462 1713 1725 1762 vertatur.
1758 1706 1826 1761 Et
1862 1708 1931 1762 sit
1959 1707 2192 1764 dividens

595 1793 730 1847 inter
758 1810 947 1864 aquam
987 1806 1036 1850 et
1074 1813 1280 1869 aquam.
1321 1795 1530 1853 Inﬁnita
1572 1805 1711 1867 erat,
1747 1807 2007 1868 quantum
2034 1800 2194 1857 datur

2284 595 2427 666 Ignis
2445 598 2589 653 enim
2609 600 2879 656 consumit
2895 613 3110 669 aquam,
3139 597 3355 670 quando
3376 598 3577 654 virtute
3600 596 3886 669 praecellit,

2286 702 2425 760 aqua
2456 704 2584 746 vero
2626 706 2751 746 cum
2797 690 3151 748 abundaverit
3192 690 3486 761 exstinguit
3517 690 3720 760 ignem.
3752 688 3891 745 Erat

2286 795 2416 852 ergo
2443 784 2828 852 necessarium,
2856 799 3035 855 neque
3060 781 3397 841 concordare
3418 783 3560 838 inter
3578 797 3639 837 se
3661 779 3892 837 ﬁrmiter

2288 871 2405 929 lucc
2432 874 2721 942 elementa,
2754 889 2854 932 nec
2883 876 3091 945 integra
3120 870 3147 915 δ
3177 874 3392 945 penitus
3416 871 3724 929 defectione
3750 871 3895 927 alte-

2287 963 2420 1031 rius,
2444 964 2687 1035 prmbere
2706 980 2924 1022 causam
2948 965 3233 1022 solutionis
3252 980 3434 1021 rerum
3455 963 3723 1031 omnium,
3745 962 3895 1019 ideo-

2289 1070 2395 1127 que
2423 1054 2777 1113 sufticientem
2805 1058 3135 1127 gubernator
3160 1057 3347 1114 mundi
3374 1057 3617 1130 reposuit
3645 1056 3896 1112 humoris

2291 1148 2522 1218 copiam,
2555 1156 2613 1205 ut
2649 1150 2994 1221 praescriptos
3020 1150 3122 1206 sibi
3151 1150 3414 1207 terminos
3451 1166 3563 1206 non
3595 1149 3892 1216 excedens,

2292 1239 2463 1309 ignea:
2485 1250 2672 1312 posset
2699 1241 2953 1297 edacitati
2976 1243 3251 1299 resistere.
3282 1241 3425 1299 Deus
3451 1243 3619 1310 enim,
3650 1242 3743 1312 qui
3775 1258 3895 1299 om.

2292 1332 2381 1389 nia
2428 1332 2529 1388 sub
2572 1333 2982 1406 ponderationis
3009 1341 3065 1391 et
3094 1348 3359 1392 mensurae
3387 1332 3733 1390 ordinatione
3762 1349 3896 1389 cou-

2293 1426 2487 1492 stituit,
2513 1428 2599 1481 cui
2626 1428 2783 1482 etiam
2810 1438 2971 1500 guttte
3006 1427 3249 1483 imbrium
3276 1436 3564 1484 numerata:
3590 1438 3733 1491 sunt,
3764 1437 3898 1484 teste

2293 1513 2395 1572 Job
2425 1517 2637 1588 (xxxvr,
2675 1517 2798 1590 27),
2840 1528 3067 1575 noverat
3111 1529 3316 1590 quanto
3361 1526 3609 1591 tempore
3651 1534 3800 1590 aqua
3846 1519 3897 1575 in

2294 1610 2427 1668 orbe
2469 1618 2737 1668 terrarum
2776 1628 3095 1685 permanere
3132 1614 3376 1681 deberet,
3406 1622 3462 1669 et
3504 1614 3591 1670 vel
3635 1624 3894 1684 quantam

2296 1701 2406 1772 igni
2441 1703 2750 1760 alimoniam
2797 1714 3144 1777 praepararet.
3178 1704 3305 1763 Haec
3337 1715 3431 1762 est
3460 1720 3727 1777 aquarum
3758 1706 3891 1761 ratio

2297 1795 2590 1853 secundum
2618 1806 2944 1853 creaturam.
2979 1797 3364 1854 Verumtamen
3402 1813 3531 1853 usus
3561 1798 3699 1867 ignis
3735 1813 3891 1867 quam

597 1884 841 1954 intelligi,
875 1902 1137 1958 aquarum
1166 1888 1401 1957 dill‘usio,
1446 1890 1684 1961 undique
1721 1890 2036 1949 alluentium
2079 1902 2192 1950 ter-
2222 1893 2273 1953 B
2297 1889 2634 1945 necessarius
2657 1889 2729 1945 sit
2756 1890 2917 1946 rebus
2938 1890 3206 1957 humanis,
3236 1890 3357 1962 quis
3398 1891 3471 1945 ita
3500 1889 3713 1945 vivendi
3736 1892 3888 1961 peni-

595 1978 837 2044 ram,'ita
867 1987 927 2035 ut
955 1980 1182 2037 aliorum
1210 1984 1374 2039 etiam
1403 1983 1795 2040 elementorum
1822 1993 2053 2043 statutos
2080 1995 2193 2043 ter-

596 2069 773 2125 minos
793 2070 1067 2129 videretur
1093 2073 1390 2141 excedere;
1413 2073 1442 2113 ι’
1464 2083 1752 2147 pr0pterea
1772 2076 1826 2130 in
1847 2077 2195 2147 sequentibus

594 2160 792 2216 dicitur
820 2163 1045 2235 abyssus
1072 2164 1491 2221 circumdedisse
1516 2166 1780 2222 tellurem.
1815 2166 1923 2223 Sed
1950 2169 2193 2223 multitu-

594 2253 737 2309 dinis
762 2253 981 2325 quidem
1011 2272 1271 2326 aquarum
1300 2274 1520 2314 causam
1567 2260 1729 2330 paulo
1780 2259 2002 2319 inferius
2035 2276 2197 2332 expo-

584 2362 811 2425 nemus.
846 2348 1227 2406 Verumtamen
1252 2352 1431 2408 nullus
1459 2354 1737 2421 nostrum,
1755 2353 1851 2410 sed
1878 2370 1979 2410 nec
2006 2370 2195 2411 eorum

596 2440 689 2506 qui
712 2438 867 2495 Valde
895 2448 1021 2497 sunt
1047 2441 1246 2496 eruditi
1267 2451 1323 2498 et
1352 2443 1661 2501 acutissime
1690 2446 1963 2502 intuentes
1991 2446 2056 2501 ad
2081 2462 2196 2502 cor-

587 2530 908 2608 .ruptibilem
938 2531 1077 2586 hanc
1104 2530 1413 2604 Iluxamque
1449 2543 1719 2605 naturam,
1748 2537 2023 2609 opinando
2048 2539 2198 2593 vale-

599 2621 679 2676 bit
723 2622 1151 2694 reprehendere,
1200 2625 1285 2681 vel
1329 2637 1351 2666 ο
1402 2628 1752 2699 impossibilia
1799 2631 1884 2686 vel
1930 2631 2196 2701 ﬁgmentis

598 2715 920 2784 quibusdam
961 2720 1258 2775 narrationi
1306 2720 1677 2793 conglutinata
1724 2741 1824 2781 nos
1865 2726 2028 2781 verba
2070 2742 2197 2797 pro—

599 2808 773 2876 ferre;
818 2826 919 2867 nec
960 2813 1144 2883 exiget
1191 2814 1541 2886 probationes
1588 2832 1687 2888 per
1729 2835 1863 2890 quas
1909 2836 2195 2892 possumus

599 2911 840 2977 astruere
878 2919 1043 2975 super
1068 2905 1197 2977 quid
1226 2923 1488 2979 aquarum
1517 2909 1681 2966 fuerit
1722 2921 1914 2981 natura
1950 2912 2191 2971 fundata.

600 2988 675 3048 Ea
704 2994 846 3049 enim
876 2998 1087 3054 ratione
1107 3013 1215 3067 qua
1237 3008 1437 3056 terram
1463 3004 1620 3074 aquis
1645 3005 1948 3074 graviorem
1978 3006 2196 3063 ﬁrman-

604 3095 707 3154 tes,
739 3087 792 3142 in
820 3089 995 3145 media
1024 3092 1264 3148 omnium
1310 3094 1449 3152 hanc
1495 3096 1743 3153 libratam
1786 3114 1906 3155 esse
1950 3117 2190 3171 pronun-

588 3176 767 3247 tiant,
792 3178 937 3234 illam
964 3196 1181 3254 quoque
1210 3185 1486 3243 eteiestem
1528 3171 1759 3258 aquam,’
1788 3202 2011 3262 propter
2040 3204 2194 3251 natu-

2299 1989 2385 2037 tus
2410 1996 2605 2052 expers
2628 1981 2881 2050 habetur,
2908 1989 2964 2036 ιιι
2991 1982 3097 2037 hoc
3119 1997 3228 2036 non
3248 1980 3405 2036 aliter
3432 1980 3536 2035 nisi
3556 1995 3620 2034 ex
3643 1990 3667 2017 ε
3688 1982 3883 2035 doctri-

2298 2092 2380 2130 na:
2408 2075 2701 2133 traditione
2730 2075 3078 2146 cognoverit?
3107 2075 3239 2130 Nam
3279 2090 3390 2129 non
3417 2073 3596 2129 solum
3631 2088 3713 2128 ea:
3754 2082 3887 2129 artes

2296 2184 2415 2239 qua:
2448 2170 2568 2225 vita:
2594 2169 2841 2225 humana:
2875 2167 3283 2224 sustentatrices
3317 2173 3464 2234 sunt,
3492 2164 3737 2236 indigent
3768 2180 3891 2235 ignis

2297 2263 2520 2328 auxilio,
2551 2262 2646 2319 sed
2673 2264 2928 2319 arborum
2956 2261 3119 2317 etiam
3148 2260 3491 2330 germinatio,
3520 2257 3889 2328 fructuumque

2297 2355 2602 2421 maturitas,
2635 2363 2691 2409 et
2718 2354 3030 2410 animalium
3061 2363 3170 2408 tam
3201 2351 3540 2410 terrestrium
3580 2366 3748 2419 quam
3789 2366 3889 2406 ma.

2297 2448 2541 2503 rinorum
2573 2447 2844 2513 nativitas,
2876 2460 3051 2518 neque
3091 2445 3357 2517 principio
3394 2445 3772 2517 processisset,
3798 2458 3885 2498 ne-

2296 2554 2404 2609 que
2451 2538 2769 2609 perduraret
2821 2538 2875 2592 in
2926 2545 3191 2608 tempora,
3237 2535 3284 2592 si
3334 2534 3534 2592 caloris
3584 2534 3882 2591 beneﬁcium

2296 2629 2574 2687 defuisset.
2634 2630 2908 2701 Aquarum
2962 2645 3180 2700 quoque
3228 2616 3561 2684 abundantia
3604 2628 3762 2684 \alde
3798 2627 3877 2681 luit

2298 2724 2624 2787 necessaria,
2683 2732 2744 2778 ut
2789 2722 3181 2779 incessabiliter
3227 2729 3283 2776 et
3328 2720 3447 2776 siue
3503 2720 3878 2777 intermissione

2297 2823 2513 2885 pastum
2543 2814 2646 2869 sibi
2674 2813 2743 2870 de
2768 2814 2855 2870 his
2885 2814 3023 2883 ignis
3047 2812 3370 2868 attraltcret.

2371 2907 2424 2962 6.
2451 2906 2666 2962 Intuere
2694 2905 2927 2978 denique
2957 2904 3272 2976 diligentius
3298 2915 3623 2973 creaturam,
3653 2912 3703 2958 et
3730 2916 3868 2956 mve-

2298 3000 2414 3054 nies
2453 2998 2558 3054 vim
2602 2998 2830 3054 fervoris
2869 2997 3078 3054 cunctis
3105 3011 3227 3068 qua:
3266 2995 3522 3051 oriuntur
3543 3007 3595 3050 et
3618 2992 3864 3053 occidunt.

2298 3101 2550 3162 potenter
2591 3090 2815 3147 haerere.
2868 3088 3163 3161 Propterea
3193 3088 3353 3145 terris
3395 3103 3553 3159 aqua:
3589 3086 3881 3156 largissimas

2298 3192 2426 3238 sunt
2457 3166 2665 3249 iniuste,
2706 3182 2950 3252 ultraque
2978 3196 3141 3251 quam
3184 3178 3436 3236 videntur
3478 3188 3608 3236 sunt
3650 3191 3887 3242 «tense,

604 3269 773 3325 ralem
815 3271 1073 3343 impetum
1110 3274 1247 3344 ejus,
1278 3290 1492 3348 semper
1533 3279 1603 3335 ad
1640 3280 1747 3337 ima
1788 3282 2115 3350 tendentem,
2145 3294 2200 3340 et
2225 3274 2271 3335 C
2302 3293 2421 3348 quae
2443 3286 2497 3332 et
2520 3276 2740 3331 fundum
2758 3276 2965 3332 telluris
2985 3275 3288 3344 attingunt;
3312 3272 3457 3330 unde
3478 3277 3647 3329 etiam
3674 3270 3896 3329 ionttbus

598 3354 828 3433 propter
852 3364 1217 3434 aequalitatem
1247 3383 1316 3423 ex
1345 3370 1494 3425 onmi
1517 3380 1690 3442 parte
1735 3373 2074 3441 collocatam,
2106 3393 2199 3432 ne-

603 3472 755 3515 cesse
774 3466 857 3515 est
878 3475 1042 3532 super
1063 3462 1250 3519 orbem
1278 3473 1544 3521 terrarum
1565 3467 1832 3523 stabiliter
1861 3484 2196 3540 permanere.

603 3546 743 3619 Ergo
772 3552 949 3622 ampla
978 3554 1138 3611 nimis
1179 3564 1301 3612 erat
1333 3574 1595 3628 aquarum
1625 3568 1840 3629 natura,
1876 3578 1940 3618 ac
1967 3580 2072 3619 non
2104 3581 2202 3636 pro

606 3649 764 3697 terra:
783 3643 1121 3702 dimensione
1139 3646 1348 3715 diffusa,
1372 3650 1467 3706 sed
1496 3652 1666 3707 multo
1695 3653 1890 3722 largius
1918 3655 2060 3711 illius
2081 3674 2201 3713 am-

583 3730 775 3809 .bitum
822 3735 1131 3805 superabat.
1190 3737 1265 3793 Ita
1315 3755 1380 3795 ex
1437 3742 1591 3797 initio
1644 3745 2203 3813 magniﬁcentissimum

604 3823 798 3880 artifex
841 3824 1017 3903 futura
1062 3830 1418 3901 prospiciens,
1452 3835 1794 3903 sequentium
1821 3838 2104 3894 utilitatem
2136 3857 2202 3896 ex

584 3917 848 4003 priorum
876 3919 1230 3992 dispositione
1258 3926 1558 3981 constituit.
1588 3926 1720 3995 Quae
1754 3943 1918 3984 causa
1948 3930 2046 3985 fuit
2074 3948 2203 4002 ergo

609 4018 670 4063 ιιι
697 4025 851 4082 aqua:
894 4015 1188 4070 enormitas
1236 4016 1562 4072 exuberaret
1605 4018 1658 4073 in
1702 4020 1898 4075 terris?
1938 4019 2202 4088 Quoniam
2246 4006 2251 4011 ’

607 4103 912 4158 necessaria
941 4114 1058 4160 erat
1099 4108 1259 4164 rebus
1296 4109 1435 4179 ignis
1477 4119 1691 4177 natura,
1734 4129 1841 4168 non
1871 4114 2047 4170 solum
2076 4130 2202 4186 erga

606 4190 1066 4263 dispensationem
1108 4200 1465 4266 terrestrium,
1498 4200 1595 4257 sed
1623 4202 1787 4258 etiam
1816 4203 1884 4258 ad
1916 4203 2203 4275 perfectio-

591 4299 731 4362 nem
779 4294 1119 4344 cunctorum.
1176 4291 1391 4346 Etenim
1441 4292 1754 4350 brevissima
1802 4295 2203 4368 semiplenaque

611 4372 790 4431 forent
823 4378 1025 4447 omnia,
1056 4380 1102 4436 si
1130 4382 1379 4443 maximis
1406 4398 1469 4440 ac
1499 4384 1887 4456 principalibus
1924 4386 2206 4446 elementis

613 4466 812 4540 aliquid
859 4469 1034 4527 minus
1072 4482 1232 4541 esset,
1264 4489 1384 4544 quae
1410 4475 1629 4546 quidem
1668 4480 1938 4535 contraria
1970 4480 2204 4553 sibimet,

2306 3379 2361 3424 et
2389 3370 2565 3441 puteis
2602 3368 2800 3437 largior
2832 3358 2989 3439 copia
3021 3360 3272 3423 titanandt
3310 3367 3646 3438 suppeditat,
3671 3380 3897 3437 tit-tecth-

2308 3472 2497 3531 tesque
2542 3461 2861 3515 torrentium
2897 3459 2914 3497 ί
2948 3475 3161 3529 cursus,
3196 3470 3255 3514 ttt
3299 3459 3495 3515 bumor
3520 3446 3597 3515 ἰιι
3637 3458 3819 3514 multis
3843 3470 3902 3512 ac

2306 3555 2534 3611 diversis
2554 3554 2803 3609 videlicet
2823 3552 3031 3609 horreis
3050 3552 3396 3609 conderetur.
3416 3551 3606 3620 Itaque
3626 3550 3696 3606 ab
3719 3554 3907 3606 Uncu-

2312 3649 2377 3703 tis
2404 3648 2645 3719 partibus
2673 3645 2911 3700 hibernis
2941 3646 3286 3716 progreditur
3324 3643 3484 3698 ludus
3523 3640 3740 3707 ﬂuvius,
3786 3657 3909 3695 ont-

2312 3744 2456 3797 nium
2496 3740 2781 3796 violentior
2828 3737 3174 3805 ﬂuentorum,
3221 3737 3355 3794 sicut
3397 3733 3659 3806 speculati
3696 3742 3834 3789 sunt
3871 3733 3909 3789 ii

2306 3839 2398 3908 qui
2443 3838 2607 3891 sitmn
2646 3836 2793 3891 orbis
2821 3833 3157 3905 descripsere
3184 3844 3451 3890 terrarum.
3480 3829 3557 3886 De
3584 3828 3915 3885 meridianis

2306 3940 2487 3987 autem
2512 3930 2643 3986 locis
2671 3930 2896 3985 Bactrus
2923 3929 3095 3985 cllluit
3121 3938 3179 3985 et
3206 3927 3483 3999 Choaspis,
3511 3935 3569 3981 et
3591 3925 3830 3992 Araxes,
3847 3942 3918 3981 ex

2307 4041 2415 4095 quo
2442 4023 2658 4090 Tanais,
2690 4023 2951 4095 abruptus
2991 4023 3045 4078 in
3083 4021 3384 4079 Mmoticam
3413 4020 3601 4077 transit
3626 4019 3917 4092 paludem.

2312 4100 2497 4170 Phasis
2525 4124 2705 4170 autent
2735 4114 2803 4169 de
2831 4113 3107 4172 Caucasiis
3142 4115 3256 4170 exit
3290 4114 3602 4180 montibus,
3647 4121 3708 4170 et
3757 4114 3921 4169 innu-

2311 4205 2594 4261 incrabiles
2622 4206 2733 4271 alii,
2773 4205 2841 4261 dc
2871 4216 2895 4252 Β
2936 4205 3248 4274 regionibus
3286 4206 3489 4262 arctois
3527 4204 3598 4260 ad
3642 4202 3923 4261 Euxinum

2311 4300 2555 4353 feruntur
2577 4297 2825 4353 Pontum.
2853 4298 2934 4353 Ab
2959 4297 3267 4355 Occidentis
3288 4314 3421 4355 vero
3442 4298 3768 4355 climatibus
3789 4298 3927 4354 :esti-

2313 4392 2410 4455 ris,
2440 4392 2539 4447 sub
2580 4390 2838 4464 Pyrenaeo
2866 4392 3068 4448 vertice
3097 4391 3378 4461 Tartesus,
3402 4400 3571 4462 atque
3599 4391 3770 4458 Ister,
3792 4407 3927 4464 quo-

2314 4500 2432 4540 rum
2462 4500 2599 4539 unus
2639 4484 2692 4539 in
2733 4485 3000 4540 exteriora
3031 4485 3198 4540 maria
3235 4483 3495 4553 decurrit,
3525 4485 3675 4541 alter
3703 4486 3929 4542 veniens

684 4682 730 4759 ξ-
750 4672 1148 4759 Editi,_adjacet
1176 4676 1469 4759 historicus:
1501 4679 1572 4734 At
1600 4684 1769 4749 nostri
1793 4691 1904 4759 tres
1926 4700 2081 4751 mss.,
2109 4688 2202 4742 ad-
2233 4691 2279 4750 D
2306 4688 2490 4744 hosius
2509 4658 2748 4758 quidem,
2771 4688 2866 4743 sed
2884 4690 2959 4759 ita
2982 4697 3165 4759 tamen
3192 4688 3254 4743 tit
3280 4690 3627 4759 exprimatur
3652 4698 3793 4746 utcu

609 4740 749 4825 ierit.
784 4740 1139 4825 llattdﬂlo‘nge
1168 4746 1327 4825 editi,_
1348 4759 1398 4804 et
1431 4746 1635 4825 frictum
1668 4761 1743 4806 est
1791 4740 2197 4825 ﬁrmamentum.

614 4813 681 4898 Iit
710 4816 900 4869 ilerttm
929 4813 1096 4898 Coll);
1125 4813 1517 4898 secundus,'Et
1547 4824 1741 4898 factum
1782 4813 1859 4880 est
1897 4829 2205 4898 ﬁrmamen-

615 4893 720 4938 tum
737 4901 753 4938 :
768 4902 889 4940 nam
910 4896 959 4963 et
977 4888 1096 4958 fecit
1121 4888 1258 4944 Deus
1272 4888 1673 4963 ﬁrmamentum.
1693 4894 1763 4950 Et
1785 4888 1995 4954 iterum.
2018 4898 2204 4957 Codex

585 4994 591 5017 ς
621 4963 806 5010 noster
835 4966 891 5010 ιιι
921 4959 973 5011 in
1001 4969 1274 5016 contextu.

690 5025 713 5062 ιι
744 5025 884 5080 Editi
914 5036 967 5082 et
992 5028 1146 5106 Colb.
1177 5033 1395 5106 primus,
1426 5046 1700 5106 propterea
1727 5040 2095 5097 insubsicibilis
2125 5043 2207 5098 di-

614 5096 769 5164 citur,
799 5107 942 5178 novo
982 5096 1211 5155 necdum
1238 5096 1447 5178 audito
1490 5096 1743 5175 loquendi
1786 5124 2003 5178 genere.
2046 5096 2201 5170 Colb.

614 5167 902 5233 secundus,
931 5174 1294 5247 promet-eain
1314 5167 1637 5247 sequentibus
1659 5167 1868 5237 dicitur.
1897 5167 2207 5241 Eustathius

613 5240 938 5330 expressum
970 5240 1145 5330 voluit
1171 5244 1298 5330 illud
1337 5240 1538 5313 Basilii,
1562 5249 1645 5306 διά
1673 5260 1829 5330 resto
1863 5260 1964 5330 γᾴρ
2008 5258 2057 5310 ἐν
2084 5240 2207 5330 ⁸τοῖς
2286 5302 2287 5307 η

616 5312 847 5391 κᾳτόπιγ,
869 5311 1111 5391 etc._Sed
1132 5323 1239 5369 tam
1263 5315 1430 5391 longe
1448 5336 1477 5373 a
1500 5311 1664 5391 scopo
1685 5311 1974 5391 aberra'vi‘t,
2002 5334 2062 5381 ut
2084 5311 2204 5382 Ion;

614 5384 734 5450 gius
761 5383 999 5439 aberrari
1022 5400 1135 5457 non
1163 5383 1519 5457 possitham
1560 5383 1672 5446 hinc
1701 5394 1863 5449 verba
1893 5383 1975 5451 ita
1997 5397 2205 5453 reddita

615 5462 973 5539 oportuerat;
1005 5455 1292 5539 Propterea
1332 5460 1776 5539 in_superio_ribus
1821 5467 2009 5521 dicitur
2051 5468 2206 5539 abys-

616 5542 726 5602 sus,
756 5536 861 5602 etc:
893 5526 1077 5602 Neque
1106 5545 1235 5586 vero
1274 5531 1377 5586 hoc
1406 5526 1657 5601 loquendi
1686 5548 1873 5602 genus,
1907 5540 1954 5592 ἐν
1980 5549 2084 5601 τοῖς
2115 5526 2204 5596 Ξα-

617 5595 1103 5680 ίτρπμνκΕιιςιιιίΙιίρ
1129 5602 1250 5667 soli,
1282 5602 1376 5680 sed
1417 5595 1493 5658 et'
1512 5604 1631 5658 aliis
1663 5595 2021 5680 scriptoribus
2059 5595 2205 5680 peri-

620 5667 835 5721 tissimis
864 5669 1075 5724 errandi
1105 5687 1265 5729 causa
1296 5672 1391 5728 fuit
1415 5683 1470 5729 et
1498 5676 1734 5731 occasio.

695 5747 722 5821 ς
758 5736 921 5818 Editi,
952 5740 1310 5821 impossibilia,
1339 5744 1696 5821 minantisque
1733 5747 2040 5821 quibust
2077 5768 2208 5805 nar-

622 5807 812 5892 rationi
839 5809 1234 5892 ron_glutittq.tis._
1255 5807 1409 5869 Gelb'.
1443 5807 1731 5892 secundus,
1745 5807 1840 5892 'rel
1866 5820 2207 5892 impossibilia

622 5877 702 5934 rel
725 5877 987 5941 ﬁgmentis
1016 5880 1319 5945 quibusdam
1350 5877 2052 5958 narrationi‘ronglutinitta,
2084 5908 2207 5949 ver-

2312 4705 2490 4744 nosms
2509 4705 2748 4758 qutuem,
2771 4705 2866 4743 seu
2884 4705 2958 4743 tta
2983 4705 3165 4745 tamen
3192 4705 3254 4743 ιιι
3280 4705 3627 4759 exprimatur
3652 4705 3934 4815 meum“:

2312 4759 2460 4825 illud,
2491 4760 2521 4820 ἦ
2552 4760 2920 4845 πλασιέιαςὼδη.
2947 4758 3070 4816 Mox
3098 4759 3250 4827 editi,
3280 4776 3410 4831 quas
3438 4776 3759 4832 possumus.
3794 4761 3853 4816 Li
3920 4760 3931 4772 '

2316 4840 2545 4902 veteres,
2578 4840 2853 4902 possimus.
3292 4901 3299 4902 ί
3322 4901 3325 4902 ν
3638 4868 3645 4874 .

2383 4900 2611 4986 d.Etliti,
2648 4903 2854 4973 penitus
2889 4902 3247 4973 defectionem.
3286 4901 3465 4958 Nostri
3497 4910 3621 4959 tres
3654 4920 3835 4987 mss”.
3855 4905 3936 4959 de-

2311 4976 2665 5114 fect’mrtftiqui
2694 5043 2802 5097 duo
2832 5044 2952 5098 libri
2980 5052 3036 5099 et
3060 5043 3211 5114 editi,
3234 5062 3303 5100 ea:
3329 5021 3592 5101 doctrina:
3620 5049 3938 5103 traditione.

2284 5115 2465 5170 .Colb.
2514 5112 2798 5178 secundus,
2836 5132 2901 5169 ea:
2928 5112 3168 5170 docti-ina
3198 5125 3249 5170 et
3277 5118 3501 5172 ratione.
3535 5115 3764 5174 Statim
3793 5118 3939 5183 editi,

2315 5187 2395 5240 Im:
2419 5196 2577 5240 artes.
2612 5185 2837 5242 Veteres
2857 5187 2964 5241 duo
2996 5187 3136 5251 libri,
3166 5204 3243 5243 ere
3271 5198 3432 5243 artes.

2393 5257 2410 5296 τ
2455 5258 2616 5321 Editi,
2650 5274 2830 5311 cursus
2873 5267 2923 5312 et
2970 5258 3173 5314 humor.
3201 5257 3382 5313 Codex
3429 5267 3638 5315 noster
3686 5271 3752 5318 et
3790 5261 3943 5317 Colb.

2313 5329 2599 5392 secundus,
2629 5345 2829 5393 cursus,
2867 5338 2924 5383 ut
2958 5329 3163 5394 humor,
3197 5338 3329 5399 etc.,
3359 5331 3596 5401 optime.
3636 5332 3703 5388 In
3732 5331 3944 5397 Gnaeo,

2315 5542 2463 5615 velit,
2487 5557 2555 5597 ne
2579 5540 2797 5615 Mopsus
2807 5540 3042 5615 quidem
3066 5551 3160 5615 aut
3185 5540 3426 5615 (Ediptis
3446 5540 3757 5602 divinari‘t.
3793 5544 3944 5603 Colb.

2353 5613 2554 5686 rimus,
2588 5612 2654 5666 de
2706 5614 3002 5686 regionibus
3048 5612 3290 5679 Arcadis,
3327 5612 3443 5670 non
3495 5615 3751 5674 clarius.
3806 5618 3948 5672 Alter

2311 5628 2539 5737 Erimus,
2588 5628 2654 5666 ae
2706 5628 3002 5686 regionibus
3048 5628 3290 5679 Arcadis,
3333 5630 3443 5670 non
3495 5628 3751 5674 clarius.
3806 5628 3948 5672 Alter

2356 5683 2492 5746 olb..
2512 5684 2586 5771 ‘de
2600 5684 2903 5767 regionibus
2931 5687 3129 5771 arctois
3150 5702 3347 5771 :qna‘rn
3376 5687 3737 5771 scripturam
3763 5703 3949 5771 verum

2312 5768 2433 5842 esse
2460 5766 2530 5844 'et
2569 5754 2834 5814 sinceram
2881 5764 3099 5813 constat
3141 5754 3220 5814 ex'
3248 5755 3451 5814 (iuncis
3487 5754 3621 5817 illis
3647 5803 3668 5831 ,
3706 5767 3820 5821 ἀπὸ
3854 5770 3949 5820 riu

2313 5848 2574 5885 αοκτωων.
