4110 6336
164 388 185 402 ,
226 333 324 391 81η

1202 329 1602 389 HEXAEMEBI
1641 323 2122 384 METAPHRASIS
2159 320 2362 380 LIBER
2398 322 2483 378 111.

1958 231 2028 250 P—l
2064 233 2218 252 -..τε-αν

3416 327 3520 383 898

221 473 319 532 per
343 456 635 529 Europam,
664 454 925 526 digeritur
965 455 1018 509 in
1058 450 1312 508 Pontum.
1340 423 1450 506 Eos
1475 457 1656 505 autem
1686 444 1815 516 quid
1920 443 2264 514 surgentibus
2290 441 2359 498 de
2405 457 2465 498 se
2503 442 2799 513 vaporibus
2826 443 3102 509 exhalant,
3147 455 3206 500 ut
3231 462 3336 503 non
3361 447 3533 527 ardor

222 566 443 608 necesse
467 557 552 606 est
577 562 916 612 enumerare,
945 545 1038 616 qui
1064 544 1133 601 de
1161 542 1401 616 Riphmis
1425 539 1661 613 Scythiae
1690 538 1821 593 inte-

220 646 381 703 rioris
406 643 683 702 montibus
711 641 991 698 oriuntur?
1017 638 1258 707 Quorum
1283 645 1364 694 est
1392 634 1707 699 Rhodanus,
1724 633 1819 703 qui

217 755 340 796 cum
369 737 612 811 pluribus
640 735 758 791 aliis
786 733 1121 803 navigalibus
1149 732 1345 797 ﬂuviis,
1369 728 1589 786 Galatas
1617 735 1674 783 et
1706 724 1817 781 Be-

217 828 448 901 sperios,
498 828 883 897 Celtorumque
924 832 1163 895 gentem,
1213 822 1517 893 multasque
1564 818 1819 875 ﬁnitimas

219 923 539 996 prmteriens
574 922 857 985 nationes,
882 921 1073 992 pelago
1113 918 1374 975 miscetur
1395 915 1651 973 Occiduo.
1680 912 1817 969 Nam

216 1030 407 1070 eorum
436 1014 526 1084 qui
558 1028 627 1069 ex
658 1012 939 1084 superiore
982 1009 1205 1065 meridie
1232 1024 1331 1081 per
1365 1006 1698 1078 Ethiopiam
1723 1006 1818 1061 de-

216 1105 504 1174 scendunt,
548 1104 599 1160 id
639 1112 744 1172 est,
782 1112 809 1141 ⁸
847 1102 1039 1172 Tages,
1071 1109 1127 1158 et
1160 1100 1337 1165 Nisus,
1374 1108 1430 1156 et
1455 1097 1729 1165 Cremeas,
1762 1106 1820 1153 et

217 1198 398 1266 Nilus;
430 1197 522 1253 alii
552 1198 605 1253 in
636 1204 878 1252 nostrmn
908 1211 1058 1252 mare
1099 1194 1345 1262 inﬂuunt,
1388 1194 1481 1249 alii
1514 1193 1569 1248 in
1597 1191 1817 1249 citerio-

218 1308 337 1348 rem
365 1291 726 1348 devolvuntur
750 1288 1051 1353 Oceanum;
1078 1290 1207 1364 licet
1234 1288 1383 1344 Nilus
1405 1303 1513 1344 non
1544 1287 1612 1342 sit
1644 1284 1819 1340 flumi-

216 1387 378 1443 nibus
396 1384 812 1458 comparandus,
844 1384 1043 1456 quippe
1071 1383 1163 1454 qui
1181 1398 1333 1440 more
1354 1381 1550 1454 pelagi,
1574 1387 1820 1452 tempore

216 1478 443 1537 diffusus
460 1479 671 1546 restim,
693 1487 892 1534 terram
914 1484 1166 1549 stagnare
1185 1476 1464 1535 consuevit
1486 1474 1815 1548 Egyptiam.

216 1570 296 1629 Ita
318 1573 505 1630 mundi
533 1589 659 1645 pars
687 1573 996 1629 habitabilis
1022 1572 1175 1643 aquis
1203 1578 1318 1627 tota
1348 1570 1553 1643 repleta
1583 1574 1684 1632 est,
1709 1583 1819 1623 non

216 1668 396 1724 minus
420 1666 673 1724 ﬂuctibus
699 1667 965 1739 aequoreis
984 1668 1361 1739 circumsepta,
1383 1680 1546 1737 quam
1572 1662 1820 1719 amnibus

217 1760 459 1834 irrigata,
492 1771 716 1836 propter
742 1760 1087 1819 ineffabilem
1131 1761 1450 1834 sapientiam
1489 1756 1816 1824 Conditoris,

1924 537 2194 591 aethereus
2238 535 2420 591 omnia
2449 548 2570 606 qua:
2599 534 2840 605 subjecta
2884 544 3009 593 sunt
3037 536 3411 606 conflagraret.
3438 538 3523 595 Si-

1925 630 2142 701 quidem
2172 631 2342 686 solem
2363 644 2581 701 quoque
2605 628 2869 699 videmus,
2892 638 3083 688 aestate
3102 639 3294 701 stagna
3317 632 3522 693 leviora

1922 723 2245 780 brevissimo
2271 722 2535 795 temporis
2554 721 2732 794 spatio
2759 731 2989 795 repente
3009 723 3234 780 siccare.
3267 722 3371 781 Ubi
3392 740 3522 796 ergo

1923 823 2007 872 est
2030 829 2169 886 aqua
2217 814 2347 870 illa?
2370 814 2757 871 Demonstrent
2784 814 2942 872 nobis
2976 814 3174 881 callidi,
3205 814 3424 871 dubium
3455 834 3523 876 no

1922 908 2159 979 cuipiam
2186 914 2369 980 potest
2391 923 2513 965 esse
2540 908 2687 983 quin
2704 907 2919 966 fervore
2947 910 3078 966 solis
3100 924 3340 982 expensa
3370 911 3522 968 defe-

1922 998 2095 1055 cerit?
2113 997 2265 1055 Licet
2287 1014 2389 1055 nec
2408 997 2643 1056 calidum
2671 1001 2843 1057 solem
2871 1000 3057 1057 dicant
3078 1016 3219 1069 esse,
3251 1008 3396 1058 tanta
3418 1002 3523 1061 illis

1922 1089 2233 1162 suppeditat
2254 1089 2308 1145 in
2334 1090 2606 1162 loquendo
2635 1091 2879 1148 facultas.
2912 1091 2977 1148 Et
3024 1092 3368 1150 considerate
3412 1109 3522 1166 quo

1919 1181 2046 1238 freti
2089 1180 2436 1246 documento,
2485 1183 2646 1239 rebus
2692 1182 3107 1239 evidentissitnis
3144 1183 3519 1244 adversantur.

1921 1274 2209 1344 Quoniam,
2233 1274 2501 1346 inquiunt,
2531 1274 2791 1332 candidus
2817 1274 2844 1314 ιι
2874 1275 3027 1333 color
3048 1275 3164 1347 ejus
3186 1285 3289 1343 est,
3321 1288 3378 1333 et
3403 1295 3512 1335 non

1920 1366 2140 1435 rubens,
2198 1374 2293 1423 aut
2340 1367 2603 1439 puniceus
2645 1368 2896 1435 habetur,
2930 1369 3001 1426 ob
3030 1368 3135 1426 hoc
3164 1383 3271 1426 non
3304 1369 3520 1442 igneum

1920 1461 2091 1518 solem
2139 1474 2260 1519 esse
2306 1460 2659 1518 contendunt.
2688 1460 2940 1519 Calorem
2995 1471 3178 1519 autem
3226 1462 3409 1520 ferunt
3450 1450 3549 1521 ex.

1925 1568 1950 1596 ε
1964 1556 2246 1628 asperiore
2265 1555 2383 1627 ejus
2393 1554 2851 1612 eircmnversionc
2872 1555 3190 1627 procedere,
3204 1556 3311 1614 hoc
3326 1557 3518 1615 videli-

1921 1657 2010 1707 cet
2029 1642 2490 1720 argunientantes,
2513 1655 2573 1704 ut
2594 1655 2842 1704 asserant
2859 1648 3031 1705 solem
3056 1649 3189 1705 nihil
3213 1652 3521 1723 expendere

1920 1742 1989 1798 de
2016 1742 2265 1799 humore.
2298 1741 2408 1800 Sed
2429 1756 2552 1813 ego,
2582 1740 2795 1797 etiamsi
2822 1755 2930 1798 non
2954 1756 3142 1798 verum
3166 1741 3236 1798 sit
3254 1745 3399 1813 quod
3422 1745 3520 1801 ob-

216 1833 770 1926 ιιυῖι-θρυέηείτίοεω
797 1853 966 1911 calori
996 1833 1266 1919 natm-am,
1298 1860 1357 1906 ιιι
1382 1858 1525 1907 esse;
1551 1846 1822 1906 sufﬁciens
1850 1842 1901 1905 Β
1918 1833 2120 1908 jicitur,
2172 1852 2282 1894 non
2312 1836 2561 1893 refutabo
2580 1851 2909 1905 sermonem,
2935 1844 3126 1909 utpote
3157 1836 3285 1893 mihi
3316 1839 3520 1911 astipu-

217 1944 510 2002 ordinavit.
542 1944 660 2002 Erit
686 1953 867 2002 autem
899 1953 1110 2016 tempus
1136 1958 1246 2015 quo
1276 1942 1413 2011 ignis
1434 1951 1628 1998 cuncta
1651 1949 1823 1997 torre-

225 2036 329 2103 bit,
359 2044 419 2094 ut
447 2044 676 2094 testatur
701 2023 891 2103 Isaias,
915 2038 1145 2110 loquens
1172 2037 1241 2092 ad
1269 2037 1509 2093 omnium
1535 2035 1822 2093 Dominum

219 2128 422 2185 Deum:
441 2126 545 2195 Qui
568 2130 697 2184 dicit
716 2130 902 2202 abysso
918 2146 935 2184 :
951 2128 1320 2202 Dissipaberis,
1336 2139 1385 2184 et
1409 2131 1586 2186 omnia
1606 2129 1825 2198 ﬂumina

224 2233 318 2279 tua
347 2223 552 2281 siccabo
582 2223 740 2297 (Isai.
770 2241 914 2291 xuv,
945 2223 1059 2296 27).
1094 2224 1356 2296 Despecta
1389 2238 1518 2293 ergo
1561 2224 1826 2294 sapientia

221 2318 490 2385 saeculari,
520 2318 703 2390 recipe
731 2333 837 2374 una
866 2318 1147 2374 nobiscum
1168 2317 1537 2386 magisterium
1560 2317 1822 2383 veritatis,

223 2410 384 2469 nullis
411 2410 627 2482 quidem
656 2409 918 2466 facundiae
945 2409 1185 2481 phaleris
1211 2417 1555 2477 exornatum,
1586 2409 1827 2466 scientiae

223 2518 359 2559 vero
386 2503 600 2559 ratione
632 2502 996 2574 potissimum.

296 2592 349 2646 7.
383 2591 681 2664 Propterea
712 2611 726 2646 :
757 2591 885 2648 Fiat
922 2593 1308 2665 ﬁrmamentum
1350 2595 1403 2649 in
1445 2595 1614 2650 medio
1656 2613 1822 2670 aqua,

220 2694 273 2742 st
302 2686 372 2741 sit
399 2684 633 2740 dividens
671 2686 809 2740 inter
836 2702 1027 2758 aquam
1068 2694 1118 2739 et
1160 2702 1368 2757 aquam.
1420 2685 1662 2742 Diximus
1697 2685 1824 2756 quid

224 2775 498 2848 signiﬁcat
524 2776 818 2847 appellatio
843 2776 1165 2830 firmamenti
1202 2793 1215 2828 :
1251 2774 1305 2830 id
1340 2783 1443 2841 est,
1484 2791 1593 2832 non
1634 2775 1825 2831 duram

223 2867 530 2937 fortemque
554 2875 824 2932 naturam,
845 2881 965 2937 quae
992 2857 1270 2928 fulcimine
1289 2866 1469 2936 aliquo
1491 2875 1827 2923 sustentatur

223 2966 281 3014 et
299 2957 560 3037 pondere.
583 2954 717 3013 Nam
745 2959 917 3015 multo
940 2959 1192 3031 proprius
1213 2959 1480 3029 ejusmodi
1504 2961 1825 3017 vocabulum

224 3057 370 3106 terra
391 3050 695 3118 meruisset,
721 3049 819 3107 sed
840 3059 1065 3122 propter
1089 3051 1442 3107 substantiam
1464 3052 1826 3124 superiorum,

222 3159 346 3214 qua:
368 3142 581 3199 subtilis
608 3149 665 3198 et
688 3158 810 3216 rara
837 3152 941 3211 est,
974 3142 1231 3213 nulloque
1265 3158 1429 3199 sensu
1468 3144 1817 3216 comprehen-

224 3213 400 3290 sibilis
441 3233 687 3301 habetur,
719 3213 1133 3291 firmamentum,
1163 3234 1512 3306 nuncupavit,
1544 3213 1826 3306 compara-
1852 3220 1901 3287 C

226 3326 378 3383 tione
404 3326 613 3382 scilicet
641 3342 933 3398 corporum
959 3327 1246 3393 leviorum,
1275 3334 1395 3397 qua:
1424 3342 1525 3384 nec
1555 3327 1692 3393 visu,
1731 3343 1833 3384 nec

223 3422 377 3473 tactu
398 3416 637 3473 valemus
656 3416 952 3488 attingere.
974 3415 1043 3473 Et
1061 3418 1219 3473 simul
1240 3418 1417 3488 cogita
1444 3418 1622 3475 locum
1642 3434 1832 3490 quem-

222 3506 378 3573 dam,
409 3508 502 3580 qui
529 3506 789 3564 discernit
827 3509 1135 3581 humorem,
1176 3509 1329 3581 cujus
1370 3518 1582 3582 partem
1622 3512 1833 3567 tenuio-

222 3615 351 3658 rem
375 3600 627 3672 supernis
653 3601 977 3658 stationibus
1010 3600 1309 3674 deputavit,
1351 3604 1674 3685 crassiorem
1702 3621 1833 3662 vero

220 3692 589 3766 lim08amque
626 3694 970 3751 inferioribus
1016 3695 1326 3764 destinavit,
1370 3704 1430 3753 ut
1474 3697 1564 3753 illa
1603 3713 1724 3768 quae
1766 3714 1834 3753 ex

220 3785 389 3842 initio
409 3782 550 3842 facta
578 3793 662 3843 est
681 3788 1003 3859 temperatio
1024 3797 1388 3861 permaneret,
1419 3806 1683 3861 aquarum
1702 3806 1835 3861 pau-

218 3875 386 3934 latim
412 3875 441 3916 ιι
470 3878 769 3936 minutione
798 3879 1062 3937 confecta.
1096 3880 1204 3938 Sed
1246 3890 1301 3938 tu
1347 3882 1567 3953 quidem
1612 3883 1835 3954 liquoris

219 3968 572 4042 amplitudini
620 3986 731 4027 non
777 3970 1059 4040 discredis,
1106 3972 1175 4029 ad
1208 3974 1347 4045 ignis
1376 3983 1559 4032 autem
1580 3977 1692 4031 vim
1723 3992 1833 4033 non
1895 4032 1903 4041 ,

219 4068 527 4139 respectas,
576 4063 668 4133 qui
693 4063 822 4120 licet
849 4064 1076 4135 exiguus
1101 4066 1365 4123 habeatur
1405 4067 1459 4123 in
1487 4068 1625 4135 visu,
1650 4069 1834 4125 multi-

1958 1930 2178 1985 lantem.
2247 1929 2533 1986 Dicebatur
2572 1930 2714 1985 enim
2760 1936 2983 2001 propter
3029 1929 3165 1999 ignis
3211 1929 3530 1986 edacitatem

1959 2036 2216 2091 aquarum
2239 2022 2596 2078 necessariam
2617 2037 2737 2078 esse
2757 2021 3151 2093 multitudinem
3172 2040 3184 2075 :
3211 2022 3342 2077 nihil
3356 2029 3532 2079 tamen

1958 2113 2183 2172 interest
2211 2121 2387 2168 utrum
2417 2112 2672 2169 naturalis
2696 2114 2765 2170 sit
2791 2129 2859 2168 an
2890 2113 3145 2183 qumsitus
3174 2113 3354 2180 ardor,
3378 2113 3536 2171 dum-

1960 2204 2124 2261 modo
2151 2206 2293 2262 circa
2337 2205 2579 2261 eamdem
2621 2205 2903 2261 materiam
2949 2206 3150 2263 similes
3188 2222 3344 2263 casus
3377 2223 3537 2264 exer-

1961 2305 2099 2365 ceat,
2127 2298 2180 2353 id
2207 2305 2320 2364 est,
2356 2299 2470 2353 sive
2497 2314 2619 2354 cum
2648 2285 2788 2353 inter
2814 2313 2873 2355 se
2912 2298 3053 2369 ligna
3082 2299 3357 2366 fricantur,
3387 2299 3538 2355 ίιεηια

1960 2407 2049 2447 ma
2077 2390 2380 2460 consurgit,
2410 2391 2522 2447 sive
2553 2398 2747 2462 sponte
2773 2407 3061 2448 succensus
3088 2392 3243 2461 ignis,
3274 2408 3391 2464 qum
3418 2392 3537 2449 fue-

1961 2485 2070 2540 rint
2098 2483 2291 2554 injecta
2321 2484 2749 2554 consumpserit,
2794 2500 2930 2540 unus
2965 2483 3166 2540 scilicet
3204 2492 3365 2555 atque
3393 2484 3561 2553 idem,

1961 2575 2137 2630 exitus
2161 2575 2229 2629 ab
2258 2582 2486 2643 utroque
2513 2574 2774 2644 procedit.
2804 2572 2870 2628 Et
2901 2582 3046 2630 certe
3071 2574 3317 2630 videmus
3349 2576 3535 2631 mode-

1962 2668 2212 2723 ratricem
2238 2667 2553 2737 sapientiam
2576 2668 2690 2733 Dei,
2714 2668 2882 2725 solem
2905 2669 2957 2724 in
2980 2669 3111 2725 alias
3131 2678 3309 2740 partes
3329 2686 3395 2725 ex
3416 2670 3536 2726 aliis

1962 2767 2522 2829 transponentem,'ut
2548 2775 2656 2816 non
2683 2774 2898 2830 semper
2923 2760 2975 2813 in
3005 2759 3205 2815 eisdem
3231 2776 3534 2815 commora-

1962 2857 2051 2906 tus
2076 2848 2235 2916 locis,
2260 2847 2489 2904 fervoris
2525 2849 2783 2904 aviditate
2820 2849 3147 2904 mundanum
3184 2848 3537 2920 depopuletur

1962 2948 2232 2996 ornatum.
2264 2939 2369 2996 Sed
2398 2956 2539 2995 nunc
2566 2955 2688 2994 eum
2718 2938 2786 2994 ad
2817 2937 3119 2995 Australem
3142 2946 3360 3007 zonam,
3393 2957 3536 2997 nunc

1963 3031 2031 3088 ad
2063 3034 2213 3103 signa
2241 3031 2538 3088 solstitialia
2573 3046 2673 3101 pro
2701 3036 3002 3102 temporum
3030 3030 3327 3088 mutatione
3355 3032 3535 3088 tradu-

1963 3124 2072 3191 cit,
2114 3132 2275 3196 atque
2312 3120 2436 3180 inde
2481 3124 2535 3178 in
2581 3130 2821 3178 arctoam
2864 3123 3141 3192 regionem
3165 3124 3452 3192 convertit,
3481 3133 3538 3180 ut

1962 3217 2220 3287 paulatim
2258 3231 2356 3287 per
2393 3215 2602 3273 diversa
2642 3215 2999 3284 commigrans
3027 3215 3254 3272 terrenis
3284 3216 3538 3271 fructibus

1965 3316 2390 3379 temperamenta
2425 3307 2707 3364 custodiat.
2760 3305 2988 3362 Videant
3016 3316 3193 3362 tamen
3226 3308 3271 3363 si
3300 3324 3409 3363 non
3438 3308 3537 3379 ipsi

1965 3398 2067 3455 sibi
2093 3401 2389 3471 probantur
2415 3399 2710 3463 obsistere,
2743 3413 2864 3453 cum
2892 3412 3042 3453 mare
3068 3397 3190 3453 ideo
3218 3399 3538 3455 confirmant

1967 3491 2312 3547 incrementis
2340 3491 2640 3546 ﬂuvialibus
2667 3506 2773 3545 non
2804 3490 3013 3560 augeri,
3054 3492 3178 3561 quia
3207 3492 3387 3547 calore
3410 3491 3540 3547 solis
3564 3553 3569 3556 _

1968 3583 2301 3650 absorbetur,
2346 3582 2488 3637 unde
2532 3582 2696 3637 etiam
2738 3582 2880 3637 salsa
2926 3590 2981 3638 et
3023 3598 3204 3638 amara
3250 3582 3366 3653 ejus
3403 3598 3539 3653 aqua

1968 3675 2261 3748 Ρθΐθθίίυτν
2298 3682 2356 3729 ιιι
2384 3684 2511 3747 [me
2555 3690 2675 3744 (Ιυω
2699 3689 2946 3745 saporem
2974 3675 3202 3746 propri-.e
3226 3674 3540 3742 dulcedinis,

1972 3768 1997 3837 ς
2026 3776 2182 3841 raptu
2208 3768 2432 3823 fervoris
2458 3766 2655 3821 amittit
2682 3774 2737 3821 et
2763 3764 2853 3821 ubi
2894 3764 3150 3821 leviorem
3177 3764 3392 3835 quidem
3416 3780 3541 3835 par—

1970 3868 2081 3917 tem
2106 3874 2289 3916 secum
2316 3859 2522 3927 aufert,
2545 3858 2844 3926 graviorem
2865 3872 2995 3911 vero
3023 3865 3078 3912 et
3103 3857 3363 3921 limosam,
3400 3855 3543 3911 velut

1970 3952 2156 4008 facem
2184 3950 2415 4021 aliquam
2451 3948 2539 4004 hic
2564 3944 2832 4017 relinquit.
2872 3946 2980 4002 Sed
3007 3947 3098 4016 qui
3126 3946 3193 4003 de
3219 3947 3352 4003 mari
3384 3945 3542 4002 modo

1970 4046 2099 4101 talia
2126 4043 2477 4111 disserebant,
2509 4056 2718 4098 rursum
2746 4038 2935 4095 mutati
2962 4040 3161 4095 nullam
3189 4039 3543 4097 defectionem

222 4151 482 4242 tudinem
530 4161 716 4210 tamen
763 4154 1033 4225 aquarum
1050 4158 1198 4213 valet
1246 4158 1572 4231 expendere.
1610 4160 1831 4233 Semper

1949 4147 2055 4204 ﬁeri
2084 4147 2309 4219 liquoris
2328 4161 2360 4202 a
2382 4146 2499 4203 sole
2516 4143 2886 4217 pronuntiant.

224 4246 382 4303 enim
424 4245 589 4301 trahit
636 4245 703 4301 ad
730 4261 790 4303 se
818 4248 1087 4318 subjectas
1115 4249 1302 4317 undas,
1330 4250 1383 4306 in
1412 4253 1633 4308 modum
1662 4252 1835 4309 medi-

2010 4242 2062 4296 8.
2106 4218 2177 4295 Et
2220 4240 2417 4295 vocavit
2463 4237 2603 4292 Deus
2646 4238 3031 4308 firmamentum
3080 4248 3280 4291 crtum.
3311 4232 3537 4309 Proprie
3578 4218 3581 4223 I

225 4341 460 4398 catoria:
498 4340 822 4409 cucurbita;
865 4341 1127 4415 facileque
1169 4346 1439 4402 consumit
1466 4362 1559 4405 eas
1587 4348 1837 4420 exemplo
1938 4337 2156 4410 quidem
2202 4334 2348 4392 aliud
2387 4334 2465 4391 illi
2513 4332 2843 4390 conveniens
2885 4331 3061 4388 fuerat
3090 4345 3306 4387 nomen.
3327 4329 3540 4417 Scimus

224 4432 459 4496 luminis
502 4433 824 4500 lucernalis,
871 4435 1018 4506 quod
1065 4452 1164 4508 per
1189 4449 1211 4477 ε
1236 4440 1538 4511 appositam
1588 4448 1837 4513 stuppam
1942 4441 2127 4487 tamen
2156 4427 2452 4501 sepissime
2478 4426 2676 4483 cmluln
2727 4423 2833 4481 dici
2885 4424 3061 4479 locum
3090 4422 3319 4494 spissum
3340 4423 3538 4479 densa-

224 4527 484 4584 lambens
506 4526 687 4583 oleum
707 4542 836 4583 mox
857 4527 1083 4599 peredit.
1113 4528 1306 4587 Ether
1327 4540 1509 4587 autem
1531 4520 1654 4604 quis
1680 4534 1839 4591 dubi-
1940 4534 2165 4597 tumque
2184 4522 2325 4578 aeris
2350 4520 2504 4577 istius
2523 4518 2702 4591 palam
2731 4515 2931 4572 nostris
2956 4515 3231 4573 obtutibus
3254 4530 3540 4604 occurren~

226 4627 322 4677 tet
350 4617 657 4675 ﬂammeum
686 4634 806 4675 esse
834 4628 998 4691 atque
1025 4622 1517 4692 torriduleuod
1538 4603 1641 4681 nisi
1662 4612 1837 4683 statu-
1863 4610 1920 4674 D
1943 4625 2072 4674 tem.
2103 4615 2311 4671 leum
2341 4621 2521 4669 autem
2541 4626 2573 4666 a
2592 4608 2867 4668 cernendo
2896 4608 3102 4676 vocari,
3125 4607 3272 4677 quod
3301 4622 3369 4662 ex
3391 4603 3540 4660 Grae-

1946 4725 2131 4768 corum
2177 4707 2368 4763 melius
2419 4703 2748 4777 etymologia
2799 4702 3120 4771 colligimus,
3150 4698 3296 4768 quod
3328 4700 3540 4775 οὐρανόν

1948 4802 2244 4876 appellant,
2273 4799 2375 4854 ὰπὸ
2395 4803 2486 4853 τοῦ
2512 4779 2752 4871 ὁρᾶσθαι,
2776 4794 2917 4849 sicut
2957 4791 3089 4847 dicit
3116 4789 3418 4861 Scriptura,
3449 4808 3540 4848 vo-

1948 4895 2119 4950 latilia
2164 4890 2276 4947 cali
2307 4887 2623 4959 (P80L'Vlll,
2653 4884 2746 4956 9,);
2785 4891 2842 4940 et
2870 4882 3030 4947 alibi,
3072 4883 3309 4938 volatilia
3354 4900 3542 4940 secun-

1949 4990 2073 5043 dum
2097 4987 2483 5058 ﬁrmamentum
2503 4977 2615 5034 caeli
2645 4974 2800 5048 (Gen.
2834 4992 2872 5044 ι,
2901 4974 3017 5048 20).
3052 4975 3184 5032 Tale
3209 4983 3292 5033 est
3318 4983 3374 5033 et
3399 4976 3542 5047 quod

1948 5080 2146 5143 dicitur
2177 5096 2190 5132 :
2222 5073 2520 5132 Ascendunt
2549 5088 2709 5143 usque
2735 5070 2806 5126 ad
2840 5070 3023 5127 caelum
3070 5069 3258 5145 (Psal;
3289 5086 3396 5139 ενι,
3426 5068 3540 5140 26).

3574 5180 3603 5223 h

2024 5264 2052 5301 ά
2081 5257 2300 5330 Antiqui
2344 5255 2454 5330 duo
2504 5252 2625 5310 libri
2648 5261 2706 5309 et
2732 5251 2892 5330 editi,
2922 5253 3068 5307 calor
3093 5267 3223 5322 ejus.
3274 5247 3428 5305 Coll).
3461 5262 3545 5306 se-

1953 5334 2184 5405 cundus,
2208 5326 2376 5405 color.
2409 5326 2745 5405 Gneeeifﬁ‘i
2767 5328 2975 5405 χρρίανο
3149 5393 3159 5405 .
3340 5391 3357 5405 .
3413 5391 3447 5405 ..
3533 5391 3543 5403 .

2028 5416 2053 5445 ο
2080 5391 2241 5481 ξᾷἰὲίς
2285 5416 2350 5456 επ
2394 5398 2645 5481 mpero"
2692 5391 3300 5481 ειίιίέέἐῖρανηαξτξὶρξξςκ
3328 5391 3546 5481 @9339!

1951 5478 2061 5535 duo
2089 5462 2237 5541 libri,
2274 5488 2339 5528 ea:
2367 5462 2632 5543 asperiore
2654 5462 2788 5543 .ejus
2835 5462 3263 5543 circumversione
3284 5478 3303 5517 :
3350 5462 3546 5543 quibus

1952 5532 2133 5606 verbis
2160 5532 2474 5601 Eustathius
2515 5532 2821 5608 exprimere
2849 5534 3019 5608 voluit
3047 5533 3371 5608 Basilianum
3393 5532 3543 5608 illud,

2156 5619 2377 5690 ταχείας
2406 5611 2533 5690 ιῖνᾳι
2567 5603 2932 5690 τὲεριστροφῆς.
2963 5604 3072 5661 Sed
3108 5605 3161 5661 in
3191 5604 3299 5662 hoc
3326 5603 3546 5671 enavit,

1957 5679 2471 5774 qtlodvpt‘q'hxsiac
2500 5679 2692 5747 legerit
2709 5679 2982 5803 τραῇεἰςις.

2035 5763 2052 5803 ί
2084 5762 2246 5819 Edltt.
2275 5767 2444 5815 mnta.
2475 5751 2631 5809 Colb.
2659 5763 2824 5806 secun
2865 5764 2949 5816 us,
2980 5757 3150 5819 raptu.

227 4713 312 4770 tis
361 4711 464 4768 sibi
505 4727 538 4767 a
586 4710 845 4770 Creatore
884 4712 1079 4772 finibus
1105 4716 1428 4785 frenaretur,
1461 4716 1616 4777 facile
1644 4728 1841 4777 cuncta

229 4810 627 4863 consumeret:
659 4819 779 4875 qua:
805 4821 893 4862 res
935 4809 1187 4879 prohibet
1213 4816 1273 4867 ut
1313 4826 1423 4866 non
1473 4819 1622 4869 totus
1646 4813 1844 4870 humor

197 4888 342 4970 ~qui
386 4895 549 4967 rebus
574 4896 802 4955 diversis
846 4899 1082 4958 insertus
1125 4914 1211 4958 est
1241 4903 1425 4961 calore
1462 4905 1594 4960 solis
1619 4917 1842 4962 voratus

146 4961 165 5089 1
232 4961 539 5049 ίῐθεοειιθῑ.
563 4987 646 5047 01)
675 4991 780 5048 hoc
800 4992 1038 5049 omlestis
1058 4993 1199 5050 facta
1227 5001 1314 5050 est
1339 5008 1480 5065 aqua
1509 4995 1632 5052 loco
1676 5012 1840 5068 ευρε-

144 5084 161 5128 ῑ
232 5087 394 5144 riore
440 5085 688 5151 collecta,
734 5099 895 5155 quam
936 5084 1180 5155 paludes,
1231 5092 1288 5141 et
1311 5084 1480 5155 fluvii,
1511 5085 1843 5159 pelagusque

324 5288 350 5317 ³
390 5277 536 5335 Editi
562 5283 622 5333 et
646 5290 800 5341 mss.,
829 5275 884 5328 id
912 5280 1008 5336 est,
1050 5270 1216 5341 Tages
1252 5278 1303 5323 et
1331 5267 1546 5341 Nisus,_
1543 5267 1699 5325 male.
1728 5269 1849 5338 Quo

187 5392 198 5403 .
236 5357 376 5412 loco
402 5363 612 5406 errasse
656 5338 891 5402 arbitror
929 5359 1037 5401 non
1082 5338 1348 5406 librarios,
1384 5340 1478 5412 sed
1504 5338 1847 5397 Eustathium

239 5410 451 5498 ipsum,
485 5419 579 5498 qui
606 5432 728 5498 cum
838 5414 1139 5498 exemplari
1166 5412 1355 5498 Graeco
1386 5410 1466 5467 ὅτε
1497 5413 1847 5498 thetin”-

242 5481 448 5555 iiisset.’
487 5481 669 5560 inepte
701 5487 964 5560 syllabam
990 5481 1045 5543 re
1073 5484 1195 5560 voci
1222 5486 1382 5556 Δίγὼν
1409 5481 1711 5560 conjunxit,
1736 5483 1845 5560 sie-

240 5579 364 5639 que
385 5553 452 5619 ex
468 5563 555 5639 his
574 5553 783 5639 duabus
799 5558 1025 5615 vocibus
1042 5555 1220 5639 effecit
1240 5553 1421 5639 unam2
1439 5559 1681 5636 Ttavyo‘n,
1705 5553 1848 5639 unde

242 5624 370 5696 rion
411 5633 603 5689 mirum
647 5630 694 5685 si
732 5628 789 5686 id
826 5644 1023 5686 nomen
1065 5626 1256 5682 Latine
1296 5624 1849 5695 reddens,’seripserit

248 5705 579 5831 Tageltlostri
600 5781 709 5829 tres
728 5790 877 5837 mss.,
902 5754 1220 5828 mutuaticae
1240 5770 1490 5839 confecta.

347 5853 373 5885 ι
395 5845 559 5911 Editi,
589 5847 893 5915 oppositam.
925 5842 1069 5900 Libri
1091 5849 1319 5907 veteres,
1354 5839 1661 5910 appositam.

2274 5962 2313 5987 ,ἐν
