4110 6336
182 350 313 411 ’901

1228 353 1627 414 ΗΕΧΛΕΜΕΒΙ
1663 352 2148 435 ΜΕτΑιξιιιιΑδιε.
2187 354 2390 409 LIBER
2427 353 2515 409 IV.

3413 353 3535 409 902'

217 464 513 521 bricatores
534 467 930 538 allegoriarum,
965 467 1258 524 refutabilrs
1276 474 1430 524 testu!
1453 466 1631 523 atur‘ii
1664 465 1811 522 Psal-
1837 467 1887 528 Α
1915 474 2112 530 matus,
2148 465 2438 535 impertiet.
2471 462 2580 519 Sed
2608 462 2698 519 hic
2724 463 2836 534 jam
2870 460 3109 517 narratio
3139 460 3397 516 matutina
3427 478 3518 517 se-

221 560 384 614 mista
411 579 422 614 :
455 576 576 616 cum
601 570 658 616 et
682 562 794 631 ipsa
824 562 1118 620 secundum
1148 578 1300 618 suam
1324 563 1640 633 qualitatem
1670 561 1817 633 hym-

214 669 316 743 nos
345 655 601 725 potentia:
629 654 937 712 Conditoris
967 658 1185 712 emittit.

286 745 374 800 IO.
421 745 487 800 Et
512 747 637 801 vidit
672 746 808 803 Deus
845 758 869 784 δ
896 750 1017 822 quia
1048 749 1235 803 bonum
1280 757 1356 803 est
1403 749 1808 820 ﬁrmamentum.

213 839 328 896 Nan
363 840 645 896 oculorum
676 841 996 912 probatione
1019 841 1154 897 dixit
1181 842 1401 897 bonum.
1436 840 1620 912 Neque
1666 839 1808 895 enim

112 958 119 963 ο
210 944 531 1003 corpoream
554 932 971 988 delectationem
994 941 1245 1004 prmstaut
1277 932 1430 988 nobis
1455 947 1574 1002 qua:
1604 931 1803 987 consti-

209 1029 437 1078 tuuntur
479 1039 511 1077 a
539 1023 671 1088 Deo,
705 1040 804 1080 nec
828 1040 891 1079 ea
938 1024 1150 1079 illorum
1173 1021 1517 1094 percipienda
1564 1023 1810 1099 voluptas

210 1124 293 1170 est
322 1130 443 1186 qum
472 1115 724 1172 videntur
747 1115 982 1186 jocunda
1032 1117 1381 1181 mortalibus;
1434 1115 1526 1171 sed
1558 1116 1583 1152 δ
1607 1116 1809 1170 bonum

214 1205 349 1262 dixit
396 1224 532 1280 opus
576 1208 719 1277 quod
774 1209 907 1263 artis
933 1225 1043 1263 sua:
1094 1208 1303 1263 ratione
1351 1217 1626 1279 pensatur,
1658 1216 1714 1263 et
1742 1206 1812 1262 ad

220 1297 382 1355 ﬁnem
422 1290 631 1356 'futura:
677 1300 1075 1378 commoditatis
1140 1301 1388 1357 intendit.
1443 1301 1634 1356 Merito
1683 1318 1811 1370 ergo

216 1401 239 1430 ο
265 1393 483 1462 quidem
503 1394 556 1448 in
577 1393 843 1449 rationem
860 1390 1189 1465 gignentium
1206 1393 1540 1448 manifestam
1556 1409 1684 1451 esse.
1698 1410 1817 1464 pro-

210 1486 424 1556 posuit;
460 1485 551 1539 illa
596 1502 717 1556 qua:
769 1482 999 1541 subinde
1051 1502 1146 1557 per
1175 1495 1355 1557 partes
1386 1482 1412 1523 ά
1439 1487 1629 1541 effecta
1660 1495 1801 1552 sunt,

210 1577 409 1648 opilico
424 1594 532 1633 sua:
550 1577 764 1631 virtutis
778 1593 1027 1633 sermone
1050 1593 1392 1649 percurrens,
1412 1587 1469 1631 ut
1484 1588 1610 1649 pote
1630 1577 1813 1632 mundi

212 1670 668 1726 consummatoria
719 1670 1061 1725 collaudavit.
1106 1668 1238 1724 Nam
1283 1688 1474 1725 manus
1519 1678 1570 1725 et
1601 1671 1804 1736 oculus,

210 1769 514 1832 caeteraque
544 1761 783 1816 membra
824 1762 1094 1819 simulacri
1124 1762 1259 1816 aenei
1299 1763 1524 1832 sparsim
1568 1761 1808 1832 projecla

1920 558 2107 613 cundae
2156 556 2262 613 diei
2310 538 2597 612 terminitm
2628 558 2886 612 sortiatur
2914 575 2925 610 :
2953 564 3011 611 ut
3040 556 3377 612 auditoribus
3404 565 3520 614 stu-

1919 648 2086 723 diosis
2115 649 2357 708 inducias
2386 650 2740 721 praebeamus,
2763 665 2872 722 quo
2893 650 3035 706 inter
3054 664 3112 705 se
3133 649 3379 706 conferre
3398 665 3519 721 qua:

1918 743 2060 798 dicta
2087 751 2230 808 sunt,
2284 742 2667 813 memorizeque
2695 742 2978 807 beneﬁcio,
3014 738 3074 798 in
3105 742 3308 797 intimis
3336 742 3518 798 cordi-

1907 837 2019 892 'bus
2039 835 2106 891 ad
2137 835 2419 892 utilitatem
2444 835 2719 907 propriam
2749 836 2984 898 retinere
3034 834 3056 873 τ
3087 843 3281 892 cuncta
3310 850 3509 906 procu-

1917 938 2056 998 rent,
2090 938 2145 986 et
2173 946 2273 984 usu
2312 928 2682 984 meditationis
2731 928 2979 998 assiduae,
3026 928 3286 984 doctrina:
3338 924 3519 984 cibum

1917 1020 2268 1085 ruminantes,
2304 1028 2425 1091 post
2466 1019 2819 1089 digestionem
2861 1019 3155 1085 salubrem,
3185 1018 3389 1075 residui
3420 1018 3517 1075 Ila-

1917 1115 2089 1184 gitent
2117 1114 2371 1169 alimenta
2403 1112 2688 1169 sermonis.
2712 1110 2816 1168 His
2842 1127 2972 1169 vero
3001 1112 3095 1183 qui
3124 1112 3341 1168 vivendi
3388 1128 3521 1168 cau-

1918 1215 2007 1262 sa’s
2054 1208 2301 1263 manibus
2356 1215 2617 1263 exercent
2646 1206 3036 1276 indulgentiam
3066 1206 3243 1263 medio
3274 1215 3523 1279 tempore

1918 1299 2246 1363 tribuamus;
2290 1305 2350 1354 ut
2396 1296 2680 1369 completis
2709 1299 2964 1372 operibus
3004 1300 3238 1355 animum
3268 1284 3519 1357 curarum

1917 1405 2063 1445 nexu
2089 1391 2345 1459 solutum,
2378 1404 2563 1446 rursus
2592 1391 2831 1462 dapibus
2848 1391 3141 1448 exhibeant
3170 1392 3512 1462 vespertinis.

1919 1481 2150 1547 Interea,
2181 1481 2460 1549 Dominus,
2495 1483 2587 1551 qui
2617 1491 2643 1529 ε
2674 1480 2959 1550 magniﬁca
2990 1481 3117 1539 fecit
3145 1498 3214 1539 ex
3240 1482 3430 1550 nihilo,
3455 1491 3512 1539 et

1917 1593 1946 1631 a
1975 1577 2130 1633 nobis
2161 1577 2274 1633 lucc
2303 1592 2468 1648 parva
2499 1577 2787 1632 verborum
2817 1575 3048 1647 proferri
3097 1577 3350 1633 libamina
3405 1577 3510 1633 dis-

1917 1670 2185 1740 pensavit,
2219 1669 2312 1725 det
2360 1670 2515 1725 vobis
2546 1668 2881 1725 intellectum
2922 1683 3033 1723 suae
3059 1671 3336 1737 veritatis;
3364 1676 3424 1727 ut
3447 1684 3519 1727 ex

1916 1762 2217 1818 visibilibus
2262 1761 2589 1829 iuvisibjlem
2637 1760 2923 1832 reputetis,
2975 1769 3125 1815 etex
3145 1762 3518 1831 magnitudine

211 1852 345 1906 nulli
373 1852 623 1908 videntur
653 1867 771 1909 esse
800 1853 969 1919 bona;
1002 1870 1123 1909 eum
1168 1862 1347 1910 autem
1393 1855 1443 1907 in
1476 1868 1630 1907 suum
1660 1853 1809 1908 ordi-
1842 1863 1888 1922 Β
1916 1872 1981 1911 ac
2004 1855 2401 1926 pulchritudine
2424 1866 2717 1921 creatum,
2753 1854 2778 1892 ιι
2809 1853 3093 1912 decentem
3123 1855 3349 1925 gloriam
3372 1855 3516 1912 Con-

210 1960 338 1999 nem
367 1946 665 2015 composita
696 1944 1026 2013 redigantur,
1060 1947 1402 2016 speciemque
1432 1959 1681 2014 congrum
1707 1944 1810 1999 for-

208 2036 464 2091 mationis
488 2037 813 2106 acceperint,
838 2020 1127 2106 aquolibet
1158 2036 1406 2109 imperito
1433 2034 1585 2090 facile
1608 2034 1807 2091 discer—

208 2137 429 2183 nuntur.
456 2128 527 2182 At
551 2121 684 2184 vero
711 2129 1102 2183 elementorum
1124 2129 1368 2193 Creator,
1394 2136 1449 2183 et
1477 2138 1601 2183 ante
1622 2129 1805 2199 singu-

199 2213 385 2275 lorum
414 2221 884 2291 compositionem,
909 2222 1143 2275 noverat
1172 2220 1432 2290 cujusque
1477 2224 1654 2292 operis
1701 2223 1802 2277 bo-

206 2325 369 2365 num:
397 2313 712 2381 singulaque
727 2312 1062 2375 collaudans,
1090 2313 1471 2380 cogitationem
1488 2330 1597 2369 suae
1615 2316 1810 2369 mentis

206 2403 274 2458 ad
301 2414 325 2442 ο
357 2403 595 2459 futurum
624 2404 830 2459 exitum
882 2402 1063 2472 dirigit
1092 2400 1467 2459 formatorem.
1502 2403 1647 2460 Talis
1679 2418 1808 2475 ergo

206 2510 354 2551 nunc
402 2511 620 2565 quoque
672 2495 863 2550 artifex
895 2496 1225 2569 singularum
1257 2497 1489 2568 partium
1526 2497 1684 2564 Deus,
1718 2514 1805 2554 as-

206 2595 386 2641 sertor
409 2591 463 2640 et
491 2586 842 2656 praedicator;
878 2586 974 2641 sed
1003 2587 1165 2657 paulo
1222 2597 1346 2657 post
1399 2589 1547 2643 omni
1596 2591 1828 2658 pariter.

206 2674 434 2747 mundo,
467 2689 860 2750 competentem
892 2679 1123 2745 laudem,
1155 2695 1276 2735 cum
1336 2681 1495 2736 fuerit
1548 2696 1803 2738 consum-

209 2890 237 2943 ὁ
284 2830 309 2856 ⁸
339 2819 507 2886 Editi,
556 2820 691 2890 quod
736 2818 925 2872 bonum
967 2828 1063 2872 est.
1112 2818 1333 2886 Antiqui
1375 2826 1484 2876 tres
1514 2820 1655 2887 libri,
1684 2825 1805 2894 quia

230 2906 393 2943 onum
416 2900 511 2943 est.

230 2908 237 2935 1
499 2929 511 2942 ο

230 2900 556 3028 ⁷οῗηέῧιῗξέιιί
586 2958 691 3012 duo
714 2958 855 3023 libri,
882 2960 972 3014 sed
993 2960 1179 3014 bonum
1199 2961 1331 3013 dixit
1352 2978 1501 3030 opus,
1526 2963 1677 3029 quod,
1698 2974 1803 3016 etc.

208 3029 329 3085 Vox
358 3047 489 3099 Opus
520 3030 571 3083 in
594 3030 754 3083 editis
781 3030 1140 3085 desideratur.

286 3114 319 3171 εὶ
341 3100 479 3157 Editi
519 3110 574 3156 et
619 3099 771 3174 Colb.
806 3102 1027 3174 primus,
1054 3103 1238 3155 merito
1267 3120 1388 3174 ergo
1417 3102 1620 3173 quidem
1646 3106 1700 3158 in
1732 3122 1811 3157 ra-

207 3173 411 3244 tionem
439 3171 751 3244 gignentium
779 3173 1110 3242 manifestam
1139 3190 1250 3244 esse
1269 3171 1535 3244 proposuit
1566 3191 1582 3227 :
1615 3175 1807 3243 quibus

205 3258 277 3297 ex
306 3238 633 3313 verbis'quae
664 3248 785 3310 apta
810 3238 1076 3297 sententia
1124 3238 1466 3313 efficipossit
1489 3260 1593 3299 non
1625 3238 1799 3299 video.
1832 3238 1876 3301 C

206 3312 381 3387 Alter,
403 3312 582 3377 Colb.,
614 3313 797 3366 merito
829 3329 950 3387 ergo
983 3330 1098 3386 quae
1118 3312 1464 3387 destinatione
1490 3318 1813 3387 gignentium

206 3386 492 3454 manifesta
541 3402 651 3439 esse
680 3385 966 3454 proposuit,
998 3385 1106 3440 non
1137 3386 1348 3441 melius.
1381 3385 1565 3453 deesi
1602 3400 1805 3453 noster,

204 3456 393 3509 merito
440 3453 803 3531 ergo_quidem_
822 3456 874 3510 in
918 3459 1121 3531 ratione
1146 3458 1474 3531 gignentium
1532 3459 1809 3531 manifes'a

203 3543 321 3579 esse
342 3525 638 3596 proposuit;
664 3525 806 3598 quod
827 3542 1042 3598 quoque
1063 3525 1314 3598 vitiosum
1339 3543 1479 3589 esse,
1495 3525 1813 3597 negaturum

204 3595 669 3670 petopemiucm,
703 3595 799 3649 sed
827 3595 907 3670 sic
930 3595 1110 3670 tamen
1133 3606 1192 3670 ut
1222 3595 1378 3653 facile
1399 3595 1671 3654 emendari
1694 3614 1816 3670 pos-

202 3668 299 3720 sit.
360 3667 531 3743 Igitur
571 3684 679 3743 pro
716 3668 921 3743 quidem
949 3669 1111 3743 velim
1157 3668 1303 3743 legas
1327 3670 1585 3743 quwdam.
1620 3667 1811 3725 Mérito

199 3755 331 3809 ergo
379 3739 618 3813 ιμιφάριη
664 3738 718 3790 in
767 3740 968 3813 ratione
1006 3738 1348 3810 gignentium'
1378 3742 1659 3813 manifesta
1700 3758 1810 3795 esse

200 3808 730 3887 proposuitqglmce,
765 3810 975 3865 ὀτοὶννν
1008 3808 1185 3887 inulas/fr
1214 3814 1297 3865 τὸν
1326 3808 1644 3868 σκοπὸὶτῶν
1665 3835 1807 3887 γενο-

200 3885 374 3957 μέδίωχ
395 3882 720 3957 προθέεέενος.

281 3946 309 3987 δ
336 3946 494 4016 Editi,
509 3946 697 4024 affecta
718 3961 858 4007 sunt.
882 3950 1027 4024 Libri
1043 3959 1273 4024 veteres,
1291 3954 1476 4024 eﬂ'ecta
1496 3965 1635 4009 sunt.
1657 3953 1811 4010 Haud

200 4021 372 4089 longe
416 4022 563 4088 editi,
594 4038 781 4077 manus
807 4030 855 4077 et
882 4021 1075 4077 oculos.
1110 4021 1263 4078 Colb.
1296 4021 1582 4089 secundus,
1625 4042 1810 4080 manus

196 4102 257 4145 et
281 4093 435 4147 acuti.
458 4091 643 4147 Codex
669 4101 869 4159 noster,
894 4109 1078 4146 manus
1098 4103 1147 4146 et
1169 4095 1367 4149 oculus.
1394 4095 1631 4152 Subinde
1652 4096 1805 4151 Colb.

1911 1948 2101 2003 ditoris
2122 1962 2274 2004 mens
2294 1956 2475 2003 vestra
2499 1947 2778 2021 percipiat,
2796 1954 2857 2003 ut
2881 1954 2937 2003 et
2954 1947 3007 2002 in
3030 1955 3192 2011 terra,
3213 1954 3269 2001 et
3284 1946 3343 2002 in
3365 1962 3513 2014 aere,

1911 2047 1968 2094 et
2006 2039 2058 2093 in
2088 2040 2246 2106 C(BIO,
2270 2048 2329 2095 "et
2360 2038 2414 2095 in
2446 2039 2622 2110 aquis,
2659 2048 2716 2094 et
2764 2039 2911 2094 inter
2936 2038 3079 2094 diem
3109 2046 3165 2093 et
3192 2045 3426 2105 noctem,
3460 2046 3519 2094 et

1913 2129 1967 2183 in
1998 2129 2247 2184 omnibus
2280 2144 2399 2198 qua:
2448 2137 2744 2185 cernuntur
2770 2127 3131 2184 benefactoris
3159 2134 3514 2183 monumenta

1921 2221 2220 2277 certissima
2267 2221 2512 2291 capiatis.
2546 2220 2730 2290 Neque
2751 2221 2893 2276 enim
2922 2228 3014 2275 aut
3036 2219 3275 2290 peccatis
3304 2227 3522 2290 tempus

1922 2312 2154 2379 dabitur,
2181 2319 2272 2367 aut
2304 2311 2521 2368 inimico
2549 2311 2700 2367 locus
2720 2311 3040 2381 suggerendi
3056 2312 3327 2366 contraria
3356 2310 3518 2367 relin-

1919 2416 2133 2475 quetur,
2164 2405 2394 2462 Domino
2416 2406 2612 2462 vestris
2639 2406 2886 2462 sensibus
2914 2405 3252 2472 adhmrente;
3285 2406 3370 2463 cui
3401 2406 3519 2476 glo-

1870 2566 1875 2567 ί
1919 2500 1998 2553 ria
2028 2508 2083 2553 et
2112 2499 2410 2563 veneratio,
2453 2512 2599 2554 nunc
2621 2506 2675 2554 et
2708 2510 2942 2568 semper,
2977 2505 3034 2553 et
3060 2512 3158 2569 per
3185 2498 3367 2554 omnia
3413 2512 3519 2553 sata

1917 2591 2038 2647 cula
2069 2592 2406 2647 saeculorum.
2433 2590 2625 2647 Amen.

1911 2821 2199 2894 secundus,
2237 2822 2428 2894 passim
2452 2823 2703 2893 projecta.

1987 2903 2010 2929 θ
2041 2890 2203 2958 Editi,
2240 2888 2329 2944 'ad
2354 2888 2659 2963 futurorum
2681 2894 2895 2946 exitum.
2928 2891 2995 2944 At
3022 2888 3194 2946 nostri
3225 2897 3334 2944 tres
3361 2888 3517 2959 mss.,

1914 2963 1984 3016 ad
2013 2965 2258 3034 futurum,
2276 2962 2492 3034 egritum.

1991 3030 2021 3071 Γ
2045 3032 2267 3100 Antiqui
2286 3031 2414 3105 ειυοᾲ
2436 3033 2577 3095 libri,
2601 3042 2786 3105 cuncta
2815 3030 3305 3105 procureg.__Editi,
3329 3043 3517 3105 cuncta

1912 3099 2228 3175 percurrent.
2258 3102 2473 3175 Statim
2522 3103 2698 3175 codex
2742 3099 2927 3160 noster
2954 3110 3009 3159 et
3032 3099 3187 3161 Colb.
3215 3103 3510 3175 secundus,

1912 3173 2007 3229 usu.
2029 3173 2383 3228 meditationis
2404 3174 2633 3230 assiduo.

1984 3258 2007 3292 ις
2036 3243 2192 3318 Colb.
2240 3245 2525 3318 secundus,
2560 3262 2751 3318 magna
2782 3246 2920 3318 fecit.
2978 3245 3080 3299 Alii
3125 3244 3407 3318 duo__mss.
3460 3255 3515 3300 et

1916 3317 2067 3399 editi,
2118 3316 2401 3399 magniﬁca
2431 3313 2811 3399 fecit.LCraece,
2831 3319 3171 3399 .ra.paya'z_1a.
3197 3313 3514 3399 Ali-quanto

1914 3397 2039 3458 post
2067 3385 2222 3509 edit},
2240 3394 2378 3457 utea:
2407 3385 2782 3459 magnitudine.
2816 3385 3039 3457 Antiqui
3060 3387 3167 3442 duo
3197 3385 3340 3452 libri,
3372 3396 3421 3439 el
3447 3402 3514 3441 ea:

1918 3466 2148 3509 ntanmtu
2193 3473 2298 3509 me.

2084 3466 2148 3508 ‘tt
2202 3466 2211 3468 “
2287 3498 2298 3510 .

1918 3466 2506 3591 ηιίῖρῗὶιάἒιῗῖηὲεσεηιαη
2542 3530 2710 3599 gloria
2746 3526 3045 3583 Conditoris
3073 3542 3367 3599 mensuram
3397 3543 3514 3597 per;

1917 3601 2095 3669 cipiat,
2146 3606 2421 3667 corrupte.
2476 3598 2631 3655 Colb.
2674 3598 2960 3664 secundus,
3004 3599 3266 3653 decentem
3294 3598 3516 3669 gloriam

1918 3669 2213 3742 Conditoris
2235 3684 2376 3723 mens
2400 3681 2567 3725 vestra
2585 3671 2879 3742 percipiat:
2910 3669 3057 3741 quod
3076 3685 3200 3726 cum
3220 3669 3514 3742 genuinum

1915 3740 2193 3821 essesatis
2221 3755 2321 3821 per
2350 3754 2407 3821 se
2436 3740 2642 3821 pateat,
2690 3740 2872 3813 petest
2900 3740 3083 3821 tamen
3109 3740 3414 3821 confirmari
3446 3755 3514 3821 est

1916 3811 2190 3883 Basiliano
2221 3810 2334 3878 illo,
2358 3810 2761 3883 ἀναλαμϐάνῃ-ξε,
2794 3812 3115 3883 peixipiatis,
3158 3816 3250 3863 aut
3274 3814 3516 3883 mens/ue:

1914 3893 2024 3937 stra
2045 3881 2313 3953 percipiat.
2348 3881 2637 3953 Aliquanto
2659 3891 2782 3953 post
2796 3881 2947 3937 editi
2963 3890 3020 3953 et
3041 3881 3155 3937 duo
3183 3889 3415 3953 tnss.,_et
3438 3881 3517 3934 in.

1919 3964 1993 4008 ter
2037 3950 2262 4009 diemet
2301 3950 2522 4017 noctein.
2571 3950 2725 4010 CoIb.
2776 3952 3071 4019 secundm,
3120 3960 3170 4010 et
3208 3952 3264 4006 in
3319 3950 3401 4007 die
3452 3965 3515 4011 aa

1916 4041 2012 4079 nec
2017 4034 2083 4080 te.

2119 4212 3487 4244 ____‘___.__—_—___—__——

1150 4300 1632 4408 LIBER
1723 4298 2525 4435 QUARTUS.

776 4468 866 4528 De
911 4466 1396 4547 congregatione
1439 4485 1770 4548 aquarum,
1808 4473 1865 4528 et
1901 4468 2314 4548 apparitione
2348 4466 2544 4527 arida
2579 4464 2952 4545 disputatio.

284 4595 339 4649 1.
379 4592 518 4648 Sunt
544 4592 706 4648 urbes
746 4592 991 4663 quaedam
1019 4606 1248 4662 quarum
1275 4591 1458 4663 populi
1488 4590 1811 4664 spectaculis

202 4686 545 4744 mirabilibus
573 4700 605 4739 a
633 4686 901 4741 matutino
929 4692 1175 4756 tempore
1202 4700 1374 4755 usque
1402 4684 1470 4739 ad
1498 4699 1805 4755 vesperum,

200 4768 464 4854 proprios
515 4777 704 4834 oculos
750 4777 1022 4849 pascendo
1069 4776 1365 4834 reficiunt:
1399 4785 1589 4833 cantus
1644 4777 1809 4833 etiam

202 4874 460 4936 blandos,
495 4881 520 4909 η
552 4872 1052 4941 modulationesque
1079 4871 1336 4938 lascivas,
1367 4872 1553 4926 luxum
1581 4870 1809 4925 nimium

203 4973 554 5037 generanles,
576 4964 823 5025 sensibus
840 4964 951 5019 suis
975 4962 1243 5032 injiciunt,
1272 4979 1501 5033 quorum
1536 4963 1807 5018 ausculta-

207 5062 366 5117 tione
402 5057 601 5113 diutius
634 5056 920 5121 Oblectati,
959 5055 1267 5111 nullatenus
1302 5056 1583 5110 satiantur.
1629 5051 1699 5111 Et
1727 5063 1807 5133 ta-
1836 5081 1884 5141 ι)

206 5164 342 5204 men
371 5161 466 5202 eos
507 5144 753 5201 homines
781 5142 937 5198 multi
963 5142 1155 5198 beatos
1198 5143 1472 5213 appellare
1512 5158 1807 5198 consueve-

132 5236 137 5240 ’
207 5246 362 5305 runt,
414 5237 539 5307 quia
588 5235 893 5292 necessaria
946 5235 1163 5304 negotia
1211 5234 1540 5300 deserentes,
1572 5243 1628 5291 et
1667 5241 1812 5290 artes

208 5333 414 5404 quibus
458 5330 674 5385 vivendi
703 5327 941 5393 subsidia
986 5334 1391 5399 comparantur,
1422 5344 1519 5399 per
1555 5327 1811 5384 desidiam

176 5472 187 5480 .
212 5437 275 5486 et
306 5426 635 5497 voluptatem
662 5429 923 5478 statutum
943 5422 1044 5478 sibi
1067 5430 1278 5493 tempus
1304 5420 1429 5475 vitae
1457 5430 1779 5492 peragentes
1798 5460 1813 5485 ,

294 5577 320 5605 ιι
360 5565 451 5622 Sic
469 5579 598 5621 mss.
621 5574 813 5619 nostri.
838 5558 976 5616 Illud
996 5573 1109 5628 quin
1135 5569 1322 5614 aberat
1359 5573 1387 5612 a
1417 5557 1667 5625 vulgatis.

296 5637 323 5676 ι’
364 5636 500 5690 Editi
543 5643 598 5691 et
625 5632 778 5689 Colb.
832 5626 1062 5704 primus,
1090 5629 1375 5704 approbata
1413 5630 1679 5704 pessimis.
1712 5626 1814 5680 Alii

220 5710 336 5765 duo
360 5724 510 5768 mss.,
541 5700 1194 5776 approbata'mrpissimis;
1231 5701 1373 5776 quod
1397 5700 1567 5768 magis
1596 5712 1813 5776 aecum-—

219 5778 434 5837 tvozlari
476 5768 652 5845 potest.
682 5778 746 5831 ad
779 5768 963 5828 vocem
993 5768 1573 5845 ῦτιιιοηιηίάκολάςτοις.
1610 5768 1814 5824 Ibidem

220 5851 339 5911 duo
368 5843 517 5915 mssl,
549 5847 770 5917 per/icit.
801 5844 955 5928 Editi,
988 5843 1215 5910 perfecit.

1916 4593 2165 4648 inanibus
2189 4591 2396 4648 actibus
2422 4598 2774 4666 occupantur,
2807 4589 3118 4661 ignorantes
3155 4585 3281 4663 quia
3303 4584 3517 4647 saltatio

1914 4694 2338 4766 spectationibus
2380 4694 2404 4732 δ
2435 4692 2731 4763 approbata
2761 4688 3083 4767 turpissimis
3102 4726 3117 4753 ,
3160 4686 3431 4756 publicum
3461 4693 3518 4751 et

1915 4812 2201 4855 commune
2221 4793 2434 4866 perﬁcit
2453 4792 2823 4862 magisterium
2843 4790 3114 4846 vitiorum.
3142 4786 3328 4858 Lyrica
3351 4787 3518 4845 etiam

1915 4898 2174 4963 carmina,
2207 4905 2507 4965 cantusque
2532 4892 2831 4956 tibicinum,
2863 4897 2921 4945 et
2958 4887 3281 4944 meretriciae
3307 4887 3517 4943 cantio+

1918 5015 2033 5065 nes,
2061 4998 2313 5055 cordibus
2341 4995 2675 5052 audientium
2697 4992 2881 5062 lapsae,
2907 4989 3051 5062 quid!
3069 4988 3216 5045 aliud
3244 5004 3405 5060 quam
3430 4988 3514 5042 ins

1913 5101 2129 5157 famiam
2156 5099 2553 5172 spectatoribus
2575 5096 2878 5153 inolescunt
2897 5094 3276 5150 mentientibus
3306 5090 3516 5146 histrio;

1914 5206 2045 5260 nes?
2073 5202 2326 5258 Nonnulli
2375 5209 2555 5256 autem
2584 5198 2902 5255 circensium
2948 5195 3121 5251 furiali
3165 5191 3358 5246 ardore
3404 5191 3501 5246 de-

1913 5306 2069 5372 tenti,
2122 5303 2369 5361 noctibus
2417 5301 2751 5359 somniantes
2777 5315 2877 5371 pro
2908 5307 3170 5381 equorum
3221 5291 3511 5347 velocitate
3547 5328 3555 5336 ο

1920 5417 2283 5484 contendunt,
2317 5416 2477 5473 modo
2510 5428 2531 5453 ε
2565 5428 2755 5469 currus
2782 5404 3043 5473 rotantes,
3098 5403 3262 5458 modo
3294 5403 3514 5472 aurigas

1997 5566 2019 5595 ο
2058 5554 2201 5610 Editi
2227 5563 2282 5609 et
2309 5554 2419 5610 duo
2448 5566 2602 5618 mss.,
2632 5562 2814 5602 currus
2858 5550 3136 5618 notantes;
3185 5540 3339 5615 quod
3379 5539 3513 5611 (min

1922 5626 2236 5682 mendosum
2264 5626 2335 5680 sit
2361 5616 2610 5699 dubitari
2635 5616 3185 5699 non__pot.es_t.‘C.olb.'
3217 5630 3509 5699 secunups,

1921 5713 2103 5751 currus
2122 5705 2369 5751 rotantes.
2394 5692 2552 5748 Certe
2569 5685 2878 5745 Eustathius
2894 5686 3019 5740 illud
3044 5685 3251 5755 ἅρματα
3275 5689 3517 5754 parate-=-

1922 5773 2125 5842 γνόντες
2155 5767 2343 5842 Latine
2380 5762 2605 5842 reddere
2651 5758 2850 5842 voluit;
2874 5756 2989 5842 “sed
3021 5756 3238 5842 nonmita
3287 5755 3513 5837 feliciter

1923 5826 2171 5897 i'edtiidit.
2213 5837 2400 5892 Melius
2440 5835 2518 5889 sic
2547 5829 2888 5903 interpretari
2920 5829 3045 5883 licet
3081 5846 3090 5881 :
3122 5826 3512 5898 Transjuugen-
