  <div class='ocr_page' id='page_1' title='image "/cluster/home/n/w/nwhite01/storage/ocr_20150623/53/hvd.32044015471576/457.png"; bbox 0 0 4110 6336; ppageno 0'>
   <div class='ocr_carea' id='block_1_1' title="bbox 588 317 699 378">
    <p class='ocr_par' dir='ltr' id='par_1_1' title="bbox 588 317 699 378">
     <span class='ocr_line' id='line_1_1' title="bbox 588 317 699 378; baseline -0.027 0"><span class='ocrx_word' id='word_1_1' title='bbox 588 317 699 378; x_wconf 78' lang='grc'>905</span> 
     </span>
    </p>
   </div>
   <div class='ocr_carea' id='block_1_2' title="bbox 2043 304 2411 366">
    <p class='ocr_par' dir='ltr' id='par_1_2' title="bbox 2043 304 2411 366">
     <span class='ocr_line' id='line_1_2' title="bbox 2043 304 2411 366; baseline -0.003 -3"><span class='ocrx_word' id='word_1_2' title='bbox 2043 304 2411 366; x_wconf 81' lang='lat' dir='ltr'><strong>EUSTATHII</strong></span> 
     </span>
    </p>
   </div>
   <div class='ocr_carea' id='block_1_3' title="bbox 3787 311 3888 370">
    <p class='ocr_par' dir='ltr' id='par_1_3' title="bbox 3787 311 3888 370">
     <span class='ocr_line' id='line_1_3' title="bbox 3787 311 3888 370; baseline 0 0"><span class='ocrx_word' id='word_1_3' title='bbox 3787 311 3888 370; x_wconf 66' lang='lat'><strong>904</strong></span> 
     </span>
    </p>
   </div>
   <div class='ocr_carea' id='block_1_4' title="bbox 588 424 3889 512">
    <p class='ocr_par' dir='ltr' id='par_1_4' title="bbox 588 424 3889 512">
     <span class='ocr_line' id='line_1_4' title="bbox 588 424 3889 512; baseline -0.003 -17"><span class='ocrx_word' id='word_1_4' title='bbox 588 442 645 499; x_wconf 87' lang='lat' dir='ltr'><strong>in</strong></span> <span class='ocrx_word' id='word_1_5' title='bbox 687 445 894 512; x_wconf 88' lang='lat' dir='ltr'><strong>partem</strong></span> <span class='ocrx_word' id='word_1_6' title='bbox 937 439 1097 494; x_wconf 89' lang='lat' dir='ltr'><strong>aham</strong></span> <span class='ocrx_word' id='word_1_7' title='bbox 1144 436 1546 499; x_wconf 77' lang='lat' dir='ltr'><strong>transferentes,</strong></span> <span class='ocrx_word' id='word_1_8' title='bbox 1580 442 1907 502; x_wconf 60' lang='lat' dir='ltr'><strong>«plerumnque</strong></span> <span class='ocrx_word' id='word_1_9' title='bbox 1960 442 2188 488; x_wconf 77' lang='lat' dir='ltr'><strong>prorsus</strong></span> <span class='ocrx_word' id='word_1_10' title='bbox 2215 426 2271 488; x_wconf 80' lang='grc' dir='ltr'><strong>Α</strong></span> <span class='ocrx_word' id='word_1_11' title='bbox 2294 424 2457 489; x_wconf 86' lang='lat' dir='ltr'><strong>modo</strong></span> <span class='ocrx_word' id='word_1_12' title='bbox 2492 439 2542 481; x_wconf 86' lang='lat' dir='ltr'><strong>tn</strong></span> <span class='ocrx_word' id='word_1_13' title='bbox 2572 440 2734 481; x_wconf 88' lang='lat' dir='ltr'><strong>unam</strong></span> <span class='ocrx_word' id='word_1_14' title='bbox 2761 426 3237 496; x_wconf 91' lang='lat' dir='ltr'><strong>congregationem</strong></span> <span class='ocrx_word' id='word_1_15' title='bbox 3259 429 3407 498; x_wconf 79' lang='lat' dir='ltr'><strong>jussa</strong></span> <span class='ocrx_word' id='word_1_16' title='bbox 3454 437 3537 512; x_wconf 82' lang='lat' dir='ltr'><strong>est</strong></span> <span class='ocrx_word' id='word_1_17' title='bbox 3582 430 3889 497; x_wconf 84' lang='lat' dir='ltr'><strong>convenire,</strong></span> 
     </span>
    </p>
   </div>
   <div class='ocr_carea' id='block_1_5' title="bbox 589 516 2186 600">
    <p class='ocr_par' dir='ltr' id='par_1_5' title="bbox 589 516 2186 600">
     <span class='ocr_line' id='line_1_5' title="bbox 589 516 2186 600; baseline -0.009 -11"><span class='ocrx_word' id='word_1_18' title='bbox 589 533 835 590; x_wconf 84' lang='lat' dir='ltr'><strong>diurnam</strong></span> <span class='ocrx_word' id='word_1_19' title='bbox 855 530 1237 600; x_wconf 73' lang='lat' dir='ltr'><strong>cogitationem</strong></span> <span class='ocrx_word' id='word_1_20' title='bbox 1265 537 1510 600; x_wconf 90' lang='lat' dir='ltr'><strong>tempore</strong></span> <span class='ocrx_word' id='word_1_21' title='bbox 1530 524 1744 598; x_wconf 89' lang='lat' dir='ltr'><strong>soporis</strong></span> <span class='ocrx_word' id='word_1_22' title='bbox 1772 516 2051 581; x_wconf 84' lang='lat' dir='ltr'><strong>revolvere</strong></span> <span class='ocrx_word' id='word_1_23' title='bbox 2078 535 2186 575; x_wconf 94' lang='lat' dir='ltr'><strong>non</strong></span> 
     </span>
    </p>
   </div>
   <div class='ocr_carea' id='block_1_6' title="bbox 591 616 2189 694">
    <p class='ocr_par' dir='ltr' id='par_1_6' title="bbox 591 616 2189 694">
     <span class='ocr_line' id='line_1_6' title="bbox 591 616 2189 694; baseline -0.008 -11"><span class='ocrx_word' id='word_1_24' title='bbox 591 626 872 683; x_wconf 87' lang='lat' dir='ltr'><strong>desistunt.</strong></span> <span class='ocrx_word' id='word_1_25' title='bbox 894 623 1001 681; x_wconf 87' lang='lat' dir='ltr'><strong>Nos</strong></span> <span class='ocrx_word' id='word_1_26' title='bbox 1020 633 1201 680; x_wconf 89' lang='lat' dir='ltr'><strong>autem</strong></span> <span class='ocrx_word' id='word_1_27' title='bbox 1225 638 1361 694; x_wconf 91' lang='lat' dir='ltr'><strong>quos</strong></span> <span class='ocrx_word' id='word_1_28' title='bbox 1381 617 1766 690; x_wconf 88' lang='lat' dir='ltr'><strong>Dominus,qui</strong></span> <span class='ocrx_word' id='word_1_29' title='bbox 1796 616 1976 689; x_wconf 73' lang='lat' dir='ltr'><strong>opifex</strong></span> <span class='ocrx_word' id='word_1_30' title='bbox 2006 628 2189 670; x_wconf 89' lang='lat' dir='ltr'><strong>rerum</strong></span> 
     </span>
    </p>
   </div>
   <div class='ocr_carea' id='block_1_7' title="bbox 592 711 2189 781">
    <p class='ocr_par' dir='ltr' id='par_1_7' title="bbox 592 711 2189 781">
     <span class='ocr_line' id='line_1_7' title="bbox 592 711 2189 781; baseline -0.009 -4"><span class='ocrx_word' id='word_1_31' title='bbox 592 720 858 777; x_wconf 85' lang='lat' dir='ltr'><strong>maximus</strong></span> <span class='ocrx_word' id='word_1_32' title='bbox 885 728 941 775; x_wconf 89' lang='lat' dir='ltr'><strong>et</strong></span> <span class='ocrx_word' id='word_1_33' title='bbox 967 718 1122 775; x_wconf 83' lang='lat' dir='ltr'><strong>valde</strong></span> <span class='ocrx_word' id='word_1_34' title='bbox 1168 717 1426 774; x_wconf 91' lang='lat' dir='ltr'><strong>miriﬁcus</strong></span> <span class='ocrx_word' id='word_1_35' title='bbox 1451 715 1700 781; x_wconf 89' lang='lat' dir='ltr'><strong>habetur,</strong></span> <span class='ocrx_word' id='word_1_36' title='bbox 1736 712 1803 768; x_wconf 90' lang='lat' dir='ltr'><strong>ad</strong></span> <span class='ocrx_word' id='word_1_37' title='bbox 1845 711 2189 768; x_wconf 88' lang='lat' dir='ltr'><strong>demonstra-</strong></span> 
     </span>
    </p>
   </div>
   <div class='ocr_carea' id='block_1_8' title="bbox 597 802 2189 885">
    <p class='ocr_par' dir='ltr' id='par_1_8' title="bbox 597 802 2189 885">
     <span class='ocr_line' id='line_1_8' title="bbox 597 802 2189 885; baseline -0.008 -14"><span class='ocrx_word' id='word_1_38' title='bbox 597 814 802 872; x_wconf 90' lang='lat' dir='ltr'><strong>tionem</strong></span> <span class='ocrx_word' id='word_1_39' title='bbox 831 829 1051 871; x_wconf 90' lang='lat' dir='ltr'><strong>suorum</strong></span> <span class='ocrx_word' id='word_1_40' title='bbox 1071 828 1296 885; x_wconf 89' lang='lat' dir='ltr'><strong>operum</strong></span> <span class='ocrx_word' id='word_1_41' title='bbox 1325 810 1663 877; x_wconf 89' lang='lat' dir='ltr'><strong>convocavit,</strong></span> <span class='ocrx_word' id='word_1_42' title='bbox 1693 806 1925 864; x_wconf 87' lang='lat' dir='ltr'><strong>deﬁcere</strong></span> <span class='ocrx_word' id='word_1_43' title='bbox 1942 819 2062 860; x_wconf 89' lang='lat' dir='ltr'><strong>.non</strong></span> <span class='ocrx_word' id='word_1_44' title='bbox 2090 802 2189 859; x_wconf 87' lang='lat' dir='ltr'><strong>de-</strong></span> 
     </span>
    </p>
   </div>
   <div class='ocr_carea' id='block_1_9' title="bbox 594 895 2192 976">
    <p class='ocr_par' dir='ltr' id='par_1_9' title="bbox 594 895 2192 976">
     <span class='ocr_line' id='line_1_9' title="bbox 594 895 2192 976; baseline -0.008 -13"><span class='ocrx_word' id='word_1_45' title='bbox 594 906 783 964; x_wconf 84' lang='lat' dir='ltr'><strong>bemus</strong></span> <span class='ocrx_word' id='word_1_46' title='bbox 811 920 936 976; x_wconf 91' lang='lat' dir='ltr'><strong>erga</strong></span> <span class='ocrx_word' id='word_1_47' title='bbox 980 920 1170 962; x_wconf 90' lang='lat' dir='ltr'><strong>eorum</strong></span> <span class='ocrx_word' id='word_1_48' title='bbox 1208 903 1533 976; x_wconf 89' lang='lat' dir='ltr'><strong>spectacula,</strong></span> <span class='ocrx_word' id='word_1_49' title='bbox 1568 916 1669 957; x_wconf 91' lang='lat' dir='ltr'><strong>nec</strong></span> <span class='ocrx_word' id='word_1_50' title='bbox 1717 898 1932 955; x_wconf 87' lang='lat' dir='ltr'><strong>desides</strong></span> <span class='ocrx_word' id='word_1_51' title='bbox 1971 895 2089 952; x_wconf 91' lang='lat' dir='ltr'><strong>ﬁeri</strong></span> <span class='ocrx_word' id='word_1_52' title='bbox 2138 895 2192 951; x_wconf 91' lang='lat' dir='ltr'><strong>in</strong></span> 
     </span>
    </p>
   </div>
   <div class='ocr_carea' id='block_1_10' title="bbox 596 989 2192 1071">
    <p class='ocr_par' dir='ltr' id='par_1_10' title="bbox 596 989 2192 1071">
     <span class='ocr_line' id='line_1_10' title="bbox 596 989 2192 1071; baseline -0.009 -14"><span class='ocrx_word' id='word_1_53' title='bbox 596 999 960 1057; x_wconf 87' lang='lat' dir='ltr'><strong>auscultandis</strong></span> <span class='ocrx_word' id='word_1_54' title='bbox 986 997 1222 1071; x_wconf 85' lang='lat' dir='ltr'><strong>Spiritus</strong></span> <span class='ocrx_word' id='word_1_55' title='bbox 1247 996 1421 1054; x_wconf 83' lang='lat' dir='ltr'><strong>sancti</strong></span> <span class='ocrx_word' id='word_1_56' title='bbox 1440 993 1807 1060; x_wconf 86' lang='lat' dir='ltr'><strong>sermonibus;</strong></span> <span class='ocrx_word' id='word_1_57' title='bbox 1838 989 1933 1047; x_wconf 89' lang='lat' dir='ltr'><strong>sed</strong></span> <span class='ocrx_word' id='word_1_58' title='bbox 1962 990 2192 1045; x_wconf 84' lang='lat' dir='ltr'><strong>circum-</strong></span> 
     </span>
    </p>
   </div>
   <div class='ocr_carea' id='block_1_11' title="bbox 595 1085 2185 1164">
    <p class='ocr_par' dir='ltr' id='par_1_11' title="bbox 595 1085 2185 1164">
     <span class='ocr_line' id='line_1_11' title="bbox 595 1085 2185 1164; baseline -0.009 -14"><span class='ocrx_word' id='word_1_59' title='bbox 595 1094 788 1159; x_wconf 87' lang='lat' dir='ltr'><strong>dantes</strong></span> <span class='ocrx_word' id='word_1_60' title='bbox 803 1092 1113 1164; x_wconf 74' lang='lat' dir='ltr'><strong>prteclaram</strong></span> <span class='ocrx_word' id='word_1_61' title='bbox 1128 1092 1268 1147; x_wconf 88' lang='lat' dir='ltr'><strong>hanc</strong></span> <span class='ocrx_word' id='word_1_62' title='bbox 1292 1088 1458 1146; x_wconf 86' lang='lat' dir='ltr'><strong>divini</strong></span> <span class='ocrx_word' id='word_1_63' title='bbox 1471 1087 1651 1160; x_wconf 91' lang='lat' dir='ltr'><strong>operis</strong></span> <span class='ocrx_word' id='word_1_64' title='bbox 1667 1085 1977 1151; x_wconf 82' lang='lat' dir='ltr'><strong>stationem,</strong></span> <span class='ocrx_word' id='word_1_65' title='bbox 2007 1091 2185 1138; x_wconf 82' lang='lat' dir='ltr'><strong>trans-</strong></span> 
     </span>
    </p>
   </div>
   <div class='ocr_carea' id='block_1_12' title="bbox 597 1168 2194 1260">
    <p class='ocr_par' dir='ltr' id='par_1_12' title="bbox 597 1168 2194 1260">
     <span class='ocr_line' id='line_1_12' title="bbox 597 1168 2194 1260; baseline -0.007 -16"><span class='ocrx_word' id='word_1_66' title='bbox 597 1196 828 1260; x_wconf 89' lang='lat' dir='ltr'><strong>actaque</strong></span> <span class='ocrx_word' id='word_1_67' title='bbox 857 1197 1102 1259; x_wconf 88' lang='lat' dir='ltr'><strong>tempora</strong></span> <span class='ocrx_word' id='word_1_68' title='bbox 1134 1184 1550 1256; x_wconf 86' lang='lat' dir='ltr'><strong>cogitationibus</strong></span> <span class='ocrx_word' id='word_1_69' title='bbox 1572 1168 1907 1254; x_wconf 79' lang='lat' dir='ltr'><strong>reputantes,</strong></span> <span class='ocrx_word' id='word_1_70' title='bbox 1949 1187 2194 1235; x_wconf 87' lang='lat' dir='ltr'><strong>contem-</strong></span> 
     </span>
    </p>
   </div>
   <div class='ocr_carea' id='block_1_13' title="bbox 598 1273 2197 1354">
    <p class='ocr_par' dir='ltr' id='par_1_13' title="bbox 598 1273 2197 1354">
     <span class='ocr_line' id='line_1_13' title="bbox 598 1273 2197 1354; baseline -0.004 -19"><span class='ocrx_word' id='word_1_71' title='bbox 598 1281 810 1354; x_wconf 91' lang='lat' dir='ltr'><strong>plemur</strong></span> <span class='ocrx_word' id='word_1_72' title='bbox 836 1280 1029 1337; x_wconf 83' lang='lat' dir='ltr'><strong>etelum</strong></span> <span class='ocrx_word' id='word_1_73' title='bbox 1077 1279 1296 1351; x_wconf 86' lang='lat' dir='ltr'><strong>quidem</strong></span> <span class='ocrx_word' id='word_1_74' title='bbox 1338 1278 1572 1334; x_wconf 88' lang='lat' dir='ltr'><strong>levatum</strong></span> <span class='ocrx_word' id='word_1_75' title='bbox 1624 1286 1685 1332; x_wconf 91' lang='lat' dir='ltr'><strong>ut</strong></span> <span class='ocrx_word' id='word_1_76' title='bbox 1734 1289 2027 1340; x_wconf 88' lang='lat' dir='ltr'><strong>cameram,</strong></span> <span class='ocrx_word' id='word_1_77' title='bbox 2056 1273 2197 1334; x_wconf 92' lang='lat' dir='ltr'><strong>sicut</strong></span> 
     </span>
    </p>
   </div>
   <div class='ocr_carea' id='block_1_14' title="bbox 597 1371 2195 1448">
    <p class='ocr_par' dir='ltr' id='par_1_14' title="bbox 597 1371 2195 1448">
     <span class='ocr_line' id='line_1_14' title="bbox 597 1371 2195 1448; baseline -0.004 -17"><span class='ocrx_word' id='word_1_78' title='bbox 597 1374 728 1432; x_wconf 87' lang='lat' dir='ltr'><strong>dicit</strong></span> <span class='ocrx_word' id='word_1_79' title='bbox 754 1376 1019 1448; x_wconf 90' lang='lat' dir='ltr'><strong>propheta</strong></span> <span class='ocrx_word' id='word_1_80' title='bbox 1068 1372 1224 1446; x_wconf 82' lang='lat' dir='ltr'><strong>(Isai.</strong></span> <span class='ocrx_word' id='word_1_81' title='bbox 1259 1390 1347 1444; x_wconf 69' lang='grc' dir='ltr'><strong>χι,</strong></span> <span class='ocrx_word' id='word_1_82' title='bbox 1371 1371 1483 1446; x_wconf 69' lang='grc'><strong>22),</strong></span> <span class='ocrx_word' id='word_1_83' title='bbox 1530 1381 1729 1427; x_wconf 89' lang='lat' dir='ltr'><strong>terram</strong></span> <span class='ocrx_word' id='word_1_84' title='bbox 1776 1378 1959 1427; x_wconf 90' lang='lat' dir='ltr'><strong>autem</strong></span> <span class='ocrx_word' id='word_1_85' title='bbox 1986 1376 2195 1425; x_wconf 87' lang='lat' dir='ltr'><strong>vastam</strong></span> 
     </span>
    </p>
   </div>
   <div class='ocr_carea' id='block_1_15' title="bbox 600 1464 2195 1540">
    <p class='ocr_par' dir='ltr' id='par_1_15' title="bbox 600 1464 2195 1540">
     <span class='ocr_line' id='line_1_15' title="bbox 600 1464 2195 1540; baseline -0.004 -16"><span class='ocrx_word' id='word_1_86' title='bbox 600 1468 780 1533; x_wconf 92' lang='lat' dir='ltr'><strong>nimis,</strong></span> <span class='ocrx_word' id='word_1_87' title='bbox 807 1466 1171 1524; x_wconf 91' lang='lat' dir='ltr'><strong>immensitate</strong></span> <span class='ocrx_word' id='word_1_88' title='bbox 1197 1466 1283 1523; x_wconf 90' lang='lat' dir='ltr'><strong>vel</strong></span> <span class='ocrx_word' id='word_1_89' title='bbox 1330 1465 1570 1540; x_wconf 87' lang='lat' dir='ltr'><strong>pondere</strong></span> <span class='ocrx_word' id='word_1_90' title='bbox 1598 1464 1651 1520; x_wconf 93' lang='lat' dir='ltr'><strong>in</strong></span> <span class='ocrx_word' id='word_1_91' title='bbox 1682 1464 2030 1535; x_wconf 89' lang='lat' dir='ltr'><strong>semetipsam</strong></span> <span class='ocrx_word' id='word_1_92' title='bbox 2058 1478 2195 1519; x_wconf 90' lang='lat' dir='ltr'><strong>con-</strong></span> 
     </span>
    </p>
   </div>
   <div class='ocr_carea' id='block_1_16' title="bbox 599 1554 2195 1629">
    <p class='ocr_par' dir='ltr' id='par_1_16' title="bbox 599 1554 2195 1629">
     <span class='ocr_line' id='line_1_16' title="bbox 599 1554 2195 1629; baseline -0.005 -12"><span class='ocrx_word' id='word_1_93' title='bbox 599 1570 748 1618; x_wconf 88' lang='lat' dir='ltr'><strong>stare</strong></span> <span class='ocrx_word' id='word_1_94' title='bbox 777 1560 1067 1623; x_wconf 81' lang='lat' dir='ltr'><strong>fundatam,</strong></span> <span class='ocrx_word' id='word_1_95' title='bbox 1092 1572 1395 1629; x_wconf 75' lang='lat' dir='ltr'><strong>acremque</strong></span> <span class='ocrx_word' id='word_1_96' title='bbox 1415 1556 1667 1614; x_wconf 84' lang='lat' dir='ltr'><strong>diﬂ&#39;usum</strong></span> <span class='ocrx_word' id='word_1_97' title='bbox 1699 1554 2069 1628; x_wconf 85' lang='lat' dir='ltr'><strong>liquidumque</strong></span> <span class='ocrx_word' id='word_1_98' title='bbox 2098 1570 2195 1610; x_wconf 88' lang='lat' dir='ltr'><strong>na-</strong></span> 
     </span>
    </p>
   </div>
   <div class='ocr_carea' id='block_1_17' title="bbox 603 1650 2219 1725">
    <p class='ocr_par' dir='ltr' id='par_1_17' title="bbox 603 1650 2219 1725">
     <span class='ocr_line' id='line_1_17' title="bbox 603 1650 2219 1725; baseline -0.001 -17"><span class='ocrx_word' id='word_1_99' title='bbox 603 1662 763 1722; x_wconf 85' lang='lat' dir='ltr'><strong>tura;</strong></span> <span class='ocrx_word' id='word_1_100' title='bbox 795 1668 1086 1723; x_wconf 87' lang='lat' dir='ltr'><strong>congruam</strong></span> <span class='ocrx_word' id='word_1_101' title='bbox 1124 1662 1181 1708; x_wconf 92' lang='lat' dir='ltr'><strong>et</strong></span> <span class='ocrx_word' id='word_1_102' title='bbox 1207 1652 1585 1710; x_wconf 89' lang='lat' dir='ltr'><strong>incessabilcm</strong></span> <span class='ocrx_word' id='word_1_103' title='bbox 1633 1651 1960 1725; x_wconf 84' lang='lat' dir='ltr'><strong>spirantibus</strong></span> <span class='ocrx_word' id='word_1_104' title='bbox 2007 1650 2219 1707; x_wconf 49' lang='lat' dir='ltr'><strong>alimo-t</strong></span> 
     </span>
    </p>
   </div>
   <div class='ocr_carea' id='block_1_18' title="bbox 2300 506 3893 591">
    <p class='ocr_par' dir='ltr' id='par_1_18' title="bbox 2300 506 3893 591">
     <span class='ocr_line' id='line_1_18' title="bbox 2300 506 3893 591; baseline 0.004 -16"><span class='ocrx_word' id='word_1_105' title='bbox 2300 533 2426 575; x_wconf 90' lang='lat' dir='ltr'><strong>cum</strong></span> <span class='ocrx_word' id='word_1_106' title='bbox 2455 517 2625 574; x_wconf 90' lang='lat' dir='ltr'><strong>maria</strong></span> <span class='ocrx_word' id='word_1_107' title='bbox 2655 532 2774 575; x_wconf 90' lang='lat' dir='ltr'><strong>esse</strong></span> <span class='ocrx_word' id='word_1_108' title='bbox 2813 516 3025 574; x_wconf 90' lang='lat' dir='ltr'><strong>diversa</strong></span> <span class='ocrx_word' id='word_1_109' title='bbox 3054 519 3307 585; x_wconf 86' lang='lat' dir='ltr'><strong>sciamus,</strong></span> <span class='ocrx_word' id='word_1_110' title='bbox 3339 535 3461 591; x_wconf 67' lang='lat' dir='ltr'><strong>quae</strong></span> <span class='ocrx_word' id='word_1_111' title='bbox 3484 506 3644 578; x_wconf 51' lang='lat' dir='ltr'><strong>‘certe</strong></span> <span class='ocrx_word' id='word_1_112' title='bbox 3671 522 3893 581; x_wconf 84' lang='lat' dir='ltr'><strong>multum</strong></span> 
     </span>
    </p>
   </div>
   <div class='ocr_carea' id='block_1_19' title="bbox 2298 608 3894 687">
    <p class='ocr_par' dir='ltr' id='par_1_19' title="bbox 2298 608 3894 687">
     <span class='ocr_line' id='line_1_19' title="bbox 2298 608 3894 687; baseline 0.006 -23"><span class='ocrx_word' id='word_1_113' title='bbox 2298 624 2329 664; x_wconf 88' lang='lat' dir='ltr'><strong>a</strong></span> <span class='ocrx_word' id='word_1_114' title='bbox 2352 625 2411 666; x_wconf 90' lang='lat' dir='ltr'><strong>se</strong></span> <span class='ocrx_word' id='word_1_115' title='bbox 2441 608 2647 667; x_wconf 85' lang='lat' dir='ltr'><strong>distare</strong></span> <span class='ocrx_word' id='word_1_116' title='bbox 2669 608 3009 667; x_wconf 78' lang='lat' dir='ltr'><strong>noscuntur?</strong></span> <span class='ocrx_word' id='word_1_117' title='bbox 3033 611 3114 667; x_wconf 79' lang='lat' dir='ltr'><strong>Ad</strong></span> <span class='ocrx_word' id='word_1_118' title='bbox 3143 612 3276 669; x_wconf 91' lang='lat' dir='ltr'><strong>illud</strong></span> <span class='ocrx_word' id='word_1_119' title='bbox 3310 613 3473 683; x_wconf 86' lang='lat' dir='ltr'><strong>igitur</strong></span> <span class='ocrx_word' id='word_1_120' title='bbox 3494 615 3645 686; x_wconf 84' lang='lat' dir='ltr'><strong>quod</strong></span> <span class='ocrx_word' id='word_1_121' title='bbox 3664 615 3894 687; x_wconf 88' lang='lat' dir='ltr'><strong>primum</strong></span> 
     </span>
    </p>
   </div>
   <div class='ocr_carea' id='block_1_20' title="bbox 2298 702 3895 782">
    <p class='ocr_par' dir='ltr' id='par_1_20' title="bbox 2298 702 3895 782">
     <span class='ocr_line' id='line_1_20' title="bbox 2298 702 3895 782; baseline 0.007 -25"><span class='ocrx_word' id='word_1_122' title='bbox 2298 702 2581 772; x_wconf 75' lang='lat' dir='ltr'><strong>qutesitum</strong></span> <span class='ocrx_word' id='word_1_123' title='bbox 2607 710 2708 771; x_wconf 90' lang='lat' dir='ltr'><strong>est,</strong></span> <span class='ocrx_word' id='word_1_124' title='bbox 2742 704 2848 761; x_wconf 87' lang='lat' dir='ltr'><strong>hoc</strong></span> <span class='ocrx_word' id='word_1_125' title='bbox 2869 713 2896 745; x_wconf 72' lang='grc' dir='ltr'>α</span> <span class='ocrx_word' id='word_1_126' title='bbox 2924 705 3403 778; x_wconf 69' lang='lat' dir='ltr'><strong>respondebimus:</strong></span> <span class='ocrx_word' id='word_1_127' title='bbox 3430 709 3558 780; x_wconf 85' lang='lat' dir='ltr'><strong>quia</strong></span> <span class='ocrx_word' id='word_1_128' title='bbox 3588 718 3643 765; x_wconf 88' lang='lat' dir='ltr'><strong>tu</strong></span> <span class='ocrx_word' id='word_1_129' title='bbox 3681 710 3895 782; x_wconf 87' lang='lat' dir='ltr'><strong>quidem</strong></span> 
     </span>
    </p>
   </div>
   <div class='ocr_carea' id='block_1_21' title="bbox 2296 797 3897 871">
    <p class='ocr_par' dir='ltr' id='par_1_21' title="bbox 2296 797 3897 871">
     <span class='ocr_line' id='line_1_21' title="bbox 2296 797 3897 871; baseline 0.006 -19"><span class='ocrx_word' id='word_1_130' title='bbox 2296 803 2421 870; x_wconf 89' lang='lat' dir='ltr'><strong>post</strong></span> <span class='ocrx_word' id='word_1_131' title='bbox 2448 797 2747 855; x_wconf 87' lang='lat' dir='ltr'><strong>editionem</strong></span> <span class='ocrx_word' id='word_1_132' title='bbox 2775 800 3037 871; x_wconf 70' lang='lat' dir='ltr'><strong>przecepti</strong></span> <span class='ocrx_word' id='word_1_133' title='bbox 3078 799 3248 856; x_wconf 90' lang='lat' dir='ltr'><strong>divini</strong></span> <span class='ocrx_word' id='word_1_134' title='bbox 3289 802 3535 859; x_wconf 90' lang='lat' dir='ltr'><strong>humoris</strong></span> <span class='ocrx_word' id='word_1_135' title='bbox 3574 814 3790 861; x_wconf 87' lang='lat' dir='ltr'><strong>motum</strong></span> <span class='ocrx_word' id='word_1_136' title='bbox 3815 820 3897 862; x_wconf 84' lang='lat' dir='ltr'><strong>co-</strong></span> 
     </span>
    </p>
   </div>
   <div class='ocr_carea' id='block_1_22' title="bbox 2297 890 3898 968">
    <p class='ocr_par' dir='ltr' id='par_1_22' title="bbox 2297 890 3898 968">
     <span class='ocr_line' id='line_1_22' title="bbox 2297 890 3898 968; baseline 0.006 -22"><span class='ocrx_word' id='word_1_137' title='bbox 2297 890 2553 960; x_wconf 89' lang='lat' dir='ltr'><strong>gnovisti,</strong></span> <span class='ocrx_word' id='word_1_138' title='bbox 2581 898 2638 948; x_wconf 91' lang='lat' dir='ltr'><strong>et</strong></span> <span class='ocrx_word' id='word_1_139' title='bbox 2666 890 2793 962; x_wconf 89' lang='lat' dir='ltr'><strong>quia</strong></span> <span class='ocrx_word' id='word_1_140' title='bbox 2813 890 3159 949; x_wconf 90' lang='lat' dir='ltr'><strong>circumﬂuus</strong></span> <span class='ocrx_word' id='word_1_141' title='bbox 3180 893 3411 950; x_wconf 87' lang='lat' dir='ltr'><strong>habetur</strong></span> <span class='ocrx_word' id='word_1_142' title='bbox 3435 910 3769 968; x_wconf 86' lang='lat' dir='ltr'><strong>semperque</strong></span> <span class='ocrx_word' id='word_1_143' title='bbox 3812 897 3898 955; x_wconf 83' lang='lat' dir='ltr'><strong>de-</strong></span> 
     </span>
    </p>
   </div>
   <div class='ocr_carea' id='block_1_23' title="bbox 2296 984 3899 1062">
    <p class='ocr_par' dir='ltr' id='par_1_23' title="bbox 2296 984 3899 1062">
     <span class='ocr_line' id='line_1_23' title="bbox 2296 984 3899 1062; baseline 0.005 -21"><span class='ocrx_word' id='word_1_144' title='bbox 2296 998 2542 1041; x_wconf 88' lang='lat' dir='ltr'><strong>currens.</strong></span> <span class='ocrx_word' id='word_1_145' title='bbox 2566 984 2704 1041; x_wconf 88' lang='lat' dir='ltr'><strong>Nam</strong></span> <span class='ocrx_word' id='word_1_146' title='bbox 2731 986 3046 1059; x_wconf 86' lang='lat' dir='ltr'><strong>priusquam</strong></span> <span class='ocrx_word' id='word_1_147' title='bbox 3081 995 3326 1044; x_wconf 90' lang='lat' dir='ltr'><strong>meatum</strong></span> <span class='ocrx_word' id='word_1_148' title='bbox 3352 998 3574 1062; x_wconf 88' lang='lat' dir='ltr'><strong>caperet</strong></span> <span class='ocrx_word' id='word_1_149' title='bbox 3617 1006 3689 1047; x_wconf 83' lang='lat' dir='ltr'><strong>ex</strong></span> <span class='ocrx_word' id='word_1_150' title='bbox 3716 1000 3899 1049; x_wconf 85' lang='lat' dir='ltr'><strong>aucto-</strong></span> 
     </span>
    </p>
   </div>
   <div class='ocr_carea' id='block_1_24' title="bbox 2295 1073 3899 1153">
    <p class='ocr_par' dir='ltr' id='par_1_24' title="bbox 2295 1073 3899 1153">
     <span class='ocr_line' id='line_1_24' title="bbox 2295 1073 3899 1153; baseline 0.005 -22"><span class='ocrx_word' id='word_1_151' title='bbox 2295 1073 2458 1132; x_wconf 87' lang='lat' dir='ltr'><strong>ritate</strong></span> <span class='ocrx_word' id='word_1_152' title='bbox 2477 1075 2708 1143; x_wconf 72' lang='lat' dir='ltr'><strong>ctelesti,</strong></span> <span class='ocrx_word' id='word_1_153' title='bbox 2741 1092 2842 1133; x_wconf 93' lang='lat' dir='ltr'><strong>nec</strong></span> <span class='ocrx_word' id='word_1_154' title='bbox 2871 1083 2931 1133; x_wconf 89' lang='lat' dir='ltr'><strong>tu</strong></span> <span class='ocrx_word' id='word_1_155' title='bbox 2958 1092 3084 1134; x_wconf 91' lang='lat' dir='ltr'><strong>eum</strong></span> <span class='ocrx_word' id='word_1_156' title='bbox 3107 1078 3310 1147; x_wconf 82' lang='lat' dir='ltr'><strong>vidisti,</strong></span> <span class='ocrx_word' id='word_1_157' title='bbox 3354 1095 3455 1137; x_wconf 92' lang='lat' dir='ltr'><strong>nec</strong></span> <span class='ocrx_word' id='word_1_158' title='bbox 3476 1082 3546 1137; x_wconf 88' lang='lat' dir='ltr'><strong>ab</strong></span> <span class='ocrx_word' id='word_1_159' title='bbox 3573 1081 3683 1139; x_wconf 89' lang='lat' dir='ltr'><strong>alio</strong></span> <span class='ocrx_word' id='word_1_160' title='bbox 3704 1096 3807 1153; x_wconf 76' lang='lat' dir='ltr'><strong>qui</strong></span> <span class='ocrx_word' id='word_1_161' title='bbox 3836 1086 3899 1140; x_wconf 62' lang='lat' dir='ltr'><strong>ei-</strong></span> 
     </span>
    </p>
   </div>
   <div class='ocr_carea' id='block_1_25' title="bbox 2295 1168 3897 1246">
    <p class='ocr_par' dir='ltr' id='par_1_25' title="bbox 2295 1168 3897 1246">
     <span class='ocr_line' id='line_1_25' title="bbox 2295 1168 3897 1246; baseline 0.006 -21"><span class='ocrx_word' id='word_1_162' title='bbox 2295 1168 2452 1225; x_wconf 89' lang='lat' dir='ltr'><strong>derat</strong></span> <span class='ocrx_word' id='word_1_163' title='bbox 2471 1168 2703 1227; x_wconf 83' lang='lat' dir='ltr'><strong>didicisti</strong></span> <span class='ocrx_word' id='word_1_164' title='bbox 2729 1188 2741 1224; x_wconf 87' lang='lat'><strong>:</strong></span> <span class='ocrx_word' id='word_1_165' title='bbox 2767 1170 2912 1227; x_wconf 92' lang='lat' dir='ltr'><strong>unde</strong></span> <span class='ocrx_word' id='word_1_166' title='bbox 2940 1170 3162 1228; x_wconf 86' lang='lat' dir='ltr'><strong>debebis</strong></span> <span class='ocrx_word' id='word_1_167' title='bbox 3182 1170 3464 1230; x_wconf 85' lang='lat' dir='ltr'><strong>advertere</strong></span> <span class='ocrx_word' id='word_1_168' title='bbox 3484 1176 3612 1246; x_wconf 86' lang='lat' dir='ltr'><strong>quia</strong></span> <span class='ocrx_word' id='word_1_169' title='bbox 3642 1192 3759 1231; x_wconf 78' lang='lat' dir='ltr'><strong>vox</strong></span> <span class='ocrx_word' id='word_1_170' title='bbox 3790 1176 3897 1246; x_wconf 78' lang='lat' dir='ltr'><strong>Dei,</strong></span> 
     </span>
    </p>
   </div>
   <div class='ocr_carea' id='block_1_26' title="bbox 2297 1263 3899 1337">
    <p class='ocr_par' dir='ltr' id='par_1_26' title="bbox 2297 1263 3899 1337">
     <span class='ocr_line' id='line_1_26' title="bbox 2297 1263 3899 1337; baseline 0.005 -19"><span class='ocrx_word' id='word_1_171' title='bbox 2297 1270 2504 1319; x_wconf 67' lang='lat' dir='ltr'><strong>natura:</strong></span> <span class='ocrx_word' id='word_1_172' title='bbox 2524 1263 2811 1321; x_wconf 80' lang='lat' dir='ltr'><strong>formatrix</strong></span> <span class='ocrx_word' id='word_1_173' title='bbox 2838 1272 2941 1331; x_wconf 89' lang='lat' dir='ltr'><strong>est,</strong></span> <span class='ocrx_word' id='word_1_174' title='bbox 2968 1272 3026 1322; x_wconf 91' lang='lat' dir='ltr'><strong>et</strong></span> <span class='ocrx_word' id='word_1_175' title='bbox 3048 1265 3341 1337; x_wconf 71' lang='lat' dir='ltr'><strong>prteceptio</strong></span> <span class='ocrx_word' id='word_1_176' title='bbox 3368 1280 3489 1337; x_wconf 67' lang='lat' dir='ltr'><strong>quae</strong></span> <span class='ocrx_word' id='word_1_177' title='bbox 3514 1276 3645 1324; x_wconf 90' lang='lat' dir='ltr'><strong>tunc</strong></span> <span class='ocrx_word' id='word_1_178' title='bbox 3665 1268 3801 1324; x_wconf 84' lang='lat' dir='ltr'><strong>data</strong></span> <span class='ocrx_word' id='word_1_179' title='bbox 3826 1280 3899 1326; x_wconf 89' lang='lat' dir='ltr'><strong>est</strong></span> 
     </span>
    </p>
   </div>
   <div class='ocr_carea' id='block_1_27' title="bbox 2298 1358 3898 1433">
    <p class='ocr_par' dir='ltr' id='par_1_27' title="bbox 2298 1358 3898 1433">
     <span class='ocr_line' id='line_1_27' title="bbox 2298 1358 3898 1433; baseline 0.003 -18"><span class='ocrx_word' id='word_1_180' title='bbox 2298 1365 2581 1426; x_wconf 64' lang='lat' dir='ltr'><strong>creaturae,</strong></span> <span class='ocrx_word' id='word_1_181' title='bbox 2610 1358 3023 1430; x_wconf 88' lang='lat' dir='ltr'><strong>dispositionem</strong></span> <span class='ocrx_word' id='word_1_182' title='bbox 3051 1360 3261 1416; x_wconf 88' lang='lat' dir='ltr'><strong>cunctis</strong></span> <span class='ocrx_word' id='word_1_183' title='bbox 3280 1374 3405 1430; x_wconf 77' lang='lat' dir='ltr'><strong>quae</strong></span> <span class='ocrx_word' id='word_1_184' title='bbox 3434 1359 3613 1416; x_wconf 86' lang='lat' dir='ltr'><strong>forent</strong></span> <span class='ocrx_word' id='word_1_185' title='bbox 3639 1361 3898 1433; x_wconf 80' lang='lat' dir='ltr'><strong>gignenda</strong></span> 
     </span>
    </p>
   </div>
   <div class='ocr_carea' id='block_1_28' title="bbox 2298 1451 3898 1525">
    <p class='ocr_par' dir='ltr' id='par_1_28' title="bbox 2298 1451 3898 1525">
     <span class='ocr_line' id='line_1_28' title="bbox 2298 1451 3898 1525; baseline 0.004 -17"><span class='ocrx_word' id='word_1_186' title='bbox 2298 1452 2597 1525; x_wconf 74' lang='lat' dir='ltr'><strong>prmbebat.</strong></span> <span class='ocrx_word' id='word_1_187' title='bbox 2654 1451 2788 1507; x_wconf 88' lang='lat' dir='ltr'><strong>Nam</strong></span> <span class='ocrx_word' id='word_1_188' title='bbox 2818 1459 2875 1507; x_wconf 92' lang='lat' dir='ltr'><strong>et</strong></span> <span class='ocrx_word' id='word_1_189' title='bbox 2901 1451 3018 1507; x_wconf 91' lang='lat' dir='ltr'><strong>dies</strong></span> <span class='ocrx_word' id='word_1_190' title='bbox 3046 1459 3103 1507; x_wconf 93' lang='lat' dir='ltr'><strong>et</strong></span> <span class='ocrx_word' id='word_1_191' title='bbox 3129 1467 3238 1508; x_wconf 89' lang='lat' dir='ltr'><strong>nox</strong></span> <span class='ocrx_word' id='word_1_192' title='bbox 3268 1451 3437 1508; x_wconf 90' lang='lat' dir='ltr'><strong>semel</strong></span> <span class='ocrx_word' id='word_1_193' title='bbox 3482 1452 3638 1509; x_wconf 67' lang='lat' dir='ltr'><strong>{acte</strong></span> <span class='ocrx_word' id='word_1_194' title='bbox 3664 1461 3816 1523; x_wconf 85' lang='lat' dir='ltr'><strong>sunt,</strong></span> <span class='ocrx_word' id='word_1_195' title='bbox 3852 1465 3898 1514; x_wconf 83' lang='lat' dir='ltr'><strong>et</strong></span> 
     </span>
    </p>
   </div>
   <div class='ocr_carea' id='block_1_29' title="bbox 2298 1545 3897 1618">
    <p class='ocr_par' dir='ltr' id='par_1_29' title="bbox 2298 1545 3897 1618">
     <span class='ocr_line' id='line_1_29' title="bbox 2298 1545 3897 1618; baseline 0.003 -16"><span class='ocrx_word' id='word_1_196' title='bbox 2298 1562 2368 1602; x_wconf 91' lang='lat' dir='ltr'><strong>ex</strong></span> <span class='ocrx_word' id='word_1_197' title='bbox 2393 1545 2487 1602; x_wconf 93' lang='lat' dir='ltr'><strong>illo</strong></span> <span class='ocrx_word' id='word_1_198' title='bbox 2512 1561 2683 1618; x_wconf 90' lang='lat' dir='ltr'><strong>usque</strong></span> <span class='ocrx_word' id='word_1_199' title='bbox 2711 1561 2875 1615; x_wconf 92' lang='lat' dir='ltr'><strong>nunc,</strong></span> <span class='ocrx_word' id='word_1_200' title='bbox 2897 1545 3115 1602; x_wconf 89' lang='lat' dir='ltr'><strong>sibimet</strong></span> <span class='ocrx_word' id='word_1_201' title='bbox 3139 1545 3354 1603; x_wconf 88' lang='lat' dir='ltr'><strong>vicibus</strong></span> <span class='ocrx_word' id='word_1_202' title='bbox 3382 1547 3753 1616; x_wconf 84' lang='lat' dir='ltr'><strong>succedendo,</strong></span> <span class='ocrx_word' id='word_1_203' title='bbox 3792 1567 3897 1606; x_wconf 81' lang='lat' dir='ltr'><strong>eur-</strong></span> 
     </span>
    </p>
   </div>
   <div class='ocr_carea' id='block_1_30' title="bbox 2299 1637 3894 1712">
    <p class='ocr_par' dir='ltr' id='par_1_30' title="bbox 2299 1637 3894 1712">
     <span class='ocr_line' id='line_1_30' title="bbox 2299 1637 3894 1712; baseline 0.001 -16"><span class='ocrx_word' id='word_1_204' title='bbox 2299 1640 2594 1696; x_wconf 90' lang='lat' dir='ltr'><strong>riculorum</strong></span> <span class='ocrx_word' id='word_1_205' title='bbox 2622 1654 2845 1696; x_wconf 88' lang='lat' dir='ltr'><strong>suorum</strong></span> <span class='ocrx_word' id='word_1_206' title='bbox 2881 1645 3130 1712; x_wconf 88' lang='lat' dir='ltr'><strong>tempora</strong></span> <span class='ocrx_word' id='word_1_207' title='bbox 3155 1637 3320 1696; x_wconf 84' lang='lat' dir='ltr'><strong>certis</strong></span> <span class='ocrx_word' id='word_1_208' title='bbox 3363 1639 3710 1711; x_wconf 90' lang='lat' dir='ltr'><strong>portionibus</strong></span> <span class='ocrx_word' id='word_1_209' title='bbox 3736 1640 3894 1697; x_wconf 76' lang='lat' dir='ltr'><strong>divisa</strong></span> 
     </span>
    </p>
   </div>
   <div class='ocr_carea' id='block_1_31' title="bbox 603 1732 2632 1817">
    <p class='ocr_par' dir='ltr' id='par_1_31' title="bbox 603 1732 2632 1817">
     <span class='ocr_line' id='line_1_31' title="bbox 603 1732 2632 1817; baseline -0.008 -13"><span class='ocrx_word' id='word_1_210' title='bbox 603 1748 745 1805; x_wconf 82' lang='lat' dir='ltr'><strong>niam</strong></span> <span class='ocrx_word' id='word_1_211' title='bbox 802 1748 1218 1810; x_wconf 86' lang='lat' dir='ltr'><strong>ministrantem,</strong></span> <span class='ocrx_word' id='word_1_212' title='bbox 1261 1745 1707 1817; x_wconf 89' lang='lat' dir='ltr'><strong>scindentemquc</strong></span> <span class='ocrx_word' id='word_1_213' title='bbox 1752 1759 1814 1801; x_wconf 90' lang='lat' dir='ltr'><strong>sc</strong></span> <span class='ocrx_word' id='word_1_214' title='bbox 1858 1742 2200 1800; x_wconf 88' lang='lat' dir='ltr'><strong>moventibus</strong></span> <span class='ocrx_word' id='word_1_215' title='bbox 2231 1814 2259 1817; x_wconf 17' lang='grc' dir='ltr'>ξ</span> <span class='ocrx_word' id='word_1_216' title='bbox 2302 1732 2632 1791; x_wconf 89' lang='lat' dir='ltr'><strong>custodiunt.</strong></span> 
     </span>
    </p>
   </div>
   <div class='ocr_carea' id='block_1_32' title="bbox 573 1814 2196 1909">
    <p class='ocr_par' dir='ltr' id='par_1_32' title="bbox 573 1814 2194 1909">
     <span class='ocr_line' id='line_1_32' title="bbox 573 1814 2194 1909; baseline -0.004 -11"><span class='ocrx_word' id='word_1_217' title='bbox 573 1872 582 1885; x_wconf 83' lang='lat'><strong>-</strong></span> <span class='ocrx_word' id='word_1_218' title='bbox 601 1839 870 1906; x_wconf 85' lang='lat' dir='ltr'><strong>omnibus,</strong></span> <span class='ocrx_word' id='word_1_219' title='bbox 887 1839 1189 1909; x_wconf 88' lang='lat' dir='ltr'><strong>leniterque</strong></span> <span class='ocrx_word' id='word_1_220' title='bbox 1200 1836 1483 1899; x_wconf 81' lang='lat' dir='ltr'><strong>cedentem</strong></span> <span class='ocrx_word' id='word_1_221' title='bbox 1499 1814 1853 1896; x_wconf 79' lang='lat' dir='ltr'><strong>mollitudinis</strong></span> <span class='ocrx_word' id='word_1_222' title='bbox 1868 1838 2194 1903; x_wconf 87' lang='lat' dir='ltr'><strong>intercessu;</strong></span> 
     </span>
    </p>
   </div>
   <div class='ocr_carea' id='block_1_33' title="bbox 2302 1814 3869 1909">
    <p class='ocr_par' dir='ltr' id='par_1_33' title="bbox 2375 1824 3869 1902">
     <span class='ocr_line' id='line_1_33' title="bbox 2375 1824 3869 1902; baseline -0.001 -18"><span class='ocrx_word' id='word_1_223' title='bbox 2375 1828 2427 1884; x_wconf 80' lang='lat'><strong>&#39;5.</strong></span> <span class='ocrx_word' id='word_1_224' title='bbox 2470 1828 2859 1902; x_wconf 85' lang='lat' dir='ltr'><strong>Congregentur</strong></span> <span class='ocrx_word' id='word_1_225' title='bbox 2880 1845 3047 1901; x_wconf 73' lang='lat' dir='ltr'><strong>aqum.</strong></span> <span class='ocrx_word' id='word_1_226' title='bbox 3078 1824 3107 1866; x_wconf 69' lang='grc' dir='ltr'>ά</span> <span class='ocrx_word' id='word_1_227' title='bbox 3135 1825 3355 1884; x_wconf 73' lang='lat' dir='ltr'><strong>Iussum</strong></span> <span class='ocrx_word' id='word_1_228' title='bbox 3392 1836 3477 1883; x_wconf 89' lang='lat' dir='ltr'><strong>est</strong></span> <span class='ocrx_word' id='word_1_229' title='bbox 3504 1843 3767 1899; x_wconf 86' lang='lat' dir='ltr'><strong>aquarum</strong></span> <span class='ocrx_word' id='word_1_230' title='bbox 3809 1846 3869 1885; x_wconf 92' lang='lat' dir='ltr'><strong>na</strong></span> 
     </span>
    </p>
   </div>
   <div class='ocr_carea' id='block_1_34' title="bbox 600 1930 2197 2009">
    <p class='ocr_par' dir='ltr' id='par_1_34' title="bbox 600 1930 2197 2009">
     <span class='ocr_line' id='line_1_34' title="bbox 600 1930 2197 2009; baseline -0.003 -21"><span class='ocrx_word' id='word_1_231' title='bbox 600 1947 795 2004; x_wconf 87' lang='lat' dir='ltr'><strong>aquam</strong></span> <span class='ocrx_word' id='word_1_232' title='bbox 824 1948 956 1989; x_wconf 89' lang='lat' dir='ltr'><strong>vero</strong></span> <span class='ocrx_word' id='word_1_233' title='bbox 984 1932 1230 1989; x_wconf 87' lang='lat' dir='ltr'><strong>altricem</strong></span> <span class='ocrx_word' id='word_1_234' title='bbox 1277 1948 1589 2004; x_wconf 86' lang='lat' dir='ltr'><strong>corporum,</strong></span> <span class='ocrx_word' id='word_1_235' title='bbox 1632 1940 1688 1987; x_wconf 89' lang='lat' dir='ltr'><strong>et</strong></span> <span class='ocrx_word' id='word_1_236' title='bbox 1732 1931 1971 1987; x_wconf 90' lang='lat' dir='ltr'><strong>humano</strong></span> <span class='ocrx_word' id='word_1_237' title='bbox 2013 1930 2197 2009; x_wconf 74' lang='lat' dir='ltr'><strong>generi</strong></span> 
     </span>
    </p>
   </div>
   <div class='ocr_carea' id='block_1_35' title="bbox 559 2016 2199 2094">
    <p class='ocr_par' dir='ltr' id='par_1_35' title="bbox 559 2016 2199 2094">
     <span class='ocr_line' id='line_1_35' title="bbox 559 2016 2199 2094; baseline -0.004 -11"><span class='ocrx_word' id='word_1_238' title='bbox 559 2016 575 2037; x_wconf 77' lang='grc'><em>”</em></span> <span class='ocrx_word' id='word_1_239' title='bbox 602 2026 762 2082; x_wconf 88' lang='lat' dir='ltr'><strong>nimis</strong></span> <span class='ocrx_word' id='word_1_240' title='bbox 792 2026 979 2082; x_wconf 90' lang='lat' dir='ltr'><strong>utilcm</strong></span> <span class='ocrx_word' id='word_1_241' title='bbox 1006 2025 1378 2090; x_wconf 89' lang='lat' dir='ltr'><strong>constitutam,</strong></span> <span class='ocrx_word' id='word_1_242' title='bbox 1410 2040 1474 2081; x_wconf 93' lang='lat' dir='ltr'><strong>ac</strong></span> <span class='ocrx_word' id='word_1_243' title='bbox 1501 2024 1780 2080; x_wconf 86' lang='lat' dir='ltr'><strong>moderate</strong></span> <span class='ocrx_word' id='word_1_244' title='bbox 1829 2023 1881 2079; x_wconf 92' lang='lat' dir='ltr'><strong>in</strong></span> <span class='ocrx_word' id='word_1_245' title='bbox 1926 2022 2199 2094; x_wconf 88' lang='lat' dir='ltr'><strong>dcputatis</strong></span> 
     </span>
    </p>
   </div>
   <div class='ocr_carea' id='block_1_36' title="bbox 600 2113 2197 2189">
    <p class='ocr_par' dir='ltr' id='par_1_36' title="bbox 600 2113 2197 2189">
     <span class='ocr_line' id='line_1_36' title="bbox 600 2113 2197 2189; baseline -0.004 -15"><span class='ocrx_word' id='word_1_246' title='bbox 600 2119 700 2175; x_wconf 86' lang='lat' dir='ltr'><strong>sibi</strong></span> <span class='ocrx_word' id='word_1_247' title='bbox 730 2117 1130 2189; x_wconf 85' lang='lat' dir='ltr'><strong>conccptaculis</strong></span> <span class='ocrx_word' id='word_1_248' title='bbox 1153 2124 1580 2189; x_wconf 88' lang='lat' dir='ltr'><strong>permanentem.</strong></span> <span class='ocrx_word' id='word_1_249' title='bbox 1614 2114 1759 2183; x_wconf 85' lang='lat' dir='ltr'><strong>Quas</strong></span> <span class='ocrx_word' id='word_1_250' title='bbox 1787 2129 1892 2181; x_wconf 88' lang='lat' dir='ltr'><strong>res,</strong></span> <span class='ocrx_word' id='word_1_251' title='bbox 1920 2114 1993 2169; x_wconf 88' lang='lat' dir='ltr'><strong>ita</strong></span> <span class='ocrx_word' id='word_1_252' title='bbox 2018 2129 2078 2170; x_wconf 90' lang='lat' dir='ltr'><strong>se</strong></span> <span class='ocrx_word' id='word_1_253' title='bbox 2097 2113 2197 2169; x_wconf 83' lang='lat' dir='ltr'><strong>ha-</strong></span> 
     </span>
    </p>
   </div>
   <div class='ocr_carea' id='block_1_37' title="bbox 601 2205 2051 2280">
    <p class='ocr_par' dir='ltr' id='par_1_37' title="bbox 601 2205 2051 2280">
     <span class='ocr_line' id='line_1_37' title="bbox 601 2205 2051 2280; baseline -0.005 -12"><span class='ocrx_word' id='word_1_254' title='bbox 601 2210 753 2279; x_wconf 86' lang='lat' dir='ltr'><strong>bere,</strong></span> <span class='ocrx_word' id='word_1_255' title='bbox 779 2209 954 2265; x_wconf 88' lang='lat' dir='ltr'><strong>dehis</strong></span> <span class='ocrx_word' id='word_1_256' title='bbox 974 2224 1095 2279; x_wconf 74' lang='lat' dir='ltr'><strong>qua:</strong></span> <span class='ocrx_word' id='word_1_257' title='bbox 1121 2219 1371 2264; x_wconf 88' lang='lat' dir='ltr'><strong>recenter</strong></span> <span class='ocrx_word' id='word_1_258' title='bbox 1398 2208 1538 2264; x_wconf 86' lang='lat' dir='ltr'><strong>lecta</strong></span> <span class='ocrx_word' id='word_1_259' title='bbox 1560 2216 1686 2263; x_wconf 87' lang='lat' dir='ltr'><strong>sunt</strong></span> <span class='ocrx_word' id='word_1_260' title='bbox 1708 2205 2051 2280; x_wconf 89' lang='lat' dir='ltr'><strong>approbabis.</strong></span> 
     </span>
    </p>
   </div>
   <div class='ocr_carea' id='block_1_38' title="bbox 672 2297 2198 2372">
    <p class='ocr_par' dir='ltr' id='par_1_38' title="bbox 672 2297 2198 2372">
     <span class='ocr_line' id='line_1_38' title="bbox 672 2297 2198 2372; baseline -0.001 -17"><span class='ocrx_word' id='word_1_261' title='bbox 672 2302 725 2357; x_wconf 72' lang='lat'><strong>9..</strong></span> <span class='ocrx_word' id='word_1_262' title='bbox 768 2300 836 2356; x_wconf 84' lang='lat' dir='ltr'><strong>Et</strong></span> <span class='ocrx_word' id='word_1_263' title='bbox 857 2301 988 2356; x_wconf 71' lang='lat' dir='ltr'><strong>dixit</strong></span> <span class='ocrx_word' id='word_1_264' title='bbox 1022 2300 1158 2356; x_wconf 90' lang='lat' dir='ltr'><strong>Deus</strong></span> <span class='ocrx_word' id='word_1_265' title='bbox 1190 2317 1207 2355; x_wconf 90' lang='lat'><strong><em>:</em></strong></span> <span class='ocrx_word' id='word_1_266' title='bbox 1238 2301 1623 2372; x_wconf 86' lang='lat' dir='ltr'><strong>Congregentur</strong></span> <span class='ocrx_word' id='word_1_267' title='bbox 1643 2316 1794 2370; x_wconf 77' lang='lat' dir='ltr'><strong>aqua:</strong></span> <span class='ocrx_word' id='word_1_268' title='bbox 1811 2315 1925 2372; x_wconf 74' lang='lat' dir='ltr'><strong>qua:</strong></span> <span class='ocrx_word' id='word_1_269' title='bbox 1952 2297 2046 2354; x_wconf 82' lang='lat' dir='ltr'><strong>sub</strong></span> <span class='ocrx_word' id='word_1_270' title='bbox 2072 2297 2198 2353; x_wconf 60' lang='lat' dir='ltr'><strong>caelo</strong></span> 
     </span>
    </p>
   </div>
   <div class='ocr_carea' id='block_1_39' title="bbox 601 2389 2203 2468">
    <p class='ocr_par' dir='ltr' id='par_1_39' title="bbox 601 2389 2203 2468">
     <span class='ocr_line' id='line_1_39' title="bbox 601 2389 2203 2468; baseline -0.007 -15"><span class='ocrx_word' id='word_1_271' title='bbox 601 2406 720 2453; x_wconf 83' lang='lat' dir='ltr'><strong>sunt</strong></span> <span class='ocrx_word' id='word_1_272' title='bbox 762 2397 817 2450; x_wconf 85' lang='lat' dir='ltr'><strong>in</strong></span> <span class='ocrx_word' id='word_1_273' title='bbox 864 2394 1346 2468; x_wconf 79' lang='lat' dir='ltr'><strong>congregationibus</strong></span> <span class='ocrx_word' id='word_1_274' title='bbox 1374 2394 1503 2457; x_wconf 85' lang='lat' dir='ltr'><strong>suis,</strong></span> <span class='ocrx_word' id='word_1_275' title='bbox 1546 2402 1595 2448; x_wconf 91' lang='lat' dir='ltr'><strong>et</strong></span> <span class='ocrx_word' id='word_1_276' title='bbox 1623 2400 1873 2465; x_wconf 79' lang='lat' dir='ltr'><strong>appareat</strong></span> <span class='ocrx_word' id='word_1_277' title='bbox 1922 2392 2093 2447; x_wconf 86' lang='lat' dir='ltr'><strong>arida.</strong></span> <span class='ocrx_word' id='word_1_278' title='bbox 2130 2389 2203 2446; x_wconf 84' lang='lat' dir='ltr'><strong>Et</strong></span> 
     </span>
    </p>
   </div>
   <div class='ocr_carea' id='block_1_40' title="bbox 603 2487 2200 2559">
    <p class='ocr_par' dir='ltr' id='par_1_40' title="bbox 603 2487 2200 2559">
     <span class='ocr_line' id='line_1_40' title="bbox 603 2487 2200 2559; baseline -0.004 -14"><span class='ocrx_word' id='word_1_279' title='bbox 603 2491 799 2546; x_wconf 78' lang='lat' dir='ltr'><strong>vocarit</strong></span> <span class='ocrx_word' id='word_1_280' title='bbox 826 2489 966 2543; x_wconf 84' lang='lat' dir='ltr'><strong>Deus</strong></span> <span class='ocrx_word' id='word_1_281' title='bbox 996 2488 1198 2543; x_wconf 78' lang='lat' dir='ltr'><strong>aridam</strong></span> <span class='ocrx_word' id='word_1_282' title='bbox 1238 2498 1451 2553; x_wconf 84' lang='lat' dir='ltr'><strong>terram,</strong></span> <span class='ocrx_word' id='word_1_283' title='bbox 1482 2496 1530 2541; x_wconf 88' lang='lat' dir='ltr'><strong>et</strong></span> <span class='ocrx_word' id='word_1_284' title='bbox 1579 2487 2005 2559; x_wconf 85' lang='lat' dir='ltr'><strong>congregationes</strong></span> <span class='ocrx_word' id='word_1_285' title='bbox 2032 2503 2200 2557; x_wconf 85' lang='lat' dir='ltr'><strong>aqua—</strong></span> 
     </span>
    </p>
   </div>
   <div class='ocr_carea' id='block_1_41' title="bbox 605 2579 2203 2648">
    <p class='ocr_par' dir='ltr' id='par_1_41' title="bbox 605 2579 2203 2648">
     <span class='ocr_line' id='line_1_41' title="bbox 605 2579 2203 2648; baseline -0.002 -9"><span class='ocrx_word' id='word_1_286' title='bbox 605 2601 717 2639; x_wconf 81' lang='lat' dir='ltr'><strong>rum</strong></span> <span class='ocrx_word' id='word_1_287' title='bbox 746 2585 941 2639; x_wconf 78' lang='lat' dir='ltr'><strong>vocavit</strong></span> <span class='ocrx_word' id='word_1_288' title='bbox 969 2583 1158 2636; x_wconf 87' lang='lat' dir='ltr'><strong>maria.</strong></span> <span class='ocrx_word' id='word_1_289' title='bbox 1203 2580 1444 2648; x_wconf 82' lang='lat' dir='ltr'><strong>Quantas</strong></span> <span class='ocrx_word' id='word_1_290' title='bbox 1491 2581 1624 2636; x_wconf 89' lang='lat' dir='ltr'><strong>mihi</strong></span> <span class='ocrx_word' id='word_1_291' title='bbox 1669 2580 1964 2636; x_wconf 85' lang='lat' dir='ltr'><strong>calumnias</strong></span> <span class='ocrx_word' id='word_1_292' title='bbox 2016 2581 2071 2636; x_wconf 91' lang='lat' dir='ltr'><strong>in</strong></span> <span class='ocrx_word' id='word_1_293' title='bbox 2118 2579 2203 2636; x_wconf 85' lang='lat' dir='ltr'><strong>his</strong></span> 
     </span>
    </p>
   </div>
   <div class='ocr_carea' id='block_1_42' title="bbox 605 2670 2200 2746">
    <p class='ocr_par' dir='ltr' id='par_1_42' title="bbox 605 2670 2200 2746">
     <span class='ocr_line' id='line_1_42' title="bbox 605 2670 2200 2746; baseline -0.001 -18"><span class='ocrx_word' id='word_1_294' title='bbox 605 2690 726 2746; x_wconf 77' lang='lat' dir='ltr'><strong>quae</strong></span> <span class='ocrx_word' id='word_1_295' title='bbox 777 2681 1078 2743; x_wconf 82' lang='lat' dir='ltr'><strong>sequuntur</strong></span> <span class='ocrx_word' id='word_1_296' title='bbox 1134 2670 1429 2740; x_wconf 89' lang='lat' dir='ltr'><strong>objeceris,</strong></span> <span class='ocrx_word' id='word_1_297' title='bbox 1474 2671 1697 2741; x_wconf 82' lang='lat' dir='ltr'><strong>exigens</strong></span> <span class='ocrx_word' id='word_1_298' title='bbox 1747 2670 2200 2741; x_wconf 87' lang='lat' dir='ltr'><strong>quemadmodum</strong></span> 
     </span>
    </p>
   </div>
   <div class='ocr_carea' id='block_1_43' title="bbox 607 2763 2200 2837">
    <p class='ocr_par' dir='ltr' id='par_1_43' title="bbox 607 2763 2200 2837">
     <span class='ocr_line' id='line_1_43' title="bbox 607 2763 2200 2837; baseline 0 -16"><span class='ocrx_word' id='word_1_299' title='bbox 607 2775 750 2822; x_wconf 87' lang='lat' dir='ltr'><strong>terra</strong></span> <span class='ocrx_word' id='word_1_300' title='bbox 781 2765 952 2837; x_wconf 79' lang='lat' dir='ltr'><strong>possit</strong></span> <span class='ocrx_word' id='word_1_301' title='bbox 1001 2763 1284 2820; x_wconf 89' lang='lat' dir='ltr'><strong>invisibilis</strong></span> <span class='ocrx_word' id='word_1_302' title='bbox 1332 2763 1540 2830; x_wconf 87' lang='lat' dir='ltr'><strong>haberi,</strong></span> <span class='ocrx_word' id='word_1_303' title='bbox 1571 2763 1757 2819; x_wconf 91' lang='lat' dir='ltr'><strong>colore</strong></span> <span class='ocrx_word' id='word_1_304' title='bbox 1808 2772 2094 2834; x_wconf 66' lang='lat' dir='ltr'><strong>praesente,</strong></span> <span class='ocrx_word' id='word_1_305' title='bbox 2124 2765 2200 2821; x_wconf 91' lang='lat' dir='ltr'><strong>si-</strong></span> 
     </span>
    </p>
   </div>
   <div class='ocr_carea' id='block_1_44' title="bbox 603 2857 2198 2934">
    <p class='ocr_par' dir='ltr' id='par_1_44' title="bbox 603 2857 2198 2934">
     <span class='ocr_line' id='line_1_44' title="bbox 603 2857 2198 2934; baseline 0.001 -22"><span class='ocrx_word' id='word_1_306' title='bbox 603 2861 817 2934; x_wconf 81' lang='lat' dir='ltr'><strong>quidem</strong></span> <span class='ocrx_word' id='word_1_307' title='bbox 847 2860 1000 2917; x_wconf 91' lang='lat' dir='ltr'><strong>color</strong></span> <span class='ocrx_word' id='word_1_308' title='bbox 1047 2858 1223 2915; x_wconf 90' lang='lat' dir='ltr'><strong>omnis</strong></span> <span class='ocrx_word' id='word_1_309' title='bbox 1252 2874 1417 2915; x_wconf 89' lang='lat' dir='ltr'><strong>sensu</strong></span> <span class='ocrx_word' id='word_1_310' title='bbox 1462 2857 1937 2929; x_wconf 85' lang='lat' dir='ltr'><strong>comprehenditur</strong></span> <span class='ocrx_word' id='word_1_311' title='bbox 1958 2858 2198 2925; x_wconf 88' lang='lat' dir='ltr'><strong>visionis,</strong></span> 
     </span>
    </p>
   </div>
   <div class='ocr_carea' id='block_1_45' title="bbox 604 2949 2202 3022">
    <p class='ocr_par' dir='ltr' id='par_1_45' title="bbox 604 2949 2202 3022">
     <span class='ocr_line' id='line_1_45' title="bbox 604 2949 2202 3022; baseline 0 -14"><span class='ocrx_word' id='word_1_312' title='bbox 604 2963 657 3008; x_wconf 85' lang='lat' dir='ltr'><strong>et</strong></span> <span class='ocrx_word' id='word_1_313' title='bbox 680 2955 907 3009; x_wconf 78' lang='lat' dir='ltr'><strong>fortasse</strong></span> <span class='ocrx_word' id='word_1_314' title='bbox 934 2952 1029 3008; x_wconf 86' lang='lat' dir='ltr'><strong>tibi</strong></span> <span class='ocrx_word' id='word_1_315' title='bbox 1066 2967 1175 3008; x_wconf 88' lang='lat' dir='ltr'><strong>non</strong></span> <span class='ocrx_word' id='word_1_316' title='bbox 1204 2950 1417 3006; x_wconf 93' lang='lat' dir='ltr'><strong>videtur</strong></span> <span class='ocrx_word' id='word_1_317' title='bbox 1441 2966 1562 3007; x_wconf 88' lang='lat' dir='ltr'><strong>esse</strong></span> <span class='ocrx_word' id='word_1_318' title='bbox 1590 2949 1862 3008; x_wconf 79' lang='lat' dir='ltr'><strong>sufﬁciens</strong></span> <span class='ocrx_word' id='word_1_319' title='bbox 1889 2950 2036 3022; x_wconf 90' lang='lat' dir='ltr'><strong>quod</strong></span> <span class='ocrx_word' id='word_1_320' title='bbox 2063 2951 2202 3008; x_wconf 85' lang='lat' dir='ltr'><strong>dixi-</strong></span> 
     </span>
    </p>
   </div>
   <div class='ocr_carea' id='block_1_46' title="bbox 604 3043 2201 3115">
    <p class='ocr_par' dir='ltr' id='par_1_46' title="bbox 604 3043 2201 3115">
     <span class='ocr_line' id='line_1_46' title="bbox 604 3043 2201 3115; baseline 0 -15"><span class='ocrx_word' id='word_1_321' title='bbox 604 3062 756 3112; x_wconf 87' lang='lat' dir='ltr'><strong>mus;</strong></span> <span class='ocrx_word' id='word_1_322' title='bbox 786 3044 910 3115; x_wconf 88' lang='lat' dir='ltr'><strong>quia</strong></span> <span class='ocrx_word' id='word_1_323' title='bbox 954 3060 1059 3099; x_wconf 91' lang='lat' dir='ltr'><strong>non</strong></span> <span class='ocrx_word' id='word_1_324' title='bbox 1109 3043 1178 3098; x_wconf 90' lang='lat' dir='ltr'><strong>ad</strong></span> <span class='ocrx_word' id='word_1_325' title='bbox 1205 3052 1483 3109; x_wconf 87' lang='lat' dir='ltr'><strong>naturam,</strong></span> <span class='ocrx_word' id='word_1_326' title='bbox 1515 3043 1610 3099; x_wconf 91' lang='lat' dir='ltr'><strong>sed</strong></span> <span class='ocrx_word' id='word_1_327' title='bbox 1661 3043 1729 3100; x_wconf 88' lang='lat' dir='ltr'><strong>ad</strong></span> <span class='ocrx_word' id='word_1_328' title='bbox 1770 3061 1870 3101; x_wconf 89' lang='lat' dir='ltr'><strong>nos</strong></span> <span class='ocrx_word' id='word_1_329' title='bbox 1920 3044 2201 3101; x_wconf 86' lang='lat' dir='ltr'><strong>invisibilis</strong></span> 
     </span>
    </p>
   </div>
   <div class='ocr_carea' id='block_1_47' title="bbox 607 3137 2188 3215">
    <p class='ocr_par' dir='ltr' id='par_1_47' title="bbox 607 3137 2188 3215">
     <span class='ocr_line' id='line_1_47' title="bbox 607 3137 2188 3215; baseline 0 -20"><span class='ocrx_word' id='word_1_330' title='bbox 607 3141 767 3196; x_wconf 76' lang='lat' dir='ltr'><strong>fuisse</strong></span> <span class='ocrx_word' id='word_1_331' title='bbox 796 3150 937 3195; x_wconf 85' lang='lat' dir='ltr'><strong>terra</strong></span> <span class='ocrx_word' id='word_1_332' title='bbox 964 3139 1262 3215; x_wconf 71' lang='lat' dir='ltr'><strong>relataest,</strong></span> <span class='ocrx_word' id='word_1_333' title='bbox 1292 3147 1515 3210; x_wconf 90' lang='lat' dir='ltr'><strong>propter</strong></span> <span class='ocrx_word' id='word_1_334' title='bbox 1542 3153 1803 3210; x_wconf 87' lang='lat' dir='ltr'><strong>aquarum</strong></span> <span class='ocrx_word' id='word_1_335' title='bbox 1843 3137 2091 3196; x_wconf 87' lang='lat' dir='ltr'><strong>videlicet</strong></span> <span class='ocrx_word' id='word_1_336' title='bbox 2114 3140 2188 3195; x_wconf 84' lang='lat' dir='ltr'><strong>in-</strong></span> 
     </span>
    </p>
   </div>
   <div class='ocr_carea' id='block_1_48' title="bbox 607 3231 2193 3306">
    <p class='ocr_par' dir='ltr' id='par_1_48' title="bbox 607 3231 2193 3306">
     <span class='ocr_line' id='line_1_48' title="bbox 607 3231 2193 3306; baseline 0.001 -19"><span class='ocrx_word' id='word_1_337' title='bbox 607 3231 921 3303; x_wconf 84' lang='lat' dir='ltr'><strong>jcctioncm,</strong></span> <span class='ocrx_word' id='word_1_338' title='bbox 970 3245 1091 3301; x_wconf 70' lang='lat' dir='ltr'><strong>quae</strong></span> <span class='ocrx_word' id='word_1_339' title='bbox 1133 3232 1279 3288; x_wconf 88' lang='lat' dir='ltr'><strong>tunc</strong></span> <span class='ocrx_word' id='word_1_340' title='bbox 1302 3240 1328 3270; x_wconf 75' lang='grc' dir='ltr'>ι</span> <span class='ocrx_word' id='word_1_341' title='bbox 1370 3248 1559 3289; x_wconf 89' lang='lat' dir='ltr'><strong>omnes</strong></span> <span class='ocrx_word' id='word_1_342' title='bbox 1612 3241 1784 3288; x_wconf 87' lang='lat' dir='ltr'><strong>terras</strong></span> <span class='ocrx_word' id='word_1_343' title='bbox 1834 3235 2193 3306; x_wconf 88' lang='lat' dir='ltr'><strong>operuissent.</strong></span> 
     </span>
    </p>
   </div>
   <div class='ocr_carea' id='block_1_49' title="bbox 609 3323 2199 3399">
    <p class='ocr_par' dir='ltr' id='par_1_49' title="bbox 609 3323 2199 3399">
     <span class='ocr_line' id='line_1_49' title="bbox 609 3323 2199 3399; baseline 0.003 -19"><span class='ocrx_word' id='word_1_344' title='bbox 609 3324 761 3381; x_wconf 78' lang='lat' dir='ltr'><strong>Nunc</strong></span> <span class='ocrx_word' id='word_1_345' title='bbox 787 3340 916 3380; x_wconf 89' lang='lat' dir='ltr'><strong>vero</strong></span> <span class='ocrx_word' id='word_1_346' title='bbox 964 3324 1208 3382; x_wconf 88' lang='lat' dir='ltr'><strong>ausculta</strong></span> <span class='ocrx_word' id='word_1_347' title='bbox 1247 3323 1616 3397; x_wconf 90' lang='lat' dir='ltr'><strong>Scripturam,</strong></span> <span class='ocrx_word' id='word_1_348' title='bbox 1644 3327 1917 3396; x_wconf 90' lang='lat' dir='ltr'><strong>quomodo</strong></span> <span class='ocrx_word' id='word_1_349' title='bbox 1963 3328 2199 3399; x_wconf 90' lang='lat' dir='ltr'><strong>seipsam</strong></span> 
     </span>
    </p>
   </div>
   <div class='ocr_carea' id='block_1_50' title="bbox 606 3416 2200 3493">
    <p class='ocr_par' dir='ltr' id='par_1_50' title="bbox 606 3416 2200 3493">
     <span class='ocr_line' id='line_1_50' title="bbox 606 3416 2200 3493; baseline 0.001 -18"><span class='ocrx_word' id='word_1_350' title='bbox 606 3419 847 3475; x_wconf 80' lang='lat' dir='ltr'><strong>declarat</strong></span> <span class='ocrx_word' id='word_1_351' title='bbox 898 3437 909 3472; x_wconf 86' lang='lat'><strong>:</strong></span> <span class='ocrx_word' id='word_1_352' title='bbox 962 3416 1368 3491; x_wconf 84' lang='lat' dir='ltr'><strong>Congregentur,</strong></span> <span class='ocrx_word' id='word_1_353' title='bbox 1414 3417 1607 3489; x_wconf 86' lang='lat' dir='ltr'><strong>inquit,</strong></span> <span class='ocrx_word' id='word_1_354' title='bbox 1658 3436 1825 3491; x_wconf 69' lang='lat' dir='ltr'><strong>aquae,</strong></span> <span class='ocrx_word' id='word_1_355' title='bbox 1874 3429 1924 3475; x_wconf 87' lang='lat' dir='ltr'><strong>et</strong></span> <span class='ocrx_word' id='word_1_356' title='bbox 1949 3430 2200 3493; x_wconf 81' lang='lat' dir='ltr'><strong>appareat</strong></span> 
     </span>
    </p>
   </div>
   <div class='ocr_carea' id='block_1_51' title="bbox 605 3510 2197 3584">
    <p class='ocr_par' dir='ltr' id='par_1_51' title="bbox 605 3510 2197 3584">
     <span class='ocr_line' id='line_1_51' title="bbox 605 3510 2197 3584; baseline 0.001 -18"><span class='ocrx_word' id='word_1_357' title='bbox 605 3511 776 3567; x_wconf 88' lang='lat' dir='ltr'><strong>arida.</strong></span> <span class='ocrx_word' id='word_1_358' title='bbox 809 3510 1185 3568; x_wconf 82' lang='lat' dir='ltr'><strong>Vclamentum</strong></span> <span class='ocrx_word' id='word_1_359' title='bbox 1222 3511 1556 3579; x_wconf 89' lang='lat' dir='ltr'><strong>subducitur,</strong></span> <span class='ocrx_word' id='word_1_360' title='bbox 1586 3520 1645 3568; x_wconf 89' lang='lat' dir='ltr'><strong>ut</strong></span> <span class='ocrx_word' id='word_1_361' title='bbox 1685 3512 1976 3584; x_wconf 87' lang='lat' dir='ltr'><strong>conspicua</strong></span> <span class='ocrx_word' id='word_1_362' title='bbox 2024 3511 2197 3582; x_wconf 89' lang='lat' dir='ltr'><strong>ﬁeret,</strong></span> 
     </span>
    </p>
   </div>
   <div class='ocr_carea' id='block_1_52' title="bbox 607 3604 2199 3687">
    <p class='ocr_par' dir='ltr' id='par_1_52' title="bbox 607 3604 2199 3687">
     <span class='ocr_line' id='line_1_52' title="bbox 607 3604 2199 3687; baseline 0.004 -30"><span class='ocrx_word' id='word_1_363' title='bbox 607 3620 726 3674; x_wconf 75' lang='lat' dir='ltr'><strong>qua:</strong></span> <span class='ocrx_word' id='word_1_364' title='bbox 753 3604 965 3659; x_wconf 87' lang='lat' dir='ltr'><strong>interim</strong></span> <span class='ocrx_word' id='word_1_365' title='bbox 996 3620 1105 3660; x_wconf 92' lang='lat' dir='ltr'><strong>non</strong></span> <span class='ocrx_word' id='word_1_366' title='bbox 1120 3604 1421 3662; x_wconf 88' lang='lat' dir='ltr'><strong>videbatur.</strong></span> <span class='ocrx_word' id='word_1_367' title='bbox 1457 3606 1592 3663; x_wconf 91' lang='lat' dir='ltr'><strong>lllud</strong></span> <span class='ocrx_word' id='word_1_368' title='bbox 1633 3606 1796 3662; x_wconf 89' lang='lat' dir='ltr'><strong>etiam</strong></span> <span class='ocrx_word' id='word_1_369' title='bbox 1823 3606 2049 3687; x_wconf 81' lang='lat' dir='ltr'><strong>forsitan</strong></span> <span class='ocrx_word' id='word_1_370' title='bbox 2077 3608 2199 3679; x_wconf 89' lang='lat' dir='ltr'><strong>quis</strong></span> 
     </span>
    </p>
   </div>
   <div class='ocr_carea' id='block_1_53' title="bbox 496 3696 2200 3772">
    <p class='ocr_par' dir='ltr' id='par_1_53' title="bbox 496 3696 2200 3772">
     <span class='ocr_line' id='line_1_53' title="bbox 496 3696 2200 3772; baseline 0.001 -19"><span class='ocrx_word' id='word_1_371' title='bbox 496 3728 505 3735; x_wconf 60' lang='grc' dir='ltr'><strong>ε</strong></span> <span class='ocrx_word' id='word_1_372' title='bbox 606 3696 864 3769; x_wconf 89' lang='lat' dir='ltr'><strong>requiret,</strong></span> <span class='ocrx_word' id='word_1_373' title='bbox 896 3712 994 3752; x_wconf 88' lang='lat' dir='ltr'><strong>cur</strong></span> <span class='ocrx_word' id='word_1_374' title='bbox 1040 3696 1093 3750; x_wconf 90' lang='lat' dir='ltr'><strong>id</strong></span> <span class='ocrx_word' id='word_1_375' title='bbox 1121 3697 1267 3768; x_wconf 87' lang='lat' dir='ltr'><strong>quod</strong></span> <span class='ocrx_word' id='word_1_376' title='bbox 1290 3712 1389 3769; x_wconf 89' lang='lat' dir='ltr'><strong>per</strong></span> <span class='ocrx_word' id='word_1_377' title='bbox 1437 3707 1686 3754; x_wconf 91' lang='lat' dir='ltr'><strong>naturam</strong></span> <span class='ocrx_word' id='word_1_378' title='bbox 1726 3699 1913 3755; x_wconf 82' lang='lat' dir='ltr'><strong>subest</strong></span> <span class='ocrx_word' id='word_1_379' title='bbox 1938 3699 2115 3772; x_wconf 87' lang='lat' dir='ltr'><strong>aquis,</strong></span> <span class='ocrx_word' id='word_1_380' title='bbox 2145 3698 2200 3757; x_wconf 90' lang='lat' dir='ltr'><strong>id</strong></span> 
     </span>
    </p>
   </div>
   <div class='ocr_carea' id='block_1_54' title="bbox 605 3786 2199 3881">
    <p class='ocr_par' dir='ltr' id='par_1_54' title="bbox 605 3786 2199 3881">
     <span class='ocr_line' id='line_1_54' title="bbox 605 3786 2199 3881; baseline 0.003 -38"><span class='ocrx_word' id='word_1_381' title='bbox 605 3796 709 3857; x_wconf 87' lang='lat' dir='ltr'><strong>cst,</strong></span> <span class='ocrx_word' id='word_1_382' title='bbox 742 3796 802 3843; x_wconf 89' lang='lat' dir='ltr'><strong>ut</strong></span> <span class='ocrx_word' id='word_1_383' title='bbox 846 3802 1062 3859; x_wconf 84' lang='lat' dir='ltr'><strong>semper</strong></span> <span class='ocrx_word' id='word_1_384' title='bbox 1108 3786 1178 3842; x_wconf 89' lang='lat' dir='ltr'><strong>ad</strong></span> <span class='ocrx_word' id='word_1_385' title='bbox 1226 3788 1549 3881; x_wconf 60' lang='lat' dir='ltr'><strong>procliviqra</strong></span> <span class='ocrx_word' id='word_1_386' title='bbox 1589 3790 1942 3860; x_wconf 88' lang='lat' dir='ltr'><strong>contendant,</strong></span> <span class='ocrx_word' id='word_1_387' title='bbox 1985 3792 2089 3850; x_wconf 90' lang='lat' dir='ltr'><strong>hoc</strong></span> <span class='ocrx_word' id='word_1_388' title='bbox 2131 3791 2199 3848; x_wconf 89' lang='lat' dir='ltr'><strong>ad</strong></span> 
     </span>
    </p>
   </div>
   <div class='ocr_carea' id='block_1_55' title="bbox 605 3878 2198 3952">
    <p class='ocr_par' dir='ltr' id='par_1_55' title="bbox 605 3878 2198 3952">
     <span class='ocr_line' id='line_1_55' title="bbox 605 3878 2198 3952; baseline 0.004 -17"><span class='ocrx_word' id='word_1_389' title='bbox 605 3880 1022 3952; x_wconf 79' lang='lat' dir='ltr'><strong>pneceptionem</strong></span> <span class='ocrx_word' id='word_1_390' title='bbox 1044 3878 1319 3938; x_wconf 88' lang='lat' dir='ltr'><strong>Creatoris</strong></span> <span class='ocrx_word' id='word_1_391' title='bbox 1336 3878 1516 3939; x_wconf 87' lang='lat' dir='ltr'><strong>sermo</strong></span> <span class='ocrx_word' id='word_1_392' title='bbox 1538 3884 1823 3940; x_wconf 89' lang='lat' dir='ltr'><strong>convertit.</strong></span> <span class='ocrx_word' id='word_1_393' title='bbox 1851 3884 2035 3942; x_wconf 88' lang='lat' dir='ltr'><strong>Donec</strong></span> <span class='ocrx_word' id='word_1_394' title='bbox 2053 3886 2198 3942; x_wconf 89' lang='lat' dir='ltr'><strong>enim</strong></span> 
     </span>
    </p>
   </div>
   <div class='ocr_carea' id='block_1_56' title="bbox 605 3971 2199 4045">
    <p class='ocr_par' dir='ltr' id='par_1_56' title="bbox 605 3971 2199 4045">
     <span class='ocr_line' id='line_1_56' title="bbox 605 3971 2199 4045; baseline 0.005 -18"><span class='ocrx_word' id='word_1_395' title='bbox 605 3971 659 4027; x_wconf 88' lang='lat' dir='ltr'><strong>in</strong></span> <span class='ocrx_word' id='word_1_396' title='bbox 690 3972 911 4044; x_wconf 87' lang='lat' dir='ltr'><strong>planitie</strong></span> <span class='ocrx_word' id='word_1_397' title='bbox 955 3973 1117 4029; x_wconf 80' lang='lat' dir='ltr'><strong>fuerit</strong></span> <span class='ocrx_word' id='word_1_398' title='bbox 1151 3989 1289 4045; x_wconf 90' lang='lat' dir='ltr'><strong>aqua</strong></span> <span class='ocrx_word' id='word_1_399' title='bbox 1334 3975 1634 4043; x_wconf 85' lang='lat' dir='ltr'><strong>recondita,</strong></span> <span class='ocrx_word' id='word_1_400' title='bbox 1683 3977 1891 4034; x_wconf 89' lang='lat' dir='ltr'><strong>stabilis</strong></span> <span class='ocrx_word' id='word_1_401' title='bbox 1945 3988 2060 4045; x_wconf 90' lang='lat' dir='ltr'><strong>est,</strong></span> <span class='ocrx_word' id='word_1_402' title='bbox 2089 3995 2199 4035; x_wconf 89' lang='lat' dir='ltr'><strong>non</strong></span> 
     </span>
    </p>
   </div>
   <div class='ocr_carea' id='block_1_57' title="bbox 604 4065 2194 4139">
    <p class='ocr_par' dir='ltr' id='par_1_57' title="bbox 604 4065 2194 4139">
     <span class='ocr_line' id='line_1_57' title="bbox 604 4065 2194 4139; baseline 0.004 -18"><span class='ocrx_word' id='word_1_403' title='bbox 604 4065 881 4122; x_wconf 92' lang='lat' dir='ltr'><strong>inveniens</strong></span> <span class='ocrx_word' id='word_1_404' title='bbox 901 4081 1011 4137; x_wconf 89' lang='lat' dir='ltr'><strong>quo</strong></span> <span class='ocrx_word' id='word_1_405' title='bbox 1036 4065 1292 4132; x_wconf 90' lang='lat' dir='ltr'><strong>declinet,</strong></span> <span class='ocrx_word' id='word_1_406' title='bbox 1313 4067 1548 4124; x_wconf 90' lang='lat' dir='ltr'><strong>ubivero</strong></span> <span class='ocrx_word' id='word_1_407' title='bbox 1568 4068 1860 4126; x_wconf 89' lang='lat' dir='ltr'><strong>descensus</strong></span> <span class='ocrx_word' id='word_1_408' title='bbox 1880 4072 2194 4139; x_wconf 87' lang='lat' dir='ltr'><strong>occurrerit,</strong></span> 
     </span>
    </p>
   </div>
   <div class='ocr_carea' id='block_1_58' title="bbox 604 4161 2198 4237">
    <p class='ocr_par' dir='ltr' id='par_1_58' title="bbox 604 4161 2198 4237">
     <span class='ocr_line' id='line_1_58' title="bbox 604 4161 2198 4237; baseline 0.006 -22"><span class='ocrx_word' id='word_1_409' title='bbox 604 4161 937 4233; x_wconf 84' lang='lat' dir='ltr'><strong>irrumpente</strong></span> <span class='ocrx_word' id='word_1_410' title='bbox 978 4162 1225 4234; x_wconf 90' lang='lat' dir='ltr'><strong>protinus</strong></span> <span class='ocrx_word' id='word_1_411' title='bbox 1252 4171 1406 4234; x_wconf 86' lang='lat' dir='ltr'><strong>parte</strong></span> <span class='ocrx_word' id='word_1_412' title='bbox 1431 4164 1642 4235; x_wconf 90' lang='lat' dir='ltr'><strong>priore,</strong></span> <span class='ocrx_word' id='word_1_413' title='bbox 1670 4165 1880 4237; x_wconf 86' lang='lat' dir='ltr'><strong>reliqua</strong></span> <span class='ocrx_word' id='word_1_414' title='bbox 1908 4166 2198 4224; x_wconf 91' lang='lat' dir='ltr'><strong>multitudo</strong></span> 
     </span>
    </p>
   </div>
   <div class='ocr_carea' id='block_1_59' title="bbox 604 4248 2197 4328">
    <p class='ocr_par' dir='ltr' id='par_1_59' title="bbox 604 4248 2197 4328">
     <span class='ocr_line' id='line_1_59' title="bbox 604 4248 2197 4328; baseline 0.006 -23"><span class='ocrx_word' id='word_1_415' title='bbox 604 4252 954 4320; x_wconf 89' lang='lat' dir='ltr'><strong>consequitur</strong></span> <span class='ocrx_word' id='word_1_416' title='bbox 981 4262 1341 4324; x_wconf 86' lang='lat' dir='ltr'><strong>properanter</strong></span> <span class='ocrx_word' id='word_1_417' title='bbox 1368 4254 1648 4324; x_wconf 84' lang='lat' dir='ltr'><strong>eﬁ&#39;ugicns,</strong></span> <span class='ocrx_word' id='word_1_418' title='bbox 1679 4248 1799 4327; x_wconf 68' lang='lat' dir='ltr'><strong>qua:</strong></span> <span class='ocrx_word' id='word_1_419' title='bbox 1828 4257 2081 4328; x_wconf 70' lang='lat' dir='ltr'><strong>prmcedit</strong></span> <span class='ocrx_word' id='word_1_420' title='bbox 2107 4275 2197 4314; x_wconf 89' lang='lat' dir='ltr'><strong>ur-</strong></span> 
     </span>
    </p>
   </div>
   <div class='ocr_carea' id='block_1_60' title="bbox 605 4342 2198 4417">
    <p class='ocr_par' dir='ltr' id='par_1_60' title="bbox 605 4342 2198 4417">
     <span class='ocr_line' id='line_1_60' title="bbox 605 4342 2198 4417; baseline 0.006 -20"><span class='ocrx_word' id='word_1_421' title='bbox 605 4349 767 4411; x_wconf 85' lang='lat' dir='ltr'><strong>gente</strong></span> <span class='ocrx_word' id='word_1_422' title='bbox 809 4343 1080 4398; x_wconf 87' lang='lat' dir='ltr'><strong>venientis</strong></span> <span class='ocrx_word' id='word_1_423' title='bbox 1108 4344 1341 4416; x_wconf 90' lang='lat' dir='ltr'><strong>impulsu</strong></span> <span class='ocrx_word' id='word_1_424' title='bbox 1375 4364 1387 4398; x_wconf 90' lang='lat'><strong>:</strong></span> <span class='ocrx_word' id='word_1_425' title='bbox 1434 4354 1694 4417; x_wconf 89' lang='lat' dir='ltr'><strong>tantoque</strong></span> <span class='ocrx_word' id='word_1_426' title='bbox 1722 4342 1962 4406; x_wconf 81' lang='lat' dir='ltr'><strong>velocior</strong></span> <span class='ocrx_word' id='word_1_427' title='bbox 1987 4360 2198 4407; x_wconf 84' lang='lat' dir='ltr'><strong>meatus</strong></span> 
     </span>
    </p>
   </div>
   <div class='ocr_carea' id='block_1_61' title="bbox 605 4435 2196 4516">
    <p class='ocr_par' dir='ltr' id='par_1_61' title="bbox 605 4435 2196 4516">
     <span class='ocr_line' id='line_1_61' title="bbox 605 4435 2196 4516; baseline 0.008 -26"><span class='ocrx_word' id='word_1_428' title='bbox 605 4435 880 4506; x_wconf 88' lang='lat' dir='ltr'><strong>aspicitur,</strong></span> <span class='ocrx_word' id='word_1_429' title='bbox 911 4446 1117 4506; x_wconf 89' lang='lat' dir='ltr'><strong>quanto</strong></span> <span class='ocrx_word' id='word_1_430' title='bbox 1144 4436 1365 4507; x_wconf 87' lang='lat' dir='ltr'><strong>majoris</strong></span> <span class='ocrx_word' id='word_1_431' title='bbox 1407 4439 1660 4510; x_wconf 90' lang='lat' dir='ltr'><strong>ponderis</strong></span> <span class='ocrx_word' id='word_1_432' title='bbox 1703 4442 1865 4499; x_wconf 82' lang='lat' dir='ltr'><strong>fuerit</strong></span> <span class='ocrx_word' id='word_1_433' title='bbox 1910 4459 2049 4515; x_wconf 89' lang='lat' dir='ltr'><strong>aqua</strong></span> <span class='ocrx_word' id='word_1_434' title='bbox 2076 4461 2196 4516; x_wconf 61' lang='lat' dir='ltr'><strong>quae</strong></span> 
     </span>
    </p>
   </div>
   <div class='ocr_carea' id='block_1_62' title="bbox 603 4526 2194 4605">
    <p class='ocr_par' dir='ltr' id='par_1_62' title="bbox 603 4526 2194 4605">
     <span class='ocr_line' id='line_1_62' title="bbox 603 4526 2194 4605; baseline 0.006 -19"><span class='ocrx_word' id='word_1_435' title='bbox 603 4526 845 4597; x_wconf 90' lang='lat' dir='ltr'><strong>conﬂuit,</strong></span> <span class='ocrx_word' id='word_1_436' title='bbox 876 4529 1134 4601; x_wconf 88' lang='lat' dir='ltr'><strong>locusque</strong></span> <span class='ocrx_word' id='word_1_437' title='bbox 1173 4530 1449 4589; x_wconf 86' lang='lat' dir='ltr'><strong>devexior.</strong></span> <span class='ocrx_word' id='word_1_438' title='bbox 1477 4533 1534 4589; x_wconf 92' lang='lat' dir='ltr'><strong>Si</strong></span> <span class='ocrx_word' id='word_1_439' title='bbox 1561 4550 1691 4605; x_wconf 89' lang='lat' dir='ltr'><strong>ergo</strong></span> <span class='ocrx_word' id='word_1_440' title='bbox 1742 4536 1864 4593; x_wconf 88' lang='lat' dir='ltr'><strong>talis</strong></span> <span class='ocrx_word' id='word_1_441' title='bbox 1911 4546 2101 4595; x_wconf 89' lang='lat' dir='ltr'><strong>natura</strong></span> <span class='ocrx_word' id='word_1_442' title='bbox 2130 4539 2194 4595; x_wconf 91' lang='lat' dir='ltr'><strong>li-</strong></span> 
     </span>
    </p>
   </div>
   <div class='ocr_carea' id='block_1_63' title="bbox 602 4618 2195 4701">
    <p class='ocr_par' dir='ltr' id='par_1_63' title="bbox 602 4618 2195 4701">
     <span class='ocr_line' id='line_1_63' title="bbox 602 4618 2195 4701; baseline 0.008 -25"><span class='ocrx_word' id='word_1_443' title='bbox 602 4621 786 4693; x_wconf 90' lang='lat' dir='ltr'><strong>quoris</strong></span> <span class='ocrx_word' id='word_1_444' title='bbox 820 4628 922 4687; x_wconf 88' lang='lat' dir='ltr'><strong>est,</strong></span> <span class='ocrx_word' id='word_1_445' title='bbox 952 4618 981 4660; x_wconf 69' lang='grc' dir='ltr'><strong>ιι</strong></span> <span class='ocrx_word' id='word_1_446' title='bbox 1010 4620 1460 4694; x_wconf 79' lang='lat' dir='ltr'><strong>diﬁ&#39;erretutique</strong></span> <span class='ocrx_word' id='word_1_447' title='bbox 1500 4627 1918 4699; x_wconf 64' lang='lat' dir='ltr'><strong>praeceptionem</strong></span> <span class='ocrx_word' id='word_1_448' title='bbox 1946 4644 2052 4700; x_wconf 87' lang='lat' dir='ltr'><strong>qua</strong></span> <span class='ocrx_word' id='word_1_449' title='bbox 2075 4630 2195 4701; x_wconf 88' lang='lat' dir='ltr'><strong>jus-</strong></span> 
     </span>
    </p>
   </div>
   <div class='ocr_carea' id='block_1_64' title="bbox 601 4710 2194 4793">
    <p class='ocr_par' dir='ltr' id='par_1_64' title="bbox 601 4710 2194 4793">
     <span class='ocr_line' id='line_1_64' title="bbox 601 4710 2194 4793; baseline 0.006 -24"><span class='ocrx_word' id='word_1_450' title='bbox 601 4710 744 4770; x_wconf 85' lang='lat' dir='ltr'><strong>serat</strong></span> <span class='ocrx_word' id='word_1_451' title='bbox 767 4729 936 4785; x_wconf 88' lang='lat' dir='ltr'><strong>aquas</strong></span> <span class='ocrx_word' id='word_1_452' title='bbox 964 4715 1018 4770; x_wconf 92' lang='lat' dir='ltr'><strong>in</strong></span> <span class='ocrx_word' id='word_1_453' title='bbox 1044 4731 1210 4771; x_wconf 92' lang='lat' dir='ltr'><strong>unum</strong></span> <span class='ocrx_word' id='word_1_454' title='bbox 1237 4719 1683 4790; x_wconf 87' lang='lat' dir='ltr'><strong>conceptaculum</strong></span> <span class='ocrx_word' id='word_1_455' title='bbox 1709 4724 2044 4793; x_wconf 88' lang='lat' dir='ltr'><strong>congregari.</strong></span> <span class='ocrx_word' id='word_1_456' title='bbox 2086 4722 2194 4780; x_wconf 84' lang='lat' dir='ltr'><strong>Po-</strong></span> 
     </span>
    </p>
   </div>
   <div class='ocr_carea' id='block_1_65' title="bbox 602 4808 2195 4889">
    <p class='ocr_par' dir='ltr' id='par_1_65' title="bbox 602 4808 2195 4889">
     <span class='ocr_line' id='line_1_65' title="bbox 602 4808 2195 4889; baseline 0.008 -26"><span class='ocrx_word' id='word_1_457' title='bbox 602 4816 743 4864; x_wconf 87' lang='lat' dir='ltr'><strong>terat</strong></span> <span class='ocrx_word' id='word_1_458' title='bbox 769 4808 915 4865; x_wconf 92' lang='lat' dir='ltr'><strong>enim</strong></span> <span class='ocrx_word' id='word_1_459' title='bbox 956 4810 1073 4866; x_wconf 94' lang='lat' dir='ltr'><strong>sine</strong></span> <span class='ocrx_word' id='word_1_460' title='bbox 1115 4808 1300 4878; x_wconf 91' lang='lat' dir='ltr'><strong>dubio,</strong></span> <span class='ocrx_word' id='word_1_461' title='bbox 1329 4820 1552 4884; x_wconf 90' lang='lat' dir='ltr'><strong>propter</strong></span> <span class='ocrx_word' id='word_1_462' title='bbox 1595 4816 1897 4872; x_wconf 86' lang='lat' dir='ltr'><strong>naturalem</strong></span> <span class='ocrx_word' id='word_1_463' title='bbox 1935 4819 2195 4889; x_wconf 85' lang='lat' dir='ltr'><strong>impetum</strong></span> 
     </span>
    </p>
   </div>
   <div class='ocr_carea' id='block_1_66' title="bbox 602 4900 2194 4982">
    <p class='ocr_par' dir='ltr' id='par_1_66' title="bbox 602 4900 2194 4982">
     <span class='ocr_line' id='line_1_66' title="bbox 602 4900 2194 4982; baseline 0.008 -25"><span class='ocrx_word' id='word_1_464' title='bbox 602 4900 656 4957; x_wconf 94' lang='lat' dir='ltr'><strong>in</strong></span> <span class='ocrx_word' id='word_1_465' title='bbox 693 4901 942 4971; x_wconf 89' lang='lat' dir='ltr'><strong>regiones</strong></span> <span class='ocrx_word' id='word_1_466' title='bbox 995 4918 1261 4959; x_wconf 88' lang='lat' dir='ltr'><strong>concavas</strong></span> <span class='ocrx_word' id='word_1_467' title='bbox 1308 4911 1502 4977; x_wconf 88' lang='lat' dir='ltr'><strong>sponte</strong></span> <span class='ocrx_word' id='word_1_468' title='bbox 1531 4904 1851 4975; x_wconf 89' lang='lat' dir='ltr'><strong>decurrere,</strong></span> <span class='ocrx_word' id='word_1_469' title='bbox 1884 4911 2194 4982; x_wconf 87' lang='lat' dir='ltr'><strong>priusquam</strong></span> 
     </span>
    </p>
   </div>
   <div class='ocr_carea' id='block_1_67' title="bbox 601 4995 2195 5065">
    <p class='ocr_par' dir='ltr' id='par_1_67' title="bbox 601 4995 2195 5065">
     <span class='ocr_line' id='line_1_67' title="bbox 601 4995 2195 5065; baseline 0.01 -16"><span class='ocrx_word' id='word_1_470' title='bbox 601 4999 752 5062; x_wconf 89' lang='lat' dir='ltr'><strong>terga</strong></span> <span class='ocrx_word' id='word_1_471' title='bbox 780 4995 1121 5065; x_wconf 89' lang='lat' dir='ltr'><strong>compleret:</strong></span> <span class='ocrx_word' id='word_1_472' title='bbox 1172 4997 1351 5053; x_wconf 90' lang='lat' dir='ltr'><strong>nullus</strong></span> <span class='ocrx_word' id='word_1_473' title='bbox 1396 4999 1541 5055; x_wconf 91' lang='lat' dir='ltr'><strong>enim</strong></span> <span class='ocrx_word' id='word_1_474' title='bbox 1598 5009 1862 5059; x_wconf 86' lang='lat' dir='ltr'><strong>terrarum</strong></span> <span class='ocrx_word' id='word_1_475' title='bbox 1914 5004 2067 5062; x_wconf 87' lang='lat' dir='ltr'><strong>locus</strong></span> <span class='ocrx_word' id='word_1_476' title='bbox 2115 5008 2195 5065; x_wconf 91' lang='lat' dir='ltr'><strong>sic</strong></span> 
     </span>
    </p>
   </div>
   <div class='ocr_carea' id='block_1_68' title="bbox 600 5090 2194 5173">
    <p class='ocr_par' dir='ltr' id='par_1_68' title="bbox 600 5090 2194 5173">
     <span class='ocr_line' id='line_1_68' title="bbox 600 5090 2194 5173; baseline 0.009 -28"><span class='ocrx_word' id='word_1_477' title='bbox 600 5090 819 5161; x_wconf 69' lang='lat' dir='ltr'><strong>aequalis</strong></span> <span class='ocrx_word' id='word_1_478' title='bbox 846 5097 950 5158; x_wconf 87' lang='lat' dir='ltr'><strong>est,</strong></span> <span class='ocrx_word' id='word_1_479' title='bbox 975 5099 1035 5147; x_wconf 91' lang='lat' dir='ltr'><strong>ut</strong></span> <span class='ocrx_word' id='word_1_480' title='bbox 1053 5106 1313 5163; x_wconf 84' lang='lat' dir='ltr'><strong>aquarum</strong></span> <span class='ocrx_word' id='word_1_481' title='bbox 1341 5094 1494 5150; x_wconf 90' lang='lat' dir='ltr'><strong>situs.</strong></span> <span class='ocrx_word' id='word_1_482' title='bbox 1517 5092 1742 5166; x_wconf 88' lang='lat' dir='ltr'><strong>Deinde,</strong></span> <span class='ocrx_word' id='word_1_483' title='bbox 1760 5098 2031 5169; x_wconf 87' lang='lat' dir='ltr'><strong>inquiunt,</strong></span> <span class='ocrx_word' id='word_1_484' title='bbox 2055 5117 2194 5173; x_wconf 86' lang='lat' dir='ltr'><strong>quo-</strong></span> 
     </span>
    </p>
   </div>
   <div class='ocr_carea' id='block_1_69' title="bbox 2225 3192 2273 3260">
    <p class='ocr_par' dir='ltr' id='par_1_69' title="bbox 2225 3192 2273 3260">
     <span class='ocr_line' id='line_1_69' title="bbox 2225 3192 2273 3260; baseline 0 0"><span class='ocrx_word' id='word_1_485' title='bbox 2225 3192 2273 3260; x_wconf 84' lang='lat' dir='ltr'><strong>C</strong></span> 
     </span>
    </p>
   </div>
   <div class='ocr_carea' id='block_1_70' title="bbox 2304 1914 3889 1994">
    <p class='ocr_par' dir='ltr' id='par_1_70' title="bbox 2304 1914 3889 1994">
     <span class='ocr_line' id='line_1_70' title="bbox 2304 1914 3889 1994; baseline 0.001 -16"><span class='ocrx_word' id='word_1_486' title='bbox 2304 1932 2484 1981; x_wconf 89' lang='lat' dir='ltr'><strong>turam</strong></span> <span class='ocrx_word' id='word_1_487' title='bbox 2506 1922 2771 1990; x_wconf 75' lang='lat' dir='ltr'><strong>difﬂuere,</strong></span> <span class='ocrx_word' id='word_1_488' title='bbox 2801 1930 2857 1980; x_wconf 88' lang='lat' dir='ltr'><strong>et</strong></span> <span class='ocrx_word' id='word_1_489' title='bbox 2881 1937 3158 1994; x_wconf 87' lang='lat' dir='ltr'><strong>nunquam</strong></span> <span class='ocrx_word' id='word_1_490' title='bbox 3177 1919 3361 1979; x_wconf 88' lang='lat' dir='ltr'><strong>deﬁcit</strong></span> <span class='ocrx_word' id='word_1_491' title='bbox 3382 1914 3732 1993; x_wconf 86' lang='lat' dir='ltr'><strong>obsequendo</strong></span> <span class='ocrx_word' id='word_1_492' title='bbox 3749 1939 3889 1979; x_wconf 85' lang='lat' dir='ltr'><strong>man-</strong></span> 
     </span>
    </p>
   </div>
   <div class='ocr_carea' id='block_1_71' title="bbox 2303 2015 3886 2088">
    <p class='ocr_par' dir='ltr' id='par_1_71' title="bbox 2303 2015 3886 2088">
     <span class='ocr_line' id='line_1_71' title="bbox 2303 2015 3886 2088; baseline 0.001 -15"><span class='ocrx_word' id='word_1_493' title='bbox 2303 2017 2465 2074; x_wconf 91' lang='lat' dir='ltr'><strong>datis.</strong></span> <span class='ocrx_word' id='word_1_494' title='bbox 2491 2016 2608 2073; x_wconf 90' lang='lat' dir='ltr'><strong>lloc</strong></span> <span class='ocrx_word' id='word_1_495' title='bbox 2653 2024 2835 2073; x_wconf 88' lang='lat' dir='ltr'><strong>autem</strong></span> <span class='ocrx_word' id='word_1_496' title='bbox 2863 2015 2984 2073; x_wconf 87' lang='lat' dir='ltr'><strong>dico</strong></span> <span class='ocrx_word' id='word_1_497' title='bbox 3025 2015 3323 2088; x_wconf 90' lang='lat' dir='ltr'><strong>respiciens</strong></span> <span class='ocrx_word' id='word_1_498' title='bbox 3357 2015 3426 2072; x_wconf 93' lang='lat' dir='ltr'><strong>ad</strong></span> <span class='ocrx_word' id='word_1_499' title='bbox 3456 2015 3707 2087; x_wconf 87' lang='lat' dir='ltr'><strong>liquidam</strong></span> <span class='ocrx_word' id='word_1_500' title='bbox 3731 2032 3886 2088; x_wconf 86' lang='lat' dir='ltr'><strong>aqua-</strong></span> 
     </span>
    </p>
   </div>
   <div class='ocr_carea' id='block_1_72' title="bbox 2302 2112 3889 2185">
    <p class='ocr_par' dir='ltr' id='par_1_72' title="bbox 2302 2112 3889 2185">
     <span class='ocr_line' id='line_1_72' title="bbox 2302 2112 3889 2185; baseline 0.001 -17"><span class='ocrx_word' id='word_1_501' title='bbox 2302 2130 2420 2169; x_wconf 88' lang='lat' dir='ltr'><strong>rum</strong></span> <span class='ocrx_word' id='word_1_502' title='bbox 2435 2122 2661 2183; x_wconf 87' lang='lat' dir='ltr'><strong>sortem,</strong></span> <span class='ocrx_word' id='word_1_503' title='bbox 2681 2128 2911 2185; x_wconf 87' lang='lat' dir='ltr'><strong>quarum</strong></span> <span class='ocrx_word' id='word_1_504' title='bbox 2933 2112 3053 2168; x_wconf 80' lang='lat' dir='ltr'><strong>aliae</strong></span> <span class='ocrx_word' id='word_1_505' title='bbox 3070 2126 3287 2184; x_wconf 90' lang='lat' dir='ltr'><strong>semper</strong></span> <span class='ocrx_word' id='word_1_506' title='bbox 3312 2122 3537 2169; x_wconf 89' lang='lat' dir='ltr'><strong>manant</strong></span> <span class='ocrx_word' id='word_1_507' title='bbox 3555 2121 3617 2168; x_wconf 87' lang='lat' dir='ltr'><strong>ut</strong></span> <span class='ocrx_word' id='word_1_508' title='bbox 3640 2112 3814 2170; x_wconf 77' lang='lat' dir='ltr'><strong>fontes</strong></span> <span class='ocrx_word' id='word_1_509' title='bbox 3838 2119 3889 2170; x_wconf 83' lang='lat' dir='ltr'><strong>et</strong></span> 
     </span>
    </p>
   </div>
   <div class='ocr_carea' id='block_1_73' title="bbox 2301 2203 3907 2276">
    <p class='ocr_par' dir='ltr' id='par_1_73' title="bbox 2301 2203 3907 2276">
     <span class='ocr_line' id='line_1_73' title="bbox 2301 2203 3907 2276; baseline 0.001 -17"><span class='ocrx_word' id='word_1_510' title='bbox 2301 2206 2470 2275; x_wconf 86' lang='lat' dir='ltr'><strong>ﬂuvii,</strong></span> <span class='ocrx_word' id='word_1_511' title='bbox 2503 2206 2622 2262; x_wconf 76' lang='lat' dir='ltr'><strong>alia:</strong></span> <span class='ocrx_word' id='word_1_512' title='bbox 2674 2213 3011 2276; x_wconf 61' lang='lat' dir='ltr'><strong>congregatae</strong></span> <span class='ocrx_word' id='word_1_513' title='bbox 3039 2213 3166 2261; x_wconf 91' lang='lat' dir='ltr'><strong>sunt</strong></span> <span class='ocrx_word' id='word_1_514' title='bbox 3211 2213 3268 2259; x_wconf 90' lang='lat' dir='ltr'><strong>et</strong></span> <span class='ocrx_word' id='word_1_515' title='bbox 3312 2204 3588 2261; x_wconf 88' lang='lat' dir='ltr'><strong>sistentes.</strong></span> <span class='ocrx_word' id='word_1_516' title='bbox 3620 2203 3733 2261; x_wconf 83' lang='lat' dir='ltr'><strong>Sed</strong></span> <span class='ocrx_word' id='word_1_517' title='bbox 3770 2206 3907 2261; x_wconf 88' lang='lat' dir='ltr'><strong>mihi-</strong></span> 
     </span>
    </p>
   </div>
   <div class='ocr_carea' id='block_1_74' title="bbox 2304 2294 3885 2370">
    <p class='ocr_par' dir='ltr' id='par_1_74' title="bbox 2304 2294 3885 2370">
     <span class='ocr_line' id='line_1_74' title="bbox 2304 2294 3885 2370; baseline 0 -17"><span class='ocrx_word' id='word_1_518' title='bbox 2304 2314 2449 2355; x_wconf 90' lang='lat' dir='ltr'><strong>nunc</strong></span> <span class='ocrx_word' id='word_1_519' title='bbox 2477 2298 2545 2355; x_wconf 85' lang='lat' dir='ltr'><strong>de</strong></span> <span class='ocrx_word' id='word_1_520' title='bbox 2573 2295 2864 2354; x_wconf 87' lang='lat' dir='ltr'><strong>llucntibus</strong></span> <span class='ocrx_word' id='word_1_521' title='bbox 2892 2312 3071 2353; x_wconf 88' lang='lat' dir='ltr'><strong>sermo</strong></span> <span class='ocrx_word' id='word_1_522' title='bbox 3099 2303 3204 2352; x_wconf 90' lang='lat' dir='ltr'><strong>est.</strong></span> <span class='ocrx_word' id='word_1_523' title='bbox 3236 2294 3629 2370; x_wconf 81' lang='lat' dir='ltr'><strong>Congregentur</strong></span> <span class='ocrx_word' id='word_1_524' title='bbox 3664 2298 3804 2367; x_wconf 72' lang='lat' dir='ltr'><strong>aqua</strong></span> <span class='ocrx_word' id='word_1_525' title='bbox 3838 2298 3885 2353; x_wconf 77' lang='lat' dir='ltr'><strong>in</strong></span> 
     </span>
    </p>
   </div>
   <div class='ocr_carea' id='block_1_75' title="bbox 2303 2388 3883 2465">
    <p class='ocr_par' dir='ltr' id='par_1_75' title="bbox 2303 2388 3883 2465">
     <span class='ocr_line' id='line_1_75' title="bbox 2303 2388 3883 2465; baseline 0 -20"><span class='ocrx_word' id='word_1_526' title='bbox 2303 2392 2757 2465; x_wconf 81' lang='lat' dir='ltr'><strong>congregationem</strong></span> <span class='ocrx_word' id='word_1_527' title='bbox 2781 2407 2961 2446; x_wconf 88' lang='lat' dir='ltr'><strong>unam.</strong></span> <span class='ocrx_word' id='word_1_528' title='bbox 2992 2390 3050 2445; x_wconf 90' lang='lat' dir='ltr'><strong>Si</strong></span> <span class='ocrx_word' id='word_1_529' title='bbox 3085 2388 3303 2461; x_wconf 89' lang='lat' dir='ltr'><strong>quando</strong></span> <span class='ocrx_word' id='word_1_530' title='bbox 3331 2397 3386 2444; x_wconf 89' lang='lat' dir='ltr'><strong>te</strong></span> <span class='ocrx_word' id='word_1_531' title='bbox 3423 2399 3447 2427; x_wconf 78' lang='grc' dir='ltr'>ε</span> <span class='ocrx_word' id='word_1_532' title='bbox 3476 2396 3721 2446; x_wconf 81' lang='lat' dir='ltr'><strong>stantem</strong></span> <span class='ocrx_word' id='word_1_533' title='bbox 3753 2389 3883 2461; x_wconf 83' lang='lat' dir='ltr'><strong>juxta</strong></span> 
     </span>
    </p>
   </div>
   <div class='ocr_carea' id='block_1_76' title="bbox 2305 2482 3882 2556">
    <p class='ocr_par' dir='ltr' id='par_1_76' title="bbox 2305 2482 3882 2556">
     <span class='ocr_line' id='line_1_76' title="bbox 2305 2482 3882 2556; baseline -0.003 -13"><span class='ocrx_word' id='word_1_534' title='bbox 2305 2487 2479 2543; x_wconf 84' lang='lat' dir='ltr'><strong>rivum</strong></span> <span class='ocrx_word' id='word_1_535' title='bbox 2530 2485 2674 2542; x_wconf 90' lang='lat' dir='ltr'><strong>subit</strong></span> <span class='ocrx_word' id='word_1_536' title='bbox 2727 2483 3007 2555; x_wconf 85' lang='lat' dir='ltr'><strong>cogitatio,</strong></span> <span class='ocrx_word' id='word_1_537' title='bbox 3053 2492 3312 2556; x_wconf 88' lang='lat' dir='ltr'><strong>reputans</strong></span> <span class='ocrx_word' id='word_1_538' title='bbox 3359 2482 3511 2555; x_wconf 86' lang='lat' dir='ltr'><strong>cujus</strong></span> <span class='ocrx_word' id='word_1_539' title='bbox 3559 2482 3788 2554; x_wconf 83' lang='lat' dir='ltr'><strong>impulsu</strong></span> <span class='ocrx_word' id='word_1_540' title='bbox 3824 2482 3882 2538; x_wconf 84' lang='lat' dir='ltr'><strong>de</strong></span> 
     </span>
    </p>
   </div>
   <div class='ocr_carea' id='block_1_77' title="bbox 2306 2560 3877 2648">
    <p class='ocr_par' dir='ltr' id='par_1_77' title="bbox 2306 2560 3877 2648">
     <span class='ocr_line' id='line_1_77' title="bbox 2306 2560 3877 2648; baseline -0.003 -14"><span class='ocrx_word' id='word_1_541' title='bbox 2306 2577 2585 2636; x_wconf 84' lang='lat' dir='ltr'><strong>telluribus</strong></span> <span class='ocrx_word' id='word_1_542' title='bbox 2624 2592 2763 2647; x_wconf 90' lang='lat' dir='ltr'><strong>aqua</strong></span> <span class='ocrx_word' id='word_1_543' title='bbox 2806 2560 3171 2648; x_wconf 80' lang='lat' dir='ltr'><strong>progreditur,</strong></span> <span class='ocrx_word' id='word_1_544' title='bbox 3202 2574 3289 2630; x_wconf 90' lang='lat' dir='ltr'><strong>vel</strong></span> <span class='ocrx_word' id='word_1_545' title='bbox 3316 2588 3437 2644; x_wconf 74' lang='lat' dir='ltr'><strong>qua:</strong></span> <span class='ocrx_word' id='word_1_546' title='bbox 3463 2582 3591 2629; x_wconf 89' lang='lat' dir='ltr'><strong>sunt</strong></span> <span class='ocrx_word' id='word_1_547' title='bbox 3618 2574 3803 2630; x_wconf 87' lang='lat' dir='ltr'><strong>horrea</strong></span> <span class='ocrx_word' id='word_1_548' title='bbox 3823 2573 3877 2629; x_wconf 82' lang='lat' dir='ltr'><strong>de</strong></span> 
     </span>
    </p>
   </div>
   <div class='ocr_carea' id='block_1_78' title="bbox 2301 2652 3867 2744">
    <p class='ocr_par' dir='ltr' id='par_1_78' title="bbox 2301 2652 3867 2744">
     <span class='ocr_line' id='line_1_78' title="bbox 2301 2652 3867 2744; baseline -0.004 -17"><span class='ocrx_word' id='word_1_549' title='bbox 2301 2652 2498 2744; x_wconf 75' lang='lat' dir='ltr'><strong>quibus</strong></span> <span class='ocrx_word' id='word_1_550' title='bbox 2520 2678 2629 2726; x_wconf 89' lang='lat' dir='ltr'><strong>tam</strong></span> <span class='ocrx_word' id='word_1_551' title='bbox 2661 2670 2886 2740; x_wconf 89' lang='lat' dir='ltr'><strong>largiter</strong></span> <span class='ocrx_word' id='word_1_552' title='bbox 2905 2667 3214 2733; x_wconf 81' lang='lat' dir='ltr'><strong>eﬂunditur,</strong></span> <span class='ocrx_word' id='word_1_553' title='bbox 3238 2676 3332 2722; x_wconf 89' lang='lat' dir='ltr'><strong>aut</strong></span> <span class='ocrx_word' id='word_1_554' title='bbox 3349 2667 3444 2738; x_wconf 88' lang='lat' dir='ltr'><strong>qui</strong></span> <span class='ocrx_word' id='word_1_555' title='bbox 3467 2666 3624 2723; x_wconf 86' lang='lat' dir='ltr'><strong>locus</strong></span> <span class='ocrx_word' id='word_1_556' title='bbox 3652 2665 3725 2721; x_wconf 86' lang='lat' dir='ltr'><strong>ad</strong></span> <span class='ocrx_word' id='word_1_557' title='bbox 3739 2680 3867 2737; x_wconf 77' lang='lat' dir='ltr'><strong>quem</strong></span> 
     </span>
    </p>
   </div>
   <div class='ocr_carea' id='block_1_79' title="bbox 2303 2756 3873 2837">
    <p class='ocr_par' dir='ltr' id='par_1_79' title="bbox 2303 2756 3873 2837">
     <span class='ocr_line' id='line_1_79' title="bbox 2303 2756 3873 2837; baseline -0.006 -15"><span class='ocrx_word' id='word_1_558' title='bbox 2303 2766 2516 2837; x_wconf 90' lang='lat' dir='ltr'><strong>cogitur</strong></span> <span class='ocrx_word' id='word_1_559' title='bbox 2544 2762 2830 2836; x_wconf 87' lang='lat' dir='ltr'><strong>pervenire</strong></span> <span class='ocrx_word' id='word_1_560' title='bbox 2848 2805 2864 2833; x_wconf 93' lang='lat'><strong>,</strong></span> <span class='ocrx_word' id='word_1_561' title='bbox 2894 2762 2982 2818; x_wconf 89' lang='lat' dir='ltr'><strong>vel</strong></span> <span class='ocrx_word' id='word_1_562' title='bbox 3018 2759 3292 2834; x_wconf 86' lang='lat' dir='ltr'><strong>quomodo</strong></span> <span class='ocrx_word' id='word_1_563' title='bbox 3320 2774 3425 2816; x_wconf 91' lang='lat' dir='ltr'><strong>nec</strong></span> <span class='ocrx_word' id='word_1_564' title='bbox 3462 2759 3553 2815; x_wconf 90' lang='lat' dir='ltr'><strong>illa</strong></span> <span class='ocrx_word' id='word_1_565' title='bbox 3581 2756 3753 2813; x_wconf 81' lang='lat' dir='ltr'><strong>deﬁcit</strong></span> <span class='ocrx_word' id='word_1_566' title='bbox 3776 2770 3873 2828; x_wconf 69' lang='lat' dir='ltr'><strong>qua</strong></span> 
     </span>
    </p>
   </div>
   <div class='ocr_carea' id='block_1_80' title="bbox 2304 2848 3867 2932">
    <p class='ocr_par' dir='ltr' id='par_1_80' title="bbox 2304 2848 3867 2932">
     <span class='ocr_line' id='line_1_80' title="bbox 2304 2848 3867 2932; baseline -0.008 -16"><span class='ocrx_word' id='word_1_567' title='bbox 2304 2859 2566 2932; x_wconf 89' lang='lat' dir='ltr'><strong>sequitur,</strong></span> <span class='ocrx_word' id='word_1_568' title='bbox 2609 2872 2712 2914; x_wconf 91' lang='lat' dir='ltr'><strong>nec</strong></span> <span class='ocrx_word' id='word_1_569' title='bbox 2736 2872 2801 2913; x_wconf 86' lang='lat' dir='ltr'><strong>ea</strong></span> <span class='ocrx_word' id='word_1_570' title='bbox 2849 2870 2971 2925; x_wconf 78' lang='lat' dir='ltr'><strong>qua:</strong></span> <span class='ocrx_word' id='word_1_571' title='bbox 3013 2852 3293 2926; x_wconf 77' lang='lat' dir='ltr'><strong>prtecessit</strong></span> <span class='ocrx_word' id='word_1_572' title='bbox 3320 2852 3614 2917; x_wconf 83' lang='lat' dir='ltr'><strong>exuberat;</strong></span> <span class='ocrx_word' id='word_1_573' title='bbox 3651 2848 3867 2922; x_wconf 77' lang='lat' dir='ltr'><strong>profecto</strong></span> 
     </span>
    </p>
   </div>
   <div class='ocr_carea' id='block_1_81' title="bbox 2303 2942 3851 3024">
    <p class='ocr_par' dir='ltr' id='par_1_81' title="bbox 2303 2942 3851 3024">
     <span class='ocr_line' id='line_1_81' title="bbox 2303 2942 3851 3024; baseline -0.009 -14"><span class='ocrx_word' id='word_1_574' title='bbox 2303 2953 2542 3024; x_wconf 90' lang='lat' dir='ltr'><strong>reperies</strong></span> <span class='ocrx_word' id='word_1_575' title='bbox 2569 2950 2752 3008; x_wconf 91' lang='lat' dir='ltr'><strong>omnia</strong></span> <span class='ocrx_word' id='word_1_576' title='bbox 2769 2950 2885 3006; x_wconf 63' lang='lat' dir='ltr'><strong>haec</strong></span> <span class='ocrx_word' id='word_1_577' title='bbox 2899 2965 2967 3005; x_wconf 89' lang='lat' dir='ltr'><strong>ex</strong></span> <span class='ocrx_word' id='word_1_578' title='bbox 2983 2962 3115 3004; x_wconf 89' lang='lat' dir='ltr'><strong>voce</strong></span> <span class='ocrx_word' id='word_1_579' title='bbox 3143 2946 3315 3017; x_wconf 88' lang='lat' dir='ltr'><strong>prima</strong></span> <span class='ocrx_word' id='word_1_580' title='bbox 3347 2946 3543 3013; x_wconf 89' lang='lat' dir='ltr'><strong>teneri,</strong></span> <span class='ocrx_word' id='word_1_581' title='bbox 3560 2943 3685 3000; x_wconf 71' lang='lat' dir='ltr'><strong>mide</strong></span> <span class='ocrx_word' id='word_1_582' title='bbox 3709 2942 3851 2997; x_wconf 77' lang='lat' dir='ltr'><strong>etiam</strong></span> 
     </span>
    </p>
   </div>
   <div class='ocr_carea' id='block_1_82' title="bbox 2303 3034 3863 3118">
    <p class='ocr_par' dir='ltr' id='par_1_82' title="bbox 2303 3034 3863 3118">
     <span class='ocr_line' id='line_1_82' title="bbox 2303 3034 3863 3118; baseline -0.007 -15"><span class='ocrx_word' id='word_1_583' title='bbox 2303 3055 2513 3103; x_wconf 89' lang='lat' dir='ltr'><strong>meatus</strong></span> <span class='ocrx_word' id='word_1_584' title='bbox 2526 3046 2604 3102; x_wconf 92' lang='lat' dir='ltr'><strong>illi</strong></span> <span class='ocrx_word' id='word_1_585' title='bbox 2632 3044 2870 3118; x_wconf 90' lang='lat' dir='ltr'><strong>suppetit</strong></span> <span class='ocrx_word' id='word_1_586' title='bbox 2889 3043 3270 3115; x_wconf 89' lang='lat' dir='ltr'><strong>sempiternus.</strong></span> <span class='ocrx_word' id='word_1_587' title='bbox 3293 3039 3650 3107; x_wconf 72' lang='lat' dir='ltr'><strong>Quamobmu</strong></span> <span class='ocrx_word' id='word_1_588' title='bbox 3664 3036 3716 3092; x_wconf 87' lang='lat' dir='ltr'><strong>in</strong></span> <span class='ocrx_word' id='word_1_589' title='bbox 3732 3034 3863 3092; x_wconf 74' lang='lat' dir='ltr'><strong>eauti</strong></span> 
     </span>
    </p>
   </div>
   <div class='ocr_carea' id='block_1_83' title="bbox 2303 3132 3874 3211">
    <p class='ocr_par' dir='ltr' id='par_1_83' title="bbox 2303 3132 3874 3211">
     <span class='ocr_line' id='line_1_83' title="bbox 2303 3132 3874 3211; baseline -0.006 -16"><span class='ocrx_word' id='word_1_590' title='bbox 2303 3154 2517 3211; x_wconf 88' lang='lat' dir='ltr'><strong>semper</strong></span> <span class='ocrx_word' id='word_1_591' title='bbox 2542 3137 2767 3194; x_wconf 86' lang='lat' dir='ltr'><strong>historia</strong></span> <span class='ocrx_word' id='word_1_592' title='bbox 2796 3144 3070 3192; x_wconf 87' lang='lat' dir='ltr'><strong>memento</strong></span> <span class='ocrx_word' id='word_1_593' title='bbox 3116 3135 3305 3205; x_wconf 56' lang='lat' dir='ltr'><strong>prima)</strong></span> <span class='ocrx_word' id='word_1_594' title='bbox 3334 3132 3728 3205; x_wconf 62' lang='lat' dir='ltr'><strong>praeceptionis,</strong></span> <span class='ocrx_word' id='word_1_595' title='bbox 3768 3143 3874 3200; x_wconf 64' lang='lat' dir='ltr'><strong>qua</strong></span> 
     </span>
    </p>
   </div>
   <div class='ocr_carea' id='block_1_84' title="bbox 2302 3213 3878 3305">
    <p class='ocr_par' dir='ltr' id='par_1_84' title="bbox 2302 3213 3878 3305">
     <span class='ocr_line' id='line_1_84' title="bbox 2302 3213 3878 3305; baseline -0.007 -15"><span class='ocrx_word' id='word_1_596' title='bbox 2302 3233 2432 3290; x_wconf 90' lang='lat' dir='ltr'><strong>dicit</strong></span> <span class='ocrx_word' id='word_1_597' title='bbox 2465 3252 2478 3287; x_wconf 90' lang='lat'><strong>:</strong></span> <span class='ocrx_word' id='word_1_598' title='bbox 2510 3231 2900 3305; x_wconf 85' lang='lat' dir='ltr'><strong>Congregentur</strong></span> <span class='ocrx_word' id='word_1_599' title='bbox 2926 3245 3093 3302; x_wconf 67' lang='lat' dir='ltr'><strong>aqum.</strong></span> <span class='ocrx_word' id='word_1_600' title='bbox 3118 3213 3333 3283; x_wconf 73' lang='lat' dir='ltr'><strong>Etenim</strong></span> <span class='ocrx_word' id='word_1_601' title='bbox 3372 3225 3665 3298; x_wconf 88' lang='lat' dir='ltr'><strong>oportebat</strong></span> <span class='ocrx_word' id='word_1_602' title='bbox 3686 3240 3773 3280; x_wconf 89' lang='lat' dir='ltr'><strong>eas</strong></span> <span class='ocrx_word' id='word_1_603' title='bbox 3796 3222 3878 3300; x_wconf 78' lang='lat' dir='ltr'><strong>de-</strong></span> 
     </span>
    </p>
   </div>
   <div class='ocr_carea' id='block_1_85' title="bbox 2303 3320 3883 3398">
    <p class='ocr_par' dir='ltr' id='par_1_85' title="bbox 2303 3320 3883 3398">
     <span class='ocr_line' id='line_1_85' title="bbox 2303 3320 3883 3398; baseline -0.007 -13"><span class='ocrx_word' id='word_1_604' title='bbox 2303 3342 2523 3391; x_wconf 83' lang='lat' dir='ltr'><strong>currere</strong></span> <span class='ocrx_word' id='word_1_605' title='bbox 2555 3333 2920 3398; x_wconf 86' lang='lat' dir='ltr'><strong>properanter</strong></span> <span class='ocrx_word' id='word_1_606' title='bbox 2936 3367 2953 3394; x_wconf 92' lang='lat'><strong>,</strong></span> <span class='ocrx_word' id='word_1_607' title='bbox 2984 3331 3044 3380; x_wconf 91' lang='lat' dir='ltr'><strong>ut</strong></span> <span class='ocrx_word' id='word_1_608' title='bbox 3069 3322 3388 3379; x_wconf 90' lang='lat' dir='ltr'><strong>devenirent</strong></span> <span class='ocrx_word' id='word_1_609' title='bbox 3414 3321 3485 3378; x_wconf 90' lang='lat' dir='ltr'><strong>ad</strong></span> <span class='ocrx_word' id='word_1_610' title='bbox 3510 3320 3781 3393; x_wconf 90' lang='lat' dir='ltr'><strong>propriam</strong></span> <span class='ocrx_word' id='word_1_611' title='bbox 3805 3333 3883 3375; x_wconf 86' lang='lat' dir='ltr'><strong>re-</strong></span> 
     </span>
    </p>
   </div>
   <div class='ocr_carea' id='block_1_86' title="bbox 2301 3413 3884 3490">
    <p class='ocr_par' dir='ltr' id='par_1_86' title="bbox 2301 3413 3884 3490">
     <span class='ocr_line' id='line_1_86' title="bbox 2301 3413 3884 3490; baseline -0.007 -15"><span class='ocrx_word' id='word_1_612' title='bbox 2301 3421 2517 3490; x_wconf 89' lang='lat' dir='ltr'><strong>gionem</strong></span> <span class='ocrx_word' id='word_1_613' title='bbox 2542 3437 2555 3473; x_wconf 87' lang='lat'><strong>:</strong></span> <span class='ocrx_word' id='word_1_614' title='bbox 2585 3426 2640 3474; x_wconf 91' lang='lat' dir='ltr'><strong>et</strong></span> <span class='ocrx_word' id='word_1_615' title='bbox 2666 3424 2952 3490; x_wconf 76' lang='lat' dir='ltr'><strong>postquam</strong></span> <span class='ocrx_word' id='word_1_616' title='bbox 2978 3422 3199 3470; x_wconf 89' lang='lat' dir='ltr'><strong>ventum</strong></span> <span class='ocrx_word' id='word_1_617' title='bbox 3228 3421 3393 3479; x_wconf 89' lang='lat' dir='ltr'><strong>esset,</strong></span> <span class='ocrx_word' id='word_1_618' title='bbox 3421 3421 3570 3469; x_wconf 87' lang='lat' dir='ltr'><strong>stare</strong></span> <span class='ocrx_word' id='word_1_619' title='bbox 3610 3413 3665 3468; x_wconf 91' lang='lat' dir='ltr'><strong>in</strong></span> <span class='ocrx_word' id='word_1_620' title='bbox 3701 3423 3884 3467; x_wconf 80' lang='lat' dir='ltr'><strong>conre-</strong></span> 
     </span>
    </p>
   </div>
   <div class='ocr_carea' id='block_1_87' title="bbox 2301 3504 3885 3587">
    <p class='ocr_par' dir='ltr' id='par_1_87' title="bbox 2301 3504 3885 3587">
     <span class='ocr_line' id='line_1_87' title="bbox 2301 3504 3885 3587; baseline -0.008 -17"><span class='ocrx_word' id='word_1_621' title='bbox 2301 3514 2533 3587; x_wconf 85' lang='lat' dir='ltr'><strong>ptaculis</strong></span> <span class='ocrx_word' id='word_1_622' title='bbox 2546 3511 2839 3583; x_wconf 89' lang='lat' dir='ltr'><strong>deputatis,</strong></span> <span class='ocrx_word' id='word_1_623' title='bbox 2855 3518 3019 3581; x_wconf 88' lang='lat' dir='ltr'><strong>atque</strong></span> <span class='ocrx_word' id='word_1_624' title='bbox 3039 3509 3178 3565; x_wconf 92' lang='lat' dir='ltr'><strong>ultra</strong></span> <span class='ocrx_word' id='word_1_625' title='bbox 3204 3523 3313 3564; x_wconf 93' lang='lat' dir='ltr'><strong>non</strong></span> <span class='ocrx_word' id='word_1_626' title='bbox 3330 3505 3573 3562; x_wconf 90' lang='lat' dir='ltr'><strong>tendere.</strong></span> <span class='ocrx_word' id='word_1_627' title='bbox 3601 3504 3885 3576; x_wconf 84' lang='lat' dir='ltr'><strong>Propterea</strong></span> 
     </span>
    </p>
   </div>
   <div class='ocr_carea' id='block_1_88' title="bbox 2302 3595 3889 3673">
    <p class='ocr_par' dir='ltr' id='par_1_88' title="bbox 2302 3595 3889 3673">
     <span class='ocr_line' id='line_1_88' title="bbox 2302 3595 3889 3673; baseline -0.011 -8"><span class='ocrx_word' id='word_1_628' title='bbox 2302 3616 2387 3665; x_wconf 89' lang='lat' dir='ltr'><strong>est</strong></span> <span class='ocrx_word' id='word_1_629' title='bbox 2413 3606 2482 3662; x_wconf 91' lang='lat' dir='ltr'><strong>ab</strong></span> <span class='ocrx_word' id='word_1_630' title='bbox 2503 3605 2829 3662; x_wconf 88' lang='lat' dir='ltr'><strong>Ecclesiaste</strong></span> <span class='ocrx_word' id='word_1_631' title='bbox 2854 3602 3060 3660; x_wconf 89' lang='lat' dir='ltr'><strong>dictum</strong></span> <span class='ocrx_word' id='word_1_632' title='bbox 3093 3620 3107 3656; x_wconf 90' lang='lat'><strong>:</strong></span> <span class='ocrx_word' id='word_1_633' title='bbox 3141 3599 3208 3657; x_wconf 85' lang='lat' dir='ltr'><strong>In</strong></span> <span class='ocrx_word' id='word_1_634' title='bbox 3232 3617 3376 3656; x_wconf 84' lang='lat' dir='ltr'><strong>mare</strong></span> <span class='ocrx_word' id='word_1_635' title='bbox 3400 3599 3541 3673; x_wconf 59' lang='lat' dir='ltr'><strong>ﬂuvii</strong></span> <span class='ocrx_word' id='word_1_636' title='bbox 3561 3595 3889 3659; x_wconf 75' lang='lat' dir='ltr'><strong>delabuntur,</strong></span> 
     </span>
    </p>
   </div>
   <div class='ocr_carea' id='block_1_89' title="bbox 2302 3686 3890 3772">
    <p class='ocr_par' dir='ltr' id='par_1_89' title="bbox 2302 3686 3890 3772">
     <span class='ocr_line' id='line_1_89' title="bbox 2302 3686 3890 3772; baseline -0.009 -15"><span class='ocrx_word' id='word_1_637' title='bbox 2302 3703 2394 3757; x_wconf 83' lang='lat' dir='ltr'><strong>sed</strong></span> <span class='ocrx_word' id='word_1_638' title='bbox 2419 3718 2563 3756; x_wconf 88' lang='lat' dir='ltr'><strong>mare</strong></span> <span class='ocrx_word' id='word_1_639' title='bbox 2585 3716 2690 3755; x_wconf 86' lang='lat' dir='ltr'><strong>non</strong></span> <span class='ocrx_word' id='word_1_640' title='bbox 2709 3696 3108 3772; x_wconf 80' lang='lat' dir='ltr'><strong>superimptetur</strong></span> <span class='ocrx_word' id='word_1_641' title='bbox 3128 3694 3320 3768; x_wconf 83' lang='lat' dir='ltr'><strong>(Eccte.</strong></span> <span class='ocrx_word' id='word_1_642' title='bbox 3345 3711 3381 3761; x_wconf 87' lang='lat' dir='ltr'><strong>l,</strong></span> <span class='ocrx_word' id='word_1_643' title='bbox 3407 3693 3478 3761; x_wconf 80' lang='lat'><strong>7).</strong></span> <span class='ocrx_word' id='word_1_644' title='bbox 3510 3690 3641 3759; x_wconf 85' lang='lat' dir='ltr'><strong>Quia</strong></span> <span class='ocrx_word' id='word_1_645' title='bbox 3661 3696 3720 3743; x_wconf 88' lang='lat' dir='ltr'><strong>et</strong></span> <span class='ocrx_word' id='word_1_646' title='bbox 3739 3686 3890 3757; x_wconf 81' lang='lat' dir='ltr'><strong>quod</strong></span> 
     </span>
    </p>
   </div>
   <div class='ocr_carea' id='block_1_90' title="bbox 2303 3779 3889 3865">
    <p class='ocr_par' dir='ltr' id='par_1_90' title="bbox 2303 3779 3889 3865">
     <span class='ocr_line' id='line_1_90' title="bbox 2303 3779 3889 3865; baseline -0.009 -17"><span class='ocrx_word' id='word_1_647' title='bbox 2303 3804 2562 3865; x_wconf 83' lang='lat' dir='ltr'><strong>aquarum</strong></span> <span class='ocrx_word' id='word_1_648' title='bbox 2608 3806 2798 3848; x_wconf 89' lang='lat' dir='ltr'><strong>cursus</strong></span> <span class='ocrx_word' id='word_1_649' title='bbox 2827 3797 3071 3858; x_wconf 89' lang='lat' dir='ltr'><strong>urgetur,</strong></span> <span class='ocrx_word' id='word_1_650' title='bbox 3124 3794 3180 3844; x_wconf 90' lang='lat' dir='ltr'><strong>et</strong></span> <span class='ocrx_word' id='word_1_651' title='bbox 3226 3784 3361 3857; x_wconf 87' lang='lat' dir='ltr'><strong>quod</strong></span> <span class='ocrx_word' id='word_1_652' title='bbox 3380 3797 3527 3839; x_wconf 88' lang='lat' dir='ltr'><strong>mare</strong></span> <span class='ocrx_word' id='word_1_653' title='bbox 3570 3780 3737 3837; x_wconf 89' lang='lat' dir='ltr'><strong>certis</strong></span> <span class='ocrx_word' id='word_1_654' title='bbox 3775 3779 3889 3835; x_wconf 89' lang='lat' dir='ltr'><strong>cir-</strong></span> 
     </span>
    </p>
   </div>
   <div class='ocr_carea' id='block_1_91' title="bbox 2303 3873 3899 3956">
    <p class='ocr_par' dir='ltr' id='par_1_91' title="bbox 2303 3873 3899 3956">
     <span class='ocr_line' id='line_1_91' title="bbox 2303 3873 3899 3956; baseline -0.008 -15"><span class='ocrx_word' id='word_1_655' title='bbox 2303 3885 2689 3956; x_wconf 89' lang='lat' dir='ltr'><strong>cumscriptum</strong></span> <span class='ocrx_word' id='word_1_656' title='bbox 2717 3883 2913 3938; x_wconf 84' lang='lat' dir='ltr'><strong>ﬁnibus</strong></span> <span class='ocrx_word' id='word_1_657' title='bbox 2961 3881 3254 3948; x_wconf 89' lang='lat' dir='ltr'><strong>retinetur,</strong></span> <span class='ocrx_word' id='word_1_658' title='bbox 3284 3878 3460 3952; x_wconf 66' lang='lat' dir='ltr'><strong>prima:</strong></span> <span class='ocrx_word' id='word_1_659' title='bbox 3503 3873 3899 3947; x_wconf 59' lang='lat' dir='ltr'><strong>praeceptionis</strong></span> 
     </span>
    </p>
   </div>
   <div class='ocr_carea' id='block_1_92' title="bbox 2301 3968 3899 4051">
    <p class='ocr_par' dir='ltr' id='par_1_92' title="bbox 2301 3968 3899 4051">
     <span class='ocr_line' id='line_1_92' title="bbox 2301 3968 3899 4051; baseline -0.009 -17"><span class='ocrx_word' id='word_1_660' title='bbox 2301 3982 2474 4037; x_wconf 88' lang='lat' dir='ltr'><strong>virtus</strong></span> <span class='ocrx_word' id='word_1_661' title='bbox 2501 3988 2587 4036; x_wconf 89' lang='lat' dir='ltr'><strong>est</strong></span> <span class='ocrx_word' id='word_1_662' title='bbox 2620 3999 2632 4033; x_wconf 75' lang='grc' dir='ltr'>ε</span> <span class='ocrx_word' id='word_1_663' title='bbox 2659 3978 3048 4051; x_wconf 80' lang='lat' dir='ltr'><strong>Congregeutur</strong></span> <span class='ocrx_word' id='word_1_664' title='bbox 3070 3992 3220 4049; x_wconf 64' lang='lat' dir='ltr'><strong>aqua</strong></span> <span class='ocrx_word' id='word_1_665' title='bbox 3264 3975 3316 4030; x_wconf 87' lang='lat' dir='ltr'><strong>in</strong></span> <span class='ocrx_word' id='word_1_666' title='bbox 3344 3988 3501 4027; x_wconf 80' lang='lat' dir='ltr'><strong>unam</strong></span> <span class='ocrx_word' id='word_1_667' title='bbox 3527 3968 3899 4042; x_wconf 80' lang='lat' dir='ltr'><strong>congregatio-</strong></span> 
     </span>
    </p>
   </div>
   <div class='ocr_carea' id='block_1_93' title="bbox 2303 4063 3903 4149">
    <p class='ocr_par' dir='ltr' id='par_1_93' title="bbox 2303 4063 3903 4149">
     <span class='ocr_line' id='line_1_93' title="bbox 2303 4063 3903 4149; baseline -0.007 -22"><span class='ocrx_word' id='word_1_668' title='bbox 2303 4090 2421 4129; x_wconf 83' lang='lat' dir='ltr'><strong>nent</strong></span> <span class='ocrx_word' id='word_1_669' title='bbox 2447 4091 2464 4128; x_wconf 87' lang='lat'><strong><em>:</em></strong></span> <span class='ocrx_word' id='word_1_670' title='bbox 2496 4082 2555 4128; x_wconf 90' lang='lat' dir='ltr'><strong>ut</strong></span> <span class='ocrx_word' id='word_1_671' title='bbox 2580 4088 2689 4129; x_wconf 93' lang='lat' dir='ltr'><strong>non</strong></span> <span class='ocrx_word' id='word_1_672' title='bbox 2718 4071 2925 4128; x_wconf 88' lang='lat' dir='ltr'><strong>scilicet</strong></span> <span class='ocrx_word' id='word_1_673' title='bbox 2945 4070 3036 4125; x_wconf 88' lang='lat' dir='ltr'><strong>illa</strong></span> <span class='ocrx_word' id='word_1_674' title='bbox 3065 4083 3185 4149; x_wconf 72' lang='lat' dir='ltr'><strong>qua:</strong></span> <span class='ocrx_word' id='word_1_675' title='bbox 3220 4065 3413 4132; x_wconf 90' lang='lat' dir='ltr'><strong>inﬂuit,</strong></span> <span class='ocrx_word' id='word_1_676' title='bbox 3442 4063 3674 4136; x_wconf 74' lang='lat' dir='ltr'><strong>expletis</strong></span> <span class='ocrx_word' id='word_1_677' title='bbox 3704 4076 3903 4149; x_wconf 81' lang='lat' dir='ltr'><strong>conce-</strong></span> 
     </span>
    </p>
   </div>
   <div class='ocr_carea' id='block_1_94' title="bbox 2305 4144 3902 4240">
    <p class='ocr_par' dir='ltr' id='par_1_94' title="bbox 2305 4144 3902 4240">
     <span class='ocr_line' id='line_1_94' title="bbox 2305 4144 3902 4240; baseline -0.008 -18"><span class='ocrx_word' id='word_1_678' title='bbox 2305 4167 2539 4240; x_wconf 89' lang='lat' dir='ltr'><strong>ptaculis</strong></span> <span class='ocrx_word' id='word_1_679' title='bbox 2562 4163 2865 4237; x_wconf 80' lang='lat' dir='ltr'><strong>superfusa,</strong></span> <span class='ocrx_word' id='word_1_680' title='bbox 2890 4144 3389 4219; x_wconf 36' lang='lat' dir='ltr'><strong>cunctos&#39;similiter</strong></span> <span class='ocrx_word' id='word_1_681' title='bbox 3411 4166 3681 4213; x_wconf 88' lang='lat' dir='ltr'><strong>terrarum</strong></span> <span class='ocrx_word' id='word_1_682' title='bbox 3711 4144 3902 4240; x_wconf 70' lang='lat' dir='ltr'><strong>termi-</strong></span> 
     </span>
    </p>
   </div>
   <div class='ocr_carea' id='block_1_95' title="bbox 2304 4238 3906 4325">
    <p class='ocr_par' dir='ltr' id='par_1_95' title="bbox 2304 4238 3906 4325">
     <span class='ocr_line' id='line_1_95' title="bbox 2304 4238 3906 4325; baseline -0.008 -8"><span class='ocrx_word' id='word_1_683' title='bbox 2304 4238 2403 4317; x_wconf 84' lang='lat' dir='ltr'><strong>nos</strong></span> <span class='ocrx_word' id='word_1_684' title='bbox 2430 4257 2747 4324; x_wconf 88' lang='lat' dir='ltr'><strong>inundaret;</strong></span> <span class='ocrx_word' id='word_1_685' title='bbox 2778 4255 2981 4311; x_wconf 76' lang='lat' dir='ltr'><strong>idcirco</strong></span> <span class='ocrx_word' id='word_1_686' title='bbox 3004 4252 3153 4325; x_wconf 90' lang='lat' dir='ltr'><strong>jussa</strong></span> <span class='ocrx_word' id='word_1_687' title='bbox 3180 4251 3281 4306; x_wconf 81' lang='lat' dir='ltr'><strong>fuit</strong></span> <span class='ocrx_word' id='word_1_688' title='bbox 3308 4251 3363 4307; x_wconf 89' lang='lat' dir='ltr'><strong>iu</strong></span> <span class='ocrx_word' id='word_1_689' title='bbox 3393 4265 3557 4305; x_wconf 86' lang='lat' dir='ltr'><strong>unam</strong></span> <span class='ocrx_word' id='word_1_690' title='bbox 3581 4263 3648 4305; x_wconf 87' lang='lat' dir='ltr'><strong>se</strong></span> <span class='ocrx_word' id='word_1_691' title='bbox 3678 4238 3906 4318; x_wconf 84' lang='lat' dir='ltr'><strong>congre-</strong></span> 
     </span>
    </p>
   </div>
   <div class='ocr_carea' id='block_1_96' title="bbox 2302 4344 3904 4425">
    <p class='ocr_par' dir='ltr' id='par_1_96' title="bbox 2302 4344 3904 4425">
     <span class='ocr_line' id='line_1_96' title="bbox 2302 4344 3904 4425; baseline -0.007 -15"><span class='ocrx_word' id='word_1_692' title='bbox 2302 4354 2573 4425; x_wconf 88' lang='lat' dir='ltr'><strong>gationem</strong></span> <span class='ocrx_word' id='word_1_693' title='bbox 2613 4351 2873 4420; x_wconf 82' lang='lat' dir='ltr'><strong>redigere.</strong></span> <span class='ocrx_word' id='word_1_694' title='bbox 2921 4346 3217 4419; x_wconf 85' lang='lat' dir='ltr'><strong>Propterea</strong></span> <span class='ocrx_word' id='word_1_695' title='bbox 3251 4345 3477 4418; x_wconf 86' lang='lat' dir='ltr'><strong>pelagus</strong></span> <span class='ocrx_word' id='word_1_696' title='bbox 3519 4344 3708 4400; x_wconf 85' lang='lat' dir='ltr'><strong>ventis</strong></span> <span class='ocrx_word' id='word_1_697' title='bbox 3763 4357 3904 4414; x_wconf 68' lang='lat' dir='ltr'><strong>saepe</strong></span> 
     </span>
    </p>
   </div>
   <div class='ocr_carea' id='block_1_97' title="bbox 2306 4438 3909 4513">
    <p class='ocr_par' dir='ltr' id='par_1_97' title="bbox 2306 4438 3909 4513">
     <span class='ocr_line' id='line_1_97' title="bbox 2306 4438 3909 4513; baseline -0.006 -10"><span class='ocrx_word' id='word_1_698' title='bbox 2306 4449 2600 4513; x_wconf 89' lang='lat' dir='ltr'><strong>turbatum,</strong></span> <span class='ocrx_word' id='word_1_699' title='bbox 2632 4461 2697 4501; x_wconf 91' lang='lat' dir='ltr'><strong>ac</strong></span> <span class='ocrx_word' id='word_1_700' title='bbox 2725 4442 2975 4500; x_wconf 90' lang='lat' dir='ltr'><strong>ﬂuctibus</strong></span> <span class='ocrx_word' id='word_1_701' title='bbox 2997 4449 3254 4509; x_wconf 78' lang='lat' dir='ltr'><strong>:estuans,</strong></span> <span class='ocrx_word' id='word_1_702' title='bbox 3285 4441 3339 4497; x_wconf 92' lang='lat' dir='ltr'><strong>in</strong></span> <span class='ocrx_word' id='word_1_703' title='bbox 3369 4438 3662 4511; x_wconf 86' lang='lat' dir='ltr'><strong>altumque</strong></span> <span class='ocrx_word' id='word_1_704' title='bbox 3683 4454 3909 4497; x_wconf 82' lang='lat' dir='ltr'><strong>consur—</strong></span> 
     </span>
    </p>
   </div>
   <div class='ocr_carea' id='block_1_98' title="bbox 2223 4531 3909 4649">
    <p class='ocr_par' dir='ltr' id='par_1_98' title="bbox 2223 4531 3909 4649">
     <span class='ocr_line' id='line_1_98' title="bbox 2223 4531 3909 4649; baseline -0.008 -49"><span class='ocrx_word' id='word_1_705' title='bbox 2223 4587 2276 4649; x_wconf 75' lang='lat' dir='ltr'><strong>D</strong></span> <span class='ocrx_word' id='word_1_706' title='bbox 2305 4559 2460 4614; x_wconf 84' lang='lat' dir='ltr'><strong>gens,</strong></span> <span class='ocrx_word' id='word_1_707' title='bbox 2500 4541 2588 4597; x_wconf 90' lang='lat' dir='ltr'><strong>ubi</strong></span> <span class='ocrx_word' id='word_1_708' title='bbox 2618 4540 2801 4595; x_wconf 90' lang='lat' dir='ltr'><strong>littora</strong></span> <span class='ocrx_word' id='word_1_709' title='bbox 2828 4536 3006 4594; x_wconf 88' lang='lat' dir='ltr'><strong>vicina</strong></span> <span class='ocrx_word' id='word_1_710' title='bbox 3037 4535 3056 4575; x_wconf 72' lang='grc' dir='ltr'><strong>ί</strong></span> <span class='ocrx_word' id='word_1_711' title='bbox 3092 4534 3351 4603; x_wconf 83' lang='lat' dir='ltr'><strong>tetigerit,</strong></span> <span class='ocrx_word' id='word_1_712' title='bbox 3379 4531 3620 4590; x_wconf 78' lang='lat' dir='ltr'><strong>fervoris</strong></span> <span class='ocrx_word' id='word_1_713' title='bbox 3650 4533 3909 4605; x_wconf 89' lang='lat' dir='ltr'><strong>impetum</strong></span> 
     </span>
     <span class='ocr_line' id='line_1_99' title="bbox 2547 4624 3886 4649; baseline -0.007 5"><span class='ocrx_word' id='word_1_714' title='bbox 2547 4635 2559 4649; x_wconf 86' lang='lat'><strong>.</strong></span> <span class='ocrx_word' id='word_1_715' title='bbox 2763 4632 2777 4649; x_wconf 87' lang='lat'><strong>.</strong></span> <span class='ocrx_word' id='word_1_716' title='bbox 2980 4646 3102 4649; x_wconf 60' lang='lat'><strong>,____</strong></span> <span class='ocrx_word' id='word_1_717' title='bbox 3146 4625 3609 4649; x_wconf 45' lang='lat'><strong>.“__,.___...___-</strong></span> <span class='ocrx_word' id='word_1_718' title='bbox 3663 4624 3886 4649; x_wconf 49' lang='lat' dir='ltr'><strong>mu“-</strong></span> 
     </span>
    </p>
   </div>
   <div class='ocr_carea' id='block_1_99' title="bbox 2300 4624 3911 4709">
    <p class='ocr_par' dir='ltr' id='par_1_99' title="bbox 2300 4624 3911 4709">
     <span class='ocr_line' id='line_1_100' title="bbox 2300 4624 3911 4709; baseline -0.007 -17"><span class='ocrx_word' id='word_1_719' title='bbox 2300 4635 2599 4709; x_wconf 89' lang='lat' dir='ltr'><strong>spumando</strong></span> <span class='ocrx_word' id='word_1_720' title='bbox 2637 4632 2934 4700; x_wconf 87' lang='lat' dir='ltr'><strong>resolvens,</strong></span> <span class='ocrx_word' id='word_1_721' title='bbox 2978 4646 3107 4686; x_wconf 79' lang='lat' dir='ltr'><strong>mox</strong></span> <span class='ocrx_word' id='word_1_722' title='bbox 3144 4625 3614 4700; x_wconf 62' lang='lat' dir='ltr'><strong>frangiturlatque</strong></span> <span class='ocrx_word' id='word_1_723' title='bbox 3662 4624 3911 4682; x_wconf 81' lang='lat' dir='ltr'><strong>subduci-</strong></span> 
     </span>
    </p>
   </div>
   <div class='ocr_carea' id='block_1_100' title="bbox 2298 4718 3915 4791">
    <p class='ocr_par' dir='ltr' id='par_1_100' title="bbox 2298 4718 3915 4791">
     <span class='ocr_line' id='line_1_101' title="bbox 2298 4718 3915 4791; baseline -0.008 -5"><span class='ocrx_word' id='word_1_724' title='bbox 2298 4731 2458 4787; x_wconf 88' lang='lat' dir='ltr'><strong>citur.</strong></span> <span class='ocrx_word' id='word_1_725' title='bbox 2480 4730 2583 4783; x_wconf 82' lang='lat' dir='ltr'><strong>Aut</strong></span> <span class='ocrx_word' id='word_1_726' title='bbox 2602 4743 2683 4782; x_wconf 89' lang='lat' dir='ltr'><strong>me</strong></span> <span class='ocrx_word' id='word_1_727' title='bbox 2702 4742 2808 4781; x_wconf 84' lang='lat' dir='ltr'><strong>non</strong></span> <span class='ocrx_word' id='word_1_728' title='bbox 2831 4722 3091 4787; x_wconf 85' lang='lat' dir='ltr'><strong>timebitis,</strong></span> <span class='ocrx_word' id='word_1_729' title='bbox 3122 4722 3248 4776; x_wconf 81' lang='lat' dir='ltr'><strong>dicit</strong></span> <span class='ocrx_word' id='word_1_730' title='bbox 3280 4718 3559 4782; x_wconf 81' lang='lat' dir='ltr'><strong>Dominus,</strong></span> <span class='ocrx_word' id='word_1_731' title='bbox 3587 4720 3683 4791; x_wconf 76' lang='lat' dir='ltr'><strong>qui</strong></span> <span class='ocrx_word' id='word_1_732' title='bbox 3704 4733 3915 4774; x_wconf 67' lang='lat' dir='ltr'><strong>arm</strong></span> 
     </span>
    </p>
   </div>
   <div class='ocr_carea' id='block_1_101' title="bbox 2302 4810 3914 4893">
    <p class='ocr_par' dir='ltr' id='par_1_101' title="bbox 2302 4810 3914 4893">
     <span class='ocr_line' id='line_1_102' title="bbox 2302 4810 3914 4893; baseline -0.009 -12"><span class='ocrx_word' id='word_1_733' title='bbox 2302 4825 2577 4882; x_wconf 82' lang='lat' dir='ltr'><strong>terminum</strong></span> <span class='ocrx_word' id='word_1_734' title='bbox 2597 4837 2731 4893; x_wconf 86' lang='lat' dir='ltr'><strong>pono</strong></span> <span class='ocrx_word' id='word_1_735' title='bbox 2765 4819 2899 4874; x_wconf 84' lang='lat' dir='ltr'><strong>mari</strong></span> <span class='ocrx_word' id='word_1_736' title='bbox 2925 4815 3058 4886; x_wconf 79' lang='lat' dir='ltr'><strong>(Jer.</strong></span> <span class='ocrx_word' id='word_1_737' title='bbox 3084 4831 3139 4881; x_wconf 90' lang='lat' dir='ltr'><strong>v,</strong></span> <span class='ocrx_word' id='word_1_738' title='bbox 3169 4810 3304 4885; x_wconf 56' lang='lat' dir='ltr'><strong>ﬁ)?</strong></span> <span class='ocrx_word' id='word_1_739' title='bbox 3331 4811 3550 4868; x_wconf 82' lang='lat' dir='ltr'><strong>Etenim</strong></span> <span class='ocrx_word' id='word_1_740' title='bbox 3581 4813 3794 4868; x_wconf 85' lang='lat' dir='ltr'><strong>mirum</strong></span> <span class='ocrx_word' id='word_1_741' title='bbox 3838 4817 3914 4867; x_wconf 60' lang='lat' dir='ltr'><strong>at</strong></span> 
     </span>
    </p>
   </div>
   <div class='ocr_carea' id='block_1_102' title="bbox 2300 4902 3917 4990">
    <p class='ocr_par' dir='ltr' id='par_1_102' title="bbox 2300 4902 3917 4990">
     <span class='ocr_line' id='line_1_103' title="bbox 2300 4902 3917 4990; baseline -0.01 -16"><span class='ocrx_word' id='word_1_742' title='bbox 2300 4914 2577 4990; x_wconf 90' lang='lat' dir='ltr'><strong>quomodo</strong></span> <span class='ocrx_word' id='word_1_743' title='bbox 2604 4928 2692 4971; x_wconf 88' lang='lat' dir='ltr'><strong>res</strong></span> <span class='ocrx_word' id='word_1_744' title='bbox 2720 4911 2961 4966; x_wconf 91' lang='lat' dir='ltr'><strong>omnium</strong></span> <span class='ocrx_word' id='word_1_745' title='bbox 2985 4922 3106 4978; x_wconf 66' lang='lat' dir='ltr'><strong>quae</strong></span> <span class='ocrx_word' id='word_1_746' title='bbox 3126 4906 3179 4961; x_wconf 93' lang='lat' dir='ltr'><strong>in</strong></span> <span class='ocrx_word' id='word_1_747' title='bbox 3220 4905 3380 4961; x_wconf 88' lang='lat' dir='ltr'><strong>terris</strong></span> <span class='ocrx_word' id='word_1_748' title='bbox 3402 4912 3429 4952; x_wconf 71' lang='grc' dir='ltr'><strong><em>ο</em></strong></span> <span class='ocrx_word' id='word_1_749' title='bbox 3449 4903 3751 4960; x_wconf 84' lang='lat' dir='ltr'><strong>habentur</strong></span> <span class='ocrx_word' id='word_1_750' title='bbox 3774 4902 3917 4959; x_wconf 80' lang='lat' dir='ltr'><strong>inﬁr-</strong></span> 
     </span>
    </p>
   </div>
   <div class='ocr_carea' id='block_1_103' title="bbox 2301 4995 3918 5077">
    <p class='ocr_par' dir='ltr' id='par_1_103' title="bbox 2301 4995 3918 5077">
     <span class='ocr_line' id='line_1_104' title="bbox 2301 4995 3918 5077; baseline -0.009 -9"><span class='ocrx_word' id='word_1_751' title='bbox 2301 5013 2442 5068; x_wconf 89' lang='lat' dir='ltr'><strong>mior</strong></span> <span class='ocrx_word' id='word_1_752' title='bbox 2470 5022 2656 5071; x_wconf 87' lang='lat' dir='ltr'><strong>arena,</strong></span> <span class='ocrx_word' id='word_1_753' title='bbox 2684 5007 2837 5077; x_wconf 92' lang='lat' dir='ltr'><strong>jussu</strong></span> <span class='ocrx_word' id='word_1_754' title='bbox 2860 5004 2956 5058; x_wconf 87' lang='lat' dir='ltr'><strong>Dei</strong></span> <span class='ocrx_word' id='word_1_755' title='bbox 2987 5001 3300 5057; x_wconf 85' lang='lat' dir='ltr'><strong>violentiam</strong></span> <span class='ocrx_word' id='word_1_756' title='bbox 3320 4998 3487 5054; x_wconf 89' lang='lat' dir='ltr'><strong>maris</strong></span> <span class='ocrx_word' id='word_1_757' title='bbox 3513 4997 3739 5055; x_wconf 81' lang='lat' dir='ltr'><strong>frenat.</strong></span> <span class='ocrx_word' id='word_1_758' title='bbox 3771 4995 3918 5067; x_wconf 81' lang='lat' dir='ltr'><strong>Quod</strong></span> 
     </span>
    </p>
   </div>
   <div class='ocr_carea' id='block_1_104' title="bbox 2301 5089 3917 5170">
    <p class='ocr_par' dir='ltr' id='par_1_104' title="bbox 2301 5089 3917 5170">
     <span class='ocr_line' id='line_1_105' title="bbox 2301 5089 3917 5170; baseline -0.009 -7"><span class='ocrx_word' id='word_1_759' title='bbox 2301 5106 2346 5164; x_wconf 88' lang='lat' dir='ltr'><strong>si</strong></span> <span class='ocrx_word' id='word_1_760' title='bbox 2367 5119 2524 5161; x_wconf 89' lang='lat' dir='ltr'><strong>secus</strong></span> <span class='ocrx_word' id='word_1_761' title='bbox 2550 5108 2715 5169; x_wconf 90' lang='lat' dir='ltr'><strong>esset,</strong></span> <span class='ocrx_word' id='word_1_762' title='bbox 2737 5113 2855 5170; x_wconf 73' lang='lat' dir='ltr'><strong>qua:</strong></span> <span class='ocrx_word' id='word_1_763' title='bbox 2875 5096 3015 5153; x_wconf 90' lang='lat' dir='ltr'><strong>ratio</strong></span> <span class='ocrx_word' id='word_1_764' title='bbox 3029 5101 3213 5150; x_wconf 86' lang='lat' dir='ltr'><strong>vetare</strong></span> <span class='ocrx_word' id='word_1_765' title='bbox 3231 5097 3449 5165; x_wconf 89' lang='lat' dir='ltr'><strong>poterat</strong></span> <span class='ocrx_word' id='word_1_766' title='bbox 3470 5089 3744 5149; x_wconf 80' lang='lat' dir='ltr'><strong>Rubrum</strong></span> <span class='ocrx_word' id='word_1_767' title='bbox 3754 5106 3917 5157; x_wconf 81' lang='lat' dir='ltr'><strong>mare,</strong></span> 
     </span>
    </p>
   </div>
   <div class='ocr_carea' id='block_1_105' title="bbox 3930 5224 3965 5275">
    <p class='ocr_par' dir='ltr' id='par_1_105' title="bbox 3930 5224 3965 5275">
     <span class='ocr_line' id='line_1_106' title="bbox 3930 5224 3965 5275; baseline 0 -13"><span class='ocrx_word' id='word_1_768' title='bbox 3930 5224 3965 5275; x_wconf 60' lang='lat' dir='ltr'><strong>il</strong></span> 
     </span>
    </p>
   </div>
   <div class='ocr_carea' id='block_1_106' title="bbox 599 5273 2472 5347">
    <p class='ocr_par' dir='ltr' id='par_1_106' title="bbox 599 5273 2472 5347">
     <span class='ocr_line' id='line_1_107' title="bbox 599 5273 2472 5347; baseline 0.006 -18"><span class='ocrx_word' id='word_1_769' title='bbox 599 5283 672 5332; x_wconf 76' lang='lat' dir='ltr'><strong>tes</strong></span> <span class='ocrx_word' id='word_1_770' title='bbox 693 5291 894 5330; x_wconf 83' lang='lat' dir='ltr'><strong>currus.</strong></span> <span class='ocrx_word' id='word_1_771' title='bbox 922 5273 1117 5347; x_wconf 76' lang='lat' dir='ltr'><strong>Statim</strong></span> <span class='ocrx_word' id='word_1_772' title='bbox 1166 5273 1294 5330; x_wconf 90' lang='lat' dir='ltr'><strong>editi</strong></span> <span class='ocrx_word' id='word_1_773' title='bbox 1329 5282 1398 5347; x_wconf 77' lang='lat' dir='ltr'><strong>et</strong></span> <span class='ocrx_word' id='word_1_774' title='bbox 1425 5274 1531 5330; x_wconf 91' lang='lat' dir='ltr'><strong>duo</strong></span> <span class='ocrx_word' id='word_1_775' title='bbox 1574 5293 1728 5347; x_wconf 90' lang='lat' dir='ltr'><strong>mss.,</strong></span> <span class='ocrx_word' id='word_1_776' title='bbox 1759 5280 2059 5339; x_wconf 82' lang='lat' dir='ltr'><strong>diuturnam</strong></span> <span class='ocrx_word' id='word_1_777' title='bbox 2110 5303 2190 5340; x_wconf 89' lang='lat' dir='ltr'><strong>co-</strong></span> <span class='ocrx_word' id='word_1_778' title='bbox 2288 5286 2472 5346; x_wconf 78' lang='lat' dir='ltr'><strong>batur.</strong></span> 
     </span>
    </p>
   </div>
   <div class='ocr_carea' id='block_1_107' title="bbox 596 5345 3917 5501">
    <p class='ocr_par' dir='ltr' id='par_1_107' title="bbox 596 5345 3917 5501">
     <span class='ocr_line' id='line_1_108' title="bbox 596 5345 3917 5501; baseline 0.002 -99"><span class='ocrx_word' id='word_1_779' title='bbox 596 5348 919 5479; x_wconf 46' lang='lat' dir='ltr'><strong>arationem.</strong></span> <span class='ocrx_word' id='word_1_780' title='bbox 959 5345 1114 5403; x_wconf 80' lang='lat' dir='ltr'><strong>Colb.</strong></span> <span class='ocrx_word' id='word_1_781' title='bbox 1144 5345 1432 5411; x_wconf 86' lang='lat' dir='ltr'><strong>secundus,</strong></span> <span class='ocrx_word' id='word_1_782' title='bbox 1460 5345 1722 5404; x_wconf 79' lang='lat' dir='ltr'><strong>diurnam.</strong></span> <span class='ocrx_word' id='word_1_783' title='bbox 1752 5349 1959 5422; x_wconf 62' lang='lat' dir='ltr'><strong>Graece,</strong></span> <span class='ocrx_word' id='word_1_784' title='bbox 1984 5365 2073 5418; x_wconf 80' lang='grc' dir='ltr'><strong>τῆς</strong></span> <span class='ocrx_word' id='word_1_785' title='bbox 2099 5379 2190 5428; x_wconf 77' lang='grc' dir='ltr'><strong>με-</strong></span> <span class='ocrx_word' id='word_1_786' title='bbox 2298 5356 2595 5501; x_wconf 45' lang='grc' dir='ltr'><strong>μαῖ’-0011).</strong></span> <span class='ocrx_word' id='word_1_787' title='bbox 2638 5351 2932 5416; x_wconf 88' lang='lat' dir='ltr'><strong>secundus,</strong></span> <span class='ocrx_word' id='word_1_788' title='bbox 2978 5353 3129 5423; x_wconf 79' lang='lat' dir='ltr'><strong>jussa</strong></span> <span class='ocrx_word' id='word_1_789' title='bbox 3157 5359 3235 5406; x_wconf 83' lang='lat' dir='ltr'><strong>est</strong></span> <span class='ocrx_word' id='word_1_790' title='bbox 3278 5364 3540 5422; x_wconf 73' lang='lat' dir='ltr'><strong>aquarum</strong></span> <span class='ocrx_word' id='word_1_791' title='bbox 3584 5359 3797 5407; x_wconf 69' lang='lat' dir='ltr'><strong>natura</strong></span> <span class='ocrx_word' id='word_1_792' title='bbox 3832 5350 3917 5406; x_wconf 74' lang='lat' dir='ltr'><strong>de-</strong></span> 
     </span>
     <span class='ocr_line' id='line_1_109' title="bbox 659 5440 3882 5501; baseline 0 0"><span class='ocrx_word' id='word_1_793' title='bbox 659 5440 887 5501; x_wconf 52' lang='grc' dir='ltr'><strong>μεὲνῖλῨ</strong></span> <span class='ocrx_word' id='word_1_794' title='bbox 1096 5488 1111 5501; x_wconf 91' lang='grc'><em>.</em></span> <span class='ocrx_word' id='word_1_795' title='bbox 1464 5498 1472 5501; x_wconf 29' lang='grc' dir='ltr'><em>Α</em></span> <span class='ocrx_word' id='word_1_796' title='bbox 1688 5490 1735 5501; x_wconf 89' lang='grc'><strong>-.</strong></span> <span class='ocrx_word' id='word_1_797' title='bbox 1834 5494 1844 5501; x_wconf 85' lang='grc'>.</span> <span class='ocrx_word' id='word_1_798' title='bbox 1868 5494 1881 5501; x_wconf 90' lang='grc'><strong>-</strong></span> <span class='ocrx_word' id='word_1_799' title='bbox 2080 5498 2092 5501; x_wconf 83' lang='grc'><strong>-</strong></span> <span class='ocrx_word' id='word_1_800' title='bbox 2427 5446 2477 5501; x_wconf 62' lang='lat'><strong>9.:</strong></span> <span class='ocrx_word' id='word_1_801' title='bbox 2500 5499 2529 5501; x_wconf 65' lang='lat'><strong>_,</strong></span> <span class='ocrx_word' id='word_1_802' title='bbox 2568 5500 2575 5501; x_wconf 60' lang='lat'><strong><em>,</em></strong></span> <span class='ocrx_word' id='word_1_803' title='bbox 2703 5497 2715 5501; x_wconf 84' lang='lat'>_</span> <span class='ocrx_word' id='word_1_804' title='bbox 3502 5499 3507 5501; x_wconf 24' lang='grc' dir='ltr'><strong>Α</strong></span> <span class='ocrx_word' id='word_1_805' title='bbox 3778 5492 3812 5501; x_wconf 79' lang='lat'><strong>..</strong></span> <span class='ocrx_word' id='word_1_806' title='bbox 3851 5492 3882 5501; x_wconf 85' lang='lat'><strong>..</strong></span> 
     </span>
    </p>
   </div>
   <div class='ocr_carea' id='block_1_108' title="bbox 669 5488 2189 5567">
    <p class='ocr_par' dir='ltr' id='par_1_108' title="bbox 669 5488 2189 5567">
     <span class='ocr_line' id='line_1_110' title="bbox 669 5488 2189 5567; baseline 0.014 -32"><span class='ocrx_word' id='word_1_807' title='bbox 669 5500 693 5567; x_wconf 54' lang='grc' dir='ltr'><strong><em>ς</em></strong></span> <span class='ocrx_word' id='word_1_808' title='bbox 725 5488 891 5567; x_wconf 55' lang='lat'><strong>&#39;09“),</strong></span> <span class='ocrx_word' id='word_1_809' title='bbox 914 5488 1203 5567; x_wconf 60' lang='lat' dir='ltr'><strong>secupdus,</strong></span> <span class='ocrx_word' id='word_1_810' title='bbox 1229 5506 1430 5545; x_wconf 88' lang='lat' dir='ltr'><strong>omnem</strong></span> <span class='ocrx_word' id='word_1_811' title='bbox 1454 5490 1808 5567; x_wconf 51' lang='lat' dir='ltr'><strong>terram.)on</strong></span> <span class='ocrx_word' id='word_1_812' title='bbox 1834 5494 1972 5567; x_wconf 79' lang='lat' dir='ltr'><strong>idem</strong></span> <span class='ocrx_word' id='word_1_813' title='bbox 1994 5498 2189 5567; x_wconf 85' lang='lat' dir='ltr'><strong>codex,</strong></span> 
     </span>
    </p>
   </div>
   <div class='ocr_carea' id='block_1_109' title="bbox 595 5559 2192 5641">
    <p class='ocr_par' dir='ltr' id='par_1_109' title="bbox 595 5559 2192 5641">
     <span class='ocr_line' id='line_1_111' title="bbox 595 5559 2192 5641; baseline 0.006 -26"><span class='ocrx_word' id='word_1_814' title='bbox 595 5563 710 5641; x_wconf 72' lang='lat' dir='ltr'><strong>quis</strong></span> <span class='ocrx_word' id='word_1_815' title='bbox 750 5560 991 5641; x_wconf 60' lang='lat' dir='ltr'><strong>requiret.</strong></span> <span class='ocrx_word' id='word_1_816' title='bbox 1042 5559 1207 5627; x_wconf 86' lang='lat' dir='ltr'><strong>Editi,</strong></span> <span class='ocrx_word' id='word_1_817' title='bbox 1235 5578 1351 5633; x_wconf 79' lang='lat' dir='ltr'><strong>qua:</strong></span> <span class='ocrx_word' id='word_1_818' title='bbox 1400 5561 1639 5633; x_wconf 82' lang='lat' dir='ltr'><strong>requiret.</strong></span> <span class='ocrx_word' id='word_1_819' title='bbox 1671 5560 1907 5621; x_wconf 90' lang='lat' dir='ltr'><strong>Subinde</strong></span> <span class='ocrx_word' id='word_1_820' title='bbox 1956 5568 2046 5624; x_wconf 90' lang='lat' dir='ltr'><strong>ille</strong></span> <span class='ocrx_word' id='word_1_821' title='bbox 2076 5559 2192 5641; x_wconf 79' lang='lat' dir='ltr'><strong>ipsc</strong></span> 
     </span>
    </p>
   </div>
   <div class='ocr_carea' id='block_1_110' title="bbox 599 5632 1348 5699">
    <p class='ocr_par' dir='ltr' id='par_1_110' title="bbox 599 5632 1348 5699">
     <span class='ocr_line' id='line_1_112' title="bbox 599 5632 1348 5699; baseline -0.007 -10"><span class='ocrx_word' id='word_1_822' title='bbox 599 5632 766 5688; x_wconf 85' lang='lat' dir='ltr'><strong>codex</strong></span> <span class='ocrx_word' id='word_1_823' title='bbox 782 5674 796 5699; x_wconf 95' lang='lat'><strong>,</strong></span> <span class='ocrx_word' id='word_1_824' title='bbox 817 5632 1045 5689; x_wconf 63' lang='lat' dir='ltr'><strong>uelocior</strong></span> <span class='ocrx_word' id='word_1_825' title='bbox 1072 5632 1348 5687; x_wconf 83' lang='lat' dir='ltr'><strong>remeatus.</strong></span> 
     </span>
    </p>
   </div>
   <div class='ocr_carea' id='block_1_111' title="bbox 669 5701 2186 5775">
    <p class='ocr_par' dir='ltr' id='par_1_111' title="bbox 669 5701 2186 5775">
     <span class='ocr_line' id='line_1_113' title="bbox 669 5701 2186 5775; baseline 0.009 -20"><span class='ocrx_word' id='word_1_826' title='bbox 669 5702 709 5775; x_wconf 54' lang='grc' dir='ltr'><strong>ιζ</strong></span> <span class='ocrx_word' id='word_1_827' title='bbox 736 5703 897 5771; x_wconf 84' lang='lat' dir='ltr'><strong>Editi,</strong></span> <span class='ocrx_word' id='word_1_828' title='bbox 950 5704 1173 5773; x_wconf 66' lang='lat' dir='ltr'><strong>differet.</strong></span> <span class='ocrx_word' id='word_1_829' title='bbox 1229 5701 1369 5758; x_wconf 88' lang='lat' dir='ltr'><strong>Libri</strong></span> <span class='ocrx_word' id='word_1_830' title='bbox 1429 5710 1659 5775; x_wconf 83' lang='lat' dir='ltr'><strong>veteres,</strong></span> <span class='ocrx_word' id='word_1_831' title='bbox 1708 5706 1960 5775; x_wconf 73' lang='lat' dir='ltr'><strong>ali/ferret.</strong></span> <span class='ocrx_word' id='word_1_832' title='bbox 1992 5709 2186 5767; x_wconf 83' lang='lat' dir='ltr'><strong>Statim</strong></span> 
     </span>
    </p>
   </div>
   <div class='ocr_carea' id='block_1_112' title="bbox 600 5771 1740 5840">
    <p class='ocr_par' dir='ltr' id='par_1_112' title="bbox 600 5771 1740 5840">
     <span class='ocr_line' id='line_1_114' title="bbox 600 5771 1740 5840; baseline 0.002 -15"><span class='ocrx_word' id='word_1_833' title='bbox 600 5771 753 5827; x_wconf 84' lang='lat' dir='ltr'><strong>Colb.</strong></span> <span class='ocrx_word' id='word_1_834' title='bbox 784 5771 1066 5838; x_wconf 81' lang='lat' dir='ltr'><strong>secundus,</strong></span> <span class='ocrx_word' id='word_1_835' title='bbox 1092 5776 1144 5826; x_wconf 85' lang='lat' dir='ltr'><strong>in</strong></span> <span class='ocrx_word' id='word_1_836' title='bbox 1163 5789 1329 5840; x_wconf 83' lang='lat' dir='ltr'><strong>unum</strong></span> <span class='ocrx_word' id='word_1_837' title='bbox 1344 5773 1740 5840; x_wconf 72' lang='lat' dir='ltr'><strong>receptaculum;</strong></span> 
     </span>
    </p>
   </div>
   <div class='ocr_carea' id='block_1_113' title="bbox 674 5839 2185 5907">
    <p class='ocr_par' dir='ltr' id='par_1_113' title="bbox 674 5839 2185 5907">
     <span class='ocr_line' id='line_1_115' title="bbox 674 5839 2185 5907; baseline 0.007 -12"><span class='ocrx_word' id='word_1_838' title='bbox 674 5853 698 5881; x_wconf 72' lang='grc' dir='ltr'><strong>ε</strong></span> <span class='ocrx_word' id='word_1_839' title='bbox 737 5841 816 5898; x_wconf 83' lang='lat' dir='ltr'><strong>Ita</strong></span> <span class='ocrx_word' id='word_1_840' title='bbox 870 5843 988 5899; x_wconf 89' lang='lat' dir='ltr'><strong>libri</strong></span> <span class='ocrx_word' id='word_1_841' title='bbox 1032 5850 1262 5899; x_wconf 87' lang='lat' dir='ltr'><strong>veteres.</strong></span> <span class='ocrx_word' id='word_1_842' title='bbox 1317 5839 1436 5895; x_wconf 81' lang='lat' dir='ltr'><strong>Vox</strong></span> <span class='ocrx_word' id='word_1_843' title='bbox 1464 5839 1583 5895; x_wconf 49' lang='lat' dir='ltr'><strong>&#39;hoc</strong></span> <span class='ocrx_word' id='word_1_844' title='bbox 1631 5844 1686 5898; x_wconf 93' lang='lat' dir='ltr'><strong>in</strong></span> <span class='ocrx_word' id='word_1_845' title='bbox 1714 5845 1873 5905; x_wconf 86' lang='lat' dir='ltr'><strong>editis</strong></span> <span class='ocrx_word' id='word_1_846' title='bbox 1911 5849 2185 5907; x_wconf 82' lang='lat' dir='ltr'><strong>desidera-</strong></span> 
     </span>
    </p>
   </div>
   <div class='ocr_carea' id='block_1_114' title="bbox 2373 5492 3946 5564">
    <p class='ocr_par' dir='ltr' id='par_1_114' title="bbox 2373 5492 3946 5564">
     <span class='ocr_line' id='line_1_116' title="bbox 2373 5492 3946 5564; baseline -0.004 -9"><span class='ocrx_word' id='word_1_847' title='bbox 2373 5511 2395 5538; x_wconf 73' lang='grc' dir='ltr'>θ</span> <span class='ocrx_word' id='word_1_848' title='bbox 2438 5499 2580 5555; x_wconf 88' lang='lat' dir='ltr'><strong>Editi</strong></span> <span class='ocrx_word' id='word_1_849' title='bbox 2602 5506 2658 5555; x_wconf 84' lang='lat' dir='ltr'><strong>et</strong></span> <span class='ocrx_word' id='word_1_850' title='bbox 2685 5497 2793 5553; x_wconf 93' lang='lat' dir='ltr'><strong>duo</strong></span> <span class='ocrx_word' id='word_1_851' title='bbox 2818 5512 2968 5564; x_wconf 89' lang='lat' dir='ltr'><strong>mss.,</strong></span> <span class='ocrx_word' id='word_1_852' title='bbox 3003 5506 3051 5551; x_wconf 88' lang='lat' dir='ltr'><strong>te</strong></span> <span class='ocrx_word' id='word_1_853' title='bbox 3088 5501 3325 5550; x_wconf 79' lang='lat' dir='ltr'><strong>stante...</strong></span> <span class='ocrx_word' id='word_1_854' title='bbox 3359 5499 3740 5564; x_wconf 76' lang='lat' dir='ltr'><strong>reputantem.</strong></span> <span class='ocrx_word' id='word_1_855' title='bbox 3769 5492 3946 5549; x_wconf 64' lang='lat' dir='ltr'><strong>Colb.’</strong></span> 
     </span>
    </p>
   </div>
   <div class='ocr_carea' id='block_1_115' title="bbox 2297 5571 3216 5639">
    <p class='ocr_par' dir='ltr' id='par_1_115' title="bbox 2297 5571 3216 5639">
     <span class='ocr_line' id='line_1_117' title="bbox 2297 5571 3216 5639; baseline -0.013 -8"><span class='ocrx_word' id='word_1_856' title='bbox 2297 5571 2586 5637; x_wconf 87' lang='lat' dir='ltr'><strong>secundus,</strong></span> <span class='ocrx_word' id='word_1_857' title='bbox 2617 5580 2664 5625; x_wconf 87' lang='lat' dir='ltr'><strong>te</strong></span> <span class='ocrx_word' id='word_1_858' title='bbox 2686 5576 2923 5639; x_wconf 80' lang='lat' dir='ltr'><strong>stante...</strong></span> <span class='ocrx_word' id='word_1_859' title='bbox 2944 5575 3216 5639; x_wconf 74' lang='lat' dir='ltr'><strong>reputans.</strong></span> 
     </span>
    </p>
   </div>
   <div class='ocr_carea' id='block_1_116' title="bbox 2366 5635 3921 5718">
    <p class='ocr_par' dir='ltr' id='par_1_116' title="bbox 2366 5635 3921 5718">
     <span class='ocr_line' id='line_1_118' title="bbox 2366 5635 3921 5718; baseline -0.003 -20"><span class='ocrx_word' id='word_1_860' title='bbox 2366 5635 2587 5718; x_wconf 56' lang='lat' dir='ltr'><strong>fﬂolb.</strong></span> <span class='ocrx_word' id='word_1_861' title='bbox 2628 5638 2926 5718; x_wconf 72' lang='lat' dir='ltr'><strong>secundus,</strong></span> <span class='ocrx_word' id='word_1_862' title='bbox 2957 5635 3155 5718; x_wconf 52' lang='lat' dir='ltr'><strong>pagina</strong></span> <span class='ocrx_word' id='word_1_863' title='bbox 3199 5635 3491 5718; x_wconf 66' lang='lat' dir='ltr'><strong>contigerit.</strong></span> <span class='ocrx_word' id='word_1_864' title='bbox 3562 5635 3755 5718; x_wconf 50' lang='lat' dir='ltr'><strong>fault}</strong></span> <span class='ocrx_word' id='word_1_865' title='bbox 3780 5643 3921 5718; x_wconf 82' lang='lat' dir='ltr'><strong>_po_st</strong></span> 
     </span>
    </p>
   </div>
   <div class='ocr_carea' id='block_1_117' title="bbox 2295 5707 3918 5780">
    <p class='ocr_par' dir='ltr' id='par_1_117' title="bbox 2295 5707 3918 5780">
     <span class='ocr_line' id='line_1_119' title="bbox 2295 5707 3918 5780; baseline -0.003 -12"><span class='ocrx_word' id='word_1_866' title='bbox 2295 5710 2446 5780; x_wconf 72' lang='lat' dir='ltr'><strong>editi,</strong></span> <span class='ocrx_word' id='word_1_867' title='bbox 2470 5728 2573 5766; x_wconf 88' lang='lat' dir='ltr'><strong>non</strong></span> <span class='ocrx_word' id='word_1_868' title='bbox 2603 5709 2823 5766; x_wconf 86' lang='lat' dir='ltr'><strong>timebis.</strong></span> <span class='ocrx_word' id='word_1_869' title='bbox 2848 5710 3066 5780; x_wconf 85' lang='lat' dir='ltr'><strong>Antiqui</strong></span> <span class='ocrx_word' id='word_1_870' title='bbox 3095 5708 3205 5765; x_wconf 92' lang='lat' dir='ltr'><strong>duo</strong></span> <span class='ocrx_word' id='word_1_871' title='bbox 3230 5707 3374 5773; x_wconf 88' lang='lat' dir='ltr'><strong>libri,</strong></span> <span class='ocrx_word' id='word_1_872' title='bbox 3403 5721 3507 5760; x_wconf 86' lang='lat' dir='ltr'><strong>non</strong></span> <span class='ocrx_word' id='word_1_873' title='bbox 3550 5707 3838 5766; x_wconf 69' lang='lat' dir='ltr'><strong>timebitis.</strong></span> <span class='ocrx_word' id='word_1_874' title='bbox 3867 5707 3918 5763; x_wconf 84' lang='lat' dir='ltr'><strong>ln</strong></span> 
     </span>
    </p>
   </div>
   <div class='ocr_carea' id='block_1_118' title="bbox 2290 5779 3329 5852">
    <p class='ocr_par' dir='ltr' id='par_1_118' title="bbox 2290 5779 3329 5852">
     <span class='ocr_line' id='line_1_120' title="bbox 2290 5779 3329 5852; baseline 0.002 -17"><span class='ocrx_word' id='word_1_875' title='bbox 2290 5779 2505 5852; x_wconf 80' lang='lat' dir='ltr'><strong>Gneco,</strong></span> <span class='ocrx_word' id='word_1_876' title='bbox 2537 5785 2595 5838; x_wconf 79' lang='grc' dir='ltr'><strong>οὐ</strong></span> <span class='ocrx_word' id='word_1_877' title='bbox 2626 5784 2970 5852; x_wconf 71' lang='grc' dir='ltr'><strong>φοϐηθήσεσθε</strong></span> <span class='ocrx_word' id='word_1_878' title='bbox 2982 5822 2993 5834; x_wconf 90' lang='grc'><strong>.</strong></span> <span class='ocrx_word' id='word_1_879' title='bbox 3314 5820 3329 5852; x_wconf 86' lang='lat'><strong>_.</strong></span> 
     </span>
    </p>
   </div>
   <div class='ocr_carea' id='block_1_119' title="bbox 2363 5848 3593 5920">
    <p class='ocr_par' dir='ltr' id='par_1_119' title="bbox 2363 5848 3593 5920">
     <span class='ocr_line' id='line_1_121' title="bbox 2363 5848 3593 5920; baseline -0.002 -13"><span class='ocrx_word' id='word_1_880' title='bbox 2363 5861 2387 5900; x_wconf 71' lang='grc' dir='ltr'>ι</span> <span class='ocrx_word' id='word_1_881' title='bbox 2420 5851 2583 5918; x_wconf 81' lang='lat' dir='ltr'><strong>Editi,</strong></span> <span class='ocrx_word' id='word_1_882' title='bbox 2607 5848 2839 5907; x_wconf 81' lang='lat' dir='ltr'><strong>habetur.</strong></span> <span class='ocrx_word' id='word_1_883' title='bbox 2871 5851 3015 5909; x_wconf 85' lang='lat' dir='ltr'><strong>Libri</strong></span> <span class='ocrx_word' id='word_1_884' title='bbox 3039 5860 3271 5920; x_wconf 84' lang='lat' dir='ltr'><strong>veteres,</strong></span> <span class='ocrx_word' id='word_1_885' title='bbox 3303 5848 3593 5905; x_wconf 78' lang='lat' dir='ltr'><strong>habentur.</strong></span> 
     </span>
    </p>
   </div>
  </div>
