4110 6336
596 367 693 426 9H

2063 339 2417 397 EUSTATHII

3329 279 3364 289 η.
3383 278 3449 286 .-~

3782 334 3892 400 tua

594 508 697 550 nec
723 503 931 554 crocus,
963 498 1064 540 nec
1117 480 1220 536 alia
1256 476 1486 548 plurima
1538 457 1798 527 nascendi
1854 465 2179 537 principium
2211 463 2266 524 Α
2292 471 2394 533 tes,
2417 464 2902 535 gravissimumque
2927 474 3191 522 terrorem
3215 471 3240 505 ε
3261 457 3589 537 supplicibus
3609 463 3888 522 ferentes:

595 583 896 645 sortiuntur
917 551 1002 634 ex
1050 571 1296 631 semine?
1326 568 1406 623 Ad
1433 567 1547 621 hmo
1587 559 1997 633 respondemus,
2042 551 2190 645 quod

595 670 913 742 l-quaadam
961 680 1148 722 eorum
1197 675 1318 732 quae
1365 666 1506 714 terra
1556 653 1826 726 producit,
1887 651 1942 704 in
2007 644 2200 742 radici-

593 737 702 824 bus
735 773 791 822 et
827 764 882 818 in
933 758 1099 816 fundo
1143 754 1438 812 creduntur
1484 751 1738 804 virtutem
1785 741 2004 800 seminis
2050 737 2195 795 obti-

595 873 752 924 nere,
781 857 918 910 sicut
956 851 1192 908 calamus
1236 852 1363 918 post
1393 844 1724 899 incrementa
1775 834 2038 900 recentia,
2072 846 2197 886 rur-

596 967 693 1009 sus
721 950 879 1004 aliam
927 945 1168 1002 sobolem
1189 943 1256 998 de
1293 939 1473 995 radice
1512 934 1779 994 submittit
1803 929 2199 1002 reparationem

597 1042 783 1112 stirpis
833 1042 887 1095 in
932 1047 1212 1109 posterum
1262 1039 1657 1106 porrecturam.
1705 1026 1821 1080 Hoc
1865 1033 2046 1078 autem
2074 1019 2200 1075 facit

603 1152 713 1192 non
753 1135 932 1189 solum
977 1131 1236 1196 calamus,
1277 1126 1372 1182 sed
1406 1125 1567 1180 etiam
1610 1121 1713 1175 alia
1753 1118 1922 1184 mille,
1952 1129 2071 1186 quae
2100 1112 2200 1167 sub

602 1228 798 1284 tellure
843 1210 1148 1290 nascentia,
1194 1219 1490 1276 redivivam
1525 1215 1732 1287 prolem
1771 1213 1827 1266 in
1875 1207 2060 1264 radice
2104 1221 2201 1262 cu-

603 1322 866 1379 stodiunt.
929 1317 1082 1373 Unde
1123 1329 1311 1370 verum
1347 1327 1466 1367 esse
1505 1309 1785 1378 probatum
1815 1312 1897 1359 est
1929 1300 2053 1372 quia
2080 1298 2203 1353 uni-

605 1417 802 1485 cuique
849 1410 1205 1478 nascentium,
1253 1415 1347 1461 aut
1387 1419 1571 1459 semen
1627 1399 1863 1471 suppetit
1907 1391 2207 1451 renovandi

605 1481 843 1575 generis,
876 1511 970 1558 aut
997 1502 1078 1556 vis
1104 1497 1350 1570 quaedam
1378 1493 1770 1552 seminariasit
1795 1488 2076 1558 adjuncta.
2127 1481 2196 1536 Et

613 1599 724 1654 hoc
753 1605 837 1652 est
863 1593 1008 1664 quod
1033 1592 1162 1648 dicit
1197 1588 1475 1645 secundum
1506 1602 1688 1658 genus.
1721 1582 1906 1652 Neque
1933 1578 2079 1634 enim
2107 1591 2202 1632 ca-

613 1688 746 1744 lami
785 1685 1070 1757 progenies
1099 1689 1280 1753 potest
1315 1680 1558 1735 olearum
1596 1674 1784 1730 haberi
1813 1670 2080 1735 creatrix;
2111 1666 2207 1723 sed

610 1795 682 1836 ex
710 1779 919 1832 calamo
961 1775 1202 1832 calamus
1238 1773 1396 1839 alter,
1437 1785 1535 1842 per
1562 1765 1969 1824 similitudinem
1999 1773 2201 1828 cogna-

2301 561 2440 617 adde
2467 560 2694 616 verbera
2719 604 2734 630 ,
2779 559 3204 631 proscriptiones
3224 603 3239 628 ,
3292 560 3569 615 auctiones
3591 600 3608 626 ,
3649 558 3891 626 vincula,

2302 668 2577 718 carceres,
2610 668 2677 708 ex
2705 652 2900 723 quibus
2925 651 3278 708 intolerabilis
3303 652 3638 720 glomeratur
3656 650 3894 707 formido

2301 748 2575 817 subjectis.
2617 746 2757 814 Quid
2783 747 3015 818 postea?
3045 762 3155 802 nox
3178 761 3310 813 una,
3340 752 3398 801 et
3434 744 3602 802 febris
3627 743 3894 812 accessio,

2302 841 2487 896 lateris
2527 839 2725 918 dolor,
2750 839 3127 909 pulmonisque
3167 838 3490 910 suspirium,
3528 837 3803 894 divulsum
3829 851 3898 892 ex

2303 931 2611 987 hominibus
2643 929 2791 985 ducit
2812 930 3090 986 hominem
3111 972 3127 998 ,
3159 928 3180 968 ί
3214 937 3436 1000 totaque
3463 928 3582 999 ejus
3609 943 3777 985 scena
3808 943 3897 984 re-

2304 1032 2466 1095 pente
2514 1025 2803 1092 detegitur,
2833 1032 2890 1079 et
2929 1024 3018 1078 illa
3061 1032 3212 1079 tanta
3240 1025 3482 1096 potentia
3505 1025 3657 1080 velut
3685 1031 3900 1080 transa.

2305 1125 2452 1172 ctum
2486 1117 2753 1172 somnium
2790 1132 2899 1171 non
2929 1115 3160 1172 videtur.
3209 1111 3548 1188 Quapropter
3573 1115 3898 1186 tempestive

2306 1209 2570 1280 propheta
2617 1207 2813 1264 florum
2842 1209 3239 1276 imbecillitati,
3283 1209 3690 1266 similitudinem
3713 1210 3898 1278 gloria:

2289 1301 2643 1372 _comparavit
2669 1302 2936 1357 humanm.

2378 1394 2431 1449 5.
2473 1392 2736 1448 Germinet
2767 1402 2906 1448 terra
2940 1394 3152 1448 herbam
3177 1392 3384 1466 pabuli,
3425 1411 3693 1450 semmaus
3725 1412 3896 1449 mea

2307 1485 2585 1541 secundum
2614 1503 2794 1558 gaius.
2859 1485 3044 1555 Usque
3083 1500 3226 1542 nunc
3253 1486 3414 1555 igitur
3437 1486 3630 1556 prima:
3659 1485 3896 1556 disposi-

2309 1580 2444 1635 tioni
2469 1579 2622 1634 testis
2669 1587 2756 1634 est
2807 1578 2942 1634 ordo
2991 1578 3347 1634 nascentium.
3387 1577 3728 1634 Germinatio
3755 1577 3897 1633 enim

2310 1674 2490 1728 omnia
2529 1688 2648 1742 qua:
2682 1679 3025 1740 generantur
3049 1672 3364 1739 antevenit,
3405 1678 3464 1726 et
3490 1671 3537 1726 si
3560 1669 3697 1740 quid
3719 1669 3790 1726 de
3818 1686 3895 1725 ra-

2312 1765 2432 1821 dice
2459 1764 2796 1837 prorumpit,
2827 1772 2887 1818 ut
2912 1779 3105 1820 crocus
3144 1771 3200 1819 et
3240 1777 3464 1831 gramen
3482 1804 3500 1830 ,
3529 1763 3681 1833 prius
3711 1761 3766 1816 id
3787 1776 3896 1830 ger-

611 1870 777 1926 tionis
823 1868 1094 1936 exoritur,
1146 1874 1202 1922 et
1249 1856 1498 1933 ita'quod
1536 1860 1605 1916 de
1642 1860 1814 1930 prima
1857 1854 2207 1925 generatione
2235 1847 2285 1909 B
2310 1858 2518 1914 minare
2550 1872 2770 1912 necesse
2796 1864 2880 1910 est
2899 1898 2915 1924 ,
2941 1863 2998 1911 et
3025 1863 3150 1926 post
3172 1855 3278 1910 hoc
3303 1855 3487 1910 fenum
3513 1853 3688 1909 viride
3709 1854 3893 1920 videri,

610 1971 760 2020 terra
788 1962 1082 2031 produxit,
1121 1974 1291 2028 usque
1315 1972 1459 2014 nunc
1495 1954 1828 2026 posteritatis
1867 1949 2208 2007 successione

609 2065 882 2115 servatur.
914 2054 1178 2110 Germinet
1207 2061 1366 2107 terra.
1397 2051 1628 2121 Respice
1651 2046 1922 2118 quomodo
1950 2060 2017 2100 ex
2042 2057 2206 2114 parva

610 2161 782 2216 voce,
827 2157 882 2202 et
909 2145 1272 2216 przeceptione
1312 2142 1633 2199 brevissima
1659 2140 1820 2195 tellus
1844 2136 2014 2205 arida,
2046 2135 2207 2190 steri-

615 2240 794 2312 lisque
821 2246 1050 2310 repente
1076 2237 1383 2308 parturiens
1407 2278 1423 2304 ,
1466 2243 1522 2290 et
1550 2232 1617 2288 ad
1646 2231 1812 2287 fctum
1841 2227 2208 2284 fructificatio-

613 2333 704 2389 nis
747 2331 974 2403 impulsa
1003 2374 1018 2398 ,
1057 2330 1206 2386 velut
1240 2328 1470 2400 quodam
1517 2327 1766 2381 luctuoso
1810 2322 2010 2378 amictu
2038 2319 2209 2390 depo-

614 2423 727 2482 sito
751 2467 769 2492 ,
818 2424 1155 2495 sumptisque
1208 2420 1503 2477 laetioribus
1550 2416 1878 2473 indumentis
1901 2456 1914 2481 ,
1962 2421 2018 2469 et
2063 2413 2210 2468 cultu

614 2516 828 2588 proprii
855 2515 1068 2570 decoris
1095 2514 1402 2580 exsultans,
1433 2511 1614 2568 omnia
1640 2525 1758 2579 quae
1779 2508 1805 2546 δ
1826 2508 1981 2576 jussu
2003 2505 2213 2562 cmlesti

618 2613 972 2676 conceperat,
997 2603 1324 2659 effundebat.
1352 2601 1525 2672 Cupio
1545 2601 1727 2670 itaque
1758 2599 1810 2652 in
1833 2597 1940 2652 tuis
1967 2595 2212 2653 sensibus

623 2701 789 2758 altius
832 2700 1037 2755 haerere
1081 2709 1102 2736 ε
1153 2706 1414 2752 creatura:
1462 2693 1756 2748 miracula:
1808 2699 1867 2745 ut
1913 2691 2215 2758 ubicunque

618 2781 871 2865 repertus
900 2791 1064 2846 lueris
1097 2797 1153 2846 et
1180 2789 1401 2845 cuilibet
1428 2786 1758 2842 nascentium
1785 2783 1969 2852 generi
1997 2789 2212 2852 specta-

619 2890 713 2941 tor
732 2883 988 2951 astiteris,
1021 2881 1359 2950 magnificam
1383 2879 1650 2950 percipias
1675 2877 1986 2932 memoriam
2013 2872 2212 2930 Condi-

620 2976 796 3044 toris,
827 2985 882 3032 et
926 2983 1052 3030 ante
1091 2975 1272 3029 omnia
1318 2988 1441 3028 cum
1485 2970 1683 3026 videris
1712 2970 1932 3026 herbam
1957 2967 2101 3032 faui,
2128 2967 2220 3022 vel

621 3063 837 3132 ﬂorem,
866 3081 992 3122 mox
1021 3074 1076 3121 te
1118 3064 1186 3119 ad
1228 3065 1475 3119 humana:
1521 3071 1726 3117 naturae
1766 3069 2051 3116 convertas
2077 3059 2212 3113 ima-

623 3156 843 3227 ginem:
877 3155 1195 3211 recordatus
1222 3154 1373 3209 Isaiae
1416 3153 1676 3224 sapientis
1720 3151 2033 3221 exemplar:
2079 3149 2216 3216 Quia

2311 1959 2474 2020 atque
2503 1952 2578 2004 ita
2605 1950 2658 2003 in
2689 1949 2894 2018 frugem
2919 1947 3420 2018 maturam,stipula
3441 1945 3555 2015 jam
3576 1945 3890 2000 ﬂavescente

2309 2041 2550 2112 perduci.
2597 2037 2856 2093 Germiuet
2886 2047 3026 2092 terra
3055 2037 3263 2091 herbam
3285 2036 3474 2107 pabuli.
3512 2034 3708 2091 Semen
3739 2036 3890 2104 igitur

2311 2148 2431 2186 cum
2463 2131 2718 2186 ceciderit
2746 2131 2800 2184 in
2830 2130 3006 2185 solum
3027 2171 3042 2199 ,
3067 2138 3129 2183 et
3156 2128 3503 2183 mediocriter
3530 2128 3764 2182 humore
3788 2127 3893 2181 fue-

2313 2224 2384 2279 rit
2413 2233 2468 2278 et
2491 2223 2673 2279 calore
2711 2223 2976 2278 mollitum
2997 2263 3010 2288 ,
3050 2237 3176 2276 mox
3204 2222 3410 2290 gremio
3432 2228 3599 2275 terra:
3624 2220 3892 2275 connecti-

2316 2326 2420 2383 tur,
2453 2316 2698 2386 quaedam
2744 2315 2976 2371 subinde
3024 2316 3260 2383 genitiva
3318 2315 3556 2371 fomenta
3608 2315 3892 2386 suscipiens

2313 2416 2369 2462 et
2397 2409 2451 2463 in
2474 2424 2636 2462 venas
2653 2407 2770 2476 ejus
2798 2407 2996 2462 sensim
3026 2406 3255 2462 labendo
3283 2404 3639 2474 demergitur,
3674 2407 3887 2476 sparsis—

2313 2517 2420 2571 que
2466 2501 2839 2556 minutissimis
2869 2498 3016 2556 fibris
3054 2509 3322 2555 tumorem
3349 2499 3672 2569 superjecta:
3706 2498 3888 2554 telluris

2315 2597 2584 2651 nascendo
2623 2595 2950 2666 perrumpit,
2979 2593 3368 2662 fundatumque
3399 2591 3512 2661 jam
3551 2591 3794 2657 ﬁrmiter,
3816 2591 3880 2644 fa-

2316 2689 2419 2744 cile
2445 2687 2719 2756 consurgit
2744 2695 2824 2742 tot
2849 2701 3076 2741 numero
3104 2700 3318 2740 sursum
3345 2684 3586 2739 calamos
3611 2685 3874 2755 explicans,

2316 2791 2450 2854 quot
2477 2783 2732 2837 deorsum
2771 2780 2976 2836 radices
3005 2779 3332 2836 extenderit.
3373 2779 3554 2849 Atque
3591 2779 3663 2833 ita
3702 2777 3878 2833 teneri-

2316 2875 2448 2929 tudo
2477 2874 2733 2943 germinis
2759 2873 3053 2943 tepefacta,
3086 2871 3330 2941 subjecto
3358 2886 3583 2941 vapore,
3607 2871 3692 2940 qui
3715 2877 3869 2923 tractu

2317 2969 2514 3024 caloris
2538 2969 2758 3037 illapsus
2787 2974 2869 3021 est
2894 2982 2994 3037 per
3020 2966 3259 3034 radices,
3301 2974 3358 3021 et
3389 2975 3541 3020 terra:
3559 2953 3867 3019 nutrimentis

2319 3064 2640 3118 adhibetur:
2674 3069 2884 3132 partem
2911 3061 2993 3115 sui
3025 3059 3277 3115 diffundit
3307 3059 3362 3114 in
3396 3059 3662 3122 culmum,
3686 3064 3880 3128 partem
3929 3113 3937 3120 ,

2318 3155 2464 3210 ducit
2485 3156 2537 3209 in
2560 3154 2837 3220 corticem,
2867 3160 3076 3223 partem
3098 3151 3369 3206 ministrat
3397 3151 3453 3205 in
3480 3163 3667 3220 grana,
3695 3153 3886 3218 partem

620 3250 796 3304 omnis
840 3264 962 3302 caro
1003 3256 1246 3320 tanquam
1273 3247 1478 3316 fenum,
1527 3255 1576 3299 et
1614 3245 1781 3298 omnis
1802 3244 1969 3312 gloria
1992 3242 2213 3296 hominis
2242 3234 2288 3297 C
2317 3247 2545 3318 porrigit
2577 3246 2630 3300 in
2677 3246 2890 3301 aristas.
2930 3243 2997 3298 Et
3025 3244 3128 3298 hoc
3161 3243 3324 3298 modo
3350 3251 3375 3291 ε
3397 3242 3750 3298 concretione
3775 3253 3888 3309 per-

627 3347 875 3413 tanquam
913 3340 1010 3410 ﬂos
1051 3340 1157 3410 feni
1200 3336 1355 3409 (Isai.
1400 3353 1488 3403 XL,
1531 3334 1606 3406 6).
1658 3333 1868 3389 Etenim
1899 3334 2021 3388 vitae
2061 3332 2216 3401 hujus

625 3432 888 3501 brevitas,
915 3441 970 3487 et
997 3432 1276 3487 minimum
1305 3429 1584 3500 gaudium,
1629 3438 1685 3483 et
1713 3443 1875 3498 super
1903 3426 2065 3481 rebus
2095 3441 2219 3495 pro-

627 3525 805 3597 speris
831 3523 1122 3579 hilaritudo
1149 3522 1458 3578 mortalium
1477 3563 1492 3588 ,
1522 3534 1757 3588 congrue
1783 3534 2002 3589 prorsus
2030 3533 2060 3571 a
2087 3531 2217 3588 pro-

627 3615 795 3688 pheta
837 3622 1150 3684 comparata
1189 3621 1290 3670 est.
1332 3612 1556 3668 Videtur
1589 3613 1730 3668 enim
1759 3611 1921 3665 hodie
1953 3609 2221 3681 quispiam

629 3707 891 3764 membris
920 3706 1178 3774 refectus,
1223 3706 1360 3761 facie
1394 3705 1677 3772 robustus,
1726 3711 1886 3758 rotate
1911 3703 2218 3780 primzevus,

631 3797 868 3855 fremens
915 3799 1122 3854 viribus
1146 3840 1161 3866 ,
1215 3805 1377 3866 atque
1417 3797 1622 3866 impetu
1667 3811 1774 3850 non
1814 3794 2081 3850 ferendus.
2123 3792 2222 3848 llic

631 3890 883 3959 sequenti
913 3905 1041 3945 mox
1069 3889 1157 3944 die
1183 3888 1508 3944 miserabilis
1529 3888 1837 3954 invenitur;
1867 3886 1992 3942 dum
2015 3893 2109 3940 aut
2133 3902 2221 3940 se-

632 3993 854 4040 nectute
882 3983 1162 4052 frangitur,
1186 3991 1278 4038 aut
1303 3983 1562 4052 languore
1593 3983 1837 4039 tabescit.
1873 3980 2222 4036 Alteritidem

633 4074 944 4144 spectabilis
982 4075 1234 4142 habetur,
1283 4081 1339 4129 et
1383 4075 1740 4129 maximarum
1777 4072 2005 4129 refertus
2035 4074 2226 4143 Opibus

633 4163 976 4233 facultatum,
1004 4164 1166 4219 fultus
1195 4164 1467 4234 obsequiis
1487 4207 1502 4232 ,
1529 4173 1902 4234 susceptorum
1930 4165 2225 4219 amicorum

636 4257 804 4311 etiam
835 4257 1206 4311 simulatorum
1237 4259 1462 4327 stipatus
1492 4259 1740 4313 examine
1759 4301 1773 4326 ,
1805 4274 1906 4313 nec
1931 4274 2038 4313 non
2071 4274 2227 4328 para-

2319 3339 2458 3395 fecta
2486 3383 2500 3406 ,
2531 3339 2791 3409 paulatim
2838 3336 2904 3392 ad
2945 3338 3029 3392 sui
3074 3351 3381 3391 mensuram
3428 3334 3645 3405 singula
3685 3344 3894 3402 qmeque

2319 3433 2659 3505 perveniunt.
2701 3430 2842 3500 Ergo
2872 3431 2985 3485 sive
3006 3429 3243 3486 triticum
3264 3428 3457 3496 fuerit,
3487 3429 3604 3483 sive
3627 3427 3897 3496 legumen,

2321 3528 2436 3582 sive
2463 3527 2582 3582 olus
2607 3569 2622 3593 ,
2649 3527 2765 3580 sive
2795 3525 3071 3579 arbustum
3097 3566 3113 3592 ,
3157 3522 3488 3580 sullicienter
3508 3521 3781 3576 instruere
3807 3532 3905 3588 po-

2322 3620 2453 3674 terit
2482 3628 2631 3673 tuum
2675 3633 2890 3672 sensum
2918 3659 2934 3684 ,
2982 3630 3089 3685 quo
3139 3615 3313 3686 possis
3349 3614 3543 3670 intueri
3583 3610 3908 3683 sapientiam

2323 3709 2620 3765 conditoris
2648 3707 2900 3764 artificis:
2935 3706 3209 3778 quomodo
3246 3715 3488 3774 tanquam
3528 3705 3756 3771 genibus
3779 3701 3909 3770 qui-

2324 3800 2546 3856 busdam
2571 3800 2768 3870 stipula
2799 3798 3053 3853 frumenti
3079 3797 3416 3866 succingitur,
3446 3803 3506 3848 ut
3526 3793 3734 3848 crebris
3757 3807 3907 3846 com-

2325 3895 2551 3965 pagibus
2577 3894 2792 3960 alligata
2809 3936 2822 3960 ,
2855 3892 3063 3948 facilius
3084 3892 3265 3946 valeat
3295 3905 3426 3944 onus
3446 3887 3778 3942 subvectare
3796 3885 3917 3955 spi—

2325 4002 2534 4056 carum,
2557 4003 2676 4042 cum
2697 3985 3039 4056 gravitudine
3071 3984 3396 4040 maturitatis
3416 3981 3624 4037 inﬂexa:
3652 3979 3918 4035 deorsum

2327 4078 2591 4148 coeperint
2646 4077 2908 4133 inclinari.
2979 4076 3047 4130 Et
3112 4084 3402 4147 propterea
3445 4073 3690 4129 calamus
3736 4085 3925 4127 aveme

2328 4176 2476 4225 totus
2523 4184 2723 4224 vacuus
2764 4168 3039 4222 habetur:
3099 4167 3226 4236 quia
3274 4164 3484 4220 nullum
3527 4161 3746 4217 scilicet
3791 4161 3964 4229 gerit.

2327 4263 2537 4333 pondus
2560 4262 2614 4316 in
2635 4261 2830 4331 capite.
2859 4258 3114 4314 Triticum
3138 4266 3320 4313 autem
3342 4256 3515 4323 longe:
3538 4253 3709 4308 aliter
3738 4261 3931 4308 natura

639 4346 870 4401 sitorum
896 4389 911 4413 ,
960 4347 1045 4401 vel
1075 4347 1314 4402 affinium
1341 4349 1682 4404 adulatorum
1710 4351 2099 4422 circumseptus
2128 4367 2236 4407 (εχ-ι
2330 4356 2590 4418 munivit,
2623 4355 2776 4423 cujus
2805 4366 2970 4420 grana
3005 4351 3358 4422 providenter
3401 4346 3705 4402 admodum
3737 4344 3934 4400 locavit

633 4437 816 4492 cubiis
841 4478 854 4503 ,
887 4454 918 4492 a
946 4439 1138 4507 quibus
1166 4441 1437 4509 omnibus,
1466 4451 1521 4496 et
1549 4443 1849 4512 procedens
1873 4486 1887 4510 ,
1922 4452 1977 4498 et
2014 4444 2227 4500 rediens

641 4532 900 4588 invidiam
935 4551 1058 4589 cum
1085 4536 1482 4605 vituperatione
1519 4539 1805 4607 conquirit.
1858 4539 2042 4609 Neque
2084 4542 2228 4595 enim

2332 4449 2384 4503 in
2414 4448 2604 4515 thecis,
2635 4455 2693 4501 ut
2721 4461 2825 4501 non
2851 4445 3171 4515 diripiantur
3192 4444 3258 4499 ab
3289 4443 3495 4498 avibus.
3542 4441 3616 4496 Et
3652 4441 3864 4497 idcirco
3888 4439 3936 4494 ei

2334 4538 2728 4594 rationabiliter
2772 4537 2965 4592 aristas
3005 4551 3175 4604 causa.
3220 4535 3479 4591 custodia:
3504 4577 3518 4602 ,
3552 4534 3719 4590 velut
3761 4533 3940 4588 hastas

640 4632 825 4696 potest
869 4626 1014 4680 hunc
1067 4627 1314 4682 morbum
1357 4627 1633 4683 declinare
1667 4630 1760 4698 qui
1790 4631 2010 4686 eminet.
2077 4633 2229 4688 Adde
2252 4624 2309 4687 Ι)
2333 4633 2601 4703 apposuit,
2623 4645 2849 4700 quarum
2877 4628 3076 4684 aculeis
3097 4629 3337 4682 minores
3351 4626 3542 4681 bestia:
3570 4625 3942 4696 repellantur.

641 4715 844 4774 divitiis
873 4717 1083 4772 civilem
1110 4733 1325 4788 quoque
1348 4720 1668 4790 potentiam,
1691 4729 1746 4776 et
1773 4721 2006 4778 honores
2022 4722 2229 4780 delatos

643 4821 679 4861 a
702 4809 1062 4878 principibus,
1108 4811 1345 4880 gentium
1376 4812 1696 4879 regimenta,
1728 4813 1958 4868 militum
1977 4816 2230 4883 magiste-

641 4896 726 4950 ria
751 4939 768 4966 ,
796 4915 1072 4968 pnecones
1102 4902 1130 4939 ά
1162 4902 1412 4958 horrifica
1441 4919 1577 4959 voce
1606 4914 1962 4974 personantes
1992 4916 2117 4962 ante
2142 4925 2230 4966 se-

643 4990 844 5064 ipsum,
876 4993 1206 5066 fasciumque
1230 5006 1478 5054 vectores
1503 4998 1628 5052 hinc
1657 5006 1712 5052 et
1744 4998 1870 5054 inde
1895 5017 2229 5071 prosequen—

717 5135 747 5202 ξι
776 5125 957 5202 Eostri
986 5135 1096 5202 tres
1122 5143 1274 5202 mss.,
1298 5133 1419 5202 quia
1447 5133 1700 5202 quaedam.

715 5194 745 5234 δ
783 5195 959 5276 ἓὰἱιί,
996 5200 1106 5253 visu
1136 5194 1362 5276 caelesti._
1385 5194 1539 5276 Libri
1563 5215 1806 5270 veteres,
1833 5210 1982 5276 jussu
2011 5211 2224 5268 cwlesh.

720 5276 745 5306 α
784 5266 985 5338 Vocem
1015 5279 1266 5325 creatura:
1299 5271 1600 5330 addidimus
1635 5292 1703 5330 ex
1747 5266 1919 5331 vet'eri
1949 5287 2135 5336 nostro
2163 5266 2229 5336 li;-

645 5337 767 5416 bro.
789 5337 1131 5416 grmce,_rﬁc
1157 5345 1372 5416 atria-toi;
1390 5347 1447 5399 τὸ
1472 5349 1663 5416 θαῦμα.

723 5406 749 5445 ά
789 5407 962 5484 Editi,
997 5406 1296 5484 honori/ica
1341 5431 1477 5470 voce.
1531 5406 1714 5472 Codex
1761 5429 1945 5475 noster
1987 5430 2043 5476 et
2069 5420 2224 5478 Colb.

646 5479 948 5570 secundus,
998 5479 1242 5554 horriﬁca
1302 5501 1438 5541 voce.
1511 5485 1762 5557 Legimus
1785 5492 1926 5561 apud
1952 5491 2224 5561 Basilium,

715 5573 782 5606 να
812 5573 1006 5606 βοωντα
1015 5594 1028 5606 ο

647 5553 1325 5710 ῗῗξῗῖἵὶἷῒλρὲίηρβίείθαξ
1355 5630 1591 5710 ferentes.
1630 5631 1703 5710 _At
1742 5634 1911 5710 nostri
1939 5644 2047 5710 tres
2074 5651 2228 5702 mss.,

650 5689 966 5778 gpplicibus
994 5689 1240 5778 ferentes;
1271 5706 1327 5752 et
1353 5689 1428 5778 ita
1455 5702 1732 5778 scripsisse
1774 5689 2111 5778 Eustathium
2141 5689 2230 5778 ar;

652 5756 847 5848 Rigor,
864 5756 1003 5848 qui,
1021 5773 1078 5818 ut
1105 5756 1232 5820 alibi
1253 5770 1473 5848 passim,
1497 5756 1588 5848 ita
1603 5773 1690 5828 hic
1713 5756 1934 5848 quoque
1948 5756 2224 5848 viiﬁ'ieibi

649 5823 841 5890 6ηοὶ
861 5823 1002 5889 male
1028 5823 1311 5905 expressit.
1360 5823 1657 5910 bisbis—is
1667 5823 1924 5901 τε.δῆὖέἶᾶ

2408 4725 2461 4780 4.
2502 4721 2641 4790 Quid
2683 4723 2893 4792 loquar,
2931 4720 3126 4791 quidve
3177 4721 3477 4786 reticeam,
3525 4729 3651 4772 tam
3694 4718 3948 4788 copiosos

2332 4817 2626 4888 respiciens
2655 4813 2941 4867 thesauros
2981 4812 3281 4866 creaturre?
3307 4819 3391 4865 est
3434 4807 3676 4880 quidem
3709 4806 3949 4864 difﬁcilis

2334 4906 2601 4965 assecutio
2627 4904 2931 4970 meliorum,
2953 4901 3049 4956 sed
3068 4901 3277 4970 jactura
3300 4916 3408 4954 non
3430 4899 3762 4954 tolerabilis
3789 4899 3949 4953 omis-

2333 5017 2537 5059 sorum.
2582 4996 2842 5050 Germinet
2873 5003 3008 5048 terra
3045 4993 3252 5048 herbam
3291 4992 3490 5064 pabuli.
3542 4991 3690 5048 Mox
3721 5008 3854 5050 cum
3881 4990 3954 5048 vi-

2330 5136 2550 5196 subditis
2584 5138 2804 5208 ferentes
2828 5140 3122 5208 terrorem,
3166 5125 3463 5208 cunmnapud
3489 5125 3781 5208 Basilium
3811 5134 3956 5208 lega-

2333 5227 2472 5274 mus,
2496 5198 2604 5268 τοιξ·
2633 5206 2956 5276 ἀργχομέγορς.
2989 5201 3189 5276 ibidem
3215 5198 3370 5276 (ζου).
3397 5199 3724 5276 secundus,
3760 5198 3957 5274 gratiis-

2331 5269 2634 5350 simumque.
2662 5269 2786 5330 var
2808 5269 3211 5350 ultima'deerat
3238 5270 3292 5324 in
3323 5269 3586 5350 vulgatis.

2415 5350 2433 5389 ί
2475 5339 2628 5404 Cdlb.
2653 5344 2946 5409 secundus,
3000 5353 3257 5413 totamque
3295 5341 3404 5413 ejus
3441 5339 3699 5413 schema.
3756 5341 3955 5399 Ibidem

2336 5422 2480 5478 idem
2508 5418 2678 5474 codex
2697 5459 2711 5484 ,
2764 5425 2814 5470 et
2849 5421 3016 5468 tanta.
3064 5410 3267 5469 Vocula
3296 5410 3346 5466 et
3377 5412 3430 5466 in
3458 5410 3642 5468 editis
3673 5413 3956 5470 desiderm

2335 5493 2515 5548 batur.

2409 5573 2432 5611 ε
2473 5561 2615 5616 Editi
2645 5569 2700 5616 et
2726 5559 2834 5614 duo
2863 5573 2989 5614 mss.
3013 5598 3029 5622 ,
3071 5555 3470 5627 congregatione
3502 5558 3807 5626 perfecla,
3841 5572 3954 5611 cor-

2334 5642 2507 5704 rupte.
2559 5631 2712 5687 Colb.
2760 5629 3062 5704 secundus:
3115 5626 3774 5704 concretione_pgrfec_l_a;
3812 5636 3866 5680 et
3895 5628 3956 5679 ita

2333 5692 2618 5772 legendum
2666 5716 2784 5756 esse
2835 5709 2988 5770 puto.
3037 5696 3287 5772 Legimus
3326 5693 3467 5772 apud
3515 5692 3814 5772 Basilium
3863 5706 3956 5757 rt];

2333 5764 2528 5839 αὕνξεως
2571 5764 2860 5844 γινομένηςέ
2913 5768 3059 5844 quod
3094 5764 3296 5844 melius
3335 5764 3408 5820 ita
3452 5764 3951 5844 interpretabcre:

2329 5838 2618 5902 accessione
2643 5838 2809 5912 facta,
2839 5838 3068 5912 perfecto
3089 5838 3428 5900 incremento.
