4110 6336
239 375 349 458 eis

1220 377 1634 438 HEXAE-MERI
1670 375 2153 436 METAPHRASIS
2191 373 2394 432 LIBER
2432 375 2498 432 γ.

3423 367 3540 433 9η

239 505 507 568 ctualibus
539 509 599 560 et
639 500 943 576 perniciosa
980 495 1302 572 procedunt,
1339 495 1394 551 id
1416 503 1500 550 est
1519 509 1639 550 cum
1668 503 1694 531 ιι
1727 495 1828 550 tri-
1856 496 1910 558 Α
1935 493 2113 564 ceptio
2142 492 2525 547 documentum
2548 496 2755 546 naturae
2771 487 3000 546 ﬁeretad
3019 487 3286 546 rationem
3308 493 3540 560 sequen'

239 602 362 658 tico.
379 599 554 655 cicuta
577 635 593 661 ,
645 611 768 652 cum
810 593 1034 664 reliquis
1077 589 1374 647 seminibus
1405 587 1752 655 helleborus,
1779 594 1836 642 et

238 692 540 758 aconitum,
571 697 626 743 et
648 687 1024 754 mandragora,
1056 692 1112 740 et
1136 680 1422 754 papaveris
1447 695 1659 736 succus.
1679 677 1832 746 Quid

237 785 412 854 ergo?
460 781 762 854 postposita
809 778 1105 848 gratiarum
1148 776 1364 831 actione
1408 789 1571 849 super
1611 768 1829 828 muniﬁ-

237 877 421 934 centia
445 873 774 941 Conditoris,
800 886 1116 927 accusemus
1144 885 1268 924 eum
1298 868 1366 923 de
1392 868 1676 922 noxiarum
1701 880 1836 936 pro-

239 968 501 1025 ductione
522 967 833 1023 causarum?
853 963 1101 1018 Minime:
1126 962 1529 1018 considerantes
1550 959 1838 1030 illud,quia

243 1079 358 1118 non
386 1061 566 1117 omnia
594 1067 819 1130 propter
847 1064 1090 1112 nostrum
1133 1054 1273 1110 facta
1296 1062 1422 1110 sunt
1442 1060 1715 1118 ventrem;
1744 1050 1844 1107 sed

246 1157 408 1214 nobis
436 1156 651 1227 quidem
699 1155 966 1225 deputata:
995 1152 1163 1222 dapes
1190 1194 1205 1220 ,
1255 1157 1364 1204 tam
1387 1157 1647 1220 promptae
1677 1161 1844 1216 quam

244 1258 394 1305 mota:
425 1256 569 1304 sunt.
613 1245 1046 1317 Unumquodque
1067 1259 1198 1299 vero
1224 1256 1412 1298 eorum
1441 1255 1560 1312 quae
1587 1245 1845 1308 generata

244 1350 408 1408 sum,
457 1341 658 1397 habent
697 1339 972 1410 propriam
1002 1338 1288 1392 rationem.
1337 1333 1522 1404 Neque
1553 1333 1698 1387 enim
1718 1331 1846 1400 quia

249 1437 452 1492 taurini
499 1435 776 1504 sanguinis
819 1434 1044 1488 haustus
1096 1429 1311 1484 lethil‘er
1347 1428 1599 1494 habetur,
1648 1425 1847 1480 idcirco

250 1529 455 1584 animal
499 1528 674 1599 ipsum
722 1524 838 1581 fieri
883 1539 990 1580 non
1038 1522 1319 1594 oportuit,
1362 1530 1455 1576 aut
1495 1520 1710 1590 penitus
1739 1534 1851 1573 non

251 1621 464 1687 videri,
515 1619 668 1690 cujus
712 1619 900 1689 utique
947 1617 1120 1683 labor,
1168 1614 1236 1668 ad
1283 1613 1462 1667 varios
1500 1611 1624 1665 vita:
1653 1618 1851 1665 nostra:

254 1729 387 1770 usus
413 1691 576 1767 valde
605 1710 943 1766 necessarius
971 1708 1284 1764 aestimatur.
1320 1703 1431 1760 Sed
1454 1702 1481 1741 δ
1507 1702 1602 1757 tibi
1630 1700 1851 1772 quidem

250 1795 488 1864 sufﬁciet
532 1802 929 1859 rationabilitas
974 1800 1250 1855 familiaris
1279 1795 1607 1859 hominibus,
1656 1792 1725 1847 ad
1751 1793 1850 1847 de-

252 1899 508 1958 clinanda
537 1913 658 1969 qua:
689 1898 850 1952 noxia
881 1903 1024 1950 sunt.
1068 1893 1280 1948 Etenim
1306 1891 1352 1945 si
1381 1888 1572 1944 ovibus
1593 1895 1649 1942 et
1671 1887 1850 1956 capris

253 2007 450 2048 sensus
474 1990 715 2061 suppetit
756 1987 1016 2043 naturalis
1039 1982 1264 2040 cavendi
1295 1980 1588 2046 contraria,
1620 1978 1739 2034 solo
1771 1979 1856 2032 in-

258 2083 477 2139 tellectu
506 2078 938 2136 discementibus
971 2077 1244 2131 lmionem
1271 2093 1282 2127 :
1315 2083 1369 2127 tu
1401 2072 1488 2126 cui
1515 2081 1571 2128 et
1591 2070 1860 2126 sermonis

256 2174 490 2231 facultas
535 2178 736 2243 praesto
766 2176 883 2238 est,
911 2177 966 2224 et
1009 2168 1140 2222 artis
1179 2165 1459 2220 medicina:
1487 2163 1708 2219 solertia
1729 2178 1860 2233 sup-

258 2265 422 2338 petit,
453 2261 690 2320 remedia
714 2260 962 2316 sanitatis
993 2259 1302 2329 explorans,
1327 2265 1381 2312 et
1403 2271 1582 2309 rerum
1607 2254 1860 2324 frequens

257 2355 620 2429 experientia,
644 2354 911 2409 malorum
926 2352 1084 2407 nobis
1095 2349 1289 2419 ellugia
1303 2346 1859 2416 demonstrand0,dif-

173 2477 181 2487 ι
259 2449 526 2516 ticile,dic
553 2447 923 2518 mihi,poteris
939 2444 1240 2516 periculosa
1261 2444 1453 2509 vitare,
1477 2456 1704 2511 quorum
1729 2439 1862 2494 nihil

260 2542 534 2600 estotiose
547 2541 633 2595 vel
656 2538 918 2594 inutiliter
937 2536 1325 2593 constitutum?
1347 2534 1453 2588 Aut
1474 2533 1620 2588 enim
1648 2540 1861 2602 pastum

265 2635 574 2690 ministrant
593 2630 756 2687 certis
776 2630 1078 2699 quibusque
1094 2627 1403 2698 pecudibus,
1422 2625 1862 2703 autnobisaegro-

266 2726 507 2783 tantibus
534 2725 725 2782 solatia
745 2722 1028 2780 conferunt
1055 2719 1121 2774 ad
1151 2720 1399 2775 salutem.
1451 2717 1582 2771 Nam
1629 2716 1859 2770 cicutam

191 2866 201 2872 .
264 2817 439 2874 οωνηὶ
455 2817 628 2873 solent
650 2814 843 2869 edere:
875 2812 1028 2882 cujus
1057 2823 1326 2866 venenum
1356 2824 1456 2880 pro
1487 2807 1748 2880 qualitate
1776 2805 1861 2862 sui

261 2908 510 2978 corporis
521 2907 774 2961 dicuntur
786 2903 1042 2974 effugere.
1059 2901 1393 2957 Tenuissima
1404 2900 1547 2956 enim
1571 2907 1696 2954 sunt
1711 2897 1861 2967 adja-

260 2983 444 3056 centia
469 2996 830 3060 eorumtcordi
851 2996 1167 3066 spiramina,
1189 2994 1443 3064 priusque
1465 2992 1568 3046 illis
1593 2989 1774 3045 evenit
1801 2995 1864 3043 ut

261 3090 515 3162 digerant
538 3104 659 3159 qua:
687 3093 1063 3158 sumpserunt,
1093 3100 1255 3154 quam
1286 3083 1548 3152 frigiditas
1577 3081 1645 3136 ad
1674 3080 1861 3134 intima

261 3197 456 3239 eorum
477 3180 733 3236 intestina
752 3178 1053 3249 perveniat.
1084 3175 1464 3232 Cotumicibus
1483 3175 1644 3230 etiam
1673 3174 1728 3228 in
1756 3187 1860 3227 usu

1939 587 2094 641 tium.
2143 585 2429 653 Quomodo
2459 599 2590 655 ergo
2619 585 2913 642 secundum
2939 600 3109 655 genus
3137 586 3340 640 semina
3389 595 3539 643 terra

1941 686 2219 758 producit,
2244 701 2365 741 cum
2391 683 2593 740 fulvum
2620 685 2857 742 triticum
2879 683 3143 752 serentes,
3169 693 3346 742 atrum
3368 683 3393 722 ἀ
3417 686 3540 756 ple-

1939 792 2169 847 rumque
2183 777 2521 846 colligimus?
2544 777 2702 844 Quod
2715 794 2824 834 non
2844 778 3080 850 pertinet
3095 778 3161 834 ad
3176 759 3539 833 mutationem

1942 871 2175 940 generis,
2206 869 2301 925 sed
2329 870 2695 925 inﬁrmitatem
2716 858 3007 940 quamdam
3035 880 3091 928 et
3113 872 3426 941 languorem
3451 887 3543 928 se-

1943 962 2104 1017 minis
2134 962 2298 1017 fuisse
2332 962 2595 1018 dicemus.
2620 961 2806 1032 Neque
2827 963 2973 1020 enim
2988 963 3148 1020 desiit
3169 979 3289 1020 esse
3309 962 3544 1018 frumen-

1946 1064 2062 1111 tum
2081 1056 2229 1126 quod
2250 1056 2537 1111 adustione
2560 1056 2831 1125 nigratum
2853 1066 2959 1122 est,
2973 1058 3114 1113 sicut
3129 1073 3197 1112 ex
3213 1058 3328 1128 ipsa
3350 1072 3548 1127 possu-

1947 1163 2070 1203 mus
2093 1148 2456 1218 appellatione
2489 1162 2838 1217 cognoscere,
2863 1151 2988 1218 quia
3019 1150 3300 1204 nimietate
3329 1149 3548 1218 frigoris

1949 1249 2206 1297 excoctas
2221 1241 2428 1310 species
2445 1282 2460 1307 ,
2487 1241 2539 1295 in
2571 1241 2734 1295 alium
2746 1256 2933 1297 semen
2949 1248 3004 1296 et
3017 1242 3260 1297 colorem
3273 1242 3550 1297 transtulit

1951 1340 2006 1388 et
2035 1347 2308 1403 saporem.
2361 1332 2511 1389 Sicut
2557 1343 2813 1401 econtra,
2851 1335 2898 1390 si
2924 1348 3053 1405 ager
3089 1334 3350 1391 fecundus
3375 1337 3548 1391 exsti-

1952 1425 2113 1492 terit,
2145 1432 2199 1479 et
2219 1425 2343 1480 cmli
2372 1425 2658 1480 clementia
2687 1425 2930 1496 potiatur
2953 1466 2969 1491 ,
3002 1443 3131 1482 mox
3163 1428 3232 1483 ad
3260 1428 3552 1498 pristinum

1953 1518 2170 1574 schema
2201 1517 2515 1572 revertitur.
2564 1517 2773 1572 Lolium
2795 1533 2928 1573 vero
2957 1526 3011 1573 et
3030 1527 3226 1575 cetera
3249 1519 3555 1577 adulterina

1954 1625 2185 1680 genera,
2214 1625 2336 1681 quae
2369 1610 2573 1665 zizania
2608 1610 2751 1666 solet
2789 1626 3101 1681 nuncupare
3131 1611 3440 1684 Scriptura,
3471 1613 3556 1667 vi-

1956 1705 2222 1760 ctualibus
2269 1704 2508 1759 admixta
2552 1704 2859 1775 segetibus,
2895 1721 3007 1760 non
3035 1719 3103 1760 ex
3155 1706 3319 1760 tritici
3364 1722 3556 1763 corru-

1956 1797 2144 1868 ptione
2169 1798 2488 1867 gignuntur,
2519 1797 2614 1853 sed
2643 1812 2713 1852 ex
2746 1813 2843 1853 sua
2865 1798 3086 1869 propria
3116 1810 3412 1854 nascuntur
3440 1800 3557 1854 ori-

1881 1898 1930 1958 Β
1958 1891 2102 1959 gine.
2149 1890 2353 1945 Horum
2399 1891 2766 1946 consideratio
2815 1891 2920 1947 illis
2962 1888 3288 1947 conferenda
3313 1899 3429 1954 est,
3461 1892 3561 1962 qui

1963 1973 2179 2037 Domini
2205 1981 2460 2036 mandata
2488 1983 2838 2050 subvertunt,
2871 1993 2927 2038 et
2953 1999 3065 2039 non
3091 1983 3301 2038 sincere
3328 1983 3557 2039 verbum

1963 2075 2283 2130 monitionis
2341 2075 2650 2145 accipiunt;
2697 2075 2793 2130 sed
2840 2075 3078 2144 maligno
3118 2074 3432 2145 magisterio
3463 2073 3559 2128 de-

1963 2167 2204 2238 pravati,
2244 2165 2447 2238 audent
2478 2182 2538 2223 se
2563 2167 2820 2223 membris
2847 2165 3102 2224 Ecclesia:
3130 2166 3434 2222 salubribus
3464 2165 3560 2221 ad-

1964 2259 2215 2325 miscere,
2240 2265 2300 2312 ut
2340 2236 2515 2314 mdrbi
2541 2260 2624 2315 sui
2655 2260 3043 2316 clandestinam
3070 2259 3366 2331 perniciem
3392 2259 3562 2314 laten-

1967 2359 2051 2407 ter
2077 2352 2348 2408 mentibus
2376 2353 2598 2421 integris
2628 2353 2958 2421 inolescant;
2993 2353 3120 2410 licet
3146 2352 3406 2409 Dominus
3435 2367 3562 2422 per-

1967 2443 2255 2499 fectionem
2284 2454 2306 2481 °
2332 2445 2672 2500 credentium
2702 2446 2756 2500 in
2785 2461 2910 2501 eum
2939 2448 3137 2502 merito
3163 2445 3384 2501 seminis
3412 2460 3562 2500 com-

1965 2539 2124 2606 parat
2161 2535 2546 2600 incrementis,
2599 2537 2672 2590 ita
2718 2536 2900 2592 dicens
2940 2555 2953 2590 :
3009 2535 3029 2574 ί
3079 2535 3154 2591 Ut
3191 2537 3341 2592 homo
3383 2537 3560 2589 mittat

1966 2635 2242 2679 sementem
2265 2643 2421 2696 super
2450 2636 2728 2695 terram,et
2747 2628 2837 2682 ille
2856 2628 3108 2696 dormiat,
3130 2638 3179 2682 et
3204 2637 3384 2699 surgat
3412 2636 3562 2682 nocte

1965 2733 2029 2771 ac
2048 2717 2164 2784 die,
2193 2720 2374 2773 messis
2408 2728 2580 2774 autem
2612 2721 2809 2774 levatur
2839 2728 2887 2774 et
2911 2722 3116 2786 crescit,
3139 2721 3252 2790 ipso
3282 2720 3562 2773 nesciente.

1965 2809 2167 2880 Sponte
2194 2813 2332 2866 enim
2381 2822 2518 2866 terra
2566 2813 2863 2884 fructiferat
2904 2829 2921 2865 :
2966 2813 3136 2882 primo
3161 2813 3357 2882 fenum,
3381 2817 3564 2880 postea

1965 2905 2184 2975 spicam.
2228 2902 2493 2957 Germinet
2522 2912 2658 2957 terra
2689 2901 2903 2956 herbam
2927 2901 3120 2974 (Marc.
3148 2918 3221 2969 tv,
3249 2900 3362 2969 26).
3395 2900 3564 2968 Igitur

1967 2996 2022 3050 in
2051 2995 2378 3052 brevissimo
2426 2995 2686 3064 temporis
2730 3001 3007 3048 momento
3032 3033 3046 3059 ,
3095 3007 3126 3047 a
3169 2991 3566 3060 germinatione

1967 3087 2128 3142 tellus
2177 3087 2478 3156 incipiens,
2530 3094 2591 3140 ut
2641 3086 2814 3155 legem
2860 3083 3136 3140 Creatoris
3163 3084 3434 3154 impleret,
3464 3098 3564 3152 per

1968 3194 2159 3234 omnes
2181 3178 2464 3234 crescendi
2496 3177 2738 3248 profecta
2768 3177 2997 3245 gradus,
3027 3191 3154 3231 mox
3185 3175 3252 3230 ad
3280 3174 3564 3230 maturita-

265 3291 408 3332 escac
434 3274 665 3330 habetur
690 3272 1001 3328 helleborus
1020 3311 1034 3336 ,
1068 3268 1228 3338 huius
1254 3269 1402 3323 Virus
1427 3265 1743 3338 Ρθδιίῖθΐυῐη
1774 3280 1865 3320 na-
1891 3269 1939 3333 C
1972 3283 2084 3329 tem
2115 3289 2234 3344 quae
2272 3274 2634 3329 nascebantur
2664 3275 2862 3329 evexit.
2901 3273 3167 3328 Cerneres
3195 3288 3262 3329 eo
3293 3280 3565 3343 tempore,

267 3373 404 3421 atra:
431 3381 542 3421 sua:
563 3365 794 3436 quadam
823 3362 1217 3434 temperatione
1239 3360 1510 3426 devitant;
1540 3360 1655 3415 tunc
1680 3368 1864 3414 autem

265 3458 452 3514 omnia
478 3473 580 3514 nos
609 3458 757 3528 ipsos
785 3456 1217 3527 quoquejuvarc
1246 3455 1562 3510 creduntur.
1600 3453 1681 3508 Ex
1712 3469 1866 3508 man-

268 3547 501 3620 tk'agora
535 3547 680 3604 enim
723 3546 1016 3603 somnifera
1065 3547 1420 3602 medicamina
1469 3555 1870 3617 componuntur

271 3641 600 3711 gravissimis
614 3640 983 3716 membrorum
1005 3638 1286 3694 doloribus
1306 3638 1606 3709 profutura.
1633 3640 1867 3706 Quidam

271 3740 456 3789 autem
480 3747 580 3806 per
605 3734 838 3790 cicutam
888 3732 1322 3788 molestissimam
1358 3730 1612 3787 vescendi
1659 3733 1868 3787 rabiem

271 3824 620 3895 mitigarunt;
650 3824 893 3882 nonnulli
929 3839 1027 3895 per
1063 3824 1398 3879 helleborum
1444 3825 1696 3880 diuturna
1741 3827 1868 3881 vitia

273 3919 522 3990 corporis
548 3919 946 3974 exstinxerunt.
989 3917 1132 3986 Ergo
1162 3917 1305 3972 unde
1330 3920 1559 3988 putabas
1588 3919 1870 3977 Conditori

272 4009 480 4067 crimen
510 4011 776 4080 obiicere,
809 4009 938 4066 inde
971 4009 1152 4081 potius
1188 4008 1486 4066 referendae
1519 4011 1621 4067 sibi
1649 4023 1670 4052 ε
1695 4012 1868 4069 laudis

274 4111 569 4173 augmenta
589 4103 828 4160 sortitis.

349 4194 401 4250 5.
445 4195 707 4251 Geminet
730 4205 887 4251 terra.
921 4194 1186 4263 Quantam
1218 4195 1381 4265 igitur
1406 4195 1537 4252 dicit
1557 4196 1870 4254 alimoniam

272 4295 472 4362 sponte
502 4289 558 4344 in
579 4287 722 4345 loliis
743 4289 1035 4343 herbarum
1052 4328 1067 4352 ,
1103 4296 1158 4344 et
1185 4287 1464 4344 radicibus
1491 4298 1549 4343 et
1576 4275 1870 4348 seminibus

270 4377 539 4447 inveniri,
565 4379 651 4434 vel
679 4387 940 4450 quantum
968 4394 1035 4434 ex
1062 4379 1211 4436 cultu
1232 4388 1290 4434 et
1316 4379 1588 4449 diligentia
1612 4380 1869 4451 conferri,

268 4487 587 4545 quanquam
614 4487 723 4527 non
758 4472 1016 4527 continuo
1028 4473 1300 4554 praecepit
1325 4474 1554 4528 fructum
1577 4489 1872 4543 semenque

272 4565 547 4639 produci,
594 4564 691 4621 sed
718 4564 1022 4635 germinare
1045 4565 1195 4634 prius
1218 4565 1435 4633 statuit,
1478 4572 1534 4620 et
1573 4567 1747 4622 virere
1769 4567 1870 4622 tel-

1974 3368 2146 3422 saltus
2201 3383 2390 3423 omnes
2448 3369 2740 3422 herbarum
2798 3367 3071 3422 viriditate
3136 3366 3561 3437 splendescere:

1972 3475 2192 3530 campos
2215 3461 2378 3514 etiam
2403 3460 2629 3528 turgidis
2651 3460 2916 3515 messibus
2937 3468 3250 3525 exon-natos,
3275 3461 3565 3530 imaginem

1971 3551 2376 3620 quodammodo
2425 3551 2602 3621 pelagi
2649 3550 2960 3607 fluctuantis
3011 3553 3280 3622 spicarum
3324 3553 3565 3609 motibus

1971 3643 2233 3698 :nmulari.
2278 3641 2446 3698 Omne
2496 3651 2626 3699 tunc
2671 3642 2852 3698 fenum
2895 3652 2952 3700 et
2998 3661 3161 3700 omne
3201 3659 3372 3714 genus
3402 3645 3566 3701 olito-

1971 3737 2145 3801 rium;
2178 3744 2234 3790 et
2256 3735 2302 3790 si
2332 3735 2461 3805 quid
2492 3737 2824 3792 arbustivum
2853 3738 2939 3791 vel
2963 3739 3308 3792 seminarium
3331 3747 3444 3804 est,
3477 3753 3567 3794 co-

1973 3829 2139 3900 piosis
2167 3844 2329 3900 super
2363 3837 2566 3884 terram
2604 3829 2866 3885 fructibus
2904 3831 3197 3886 eminebat.
3250 3831 3405 3885 Nulla
3435 3839 3568 3886 tunc

1973 3934 2092 3981 erat
2134 3924 2443 3995 desperatio
2493 3923 2780 3979 metuenda
2825 3923 3121 3978 seminibus
3147 3907 3180 3977 ε¹
3205 3939 3315 3978 non
3352 3924 3568 3992 ignavia

1972 4016 2236 4086 culpanda
2267 4016 2553 4081 cultorum,
2587 4031 2696 4070 non
2722 4026 2746 4063 ε
2775 4030 2960 4070 aerum
2989 4015 3426 4085 intemperantia,
3456 4031 3569 4071 non

1976 4109 2136 4164 ullius
2180 4124 2357 4164 causa:
2402 4108 2624 4178 querela
2670 4108 3030 4177 corruptelam
3079 4107 3316 4175 frugibus
3365 4121 3568 4178 appor-

1973 4197 2156 4268 tanlis,
2188 4217 2297 4258 non
2326 4201 2726 4266 condemnatio,
2759 4217 2877 4270 quae
2902 4200 3232 4256 fertilitatem
3261 4208 3446 4271 posset
3475 4200 3569 4254 im-

1972 4294 2161 4366 pedire
2188 4304 2476 4350 terrarum.
2519 4293 2716 4350 Postea
2745 4294 2889 4350 enim
2916 4293 3167 4349 delictum
3196 4293 3435 4360 exstitit;
3466 4309 3568 4364 pro

1975 4402 2083 4457 quo
2132 4402 2316 4442 sumus
2361 4386 2601 4454 addicti,
2655 4393 2714 4440 ut
2743 4386 2795 4441 in
2826 4385 3023 4441 sudore
3066 4385 3237 4442 nostri
3265 4385 3446 4440 vultus
3473 4400 3570 4455 pa-

1977 4494 2102 4534 nem
2129 4479 2599 4535 manducaremus.
2842 4541 2850 4552 ν

2048 4569 2100 4625 6.
2141 4569 2289 4626 Inter
2333 4570 2451 4628 lucc
2495 4571 2749 4642 praecepit
2789 4585 3006 4643 quoque
3047 4587 3249 4643 tignum
3278 4571 3424 4624 nasci
3453 4571 3569 4640 {ru-

271 4659 480 4720 lurem.
506 4663 563 4714 et
600 4663 730 4713 tunc
769 4663 1043 4712 maturare
1069 4671 1282 4725 semen,
1328 4665 1388 4713 ut
1413 4657 1585 4728 prima
1616 4658 1705 4715 illa
1735 4675 1874 4732 prte-
1898 4657 1955 4718 D
1979 4672 2213 4720 ctuosum
2262 4665 2462 4738 faciens
2500 4665 2754 4736 fructum;
2794 4665 2942 4734 cujus
2978 4679 3150 4716 semen
3195 4664 3252 4716 in
3296 4661 3465 4732 seipse
3493 4668 3570 4714 est

355 4828 384 4857 ι
419 4817 598 4886 Editi,
625 4819 763 4874 idem
781 4835 898 4873 cum
924 4820 1112 4874 tritico.
1146 4819 1365 4890 Antiqui
1393 4819 1502 4876 duo
1529 4821 1682 4890 libri,
1715 4823 1772 4876 id
1793 4833 1872 4879 est

271 4907 400 4951 cum
427 4891 616 4945 tritico.
666 4891 955 4963 Aliquanto
992 4899 1116 4960 post
1153 4892 1282 4946 editi
1307 4932 1322 4954 ,
1362 4894 1627 4962 proposita
1671 4896 1872 4963 gratia-

270 4979 400 5020 rum
427 4962 645 5016 actione.
686 4961 756 5014 At
780 4961 949 5015 nostri
975 4971 1086 5016 tres
1114 4977 1264 5026 mss.,
1295 4963 1604 5031 postposita,
1624 4961 1779 5016 bene.
1814 4963 1874 5017 ln

269 5033 499 5107 Graeco,
528 5035 751 5107 ᾀφὲντες.
802 5031 1222 5107 S-ubindeediti,
1253 5029 1683 5107 sed_n0bi_s_quod
1703 5032 1871 5103 depu-

271 5114 429 5162 ωιω.
460 5099 613 5160 Colb.
647 5101 934 5164 secundus,
965 5101 1056 5154 sed
1076 5100 1222 5172 nobis
1243 5101 1446 5172 quidem
1469 5099 1744 5172 de'putatte.

355 5174 382 5214 δ
421 5173 584 5241 Editi,
617 5173 708 5227 tibi
737 5173 871 5242 quod
899 5173 1128 5242 sufﬁciet.
1153 5171 1305 5226 Colb.
1330 5171 1616 5242 secundus,
1649 5172 1737 5225 tibi
1759 5174 1872 5242 qui-

271 5248 405 5304 dem
422 5245 656 5316 sufﬁciet.
684 5241 903 5316 Albidem
925 5241 1050 5316 editi
1077 5243 1195 5316 ,__ad
1204 5313 1216 5316 _
1227 5241 1562 5316 declaranda.
1599 5242 1667 5295 At
1695 5241 1867 5298 nostri

271 5329 398 5392 tres
424 5311 552 5372 mss.
573 5356 589 5382 ,
622 5313 1047 5392 addecliuanda.
1082 5312 1411 5392 B_asilianum_
1435 5311 1592 5392 ,
1627 5317 1869 5392 πρὸξ-τήν

271 5391 506 5466 quinquin
548 5381 649 5466 ἐῶν
679 5387 934 5466 ὀλεθρίωνἲ
985 5385 1286 5466 exprimere
1326 5382 1495 5438 voluit
1533 5381 1867 5454 Eustathius,

273 5457 391 5518 inec
418 5460 595 5528 inepte
624 5457 1004 5528 interpretatus
1032 5464 1133 5510 est.

367 5541 388 5569 ε
431 5525 604 5595 Editi,
656 5525 826 5582 laudis
864 5536 1184 5599 argumenta.
1231 5525 1377 5581 Libri
1412 5533 1653 5594 veteres,
1702 5529 1872 5586 laudis

277 5610 596 5675 augmenta,
623 5599 702 5675 ita
729 5597 1036 5675 postulante
1065 5597 1270 5675 Grmco,
1300 5600 1684 5675 5339009ng
1712 5603 1874 5675 φιλία,

330 5668 512 5733 ιᾶτίας.
561 5668 763 5725 Ibidem
811 5670 980 5738 editi,
1032 5677 1080 5722 et
1123 5671 1177 5722 in
1211 5668 1492 5723 radicibus.
1523 5669 1741 5738 Antiqui
1767 5668 1874 5728 duo

311 5744 437 5809 ibri,
463 5751 511 5795 et
533 5740 810 5795 radicibus.

368 5813 397 5852 ἀ
435 5812 586 5884 Colb.
613 5812 893 5884 secundus,
928 5819 1110 5884 tetrum
1135 5812 1447 5884 plerumque.

373 5893 398 5924 ⁸
439 5882 658 5940 Veteres
701 5881 807 5937 duo
853 5883 973 5939 libri
1013 5890 1068 5937 et
1113 5881 1240 5938 editi
1269 5925 1284 5948 ,
1336 5881 1646 5940 credentium
1686 5888 1865 5942 merito

1981 4828 2138 4884 Colb.
2185 4827 2453 4882 secundus
2478 4867 2492 4892 ,
2543 4825 2859 4879 credentium
2899 4825 2954 4876 in
3002 4839 3157 4889 eum,
3205 4823 3409 4891 merito,
3461 4831 3566 4880 etc.

1981 4898 2186 4961 Graece,
2219 4905 2318 4950 τῶν
2347 4901 2418 4955 εἰς
2444 4899 2594 4951 αὐτὸν
2623 4896 3053 4951 πεπιστευκότων.

2059 4968 2075 5004 ί
2120 4966 2262 5020 Editi
2293 4975 2347 5020 et
2377 4966 2528 5021 Colb.
2561 4966 2800 5036 primus,
2821 4974 2886 5036 fut
2916 4966 3066 5020 homo
3096 4967 3287 5020 mittat.
3329 4966 3433 5021 Alii
3461 4966 3571 5022 duo

1980 5053 2146 5102 mss.,
2198 5037 2331 5090 sicut
2369 5037 2520 5092 homo
2559 5035 2749 5091 mittat.
2814 5035 2951 5092 Puto
2997 5046 3177 5093 autem
3227 5037 3571 5093 Eustathium

1979 5109 2260 5178 scripsisse
2293 5115 2404 5172 aut,
2437 5119 2491 5160 ut
2519 5109 2565 5161 si
2605 5109 2756 5162 homo
2805 5109 3003 5174 mittat,
3035 5117 3146 5175 aut,
3183 5109 3315 5162 sicut
3341 5108 3569 5178 sig/mmo

1982 5175 2190 5233 mittat:
2241 5179 2334 5233 sed
2383 5180 2628 5234 voculam
2677 5180 2722 5232 si
2769 5195 2801 5234 a
2841 5180 3073 5235 librariis
3102 5180 3356 5234 omissam
3382 5175 3570 5234 fuisse.

1976 5247 2154 5305 Locus
2183 5259 2266 5304 est
2294 5249 2457 5304 Marci
2488 5266 2558 5317 ιν,
2603 5248 2673 5303 26
2698 5268 2710 5303 :
2761 5249 3200 5315 Quemadmodum
3224 5250 3270 5302 si
3298 5247 3450 5302 homo
3471 5249 3568 5319 ja-

1977 5322 2394 5404 ciatsemt'rttent.
2449 5319 2614 5377 Paulo
2651 5323 2773 5392 poét
2798 5322 2949 5378 Colb.
2983 5319 3277 5385 secundus,
3323 5320 3572 5387 temporis

1977 5403 2165 5462 spatio.
3009 5430 3016 5438 .

2052 5474 2077 5511 ε
2118 5463 2269 5521 Colb.
2321 5466 2625 5530 secundus,
2670 5483 2773 5520 non
2818 5464 2956 5518 aeris
3002 5461 3424 5533 intemperantia.
3464 5461 3572 5518 Alii

1981 5535 2088 5591 duo
2135 5552 2285 5600 mss.,
2319 5546 2373 5592 ct
2412 5538 2544 5591 editi
2575 5553 2677 5590 non
2712 5551 2888 5589 aerum
2916 5531 3334 5602 intemperantia.
3368 5531 3568 5589 Eusta—

1980 5607 2124 5661 thius
2164 5623 2353 5664 vocem
2399 5608 2639 5662 Graecam
2677 5609 2837 5678 ἀέρῳν
2864 5606 3028 5678 paulo
3062 5603 3367 5672 religiosius
3394 5604 3568 5678 inter-

1938 5717 1948 5726 .
1979 5685 2222 5748 pretatus
2249 5687 2330 5734 est
2355 5719 2368 5743 ,
2418 5694 2540 5731 cum
2576 5692 2696 5730 eam
2719 5673 2918 5748 plurali
2946 5689 3162 5748 quoque
3191 5688 3418 5748 numero
3445 5673 3571 5748 red-

1977 5743 2130 5816 didit,
2150 5767 2347 5803 uerum.
2375 5748 2484 5802 Nec
2527 5748 2599 5801 ita
2626 5743 2794 5801 inuito
2825 5743 2978 5800 infra—
3003 5743 3156 5802 Colb.
3189 5744 3479 5815 secundus,
3508 5745 3568 5804 in

1973 5821 2161 5891 se‘ipso
2192 5829 2345 5874 esset.
2969 5885 2975 5890 Ι
3055 5877 3058 5881 ,
3119 5829 3121 5831 ’
