4110 6336
513 369 626 429 913

1974 357 2338 417 EUSTATBII

3679 355 3790 420 916

513 487 792 545 secundum
833 498 996 557 gaius
1032 489 1083 537 et
1125 479 1534 538 similitudinem.
1587 475 1755 545 Hujus
1785 477 1944 545 igitur
1971 477 2090 532 edi-

2211 505 2466 551 sarmenta
2496 495 2823 566 nun’cupavit
2847 513 2859 548 :
2899 494 2918 534 ί
2951 507 3254 565 provocans
3281 509 3382 551 nos
3405 494 3473 550 ad
3495 493 3794 554 fructiﬁca-

513 583 658 636 tione
681 576 944 634 sermonis
969 574 1148 631 omnia
1164 571 1446 630 confestim
1467 585 1688 625 nemora
1709 569 2094 636 densabantur,

511 675 730 732 arbores
781 671 944 727 etiam
990 669 1184 740 quibus
1224 682 1340 722 mos
1377 674 1460 723 est
1488 666 1540 718 in
1570 665 1734 718 altum
1762 677 2012 732 surgere,
2043 663 2097 717 id

509 769 626 831 est,
669 765 820 833 olea,
863 761 949 816 vel
976 759 1199 824 cedrus,
1249 767 1305 813 et
1341 771 1662 832 cypressus,
1704 763 1757 810 et
1782 756 1964 826 pinus,
1999 769 2100 810 nec

513 872 620 911 non
646 855 864 910 frutices
890 852 1029 907 foliis
1061 848 1443 914 vestiebantur,
1467 856 1521 901 et
1541 846 1816 901 frondibus
1845 846 2094 916 virgulta.

515 947 656 1015 Quin
684 946 845 1001 etiam
877 954 900 981 η
937 959 1058 1016 quae
1085 940 1367 1016 coroinaria
1400 941 1720 1006 vocitantur,
1749 948 1927 995 roseta
1952 939 2096 1007 dico,

511 1048 566 1096 et
594 1047 826 1112 myrteta
846 1078 860 1102 ,
903 1045 956 1092 et
985 1037 1186 1092 laureta
1206 1015 1335 1089 'sub
1375 1049 1481 1087 uno
1513 1031 1771 1102 temporis
1799 1040 2094 1097 momento,

513 1148 633 1189 cum
662 1139 789 1186 ante
833 1144 941 1184 non
991 1135 1201 1194 essent,
1251 1126 1459 1194 singula
1495 1140 1619 1179 cum
1660 1124 1742 1179 sui
1767 1125 2100 1195 proprietate

512 1227 842 1296 surgebant:
875 1225 1107 1279 alterum
1154 1222 1220 1276 ab
1269 1219 1471 1286 altero,
1515 1217 1946 1274 manifestissima
1974 1234 2098 1288 pro—

515 1318 735 1373 batione
765 1316 1078 1378 discretum,
1112 1319 1168 1368 el;
1195 1319 1342 1368 certa
1363 1309 1731 1380 designatione
1759 1309 2096 1379 productum.

516 1410 901 1466 Verumtamen
943 1407 1035 1463 illo
1051 1415 1292 1476 tempore
1321 1419 1441 1460 rosa
1472 1403 1586 1458 sine
1615 1403 1766 1472 spina
1797 1402 1914 1456 fuit.
1968 1403 2100 1458 Nam

511 1515 701 1580 postea
721 1505 1103 1578 pulchritudini
1123 1505 1239 1575 ejus
1267 1505 1513 1574 adjuncta
1542 1513 1625 1560 est
1647 1543 1662 1569 ,
1696 1512 1756 1558 ut
1783 1509 1922 1558 esset
1948 1499 2100 1554 vide-
2148 1521 2154 1527 ·

512 1597 641 1658 licet
686 1598 949 1669 voluptati
977 1597 1276 1654 sollicitudo
1314 1597 1565 1664 contigua
1590 1638 1607 1665 ,
1636 1592 2103 1650 reminiscentibus

517 1689 673 1748 nobis
701 1697 1011 1760 peccatum,
1043 1687 1194 1758 cujus
1221 1689 1392 1760 gratia
1414 1687 1606 1744 dumos
1635 1696 1690 1742 et
1719 1700 1910 1755 vepres
1938 1697 2103 1752 gene-

514 1799 638 1839 rare
688 1791 832 1839 terra
878 1783 1131 1839 damnata
1180 1789 1281 1838 est.
1350 1783 1479 1849 Quae
1501 1780 1526 1819 1³
1559 1780 1777 1850 quidem
1798 1778 2020 1848 jubetur
2047 1785 2104 1831 et

2200 589 2402 643 tionem
2431 588 2723 657 copiosam,
2759 601 2826 641 ne
2868 586 3084 642 desidiae
3111 587 3371 656 accusati,
3403 586 3631 644 ﬂammis
3655 603 3793 646 con-

2200 679 2475 733 tradamur
2509 678 2743 733 reternis.
2778 678 3017 747 Denique
3054 693 3161 733 non
3189 687 3394 744 cessat;
3426 680 3626 752 ubique
3670 683 3778 739 ani-
3855 681 3858 686 ’

2201 785 2317 824 mas
2342 771 2620 824 hominum
2648 769 2845 824 vitibus
2873 769 3257 840 comparando.
3290 769 3381 825 Sic
3421 771 3564 826 enim
3608 771 3741 828 dicit
3773 793 3789 829 :

2211 864 2374 918 Vinea
2403 865 2544 934 facta
2570 870 2647 916 est
2674 861 2861 916 dilecto
2890 863 2944 915 in
2995 877 3159 914 cornu
3206 861 3389 934 pingui
3434 860 3592 934 (hui.
3623 879 3675 928 ν,
3711 863 3795 934 1).

2202 956 2269 1010 Et
2285 957 2507 1012 iterum:
2538 955 2751 1009 Vineam
2770 954 3020 1025 plantavi,
3034 962 3085 1007 et
3105 970 3224 1024 sepe
3239 954 3551 1009 circumdedi
3569 953 3792 1026 (Matth.

2201 1066 2311 1116 xxi,
2357 1048 2470 1117 55),
2504 1047 2712 1102 animas
2731 1045 2982 1100 videlicet
3029 1045 3274 1100 indicans
3320 1045 3621 1112 hominum,
3653 1061 3797 1116 quas

2203 1140 2504 1194 caelestium
2539 1137 2921 1192 mandatorum
2949 1137 3247 1192 munitione
3275 1138 3546 1208 consepsit
3578 1157 3592 1191 :
3621 1153 3798 1208 appo-

2204 1232 2303 1285 sita
2331 1229 2678 1286 nihilominus
2717 1229 3029 1297 angelorum
3058 1229 3332 1293 custodia,
3363 1229 3503 1284 sicut
3529 1231 3797 1300 scriptum

2205 1331 2287 1380 est
2319 1343 2330 1377 :
2367 1323 2606 1378 Immittit
2635 1323 2876 1394 angelum
2896 1320 3152 1376 Dominus
3179 1323 3235 1376 in
3257 1323 3473 1376 circuitu
3503 1323 3800 1378 timentium

2203 1434 2340 1486 eum,
2369 1428 2417 1470 et
2437 1418 2616 1488 eripiet
2644 1431 2729 1470 eos
2762 1415 2934 1486 (Psat.
2960 1431 3108 1480 xxm,
3137 1415 3210 1485 7).
3234 1414 3437 1470 Deinde
3457 1415 3607 1471 velut
3621 1417 3800 1472 vallos

2205 1508 2468 1578 quosdam
2516 1507 2708 1576 quibus
2763 1505 3078 1562 fulciremur
3126 1507 3299 1561 erexit
3333 1525 3344 1559 :
3378 1509 3686 1564 constitutis
3737 1510 3796 1564 in

2208 1599 2468 1668 Ecclesia,
2508 1599 2685 1669 primo
2711 1599 2988 1668 apostolis,
3020 1599 3261 1654 secundo
3299 1600 3799 1670 prephetis,'tertio

2206 1691 2476 1759 magistris
2504 1689 2559 1761 (Ι
2601 1687 2720 1745 Cor.
2753 1706 2846 1756 xu,
2863 1689 2978 1761 28).
3004 1690 3180 1762 Atque
3209 1691 3284 1745 ita
3311 1707 3408 1746 nos
3426 1691 3689 1762 exemplis
3709 1708 3800 1748 ve-

2210 1793 2381 1838 terum
2401 1791 2711 1839 sanctorum
2739 1783 3006 1838 suscitans
3030 1783 3083 1837 in
3113 1782 3342 1838 sublime
3364 1784 3617 1854 provexit
3648 1803 3660 1837 :
3696 1799 3802 1841 nec

511 1875 714 1946 lignum
757 1873 959 1931 faciens
996 1875 1226 1930 fructum
1261 1873 1593 1944 producere;
1637 1871 1733 1927 sed
1761 1871 1927 1924 multa
1958 1870 2099 1937 ligna
2132 1874 2177 1932 Β
2209 1878 2429 1932 omnino
2459 1891 2648 1946 passus
2673 1884 2760 1932 est
2785 1885 3021 1931 mentem
3046 1884 3286 1931 nostram
3325 1876 3473 1931 humi
3497 1876 3794 1945 jacentem,

511 1967 792 2034 videmus,
852 1983 1028 2038 neque
1065 1983 1248 2022 semen
1274 2007 1288 2032 ,
1348 1982 1524 2036 neque
1570 1965 1800 2031 fructum
1850 1962 2094 2018 ferentia.

515 2060 597 2118 Ad
630 2059 738 2116 hoc
792 2059 1036 2116 dicemus
1063 2099 1078 2126 ,
1136 2059 1260 2129 quia
1309 2074 1427 2128 qua:
1477 2066 1600 2112 sunt
1638 2055 1889 2121 utiliora,
1948 2070 2101 2110 man-

512 2149 634 2208 dari
657 2151 936 2207 memoriae
954 2151 1322 2222 principaliter
1344 2160 1654 2205 meruerunt
1675 2187 1690 2213 ,
1733 2147 1928 2204 deinde
1971 2147 2101 2210 sub-

512 2245 679 2302 tiliter
697 2245 1090 2318 inquirentibus
1127 2243 1347 2315 patefiet
1372 2253 1466 2299 aut
1501 2239 1815 2300 semiri’arias
1845 2257 1963 2297 esse
1983 2257 2102 2296 om-

511 2352 611 2398 nes
654 2338 906 2403 arbores,
939 2347 1034 2394 aut
1060 2338 1288 2393 similem
1338 2336 1529 2392 semini
1585 2335 1784 2389 habere
1822 2335 2098 2389 virtutem.

513 2427 751 2502 Populus
779 2432 921 2486 enim
950 2432 1033 2486 vel
1064 2431 1256 2494 ulmus,
1288 2436 1342 2484 et
1365 2429 1501 2484 salix
1545 2435 1601 2482 et
1628 2427 1747 2481 alia:
1793 2426 1946 2491 tales,
1987 2423 2100 2480 fru-

518 2530 666 2578 ctum
695 2522 910 2591 quidem
942 2522 1145 2576 nullum
1177 2533 1196 2558 ε
1231 2520 1479 2574 videntur
1507 2517 1698 2573 afferre
1726 2516 2100 2582 manifestum;

514 2629 698 2670 semen
730 2621 909 2668 tamen
939 2614 992 2667 in
1023 2613 1119 2678 eis,
1152 2613 1198 2668 si
1219 2613 1338 2681 quis
1367 2612 1622 2666 attentius
1661 2618 1927 2664 scrutetur
1957 2609 2105 2663 inve-

515 2706 648 2760 niet.
673 2703 698 2741 ά
717 2704 1027 2773 Subjectum
1043 2711 1125 2759 est
1149 2703 1293 2758 enim
1321 2718 1504 2756 earum
1533 2701 1682 2759 foliis'
1705 2715 1927 2769 granum
1959 2698 2104 2769 quod

514 2797 766 2853 mite/tum
794 2812 1104 2866 nuncupare
1132 2797 1306 2851 solent
1331 2796 1385 2850 hi
1426 2795 1517 2864 qui
1546 2794 1927 2850 vocabulorum
1956 2808 2104 2848 coni-

516 2891 871 2961 positionibus
899 2904 1122 2960 operam
1163 2889 1443 2954 dederunt,
1474 2887 1582 2942 hoc
1620 2887 1728 2940 vim
1756 2885 1974 2940 seminis
2002 2885 2102 2939 ob-

517 2980 671 3036 tinet.
689 2980 824 3036 Nam
845 2996 908 3035 ea
921 2995 1039 3050 qum
1059 2979 1126 3034 de
1147 2994 1417 3034 ramorum
1440 2977 1770 3048 plantatione
1789 2984 2098 3040 nascuntur,

516 3087 585 3127 ex
610 3073 933 3142 semetipsis,
963 3072 1416 3142 quamplurimum
1433 3069 1643 3124 radices
1655 3068 1902 3122 fundunt.
1923 3067 2102 3122 Forsi-

517 3170 609 3218 tan
638 3171 694 3218 et
709 3163 810 3216 illa:
829 3177 1053 3232 gemma:
1075 3179 1192 3231 qua:
1207 3163 1274 3216 de
1302 3162 1469 3231 stirpe
1504 3161 1810 3228 truduntur,
1834 3160 2097 3214 rationem

2208 1970 2322 2024 fieri
2372 1970 2588 2038 dignam
2618 1969 3005 2029 calcationibus
3031 1969 3278 2023 aliorum.
3309 1969 3434 2024 Vult
3481 1969 3643 2024 etiam
3689 1985 3793 2026 nos

2209 2062 2355 2116 velut
2382 2071 2407 2109 ις
2439 2060 2760 2130 quibusdam
2804 2060 2962 2115 viteis
2983 2059 3275 2126 claviculis,
3308 2058 3360 2114 id
3388 2068 3494 2125 est,
3527 2060 3794 2130 amplexi-

2206 2156 2307 2209 bus
2335 2153 2574 2209 caritatis
2597 2153 2866 2216 astrictos,
2897 2162 2956 2208 et
3003 2154 3309 2222 proximum
3352 2168 3622 2224 quemque
3668 2154 3800 2210 dili-

2207 2255 2413 2316 gentes,
2447 2247 2651 2316 impetu
2700 2243 2865 2300 animi
2915 2259 3130 2315 semper
3155 2245 3222 2299 ad
3251 2245 3532 2314 superiora
3563 2253 3800 2300 conten-

2209 2339 2340 2395 dere
2373 2357 2384 2391 :
2417 2338 2618 2392 similes
2638 2336 2860 2392 effectos
2881 2335 3166 2392 sarmentis
3185 2351 3306 2406 qua:
3330 2337 3508 2392 solent
3533 2338 3802 2408 paulatim

2209 2431 2519 2495 crescendo,
2553 2431 2620 2486 ad
2647 2445 2888 2485 summos
2929 2431 3181 2485 arborum
3225 2430 3456 2486 vertices
3485 2431 3796 2500 pervenire.

2210 2523 2386 2592 Exigit
2405 2539 2504 2578 nos
2524 2523 2686 2577 etiam
2713 2521 3004 2576 fossionem
3026 2522 3156 2591 pati.
3179 2520 3399 2576 Foditur
3411 2528 3596 2575 autem
3618 2536 3798 2586 mens,

2210 2617 2542 2672 stecularium
2563 2615 2904 2684 depositione
2928 2630 3210 2678 curarum;
3240 2629 3359 2682 quae
3403 2611 3663 2668 cordibus
3696 2628 3798 2668 no-

2208 2709 2335 2764 stris
2349 2725 2486 2762 onus
2507 2722 2670 2777 grave
2687 2705 2710 2744 ιλ
2742 2705 3054 2761 conficiunt.
3083 2705 3225 2774 Ergo
3247 2704 3340 2775 qui
3369 2703 3652 2760 illecebras
3671 2719 3797 2760 cor~

2208 2817 2387 2870 porcae
2431 2799 2721 2871 voluptatis
2751 2797 3030 2867 abiecerit,
3056 2807 3109 2853 et
3137 2795 3486 2852 exsecrabilis
3533 2795 3794 2851 ambitum

2207 2893 2389 2960 gloria:
2437 2892 2851 2960 divitiarumque
2879 2889 3284 2959 contempserit,
3317 2898 3572 2958 tanquam
3597 2887 3784 2943 fossio-

2209 2986 2290 3038 nis
2337 2985 2546 3039 cultura
2596 2984 2884 3047 nitescens,
2919 2982 3158 3050 aspirare
3195 2980 3363 3038 libere
3411 2979 3608 3049 incipit,
3635 2978 3782 3036 omni

2211 3077 2330 3131 labe
2353 3085 2581 3129 terrente
2603 3072 3028 3129 conversationis
3049 3073 3308 3126 abstersa.
3342 3059 3609 3125 Convenit
3628 3069 3789 3124 etiam

2209 3186 2308 3224 nos
2337 3169 2631 3225 secundum
2653 3167 2924 3238 proverbii
2953 3166 3238 3228 rationem,
3273 3163 3496 3218 minime
3522 3161 3794 3217 luxurian-

517 3255 801 3328 quamdam
829 3254 1046 3310 seminis
1090 3255 1309 3319 habent,
1355 3268 1488 3323 quas
1514 3252 1862 3319 agricultores
1888 3251 2101 3305 avulsas

2211 3271 2288 3316 tes
2313 3260 2554 3328 effluere,
2585 3260 2637 3314 id
2666 3268 2768 3324 est,
2801 3275 2910 3314 non
2939 3257 3292 3313 ostentatorie
3320 3256 3524 3319 vivere,
3557 3269 3659 3309 nec
3708 3268 3792 3309 ca-

517 3347 801 3418 reparandi
847 3362 1007 3403 causa
1054 3347 1266 3417 generis
1291 3387 1305 3411 ,
1361 3346 1634 3416 pastinare
1681 3352 2097 3399 consueverunt.

472 3426 478 3430 ’
515 3437 694 3494 Primo
723 3450 924 3508 tamen,
954 3449 1014 3494 ut
1057 3455 1216 3510 supra
1245 3439 1493 3506 diximus,
1525 3439 1746 3493 arbores
1789 3438 1890 3491 illa:
1931 3436 2104 3504 dignm

517 3543 819 3589 memoratu
859 3534 1149 3602 habentur,
1197 3549 1315 3602 qum
1346 3541 1585 3588 nostram
1625 3533 1790 3587 vitam
1837 3531 1949 3586 suis
1990 3530 2103 3584 fru-

517 3625 690 3682 ctibus
711 3633 1100 3692 sustentantes,
1135 3635 1296 3696 atque
1317 3627 1588 3680 hominem
1618 3625 1917 3680 nutrieutcs
1959 3623 2100 3678 invi-

517 3718 722 3776 diosam
771 3719 822 3774 ei
865 3717 1086 3776 facturae
1123 3728 1278 3774 erant
1329 3719 1537 3775 fruendi
1583 3719 1926 3773 libertatem:
1964 3718 2105 3772 sicut

514 3810 638 3868 vitis
665 3825 788 3881 quae
812 3813 995 3866 vinum
1035 3821 1258 3882 generat
1305 3810 1583 3867 laetificans
1631 3826 1727 3866 cor
1757 3811 2010 3874 hominis,
2049 3817 2105 3864 et

517 3903 637 3960 olea
663 3902 894 3960 fructum
917 3904 1115 3972 ferens,
1141 3904 1235 3973 qui
1257 3904 1465 3959 vultum
1493 3903 1774 3966 exhilarat,
1809 3903 1861 3955 in
1893 3901 2104 3956 miseri-

515 3995 720 4052 cordia.
774 4006 795 4033 ι’
835 3995 1046 4062 Quanta
1084 3996 1189 4050 alia
1238 4003 1366 4051 tunc
1411 3995 1571 4050 simul
1617 3993 1962 4062 emergebant
2010 4008 2101 4046 ur-

514 4095 724 4157 genter,
755 4087 872 4144 haec
900 4087 1232 4159 producente
1275 4096 1485 4142 natura.
1540 4086 1724 4156 Itaque
1752 4085 1904 4157 radix
1933 4084 2105 4138 vineae

512 4179 681 4236 habet
706 4181 758 4235 in
781 4181 926 4236 circo
956 4190 1226 4236 sarmenta
1251 4182 1502 4251 virentia,
1524 4179 1715 4235 diffusa
1743 4194 1839 4250 per
1864 4187 2060 4234 terram
2086 4197 2098 4232 :

515 4287 584 4330 ex
629 4273 825 4343 quibus
850 4275 1024 4343 primo
1052 4288 1274 4343 germen
1320 4276 1509 4339 oritur,
1555 4273 1700 4342 quod
1730 4272 1788 4327 fit
1835 4273 2100 4335 labrusca,

515 4369 642 4433 post
665 4362 772 4420 hoc
797 4378 921 4418 uva.
951 4361 1158 4420 Sufficit
1186 4365 1346 4433 igitur
1373 4365 1530 4418 vinea
1568 4377 1783 4432 quoque
1813 4361 2106 4434 prudenter

2209 3363 2359 3425 ptare
2385 3354 2547 3408 decus
2573 3353 2742 3406 laudis
2771 3361 3040 3416 extemm;
3071 3350 3164 3405 sed
3190 3348 3392 3404 fertiles
3409 3363 3508 3403 nos
3536 3363 3667 3402 vero
3697 3345 3799 3402 de-

2207 3454 2568 3500 monstratore
2607 3443 2801 3500 cultori
2852 3443 3115 3498 bonorum
3164 3455 3389 3511 operum
3442 3438 3801 3509 prteferentes

2208 3537 2542 3592 industriam.
2577 3535 2654 3590 Tu
2685 3543 2862 3590 autem
2887 3535 3027 3590 sicut
3055 3534 3196 3588 oliva
3239 3529 3513 3588 fructifera
3551 3531 3702 3586 nulla
3745 3539 3802 3588 te

2208 3645 2302 3699 spe
2329 3628 2633 3690 nudaveris,
2666 3626 2762 3682 sed
2789 3642 3004 3696 semper
3035 3625 3233 3681 habeto
3257 3621 3378 3699 fidei
3406 3623 3629 3678 viridem
3659 3622 3800 3678 vali-

2208 3697 2436 3790 damque
2461 3719 2838 3774 constantiam.
2871 3717 2949 3772 lta
2990 3718 3132 3772 enim
3158 3697 3490 3771 vivacitatem
3523 3713 3665 3768 illius
3693 3727 3791 3766 ar-

2207 3813 2374 3880 boris,
2406 3821 2460 3867 et
2489 3812 2820 3881 opulentiam
2872 3807 3202 3864 fructuosam
3244 3805 3501 3862 videberis
3531 3804 3734 3860 imitari
3766 3821 3784 3860 :

2207 3905 2251 3959 si
2282 3906 2552 3960 uberrime
2581 3901 3004 3958 misericordiam
3033 3901 3180 3956 omni
3214 3908 3449 3966 tempore
3475 3896 3751 3966 largiaris.

2279 3997 2329 4050 7.
2362 3996 2465 4050 Sed
2479 3995 2591 4064 jam
2623 3995 2905 4048 redeamus
2935 3992 2944 4029 ί
2977 3992 3043 4046 ad
3071 3991 3451 4046 scrutationem
3476 3987 3804 4056 dispositio--

2211 4089 2290 4142 nis
2320 4084 2557 4140 artificis.
2591 4084 2800 4151 Quanta
2828 4092 2954 4137 tunc
2983 4097 3176 4151 genera
3213 4081 3466 4135 exstitere
3495 4069 3801 4146 lignorum,

2206 4195 2429 4248 quorum
2470 4177 2709 4246 quietiam
2767 4174 2994 4229 fecunda
3046 4181 3206 4236 sunt,
3260 4172 3362 4225 alia
3410 4169 3804 4240 projeetibilia,

2207 4271 2460 4326 nonnulla
2522 4268 2746 4328 navibus
2809 4266 3130 4321 fabricandis
3193 4261 3580 4326 accommoda,
3639 4276 3809 4331 quae-

2206 4363 2329 4417 dam
2395 4361 2526 4416 focis
2585 4360 2937 4415 necessaria?
3002 4357 3206 4413 Rursus
3269 4358 3322 4411 in
3383 4357 3468 4411 his
3529 4356 3541 4405 1'
3612 4356 3813 4412 varius

2209 4462 2484 4524 spectatur
2534 4461 2793 4518 ornatus,
2858 4466 3086 4521 quorum
3139 4459 3192 4505 et
3246 4447 3594 4519 proprietatis
3643 4447 3813 4503 inve-

514 4547 716 4603 ministi
744 4548 889 4606 enim
932 4548 1188 4604 dominici
1237 4547 1501 4602 sermonis
1539 4548 1877 4617 exemplum,
1908 4562 2014 4616 quo
2041 4561 2101 4601 se
2207 4545 2422 4616 stigatio
2471 4544 2702 4600 difficilis
2722 4544 2949 4599 habetur
2996 4551 3051 4597 et
3102 4540 3402 4596 differentia
3432 4539 3813 4608 singulorum.

514 4636 644 4693 dicit
670 4652 789 4694 esse
813 4637 996 4708 vitem,
1025 4637 1241 4694 Patrem
1269 4653 1398 4693 vero
1427 4637 1711 4692 cultorem.
1738 4638 1986 4705 Singulos
2008 4652 2102 4690 au-
2209 4639 2343 4696 Nam
2371 4640 2474 4694 alia
2503 4637 2953 4709 profundioribus,
2980 4635 3087 4690 alia
3116 4633 3338 4691 summis
3358 4641 3414 4687 et
3439 4631 3651 4688 levibus
3672 4639 3819 4686 sunt

513 4739 626 4787 tem
651 4741 914 4800 nostrum,
938 4734 1029 4804 qui
1058 4748 1154 4804 per
1182 4732 1341 4787 fidem
1388 4732 1578 4786 inserti
1617 4746 1801 4786 smnus
1828 4727 2101 4799 Ecclesiae,
2131 4721 2181 4780 D
2208 4746 2416 4785 annexa
2445 4728 2711 4783 radicibus
2745 4747 2757 4780 :
2791 4727 2892 4781 alia
2936 4728 2988 4780 in
3033 4725 3198 4779 altum
3228 4731 3498 4795 porrecta,
3533 4722 3817 4790 singulis—

2287 4843 2304 4879 ί
2342 4841 2567 4897 Veteres
2594 4840 2699 4894 duo
2731 4839 2869 4906 libri,
2901 4852 3183 4909 provocans
3215 4852 3326 4890 nos.
3359 4832 3478 4889 Vox
3509 4835 3820 4909 posterior

2203 4915 2269 4968 ab
2299 4913 2454 4967 editis
2484 4913 2688 4965 aberat.
2713 4905 2915 4965 Ibidem
2948 4909 3116 4963 nostri
3149 4916 3257 4962 tres
3283 4921 3413 4961 mss.
3450 4905 3529 4958 ad
3546 4907 3821 4980 fructifeo

2208 4985 2478 5038 rationem.
2515 4981 2655 5036 Editi
2685 4982 2752 5033 ad
2777 4981 3244 5052 fructi/irationem.

2276 5065 2300 5101 κ
2331 5054 2491 5119 Editi,
2521 5044 2823 5124 quibusdam
2851 5044 2982 5104 vitis.
3048 5049 3189 5103 Libri
3217 5057 3448 5112 veteres,
3481 5044 3826 5117 quibusdam

2199 5127 2360 5179 viteis.

2273 5195 2294 5231 ἰ
2331 5194 2548 5263 Antiqui
2578 5194 2684 5247 duo
2739 5193 2898 5263 libri,
2947 5191 3229 5263 conﬁgunt.
3265 5188 3442 5263 Alius,
3477 5187 3820 5257 conﬁciunt.

2200 5265 2358 5331 Editi,
2391 5259 2710 5335 conﬁngunt.
2741 5259 3111 5335 Statimﬂolb.
3143 5259 3426 5323 secundus,
3456 5267 3505 5311 et
3539 5273 3824 5313 exsecra-

2200 5338 2321 5392 bites
2346 5334 2572 5390 ambitus
2590 5335 2770 5405 glorim
2792 5334 2867 5387 vel
2891 5334 3205 5405 divitiarum.
3231 5402 3240 5405 _
3289 5357 3294 5364 -

2277 5407 2288 5442 ί
2320 5405 2475 5469 Editi,
2500 5405 2565 5457 ad
2589 5397 2955 5458 scrutationem
2991 5402 3356 5471 disputationis
3371 5399 3626 5471 artificis.
3655 5397 3829 5456 Libri

2196 5486 2407 5531 veteres
2423 5467 2490 5528 ad
2501 5477 2866 5530 scrutationem
2879 5467 3231 5543 dispositionis
3244 5472 3342 5524 arti
3341 5469 3464 5543 ﬁcis
3469 5507 3482 5520 .
3501 5469 3516 5522 Ι
3524 5485 3557 5522 n
3574 5467 3829 5536 Graeco,

2197 5554 2322 5621 πρίς
2360 5553 2450 5621 τήν
2478 5548 2687 5621 ἔρευναί)
2717 5540 2969 5621 τεχγικνῖςί
3007 5543 3308 5621 διρςτοξξεωνἒ
3341 5540 3506 5620 Paulo
3537 5547 3832 5621 ant-cyro

2193 5609 2284 5671 sed
2303 5619 2455 5670 etiam
2473 5609 2535 5670 ex
2560 5609 3185 5685 antiquis'duobuslibris
3206 5609 3647 5685 seripsimusnsert
3665 5609 3829 5680 jam.

2283 5689 2296 5738 i
2329 5688 2553 5742 Veteres
2581 5677 2837 5740 duodibri
2863 5693 2915 5738 et
2947 5684 3096 5746 editi,
3130 5677 3476 5752 exspectatur.
3507 5677 3682 5734 Collo.
3726 5697 3830 5736 se—

2201 5758 2425 5882 cunduz,
2458 5767 2736 5823 spectatur.
2782 5756 3069 5824 Aliquanto
3098 5760 3220 5824 post
3247 5752 3353 5806 duo
3382 5764 3537 5815 mss.,
3571 5754 3858 5810 summis-

2201 5837 2247 5882 et
2289 5845 2371 5882 em
2408 5844 2485 5882 us.

2201 5837 2247 5883 et
2270 5829 2485 5884 lenibus.

515 4456 777 4526 inspecta,
807 4455 1239 4511 recordationem
1281 4457 1376 4510 tibi
1406 4464 1612 4510 naturae
1650 4453 1934 4524 subjicere.
1989 4452 2101 4507 Me-

584 4851 615 4924 f
653 4843 793 4900 Editi
824 4848 1100 4924 carinaria.
1128 4862 1226 4916 pro
1272 4845 1567 4924 coronat-ia,
1603 4844 1682 4898 uti
1683 4843 1766 4924 “in
1794 4843 2002 4898 duobus
2032 4843 2098 4896 li-

515 4913 627 4970 bris
674 4917 942 5004 veteribus
998 4911 1258 4986 seriptum
1304 4917 1626 4973 invenimus.
1679 4911 1866 4970 Graece
1907 4935 2098 4988 στεφα-

515 5005 793 5041 νωαατιγα.

650 5053 784 5128 illud
811 5057 1012 5128 quidem
1033 5057 1270 5111 additum
1303 5067 1386 5113 est
1413 5073 1479 5112 ex
1507 5055 1661 5112 Colb.
1693 5055 1952 5110 secundo.

589 5135 615 5168 ο
639 5123 806 5200 Editi,
822 5123 1073 5200 videntur
1101 5128 1312 5200 aﬂ'erre,
1334 5129 1670 5200 manifestum
1693 5135 1863 5200 tamen
1886 5141 2091 5200 semen:

516 5211 636 5268 qua;
683 5199 849 5253 verba
897 5199 1054 5254 aliter
1105 5196 1503 5267 distinguuntur
1551 5200 1605 5252 in
1632 5197 1784 5254 Colb.
1819 5196 2089 5268 secundo;

517 5266 915 5395 ἓᾙὲχιὲιθιὶω,
945 5276 1005 5325 et
1046 5271 1224 5326 verbis
1251 5266 1450 5330 Graecis
1495 5269 1924 5326 eonvenientius.
1952 5266 2094 5335 Lege

777 5357 851 5395 ω.

518 5351 851 5395 contextum.

579 5407 626 5494 ,δ’
647 5408 724 5464 Ex
748 5411 957 5494 duobus
983 5411 1133 5494 libris
1153 5413 1423 5494 veteribus
1454 5426 1642 5492 vocem
1669 5418 1747 5494 est
1774 5409 2090 5464 addidimus.

517 5478 719 5536 ibidem
745 5481 899 5536 Golb.
925 5483 1212 5549 secundus,
1242 5492 1292 5537 et
1319 5483 1413 5538 hoc
1436 5483 1537 5536 vim
1565 5483 1794 5536 seminis.

591 5560 616 5590 ο
657 5551 854 5607 Totum
882 5553 1029 5615 illud,
1061 5565 1254 5624 quanta
1284 5555 1390 5607 alia
1421 5563 1539 5607 tunc
1566 5553 1720 5606 simul
1766 5551 2090 5624 emergebant

521 5624 918 5699 git-genter,th
947 5621 1257 5694 producente
1285 5633 1500 5699 natura,
1526 5639 1597 5680 ex
1625 5624 1856 5699 antiquis
1881 5621 2091 5699 duobus

522 5688 670 5745 liiin’s
710 5688 978 5762 adjectum
1018 5703 1100 5750 est
1130 5713 1142 5748 :
1170 5711 1398 5764 quorum
1447 5696 1502 5748 in
1549 5711 1657 5750 uno
1686 5688 1879 5762 legitur
1907 5698 2087 5744 tamen
2158 5715 2167 5723 -

523 5769 1060 5837 Mrem,_urgentes
1092 5782 1107 5817 :
1139 5767 1194 5820 in
1236 5766 1406 5822 altero
1435 5773 1687 5835 corrupte
1732 5776 1968 5833 quoque,
1997 5777 2089 5813 αν-

521 5841 752 5899 guenter.
777 5834 982 5900 Graec,
1009 5839 1340 5902 ἡπτψιιένως,
1366 5834 1623 5901 urgenter.

1474 5941 1521 5976 Χ

819 6083 844 6106 ι
889 6111 899 6117 .
