4110 6336
252 358 363 445 tua

1263 343 1656 418 namnam
1686 338 2165 401 METAPHRASIS
2201 338 2406 397 LIBER
2437 340 2502 398 v.

3414 334 3525 397 968

259 490 367 557 que
399 471 574 549 deﬁxa
597 468 887 547 stipitibus,
913 466 1019 527 alia
1054 463 1376 557 humiliora;
1410 469 1467 521 et
1492 460 1562 518 de
1587 470 1612 499 ι
1643 460 1828 533 stirpi-
1856 462 1913 539 Α
1933 457 2276 515 hortensibus
2304 463 2552 514 narratur
2580 468 2895 526 apponere:
2924 454 3173 517 nonnum
3197 456 3362 519 etiam
3404 455 3520 515 tm.

261 553 363 626 bus
383 566 497 623 suis
524 562 709 625 oculos
734 561 914 637 plures
941 557 1233 617 fundentia.
1264 555 1334 613 Et
1359 569 1591 631 quorum
1615 553 1844 610 vertices

260 669 386 723 sunt
412 657 643 727 excelsi,
690 668 878 717 eorum
917 651 1124 709 radices
1166 648 1492 720 multiplices
1520 654 1576 703 et
1618 644 1842 718 profun-

263 755 438 811 diores
467 750 766 812 habentur,
813 745 870 807 in
921 744 1172 814 circoque
1219 738 1425 798 dilqu
1464 751 1644 808 :quas
1696 734 1845 795 velut

264 844 573 902 fundamina
617 839 865 915 quaedam
908 844 1101 905 natura
1154 832 1403 905 subjecit,
1433 831 1629 902 quibus
1676 827 1869 885 moles

263 934 603 1009 superposita
642 932 819 991 Valeat
845 926 1153 987 sustentari.
1182 924 1393 999 Quanta
1428 922 1593 980 etiam
1621 918 1847 979 diversi-

267 1036 349 1087 tas
378 1029 431 1085 in
452 1024 743 1085 corticibus
763 1028 863 1088 est,
890 1018 917 1058 ι’
948 1033 1176 1090 quorum
1224 1016 1314 1072 alii
1338 1016 1491 1073 lenes
1527 1018 1657 1070 sunt
1683 1016 1738 1067 et
1764 1009 1848 1067 ni-

268 1120 385 1186 tidi,
415 1116 660 1185 nonnulli
693 1112 888 1173 nodosi
933 1119 988 1171 et
1030 1110 1230 1182 asperi,
1259 1108 1351 1165 alii
1395 1105 1684 1177 simplices,
1716 1103 1851 1165 certi

269 1211 437 1273 etiam
461 1208 647 1267 multis
662 1204 903 1266 conserti
923 1201 1272 1261 caudicibus?
1292 1198 1363 1256 Et
1382 1196 1527 1268 quod
1554 1197 1723 1265 magis
1744 1195 1849 1251 mi-

268 1286 499 1370 ra'bcris,
526 1299 820 1357 senectutis
847 1304 904 1355 et
929 1294 1224 1367 iuventutis
1266 1293 1513 1351 humana:
1556 1286 1851 1351 similitudo

270 1392 539 1465 reperitur
561 1392 619 1456 in
647 1391 744 1447 eis.
787 1388 921 1445 Nam
951 1386 1285 1445 novellarum
1313 1393 1366 1440 et
1392 1382 1710 1456 pollentium
1739 1380 1849 1439 vir-

269 1484 539 1557 gultorum
565 1480 824 1539 deductus
872 1487 929 1536 et
956 1487 1139 1534 tensus
1167 1484 1252 1534 est
1296 1482 1515 1541 cortex;
1562 1485 1851 1529 senescen-

256 1576 410 1657 tium
437 1568 581 1632 vero
617 1586 843 1647 rugosus
875 1578 931 1627 et
956 1569 1163 1627 scaber.
1211 1564 1291 1623 Ex
1320 1567 1403 1625 his
1440 1564 1685 1638 quaedam
1730 1578 1854 1621 cuni

272 1666 470 1725 fuerint
520 1670 796 1738 amputata
839 1664 1222 1735 regerminant,
1253 1661 1356 1717 alia
1386 1676 1513 1718 mox
1542 1673 1664 1715 cum
1701 1665 1854 1715 trun-

273 1767 465 1814 cantur
492 1762 772 1820 arescunt,
807 1764 1061 1824 tanquam
1108 1759 1337 1809 mortem
1366 1748 1651 1819 quamdam
1679 1763 1745 1804 ex
1774 1748 1857 1803 in-

1942 560 2089 609 ctum
2116 549 2353 623 caprifici
2379 547 2691 607 domesticis
2708 547 2949 627 alligant,
2971 546 3309 621 confcreudaz
3326 548 3522 606 valitu-

1942 643 2082 700 dinis
2102 658 2287 709 causa,
2308 655 2418 711 quo
2438 640 2650 712 possint
2674 639 2918 711 germina
2936 654 3034 697 sua
3060 639 3295 697 retinere
3322 639 3525 698 caden-

1943 736 2037 794 tia.
2066 732 2235 804 Cujus
2261 733 2340 791 rei
2368 732 2619 790 videlicet
2645 728 2813 804 ﬁgura
2864 746 3089 788 monere
3133 746 3235 795 nos
3286 730 3526 790 creditur

1945 834 2005 887 ut
2049 840 2404 897 agnoscamus
2449 823 2574 898 quia
2621 829 2837 897 oportet
2889 822 3209 896 plerumque
3253 822 3415 912 e.tiatn
3456 820 3526 877 ab

1947 918 2260 988 alienigenis
2280 931 2475 988 capere
2500 931 2603 983 nos
2642 912 2768 973 fidei
2791 914 3194 985 documentum,
3219 911 3295 969 ad
3312 911 3525 985 profes-

1947 1010 2155 1067 sionem
2183 1009 2451 1066 honorum
2476 1023 2699 1080 operum
2724 1005 3120 1065 declarandam.
3152 1003 3209 1061 Si
3238 1003 3256 1047 ί
3281 1005 3428 1063 enim
3446 1004 3526 1060 vi-

1949 1102 2094 1160 deris
2121 1100 2427 1173 quempiam
2470 1098 2539 1155 de
2584 1097 2873 1172 gentilibus
2905 1105 3001 1155 aut
3027 1097 3296 1159 hiereticis
3321 1096 3390 1155 ab
3420 1093 3526 1157 Ec-

1949 1196 2112 1257 cIBSia
2139 1194 2354 1255 Domini
2392 1199 2752 1264 segregatum,
2774 1191 2902 1248 vitae
2946 1204 3267 1260 morumque
3293 1187 3526 1245 cultibus

1949 1290 2291 1349 honestatum
2307 1302 2322 1352 ;
2339 1285 2471 1341 eniti
2484 1284 2706 1342 debebis
2718 1282 3033 1356 impensius,
3048 1290 3103 1339 et
3120 1280 3357 1338 studium
3376 1288 3530 1341 tuum

1951 1380 2123 1453 magis
2145 1394 2210 1437 ac
2232 1377 2403 1448 magis
2430 1390 2630 1447 augere
2649 1391 2758 1449 quo
2787 1376 2963 1449 possis
2983 1374 3240 1432 accedere
3259 1388 3428 1444 prope
3465 1370 3530 1427 il~

1952 1475 2059 1533 lam
2088 1470 2419 1531 fructiferam
2470 1467 2650 1537 ficum,
2678 1483 2797 1543 quae
2836 1469 2905 1527 de
2927 1469 3185 1535 societate
3207 1465 3532 1533 silvestrium

1952 1567 2194 1636 vigorem
2241 1569 2488 1620 mutuata
2534 1560 2844 1631 fecundum,
2885 1560 3017 1615 vitia
3054 1558 3270 1629 quidem
3318 1555 3539 1621 molesti

1953 1658 2130 1718 ﬂuxus
2158 1656 2409 1722 inhibuit,
2448 1653 2684 1721 subsidia
2719 1667 2851 1709 vero
2886 1651 3078 1707 vicinae
3112 1649 3406 1711 fertilitatis
3441 1663 3545 1719 ara

1956 1752 2141 1824 ripuit.

262 1850 493 1931 cisionis
523 1849 717 1920 injuria
746 1846 1084 1920 perferendo.
1113 1845 1291 1901 Multis
1314 1857 1443 1899 sane
1467 1842 1751 1914 probatum
1771 1848 1854 1899 est
1882 1839 1929 1901 Β
2027 1843 2080 1901 8.
2111 1843 2277 1915 Igitur
2303 1842 2351 1898 si
2380 1824 2533 1899 tanta
2556 1839 2696 1899 ratio
2716 1835 3078 1909 generationis
3100 1834 3311 1890 illarum
3336 1839 3451 1897 est,
3477 1839 3539 1890 ιιι

276 1946 399 2017 quia
429 1952 629 2000 exustae
647 1942 733 1999 vel
761 1941 939 1998 incisae
972 1951 994 1979 ο
1019 1940 1177 2009 pinus
1206 1938 1262 1991 in
1293 1950 1480 1991 nemus
1501 1932 1853 2003 glandiferum

196 2099 205 2107 ,
277 2054 338 2094 se
369 2036 774 2092 transformant.
806 2032 1001 2089 Notum
1024 2039 1106 2085 est
1135 2029 1297 2085 etiam
1325 2026 1585 2097 quasdam
1633 2025 1859 2095 diligen-

280 2129 351 2186 tia
381 2128 646 2184 cultorum
694 2131 931 2189 curatas,
965 2121 1193 2175 naturali
1238 2120 1453 2191 penitus
1503 2116 1706 2172 malitia
1762 2130 1857 2179 ca-

279 2222 473 2277 ruisse.
517 2217 653 2275 Nam
699 2216 839 2273 mala
887 2213 1077 2286 punica
1132 2227 1252 2282 qua:
1307 2219 1433 2267 sunt
1479 2208 1860 2278 acidiora,vel

281 2329 498 2370 amaras
542 2309 874 2385 amygdalas,
902 2307 1006 2362 hoc
1043 2304 1207 2361 modo
1235 2304 1413 2360 ferunt
1452 2316 1612 2373 posse
1640 2299 1859 2373 molliri,

262 2394 328 2461 si
353 2403 502 2475 juxta
534 2401 789 2466 radicem,
824 2397 1025 2453 truncis
1052 2409 1236 2452 earum
1278 2394 1563 2449 terebratis
1593 2391 1744 2448 taeda:
1769 2407 1864 2451 cu-

286 2508 422 2549 neus
451 2507 546 2562 per
575 2487 808 2545 medium
834 2486 1066 2542 cardinis
1115 2483 1475 2553 transﬁgatur,
1504 2499 1720 2541 omnem
1746 2498 1866 2540 mo—

286 2586 499 2641 lestiam
557 2582 765 2656 saporis
829 2578 1142 2651 incongrui,
1201 2579 1500 2634 mutatione
1567 2577 1865 2633 dulcedinis

288 2684 653 2748 exempturus.
684 2674 890 2730 Idcirco
917 2672 1093 2728 nullus
1120 2672 1397 2727 hominum
1445 2671 1674 2739 caligine
1710 2669 1864 2725 mali-

290 2767 508 2840 gnitatis
537 2763 566 2806 ⁸
595 2764 797 2822 offusus
825 2764 891 2819 de
931 2762 1144 2834 propria
1173 2762 1347 2818 salute
1391 2761 1659 2833 desperet,
1691 2761 1865 2816 sciens

268 2859 436 2929 'quod
479 2855 802 2926 agricultura
831 2852 1048 2923 quidem
1078 2866 1359 2922 pomorum
1389 2850 1677 2920 qualitates
1707 2849 1866 2904 redu-

261 2943 269 2949 ’
291 2944 368 3004 cit
395 2947 450 3004 in
475 2947 685 3013 melius,
733 2943 886 3001 labor
934 2951 1114 2998 autem
1140 2941 1393 3013 spiritalis
1422 2951 1613 3012 potens
1637 2949 1720 2998 est
1746 2956 1866 2996 om-

264 3034 435 3095 'nium
464 3036 773 3093 morborum
799 3051 1055 3108 superare
1094 3034 1406 3106 nequitiam.
1456 3032 1523 3087 Et
1571 3049 1703 3090 sane
1749 3043 1870 3089 tan-

266 3140 402 3188 ‘tam
432 3132 486 3186 in
527 3131 779 3186 arborum
820 3126 1232 3184 fecunditatibus
1260 3126 1503 3183 videmus
1524 3141 1643 3185 esse
1663 3126 1869 3181 distan-

1957 1940 2050 1998 vix
2074 1953 2247 2010 pauca
2274 1951 2377 2008 pro
2402 1935 2585 1992 multis
2611 1932 2945 2005 potuerimus
2964 1941 3258 1999 exponere,
3281 1924 3401 1996 quis
3427 1938 3549 1991 om:

1958 2034 2107 2090 nium
2156 2031 2428 2088 fructuum
2478 2027 2768 2085 varietates
2790 2067 2805 2093 ,
2853 2022 3143 2093 qualitates
3197 2018 3542 2084 schematave

1957 2129 2268 2197 percurrat,
2300 2127 2355 2177 et
2380 2126 2582 2191 quanta
2629 2118 2686 2183 in
2730 2114 2953 2184 singulis
3000 2112 3263 2177 habeatur
3311 2108 3537 2172 utilitas,

1959 2196 2083 2275 cum
2109 2214 2217 2273 sint
2243 2212 2363 2269 alite
2390 2224 2511 2281 quae
2538 2208 2653 2277 sole
2678 2217 2704 2255 δ
2734 2206 2972 2269 decocta:
2994 2206 3398 2264 maturescunt,
3422 2196 3542 2265 alia:

1960 2324 2081 2381 quae
2101 2313 2533 2378 tegumentorum
2561 2300 2809 2373 praesidio
2837 2297 3073 2354 defensa:
3097 2290 3451 2366 plenescunt?
3473 2287 3543 2343 Et

1961 2401 2234 2475 quomodo
2262 2414 2450 2464 eorum
2478 2412 2598 2467 quae
2649 2394 2869 2457 rnollem
2914 2391 3148 2447 fructum
3191 2388 3371 2442 ferunt
3414 2381 3545 2475 folia

1964 2471 2191 2552 fortiora
2221 2500 2365 2561 sunt,
2396 2489 2535 2555 sicut
2562 2485 2679 2553 fici;
2701 2498 2930 2555 quorum
2978 2487 3160 2537 autem
3211 2476 3414 2531 fructus
3440 2471 3543 2527 du-

1962 2584 2075 2649 rior
2102 2582 2328 2639 habetur
2365 2577 2798 2635 membranarum
2845 2578 3059 2629 textura
3092 2566 3122 2607 ι·
3155 2564 3395 2622 tenerior
3438 2569 3543 2630 est,

1965 2678 2104 2734 sicut
2131 2689 2298 2728 nuces
2324 2691 2335 2725 :
2370 2672 2495 2742 quia
2523 2668 2654 2724 ﬁcus
2681 2666 2934 2722 videlicet
2960 2669 3181 2733 propter
3210 2655 3555 2729 imbecillita-_

1965 2778 2074 2829 tem
2096 2768 2290 2824 merito
2313 2764 2517 2835 ﬂagitat
2536 2776 2693 2834 opem
2722 2758 2942 2830 majoris
2961 2754 3168 2821 auxilii,
3196 2751 3422 2806 nucibus
3450 2763 3519 2815 au
3542 2784 3547 2788 -

1967 2869 2075 2919 tem
2100 2859 2372 2917 laesionem
2399 2854 2579 2913 facere
2606 2852 2869 2925 potuisset
2891 2847 3110 2903 densior
3129 2843 3368 2915 opacitas
3387 2839 3545 2903 folio:

1967 2966 2105 3007 rum.
2143 2946 2435 3018 Pampinus
2464 2945 2626 3009 etiam
2671 2956 2832 3019 quam
2860 2936 3252 2995 rationabiliter
3288 2929 3547 2989 multiﬁda

1968 3039 2290 3097 formatione
2318 3032 2588 3109 perfectus
2608 3039 2710 3097 est,
2734 3038 2795 3086 ut
2821 3044 2922 3087 uva
2947 3042 3043 3099 per
3061 3042 3182 3083 eam
3204 3032 3411 3096 partem
3429 3034 3549 3090 qum

1972 3131 2188 3203 tegitur,
2221 3129 2363 3187 aeris
2391 3125 2617 3199 repellat
2663 3123 2933 3194 injtu'iam,
2958 3135 3055 3193 per
3098 3133 3219 3175 eam
3271 3131 3401 3171 vero
3429 3123 3551 3184 qua:

268 3224 439 3290 'tiam.
468 3230 723 3295 quantam
771 3235 873 3276 nec
899 3220 1065 3275 verbo
1100 3218 1313 3291 quidem
1363 3233 1648 3289 possumus
1696 3217 1869 3289 expli-
1897 3216 1945 3289 ς.
1974 3230 2140 3297 patet,
2172 3219 2413 3278 fomenta
2441 3218 2616 3275 solani
2658 3215 2854 3272 caloris
2880 3213 3135 3285 excipiat.
3186 3208 3327 3266 Nihil
3369 3208 3555 3275 itaque

267 3314 436 3372 'care.
462 3313 646 3397 l‘lcque
669 3313 811 3368 enim
855 3312 1026 3367 solum
1057 3311 1111 3366 in
1142 3311 1351 3366 alterno
1374 3324 1573 3379 genere
1620 3310 1868 3367 discretio

270 3398 496 3462 ‘fetuum
522 3406 856 3469 continetur;
883 3402 979 3458 sed
1008 3402 1063 3456 in
1091 3402 1312 3472 singulis
1340 3402 1500 3456 etiam
1527 3402 1753 3474 plurima
1784 3402 1867 3457 di-

268 3494 517 3551 ‘vcrsitas
546 3496 829 3551 invenitur.
862 3491 1136 3563 Siquidem
1166 3491 1309 3547 aliud
1337 3492 1609 3564 specimen
1657 3507 1862 3548 mascu‘

270 3586 389 3644 ’lini
414 3588 635 3654 fructus,
661 3586 807 3641 aliud
828 3584 1087 3651 feminini,
1106 3585 1372 3639 cultorum
1396 3584 1566 3640 fertur
1592 3585 1872 3642 tradidisse

268 3681 511 3737 ‘solertia
538 3698 551 3733 :
587 3691 608 3716 ε
642 3679 731 3749 qui
762 3679 923 3733 etiam
953 3678 1157 3748 palmas
1182 3677 1378 3745 gemini
1405 3691 1523 3731 esse
1545 3693 1703 3731 sexus
1729 3676 1872 3731 aflir-

268 3779 462 3828 ’mant.
495 3770 626 3825 Nam
658 3769 864 3825 videtur
906 3768 1177 3841 quomodo
1207 3766 1346 3838 apud
1386 3783 1480 3822 eos
1509 3782 1627 3836 quac
1676 3766 1873 3823 femina

290 3864 623 3932 nominatur,
654 3876 833 3916 ramos
853 3861 1102 3931 proprios
1129 3860 1376 3913 incurvat
1398 3858 1467 3912 ad
1498 3875 1698 3915 marem
1726 3859 1873 3915 velut

287 3956 635 4015 concubitum
677 3961 896 4026 petens,
950 3961 1007 4007 ut
1053 3952 1223 4024 possit
1267 3967 1334 4006 ex
1388 3951 1503 4022 ejus
1545 3952 1874 4008 admixtione

270 4051 601 4121 'eoncipere.
624 4044 775 4103 Unde
803 4044 1066 4114 ingeniosi
1092 4045 1361 4113 agricolae,
1390 4045 1629 4119 sublatos
1655 4045 1723 4101 de
1751 4061 1868 4099 ma-

286 4142 445 4201 sculo
472 4147 649 4197 certos
674 4138 883 4205 oculos,
911 4135 1122 4191 feminae
1151 4134 1401 4191 dicuntur
1429 4136 1695 4202 inserere;
1719 4145 1775 4192 et
1795 4137 1869 4191 ita

285 4234 452 4308 quasi
478 4234 627 4289 coitu
662 4228 965 4288 desiderato
1008 4229 1218 4300 repleta
1265 4225 1548 4284 confestim
1601 4229 1876 4287 subductis

272 4325 532 4384 brachiis
550 4322 833 4395 pristinum
861 4318 1089 4376 recurrit
1118 4318 1185 4373 ad
1204 4326 1421 4374 statum.
1455 4317 1579 4374 Haec
1605 4327 1782 4374 autem
1805 4318 1876 4376 de

287 4418 414 4475 ficis
440 4407 655 4488 quoque
674 4420 981 4470 narrantur.
1012 4411 1144 4467 Nam
1166 4409 1385 4483 quidam
1405 4411 1613 4481 plantas
1634 4420 1875 4482 agrestes

1971 3292 2273 3376 fortuitum,
2303 3309 2436 3366 nihil
2465 3306 2830 3365 irrationabile
2855 3304 3052 3360 factum
3085 3300 3346 3373 videmus.
3377 3292 3471 3350 ESt
3491 3295 3548 3353 in

1973 3403 2221 3461 omnibus
2247 3399 2533 3457 ineifabilis
2578 3396 2823 3469 quaedam
2875 3392 3225 3461 mirandaque
3261 3385 3544 3459 sapientia.

1972 3495 2103 3569 Quae
2125 3502 2304 3551 autem
2326 3506 2479 3547 mens
2504 3496 2599 3545 aut
2634 3488 2786 3556 cujus
2811 3484 3058 3541 facundia
3093 3480 3322 3536 suﬂiciet
3349 3476 3364 3515 ί
3401 3491 3552 3533 com-

1974 3568 2307 3659 prehendere
2336 3587 2529 3639 cuncta
2558 3568 2841 3659 subtiliter,
2872 3584 2933 3630 ut
2958 3582 3013 3629 et
3035 3569 3391 3642 contemplari
3420 3580 3538 3637 pro-

1974 3677 2230 3750 prietates
2248 3674 2446 3740 valeat,
2463 3678 2520 3728 et
2536 3671 2842 3729 discernere
2862 3665 3187 3739 differentias
3199 3661 3559 3731 singulorum,

1972 3749 2058 3825 vel
2081 3766 2365 3822 latentium
2389 3763 2603 3835 penitus
2633 3775 2912 3817 causarum
2936 3762 3144 3812 secreta
3175 3751 3388 3808 rimari?
3408 3749 3555 3823 Quo-

1974 3858 2136 3915 modo
2165 3873 2304 3914 unus
2333 3855 2582 3923 idemque
2616 3854 2811 3907 humor
2844 3864 2942 3920 per
2970 3847 3311 3902 arbustorum
3343 3840 3554 3897 radices

1974 3958 2257 4018 attractus,
2282 3948 2334 4002 in
2376 3943 2552 4002 ofﬁcia
2580 3956 2867 4009 numerosa
2897 3938 3243 4009 dispergitur,
3283 3933 3439 3989 aliter
3466 3931 3552 4003 ip-

1975 4055 2091 4097 sam
2108 4038 2343 4095 radicem
2364 4033 2628 4099 nutriens,
2646 4029 2805 4086 aliter
2819 4028 3092 4094 corticem,
3108 4025 3264 4079 aliter
3285 4031 3558 4089 truncum,

1978 4142 2033 4190 et
2079 4133 2234 4188 aliter
2262 4126 2591 4185 medullam?
2620 4132 2676 4180 et
2720 4119 2993 4194 quomodo
3045 4133 3189 4173 nunc
3240 4114 3427 4170 folium
3477 4102 3557 4177 ﬁt,

1979 4240 2121 4284 nunc
2155 4224 2221 4278 .in
2268 4220 2520 4292 palmites
2575 4228 2861 4286 ramosque
2886 4214 3167 4278 formatur,
3197 4216 3253 4265 et
3294 4204 3559 4287 fructibus

1978 4318 2179 4393 praebet
2203 4314 2458 4370 alimenta
2478 4307 2788 4368 crescendi?
2808 4305 3097 4379 Lacrymas
3116 4301 3280 4358 etiam
3300 4294 3561 4393 quaedam

1977 4386 2075 4471 per
2112 4422 2292 4466 ramos
2317 4403 2507 4463 eadem
2530 4401 2705 4467 fundit
2730 4397 2976 4469 materia,
2996 4407 3227 4468 quarum
3251 4395 3456 4462 quanta
3490 4386 3566 4453 sit

372 4632 401 4662 ι
427 4619 582 4678 Colb.
614 4616 904 4687 secundus,
932 4625 982 4672 et
1029 4616 1095 4687 de
1120 4613 1729 4687 stipitibua_suisoculos,
1761 4623 1868 4672 etc.
1899 4620 1952 4687 ι)
2046 4613 2074 4652 ά
2092 4611 2259 4687 _Colb.
2289 4606 2580 4687 secundus,
2604 4604 2857 4687 Asuﬂ‘uaus.
2882 4599 3077 4659 Statim

287 4692 608 4753 Eustathius
653 4684 1343 4762 exprimerejoluit'illud
1374 4684 1573 4762 Basilii,
1607 4692 1687 4762 mi
1731 4689 1874 4751 ideo;

286 4770 402 4843 ams
454 4771 545 4825 τῆς
594 4756 741 4836 ῥίζηξ
784 4762 854 4843 εις·
906 4759 1095 4843 transi;
1147 4760 1376 4843 ὶξφιξσεις
1406 4756 1879 4843 ¹διξθξξινιμένοιλιιιςδο

292 4840 504 4965 Bnep‘te,
528 4827 651 4889 cu'm
689 4832 865 4888 oculus
900 4829 975 4885 de
994 4829 1105 4885 vite
1151 4827 1301 4884 et'de
1343 4827 1627 4884 arboribus
1675 4829 1874 4884 usitate

336 4923 422 4964 ica
448 4920 529 4960 ur.
1345 4918 1355 4927 -

336 4909 529 4964 icatur.
1345 4918 1355 4927 -

370 4977 402 5017 ι’
433 4974 591 5040 Editi,
623 4989 837 5045 quorum
859 4971 985 5045 alii;
1007 4972 1147 5045 tenes
1170 4979 1220 5027 et
1258 4970 1458 5035 nitida,
1486 4968 1751 5045 nonnullis
1780 4984 1878 5045 no-

296 5051 444 5105 dosa:
482 5056 529 5099 et
568 5038 787 5111 dapem,
817 5041 935 5096 alia:
972 5041 1248 5111 simplices,
1291 5048 1488 5097 cratem:
1508 5039 1665 5111 etiam
1703 5038 1879 5111 multis

297 5126 554 5175 conserua
573 5108 865 5168 caudicibus
888 5128 904 5164 :
935 5126 1054 5179 qua:
1073 5108 1340 5178 scriptura
1369 5110 1413 5164 si
1435 5109 1521 5171 cui
1548 5109 1785 5179 placeat,
1799 5108 1879 5179 le-

299 5198 397 5261 gat
424 5191 906 5261 oportet_quaru_n_t,
922 5176 1046 5261 cum
1066 5176 1326 5261 scriptum
1347 5180 1415 5261 sit
1435 5176 1875 5261 alim,_nonn3‘tll§:,

300 5247 413 5317 Ete.
446 5247 663 5324 Antiqui
681 5247 789 5311 duo
816 5247 1128 5324 libri,rut'._
1166 5247 1440 5324 contextu.
1482 5248 1681 5304 Ibidem
1724 5247 1877 5303 Colb.

302 5319 604 5393 secundus,
622 5322 826 5394 etquod
851 5323 1016 5394 magis
1041 5319 1292 5394 mirabile.

385 5409 407 5437 ο
439 5390 585 5451 Editi
608 5403 667 5451 et
688 5390 843 5465 Colb.
876 5390 1098 5463 primus,
1129 5392 1281 5465 pinus
1320 5390 1668 5465 glandiferurn
1706 5397 1880 5441 trans-

305 5472 558 5541 formapt.
592 5467 740 5521 Alter
749 5459 940 5541 ῥοιὰ,
968 5459 1199 5534 pinua'in
1222 5459 1400 5541 nenias
1440 5459 1795 5541 grew-{ferum
1824 5469 1880 5511 se

308 5530 710 5609 transformat.
740 5534 924 5609 godex
949 5530 1155 5599 noster,
1184 5533 1337 5609 pinus
1372 5530 1881 5609 in'gtandiferuntse

309 5598 708 5680 ιναῃεῖοτηιαηι.
740 5604 970 5680 Dubium
990 5619 1100 5660 non
1128 5598 1224 5680 est.
1245 5601 1385 5680 quin.
1398 5598 1505 5670 legi
1529 5598 1777 5680 oporteat
1804 5598 1883 5679 uti

313 5697 369 5736 in
397 5668 549 5734 Cdlh.
581 5676 815 5732 secundo
844 5676 1101 5744 scriptum
1129 5682 1183 5727 et
1213 5668 1509 5744 invenimus
1558 5668 1635 5744 et
1667 5668 1879 5744 notavi-

315 5765 465 5815 mus;
496 5751 538 5802 si
569 5757 746 5802 tamen
776 5761 873 5816 pro
897 5738 1251 5816 gr'andiferum
1276 5758 1341 5798 cx
1372 5741 1489 5796 aliis
1519 5739 1792 5811 codicibus
1813 5738 1883 5793 le-

314 5833 506 5884 gamus
525 5818 887 5879 olandiferum.

1980 4665 2275 4759 qualitates.
2291 4665 2310 4667 ᾖ
2332 4665 2480 4759 Libri
2502 4665 2739 4759 '_ve_ter'és
2762 4688 3075 4759 ,λοιποί-ατη
3114 4665 3431 4759 qualitates}
3458 4675 3565 4759 nec

1980 4738 2248 4827 ὖώὸὶιάιιε
2284 4758 2367 4809 εει
2383 4747 2719 4827 Eustathius
2747 4738 2904 4827 άιέυξε
2940 4738 3279 4827 Ψίρείδὲἓέ
3320 4738 3561 4827 ,ἳὲἐέἒῖ

1979 4803 2363 4882 in'Eﬁ"'sEEu's"
2381 4803 2721 4885 interpretari
2795 4803 3068 4888 debuisset
3090 4847 3106 4874 ,
3120 4820 3275 4888 neum
3307 4803 3567 4888 legam}!

2599 4890 2791 4966 φυῖῶγ,
2825 4870 3100 4963 ardorum;
3120 4870 3558 4932 Subinde"Colb'.

1979 4955 2265 5037 secundus,
2287 4955 2574 5037 ερξνίιιιᾳςεε
2594 4955 3022 5037 regestae"?!-
3240 5016 3313 5037 .

2057 5044 2080 5071 θ
2110 5019 2270 5096 Editi,
2290 5019 2413 5102 inin
2459 5019 2632 5089 etiam.
2663 5022 2887 5079 Veteres
2920 5020 3026 5076 duo
3055 5019 3199 5089 libri,
3225 5019 3313 5090 qui
3358 5019 3556 5070 etiam:

1983 5102 2191 5168 (ἔπαιε,
2220 5102 2321 5174 οινι
2349 5102 2453 5156 καί.
2532 5142 2537 5149 ι

1992 5246 2023 5258 ᾗ.
2062 5171 2272 5258 ﬁliam.
3064 5153 3556 5258 d5.€::'.‘"”a;.‘i:;

1988 5222 2272 5316 tiqui—duo,
2292 5222 2420 5321 iibri
2430 5222 2523 5294 uti
2551 5238 2605 5293 in
2644 5222 2907 5294 contextu
2946 5232 3052 5308 legi
3092 5222 3290 5301 po'test.
3330 5222 3443 5279 Nec
3482 5222 3559 5276 ita

1988 5315 2158 5371 multo
2179 5319 2301 5382 post
2338 5310 2491 5376 edit.,
2518 5316 2754 5382 mutuatur
2794 5302 3093 5361 secundiori.
3147 5298 3218 5352 At
3256 5294 3426 5352 nostri
3452 5299 3567 5348 tres

1986 5331 2158 5371 multo
2179 5331 2301 5382 p08!
2338 5331 2491 5376 eum,
2518 5331 2754 5364 multum
2794 5331 3093 5361 lacunam.
3147 5331 3218 5352 ιιι
3256 5331 3426 5352 um.
3452 5331 3525 5348 τι..

1988 5380 2903 5508 Ιυεὲῑίἷιὲωξέῗθζδῗέἷωέετδεια..η
2938 5443 3171 5508 defensa.
3204 5437 3319 5494 Hoc
3367 5434 3525 5508 ἱρερί

2064 5437 2267 5526 {Libri
2311 5437 2558 5516 veteres,
2606 5437 3325 5526 decocta...:‘¢.1efeit‘sq‘.lﬂoc
3367 5437 3485 5526 ipso
3511 5437 3566 5491 in

1992 5504 2292 5590 loco—editi,
2325 5504 2696 5595 momentorum
2747 5504 3015 5586 prmidio:
3070 5509 3223 5566 Co‘lb.
3273 5504 3562 5570 secundus,

1985 5604 2410 5651 teaumenlorum.

2034 5604 2410 5669 σμηξεῃζοηιηι.

2068 5664 2274 5723 hColl).
2307 5660 2592 5727 secundus,
2623 5658 2824 5712 tenuior
2851 5663 2947 5710 eu.
3059 5720 3070 5727 _
3153 5719 3164 5727 _
3247 5720 3257 5727 .
3308 5718 3321 5727 ε
3534 5686 3583 5724 ⁸,

2070 5735 2086 5775 ί
2122 5716 2283 5801 Editi,
2308 5716 2739 5801 comprehendere
2780 5730 3013 5778 cunctas.
3042 5719 3263 5790 Antiqui
3293 5718 3397 5773 duo
3427 5716 3567 5783 libri,

1986 5816 2190 5883 cuncta.
2204 5868 2209 5873 η
