4110 6336
508 349 610 410 919

1967 330 2330 390 EUSTATHII

3711 323 3832 421 m.

510 473 649 527 inter
689 482 750 524 se
776 464 1077 522 differentia
1105 461 1228 533 quis
1273 455 1475 530 poterit
1518 452 1830 524 explicare?
1865 449 1984 504 Alia
2013 459 2100 505 est
2129 457 2186 518 Α
2209 448 2406 523 facim
2439 449 2680 519 fructum.
2730 443 2856 501 Mox
2889 451 2952 499 ut
2988 450 3322 515 prmceptum
3349 449 3433 499 est
3458 441 3666 511 datum,
3683 435 3833 516 juga'

509 561 652 617 enim
685 568 712 596 ει
751 558 991 628 lacryma
1043 552 1250 620 schini,
1279 549 1416 604 alius
1443 546 1670 603 balsami
1716 559 1931 609 succus,
1965 542 2104 597 alius

510 651 671 704 etiam
693 647 762 702 de
790 645 1060 718 Egyptiis
1102 641 1425 715 Libycisque
1450 637 1637 694 ferulis
1667 635 1836 692 sudor
1861 640 2100 690 emanat.

512 739 678 794 Fama
709 746 791 795 est
818 752 1036 809 quoque
1064 734 1208 806 quod
1253 733 1513 790 electrum
1557 730 1793 800 lacryma
1821 727 1891 781 sit
1918 725 2107 795 cujus-

512 833 636 886 dam
665 829 816 901 ligni,
849 844 1002 885 more
1029 826 1224 898 lapidis
1253 825 1540 882 obdurata.
1572 822 1738 892 Cujus
1762 820 1843 876 rei
1871 819 2112 875 testimo-

514 923 606 977 nio
635 929 762 978 sunt
788 920 1008 987 surculi,
1041 919 1131 973 vel
1160 916 1414 972 muscula:
1439 929 1637 985 parvae,
1669 926 1790 982 quae
1821 909 2111 966 considen~

515 1023 600 1070 tes
629 1016 684 1070 in
715 1012 905 1069 electri
932 1010 1202 1066 manantis
1229 1023 1412 1073 succo,
1444 1023 1568 1062 cum
1613 1004 1889 1074 gelaretur
1938 1002 2112 1056 haese-

517 1114 663 1163 runt.
691 1104 760 1159 Et
781 1104 1008 1160 omnino
1035 1103 1104 1157 de
1133 1116 1322 1157 eorum
1348 1098 1720 1171 qualitatibus,
1744 1095 1848 1150 nisi
1894 1094 1985 1164 qui
2015 1109 2115 1149 εις

519 1197 781 1269 periendo
805 1196 998 1251 doctus
1026 1194 1210 1258 fuerit,
1234 1192 1448 1262 plenam
1465 1189 1733 1245 rationem
1749 1185 1993 1258 proferre
2009 1201 2118 1241 non

519 1290 727 1362 poterit
753 1307 766 1342 :
797 1285 1080 1359 quomodo
1106 1286 1302 1341 iterum
1331 1300 1399 1340 ex
1426 1284 1544 1354 ipso
1567 1283 1816 1348 humore,
1844 1279 1970 1334 vitis
1998 1277 2120 1370 qui-

524 1380 651 1436 dem
676 1381 865 1434 vinum
894 1387 1139 1448 generat,
1169 1377 1288 1432 olea
1329 1376 1527 1431 oleum.
1559 1373 1626 1428 Et
1657 1389 1765 1428 non
1813 1372 1988 1428 solum
2015 1371 2122 1427 hoc

522 1473 776 1528 mirabile
803 1478 907 1538 est,
937 1471 1063 1540 quia
1087 1468 1262 1524 dulcis
1283 1468 1392 1536 hic,
1423 1475 1480 1522 et
1509 1466 1583 1521 ibi
1608 1465 1822 1536 pinguis
1850 1463 2117 1520 eflicitur:

522 1563 625 1622 sed
649 1562 797 1632 quod
821 1562 874 1617 in
902 1561 1030 1632 ipsis
1058 1559 1322 1615 fructibus
1349 1558 1634 1628 multiplex
1663 1555 1952 1612 admodum
1981 1553 2009 1594 δ
2031 1570 2122 1609 sa-

524 1655 681 1726 poris
711 1652 1008 1708 mutatione
1036 1651 1456 1706 demonstratur.
1483 1649 1600 1704 Alia
1625 1658 1708 1704 est
1729 1649 1872 1703 enim
1890 1647 2124 1703 dulcedi-

523 1747 614 1804 nis
633 1745 864 1816 qualitas
894 1744 946 1798 in
977 1758 1102 1808 uva,
1130 1742 1234 1796 alia
1273 1743 1329 1796 in
1358 1742 1522 1806 malo,
1556 1741 1660 1795 alia
1689 1741 1744 1794 in
1770 1739 1905 1805 ficu,
1933 1740 2037 1794 alia
2069 1739 2123 1793 in

2214 539 2477 597 montium
2525 536 2810 594 arboribus
2859 536 3129 592 comantia
3181 534 3622 603 crebrescebant,
3670 537 3821 595 hort!

2214 631 2575 689 cernebantur
2595 628 2814 694 exculti,
2839 627 2968 700 ripa:
2995 627 3274 683 fluminum
3293 628 3522 684 diversis
3544 627 3822 685 frondium

2193 724 2501 798 generibus
2545 722 2916 794 replebantur.
2968 720 3208 789 Quarum
3255 721 3502 792 quaedam
3543 721 3827 794 disposite

2214 825 2341 871 sunt
2375 831 2591 871 mensas
2632 817 2899 871 exornare
2946 813 3280 881 mortalium,
3313 814 3584 870 nonnulla:
3621 814 3825 886 pabula

2216 911 2458 984 praebere
2489 910 2803 982 pecudibus,
2837 909 2953 965 alia:
2992 907 3299 965 medicandi
3328 908 3514 965 usibus
3555 919 3579 946 ε
3621 917 3825 981 aptan-

2218 1012 2334 1072 tur;
2365 1012 2442 1071 et,
2478 1012 2539 1060 ut
2574 1005 2803 1075 carptim
2835 1003 3034 1069 dicam,
3077 1018 3414 1074 quaacunque
3453 1003 3613 1060 nobis
3651 1019 3827 1075 expe-

2218 1097 2412 1153 rientia
2439 1112 2621 1152 rerum
2649 1096 2900 1152 diuturna
2929 1095 3218 1166 congessit,
3250 1094 3486 1164 undique
3513 1095 3828 1160 necessaria

2220 1190 2498 1260 colligens,
2529 1190 2646 1245 haec
2673 1189 3011 1244 velocissime
3033 1187 3362 1259 dispensatio
3389 1187 3729 1254 Conditoris,
3758 1189 3830 1244 ab

2222 1282 2377 1338 initio
2415 1281 2592 1336 futura
2631 1280 2967 1352 prospiciens
3005 1280 3254 1348 generari
3295 1279 3598 1336 constituit.
3631 1278 3742 1335 Sed
3771 1287 3833 1334 tu

2225 1390 2348 1431 cun
2384 1373 2583 1429 videris
2627 1371 2942 1439 domestica,
2993 1372 3260 1428 silvestria
3299 1381 3534 1438 terrena,
3579 1372 3832 1442 aquaria,

2227 1466 2413 1534 florea,
2447 1465 2709 1535 majorem
2747 1480 3076 1535 recognosce
3121 1482 3218 1537 per
3262 1466 3508 1535 minima,
3537 1466 3616 1521 ita
3645 1473 3835 1522 tamen

2228 1567 2288 1614 ut
2316 1557 2659 1614 admirationi
2708 1559 2941 1629 propria:
2981 1558 3327 1614 dilectionem
3370 1557 3649 1613 Creatoris
3695 1557 3840 1628 adji-

2227 1651 2359 1717 cias,
2391 1649 2712 1722 inquirendo
2742 1645 3199 1720 quemadmodum
3229 1659 3379 1706 certa
3406 1650 3680 1720 lignorum
3709 1650 3839 1706 facit

2229 1759 2443 1815 semper
2467 1758 2588 1798 esse
2615 1741 2864 1808 virentia,
2897 1741 3155 1798 nonnulla
3181 1756 3303 1811 qua:
3332 1741 3607 1798 nudantur
3633 1742 3840 1813 hyber-

525 1838 762 1910 dactylo.
796 1836 937 1892 Volo
966 1846 987 1873 ο
1017 1836 1199 1904 itaque
1222 1842 1277 1888 te
1305 1834 1480 1889 adhuc
1507 1833 1614 1889 hoc
1636 1833 1968 1889 enucleatius
1993 1848 2123 1887 exa-
2157 1839 2205 1902 B
2233 1852 2324 1902 no,
2356 1843 2412 1890 et
2439 1849 2625 1891 rursus
2653 1849 2840 1889 eorum
2869 1849 2988 1904 quae
3018 1849 3233 1905 semper
3260 1833 3490 1890 virentia
3513 1843 3658 1900 sunt,
3683 1850 3839 1904 quac-

527 1932 736 1987 minare
767 1930 1074 1999 negotium;
1099 1927 1374 1998 quomodo
1405 1927 1670 1982 labiorum
1693 1927 1894 1992 sensui,
1925 1927 2125 1995 gustui-

527 2039 637 2096 que
665 2022 1059 2094 placidissimus
1088 2019 1302 2074 videtur
1329 2020 1547 2087 humor,
1571 2035 1696 2075 cum
1727 2020 1780 2073 in
1806 2019 2126 2090 quibusdam

527 2115 709 2188 pomis
765 2114 927 2168 allata
981 2112 1296 2168 maturitate
1349 2111 1637 2177 dulcescit,
1672 2111 1726 2165 in
1755 2111 1875 2167 aliis
1904 2111 2129 2167 acerbus

529 2210 764 2265 habetur
790 2216 848 2263 et
868 2207 1061 2262 anxius
1091 2221 1213 2261 cum
1243 2203 1464 2260 acescit.
1484 2203 1784 2259 Contristat
1804 2211 1987 2260 autem
2008 2219 2132 2260 sen-

531 2319 652 2360 sum
682 2318 781 2372 per
809 2300 1222 2356 amaritudinem
1251 2297 1473 2353 nimiam
1499 2315 1513 2351 :
1547 2313 1668 2353 cum
1688 2313 1748 2354 se
1769 2298 1824 2353 in
1845 2298 2131 2370 absynthio

532 2393 622 2448 vel
673 2393 727 2447 in
777 2392 1052 2448 scamonia
1082 2389 1372 2444 diffuderit.
1403 2387 1464 2444 In
1503 2389 1727 2458 quernis
1780 2405 1931 2456 vero,
1962 2391 2051 2445 vel
2080 2390 2136 2445 in

531 2484 751 2541 corneis
773 2484 965 2554 pomis,
987 2482 1236 2553 stipticus
1255 2491 1312 2536 et
1341 2479 1508 2539 durus
1525 2481 1786 2549 eflicitur;
1817 2483 1873 2538 in
1897 2483 2138 2539 terebin-

536 2575 636 2630 tho
666 2582 847 2628 autem
873 2574 959 2628 vel
982 2588 1136 2638 nuce,
1168 2572 1389 2628 mollem
1411 2575 1604 2645 recipit
1623 2575 1986 2645 pinguemque
2017 2578 2141 2634 sub-

537 2671 820 2726 stantiam.

618 2763 672 2815 9.
703 2761 810 2815 Sed
842 2776 940 2815 cur
967 2757 992 2796 ἀ
1028 2761 1322 2833 longinqua
1351 2759 1731 2834 prosequimur
1755 2802 1770 2828 ,
1802 2775 1926 2816 eum
1955 2760 2010 2816 in
2038 2776 2146 2817 una

551 2851 850 2921 eademque
874 2851 994 2918 llcu,
1011 2853 1174 2908 modo
1196 2853 1564 2909 amarissimus
1579 2853 1651 2910 sit
1670 2853 1866 2908 humor
1887 2852 1942 2908 in
1962 2869 2143 2920 succo,

546 2943 712 2999 modo
741 2943 1082 2998 dulcissimus
1112 2945 1165 2998 in
1204 2945 1410 3012 fructu,
1452 2945 1507 3000 in
1543 2945 1650 3000 vite
1686 2953 1868 3000 autem
1897 2947 1968 2999 sit
1995 2961 2149 3001 acer-

545 3035 648 3090 bus
685 3049 806 3089 eum
847 3035 1131 3102 germinat,
1164 3037 1342 3092 suavis
1372 3037 1428 3091 in
1469 3052 1571 3092 uva
1616 3037 1865 3092 matura?
1892 3035 2149 3092 Colorum

549 3141 766 3196 quoque
821 3134 1052 3194 quantas
1089 3127 1236 3182 dicas
1291 3143 1410 3182 esse
1464 3127 1864 3184 discretiones?
1909 3127 2152 3198 Denique

2229 1927 2353 1982 dam
2374 1926 2551 1981 solent
2570 1925 2695 1981 folia
2719 1934 2928 1982 mutare
2948 1926 3198 1993 latenter,
3223 1934 3284 1981 ut
3304 1942 3404 1998 per
3421 1926 3530 1982 hoc
3556 1942 3835 1996 nunquam

2231 2018 2441 2090 possint
2477 2018 2710 2088 propriis
2751 2018 3032 2074 frondibus
3072 2018 3312 2090 spoliari,
3342 2019 3483 2075 sicut
3518 2017 3538 2057 τ
3582 2028 3668 2075 est
3693 2021 3843 2076 oliva
3895 2039 3899 2044 ’

2232 2109 2320 2165 vel
2348 2109 2539 2180 pinus;
2567 2109 2671 2163 alia
2699 2107 3044 2179 sempiternis
3065 2109 3249 2166 induta
3271 2111 3412 2168 foliis
3432 2127 3553 2168 esse
3575 2113 3846 2184 pmcipit,

2235 2207 2295 2255 ut
2338 2201 2588 2271 palmam,
2619 2202 2814 2270 quibus
2843 2216 2911 2256 ex
2951 2201 3233 2272 principali
3271 2203 3672 2272 germinatione
3714 2221 3845 2276 per-

2235 2293 2406 2362 ceptis
2441 2308 2612 2362 usque
2652 2293 2720 2348 ad
2764 2301 3071 2349 extremum
3101 2293 3263 2349 linem
3296 2295 3533 2351 creditur
3562 2312 3690 2352 esse
3710 2313 3849 2354 con-

2237 2393 2405 2440 tenta.
2434 2384 2568 2439 illud
2589 2400 2805 2456 quoque
2827 2384 3128 2451 considera,
3153 2387 3426 2455 quomodo
3447 2388 3620 2444 arbor
3641 2405 3708 2445 ea
3724 2405 3846 2460 quia

2239 2479 2444 2551 myrice
2469 2479 2797 2543 nominatur,
2830 2479 2979 2534 velut
3005 2480 3241 2549 ambigui
3269 2482 3486 2550 generis
3508 2491 3615 2546 est,
3647 2484 3848 2558 quippe

2241 2591 2362 2646 qua:
2392 2590 2500 2630 non
2528 2574 2707 2630 minus
2734 2574 2869 2629 locis
2899 2574 3290 2630 humidioribus
3327 2591 3489 2645 quam
3525 2577 3844 2634 siccioribus

2243 2666 2563 2723 delectatur.
2599 2664 2827 2737 Propter
2855 2665 3000 2736 quod
3030 2665 3328 2722 llieremias
3358 2666 3510 2738 (xvu,
3542 2667 3636 2740 16)
3668 2686 3841 2727 mores

2245 2760 2426 2814 varios
2441 2767 2497 2814 et
2516 2757 2802 2814 mutabiles
2822 2758 2946 2814 huic
2966 2758 3196 2828 virgulto
3213 2759 3507 2828 prudenter
3523 2765 3836 2832 :aquiparat.

2319 2851 2404 2906 10.
2439 2849 2705 2906 Germinet
2730 2860 2889 2906 terra.
2916 2851 3082 2920 Igitur
3107 2867 3271 2920 parva
3299 2851 3403 2906 ista
3430 2855 3712 2924 pmcepu‘o
3735 2871 3829 2911 eo-

2248 2945 2325 3015 git
2353 2959 2474 2998 eam
2511 2943 2654 2998 vires
2686 2943 2932 3014 proprias
2962 2954 2985 2990 ις
3017 2951 3245 3012 quanta;
3281 2944 3467 3010 habet,
3499 2946 3708 3016 singulis
3733 2962 3826 3002 and

2250 3055 2443 3094 norum
2488 3036 2767 3092 curriculis
2807 3036 2875 3090 ad
2913 3034 3307 3091 informandum
3331 3051 3505 3106 genus
3533 3038 3836 3106 herbarum,

2250 3129 2517 3185 seminum
2561 3128 2933 3198 lignorumque
2972 3127 3290 3198 producere.
3340 3127 3476 3184 Nam
3516 3131 3654 3187 Sicut
3688 3133 3841 3190 turbo

545 3218 594 3273 si
631 3218 845 3288 quando
887 3219 1053 3275 florea
1096 3235 1223 3274 rura
1269 3221 1602 3291 respexeris,
1651 3221 1856 3277 videbis
1902 3222 2151 3280 eumdem
2178 3220 2226 3284 C
2257 3223 2466 3294 pineus,
2497 3222 2608 3277 ictu
2636 3221 2830 3292 prioris
2859 3221 3098 3277 verberis
3126 3221 3400 3290 incitatus,
3432 3226 3674 3281 curvatis
3719 3243 3842 3298 spa-

555 3310 845 3380 iquorem,
905 3311 1176 3380 quomodo
1234 3313 1492 3383 puniceus
1540 3312 1758 3382 quidem
1807 3314 2037 3370 habetur
2093 3316 2148 3371 in

542 3404 649 3462 hoc
697 3406 859 3474 llore,
907 3423 1210 3478 purpureus
1256 3415 1436 3463 autem
1485 3408 1567 3463 vel
1602 3408 1899 3476 candidus,
1932 3410 2016 3464 vel
2047 3425 2146 3463 au-

542 3511 700 3554 rosus
728 3500 782 3552 in
835 3499 960 3565 alio,
1009 3499 1376 3569 majoremque
1424 3516 1611 3556 rursus
1659 3500 1840 3556 odoris
1889 3499 2145 3557 differen-

544 3589 698 3659 tiam,
730 3605 892 3660 quam
921 3592 1117 3648 coloris
1164 3592 1416 3648 ostendit.
1468 3593 1576 3648 Sed
1625 3593 1737 3664 jam
1791 3593 1966 3649 sentio
2013 3595 2145 3648 mihi

544 3697 854 3739 sermonem
884 3683 938 3736 in
966 3683 1224 3738 immensa
1259 3685 1432 3754 spatia
1463 3685 1936 3754 contemplationis
1966 3684 2142 3739 avidi-

547 3781 660 3829 tate
714 3789 1049 3844 proserpere.
1108 3774 1278 3842 Quem
1331 3775 1434 3830 nisi
1481 3777 1721 3831 vinctum
1785 3777 1852 3830 ad
1905 3777 2142 3832 necessi-

548 3871 719 3920 tatem
746 3874 1006 3921 creatura:
1051 3866 1334 3936 redegero,
1372 3867 1486 3922 dies
1514 3883 1600 3924 me
1636 3867 1880 3938 profecto
1910 3867 2140 3938 deiiCiet,

546 3961 886 4029 magniﬁcam
917 3961 1069 4017 vobis
1096 3963 1438 4034 sapientiam,
1462 3978 1531 4018 ex
1565 3963 1833 4017 minorum
1859 3979 2144 4034 compara-

549 4053 699 4109 tione
737 4053 1080 4124 pandentem.
1114 4053 1375 4110 Germinet
1407 4063 1544 4109 terra
1583 4054 1780 4127 lignum
1825 4057 2144 4126 fructuosum

622 4192 652 4221 ει
670 4182 834 4254 Editi,
867 4185 1097 4254 lacryma
1119 4185 1268 4239 sciui.
1297 4185 1482 4242 Codex
1508 4193 1717 4250 noster,
1743 4187 1928 4242 echini.
1951 4187 2138 4244 Gnece

551 4253 993 4335 apudnliasilium’
1007 4261 1231 4335 σχίγωζτξ

623 4321 652 4361 δ
681 4321 844 4400 Editi,
876 4321 1085 4400 stuporis
1108 4321 1414 4400 imitatione.
1467 4325 1620 4400 Colb.
1664 4328 1898 4398 primus,
1931 4331 2136 4400 saporis

551 4394 855 4468 mutatione.
889 4391 1043 4468 COlb.
1093 4397 1394 4468 secundus,
1442 4399 1644 4468 saporis
1665 4391 1944 4464 'mutatio;
1976 4391 2032 4456 et
2060 4402 2134 4456 ita

552 4478 772 4589 quogue
796 4463 850 4518 in
878 4465 1046 4518 veteri
1075 4473 1261 4520 nostro
1290 4465 1427 4522 libro
1456 4463 1717 4539 scriptum
1742 4467 1824 4525 est
1853 4463 2016 4525 manu
2049 4487 2135 4527 se-

552 4549 657 4589 CIllI
697 4548 748 4588 a.
772 4531 975 4589 Graece.
999 4539 1029 4589 ἡ
1054 4538 1354 4589 παραλλαγή
1375 4547 1464 4589 τῆς
1493 4542 1783 4589 ποιότητος.

551 4531 748 4611 cunila.
772 4531 975 4611 Graece,
999 4539 1029 4593 ἡ
1054 4538 1464 4611 εῖᾳρᾳλὶαγήᾲτῆς
1493 4531 1783 4603 ποῖότητος.

627 4559 748 4589 uua.
772 4559 975 4600 unum,
999 4559 1029 4593 η
1054 4559 1289 4611 παραΛΛα

627 4615 650 4643 ο
682 4603 902 4674 Antiqui
930 4603 1036 4660 duo
1057 4605 1196 4673 libri,
1229 4559 1322 4662 vel

551 4674 907 4731 desideratur.

551 4743 842 4890 gi’quaditi,
873 4747 1147 4822 longinque
1173 4753 1548 4824 prosequimur.
1582 4753 1730 4812 Libri
1755 4764 1988 4822 veteres,
2021 4756 2138 4812 Ion-

2251 3318 2341 3371 tiis
2385 3331 2546 3389 gyros
2594 3317 2826 3388 explicat
2869 3325 3165 3382 tortuosos,
3207 3324 3478 3388 acutoque
3526 3319 3844 3378 fundamine

2250 3409 2420 3466 semel
2445 3407 2654 3463 defixus
2682 3409 2972 3478 semctipse
2999 3408 3343 3477 circumfert;
3373 3410 3448 3466 ita
3470 3419 3684 3468 natura:
3707 3415 3846 3470 ratio

2250 3517 2319 3557 ex
2349 3501 2525 3572 priore
2545 3500 2640 3556 Dei
2671 3501 2925 3556 mandato
2952 3502 3140 3556 sortita
3166 3502 3504 3574 principium,
3540 3521 3643 3575 per
3680 3523 3848 3564 omne

2249 3595 2441 3648 transit
2459 3609 2653 3661 aevum,
2683 3593 2854 3650 donec
2884 3593 2952 3648 ad
2979 3609 3318 3650 communem
3341 3597 3627 3652 terminum
3658 3597 3848 3656 finem-

2252 3703 2358 3757 que
2391 3688 2687 3759 perveniat.
2727 3687 2808 3741 Ad
2848 3703 3006 3757 quem
3038 3703 3137 3743 nos
3166 3690 3374 3758 queque
3401 3690 3666 3744 bonorum
3697 3708 3840 3763 ape-

2253 3799 2370 3837 rum
2399 3782 2589 3853 repleti
2620 3782 2876 3837 fructibus
2915 3798 3284 3853 properemus,
3311 3790 3366 3837 ut
3392 3783 3615 3853 plantati
3648 3785 3704 3839 in
3734 3785 3837 3841 do—

2252 3890 2342 3929 mo
2372 3874 2604 3937 Domini,
2627 3873 2913 3930 iloreamus
2935 3874 2989 3928 in
3010 3875 3129 3929 aula
3152 3875 3248 3931 Dei
3273 3875 3510 3946 piissimi,
3533 3876 3587 3930 in
3615 3876 3847 3936 Christo

2251 3964 2397 4032 Jesu,
2420 3967 2503 4021 cui
2533 3968 2700 4036 gloria
2727 3975 2782 4022 et
2805 3968 2979 4023 honor
3001 3968 3069 4022 sit
3092 3983 3332 4039 semper,
3359 3976 3415 4024 et
3441 3968 3493 4024 in
3518 3971 3718 4026 saecula
3743 3986 3850 4027 sa:-

2251 4058 2514 4114 culorum.
2542 4058 2730 4114 A'men.

2317 4202 2340 4273 ς
2373 4191 2523 4273 Colb.
2569 4191 2857 4273 secundus,
2890 4193 3439 4273 usibits‘aplabuntur.
3465 4199 3753 4273 ASequitur
3792 4203 3854 4260 in

2241 4263 2487 4336 vulgatis,
2519 4265 2657 4335 quia,
2688 4277 2744 4318 ut
2785 4267 3004 4336 carptim
3033 4263 3219 4322 dicem.
3266 4270 3335 4323 At
3367 4271 3420 4325 in
3450 4263 3664 4331 duobus
3691 4274 3855 4331 libris

2239 4335 2512 4405 veteribus
2540 4336 2798 4405 scriptum
2829 4335 3127 4394 invenimus
3158 4340 3230 4394 ita
3255 4350 3313 4394 ut
3341 4342 3633 4400 edidimus.

2316 4403 2334 4442 ί
2367 4403 2502 4478 ψμά
2529 4415 2603 4460 est
2634 4403 2703 4478 ἐξ
2730 4408 2960 4478 antiquis
2990 4409 3198 4464 duobus
3223 4411 3372 4467 libris
3395 4414 3596 4471 addere
3625 4418 3806 4474 libuit.

2311 4485 2335 4521 8
2529 4493 2649 4531 cum
2670 4476 2822 4560 Colb.
2851 4474 3046 4560 primo,
3069 4492 3290 4560 quantas
3320 4484 3492 4560 hebet,
3517 4489 3858 4560 singulorum

2237 4547 2527 4633 curriculis,
2560 4549 2807 4633 pessime.
2851 4539 3044 4633 Codex'
3073 4539 3257 4608 noster
3276 4562 3331 4609 et
3359 4539 3856 4633 Comisééiiiiaﬁ's",

1311 4625 1340 4661 ο
1361 4609 1533 4680 itaque
1559 4620 1625 4664 te.
1658 4611 1792 4668 Illud
1821 4620 1869 4665 te
1899 4613 1951 4667 in
1977 4613 2135 4668 editis
2166 4644 2218 4706 Β
2241 4626 2461 4706 quantas
2505 4609 2676 4706 Ita-bet,
2717 4621 2962 4706 singulis“
2987 4638 3243 4706 annorum
3289 4609 3859 4706 cufricufiivﬁr'mce:

2245 4691 2351 4773 x‘aB‘
2377 4691 2592 4773 eam.
2617 4691 2760 4773 ἔτους
2787 4691 3039 4773 magae».
3063 4691 3266 4773 ibidem
3296 4697 3447 4767 editi,
3476 4701 3547 4754 ad
3565 4691 3860 4773 infiran

2245 4758 2387 4814 dum.
2421 4757 2567 4817 Libri
2589 4769 2821 4827 veteres,
2852 4757 2925 4816 'ad
2945 4763 3356 4835 infortunatum.

569 4951 2514 4992 .__.___._________________________

2524 4975 3869 5014 _..__________________‘

1573 5031 2054 5140 LIBER
2122 5035 2515 5146 SEX?
2568 5036 2798 5148 US.

577 5177 582 5182 ’
620 5189 676 5243 1.
721 5187 1113 5247 Athleticorum
1143 5195 1498 5251 certaminum
1538 5208 1892 5270 spectatores,
1925 5211 2141 5274 oportet

549 5280 924 5338 dimicantium
956 5283 1279 5341 valetudinis
1304 5301 1423 5342 esse
1453 5299 1750 5356 consortes,
1782 5293 1926 5361 quod
1955 5295 2023 5349 ab
2045 5295 2153 5349 edi-

549 5371 758 5428 toribus
804 5372 1055 5430 ludorum
1108 5376 1409 5432 lustralium
1460 5380 1616 5435 facile
1667 5383 2006 5452 probabitur,
2055 5387 2144 5457 qui

548 5473 902 5534 congregatos
940 5467 994 5521 in
1040 5469 1214 5524 stadio
1260 5472 1462 5529 nudato
1507 5474 1682 5545 capite
1720 5477 1908 5535 sedere
1954 5481 2144 5548 pncei-

501 5619 504 5621 Α
547 5557 721 5627 piunt.
754 5556 1065 5629 Propterea,
1091 5571 1148 5617 ut
1169 5563 1297 5618 mihi
1320 5565 1550 5632 videtur,
1583 5583 1652 5624 ne
1681 5586 1788 5625 non
1818 5572 1992 5627 solum
2015 5589 2141 5644 spe-

546 5658 724 5706 ctator
777 5653 990 5709 intersit
1041 5658 1439 5730 unusquisque,
1499 5660 1591 5716 sed
1646 5664 1812 5719 etiam
1867 5666 2142 5737 particeps

2247 5205 2460 5261 sudoris
2489 5208 2704 5263 existat.
2744 5209 2821 5264 Ita
2860 5211 3112 5268 videlict
3143 5213 3496 5270 maximorum
3543 5226 3709 5289 atque
3756 5238 3868 5279 cx-

2251 5299 2559 5354 cellentium
2607 5302 3035 5370 spectaculorum
3088 5307 3461 5375 qute‘sitorem,
3515 5319 3569 5364 et
3620 5327 3870 5371 summm.

2249 5393 2525 5463 sapientiae
2547 5402 2708 5464 atque
2731 5395 3013 5453 ineffabilis
3034 5398 3338 5457 auditorem
3363 5406 3619 5460 convenit
3647 5406 3870 5466 afferre

2247 5489 2494 5560 proprias
2529 5506 2717 5547 causas
2761 5492 2829 5547 ad
2867 5496 3379 5566 contemplationem
3419 5500 3495 5555 rei
3522 5505 3866 5572 propositat.

2246 5596 2564 5653 mecumque
2594 5595 2619 5622 ιι
2649 5587 2837 5656 partiri
2877 5588 3075 5645 laboris
3105 5606 3260 5655 onus,
3292 5600 3352 5647 ut
3378 5594 3597 5664 poterit,
3629 5597 3868 5657 socium

2245 5688 2305 5730 se
2345 5676 2514 5746 magis
2539 5678 2806 5737 arbitrans
2845 5690 3024 5739 astare
3071 5699 3233 5755 quam
3268 5684 3535 5755 iudicem;
3586 5704 3659 5746 ne
3694 5689 3865 5752 forte

618 5806 647 5850 ἀ
673 5809 816 5871 Editi
844 5828 898 5874 et
923 5819 1029 5878 duo
1059 5837 1206 5878 mss..
1241 5825 1426 5879 vartiri
1453 5824 1646 5880 laboris
1681 5828 1852 5897 hujus,
1885 5838 1940 5884 ut
1979 5834 2184 5892 poterit.
2211 5833 2366 5895 Colb.
2395 5838 2683 5910 secundus,
2706 5843 2890 5912 partiri
2919 5843 3112 5899 laboris
3132 5860 3282 5912 onus,
3312 5851 3368 5897 ut
3384 5844 3600 5911 poterit.
