4110 6336
273 336 368 393 οει

1262 331 1656 389 HEXAEMERI
1695 331 2176 392 METAPHRASIS
2213 335 2418 392 LIBER
2452 333 2542 390 Vl.

3416 329 3538 391 9‘12.

277 456 441 511 lateat
473 467 572 510 nos
606 444 1136 526 veritatis-inventio,
1167 458 1223 505 et
1257 465 1376 506 mea
1415 449 1570 522 culpa
1597 447 1689 503 fiat
1716 464 1838 504 cum
1865 453 1917 513 Α
1943 457 2052 506 tem
2083 451 2380 521 transgredi
2400 467 2507 508 non
2535 449 2734 523 queat?
2757 447 2929 506 Decor
2951 455 3128 504 autem
3155 453 3357 504 natura:
3377 448 3524 506 velut

276 546 606 605 auditoribus
641 558 925 602 commune
952 542 1308 613 dispendium.
1355 542 1594 610 Quorsus
1627 541 1739 595 hinc
1765 539 1849 594 di-

279 640 480 696 xerim?
502 639 635 706 Quia
679 637 928 693 videlicet
960 636 1234 708 proposita
1271 635 1423 691 nobis
1453 643 1536 690 est
1562 634 1851 705 disputatio

276 733 343 788 de
371 731 552 787 mundi
581 729 993 802 compositione,
1040 744 1148 784 non
1195 743 1262 784 ex
1301 726 1541 783 saeculari
1589 725 1852 798 sapientia

277 832 432 880 nacta
459 823 797 893 principium,
827 820 919 876 sed
944 837 1009 876 ex
1029 821 1220 892 quibus
1244 818 1496 874 famulum
1526 833 1679 874 suum
1700 817 1853 890 Moy-

277 929 372 970 sen
415 913 669 968 Dominus
707 911 889 967 docuit
924 910 979 964 iu
1021 910 1219 981 specie,
1254 926 1361 965 non
1390 925 1486 980 per
1517 908 1739 978 figuram
1769 909 1852 963 lo-

277 1012 434 1060 cutus
465 1003 534 1058 ad
558 1017 700 1057 eum.
745 1001 886 1072 Ergo
917 1015 1134 1057 necesse
1173 1008 1256 1056 est
1284 1001 1635 1055 maximarum
1673 1014 1854 1054 rerum

277 1094 697 1150 studiosissimus
719 1099 1068 1163 spectatores,
1098 1101 1124 1130 ι
1149 1107 1255 1147 non
1279 1092 1630 1147 inexercitato
1653 1091 1851 1155 animo,

278 1185 660 1256 quaestionibus
684 1184 939 1240 interesse
967 1184 1336 1255 prassentibus.
1359 1182 1541 1252 Itaque
1567 1183 1614 1237 si
1643 1182 1855 1252 quando

278 1278 378 1334 sub
397 1277 685 1333 serenitate
706 1284 984 1341 nocturna,
1017 1275 1337 1331 ineffabilem
1366 1276 1599 1331 siderum
1623 1275 1857 1347 pulchri-

279 1368 516 1424 tudinem
544 1368 573 1406 1³
603 1367 978 1438 desuspexisti,
1011 1368 1172 1423 credo
1213 1376 1264 1423 te
1309 1376 1522 1438 captum
1567 1367 1634 1424 de
1680 1383 1856 1422 rerum

278 1459 518 1516 omnium
559 1459 838 1516 conditore
878 1460 1152 1531 quaesisse,
1175 1461 1294 1531 quis
1337 1459 1554 1516 ﬂoribus
1595 1460 1857 1530 ejusmodi

279 1551 476 1608 celum
503 1552 809 1619 variaverit,
838 1561 893 1607 et
929 1553 1200 1622 quomodo
1242 1554 1296 1607 in
1334 1553 1398 1608 iis
1425 1569 1544 1624 qua:
1570 1561 1860 1608 cernuntur

280 1642 454 1712 major
488 1643 845 1699 delectatione
887 1643 1146 1714 probatur
1181 1643 1399 1711 utilitas,
1438 1645 1672 1714 itemque
1701 1643 1744 1698 si
1775 1645 1857 1699 in-

280 1734 474 1800 terdiu,
506 1736 682 1790 sobria
729 1743 912 1791 mente
949 1735 1259 1801 discutiens,
1293 1736 1644 1791 considerasti
1672 1736 1858 1791 diurna

1953 544 2142 599 oculus
2165 542 2384 612 quidam
2413 543 2725 613 perspicuus
2763 549 3135 597 ornamentum
3174 540 3370 595 mundo
3395 555 3523 611 per-

1953 636 2118 691 hibet.
2151 635 2208 690 Si
2238 635 2552 690 insatiabilis
2578 642 2660 689 est
2697 633 2813 704 ejus
2840 633 3098 704 aspectio,
3127 632 3301 703 qualis
3327 632 3382 688 in
3403 633 3523 704 pul-

1954 727 2256 784 chritudine
2283 728 2363 783 sol
2384 727 2655 798 putabitur
2675 741 2792 782 esse
2809 725 3063 795 justitize?
3085 724 3143 780 Si
3161 740 3304 783 caeco
3318 725 3533 795 jactura.

1955 829 2038 878 est
2075 822 2218 877 hunc
2264 837 2371 876 non
2419 821 2610 886 visere,
2647 828 2905 889 quantiun
2947 817 3283 890 dispendium
3327 820 3526 890 patitur

1955 923 2226 986 peccator,
2251 930 2375 970 vera
2405 914 2524 969 luce
2546 911 2858 968 fraudatus?

2025 1007 2080 1061 ‘2.
2110 1004 2181 1060 Et
2209 1006 2339 1060 dixit
2376 1004 2518 1059 Deus
2547 1021 2564 1058 :
2595 1002 2756 1059 Fiant
2785 1001 3063 1058 luminaria
3105 1003 3162 1058 in
3206 1003 3532 1074 ﬁrmamento

1957 1098 2068 1152 caeli
2097 1097 2165 1151 ad
2192 1096 2588 1151 illuminandam
2628 1104 2837 1160 terram,
2879 1105 2930 1148 et
2967 1094 3198 1153 dividant
3238 1096 3372 1150 inter
3397 1096 3534 1152 diem

1956 1199 2006 1245 et
2040 1199 2260 1244 noctem.
2292 1186 2497 1242 leum
2526 1186 2730 1254 scilicet
2757 1193 2813 1241 ct
2841 1194 2981 1240 terra
3009 1195 3412 1257 pratcesserant,
3442 1186 3535 1244 lux

1957 1298 2118 1353 super
2141 1281 2222 1336 his
2245 1280 2362 1350 jam
2390 1278 2563 1334 fuerat
2583 1279 2856 1345 fabricata,
2883 1277 2998 1334 dies
3017 1293 3050 1332 a
3070 1285 3229 1336 nocte
3253 1279 3536 1348 discretus,

1958 1373 2106 1428 arida
2124 1372 2234 1442 jam
2264 1371 2498 1426 revelata
2521 1377 2658 1436 erat,
2681 1385 2817 1440 aqua
2837 1377 3157 1439 congregata
3181 1370 3234 1424 in
3252 1370 3536 1426 stationem

1958 1465 2057 1520 sibi
2104 1463 2446 1534 deputatam,
2494 1469 2634 1516 terra
2681 1462 2790 1516 suis
2841 1469 2958 1516 erat
3002 1461 3260 1517 fructibus
3302 1461 3534 1533 repleta;

1959 1557 2156 1628 quippe
2185 1545 2303 1624 qua:
2335 1562 2414 1610 tot
2440 1554 2728 1609 herbarum
2756 1552 2919 1606 millia
2947 1553 3338 1620 geminaverat
3365 1559 3421 1608 et
3440 1567 3538 1608 va-

1960 1649 2054 1703 riis
2075 1648 2375 1718 plantarum
2403 1643 2687 1712 generibus
2716 1641 3020 1696 abundabat
3053 1660 3063 1693 :
3096 1643 3177 1698 sol
3203 1649 3381 1697 autem
3409 1656 3538 1699 uec-

1966 1740 2090 1794 dum
2118 1747 2234 1794 erat
2261 1745 2314 1792 et
2341 1737 2487 1801 luna,
2519 1750 2586 1790 ne
2623 1733 2920 1804 principem
2951 1731 3192 1787 videlicet
3231 1740 3541 1803 patremque

284 1835 308 1867 ε
339 1825 616 1891 miracula,
636 1831 742 1896 per
767 1824 1162 1896 visibiliumque
1191 1827 1474 1893 rationem,
1498 1842 1620 1882 eum
1645 1827 1732 1896 qui
1761 1827 1857 1882 ha-
1885 1824 1934 1886 Β
1961 1830 2171 1884 luminis
2199 1844 2320 1884 eum
2348 1831 2625 1890 vocarent,
2657 1824 2740 1878 vel
2768 1830 3042 1878 auctorem
3072 1838 3104 1878 c
3140 1829 3281 1877 terra
3311 1837 3536 1878 nascen-

281 1918 439 1972 betur
476 1916 758 1972 invisibilis
787 1918 1066 1988 reputasti,
1097 1917 1318 1972 omnino
1365 1926 1643 1989 promptus
1672 1918 1737 1973 ad
1767 1935 1862 1974 au-

281 2005 534 2066 diendum
563 2007 777 2075 venisti,
809 2007 1026 2076 dignum
1058 2015 1110 2061 te
1139 2007 1518 2063 demonstrans
1549 2010 1862 2065 celebritate

283 2094 493 2152 honesti
518 2096 675 2166 hujus
695 2098 948 2166 beatique
973 2097 1282 2166 spectaculi.
1310 2099 1648 2170 Quapropter
1671 2100 1862 2155 faciam

285 2191 429 2261 quod
456 2190 630 2246 solent
651 2191 704 2246 hi
729 2191 821 2259 qui
848 2189 1056 2246 urbium
1077 2191 1410 2260 peregrinos,
1435 2209 1592 2246 manu
1617 2209 1864 2262 compre-

284 2283 505 2351 hensos,
537 2281 564 2320 ἀ
595 2282 662 2337 ad
696 2282 958 2337 destinata
999 2283 1318 2354 perducunt,
1349 2285 1400 2339 id
1437 2293 1535 2354 est,
1577 2294 1635 2340 ut
1667 2286 1764 2342 vus
1798 2287 1866 2341 ad

286 2374 496 2432 occulta
534 2374 789 2428 miracula
816 2374 1061 2428 maxima:
1085 2374 1242 2444 hujus
1271 2376 1518 2442 civitatis,
1552 2384 1738 2448 utpote
1769 2393 1866 2433 ne-

290 2467 432 2526 scios
460 2466 815 2521 introducam.
849 2465 904 2520 In
927 2466 1032 2520 hac
1061 2466 1222 2535 igitur
1250 2468 1380 2522 urbe
1407 2469 1507 2522 sita
1537 2477 1620 2525 est
1649 2471 1867 2541 antiqua
1943 2467 1946 2470 Α

290 2559 464 2630 patria
488 2565 691 2625 nostra,
715 2573 783 2613 ex
799 2572 907 2627 qua
933 2573 1034 2613 nos
1060 2557 1296 2614 traduxit
1316 2559 1580 2614 homicida
1601 2560 1865 2626 diabolus,

293 2653 404 2707 suis
450 2651 770 2707 sollicitatos
804 2651 1089 2706 illecebris.
1132 2651 1230 2708 llic
1271 2653 1606 2723 conspiciens
1641 2654 1868 2724 primam

295 2743 530 2800 hominis
557 2744 977 2813 generationem,
1008 2752 1062 2799 et
1105 2754 1332 2800 mortem
1360 2759 1478 2819 quae
1510 2761 1609 2800 nos
1645 2745 1870 2801 subinde

299 2845 324 2874 ο
347 2844 530 2891 secuta
557 2843 660 2900 est,
693 2848 852 2902 quam
899 2835 1109 2905 peperit
1137 2834 1439 2906 peccatum,
1468 2837 1611 2906 quod
1641 2845 1723 2892 est
1763 2837 1870 2907 pri-

293 2928 622 2996 mogenitum
647 2928 840 2982 vetusti
869 2926 1124 2983 daemonis
1149 2942 1398 2997 germen;
1431 2928 1502 2985 ibi
1531 2931 1872 2999 recognoscis

293 3018 586 3088 hominem,
635 3027 825 3075 natura
862 3020 1076 3091 quidem
1108 3029 1402 3096 terrenum,
1441 3022 1536 3077 sed
1585 3039 1718 3092 opus
1753 3037 1873 3078 esse

293 3125 548 3165 manuum
596 3110 924 3176 divinarum;
971 3111 1278 3166 valetudine
1320 3112 1544 3166 multum
1589 3113 1874 3183 pecoribus

1965 1925 2117 1987 tium,
2167 1923 2259 1993 qui
2311 1921 2479 1975 Deum
2531 1918 2794 1982 nesciunt,
2841 1916 3205 1986 opinarentur.
3255 1913 3542 1985 Propterea

1963 2022 2156 2083 quarto
2184 2013 2269 2067 die
2296 2011 2429 2066 dixit
2453 2029 2464 2063 :
2491 2009 2654 2062 Fiant
2684 2008 2976 2071 luminaria,
3003 2015 3052 2060 et
3081 2015 3107 2051 κ
3132 2007 3251 2076 fecit
3278 2003 3413 2059 Deus
3443 2005 3543 2062 duo

1964 2106 2261 2160 luminaria.
2294 2102 2422 2170 Quis
2460 2099 2749 2171 praecepit?
2777 2098 2906 2165 Quis
2933 2097 3219 2153 obsecutus
3247 2098 3366 2151 est?
3408 2096 3544 2152 Num

1965 2198 2271 2254 consideras
2301 2197 2352 2251 in
2383 2196 2464 2250 liis
2489 2192 2902 2264 duplicationem
2932 2191 3319 2261 personarum?
3348 2190 3545 2260 ubique

1967 2287 2128 2357 igitur
2165 2287 2357 2357 dogma
2387 2285 2610 2341 Deitatis
2645 2283 2868 2354 mystica
2905 2281 3210 2336 narratione
3239 2289 3546 2336 consertum

1969 2391 2051 2437 est
2079 2381 2331 2446 historim,
2365 2393 2632 2448 causaque
2660 2383 2856 2447 priesto
2882 2383 2965 2429 est
2993 2373 3343 2429 creandorum
3385 2373 3544 2428 lumi-

1971 2475 2240 2529 uariorum
2272 2471 2341 2525 ad
2384 2469 2747 2525 illustrandum
2783 2477 2994 2522 terram.
3037 2464 3314 2532 Quomodo
3343 2478 3472 2534 ergo
3499 2465 3547 2521 si

1970 2566 2060 2620 lux
2087 2571 2466 2627 antecesserat,
2496 2575 2639 2615 nunc
2666 2559 2735 2612 ad
2762 2558 3189 2612 illuminationem
3232 2556 3314 2610 sol
3352 2555 3547 2611 dicitur

1970 2657 2328 2713 constitutus?
2349 2653 2528 2708 Primo
2557 2651 2771 2722 quidem
2804 2649 3065 2706 sermonis
3092 2647 3261 2703 nostri
3289 2647 3545 2716 simplici-

1973 2758 2054 2804 tas
2074 2747 2272 2802 nullum
2303 2745 2399 2800 tibi
2429 2744 2593 2798 risum
2617 2749 2849 2805 moveat,
2875 2741 2919 2794 si
2948 2739 3203 2794 faCundiie
3231 2747 3420 2793 vestra:
3438 2753 3547 2793 non

1972 2839 2283 2896 affectamus
2311 2835 2650 2902 elegantiam,
2686 2848 2786 2888 nec
2823 2829 3237 2899 compositiones
3277 2828 3549 2898 sequimur

1973 2931 2350 2989 clausularum.
2391 2927 2508 2982 Non
2549 2925 2692 2980 enim
2735 2921 3107 2978 consuevimus
3148 2919 3431 2974 verborum
3467 2918 3549 2972 in-

1973 3033 2285 3088 structuras,
2314 3020 2397 3076 vcl
2433 3017 2754 3088 euphoniam
2796 3012 3244 3086 pronuntiationis
3272 3011 3548 3076 escoIere;

1975 3117 2071 3174 sed
2101 3116 2379 3172 honestam
2410 3109 2852 3179 significationem
2889 3106 3162 3161 nominum
3193 3104 3387 3172 ubique
3411 3101 3550 3158 duci-

293 3199 640 3267 deteriorem,
671 3200 766 3255 sed
795 3201 1144 3255 animantium
1180 3201 1696 3273 inanimatorumque
1725 3205 1872 3274 prin-
1897 3203 1942 3266 C
1975 3224 2093 3262 mus
2121 3203 2146 3243 ιι
2179 3201 2610 3276 praeponendam.
2656 3195 2886 3252 Adverte
2934 3197 3113 3264 itaque
3149 3193 3416 3265 quomodo
3456 3209 3552 3264 per

294 3291 470 3362 cipem
503 3291 880 3357 constitutum;
923 3288 1305 3348 instrumentis
1340 3294 1666 3349 naturalibus
1704 3296 1872 3351 imbe-

296 3383 495 3448 cillem,
520 3383 617 3438 sed
644 3383 711 3437 ad
738 3383 932 3439 cmlum
964 3386 1134 3455 ipsum
1165 3401 1268 3456 ope
1298 3387 1521 3441 rationis
1551 3387 1768 3442 elatum.
1814 3388 1872 3443 Si

296 3475 411 3532 haec
436 3475 800 3544 didicerimus,
831 3491 930 3531 nos
974 3477 1188 3546 quidem
1233 3479 1376 3548 ipsos
1405 3493 1870 3549 recognoscemus,

296 3565 464 3623 Deum
503 3569 926 3636 reminiscemur,
970 3569 1313 3626 Conditorem
1361 3571 1720 3637 adorabimus,
1765 3574 1872 3628 Do-

297 3659 445 3714 mino
464 3660 776 3727 serviemus,
800 3669 1007 3732 patrem
1023 3661 1454 3731 gloriﬁcabimus,
1481 3664 1873 3718 benefactorem

295 3753 680 3820 revercbimur,
722 3764 994 3811 auctorem
1021 3756 1142 3811 vita:
1182 3765 1376 3811 nostra:
1404 3757 1679 3826 praesentis
1706 3764 1761 3812 ct
1789 3755 1872 3810 fu-

296 3850 435 3900 turae
464 3860 570 3900 non
599 3846 926 3901 cessabimus
951 3847 1216 3912 venerari,
1249 3847 1338 3916 qui
1368 3862 1465 3916 per
1491 3863 1585 3902 eas
1611 3862 1744 3916 quas
1772 3847 1874 3901 lar-

294 3936 442 4006 gitus
464 3945 547 3991 est
567 3937 722 3992 nobis
750 3936 982 4002 divitias,
1016 3939 1177 3992 etiam
1203 3952 1387 3991 earum
1415 3937 1571 3992 Iidem
1600 3953 1733 4007 quas
1759 3954 1875 4008 pro-

294 4029 446 4084 misit
473 4035 727 4092 ostentat,
761 4036 818 4083 et
849 4029 939 4100 qui
980 4029 1349 4100 experimento
1390 4031 1751 4101 praesentium,
1787 4031 1876 4088 illa

292 4134 513 4190 quoque
541 4134 659 4188 quae
687 4128 973 4190 sperantur
999 4120 1247 4175 allirmat.
1286 4120 1342 4175 Si
1383 4123 1524 4177 enim
1565 4125 1877 4193 temporalia

291 4217 423 4268 sunt
462 4210 746 4280 ejusmodi,
777 4212 954 4281 qualia
1003 4213 1360 4283 sempiterna?
1401 4212 1457 4268 Si
1499 4214 1726 4269 visibilia
1769 4223 1878 4270 tam

291 4303 456 4368 bona,
488 4301 662 4372 qualia
699 4318 818 4372 qua:
856 4319 964 4358 non
994 4303 1275 4360 videntur?
1315 4303 1372 4358 Si
1411 4304 1532 4360 οωιί
1572 4305 1878 4372 magnitudo

290 4409 605 4449 mensuram
641 4394 890 4449 humana:
937 4395 1133 4449 mentis
1174 4395 1403 4459 excedit,
1437 4397 1555 4468 quis
1599 4397 1880 4466 sempiter-

290 4499 490 4541 norum
520 4493 764 4540 naturam
798 4485 1026 4540 sufﬁciat
1065 4487 1366 4542 aestimare?
1407 4486 1465 4542 Si
1499 4487 1517 4526 ί
1548 4490 1880 4559 corruptioni

1974 3309 2219 3356 naturam
2251 3295 2576 3351 sullicientcr
2613 3291 2757 3362 quod
2787 3289 2973 3352 voluit,
3005 3286 3332 3342 declaravit:
3365 3300 3462 3354 pro
3489 3285 3547 3339 il.

1973 3386 2492 3446 luminatione‘enim
2536 3382 2813 3438 luminaria
2865 3379 3126 3442 nominat,
3175 3375 3319 3445 quod
3371 3376 3552 3445 utique

1976 3499 2080 3537 non
2116 3487 2376 3551 repugnat
2405 3477 2486 3530 his
2514 3490 2632 3544 quze
2667 3472 2734 3526 de
2785 3472 2902 3525 luce
2955 3468 3202 3540 praedicta
3233 3474 3372 3522 sunt.
3405 3465 3553 3522 Tunc

1975 3574 2116 3629 enim
2147 3578 2337 3625 natura
2364 3566 2578 3620 luminis
2606 3572 2689 3619 est
2717 3561 3006 3632 producta;
3038 3574 3180 3614 nunc
3209 3565 3384 3612 autem
3413 3557 3553 3612 sola-

1977 3680 2102 3718 num
2133 3675 2330 3728 corpus
2359 3656 2604 3712 ell'ectum
2633 3661 2736 3720 est,
2771 3667 2878 3721 quo
2907 3647 3236 3728 superfer‘tur
3279 3645 3408 3700 illud
3446 3645 3554 3714 pri-

1977 3752 2304 3822 mogenitum
2335 3749 2532 3802 lumen.
2566 3744 2717 3800 Sicut
2760 3742 2902 3797 enim
2944 3738 3086 3793 aliud
3115 3747 3197 3793 est
3225 3737 3379 3805 ignis,
3411 3733 3553 3789 aliud

1977 3845 2214 3908 lucerna,
2243 3853 2472 3910 quorum
2495 3851 2658 3890 unum
2681 3829 2974 3887 illustraudi
2998 3829 3104 3882 vim
3131 3825 3386 3897 possidet,
3412 3822 3554 3878 aliud

1976 3932 2308 3992 ministrandi
2339 3944 2501 3986 causa
2530 3925 2760 3988 luminis,
2808 3923 2893 3976 his
2933 3920 3024 3988 qui
3066 3918 3182 3987 ejus
3211 3915 3447 3985 indigent
3474 3921 3555 3969 est

1976 4029 2290 4090 formatum;
2321 4023 2396 4078 sic
2419 4028 2474 4076 et
2497 4015 2854 4074 mundissimae
2874 4013 2948 4069 illi
2977 4020 3031 4068 ct
3054 4008 3423 4066 sincerissima:
3449 4005 3556 4064 luci

1976 4137 2075 4193 pro
2097 4117 2352 4174 vehiculis
2379 4114 2698 4185 quibusdam
2727 4107 3005 4165 luminaria
3029 4107 3128 4160 ista
3153 4102 3390 4172 subjecta
3409 4109 3554 4169 sunt,

1979 4214 2104 4268 licet
2151 4208 2440 4280 Apostolus
2489 4204 2654 4277 (Phil.
2713 4220 2769 4264 ii,
2823 4199 2911 4270 15)
2962 4197 3220 4269 quosdam
3276 4194 3555 4249 luminaria

1978 4303 2161 4360 mundi
2187 4302 2446 4356 nominat.
2479 4297 2586 4353 Sed
2615 4296 2719 4351 alia
2745 4301 2829 4350 est
2856 4307 2981 4347 vera
3011 4291 3101 4346 lux
3139 4287 3342 4354 mundi,
3370 4301 3435 4341 ex
3464 4301 3557 4341 cu-

1974 4396 2063 4467 jus
2093 4392 2449 4450 transfusione
2472 4389 2685 4446 lustrati
2710 4385 2897 4452 sancti,
2927 4381 3210 4438 luminaria
3233 4379 3431 4434 fiebant
3452 4377 3559 4432 ani-

1981 4488 2170 4545 mabus
2197 4485 2300 4551 his,
2329 4498 2464 4554 quas
2489 4481 2768 4536 veritatem
2797 4476 3075 4542 docentes,
3103 4471 3172 4528 de
3207 4468 3441 4526 tenebris
3468 4483 3560 4523 eas

287 4577 379 4635 sol
407 4577 691 4645 obnoxius,
722 4586 831 4633 tam
874 4579 1048 4634 bonus
1089 4587 1143 4634 et
1188 4594 1410 4648 magnus
1441 4591 1544 4648 est,
1575 4582 1873 4638 mobilitate
1897 4580 1948 4642 D
1977 4580 2289 4651 ignorantiae
2334 4577 2652 4633 liberabant.
2699 4571 2790 4627 Sic
2833 4578 2889 4626 et
2935 4568 3017 4624 sol
3063 4567 3165 4622 iste
3207 4561 3427 4620 visibilis
3468 4560 3559 4616 illo

287 4671 474 4739 velox,
503 4671 832 4728 discursibus
869 4671 1170 4740 ordinatus,
1208 4672 1415 4728 habens
1444 4689 1733 4743 congruam
1760 4691 1877 4731 am-

288 4766 632 4842 plitudinem,
661 4781 765 4837 qua
790 4773 1046 4821 statutam
1073 4767 1234 4822 rebus
1261 4766 1506 4823 omnibus
1531 4768 1874 4825 mediocrita-

295 4973 310 4985 ⁸
369 4908 396 4938 ι
427 4899 642 4985 Antiqui
679 4899 785 4956 duo
833 4899 954 4955 libri
999 4907 1055 4955 et
1096 4899 1245 4965 editi,
1279 4900 1670 4956 inexercitatos.
1710 4903 1878 4971 Alius,

289 4979 656 5027 inexercitato.

370 5040 398 5079 δ
433 5040 648 5096 Veteres
677 5041 790 5111 duo
819 5040 941 5096 lihri
985 5051 1040 5097 et
1079 5041 1227 5104 editi,
1269 5041 1702 5111 pulchritudinem
1733 5042 1884 5096 desu-

289 5111 534 5182 spexisti.
566 5112 634 5166 At
659 5110 835 5182 Colba
861 5113 1145 5176 secundus,
1189 5110 1407 5180 desuper
1444 5112 1712 5182 aspexisti.
1746 5111 1881 5168 Ver-

292 5181 428 5239 bum
457 5181 778 5246 desuspicere
817 5181 1063 5237 Latinum
1095 5197 1203 5235 non
1231 5196 1350 5235 esse
1379 5183 1491 5236 scio
1509 5181 1764 5251 quidem;
1789 5182 1884 5237 sed

295 5252 484 5308 nescio
511 5260 691 5308 tamen
718 5254 988 5322 quomodo
1017 5251 1310 5322 legendum,
1329 5252 1416 5305 sit.
1442 5251 1574 5306 Cum
1605 5253 1744 5305 enim
1775 5251 1882 5306 Eu-

292 5323 530 5381 stathius
565 5339 706 5393 saepe
737 5321 922 5380 utatur
951 5323 1126 5379 verbis
1156 5338 1262 5378 non
1290 5321 1518 5393 Latinis,
1550 5331 1603 5377 et
1633 5323 1718 5378 hic
1747 5340 1884 5393 quo-

294 5411 408 5466 que
436 5392 695 5464 ejusmodi
721 5396 886 5451 verbo
913 5395 1141 5450 fortasse
1167 5409 1292 5449 usus
1321 5401 1419 5446 est.
1457 5392 1621 5462 Leget
1657 5392 1884 5465 quisque

297 5467 574 5535 quomodo
602 5469 770 5535 magis
799 5468 1002 5522 libebit.

378 5535 572 5608 {Editi
609 5544 664 5591 et
698 5534 851 5594 Colb.
900 5538 1122 5608 primus,
1153 5535 1701 5608 diuturnamiracula.
1735 5534 1885 5608 Alter

218 5669 226 5676 _
300 5605 480 5671 Colb.,
503 5607 679 5660 divina
700 5605 969 5663 miracula.
999 5609 1164 5663 Vetus
1192 5616 1374 5663 noster
1398 5607 1552 5676 liber,
1577 5605 1763 5659 diurna
1786 5606 1884 5658 mi-

302 5677 612 5765 racitlaaet'
636 5679 708 5733 ita
738 5680 840 5748 legi
883 5685 1135 5748 oportere
1169 5685 1320 5748 patet
1347 5693 1415 5732 ex
1452 5675 1667 5740 Graecis,
1698 5679 1759 5731 τὰ
1794 5686 1884 5738 τῆς

305 5751 975 5888 ἕῗιῖέειὶηαια
1003 5820 1308 5879 producunt.
1331 5819 1466 5874 idem
1493 5827 1549 5872 ut
1577 5834 1669 5874 nos
1692 5817 1762 5872 ad
1790 5833 1880 5872 oc-

1981 4672 2260 4748 principali
2292 4670 2497 4739 fulgore
2527 4667 2826 4721 flammatus
2853 4662 3049 4716 elucet.

2057 4767 2107 4821 5.
2143 4740 2218 4818 Et
2243 4762 2372 4817 nulli
2392 4759 2640 4815 videatur
2661 4751 2988 4817 incredibile,
3004 4747 3150 4819 quod
3166 4744 3398 4801 diximus
3419 4740 3560 4798 aliud

1987 4903 2147 4957 culta.
2178 4897 2323 4952 Libri
2345 4902 2556 4964 veteres
2584 4897 2644 4944 ut
2672 4890 2723 4964 in
2753 4892 3026 4949 contexw-
3062 4952 3111 4964 __
3247 4951 3261 4964 _
3286 4951 3298 4964 ,
3327 4951 3338 4964 ,

2062 4950 2585 5027 :‘(iIo—lhisecundus,
2621 4961 2891 5014 subsecuta
2931 4964 3026 5010 est.
3062 4952 3187 5027 Mox
3211 4951 3301 5027 ubi
3325 4951 3378 5006 in
3407 4950 3562 5027 editis

1983 5022 2182 5112 legitur
2199 5035 2504 5112 valetudine,
2621 5029 2814 5112 etnaliis
2825 5027 2966 5112 locis
2985 5025 3242 5112 scriptum
3267 5022 3561 5112 invenimus

1985 5093 2294 5168 ἰῐιυεὲάιὶἰαυίε
2317 5106 2464 5160 libris
2493 5093 2792 5158 ualitudine.
2824 5097 3060 5154 Subinde
3089 5093 3242 5161 editi,
3267 5107 3420 5162 quam
3439 5106 3562 5162 pro-

1984 5183 2144 5236 misit.
2180 5170 2373 5233 Noster
2399 5175 2586 5236 codex,
2619 5170 3060 5244 quas_proniisit._
3100 5237 3132 5244 __
3387 5230 3401 5244 _
3551 5230 3564 5242 ι

2061 5230 2282 5313 idid—ili,
2304 5230 2346 5301 si
2377 5230 2691 5316 corruptioni
2719 5230 2989 5316 obnoxius.
3021 5237 3171 5316 _Colb.
3193 5230 3488 5316 secundus,
3518 5230 3564 5284 si

1988 5303 2305 5391 corruptioni
2334 5317 2412 5372 sol
2451 5303 2727 5391 tLbI'lQIlus,
2758 5314 2839 5391 ita
2860 5309 3162 5387 postulante
3188 5303 3378 5391 Gl:ch
3411 5303 3560 5361 ἥλιος.

1994 5381 2280 5462 Aliquanto
2309 5398 2431 5460 post
2457 5387 2609 5462 Colh.
2631 5382 2926 5462 secundus,
2957 5381 3067 5462 ejus
3094 5381 3355 5462 aspectus;

2063 5439 2279 5529 ξ’ἐῖιῖίίξ
2311 5439 2432 5532 Qui}
2461 5439 2598 5530 fecit.
2631 5455 2850 5509 Veteres
2879 5439 3228 5514 duo'libri,'et
3257 5442 3396 5516 fecit.
3426 5439 3568 5496 Grie-

1989 5550 2073 5598 ce,
2100 5539 2184 5589 καὶ
2207 5536 2430 5592 ἐποίησε.
2527 5539 2530 5542 ’

2063 5590 2086 5642 ii
2114 5604 2276 5668 Equi,
2307 5590 2712 5674 proponendum.
2745 5593 2813 5646 At
2842 5590 3156 5674 iiostr‘ihtres
3182 5601 3569 5674 iussnprgfgtt;

1991 5653 2428 5739 ηεηάῖιῖνῖίὶῖίὶῖι
2447 5653 2567 5739 legi
2593 5665 2787 5739 debere
2818 5661 3053 5739 ostendit
3074 5653 3402 5739 pasiiianmii
3437 5653 3569 5737 ίιιυιξ

1989 5724 2614 5879 ἓξᾶξᾷἐέέερ-ό-ᾼΝθυνὶω
2650 5734 2820 5790 multo
2847 5739 2969 5804 post
2994 5730 3148 5788 Colb.
3178 5727 3460 5795 secundus,
3487 5724 3568 5782 cui

1989 5834 2141 5878 super
2167 5823 2324 5872 εἴων.

1987 5823 2324 5878 superfertur.
