4110 6336
462 2058 463 2065 ‘
552 2062 722 2110 :tatur
761 2054 944 2111 dicens
989 2074 1003 2110 :

518 350 641 411 ~92’5

1976 354 2347 414 EUSTATHII

3717 353 3828 417 9Q}

534 486 654 531 esse
674 470 889 529 luminis
907 468 1270 541 splendorem,
1293 468 1438 527 aliud
1462 470 1764 542 subjectum
1790 473 1981 530 lumini
2002 490 2124 531 cor-
2153 481 2202 539 Α
2232 484 2344 533 tum
2372 474 2683 549 discrepare
2711 473 2926 533 videtur
2953 488 2983 531 a
3010 474 3168 545 luna;
3198 473 3348 547 quod
3371 475 3461 533 hic
3486 475 3709 553 quidem
3732 493 3830 538 su-

535 579 653 637 pus,
685 565 860 635 primo
893 563 1018 635 quia
1055 577 1174 635 qua:
1202 563 1497 634 composita
1524 574 1667 635 sunt,
1700 567 1751 623 in
1780 566 1913 624 duas
1939 575 2124 638 partes

536 658 860 722 dividuntur,
893 654 947 711 id
988 663 1090 720 est,
1136 655 1190 710 in
1236 655 1516 712 materiam
1561 660 1933 731 receptricem,
1972 669 2028 715 et
2068 660 2126 715 in

535 764 654 805 eam
689 765 809 822 quae
851 749 952 805 sibi
981 748 1223 806 evenerit
1256 750 1590 818 qualitatem.
1636 751 1785 809 Sicut
1819 766 1949 821 ergo
1981 750 2127 808 aliud

536 856 618 901 est
641 847 899 906 naturalis
927 847 1150 919 candor,
1177 858 1232 905 et
1259 850 1402 906 aliud
1425 849 1571 922 quod
1595 848 1871 907 candescit
1895 868 1907 903 ε
1932 849 2010 906 sic
2036 849 2128 905 illa

538 953 655 1009 quae
684 938 827 995 dicta
860 949 985 997 sunt
1011 942 1212 998 distare
1240 958 1271 999 a
1300 959 1360 999 se
1392 942 1609 1016 quidem
1640 951 1831 1000 natura
1858 941 2126 1010 videntur,

539 1029 633 1088 s'ed
660 1028 933 1101 Creatoris
974 1034 1173 1092 virtute
1221 1035 1506 1107 conjuncta
1552 1044 1697 1092 sunt.
1735 1035 1804 1091 Et
1842 1052 1951 1093 non
1998 1037 2130 1093 mihi

539 1123 687 1199 dicas
728 1125 1058 1196 impossibile
1095 1135 1180 1184 est
1219 1128 1333 1184 haec
1359 1138 1385 1167 ι
1415 1129 1483 1184 ab
1513 1128 1830 1186 alterutrum
1858 1131 2127 1202 separari;

540 1230 715 1288 neque
744 1219 886 1274 enim
916 1232 1017 1289 ego
1045 1218 1444 1293 separationem
1491 1221 1706 1278 luminis
1732 1237 1763 1277 a
1790 1221 1979 1278 solano
2010 1239 2132 1278 cor-

540 1294 675 1380 pore
714 1311 1256 1381 comprehensibilem
1293 1313 1423 1367 mihi
1468 1313 1670 1385 tibique
1714 1312 1996 1381 conﬁrmo,
2038 1314 2132 1370 sed

541 1403 667 1474 quia
689 1405 845 1460 nobis
870 1405 1181 1477 opinatione
1202 1407 1314 1463 sola
1336 1407 1614 1464 divisibilis
1633 1408 1944 1464 aestimatur.
1970 1407 2135 1465 Plane

545 1504 680 1551 nutu
721 1496 1029 1555 Conditoris
1058 1508 1283 1570 possunt
1316 1499 1428 1556 haec
1456 1516 1487 1556 a
1516 1508 1703 1557 natura
1737 1518 1833 1557 sua
1861 1500 2017 1560 facile
2045 1519 2135 1560 se-

546 1588 711 1659 iungi.
740 1588 981 1661 Denique
1002 1593 1158 1648 nobis
1185 1592 1513 1665 impossibile
1541 1596 1757 1666 penitus
1784 1604 1867 1652 est
1888 1595 2137 1653 ardorem

546 1676 678 1737 solis
715 1697 746 1735 a
790 1682 1076 1754 splendore
1105 1682 1432 1753 discernere,
1460 1687 1553 1743 sed
1583 1688 1725 1745 Deus
1752 1688 1937 1757 volens
1965 1689 2138 1745 famu-

546 1773 655 1829 lum
695 1789 850 1830 suum
898 1775 1123 1832 mirifica
1152 1778 1360 1835 visione
1390 1788 1729 1849 convertere,
1776 1784 1855 1839 sic
1890 1784 2141 1865 apposuit

2227 578 2467 642 sceptam
2516 570 2684 626 semel
2729 569 3052 643 insitamque
3095 570 3201 627 sibi
3246 570 3427 631 lucem
3464 571 3690 629 minime
3726 571 3827 631 de-

2226 664 2399 736 ponit,
2440 663 2531 719 illa
2580 642 2707 720 varo
2754 642 2969 736 saepius
2995 671 3177 733 exuta,
3221 675 3244 702 ο
3286 664 3593 737 iterumque
3636 665 3833 725 indita

2229 755 2430 825 lumen,
2464 755 2622 815 tacile
2663 758 2958 830 poteritex
2982 772 3042 814 se
3068 756 3234 815 etiam
3268 772 3389 830 quae
3423 757 3493 815 de
3536 757 3658 815 sole
3680 758 3834 817 dicta

2230 858 2355 906 sunt
2400 848 2744 909 conﬁrmare.
2794 849 2921 909 llam
2961 864 3091 922 ergo
3131 851 3418 913 luminaria
3453 859 3663 909 statuta
3707 861 3839 913 sunt

2230 943 2471 1001 dividere
2510 944 2653 1001 inter
2697 943 2839 1001 diem
2881 952 2939 1000 et
2982 953 3228 1012 noctem.
3262 945 3282 985 ί
3318 961 3553 1018 quorum
3582 952 3840 1007 naturam

2234 1046 2363 1094 tunc
2391 1037 2459 1093 ab
2488 1036 2703 1095 alterna
2730 1036 3114 1094 contrarietate
3140 1036 3406 1103 destituit,
3435 1044 3494 1094 ut
3519 1051 3651 1108 erga
3678 1053 3740 1094 se
3765 1038 3829 1093 ir.

2233 1130 2731 1209 reprehensibiliter
2776 1129 3126 1199 haberentur,
3170 1129 3425 1200 nullaque
3470 1130 3832 1191 communita:

2234 1221 2476 1279 tenebris
2507 1235 2627 1278 esse
2654 1221 2829 1291 possit
2853 1235 2979 1277 cum
3004 1220 3148 1277 luce.
3170 1220 3328 1288 Quod
3358 1229 3383 1269 ε
3411 1220 3560 1277 enim
3600 1229 3685 1277 est
3714 1235 3842 1276 mn-

2236 1315 2333 1371 bra
2358 1314 2611 1381 interdiu,
2641 1314 2745 1370 hoc
2764 1313 3063 1371 obscuritas
3087 1313 3318 1375 habetur
3345 1312 3401 1369 in
3423 1321 3608 1370 nocte.
3636 1311 3708 1367 Et
3730 1311 3829 1379 sio

2238 1416 2297 1464 ut
2325 1408 2499 1465 omnis
2527 1406 2716 1463 umbra
2743 1405 2812 1463 de
2838 1405 3159 1478 corporibus
3185 1406 3377 1465 lumini
3400 1405 3661 1477 subjectis
3680 1404 3830 1471 emitr

2240 1502 2389 1567 titur,
2432 1516 2592 1557 mane
2634 1500 2850 1572 quidem
2900 1500 3126 1557 tendens
3169 1499 3239 1561 ad
3287 1515 3565 1567 occasum,
3611 1514 3850 1571 vespere

2240 1609 2470 1666 vergens
2497 1593 2565 1651 ad
2592 1592 2889 1669 Orientem,
2922 1592 3232 1649 meridianis
3257 1607 3320 1649 se
3344 1592 3495 1653 boris
3528 1591 3599 1649 ad
3626 1597 3849 1662 partem

2243 1686 2639 1761 Septentrionis
2663 1686 2950 1755 inclinans,
2978 1700 3089 1741 nox
3126 1699 3346 1755 quoque
3372 1685 3509 1756 ipsa,
3536 1690 3849 1746 retrorsum

2244 1780 2379 1837 lucis
2424 1779 2587 1835 radiis
2626 1793 2943 1851 repercussa
2970 1776 3197 1835 secedit.
3226 1774 3395 1846 Cujus
3414 1775 3550 1846 quid
3582 1776 3730 1833 aliud
3758 1776 3844 1832 in-

546 1867 685 1947 rubo
716 1865 1008 1937 ﬂammam,
1044 1877 1103 1927 ut
1137 1871 1309 1928 solam
1355 1873 1462 1929 vim
1502 1874 1836 1931 claritudinis
1875 1876 2012 1946 ejus,
2044 1875 2139 1932 de-
2172 1879 2217 1938 B
2247 1871 2533 1943 telligeuda
2562 1879 2752 1926 natura
2772 1876 2878 1939 est,
2898 1884 3061 1941 quam
3078 1868 3263 1925 mundi
3291 1865 3847 1926 obumbratio28icut

556 1960 734 2035 posita
776 1961 1100 2031 torriditate,
1133 1972 1478 2023 monstraret.
1521 1966 1671 2023 Sicut
1708 1976 1763 2023 et
1797 1969 2034 2039 psalmus
2064 1977 2144 2025 te-

1057 2055 1168 2113 Vox
1219 2057 1432 2114 Domini
1478 2061 1832 2116 intercidentis
1878 2063 2145 2131 ﬂammam

550 2149 684 2219 .gnis
715 2146 888 2220 (Psat.
922 2165 1100 2216 xxvm,
1136 2150 1210 2223 7).
1246 2149 1396 2207 Unde
1424 2153 1587 2208 etiam
1617 2153 1672 2208 in
1700 2154 2147 2212 retributionibus

550 2239 864 2296 delictorum
893 2256 1013 2312 qua:
1059 2242 1112 2298 in
1156 2243 1267 2298 vita
1313 2246 1699 2314 contraximus,
1730 2246 1869 2303 ratio
1894 2249 2144 2319 quaedam

551 2345 653 2386 nos
680 2332 945 2387 secretior
970 2332 1132 2389 docet
1172 2334 1514 2404 partiendum
1542 2338 1679 2406 ignis
1706 2352 1825 2394 esse
1852 2345 2101 2395 naturam
2126 2356 2141 2394 :

551 2421 705 2493 cujus
734 2422 824 2481 lux
858 2422 924 2478 ad
967 2424 1345 2482 illuminandos
1382 2426 1727 2499 deputabitur
1758 2429 1954 2501 justos,
1986 2431 2150 2487 ardor

556 2523 738 2570 autem
763 2515 831 2571 ad
859 2518 1286 2574 concremandos
1311 2518 1339 2560 δ
1361 2519 1607 2591 proﬁciet
1631 2530 1970 2592 peccatores.
1998 2521 2149 2579 Licet

556 2612 613 2683 et
639 2604 707 2661 de
735 2605 874 2661 lunae
900 2621 1115 2678 quoque
1144 2610 1485 2680 passionibus
1512 2611 1668 2668 facile
1696 2628 1957 2683 queamus
1984 2614 2148 2673 ﬁdem

551 2680 754 2768 capere
784 2698 1153 2768 quaesitorum,
1185 2699 1506 2758 decrescens
1547 2704 1711 2770 enim,
1743 2721 1852 2760 non
1881 2714 1994 2762 toto
2024 2722 2147 2763 cor-

548 2801 689 2861 pore
733 2805 954 2860 prorsus
1000 2792 1350 2863 expenditur;
1401 2795 1495 2851 sed
1544 2795 1800 2852 insertam
1835 2798 1936 2853 sibi
1973 2798 2149 2871 lucem

558 2874 724 2937 modo
756 2882 1056 2952 deponens,
1093 2884 1255 2940 modo
1284 2887 1570 2958 recipiens,
1601 2890 1961 2947 concretionis
1990 2898 2045 2946 et
2071 2890 2151 2947 di-

558 2971 870 3029 minutionis
898 2976 1129 3045 propria:
1151 2977 1416 3048 quasdam
1445 2964 1601 3035 nobis
1626 2982 1848 3037 exhibet
1872 2982 2146 3041 fantasias.

550 3064 692 3141 ‘Nam
722 3066 849 3138 quia
877 3077 1193 3125 senescente
1223 3085 1287 3125 ea
1315 3071 1537 3128 minime
1577 3080 1749 3129 totum
1796 3089 1991 3147 corpus
2035 3076 2152 3146 ejus

550 3158 905 3229 ,expenditur,
939 3160 1247 3217 testimonio
1267 3170 1392 3218 sunt
1410 3179 1529 3235 quae
1550 3164 1799 3223 videntur
1823 3185 1834 3220 :
1859 3167 1985 3225 licet
2004 3170 2151 3226 enim

2247 1964 2390 2020 enim
2419 1962 2595 2019 lucido
2624 1962 2711 2019 die
2738 1968 2971 2022 stantem
2994 1960 3304 2030 quempiam
3341 1959 3444 2016 sub
3477 1973 3671 2015 aurora
3706 1958 3843 2016 solis

2245 2073 2372 2113 mox
2400 2056 2591 2112 umbra
2612 2054 2919 2122 comitatur,
2948 2052 3031 2110 sic
3057 2052 3382 2109 obumbrato
3409 2066 3540 2109 aere
3560 2050 3655 2121 qui
3681 2056 3846 2107 terra

2246 2149 2522 2222 proximus
2551 2154 2657 2218 est,
2704 2163 2815 2204 nox
2853 2144 3106 2213 edicitur,
3137 2151 3195 2200 et
3240 2144 3347 2201 hoc
3389 2150 3476 2200 est
3510 2142 3663 2213 quod
3693 2142 3847 2212 dicit,

2246 2241 2521 2313 Separavit
2541 2238 2683 2295 Deus
2708 2240 2842 2294 inter
2869 2237 3030 2292 lucem
3052 2245 3101 2292 et
3121 2235 3379 2293 tenebras.
3402 2234 3538 2291 Nam
3562 2233 3681 2291 fere
3699 2249 3846 2295 ω·-

2245 2350 2345 2406 per
2373 2332 2675 2390 obscuritas
2700 2330 2896 2400 refugit
2923 2330 3059 2387 lucis
3085 2328 3397 2394 adventum,
3422 2328 3632 2400 quippe
3650 2328 3846 2399 quibus

2249 2442 2317 2482 ex
2344 2427 2518 2498 prima
2543 2424 2895 2494 generatione
2918 2421 3175 2487 alienatio
3210 2421 3352 2486 inter
3380 2417 3410 2459 δ
3436 2434 3499 2477 se
3527 2420 3843 2479 naturaliter

2249 2529 2331 2578 est
2352 2528 2555 2592 aptata.
2580 2518 2733 2574 Nunc
2759 2524 2940 2574 autem
2969 2516 3139 2575 solem
3170 2515 3428 2586 praecepit
3454 2514 3632 2586 spatia
3655 2513 3843 2571 diurna

2248 2631 2527 2689 peragere,
2552 2617 2732 2672 lunam
2755 2629 2885 2671 vero
2913 2629 3038 2673 cum
3066 2612 3253 2669 orbem
3278 2626 3439 2669 suum
3464 2610 3834 2682 compleverit,

2248 2708 2662 2765 moderatricem
2709 2707 2886 2763 noctis
2923 2705 3116 2763 statuit
3146 2723 3161 2759 :
3198 2720 3298 2775 pro
3341 2713 3606 2777 certaque
3639 2703 3835 2761 dimsi-

2250 2801 2403 2857 sione
2428 2800 2655 2857 invicem
2676 2800 2781 2856 sibi
2804 2798 3089 2859 luminaria
3108 2798 3212 2855 ista
3229 2798 3552 2859 succedunt.
3577 2797 3708 2853 Haut
3726 2797 3834 2854 sols

2252 2892 2597 2966 procedente,
2630 2892 2755 2951 luna
2782 2892 2829 2949 si
2857 2892 3020 2963 plena
3053 2897 3157 2958 est,
3198 2890 3385 2949 statim
3415 2890 3625 2949 ducitur
3645 2888 3711 2945 ad
3731 2903 3823 2945 oc-

2252 3002 2456 3047 catium.
2491 2985 2698 3041 Rursus
2724 2993 2907 3043 autem
2937 2999 3061 3043 cum
3087 2984 3171 3042 sol
3199 2985 3384 3042 cursui
3412 2999 3512 3042 suo
3534 2992 3697 3042 metas
3724 2992 3821 3053 po-

2253 3080 2451 3148 suerit,
2490 3078 2607 3136 luec
2651 3079 2839 3149 incipit
2869 3066 3099 3136 exoriri.
3149 3076 3259 3135 Sed
3301 3079 3350 3135 si
3396 3077 3691 3136 secundum
3732 3076 3837 3133 aia

2253 3172 2528 3229 schemata
2556 3171 2777 3229 minime
2804 3172 2980 3243 spatio
3010 3171 3187 3228 noctis
3224 3171 3421 3227 lunare
3458 3171 3643 3227 lumen
3679 3170 3841 3240 διιᾶ-
3910 3186 3911 3189 η

564 3251 661 3307 tibi
687 3267 814 3307 aere
841 3252 1011 3309 libero
1039 3254 1420 3326 nebulosisque
1444 3268 1662 3314 carente
1691 3261 2000 3331 vaporibus,
2029 3279 2152 3334 spe-
2179 3258 2235 3324 C
2256 3275 2430 3338 parat,
2455 3283 2562 3327 non
2584 3267 2811 3324 interest
2830 3264 3120 3336 proposita:
3139 3263 3474 3334 quastiouis,
3496 3263 3679 3320 solum
3695 3262 3846 3321 nobis

564 3354 712 3403 ctare
746 3346 931 3402 lunam
969 3347 1327 3416 deﬁcientem,
1355 3350 1570 3422 quando
1597 3354 1828 3410 rotunda
1854 3358 2153 3415 secundum

569 3449 588 3476 ε
616 3439 837 3494 schema
868 3447 973 3505 est,
1002 3441 1222 3510 quando
1250 3441 1443 3512 globus
1471 3442 1605 3514 ejus,
1636 3460 1704 3500 ex
1731 3461 1799 3502 eo
1820 3447 1989 3505 latere
2008 3451 2154 3519 quod

565 3530 911 3586 tenebrosum
938 3538 1041 3598 est,
1076 3531 1167 3586 tali
1196 3533 1327 3588 orbe
1356 3534 1828 3605 circumscribitur,
1860 3539 2006 3610 quali
2029 3555 2153 3597 cum

566 3621 687 3676 luce
711 3621 871 3691 plena
893 3629 993 3677 est.
1025 3620 1197 3689 Quem
1224 3624 1506 3682 evidenter
1531 3628 1797 3698 integrqu
1827 3629 2152 3701 perfectum-

564 3729 675 3786 que
710 3715 1069 3785 conspiciens,
1102 3730 1166 3771 ea
1202 3718 1603 3776 manifestatum
1645 3732 1799 3792 parte
1828 3740 1935 3795 qua
1964 3724 2147 3796 fulget.

566 3806 634 3862 Et
662 3824 772 3863 non
803 3808 936 3864 mihi
957 3809 1106 3866 dicas
1133 3811 1261 3881 quia
1297 3812 1388 3868 lux
1414 3814 1532 3883 ejus
1558 3815 1849 3874 adventitia
1879 3830 1980 3882 est,
2012 3837 2151 3892 quo.

565 3899 713 3955 niam
735 3901 993 3957 minuitur
1016 3902 1235 3974 quidem
1260 3907 1478 3975 quando
1499 3918 1684 3965 contra
1712 3911 1881 3968 solem
1902 3916 2148 3982 vertitur,

566 3993 761 4048 crescit
796 4001 979 4050 autem
1007 4011 1129 4051 cum
1159 3996 1228 4052 ab
1250 4012 1317 4054 eo
1345 3998 1670 4057 discesserit.
1703 4002 1835 4058 Nam
1865 4020 1969 4061 nec
1995 4008 2152 4065 nobis

565 4083 669 4139 hoc
709 4084 871 4141 modo
908 4086 1176 4144 discutere
1215 4091 1550 4160 propositum
1587 4101 1689 4160 est,
1732 4094 1827 4151 sed
1853 4098 1979 4167 quia
2007 4098 2159 4155 aliud

564 4184 650 4232 est
672 4176 789 4247 ejus
817 4194 1031 4249 corpus,
1063 4181 1206 4236 aliud
1234 4198 1397 4241 causa
1426 4184 1659 4241 luminis.
1694 4185 1823 4242 Tale
1845 4185 1873 4227 ‘1
1895 4189 2152 4258 quiddam

556 4282 696 4338 ergo
716 4271 870 4335 mihi.
895 4280 951 4327 et
977 4272 1045 4327 de
1064 4283 1255 4331 natura
1283 4277 1412 4333 solis
1429 4278 1686 4350 intellige,
1710 4281 1804 4349 qui
1822 4282 1895 4338 ob
1914 4283 2016 4340 hoc
2035 4292 2155 4341 tau-

640 4423 1253 4517 i§9§9i8¥1f9ﬁ9§§s
1288 4433 1457 4517 ροεξὲι
1492 4435 1757 4517 quispiam
1794 4439 2141 4517 vitiiaﬁquid

566 4494 671 4579 hoc
692 4494 831 4579 loco;
844 4496 1089 4579 subesse;
1119 4499 1213 4579 sed
1240 4494 1555 4579 in'antiquis
1577 4494 1727 4579 libris
1754 4494 2149 4579 perindeﬁtitwin

565 4566 794 4634 vulgatis
816 4566 1012 4691 legitur
1032 4568 1226 4624 eodem
1256 4572 1438 4643 modo,
1454 4566 1567 4630 Ἰιωο
1587 4576 1650 4629 ab
1677 4566 1979 4636 alterutrum
2001 4566 2152 4655 sepe;

566 4639 695 4691 rari.
719 4637 847 4691 Mihi
895 4639 1030 4691 acile
1058 4644 1366 4691 Dersuaderi
1393 4654 1576 4691 nnsset
1602 4648 1799 4691 malum
1831 4652 2148 4691 enrinlnrnm

566 4639 695 4725 Lagi.
719 4637 847 4725 alibi
874 4637 1030 4725 facile
1052 4644 1367 4725 persuaderi
1386 4637 1577 4725 posset
1602 4648 1801 4705 malum
1831 4637 2149 4725 scriper

564 4704 903 4767 Eustatliium
941 4710 1012 4766 ita
1052 4704 1290 4769 locutum
1326 4704 1506 4772 fuisSe.

638 4776 666 4865 ξ)
693 4778 916 4865 ‘et
940 4780 1091 4865 Colb.
1121 4785 1342 4865 primus,
1372 4788 1622 4865 perﬁciet.
1652 4789 1803 4846 Alter
1822 4791 1998 4861 Colb.,
2024 4813 2155 4865 pra:-

570 4847 725 4932 ﬁoiet.
772 4849 935 4932 vetus
974 4847 1157 4932 noster
1197 4847 1631 4932 liber','proﬁciet
1657 4878 1675 4915 :
1704 4847 2150 4931 quarum—vocum

568 4918 715 5001 nulla
742 4921 1231 5001 verbumGrammn
1260 4918 1405 4984 bene
1424 4918 1649 5001 exprimi
1676 4918 2152 4993 consitat.iEten—im

568 4988 1193 5076 Σωωωιθτάττέιέαιν
1210 5013 1331 5076 ii“?
1372 4988 1539 5076 “mli?
1572 5000 1822 5076 Basilius.
1847 4988 2150 5076 laniati];

719 5058 983 5149 redditum
1037 5057 1225 5122 fuisset
1243 5057 1255 5067 ’
1279 5069 1635 5149 destinabitur.
1658 5057 1667 5059 ἡ
1689 5057 2003 5146 Aiiﬁhia‘di‘é'
2030 5057 2155 5149 ᾖξε

567 5125 741 5208 Colb;
755 5133 1038 5208 secundus,
1058 5152 1191 5208 nam
1219 5141 1355 5208 quod
1378 5125 1667 5199 senescente
1686 5125 1767 5200 ea.

645 5213 667 5239 ο
699 5200 859 5276 Editi,
890 5200 1095 5275 quando
1137 5200 1390 5276 rotunda;
1421 5213 1511 5267 sed
1544 5214 1749 5270 schema
1775 5227 1872 5272 est.
1902 5217 1971 5273 At
1994 5217 2148 5276 Colb.

568 5274 850 5348 secundus,
885 5274 1106 5332 rotunda
1132 5274 1411 5336 secundum
1437 5284 1641 5339 schema
1670 5296 1744 5340 est
1775 5304 1793 5341 :
1824 5274 2152 5348 conveniet;-

569 5342 863 5428 ter1G‘rzeco
892 5352 1022 5404 κατὰ
1049 5352 1105 5428 rc}
1131 5360 1337 5423 σχῆμα.
1368 5349 1567 5428 Ibidem
1594 5353 1750 5428 _Colb.
1780 5342 2152 5428 secundumex

566 5414 814 5496 colerere
840 5414 1261 5496 quo'tenebros'us
1288 5434 1383 5478 est.
1406 5423 1642 5496 Subinde
1672 5444 1797 5483 mss.
1826 5414 2152 5496 (indeii);

577 5485 887 5557 miaidicas.
916 5488 1118 5547 Vocula
1148 5502 1196 5546 et
1223 5494 1275 5548 in
1298 5496 1455 5551 editis
1482 5485 1898 5557 desiderabatur.

640 5553 667 5645 (ξ
877 5560 979 5645 tale
994 5565 1213 5635 quidem.
1234 5564 1453 5645 Antiqui
1474 5568 1580 5624 duo
1604 5553 1747 5645 libri,
1763 5553 1869 5645 (At?
1883 5553 2148 5645 quiddam.

644 5627 879 5722 fidei:
902 5627 1404 5722 ξιςτζὶιηιιιξιελωιξαέᾶ
1433 5655 1588 5722 ³.(λυίέ
1621 5627 1748 5722 quid
1787 5627 2152 5722 διίεῖιὲιιεξδῖόί

568 5703 757 5785 possit,
776 5716 883 5781 non
904 5703 1080 5785 video.
1100 5703 1320 5783 Antiqui
1342 5718 1450 5765 tres
1471 5703 1609 5775 libri,
1634 5703 1916 5785 iterumque
1934 5715 2147 5785 induta:

569 5781 729 5853 quam
758 5780 1074 5853 scripturam
1103 5780 1284 5853 veram
1307 5793 1425 5853 esse
1454 5788 1507 5833 et
1538 5780 1822 5850 genuinam
1834 5780 2055 5845 constat
2081 5783 2146 5853 ex

568 5844 683 5902 illo,
712 5844 798 5895 καὶ
824 5844 969 5899 πάλιν
991 5848 1415 5918 ἐπααφιαζομένη.
1543 5844 1563 5850 ⁷
1948 5844 1973 5865 ⁷

2181 4517 2230 4583 D
2258 4522 2404 4573 terna
2424 4516 2785 4570 contrarietate
2805 4514 3028 4570 destitit.
3054 4514 3205 4570 Alter
3222 4514 3377 4575 Colb.
3400 4526 3462 4573 ut
3488 4519 3543 4575 in
3564 4536 3679 4576 con

2256 3362 2386 3421 illud
2424 3361 2805 3424 asserentibus,
2847 3359 2975 3429 quia
3025 3356 3244 3428 quando
3288 3355 3533 3428 perfecta
3574 3364 3664 3412 est
3704 3356 3848 3421 hara,

2253 3455 2432 3512 noctis
2469 3454 2677 3510 obtinet
2713 3452 3093 3524 principatum,
3132 3450 3356 3521 proprio
3396 3462 3668 3521 superans
3708 3456 3853 3506 asta

2234 3548 2499 3616 fulgore,
2560 3554 2870 3613 terramque
2924 3541 3296 3614 perlustrans;
3352 3541 3619 3612 temporis
3670 3549 3855 3599 sitan

2254 3653 2561 3696 mensuram
2588 3636 2867 3707 arqualiter
2887 3650 3011 3691 cum
3039 3634 3157 3691 sole
3183 3633 3429 3706 partitur.

2328 3732 2383 3788 4.
2420 3730 2492 3787 Et
2527 3732 2653 3799 sint,
2683 3730 2875 3799 inquit,
2902 3730 2959 3784 in
2984 3730 3171 3802 signis,
3194 3737 3245 3783 et
3265 3729 3319 3783 in
3343 3727 3674 3797 temporibus,
3692 3735 3751 3781 es
3772 3729 3837 3782 ὁ,

2258 3824 2456 3889 diebus,
2485 3832 2535 3879 et
2559 3825 2615 3880 in
2636 3824 2809 3878 annis.
2837 3821 3182 3878 Necessarias
3211 3820 3363 3890 igitur
3384 3818 3634 3873 humatio
3676 3817 3849 3888 vita,

2257 3916 2394 3973 sicut
2422 3916 2633 3985 longior
2655 3929 2783 3969 usus
2810 3914 2989 3978 docet,
3016 3913 3290 3982 signorum
3318 3910 3623 3966 potationes
3657 3917 3719 3964 es
3746 3910 3860 3969 οδ·-

2257 4007 2592 4066 servationes
2620 4006 2879 4071 invenies,
2909 4006 2953 4061 si
2975 4016 3155 4061 tamen
3178 4021 3289 4061 non
3313 4003 3540 4073 amplius
3560 4016 3661 4058 eas
3685 4017 3862 4074 quam

2259 4107 2478 4171 Oportet
2521 4098 2780 4168 inquiras.
2821 4096 2985 4152 Multa
3012 4096 3157 4151 enim
3183 4111 3347 4167 super
3370 4093 3564 4151 futuris
3590 4094 3866 4153 inibi-ilus

2266 4190 2284 4230 ί
2316 4206 2600 4263 possumus
2645 4190 2879 4255 discere;
2912 4189 3143 4261 plurima
3185 4202 3400 4260 quoque
3440 4188 3514 4244 de
3557 4190 3870 4261 vaporibus

2264 4293 2548 4351 terrarmn,
2574 4284 2914 4353 motibusque
2937 4266 3244 4349 ventorum,
3274 4297 3369 4339 seu
3400 4297 3501 4353 per
3545 4291 3741 4354 partes
3768 4300 3871 4342 ve-

2327 4442 2344 4482 τ
2376 4443 2517 4499 Editi
2546 4452 2601 4499 et
2622 4441 2776 4517 Colb.
2802 4445 3024 4517 primus,
3051 4462 3269 4517 quorum
3296 4455 3488 4517 nativa
3514 4456 3641 4505 tunc
3672 4453 3749 4507 ab
3776 4456 3866 4509 ut-

2258 4530 2404 4573 terna
2424 4530 2785 4570 contrarietate
2814 4530 3028 4570 aestim.
3054 4530 3205 4570 Alter
3222 4530 3377 4575 U011).
3400 4530 3462 4573 ut
3488 4535 3543 4575 tu
3564 4530 3867 4589 contextu.

2255 4584 2457 4661 Ibidem
2503 4586 2593 4661 ubi
2636 4587 2686 4641 in
2729 4586 2888 4661 editis
2924 4587 3120 4661 legitur
3160 4588 3782 4661 incomprehensibititer,
3814 4592 3873 4651 in

2248 4657 2658 4737 nostr-ignibus
2685 4658 2976 4737 codicibus
2996 4657 3257 4737 scriptum
3291 4658 3601 4737 invenimus

2255 4726 2575 4804 transibititer
2601 4744 2616 4781 :
2649 4744 2754 4804 qua
2790 4744 2857 4787 ex
2896 4726 3357 4804 interpretatione
3389 4731 3664 4802 suspicari
3716 4726 3872 4804 licet,

2255 4798 2435 4878 inepte
2475 4794 2682 4878 legisse
2706 4794 3067 4878 Eustathium:
3088 4801 3387 4878 ἀμέμπτως,
3419 4794 3543 4857 ουῑη
3575 4794 3878 4878 scripserii

2256 4868 2495 4941 Basilius
2510 4874 2756 4941 ἀμίκτοις.
2782 4871 2895 4927 sine
2908 4870 3269 4941 adnuntiare.

2326 4950 2350 4984 κ
2390 4939 2569 4995 Codex
2596 4957 2752 5009 unus,
2783 4940 2915 5007 quod
2945 4940 3081 4994 enim
3108 4950 3184 4995 est
3210 4939 3392 4995 umbra
3420 4942 3475 4996 in
3500 4954 3690 5000 nocte.
3733 4948 3865 5004 lex

2252 5010 2573 5085 editi.mane
2604 5012 2835 5085 tendens.
2862 5009 3467 5085 Libri__veteres,impe
3495 5016 3727 5085 quidem
3762 5028 3881 5075 ten-

2254 5080 2662 5155 dens._Subinde
2685 5083 2833 5148 editi,
2860 5080 3170 5141 meridianis
3188 5081 3351 5138 lteris.
3375 5080 3531 5140 Colb.
3558 5091 3878 5155 secundus,

2253 5152 2557 5207 meridianis
2585 5171 2638 5209 se
2658 5155 2818 5210 horis.

2325 5222 2351 5260 λι
2392 5221 2530 5279 Editi
2561 5233 2618 5281 et
2635 5224 2790 5298 Colb.
2816 5223 3040 5295 primus,
3069 5231 3147 5281 est
3166 5226 3476 5298 naturaliter
3498 5236 3731 5298 optata.
3768 5233 3876 5287 Alii

2253 5293 2359 5348 duo
2388 5310 2537 5361 mss,
2563 5291 2872 5377 naturaliter
2896 5301 2972 5350 est
2993 5302 3191 5365 aptata.
3224 5291 3431 5363 Graece,
3452 5291 3552 5360 τῆξ
3583 5302 3882 5377 ἄλλοτρώ-

2255 5385 2385 5425 σεως
2407 5370 2930 5427 κατασκευασθεὶς-πει
3608 5410 3617 5414 ο

2331 5433 2347 5472 ί
2392 5434 2554 5506 Editi,
2576 5454 2851 5509 possumus
2872 5437 3061 5492 dicere.
3084 5438 3305 5509 Antiqui
3331 5438 3439 5497 duo
3465 5439 3623 5509 libri,
3658 5445 3881 5501 discere

2250 5508 2629 5588 praesumenda
2649 5508 2859 5573 Gl‘iBCO,
2888 5511 3019 5588 deri
3039 5508 3241 5588 agatis.
3269 5509 3380 5565 Nec
3414 5510 3494 5565 ita
3520 5508 3719 5588 multo
3753 5526 3881 5588 post

2251 5577 2400 5643 editi,
2428 5578 2633 5650 placide
2672 5590 2795 5634 sunt
2819 5577 3047 5650 venturi.
3070 5580 3140 5636 At
3178 5580 3287 5637 duo
3334 5595 3464 5636 mss.
3493 5581 3728 5650 placide
3754 5577 3881 5643 ὀὐκ

2251 5646 2467 5726 uenturi.
2483 5646 2644 5726 Colb.
2669 5648 2956 5726 secundus,
2971 5660 3163 5726 atratus
3169 5651 3381 5707 uiolenti
3408 5646 3740 5726 “placidi,
3765 5669 3878 5715 etc.

2251 5716 2485 5803 subinde
2514 5719 2603 5803 ubi
2632 5721 2856 5803 legimus
2884 5716 3020 5775 etin
3041 5721 3405 5803 duobuslmss.
3426 5716 3565 5778 et'in
3594 5716 3879 5803 vulgati,

2246 5788 2391 5856 satis,
2423 5788 2619 5881 legitur
2645 5788 2703 5851 in
2725 5790 2880 5850 Colb.
2901 5794 3161 5859 secundo,
3188 5792 3378 5872 minus:

3372 5934 3395 5973 6
