4110 6336
249 321 355 376 925

1266 321 1662 377 HEXAEMERI
1703 321 2188 379 METAPHRASIS
2228 321 2432 377 LIBER
2473 324 2562 380 Vl.

249 439 637 504 nientium,seu
659 437 980 508 generaliter
1005 437 1202 507 ubique
1227 437 1564 508 spirantium,
1587 445 1641 490 et
1663 445 1841 490 utrum
1872 444 1925 502 Α
1947 438 2125 494 monis
2173 439 2474 495 inﬂectunt.
2520 439 2725 496 Ferunt
2774 435 2916 497 enim
2962 443 3131 499 vitam
3183 447 3422 502 nostram
3477 449 3546 502 de

248 532 534 598 violenter,
564 548 632 587 an
660 532 875 604 placide
903 533 1013 587 sint
1058 531 1287 587 venturi.
1323 529 1498 586 Unum
1551 531 1731 600 itaque
1777 544 1846 585 ex
1887 543 1892 550 '

203 645 206 652 ·
249 624 796 681 demonstrationibns
818 623 1048 679 habetur
1077 623 1270 687 solum,
1303 621 1454 692 quod
1481 621 1720 677 ostendit
1748 635 1849 676 no-

249 717 332 773 bis
369 717 645 783 Dominus,
677 715 861 772 dicens
890 716 1123 770 futuram
1153 723 1536 784 tempestatem
1567 727 1689 768 cum
1735 727 1848 768 cm-

251 813 360 868 lum
389 813 615 882 cmperit
640 812 798 881 igneo
847 811 1046 866 rubore
1096 809 1297 864 tristari
1338 807 1567 879 (Matth.
1614 821 1725 874 xvn,
1757 806 1845 874 5).

251 903 470 960 Nebulis
489 904 633 959 enim
662 902 1033 966 subeuntibus,
1064 899 1328 956 obfuscati
1367 898 1501 954 radii
1535 897 1696 952 rutilo
1725 911 1849 951 san-

249 996 556 1064 guineoque
577 995 762 1051 colore
777 1002 1105 1060 cernuntur;
1138 992 1278 1048 aeris
1308 989 1558 1046 videlicet
1579 989 1850 1044 densitate

253 1089 416 1144 talem
445 1089 683 1158 speciem
710 1088 909 1143 nostris
935 1087 1212 1142 obtutibus
1257 1085 1568 1149 exhibente,
1599 1084 1691 1154 qui
1718 1097 1849 1138 nec-

251 1181 378 1236 dum
407 1181 460 1236 vi
505 1181 703 1237 caloris
731 1195 1038 1250 expressus,
1073 1189 1099 1217 ι
1130 1188 1352 1250 propter
1379 1178 1696 1233 exhalantes
1724 1176 1851 1231 sub-

251 1276 379 1330 inde
421 1290 668 1346 vapores,
706 1284 762 1330 et
783 1274 1086 1343 augmentis
1107 1285 1364 1342 aquarum
1385 1271 1554 1338 magis
1573 1269 1851 1338 magisque

252 1377 556 1434 crassatus;
609 1369 964 1423 certissimam
1013 1371 1387 1436 tempestatem
1435 1361 1746 1431 regionibus
1795 1360 1850 1414 in

251 1463 444 1532 quibus
470 1462 632 1517 fuerit
668 1463 999 1529 glomeratus
1029 1461 1276 1514 intentat.
1305 1457 1571 1513 Similiter
1592 1455 1754 1510 etiam
1793 1454 1852 1508 llt

251 1553 467 1625 quando
488 1554 718 1608 habetur
746 1554 872 1607 luna
900 1549 1236 1618 circumﬂua,
1277 1550 1363 1604 vel
1391 1564 1513 1604 cum
1542 1548 1713 1603 solem
1741 1547 1851 1601 cir-

252 1644 589 1701 cumdederit
603 1661 727 1700 area
749 1661 868 1716 qua:
885 1651 1126 1709 vocatur,
1157 1642 1407 1698 nimirum
1431 1654 1690 1710 aquarum
1714 1639 1853 1694 mul—

256 1738 564 1804 titudinem,
595 1747 689 1792 aut
709 1747 992 1793 ventorum
1025 1735 1270 1792 fremitus
1294 1735 1508 1790 futuros
1547 1733 1846 1800 annuntiat,

1953 543 2104 586 motu
2125 533 2359 604 pendere
2390 534 2716 602 cmlestium;
2740 545 3026 609 propterea
3053 536 3288 594 Chaldaei
3309 541 3544 596 notatio-

1954 640 2052 680 nes
2081 633 2347 682 astrorum
2378 627 2448 682 ad
2471 641 2628 685 casus
2653 628 2920 685 humanos
2965 640 3210 686 asserunt
3249 633 3542 706 pertinere,

1952 717 2289 790 simplexque
2318 718 2518 775 dictum
2547 720 2837 793 Scripturze
2863 722 3007 792 quod
3035 723 3110 778 ait
3137 724 3191 778 in
3220 724 3406 794 signis,
3437 741 3545 784 non

1954 811 2021 866 ad
2044 813 2394 869 mutationem
2423 815 2676 872 videlicet
2697 817 2838 873 aeris
2868 818 2949 873 vel
2970 826 3276 889 temporum
3308 819 3542 890 qualita-

1954 909 2082 968 tem,
2115 903 2209 958 sed
2239 905 2304 959 ad
2326 915 2528 962 sortem
2557 907 2677 963 vita:
2699 907 3080 966 transferentes
3101 909 3363 975 humanm,
3386 916 3546 981 prout

1953 994 2055 1050 sibi
2084 996 2315 1064 videtur,
2346 1007 2658 1070 exponunt;
2691 1001 2933 1058 dicentes
2961 1002 3314 1072 quorumdam
3345 1003 3544 1058 discur-

1953 1086 2186 1142 rentium
2217 1088 2456 1144 siderum
2486 1093 2942 1163 complexionem,
2971 1110 3092 1150 cum
3122 1093 3188 1149 ad
3220 1095 3336 1150 illas
3366 1096 3545 1150 stellas

1953 1194 2072 1249 qua:
2099 1181 2152 1234 in
2183 1181 2402 1236 zodiaco
2427 1193 2707 1239 moventur
2735 1186 2955 1254 circulo,
2982 1188 3027 1242 si
3052 1197 3074 1225 θ
3105 1188 3400 1244 secundum
3434 1189 3545 1246 tale

1953 1273 2101 1327 verbi
2131 1274 2299 1341 gratia
2329 1275 2544 1330 schema
2574 1277 2821 1348 coierint,
2846 1287 3051 1335 certam
3089 1281 3309 1350 genesin
3361 1282 3539 1338 solere

1957 1363 2240 1434 perﬁcere;
2274 1379 2564 1437 rursusque
2592 1369 2636 1422 si
2685 1369 2821 1424 alter
2848 1370 3061 1426 habitus
3104 1372 3312 1427 illarum
3364 1372 3544 1442 fuerit,

1955 1455 2224 1508 contraria
2254 1455 2470 1511 decreta
2501 1461 2794 1529 componit.
2831 1461 2904 1516 De
2945 1464 3136 1532 quibus
3166 1480 3274 1519 non
3304 1465 3406 1520 erit
3435 1466 3545 1520 l'or-

1957 1547 2115 1602 tassis
2145 1548 2348 1614 inutile,
2392 1549 2437 1603 si
2461 1551 2765 1619 aperienda:
2809 1555 3120 1623 qrtmstioriis
3160 1557 3352 1624 gratia,
3384 1558 3548 1629 paulo

1955 1641 2200 1710 superius
2227 1642 2457 1712 repetita
2487 1643 2626 1698 serie
2657 1645 2979 1699 narrationis
3001 1649 3271 1705 exordiar.
3296 1649 3426 1704 Dico
3454 1667 3548 1705 au-

1958 1742 2065 1788 tem
2092 1750 2198 1788 non
2220 1749 2396 1789 meum
2426 1735 2553 1805 quid
2585 1737 2878 1806 proprium,
2911 1737 3007 1792 sed
3032 1739 3409 1799 confutationis
3433 1744 3549 1798 illo-

254 1831 337 1885 vel
365 1847 488 1886 cum
519 1831 615 1888 visi
657 1831 800 1887 circa
844 1845 968 1886 eum
1018 1829 1215 1885 fuerint
1257 1828 1651 1892 discurrentes,
1686 1828 1720 1882 ii
1767 1825 1861 1897 qui
1896 1826 1936 1883 Β
1969 1841 2085 1879 rum
2115 1842 2295 1892 causa,
2328 1829 2438 1882 suis
2465 1835 2585 1882 utar
2613 1829 2799 1897 elogiis
2827 1848 2837 1882 :
2871 1838 2930 1884 ut
2958 1839 3011 1884 et
3033 1830 3069 1886 ii
3097 1832 3187 1902 qui
3216 1848 3398 1888 errore
3422 1851 3548 1903 pne-

253 1924 279 1964 δ
301 1925 444 1980 soles
474 1925 728 1980 contrarii
771 1925 1156 1980 nominantur:
1189 1922 1432 1992 profecto
1460 1938 1616 1978 casus
1641 1924 1852 1994 aliquos

252 2018 474 2073 aetherei
495 2025 698 2073 tractus
721 2018 1006 2072 imminere
1048 2016 1396 2086 portendunt.
1429 2015 1580 2072 Sicut
1607 2025 1663 2071 et
1693 2017 1852 2086 virgae

258 2110 364 2166 illa:
391 2124 513 2179 quae
543 2110 597 2163 in
627 2109 780 2164 iridis
805 2109 991 2163 colore
1038 2109 1137 2162 sub
1177 2109 1452 2162 matutinis
1480 2109 1711 2162 nubibus
1757 2124 1850 2162 os-

258 2204 573 2270 tenduntur,
603 2203 952 2258 vehementes
979 2201 1189 2272 pluvias
1235 2210 1290 2260 et
1318 2202 1604 2272 procellas,
1629 2207 1720 2254 aut
1747 2200 1850 2254 ali-

255 2312 419 2368 quam
471 2295 790 2353 omnimodo
853 2294 975 2350 cmli
1022 2295 1482 2366 perturbationem
1526 2292 1848 2361 signiﬁcant.

255 2388 491 2445 Plurima
520 2388 684 2444 etiam
714 2388 910 2442 indicia
939 2394 1220 2442 crescente
1239 2385 1325 2440 vel
1353 2393 1668 2440 senescente
1701 2386 1847 2450 luna,

253 2481 349 2550 qui
370 2480 496 2536 huic
525 2479 763 2534 scientia:
790 2479 1111 2534 studuerunt
1140 2485 1357 2531 notasse
1383 2475 1634 2531 dicuntur
1662 2494 1674 2528 :
1706 2490 1854 2531 asse-

255 2580 439 2628 rentee
464 2570 610 2640 quod
632 2584 728 2626 aer
752 2579 910 2625 terrm
930 2570 1228 2640 proximus,
1256 2570 1563 2624 necessario
1585 2584 1683 2639 pro
1714 2570 1852 2624 lunas

255 2663 619 2722 schematibus
665 2663 1118 2735 qualitatibusque
1162 2671 1423 2717 vertatur.
1457 2662 1588 2716 Nam
1647 2673 1668 2701 ο
1727 2678 1849 2716 cum

258 2757 421 2812 fuerit
443 2757 624 2821 tertia,
655 2757 700 2812 si
751 2757 965 2825 gracilis
1017 2763 1072 2809 et
1112 2755 1332 2808 minime
1360 2754 1615 2808 cornibus
1645 2754 1851 2809 obtusis

256 2857 546 2918 appareat,
587 2847 932 2902 serenitatem
969 2845 1217 2899 stabilem
1246 2844 1561 2912 firmamque
1589 2844 1848 2898 declarat.

255 2935 349 2992 Sin
373 2946 554 2992 autem
578 2936 900 3001 rubicunda,
934 2936 1253 3006 pinguisque
1279 2935 1536 2990 cornibus
1566 2935 1848 2997 habeatur,

255 3029 455 3085 imbres
503 3029 719 3095 nimios,
776 3029 1174 3098 australemque
1221 3027 1535 3100 violentiam
1592 3026 1846 3080 minatur.

257 3117 464 3176 Horum
487 3120 650 3188 igitur
678 3119 984 3174 observatio
1013 3125 1271 3188 quantum
1318 3115 1717 3171 commoditatis
1762 3116 1854 3170 im-

1959 1919 2101 1973 venti
2132 1928 2275 1984 sunt,
2311 1920 2547 1975 remedia
2578 1929 2855 1992 conceptae
2893 1922 3138 1978 lresionis'
3163 1925 3449 1994 accipiant,
3495 1937 3549 1982 et

1955 2014 2134 2068 czeteri
2166 2015 2436 2068 munimen
2467 2015 2702 2083 aliquod,
2738 2031 2805 2069 ne
2835 2015 3026 2072 sin'iilia
3079 2017 3365 2086 patiantur,
3401 2019 3548 2073 inve-

1958 2106 2126 2160 niant.
2153 2105 2480 2176 Repertores
2506 2107 2668 2176 igitur
2711 2109 3010 2175 genesiacu:
3033 2111 3257 2165 rationis
3278 2110 3546 2167 diuturni-

1957 2204 2066 2251 tate
2083 2199 2338 2266 temporis
2367 2198 2596 2267 experti,
2621 2199 2766 2270 quod
2789 2215 2882 2254 eos
2902 2200 2968 2254 de
2991 2202 3355 2257 schematibus
3379 2206 3548 2260 multa

1955 2288 2252 2355 diﬂ‘ugiant,
2286 2289 2337 2343 in
2379 2298 2661 2358 angustum
2719 2292 2934 2362 penitus
2987 2294 3243 2362 temporis
3288 2295 3549 2364 redegere

1956 2395 2280 2445 mensuram,
2341 2389 2401 2434 ut
2445 2381 2606 2436 etiam
2655 2382 3015 2438 minutissimo
3059 2385 3357 2451 intervallo,
3411 2388 3549 2443 sicut

1955 2469 2086 2527 dicit
2140 2472 2429 2542 Apostolus
2465 2491 2476 2526 :
2512 2473 2577 2527 In
2607 2482 2884 2538 momento,
2919 2485 2968 2528 et
3002 2476 3055 2528 in
3095 2485 3284 2546 puncto
3329 2477 3392 2549 (1
3425 2476 3545 2538 Cor.

1958 2580 2042 2621 xv.
2070 2561 2179 2630 ΒΞ),
2207 2578 2396 2632 magna
2420 2565 2490 2631 sit
2517 2561 2537 2602 ί
2562 2565 2703 2618 inter
2725 2566 2965 2633 genesim
2986 2569 3332 2637 genesimque
3351 2569 3548 2626 distan-

1954 2655 2046 2719 tia,
2077 2663 2384 2710 asserentes
2410 2655 2553 2724 quod
2586 2656 2675 2710 ille
2702 2657 2793 2726 qui
2822 2665 2980 2712 natus
3009 2667 3090 2714 est
3120 2659 3171 2713 in
3215 2659 3322 2716 hoc
3344 2669 3547 2732 puncto

1952 2766 2048 2805 rex
2077 2751 2179 2804 erit
2207 2750 2446 2817 gentium
2489 2752 2844 2822 princepsque
2883 2754 3224 2823 populorum,
3256 2757 3545 2812 maximam

1952 2843 2249 2912 potentiam
2279 2842 2581 2911 multasque
2609 2843 2822 2897 divitias
2845 2844 3164 2910 sortiturus;
3205 2860 3329 2900 eum
3368 2855 3546 2902 autem
3599 2887 3611 2904 ε

1952 2935 2044 3002 qui
2071 2934 2121 2986 in
2153 2933 2244 2987 illo
2273 2941 2548 2986 momento
2575 2941 2788 2987 creatus
2809 2942 2910 2999 est,
2934 2933 3257 3002 mendicum,
3283 2946 3546 3007 etvagum

1954 3026 2096 3091 fore,
2129 3024 2546 3095 quotidianique
2575 3025 2746 3081 victus
2775 3041 2958 3094 causa,
2989 3027 3322 3084 diversorum
3353 3029 3548 3100 januas

1956 3118 2248 3173 obiturum.
2280 3117 2405 3172 Ideo
2437 3133 2671 3189 namque
2693 3119 2952 3174 circulum
2993 3122 3083 3191 qui
3107 3121 3330 3191 signifer
3357 3125 3548 3195 appel-

256 3211 465 3284 pendat
490 3212 820 3277 hominibus,
843 3211 965 3281 quis
1004 3211 1252 3279 ignorat?
1282 3207 1516 3266 Possunt
1540 3209 1684 3264 enim
1707 3209 1857 3265 navi—
1883 3200 1928 3262 C
1961 3212 2103 3267 latnr
2123 3213 2175 3266 in
2219 3222 2243 3258 κ
2265 3211 2548 3267 duodecim
2593 3214 2834 3283 partibus
2863 3215 3132 3283 dividunt;
3181 3219 3436 3287 quoniam
3467 3220 3549 3280 sol

259 3305 437 3376 gaturi
462 3305 604 3360 intra
630 3313 848 3375 portum
877 3304 1112 3360 retinere
1138 3303 1386 3369 classem,
1415 3302 1591 3358 futura
1614 3302 1854 3374 pericula

260 3396 672 3468 prarvidentes;
722 3395 900 3451 viator
937 3397 1064 3451 item
1113 3403 1304 3453 cautus
1350 3393 1573 3456 allectus
1627 3409 1695 3452 ex
1734 3395 1855 3451 cmli

258 3489 500 3556 tristitia,
532 3488 932 3559 tranquillitatis
973 3497 1183 3558 tempus
1211 3495 1528 3558 exspectat;
1559 3488 1854 3556 agriculto-

259 3595 349 3637 res
376 3595 595 3651 quoque
614 3580 910 3635 seminibus
931 3589 985 3636 et
1000 3580 1194 3650 plantis
1220 3580 1503 3636 sollicitam
1522 3581 1853 3648 diligentiam

259 3671 686 3741 eommodantes,
708 3689 775 3728 ex
793 3675 1106 3730 memoratis
1131 3675 1381 3730 instructi
1407 3675 1572 3743 signis
1583 3683 1847 3744 opportu-

256 3767 487 3822 nitatem
516 3780 809 3834 congruam
845 3767 1239 3836 prmstolantur.
1289 3765 1448 3832 Quid,
1478 3767 1622 3834 quod
1649 3764 1675 3803 ἀ
1699 3766 1849 3844 solu-

256 3859 424 3915 tionis
451 3858 615 3914 etiam
646 3873 826 3913 rerum
849 3860 1086 3914 omnium
1117 3859 1170 3913 in
1197 3859 1334 3923 sole,
1365 3858 1596 3927 lunaque
1621 3867 1676 3913 et
1718 3859 1852 3914 stel-

256 3951 360 4014 lis,
391 3949 611 4006 visenda
663 3949 906 4020 prodigia
957 3950 1216 4006 Dominus
1263 3949 1576 4019 praedicavit
1620 3950 1848 4006 dicens:

254 4045 356 4100 Sol
383 4051 608 4099 vertetur
633 4045 690 4098 in
737 4043 1060 4115 sanguinem,
1093 4052 1141 4098 et
1181 4045 1307 4098 luna
1346 4061 1450 4099 non
1497 4043 1640 4097 dabit
1691 4045 1854 4100 lucent

254 4154 410 4194 suam
460 4137 617 4208 (Joel.
651 4153 720 4202 ιι,
751 4136 814 4190 51
846 4153 859 4201 ;
889 4138 1004 4191 Act.
1037 4153 1094 4202 ιι,
1126 4135 1467 4206 Q0).'Verum
1517 4136 1632 4191 haec
1660 4136 1854 4192 indicia

253 4238 389 4287 sunt
418 4209 702 4284 mundana:
730 4229 1242 4294 consummationis,
1270 4236 1328 4283 ut
1348 4227 1598 4283 diximus.

335 4319 386 4377 5.
419 4320 528 4377 Sed
561 4321 636 4376 illi
661 4323 755 4392 qui
785 4322 922 4376 ultra
970 4319 1166 4377 fossam
1215 4321 1384 4378 saltus
1421 4337 1551 4376 suos
1590 4329 1856 4376 conantur

254 4413 578 4482 extendere,
605 4413 673 4469 ad
701 4415 965 4470 rationem
985 4414 1196 4482 genesis
1223 4427 1436 4470 cursum
1457 4412 1720 4483 propositi
1742 4427 1857 4468 ser-

1960 3321 2059 3376 per
2104 3304 2319 3372 triginta
2369 3302 2487 3359 dies
2529 3305 2802 3373 egreditur
2861 3306 3237 3363 duodecimum
3288 3307 3315 3346 ¹³
3373 3311 3548 3368 locum

1957 3401 2212 3469 sphaerae,
2260 3399 2377 3468 ejus
2418 3413 2538 3469 quae
2575 3401 2820 3468 ἀπλανὴς,
2857 3400 2907 3455 id
2936 3411 3038 3470 est,
3075 3403 3375 3458 inerrabilis
3407 3401 3552 3459 voci:

1961 3498 2124 3545 tatur.
2158 3489 2225 3544 Et
2265 3505 2452 3545 rursus
2498 3491 2920 3563 unumquodque
2962 3495 3260 3548 membrum
3317 3496 3547 3566 partium

1961 3583 2286 3636 tricenarum
2327 3596 2429 3652 per
2465 3582 2638 3652 spatia
2679 3581 2928 3638 duodena
2970 3584 3242 3640 deducunt
3274 3603 3287 3639 :
3319 3602 3547 3656 quorum

1957 3674 2195 3743 singulas
2210 3674 2402 3728 iterum
2426 3674 2768 3744 portionesin
2785 3675 2888 3730 alia
2910 3676 3186 3744 sexaginta
3203 3676 3546 3745 distribuunt,

1959 3783 2254 3839 eorumque
2303 3771 2584 3839 sexaginta
2614 3771 2859 3838 sexagies
2883 3773 3165 3842 portiones
3207 3784 3547 3830 enumerant.

1957 3858 2275 3929 Huiusmodi
2322 3875 2452 3929 ergo
2505 3863 2843 3916 nascentium
2881 3864 3120 3930 genesim
3171 3864 3548 3934 disponentes,

1960 3951 2235 4007 videamus
2262 3951 2306 4006 si
2325 3961 2552 4021 possunt
2581 3953 2718 4007 hanc
2741 3953 3115 4016 subtilitatem,
3158 3954 3256 4010 sub
3287 3957 3547 4026 temporis

1958 4043 2296 4100 dimensione
2321 4061 2557 4101 servare.
2590 4045 2715 4100 Mox
2741 4047 2886 4101 enim
2917 4055 2976 4100 ut
3021 4046 3197 4102 infans
3225 4049 3547 4117 processerit

1959 4151 2024 4191 ex
2057 4144 2230 4201 utero,
2256 4137 2521 4206 speculari
2551 4153 2772 4193 necesse
2793 4146 2874 4192 est
2904 4139 3248 4194 obstetricem
3269 4154 3388 4209 quae
3409 4139 3546 4195 dicat

1955 4244 2092 4299 puer
2116 4229 2185 4282 sit
2213 4242 2280 4282 an
2310 4229 2486 4298 puella
2513 4229 2658 4298 quod
2709 4238 2890 4283 natum
2925 4237 3039 4294 est,
3071 4237 3124 4285 et
3154 4237 3432 4301 exspectat
3459 4245 3549 4284 va-

1957 4320 2126 4388 gitum
2153 4333 2262 4388 quo
2290 4320 2469 4390 capiat
2498 4320 2703 4390 parvuli
2754 4319 2981 4375 viventis
3023 4319 3298 4376 indicium.
3338 4319 3548 4388 Quanta

1967 4413 2047 4467 vis
2083 4412 2211 4467 dum
2241 4413 2355 4468 haec
2383 4423 2630 4482 aguntur,
2661 4413 2907 4482 sexagies
2953 4413 3104 4472 dicas
3148 4415 3405 4473 transisse
3433 4429 3554 4470 mos

337 4692 362 4721 ⁸
406 4682 549 4743 Editi
571 4691 626 4738 et
645 4683 751 4737 duo
771 4697 926 4748 mss.,
955 4682 1265 4754 exaltantes,
1284 4691 1554 4754 corrupte.
1584 4684 1653 4736 At
1675 4698 1858 4738 emeu-
1884 4684 1938 4745 D
1983 4753 1990 4754 γ
2037 4692 2059 4720 θ
2090 4681 2245 4748 Editi,
2279 4685 2323 4736 si
2346 4684 2465 4737 tale.
2491 4683 2708 4754 Antiqui
2735 4683 2841 4737 duo
2865 4682 3006 4754 libri,
3039 4683 3083 4735 si
3109 4679 3388 4754 secundum
3415 4688 3543 4754 tate.

255 4756 392 4811 date
436 4755 695 4824 scriptum
744 4754 1041 4808 invenimus
1098 4754 1151 4808 in
1199 4752 1354 4808 Colb.
1387 4752 1644 4819 secundo,
1695 4755 1858 4808 exha—

254 4827 454 4883 (antes.

338 4895 366 4934 δ
408 4894 590 4952 Codex
618 4911 755 4952 unus
773 4910 894 4950 cum
924 4894 1082 4950 editis
1125 4897 1248 4950 solis
1277 4897 1547 4952 contrarii.
1580 4895 1680 4949 Alii
1727 4897 1857 4961 duo,

253 4967 398 5025 soles
425 4967 696 5022 contrarii.
1327 5003 1340 5012 .

343 5048 365 5077 ε
397 5037 539 5094 Editi
565 5053 682 5092 cum
729 5036 882 5107 fuerit
909 5045 1060 5089 tersa.
1093 5034 1236 5088 Libri
1273 5044 1514 5107 veteres,
1545 5052 1658 5088 cum
1705 5037 1858 5107 fuerit

259 5109 442 5176 tertia,
469 5110 542 5165 ita
590 5103 839 5176 exigente
885 5114 939 5160 et
967 5121 1150 5174 sensu,
1179 5114 1234 5160 et
1261 5103 1454 5161 Grasco
1509 5111 1627 5178 περὶ
1675 5103 1847 5183 spiens

257 5202 563 5316 ημείέἀίῑί,
595 5248 893 5304 solutiones.
925 5247 1330 5319 Codexugster
1353 5256 1408 5302 et
1449 5248 1600 5302 Colb.
1629 5264 1853 5319 primus,

256 5321 564 5389 solutionis,
619 5321 778 5385 bene,
833 5335 955 5373 cum
999 5317 1138 5388 apud
1187 5316 1438 5372 Basilium
1469 5316 1730 5387 legamus,
1765 5329 1854 5380 τῆς

261 5395 613 5453 διαλύσεως...
643 5401 849 5462 σημεῖα,
880 5389 1148 5444 solutionis
1175 5389 1344 5462 signa.
1372 5390 1521 5445 Alter
1546 5406 1676 5444 vero
1697 5391 1849 5445 Colb.

263 5467 348 5521 ita
375 5463 554 5526 habet,
589 5460 908 5526 diligentiam
956 5460 1281 5515 commodam
1328 5478 1392 5515 ea;
1434 5464 1729 5516 memoratis
1769 5463 1852 5514 in-

260 5533 653 5605 otrugtionibus.
687 5531 756 5587 Et
771 5535 1077 5605 jam_rerum
1100 5533 1326 5586 omnium
1349 5532 1558 5605 ingsole,
1577 5541 1681 5588 etc.
1698 5531 1851 5605 Quod

264 5605 342 5661 ad
369 5601 613 5660 Grmcum
633 5601 846 5673 quidem
878 5602 1081 5657 facilius
1107 5603 1503 5666 accommodari
1530 5611 1722 5672 potest,
1756 5603 1851 5662 ἤδη

265 5678 331 5736 δὲ
361 5680 443 5731 καὶ
475 5694 487 5728 :
521 5674 615 5729 sed
667 5691 732 5729 eo
784 5676 834 5727 in
865 5673 998 5726 libro
1047 5690 1149 5727 vox
1197 5674 1466 5728 solutionis
1495 5673 1849 5728 desideratur.

263 5745 462 5802 Codex
483 5753 686 5811 noster,
718 5745 1098 5815 prmstolantur,
1133 5744 1380 5813 siquidem
1407 5745 1677 5800 solutionis
1746 5754 1849 5798 etc.

267 5817 474 5877 Statim
501 5833 628 5880 niss.
658 5815 784 5883 duo,
813 5814 1028 5870 videnda
1057 5815 1309 5888 prodigia.

1963 4753 2165 4821 Graice,
2199 4747 2325 4810 κὰτά
2367 4753 2556 4809 τοιόνδε
2609 4747 2816 4822 ᾰχῆμα.
2871 4750 3254 4822 Statini_editi,
3280 4749 3327 4803 si
3369 4747 3544 4822 aliyr.

1964 4824 2116 4880 Colb.
2149 4817 2436 4887 secundus,
2490 4824 2534 4876 si
2579 4817 2732 4875 altar.
2773 4821 3008 4876 Subinde
3049 4818 3205 4875 Colb.
3259 4817 3546 4890 secundus,

1963 4897 2118 4964 repeti
2119 4905 2230 4964 tam
2259 4895 2459 4946 seriem.

2040 4965 2058 5004 ί
2095 4963 2255 5027 Editi,
2286 4964 2419 5016 inter
2449 4963 2605 5033 gesim
2630 4962 2951 5033 genesimque
2971 4962 3234 5033 distantia.
3268 4959 3433 5016 Vetus
3461 4960 3547 5017 hic

1964 5042 2148 5106 noster
2177 5035 2327 5096 liber,
2350 5032 2486 5086 inter
2506 5034 2729 5103 genesim
2744 5035 3063 5106 genesimque
3081 5032 3350 5097 distantia,
3372 5038 3539 5087 recte.

1963 5104 2018 5159 In
2049 5120 2244 5177 graeco,
2275 5107 2621 5177 7iv~56€t»ﬁp"i§
2657 5107 2864 5177 γένεσιν.

2035 5171 2073 5224 ε’
2093 5171 2308 5244 Antiqui
2337 5175 2444 5230 duo
2475 5171 2595 5229 libri
2622 5171 2744 5230 cum
2773 5175 2960 5238 editis,
2994 5175 3048 5228 in
3075 5173 3343 5244 duodecim
3370 5171 3534 5238 parti-

1958 5247 2068 5301 bus.
2096 5239 2263 5307 Alius,
2297 5249 2350 5299 in
2381 5245 2647 5299 duodecim
2693 5256 2880 5315 partes.
2909 5245 3061 5315 Quod
3089 5243 3257 5310 magis
3285 5239 3535 5315 idoneum

1959 5333 2077 5373 esse
2105 5332 2211 5371 non
2240 5315 2500 5381 difﬁteor;
2543 5315 2640 5372 sed
2662 5309 2770 5372 non
2802 5309 3081 5371 inde'eﬂici
3110 5309 3260 5370 nuto.
3285 5318 3344 5364 ut
3372 5309 3544 5364 malus

1958 5389 2188 5458 scriptor
2216 5387 2525 5442 Eustathius
2557 5387 2627 5440 ita
2651 5386 2940 5458 scripserit.

2033 5453 2257 5526 ll'Editi,
2312 5459 2478 5514 locum
2514 5460 2656 5530 terra.
2698 5453 2880 5530 Codex
2930 5461 3160 5530 noster,
3197 5454 3365 5506 locum
3411 5453 3540 5522 fere.

1957 5529 2110 5586 Colb.
2142 5524 2544 5600 primus,locmn
2572 5530 2700 5596 fore.
2727 5527 2876 5581 Alter
2922 5524 3099 5589 Colb.,
3142 5525 3309 5600 locum
3337 5536 3502 5600 spera:
3522 5534 3544 5574 :

1958 5618 2075 5670 quas
2099 5591 2362 5672 scriptura
2389 5602 2457 5654 ita
2485 5591 2737 5665 corrupta
2766 5605 2865 5672 est,
2894 5604 2951 5650 ut
2972 5595 3247 5672 emendari
3276 5591 3421 5672 nullo
3449 5606 3543 5645 ne-

1957 5663 2105 5740 gotio
2133 5663 2316 5743 possit.
2350 5671 2512 5743 Igitur
2533 5683 2629 5738 pro
2648 5663 3126 5743 spei-relegendum
3157 5673 3238 5721 est
3279 5663 3497 5743 sphazrw
3523 5676 3544 5717 :

1961 5737 2104 5814 Quod
2135 5737 2256 5798 cum
2304 5737 2632 5814 satis_pct_'_se
2664 5739 3001 5814 perspicuum
3033 5737 3122 5801 sit,
3154 5737 3324 5806 magis
3366 5742 3544 5790 tamen

1964 5811 2309 5870 conﬁrmatur
2337 5829 2404 5868 ex
2433 5811 2700 5867 Basiliano
2726 5811 2841 5879 illo,
2881 5812 3114 5885 σφαίρας.
