4110 6336
549 386 658 446 927
1184 432 1211 456 ,

549 503 752 556 menta.
785 493 1020 567 altaque
1063 494 1194 552 dum
1220 494 1597 552 manifestatur
1634 492 1810 550 editus
1848 505 1985 562 puer
2024 504 2142 544 ma-
2168 487 2223 550 Α

551 590 866 659 thematico,
890 597 1092 662 quanta
1119 588 1345 645 dicimus
1370 588 1556 658 elapsa
1602 601 1722 643 esse
1748 592 1949 656 puncta
1966 624 1981 650 ,
2012 582 2144 638 dum

550 685 726 741 media
756 698 1012 755 responsa
1044 682 1360 739 redduntur.
1381 682 1537 751 Quod
1558 681 1658 738 etsi
1679 680 1969 748 contigerit
1989 686 2145 734 extra

548 779 694 835 fores
715 778 947 835 cubiculi
971 783 1117 834 stare
1144 792 1268 834 eum
1287 777 1382 848 qui
1413 776 1683 834 nascentis
1697 775 1888 832 horam
1917 773 2142 842 colligit,
2186 828 2196 840 η

549 877 768 941 oportet
793 869 997 924 visitari
1015 867 1355 934 laterculum,
1387 875 1441 924 ul
1477 867 1781 937 diligenter,
1811 873 1867 921 et
1894 865 2011 921 sine
2034 864 2142 920 ulla

551 961 952 1032 intermissione
979 960 1232 1016 calculari
1262 959 1435 1032 possit
1473 975 1661 1015 cursus
1694 958 1972 1024 horarum,
2027 955 2145 1012 sive

549 1055 726 1111 diurni
756 1052 974 1119 fuerint,
998 1054 1112 1110 sive
1143 1054 1410 1112 nocturni.
1445 1052 1776 1121 Quantorum
1799 1051 1961 1120 igitur
1982 1065 2141 1106 sexa-

549 1145 879 1218 gesimorum
892 1161 1167 1213 numerus,
1187 1160 1254 1201 eo
1275 1145 1392 1216 ipso
1409 1153 1652 1216 tempore
1662 1143 1983 1215 praeteriisse
1993 1150 2147 1212 puta-

550 1240 732 1297 bitur?
760 1239 992 1297 Necesse
1013 1247 1096 1296 est
1125 1239 1271 1294 enim
1300 1246 1358 1294 ut
1387 1238 1688 1294 inveniatur
1707 1236 1881 1303 stella,
1896 1251 2016 1307 quae
2030 1251 2143 1292 non

549 1331 726 1388 solum
751 1330 806 1385 in
833 1337 998 1400 quota
1025 1337 1181 1400 parte
1201 1329 1508 1385 duodecimi
1537 1327 1728 1400 spatii,
1769 1327 1865 1383 sed
1894 1325 2059 1382 etiam
2084 1327 2142 1381 in

550 1433 720 1495 quoto
748 1430 950 1494 puncto
970 1421 1262 1478 duodecies
1289 1421 1476 1477 divisae
1505 1419 1770 1492 portionis
1807 1420 2027 1487 assistit,
2051 1420 2142 1476 vel

549 1517 732 1590 potius
762 1517 814 1571 in
842 1524 1011 1586 quoto
1040 1525 1316 1572 momento
1345 1517 1802 1584 sexagesimorum
1849 1516 2137 1585 reperitur,

551 1609 608 1664 in
637 1609 831 1679 quibus
851 1607 1082 1663 diximus
1101 1607 1442 1664 decretorum
1471 1616 1674 1664 sortem
1694 1608 1860 1664 fuisse
1888 1608 2135 1675 divisam,

552 1709 724 1757 autut
752 1699 972 1758 omnino
1000 1699 1198 1756 veritas
1255 1701 1575 1770 inquiratur,
1620 1701 1674 1756 in
1723 1709 1892 1771 quoto
1947 1716 2138 1756 eorum

551 1793 1008 1863 sexagesimorum
1037 1799 1271 1859 ostento,
1296 1808 1414 1864 qum
1443 1809 1473 1848 a
1494 1793 1684 1864 primis
1709 1801 1835 1848 sunt
1862 1792 2138 1862 sexagesi-

550 1887 653 1942 mis
693 1884 719 1924 ὃ
741 1893 1010 1957 reparata.
1042 1885 1243 1942 Verum
1292 1887 1451 1942 istam
1475 1887 1555 1943 sic
1596 1889 1957 1956 enucleatam,
1979 1897 2036 1944 et
2063 1889 2147 1944 in-
2178 1886 2227 1948 Β

550 1980 1100 2052 comprehensibilem
1120 1982 1383 2052 temporis
1419 1982 1808 2049 inventionem,
1841 1983 1896 2037 in
1923 1982 2145 2051 singulis

550 2073 851 2144 quibusque
892 2073 1124 2144 planetis
1169 2072 1308 2142 fieri,
1364 2074 1730 2130 necessarium
1768 2091 1887 2132 esse
1942 2074 2146 2130 conﬁr-

550 2174 702 2222 mant
734 2184 746 2220 :
772 2174 830 2221 ut
849 2174 1172 2237 agnoscatur
1189 2167 1406 2237 qualem
1432 2167 1674 2223 habitum
1702 2167 1930 2235 gesserit
1960 2167 2148 2223 adver-

551 2275 644 2316 sus
665 2258 922 2315 erraticas
946 2258 1154 2324 stellas,
1177 2259 1265 2314 vel
1293 2259 1454 2329 quale
1475 2259 1615 2314 inter
1629 2274 1689 2337 se
1707 2259 1933 2315 schema
1965 2268 2149 2315 tenue-

551 2353 684 2422 rint,
705 2368 830 2409 cum
859 2359 1171 2408 nasceretur
1189 2351 1504 2410 infantulus.
1533 2352 1666 2408 Nam
1685 2355 1731 2408 si
1758 2354 1892 2410 hora
1920 2354 2150 2412 sollicite

463 2457 466 2466 '
553 2460 663 2502 non
694 2443 854 2500 fuerit
879 2445 1166 2514 custodita,
1190 2448 1586 2518 contigeritque
1612 2448 1701 2504 vel
1720 2448 1992 2504 modicum
2019 2449 2149 2521 quid

553 2535 623 2592 de
651 2535 741 2591 illa
769 2536 1115 2592 subtilissima
1162 2539 1376 2594 ratione
1421 2539 1658 2595 mutari:
1688 2556 1909 2611 prorsus
1955 2541 2148 2596 obser-

554 2629 699 2684 vatio
729 2635 844 2684 tota
888 2628 1251 2685 confunditur.
1297 2629 1435 2686 Sunt
1489 2632 1706 2702 quidem
1735 2635 1849 2688 risu
1882 2633 2030 2704 digni
2057 2635 2150 2704 qui

555 2719 714 2790 hujus
743 2720 1136 2791 inexplicabilis
1183 2722 1479 2794 disciplina:
1532 2724 1724 2781 studiis
1768 2734 2146 2782 vacaverunt:

555 2813 652 2870 sed
681 2813 854 2870 multo
881 2815 1056 2884 magis
1084 2816 1162 2871 illi
1203 2817 1296 2887 qui
1343 2817 1553 2874 avidius
1575 2819 1629 2874 in
1650 2834 1747 2875 eos
1770 2820 1998 2888 inhiant,
2028 2829 2147 2877 tan-

555 2919 715 2975 quam
743 2905 975 2962 scientes
1003 2908 1223 2980 aliquid.

571 2993 575 2997 ’
627 2995 680 3050 6.
721 2995 910 3068 Itaque
938 2999 1118 3056 solent
1144 3011 1390 3070 eventus,
1423 3014 1478 3062 et
1499 3005 1704 3076 effigies
1721 3023 1940 3081 quoque
1968 2995 2155 3082 prEcdi-

556 3103 684 3146 cere
706 3090 1060 3160 singulorum,
1090 3094 1431 3156 declarantes
1459 3100 1611 3155 illum
1641 3102 1820 3174 crispo
1845 3103 2040 3175 capillo
2067 3106 2152 3161 fu-

560 3189 738 3236 turum
767 3194 821 3238 et
847 3183 1114 3263 alacrem;
1147 3191 1401 3258 quoniam
1431 3193 1485 3248 in
1526 3195 1696 3252 ariete
1724 3199 1903 3266 posita
1929 3209 2012 3255 est
2038 3201 2156 3270 ejus

558 3273 723 3341 hora,
756 3275 878 3329 talis
907 3277 1052 3332 enim
1095 3281 1307 3350 species
1346 3291 1430 3340 est
1477 3285 1597 3354 ejus
1625 3288 1904 3356 animalis;
1945 3267 2156 3362 eritque
2183 3267 2229 3330 Ο

558 3377 766 3431 magna:
792 3368 1070 3435 potentiae,
1094 3373 1350 3439 quoniam
1373 3375 1688 3448 principalis
1717 3386 1800 3434 est
1827 3380 1988 3436 aries.
2021 3380 2159 3438 Pue-

557 3455 781 3512 sidalem
811 3474 1028 3529 quoque
1056 3459 1315 3532 futurum,
1357 3475 1414 3522 et
1463 3477 1850 3541 quaestuosum,
1899 3476 2155 3544 quoniam

559 3563 724 3619 pecus
752 3550 896 3606 istud
924 3553 1040 3609 sine
1069 3557 1317 3615 molestia
1345 3560 1646 3632 depositam
1675 3566 1856 3623 lanam
1887 3567 2044 3626 facile
2065 3587 2155 3627 re-

560 3639 728 3695 sumit
754 3640 1094 3701 ministrante
1120 3656 1332 3705 natura.
1361 3650 1464 3720 Qui
1492 3663 1673 3711 autem
1703 3659 1803 3714 sub
1833 3666 1990 3716 tauro
2010 3678 2158 3718 crea-

562 3736 648 3788 tus
675 3739 758 3788 est
788 3737 1101 3806 tyrannicus
1120 3740 1245 3810 erit,
1269 3749 1325 3796 et
1351 3743 1676 3814 laboriosus,
1707 3749 1959 3822 idemque
1986 3757 2157 3810 servi-

559 3825 649 3895 lis,
666 3832 853 3884 taurus
879 3831 1024 3886 enim
1044 3830 1176 3902 jugo
1205 3835 1523 3896 submittere
1550 3840 1692 3897 colla
1718 3847 2018 3902 consuevit.
2053 3847 2158 3916 Qui

559 3933 693 3974 vero
721 3920 874 3990 signo
901 3925 1102 3996 scorpii
1133 3927 1388 3997 nascitur,
1419 3931 2048 4004 vulniﬁcusthahebitur,
2098 3952 2157 3998 ut

560 4018 691 4083 pote
709 4013 898 4072 similis
921 4015 1026 4084 illi;
1057 4019 1150 4090 qui
1175 4029 1357 4078 autem
1384 4025 1485 4080 sub
1507 4027 1644 4082 hora
1674 4028 1824 4086 libra:
1851 4029 2011 4087 fuerit
2040 4034 2155 4089 edi-

560 4112 667 4170 tus,
692 4104 871 4174 justus
892 4109 1154 4179 elllcitur;
1187 4123 1415 4186 propter
1431 4120 1739 4188 :nquitatem
1761 4137 1881 4192 qua:
1907 4135 2154 4182 servatur

560 4197 617 4252 in
639 4200 860 4255 trutina.
893 4201 1047 4268 Quod
1071 4204 1156 4261 his
1185 4207 1442 4265 risibilius
1472 4211 1591 4266 fieri
1612 4215 1848 4283 poterit?
1871 4216 2025 4273 Aries
2054 4220 2152 4289 igi-

561 4296 650 4344 tur
677 4305 747 4346 ex
764 4305 872 4360 quo
901 4297 1139 4362 genesim
1167 4301 1432 4357 mutuaris
1460 4304 1769 4362 hominibus
1788 4351 1802 4376 ,
1832 4310 2149 4369 duodecima

563 4397 691 4454 pars
711 4384 834 4440 cceli
863 4386 1117 4472 habetur;
1149 4393 1204 4446 in
1229 4410 1339 4466 quo
1364 4396 1410 4452 si
1445 4398 1527 4454 sol
1557 4403 1880 4472 constiterit,
1912 4407 2148 4466 mtlierea

562 4476 714 4548 signa
761 4481 1056 4552 contingit;
1099 4485 1235 4543 libra
1258 4502 1474 4561 quoque
1505 4495 1588 4550 vel
1616 4503 1803 4556 taurus
1830 4500 2148 4560 duodecima

2055 372 2422 431 EUSTATﬂlf

3746 387 3848 443 99.8

2247 490 2426 559 portio
2448 500 2530 549 est
2557 494 2794 564 signiferi
2817 498 3025 556 circuli.
3055 497 3338 569 Quomodo
3367 501 3848 574 ergoprincipales

2255 595 2277 623 ο
2309 586 2434 642 inde
2461 602 2653 645 causas
2694 592 2984 649 asserendo
3011 593 3136 649 vita:
3161 594 3490 662 mortalium,
3513 595 3584 652 de
3612 597 3849 654 terrenis

2247 680 2546 752 pecudibus
2572 684 2908 740 nascentium
2931 686 3136 742 formas
3157 695 3391 754 mentes,
3417 696 3476 744 et
3503 687 3643 745 dicis
3661 689 3847 745 muni-

2248 773 2409 832 ticum
2457 775 2574 833 fore
2602 777 2890 834 arietinum
2928 779 3203 837 hominem
3235 799 3250 836 :
3295 797 3407 838 non
3449 782 3579 853 quia
3629 798 3849 839 morum

2248 869 2512 940 ejusmodi
2539 886 2666 941 pars
2693 872 2783 927 illa
2801 873 2924 930 οωιὶ
2949 874 3244 944 perfectrix
3257 883 3364 942 est,
3381 875 3480 931 sed
3497 876 3627 947 quia
3649 885 3850 932 natura

2248 963 2370 1019 talis
2399 971 2484 1019 est
2527 965 2681 1021 ovis?
2721 965 2969 1024 Hortaris
2998 981 3128 1036 ergo
3170 983 3272 1024 nos
3311 967 3533 1038 praelata
3576 967 3850 1038 dignitate

2245 1055 2545 1125 stellartun,
2588 1065 2682 1113 aut
2707 1058 2892 1129 potius
2945 1058 3175 1115 suadere
3202 1060 3441 1129 conaris,
3489 1075 3592 1130 per
3638 1059 3852 1116 bestias

2245 1158 2426 1205 mutas
2453 1150 2868 1208 accommodare
2894 1151 2990 1207 tibi
3009 1165 3359 1208 consensum.
3380 1151 3536 1219 Quod
3562 1151 3610 1207 si
3636 1150 3710 1207 de
3736 1150 3855 1205 ani-

2244 1242 2478 1299 malibus
2505 1251 2811 1314 assumptas
2832 1259 3046 1300 morum
3079 1245 3442 1316 proprietates
3469 1243 3636 1299 habet
3664 1243 3854 1315 polus,

2245 1329 2363 1404 ipse
2390 1350 2609 1405 quoque
2629 1335 2874 1406 subjacet
2903 1337 3317 1394 necessitatibus
3343 1337 3561 1404 alienis;
3586 1334 3613 1374 ά
3643 1337 3858 1407 quippe

2244 1429 2370 1499 quia
2417 1439 2606 1487 nactus
2649 1440 2734 1487 est
2776 1448 2847 1488 ex
2887 1431 3324 1504 quadrupedibus
3360 1448 3645 1490 causarum
3682 1432 3856 1488 ducta

2243 1527 2530 1598 principia.
2563 1527 2622 1584 Si
2667 1536 2850 1585 autem
2891 1529 2997 1585 hoc
3037 1528 3173 1586 dicis
3202 1529 3445 1600 ineptum
3489 1543 3640 1594 esse,
3673 1527 3858 1583 multo

2243 1619 2374 1677 illud
2400 1623 2780 1693 pronuntiabis
2824 1622 3080 1694 ineptius,
3111 1631 3172 1679 ut
3204 1622 3434 1679 auderes
3460 1621 3530 1678 de
3558 1623 3644 1678 his
3685 1621 3859 1678 rebus

2243 1715 2575 1772 assertiones
2600 1713 2814 1782 afferre,
2834 1730 2954 1785 qua:
2981 1715 3114 1770 nihil
3154 1715 3437 1772 nobiscum
3466 1715 3722 1770 videntur
3745 1714 3859 1769 ha-

2241 1806 2373 1862 bere
2396 1821 2702 1863 commune.
2740 1806 2936 1864 Verum
2959 1807 3077 1862 haec
3104 1807 3322 1864 illorum
3348 1814 3671 1876 argumenta
3700 1805 3860 1860 simi-

2253 1899 2326 1954 lia
2354 1907 2479 1955 sunt
2509 1908 2534 1937 °
2557 1900 2800 1956 cassibus
2825 1913 3175 1966 aranearum,
3227 1899 3280 1954 in
3323 1899 3520 1970 quibus
3575 1898 3622 1954 si
3666 1898 3850 1963 culex,

2249 2000 2342 2047 aut
2361 2007 2547 2048 musca
2569 1991 2894 2058 consederit,
2921 1999 3137 2048 tenetur
3162 1991 3391 2058 innexa;
3422 2006 3547 2047 cum
3569 1997 3746 2045 autem
3769 1989 3848 2045 de

2245 2083 2560 2140 fortioribus
2583 2083 2785 2157 aliquid
2813 2083 3082 2148 inciderit,
3116 2084 3292 2155 ipsum
3330 2082 3552 2155 quidem
3592 2097 3722 2138 mox
3746 2097 3852 2154 pe-

2246 2187 2446 2240 netrat.
2477 2188 2655 2235 textus
2683 2195 2814 2236 vero
2842 2181 3144 2251 perrumpit
3164 2178 3445 2236 invalidos.

2323 2277 2374 2330 7.
2409 2275 2607 2331 Tamen
2629 2277 2715 2332 his
2744 2294 2854 2333 non
2884 2293 3275 2348 usquequaque
3301 2277 3545 2334 contenti
3565 2283 3697 2333 sunt
3715 2317 3732 2342 ,
3756 2281 3852 2333 sed

2250 2369 2594 2438 longinquius
2619 2371 3041 2440 progrediuntur
3067 2379 3332 2427 errantes.
3358 2371 3493 2425 Nam
3530 2385 3624 2426 res
3651 2384 3779 2441 qua.
3799 2371 3850 2426 in

2251 2461 2459 2516 arbitrii
2490 2462 2661 2518 nostri
2702 2462 2952 2519 libertate
2993 2472 3120 2520 sunt
3163 2464 3371 2534 positae,
3403 2462 3459 2519 id
3489 2471 3596 2530 est,
3622 2463 3850 2519 virtutes

2253 2562 2346 2609 aut
2365 2554 2516 2621 vitia,
2541 2555 2844 2611 caelestium
2875 2558 3286 2614 necessitatibus
3312 2557 3607 2629 applicant.
3648 2557 3848 2626 Quibus

2252 2649 2624 2706 contradicere
2651 2651 2896 2720 quamvis
2923 2652 3125 2708 risibile
3153 2653 3252 2719 sit,
3285 2659 3471 2708 tamen
3497 2651 3626 2721 quia
3671 2651 3844 2722 plures

2255 2744 2358 2798 hac
2388 2741 2409 2782 τ
2440 2743 2756 2799 seductione
2777 2744 3016 2814 prolapsi
3045 2751 3191 2812 sunt,
3213 2756 3517 2812 congruum
3537 2742 3673 2798 mihi
3699 2741 3840 2797 vide-

2256 2844 2347 2892 tur
2396 2852 2507 2893 non
2553 2838 2787 2894 transire
2827 2837 3065 2894 silentio.
3118 2837 3165 2892 Α
3204 2838 3402 2908 quibus
3449 2837 3581 2892 illud
3607 2835 3835 2908 principe

2256 2929 2310 2986 in
2355 2931 2478 2986 loco
2505 2930 2843 3001 postulamus
2889 2919 3183 3000 agnoscere
3215 2949 3229 2984 :
3275 2931 3322 2986 si
3350 2946 3464 2987 non
3504 2931 3679 2986 diebus
3715 2929 3823 2983 sin-

2258 3025 2396 3094 gulis
2436 3024 2629 3080 millies
2669 3024 2946 3086 schemata
2995 3032 3272 3079 mulantur
3299 3033 3584 3079 astrorum.
3616 3021 3828 3093 Semper

2257 3119 2402 3172 enim
2443 3125 2732 3172 moventur
2776 3125 2940 3186 atque
2981 3125 3007 3164 Β
3054 3116 3364 3172 discurrunt
3403 3131 3487 3172 ea:
3526 3114 3694 3172 stella:
3729 3127 3844 3185 quas

2258 3209 2487 3280 planetu:
2532 3218 2811 3274 vocantur,
2862 3224 3088 3279 quarum
3130 3208 3246 3263 aliae
3283 3208 3553 3264 celeribus
3599 3222 3662 3263 se
3694 3206 3850 3262 vesti-

2260 3302 2360 3372 giis
2404 3310 2826 3371 consequuntur,
2888 3299 3159 3355 nonnulla:
3205 3299 3411 3354 tardius
3465 3299 3851 3363 discurrentes,

2260 3395 2360 3452 sub
2387 3395 2574 3450 eadem
2619 3395 2753 3450 hora
2783 3395 2998 3464 saepius,
3029 3403 3084 3448 et
3112 3393 3381 3463 aspiciunt
3408 3407 3488 3458 se,
3531 3400 3591 3447 et
3630 3393 3856 3447 abscon-

2259 3485 2477 3541 duntur.
2511 3484 2743 3540 Maxima
2790 3491 2922 3540 sane
2951 3485 3031 3539 vis
3061 3483 3291 3539 habetur
3329 3483 3384 3538 in
3431 3483 3642 3552 genesi,
3683 3491 3746 3537 ut
3785 3481 3860 3539 illi

2259 3577 2462 3644 dicunt,
2513 3577 2558 3631 si
2605 3584 2698 3630 aut
2742 3579 2884 3631 bona
2931 3576 3085 3631 stella
3131 3574 3445 3647 respexerit,
3479 3583 3574 3629 aut
3620 3574 3863 3644 maligna

2258 3678 2589 3726 nascentem.
2620 3669 2706 3723 Fit
2734 3677 2913 3724 autem
2939 3669 3257 3740 plerumque
3283 3675 3340 3723 ut
3361 3683 3425 3723 eo
3447 3677 3710 3738 tempore,
3741 3681 3866 3736 quo

2262 3763 2405 3818 bona
2433 3762 2584 3818 stella
2622 3760 2916 3834 praefuerit,
2963 3761 3370 3815 mathematicus
3409 3775 3516 3814 non
3560 3759 3859 3815 inveniens

2263 3865 2474 3927 tempus
2501 3855 2714 3912 edicere
2741 3862 2962 3926 propter
3003 3856 3387 3924 ignorationem
3413 3853 3571 3908 unius
3593 3854 3865 3911 minutis-

2261 3950 2537 4015 simarum,
2569 3965 2705 4020 quas
2731 3963 2891 4018 supra
2913 3947 3192 4002 retulimus
3213 3946 3541 4018 portionum,
3565 3945 3666 4001 sub
3691 3959 3871 4002 caco-

2261 4041 2507 4096 dmmone
2535 4040 2683 4095 illum
2709 4039 2894 4109 jacere
2915 4039 3204 4104 describat,
3230 4047 3289 4092 ut
3317 4039 3557 4109 ipsorum
3584 4039 3873 4094 sennoni-

2260 4133 2362 4189 bus
2380 4147 2546 4201 cogar
2565 4132 2662 4198 uti,
2695 4131 2966 4201 inquibus
2993 4138 3076 4186 est
3095 4130 3316 4200 quidem
3341 4143 3538 4199 magna
3560 4128 3876 4198 detinentis,

2257 4225 2354 4282 sed
2382 4224 2556 4294 major
2578 4224 2808 4279 habetur
2835 4224 3102 4294 impietas.
3135 4221 3271 4277 Nam
3298 4222 3656 4292 maligniores
3691 4223 3879 4279 stellas

2257 4334 2447 4374 causas
2473 4317 2723 4388 nequitiae
2752 4318 2982 4388 propriae
3019 4317 3074 4372 in
3115 4331 3273 4372 suum
3304 4315 3640 4371 transferunt
3669 4317 3880 4373 condi-

2257 4421 2430 4469 torem
2458 4430 2470 4466 :
2494 4412 2688 4482 quibus
2707 4413 2751 4468 si
2773 4427 2840 4468 ex
2862 4419 3055 4467 natura
3083 4411 3333 4467 subesset
3358 4410 3711 4482 improbitas,
3740 4425 3882 4468 con-

2255 4506 2399 4563 ditor
2435 4505 2682 4578 profecto
2727 4503 3075 4576 malignitatis
3116 4501 3146 4542 ιι
3189 4510 3381 4560 auctor
3421 4502 3728 4559 exstiterit.
3781 4503 3883 4565 Sin

615 4743 871 4835 agodex
897 4763 1054 4835 unus.
1083 4751 1207 4835 dum
1232 4756 1617 4835 manifestatur.
1647 4759 1781 4818 Illud
1803 4764 1928 4819 dum
1955 4767 2010 4822 in
2039 4767 2153 4823 edi-
2181 4773 2234 4835 Ι)
2258 4781 2394 4826 sum.

653 4814 856 4873 deerat.
889 4819 1176 4901 Aliquanto
1205 4827 1334 4901 pos_t_
1348 4814 1481 4882 editi
1511 4837 1564 4884 et
1585 4814 2027 4901 dud‘ﬁsiifaiﬁz

563 4887 942 4974 diqelresponsa
971 4887 1275 4974 redduntur.
1293 4895 1454 4974 Yetus
1478 4900 1650 4974 codex
1680 4887 1886 4974 noster,
1911 4887 2153 4966 secunda

561 4956 1156 5052 quidemnmaanuggdsed
1165 4967 1442 5052 nantiqua,
1501 4956 1643 5052 dumi
1673 4956 1853 5052 ine—diu-
1872 4956 1886 4974 ⁷
1904 4956 2154 5052 θῗεὲἷᾶἧξῖι

561 5027 868 5154 Ξιέἑίιιὲιὲἑιν.
899 5029 1137 5090 Subinde
1162 5035 1315 5093 Colb.
1335 5027 1636 5110 secundus,
1667 5027 1888 5102 inueniet

623 5115 696 5154 [ιε.
722 5115 828 5154 θιο.

623 5115 676 5154 -ίε
722 5115 828 5154 etc.
2134 5115 2144 5120 '

854 5180 915 5260 et
939 5172 1047 5229 duo
1077 5192 1230 5260 mss.,
1262 5192 1525 5260 reparata.
1559 5183 1714 5242 Colb.
1745 5191 2032 5260 secundus,
2063 5212 2149 5250 re-

564 5249 767 5319 putate,
792 5241 1018 5319 fortasse
1041 5241 1328 5319 amputata:

564 5313 915 5439 dilzuzocem
969 5316 1091 5372 inde
1129 5313 1205 5374 "ex
1258 5325 1457 5380 nostris
1483 5329 1754 5386 veteribus
1804 5332 1952 5390 libris
2005 5335 2154 5392 addi-

567 5523 602 5579 d
635 5453 662 5491 ἀ
691 5454 873 5513 Codex
898 5475 1055 5543 unus,
1081 5465 1266 5536 quippe
1293 5470 1440 5553 quia.
1465 5469 1626 5537 Editi,
1659 5476 1845 5558 quippe
1871 5478 1976 5549 qui.
2027 5477 2154 5536 Mox

605 5542 673 5579 uo
703 5543 856 5579 mss.-
888 5547 934 5579 at
976 5542 1150 5579 autem.
1200 5539 1294 5579 Imr,
1337 5541 1466 5579 Ληοη
1520 5539 1658 5579 erlr:
1715 5562 1756 5579 ε.
1796 5558 1963 5579 πυρίη..
2009 5551 2131 5579 ,κλει

605 5542 673 5613 uo
703 5543 864 5612 mss".
888 5539 947 5613 εἰ.
976 5542 1150 5589 autem
1199 5539 1313 5613 hoc
1337 5541 1485 5596 dicis.
1517 5539 1682 5613 Εάίιῇ
1712 5539 1757 5600 si
1782 5539 1965 5602 'autem
2006 5551 2150 5606 dicit.

568 5593 904 5727 illiq’qﬁiggiqin
934 5602 1054 5662 loco
1083 5621 1212 5662 mss.
1245 5593 1975 5686 duo,pronaniidbisilidiii,
2006 5593 2152 5690 "53L

947 5761 1066 5804 sunt
1086 5751 1384 5811 addidimus
1395 5771 1462 5811 ex
1486 5757 1694 5816 duobus
1716 5761 2008 5818 codicibus.
2029 5762 2152 5818 Mox

571 5805 722 5896 alii“;
746 5822 930 5896 fameft
971 5821 1050 5896 llis
1096 5838 1211 5891 qua:
1250 5840 1446 5896 quaque
1473 5845 1578 5883 non
1617 5805 1844 5886 εοηῖεηιί
1871 5842 2010 5887 sunt.
2038 5805 2149 5888 An:

573 5882 707 5947 tiqui
727 5882 832 5941 duo
879 5889 1018 5954 libri,
1051 5882 1223 5946 tanien
1262 5882 1497 5952 'his'non
1539 5882 2152 5968 u’sqziajiéidléi'iéiu'éh'u

2333 4841 2352 4881 ί
2387 4842 2572 4917 Codex
2617 4857 2774 4917 unus,
2808 4843 2904 4917 Ιιαρ
2926 4843 3125 4917 seducti
3165 4853 3388 4917 ratione,
3426 4845 3696 4917 prolapsi
3739 4861 3887 4907 sunt.

2258 4913 2410 4988 [laud
2442 4915 2599 4984 longe
2624 4913 2756 4988 editi
2777 4923 2834 4988 et
2861 4913 3014 4988 Golb.
3046 4914 3268 4988 primus,
3302 4913 3725 4988 illuy'principii
3750 4923 3891 4980 loco.

2258 4933 2410 4968 naua
2442 4933 2599 4984 longe
2624 4933 2754 4970 eum
2777 4933 2834 4970 et
2861 4933 3014 4969 νοω.
3046 4933 3268 4985 primus,
3302 4933 3433 4968 uma
3489 4933 3723 4988 rmapu
3750 4933 3891 4980 loco.

2256 4983 2439 5052 Codex
2471 4994 2675 5057 noster,
2697 4984 2828 5039 illud
2849 4985 3081 5057 principe
3107 4986 3174 5057 iri
3207 4986 3339 5041 loco.
3374 4933 3529 5057 coll).
3567 4989 3730 5047 alter
3759 4994 3896 5050 illud

2255 5058 2423 5127 primo
2453 5057 2585 5112 loco.
2617 5054 2827 5133 G_r:r_.ce,
2849 5054 3078 5133 ἠρῶτσν.
3134 5054 3356 5133 Ultimas
3403 5055 3538 5112 duas
3566 5131 3578 5133 _
3601 5060 3897 5122 lectiones

2257 5142 2324 5182 ex
2365 5143 2520 5198 aequo
2560 5129 2680 5182 voci
2707 5127 3220 5203 Grzncag'convenire
3248 5127 3456 5203 vident,
3483 5131 3731 5203 opinor,
3772 5152 3896 5191 om-

2256 5214 2352 5281 nes
2372 5217 2387 5281 ε
2422 5206 2553 5281 puto
2581 5207 2768 5281 tamen
2792 5200 2969 5281 politis
2993 5199 3095 5268 legi
3125 5199 3325 5281 debere
3339 5199 3590 5281 principe
3644 5199 3899 5281 inloco,

2261 5269 2339 5324 uti
2371 5269 2431 5323 in
2452 5271 2623 5325 veteri
2652 5278 2838 5325 nostro
2868 5270 3006 5325 libro
3034 5269 3293 5340 scriptum
3337 5269 3685 5340 invenimus.
3723 5277 3839 5334 Vid
3854 5302 3879 5336 ι·

2261 5348 2352 5413 tur
2374 5341 2825 5413 enimilibrarius,
2855 5339 3161 5412 quicunque
3216 5341 3308 5397 ille
3335 5339 3433 5396 fuit
3481 5344 3578 5413 qui
3643 5348 3900 5407 alterum

2263 5411 2413 5467 illum
2441 5412 2680 5468 codicem
2698 5411 3087 5484 Colbertinum"
3109 5413 3342 5484 scripsit,
3367 5411 3648 5474 nonnulla
3685 5420 3764 5478 de
3802 5440 3903 5478 5m

2262 5490 2318 5537 et
2347 5492 2603 5562 mutasse,
2647 5491 2707 5559 _et
2726 5483 3047 5562 correxisse,
3086 5483 3234 5551 sive,
3263 5486 3749 5562 c_utn_scril_)eret,
3813 5513 3901 5549 ro-

2259 5557 2510 5680 gpeiteqit
2535 5555 2923 5680 adlexemplar
2950 5555 3191 5613 Graecum
3211 5597 3226 5623 ,
3257 5556 3371 5612 sive
3397 5557 3452 5613 id
3479 5557 3610 5614 solo
3645 5555 3899 5625 rationi:~

2299 5642 2361 5680 uc
2390 5643 2419 5680 u
2471 5642 2610 5680 eceri
2643 5667 2656 5680 .
2706 5653 2728 5666 ι

2299 5635 2419 5682 uctu
2451 5635 2656 5683 fecerit.
2706 5653 2728 5666 ι

2285 5776 2302 5819 ι
2334 5697 2551 5822 ιῖΙΕόὶιί,
2602 5699 2899 5753 discurrunt
2946 5701 3130 5757 stellw.
3160 5700 3233 5756 At
3271 5699 3425 5757 Colb.
3459 5705 3790 5780 secundus,
3822 5725 3896 5765 ea

2305 5785 2332 5820 0
2375 5787 2439 5822 (13.

2255 5785 2439 5824 stcuw.

2334 5838 2560 5964 hrltﬂditli,
2615 5854 2757 5899 actor
2803 5845 3074 5900 exstiterit.
3125 5843 3281 5902 Colb.
3329 5845 3637 5919 secundus,
3697 5863 3891 5911 auctor

2334 5927 2351 5963 δ
2377 5927 2390 5964 t
2419 5927 2491 5964 cn
2524 5952 2535 5964 .

2260 5926 2535 5966 exsulem.
