4110 6336
314 264 419 322 939

1368 252 1766 315 nmmum
1804 240 2286 316 METAPHRASIS
2328 244 2533 315 LIBER
2577 253 2661 314 v1.

3489 255 3594 314 950

315 395 499 440 autem
526 380 804 456 proposito
831 377 1064 440 faciente
1100 389 1226 438 sunt
1260 383 1536 453 pessimae,
1583 383 1760 454 primo
1786 382 1905 454 qui-
1930 383 1987 446 Α
2009 390 2060 436 et
2087 384 2142 436 in
2169 383 2342 438 annis.
2390 381 2635 438 Diximus
2656 380 2772 452 jam
2817 381 2884 439 de
2929 378 3096 450 signis
3141 397 3153 435 :
3199 383 3440 453 tempora
3467 397 3600 437 sane
3679 414 3688 419 -

315 479 442 536 dem
472 487 498 518 ι
532 479 783 536 animalia
811 479 1054 550 quasdam
1083 477 1321 551 putanda
1355 487 1483 536 sunt
1529 479 1755 535 arbitrio
1803 493 1903 534 suo

315 571 649 642 famulantia,
700 573 1054 643 absolutoque
1102 580 1159 628 et
1206 572 1379 629 libero
1430 574 1657 646 impetu,
1706 573 1773 628 ad
1801 573 1906 629 hoc

317 665 466 736 quod
491 667 594 722 sibi
640 667 858 723 libuerit
902 667 1141 732 incitata,
1185 667 1451 738 siquidem
1479 668 1645 726 totius
1687 667 1904 723 modum

315 755 515 813 furoris
565 757 778 814 excedit
827 759 1139 816 insimulare
1203 774 1292 815 res
1352 760 1646 816 exanimes.
1705 759 1908 816 Deinde

316 857 520 918 quanta
566 850 1007 907 irrationabilitas
1043 859 1153 918 est,
1189 852 1426 916 bonum,
1469 853 1757 919 malumve,
1799 867 1909 907 non

317 953 416 1012 pro
445 958 543 998 sua
571 942 830 1014 cujusque
869 945 1129 1014 dignitate
1158 945 1516 1016 distinguere,
1549 945 1646 1002 sed
1689 961 1760 1002 ex
1805 947 1909 1002 loci

317 1033 601 1103 qualitate,
632 1043 727 1090 aut
770 1044 1022 1106 respectu
1064 1037 1315 1104 alterius,
1367 1039 1453 1094 vel
1499 1039 1760 1109 optimum
1792 1039 1910 1095 fieri

319 1123 565 1194 delinire,
596 1129 683 1183 vel
711 1130 1041 1199 pessimum?
1070 1129 1136 1184 Et
1161 1147 1283 1186 cum
1312 1131 1586 1202 paulisper
1632 1131 1700 1187 de
1727 1133 1910 1188 sche-

318 1227 465 1278 mate
493 1220 649 1276 stella
675 1221 957 1279 diverterit
976 1265 992 1291 ,
1023 1239 1136 1279 sua:
1163 1224 1398 1295 propria:
1425 1224 1623 1281 dicitur
1664 1225 1913 1294 maligni-

319 1314 447 1370 tatis
473 1315 659 1370 oblita.
693 1316 802 1372 Sed
828 1316 944 1372 haec
969 1318 1188 1387 quidem
1217 1318 1482 1374 hactenus
1509 1333 1640 1374 sane
1668 1333 1766 1389 per
1802 1318 1914 1373 sin-

319 1406 446 1476 gula
473 1415 748 1463 momenta
776 1410 1055 1479 temporis,
1107 1417 1166 1464 ut
1205 1410 1410 1478 dicunt,
1462 1410 1516 1464 in
1561 1410 1706 1466 aliud
1751 1418 1915 1479 atque

319 1498 467 1554 aliud
493 1501 711 1556 schema
739 1516 800 1556 se
834 1501 1186 1558 transferunt.
1215 1501 1275 1557 In
1303 1503 1387 1558 his
1412 1503 1595 1572 itaque
1625 1511 1707 1558 tot
1734 1510 1913 1558 tanta—

322 1604 553 1660 rumque
580 1592 939 1648 mutationum
967 1593 1221 1660 millibus,
1255 1601 1457 1664 quanta
1486 1593 1727 1663 quotidie
1757 1602 1914 1649 nata-

321 1678 454 1736 lium
501 1682 773 1751 regiorum
799 1682 1020 1740 decreta
1058 1683 1282 1740 formari
1327 1684 1564 1755 putanda
1612 1693 1756 1739 sunt.
1805 1683 1917 1741 Cur

2008 473 2357 544 intelligimus
2401 489 2521 530 esse
2566 480 2748 545 partes
2793 481 3027 544 quatuor
3066 472 3192 528 anni
3235 472 3514 538 vertentis,
3546 471 3602 528 id

2008 572 2112 632 est,
2125 579 2242 631 ver,
2253 566 2517 633 aestatem,
2544 574 2884 632 autumnum,
2899 573 3062 636 atque
3086 565 3339 622 hiemem.
3372 563 3503 621 Haec
3523 564 3600 621 si-

2007 656 2176 713 bimet
2195 657 2534 714 succedendo
2547 657 2783 716 vicissim
2800 674 2900 730 pro
2909 659 3317 716 luminariorum
3330 655 3605 729 dispositis

2011 752 2259 808 cursibus
2287 759 2674 824 temperantur.
2718 752 2902 809 Hiems
2941 753 3087 809 enim
3115 751 3175 808 fit
3202 740 3257 808 in
3283 751 3606 808 australibus

2012 845 2130 902 sole
2155 845 2464 914 regionibus
2491 856 2886 914 commorante,
2917 855 3345 918 nocturnamque
3374 845 3609 918 opacita-

2014 946 2146 1004 tem,
2174 939 2316 1016 circa
2346 939 2527 1006 clima,
2567 951 2590 980 ο
2621 939 2767 1010 quod
2795 955 2896 996 nos
2921 939 3244 1007 habitamus,
3277 939 3454 1011 spatio
3480 937 3604 995 lon-

2014 1031 2165 1101 giore
2188 1030 2440 1087 ducente.
2459 1030 2613 1087 Unde
2633 1031 2692 1084 tit
2713 1040 2772 1086 ut
2794 1047 2890 1087 aer
2909 1040 3068 1087 terra:
3085 1032 3366 1102 proximus
3386 1029 3609 1101 frigidus

2014 1121 2300 1189 efﬁciatur,
2335 1139 2634 1194 omnesque
2660 1124 2908 1180 nebulosi
2939 1139 3171 1194 vapores
3197 1123 3605 1194 conglomerati,

2015 1217 2226 1290 pluvias
2255 1226 2312 1273 et
2338 1218 2508 1283 nives,
2541 1220 2849 1291 glaciesque
2895 1219 3199 1290 perficiant.
3245 1219 3379 1276 Cum
3427 1227 3612 1276 autem

2016 1309 2086 1366 de
2120 1309 2414 1365 meridiana
2442 1312 2601 1382 plaga
2625 1311 2839 1368 rediens
2862 1311 2976 1379 sol,
3009 1312 3246 1368 medium
3271 1313 3460 1369 orbem
3488 1311 3612 1368 coeli

2018 1403 2280 1470 tenuerit;
2331 1411 2459 1459 tunc
2505 1403 2696 1459 diebus
2741 1419 2806 1460 ac
2853 1405 3101 1482 noctibus
3147 1413 3359 1476 tempus
3405 1404 3615 1474 aequale

2018 1495 2309 1551 distribuit.
2344 1495 2667 1565 Quantoque
2695 1495 2856 1551 altius
2877 1511 2907 1550 a
2931 1503 3076 1552 terra
3103 1495 3439 1565 subvehitur,
3464 1504 3615 1552 tanto

2018 1587 2192 1656 magis
2220 1587 2480 1656 paulatim
2507 1587 2787 1658 componit
2827 1589 3164 1658 temperiem,
3195 1605 3294 1660 per
3332 1604 3494 1661 quam
3520 1603 3618 1646 ver

2019 1682 2284 1753 procedit,
2317 1681 2470 1752 cujus
2515 1678 2778 1738 beneﬁcio
2819 1680 3040 1738 frutices
3087 1682 3420 1754 arboresque
3465 1681 3617 1740 fron-

321 1786 454 1844 ergo
483 1787 593 1828 non
619 1774 842 1843 singulis
869 1775 1062 1832 diebus
1083 1776 1365 1847 lprincipes
1393 1778 1780 1847 procreantur?
1808 1776 1917 1831 Aut
1946 1765 1995 1827 Β
2021 1776 2271 1842 descunt,
2320 1785 2377 1832 et
2423 1776 2676 1831 animalia
2718 1784 2912 1832 cuncta
2960 1786 3193 1843 terrena,
3242 1777 3329 1832 vel
3376 1778 3616 1847 aquaria,

321 1877 492 1934 quare
520 1865 661 1936 apud
684 1865 806 1923 illos
833 1867 1107 1923 successio
1135 1882 1352 1938 semper
1380 1869 1590 1939 paterni
1615 1869 1917 1925 custoditur

325 1955 576 2028 imperii?
599 1956 866 2026 Quoniam
909 1973 1072 2014 nemo
1119 1959 1372 2015 videlicet
1419 1968 1645 2017 eventus
1692 1977 1916 2018 suorum

323 2047 619 2105 liberorum
645 2049 811 2107 refert
831 2049 898 2106 ad
921 2052 1138 2107 schema
1166 2053 1470 2121 stellarum;
1501 2057 1702 2127 quippe
1721 2057 1917 2126 quibus

323 2155 554 2212 regnum
581 2158 692 2198 non
731 2143 944 2212 genesis
972 2142 1102 2210 tato,
1134 2144 1228 2199 sed
1271 2146 1484 2214 generis
1507 2145 1629 2215 jure
1657 2146 1912 2202 defertur.

325 2231 517 2290 Nonne
543 2235 705 2304 igitur
729 2234 984 2292 Joatham
1001 2238 1282 2307 generavit
1301 2235 1480 2307 Ozias,
1504 2247 1561 2293 et
1580 2239 1649 2294 de
1668 2237 1918 2294 Joatham

331 2335 492 2384 natus
523 2328 727 2385 Acham
751 2330 872 2385 est?
898 2329 968 2384 Et
1012 2339 1194 2387 tamen
1242 2331 1420 2387 nullus
1466 2333 1682 2388 illorum
1708 2334 1920 2389 servilis

328 2418 523 2474 horam
549 2418 878 2476 conditionis
897 2421 1141 2476 incurrit.
1167 2405 1440 2478 Deinde'si
1466 2423 1726 2479 virtutum
1754 2425 1918 2480 vitio-

328 2524 557 2580 rumque
601 2511 865 2582 principia
911 2528 1019 2570 non
1068 2529 1137 2570 ex
1182 2515 1408 2572 arbitrio
1453 2525 1660 2583 nostro,
1710 2516 1806 2572 sed
1851 2533 1920 2574 ex

326 2599 542 2668 genesis
566 2601 886 2658 necessitate
914 2603 1191 2670 sortimur,
1212 2603 1470 2675 super-(lui
1489 2612 1633 2670 sunt,
1659 2613 1718 2660 ut
1737 2606 1916 2672 video,

327 2687 530 2746 latores
555 2691 757 2761 legum,
784 2692 1058 2762 sequenda
1077 2695 1236 2750 nobis
1263 2695 1349 2751 vel
1378 2695 1632 2764 fugienda
1658 2695 1919 2752 mandan-

327 2789 446 2837 tes:
478 2783 736 2854 superﬂui
761 2800 979 2855 quoque
1000 2785 1216 2855 judices
1243 2786 1506 2845 honestos
1547 2789 1795 2846 laudibus
1823 2806 1919 2847 ex-

323 2881 582 2930 ornantes
605 2913 624 2942 ,
669 2874 946 2946 improbos
999 2878 1279 2949 suppliciis
1332 2881 1621 2950 punientes
1670 2900 1682 2936 :
1732 2882 1920 2938 insons

321 2963 488 3020 etiam
516 2967 786 3023 censenda
814 2977 898 3024 est
923 2969 1236 3038 homicidas,
1267 2973 1354 3028 vel
1380 2972 1515 3028 furis
1541 2974 1785 3041 audacia,
1825 2975 1920 3044 qui

322 3057 430 3113 etsi
454 3057 712 3118 cohibere
750 3075 942 3117 manus
969 3063 1216 3132 proprias
1243 3079 1277 3118 a
1314 3063 1554 3121 facinore
1581 3065 1918 3132 maluissent,

2021 1868 2244 1938 genitali
2292 1869 2474 1924 calore
2521 1869 2793 1924 stimulata
2823 1867 2850 1906 ά
2895 1870 3339 1940 propagationem
3382 1872 3616 1939 generis,

2021 1960 2365 2016 successione
2393 1961 2562 2032 prolis
2589 1961 2904 2016 extendunt.
2937 1959 3067 2017 Inde
3094 1961 3177 2018 sol
3201 1977 3328 2017 mox
3370 1961 3439 2017 ad
3477 1963 3622 2017 aesti-

2021 2067 2146 2106 vam
2173 2052 2370 2107 lineam
2400 2050 2757 2118 deflectendo,
2797 2067 2896 2124 per
2923 2046 3156 2109 confinia
3187 2053 3380 2108 transit
3412 2061 3618 2120 arctoa,

2022 2145 2139 2201 dies
2160 2146 2315 2201 nobis
2343 2145 2615 2214 longiores
2642 2144 2902 2214 elliciens,
2927 2144 3233 2216 diutiusque
3259 2154 3623 2203 commoratus

2024 2236 2080 2292 in
2111 2253 2256 2304 aere,
2303 2237 2476 2307 ipsum
2505 2237 2725 2307 quidem
2773 2235 3089 2307 ﬂagrantem
3136 2236 3313 2292 reddit
3353 2253 3418 2292 ac
3464 2238 3622 2293 torri-

2024 2330 2174 2395 dum,
2209 2329 2455 2385 tellurem
2498 2345 2627 2384 vero
2656 2327 2872 2399 perlicit
2911 2328 3220 2392 sicciorem,
3268 2327 3412 2383 unde
3439 2336 3618 2384 matu-

2025 2423 2209 2477 randis
2237 2421 2550 2488 seminibus,
2589 2429 2752 2490 atque
2779 2421 2976 2491 pomis,
3013 2420 3244 2477 facultas
3270 2427 3456 2492 optata
3485 2435 3625 2491 prm-

2022 2521 2219 2572 statur.
2248 2512 2436 2582 quue
2466 2521 2711 2584 tempore
2737 2512 2970 2569 habetur
3003 2512 3301 2579 ardentior,
3327 2523 3383 2567 et
3409 2512 3626 2568 umbras

2025 2605 2352 2661 meridianas
2399 2604 2527 2660 facit
2579 2604 2889 2671 breviores,
2939 2605 3197 2674 quoniam
3226 2604 3295 2660 de
3323 2605 3436 2659 alto
3465 2605 3626 2660 nimis

2023 2697 2147 2753 loco
2191 2707 2432 2753 nostram
2489 2693 2706 2768 respicit
2752 2698 3028 2767 regionem
3051 2739 3066 2764 ,
3115 2697 3338 2768 diesque
3392 2697 3627 2768 majores

2023 2790 2313 2856 habentur,
2361 2799 2489 2844 tunc
2514 2789 2734 2859 quando
2759 2789 2954 2845 breves
2993 2795 3118 2844 sunt
3149 2788 3352 2843 umbra:
3380 2806 3392 2840 :
3424 2789 3566 2843 sicut
3593 2803 3626 2844 e

2023 2891 2214 2939 contra
2243 2883 2360 2938 dies
2379 2882 2530 2952 parvi
2556 2889 2701 2949 sunt,
2723 2896 2847 2936 cum
2867 2879 3066 2936 fuerint
3089 2879 3290 2934 umbrae
3319 2879 3622 2948 longiores:

2023 2978 2171 3048 quod
2193 2976 2335 3048 apud
2357 2992 2454 3031 nos
2475 2977 2568 3046 qui
2596 2988 2618 3014 ε
2641 2976 2875 3030 eteroscii
2895 2973 3257 3039 nominamur,
3282 2974 3335 3028 id
3359 2983 3462 3039 est,
3486 2973 3623 3030 alias

2027 3069 2247 3125 umbras
2273 3069 2563 3135 habentes,
2617 3078 2673 3124 et
2718 3077 2902 3140 partes
2947 3066 3256 3123 habitamus
3283 3073 3518 3134 arctoas,
3549 3067 3625 3124 ita

323 3151 549 3208 minime
569 3153 892 3224 potuissent,
917 3164 1144 3227 prapter
1169 3157 1605 3216 indeclinabilem
1633 3162 1922 3217 necessita-
1945 3146 1992 3210 Ο
2025 3161 2309 3231 contingit.
2341 3159 2474 3228 Nam
2493 3168 2621 3216 sunt
2638 3159 2856 3230 quidam
2878 3160 2972 3229 qui
2991 3174 3092 3230 per
3111 3160 3378 3229 integrum
3400 3157 3625 3216 biduum

324 3241 395 3299 tis
422 3243 731 3316 impulsum.
763 3246 901 3303 Vani
945 3263 1135 3305 omnes
1162 3248 1398 3307 artiﬁces
1441 3252 1740 3309 :estimandi
1770 3263 1916 3320 sunt,

325 3336 449 3392 vita:
471 3338 708 3395 subsidia
735 3355 995 3396 manuum
1021 3341 1205 3399 labore
1225 3357 1548 3416 quaerentes.
1575 3345 1916 3417 Supervaca-

322 3442 461 3485 neus
480 3445 646 3501 porro
665 3430 834 3488 sudor
852 3433 1228 3503 agricolarum,
1245 3436 1440 3505 quibus
1459 3438 1628 3508 copia:
1647 3437 1916 3495 fructuum

325 3521 534 3592 possint
561 3522 724 3579 etiam
753 3539 863 3580 non
910 3527 1260 3598 operantibus
1306 3527 1604 3586 abundare.
1649 3530 1920 3587 Mercator

327 3615 494 3671 etiam
521 3615 672 3673 dives
698 3616 1008 3677 efﬁceretur
1035 3621 1090 3677 in
1119 3622 1254 3689 otio,
1286 3623 1377 3679 cui
1404 3624 1490 3680 vel
1517 3624 1724 3680 nolenti
1749 3640 1917 3696 pecu-

328 3707 476 3763 niam
499 3709 713 3778 genesis
740 3720 1102 3783 apportasset.
1153 3714 1584 3772 Christianorum
1612 3732 1744 3773 vero
1771 3733 1916 3788 spes,

325 3813 448 3871 qua;
473 3816 669 3872 magna
697 3813 798 3872 est,
831 3806 1042 3862 sublata
1069 3808 1286 3879 penitus
1325 3809 1628 3875 interisset,
1661 3811 1919 3880 quoniam

327 3890 526 3950 frustm
545 3895 630 3950 vel
652 3896 864 3966 justitia
891 3899 1107 3968 colitur,
1128 3900 1219 3956 vel
1240 3899 1527 3958 damnatur
1554 3904 1842 3973 iniquitas;
1873 3906 1920 3961 si

328 3987 548 4044 omnino
567 3987 700 4044 nihil
719 4004 788 4044 ex
808 3991 1076 4046 sententia
1097 3990 1278 4049 facere
1297 3995 1678 4066 permittimur.
1703 3995 1919 4054 Etenim

323 4080 542 4150 quando
583 4082 865 4151 genesiaca
891 4084 992 4149 vis,
1023 4093 1080 4141 et
1121 4085 1362 4143 decretio
1406 4079 1584 4144 fatalis
1629 4090 1918 4156 incumbit,

326 4171 533 4227 nullum
563 4172 745 4230 locum
780 4189 1004 4245 prorsus
1049 4177 1258 4234 invenit
1295 4180 1627 4237 examinatio
1674 4180 1805 4250 justi
1829 4180 1919 4251 ju-

325 4263 470 4320 dicii.
500 4263 628 4321 llzec
665 4267 886 4337 quidem
913 4268 1175 4350 adversus
1217 4271 1338 4328 illos
1366 4272 1683 4331 disseruisse
1710 4274 1737 4314 δ
1769 4274 1920 4332 sufli-

325 4356 453 4412 ciat.
497 4357 682 4429 Neque
709 4361 854 4416 enim
893 4371 988 4418 aut
1017 4379 1116 4420 vos
1145 4361 1532 4436 prolixioribus
1575 4371 1920 4426 sermonibus

2023 3253 2250 3323 singulis
2274 3253 2430 3308 annis
2457 3252 2771 3308 omnimodo
2810 3252 2928 3307 sine
2969 3251 3159 3306 umbra
3203 3259 3329 3306 sunt
3373 3266 3496 3306 cuin
3523 3252 3626 3308 sub

2022 3346 2324 3402 meridiano
2350 3345 2468 3402 sole
2514 3344 2875 3410 constiterint,
2918 3359 3076 3414 quos,
3126 3343 3252 3412 quia
3297 3343 3378 3398 sol
3428 3352 3622 3398 contra

2025 3441 2201 3510 ipsum
2248 3440 2506 3496 verticem
2550 3438 2758 3509 positus
2807 3437 3104 3507 aequalibus
3151 3435 3391 3506 undique
3436 3435 3626 3508 spatiis

2024 3537 2311 3603 illuminat,
2363 3536 2418 3590 in
2467 3525 2666 3589 nullam
2712 3532 2928 3604 penitus
2973 3539 3184 3602 partem
3231 3529 3452 3586 ﬂectere
3496 3530 3626 3587 sinit

2023 3629 2264 3684 umbras.
2298 3626 2433 3682 Nam
2461 3635 2517 3681 et
2542 3625 2772 3696 putealis
2800 3622 2941 3694 apud
2975 3638 3072 3680 eos
3100 3638 3270 3694 aqua,
3299 3623 3391 3678 vix
3419 3622 3626 3681 tenuis-

2023 3727 2224 3782 simum
2250 3729 2434 3794 potest
2480 3718 2499 3758 ί
2548 3720 2603 3774 in
2631 3719 2843 3775 alveum
2871 3716 2939 3772 de
2979 3716 3095 3772 sole
3139 3716 3320 3771 lumen
3350 3715 3625 3786 excipere,

2023 3826 2252 3890 propter
2294 3813 2440 3885 quod
2471 3827 2566 3868 eos
2594 3811 2813 3882 quidam
2863 3810 3051 3876 ascios,
3096 3807 3152 3863 id
3198 3816 3303 3874 est,
3335 3807 3623 3863 exumbres

2023 3909 2316 3984 appellant.
2347 3907 2429 3962 llli
2455 3913 2638 3961 autem
2659 3903 2752 3974 qui
2774 3909 2930 3958 extra
2952 3909 3128 3957 terras
3148 3898 3449 3956 odoriferas
3469 3897 3623 3953 habi-

2025 4011 2161 4071 tant,
2193 4003 2264 4058 in-
2291 4011 2575 4068 utramque
2608 4003 2818 4067 partem
2846 4000 3057 4048 mutant
3081 3990 3317 4046 umbras.
3346 3988 3480 4045 Nam
3520 3988 3626 4046 soli

2026 4099 2135 4168 qui-
2168 4103 2406 4151 nostram
2451 4090 2704 4147 videntur
2742 4085 2981 4143 incolere
3026 4081 3335 4154 regionem,
3366 4081 3625 4138 adversus

2027 4197 2270 4246 austrum
2299 4199 2533 4256 semper,
2565 4181 2620 4236 id
2647 4188 2757 4247 est,
2807 4178 2876 4234 ad
2922 4175 3206 4233 meridiem
3254 4174 3472 4231 umbras
3501 4189 3622 4230 cre-

2025 4283 2227 4339 duntur
2253 4279 2503 4335 emittere
2528 4294 2542 4330 :
2574 4273 2718 4330 unde
2745 4273 2908 4330 etiam
2927 4287 2958 4327 a
2979 4269 3298 4341 quibusdam
3328 4267 3622 4340 amphiscii,

2029 4384 2056 4424 κ
2085 4374 2140 4429 id
2162 4380 2246 4429 est
2267 4370 2543 4427 biumbres
2560 4367 2929 4424 nominantur.
2952 4361 3150 4418 Verum
3172 4362 3288 4417 hinc
3307 4359 3490 4416 omnia
3510 4357 3628 4414 sole

324 4447 595 4518 indigetis,
627 4459 687 4506 ut
712 4460 842 4522 pote
868 4456 1066 4511 mentis
1089 4458 1324 4514 sanitate
1349 4459 1636 4530 pollentes,
1661 4470 1756 4517 aut
1781 4470 1921 4518 tem-
1941 4531 1987 4538 _
2029 4467 2098 4523 ad
2126 4472 2310 4538 partes
2357 4461 2607 4519 boreales
2653 4463 2994 4516 commeante
3039 4454 3388 4526 proveniunt.
3436 4449 3519 4506 Ex
3546 4451 3628 4506 his

325 4558 428 4614 pus
446 4545 651 4615 patitur
677 4546 902 4604 ulterius
930 4549 1158 4607 limitem
1184 4552 1570 4624 disputationis
1597 4558 1840 4614 extendi.

397 4635 452 4692 8.
475 4635 595 4698 Sed
628 4653 936 4698 sermonem
959 4644 1130 4715 magis
1152 4644 1220 4701 ad
1246 4647 1454 4718 reliqua
1483 4658 1913 4722 retorqueamus.

325 4726 481 4800 Sint,
511 4732 709 4804 inquit,
735 4734 793 4792 in
829 4735 995 4811 signis
1021 4746 1073 4793 et
1105 4738 1163 4792 in
1191 4742 1522 4813 temporibus,
1554 4752 1604 4798 et
1630 4745 1687 4798 in
1715 4743 1916 4815 diebus,

399 4999 435 5070 ι.
455 4986 618 5070 Editi,
645 4989 897 5070 animalia
923 4995 1162 5064 quadam
1189 4994 1419 5070 putando
1461 4994 1688 5070 arbitrio
1703 5013 1796 5070 suo
1829 4998 1914 5070 fa-

325 5062 588 5134 mutanti:
617 5059 767 5134 quod
801 5076 924 5117 cum
935 5059 1138 5134 aperte
1161 5059 1414 5120 vitiosum
1435 5061 1525 5132 sit,
1552 5082 1621 5123 ex
1648 5066 1804 5123 Colb.
1829 5059 1919 5124 se-

326 5133 506 5211 eundo
535 5133 889 5211 correximus.
945 5133 988 5211 _'
1085 5208 1115 5211 __
1156 5209 1164 5211 _
1213 5195 1229 5211 .
1533 5208 1546 5211 _
1894 5185 1902 5193 .

401 5205 426 5243 ιι
452 5203 678 5282 Antiqui
705 5204 819 5282 duo_
838 5204 978 5273 libri,
1004 5203 1236 5278 “illiciat:
1267 5207 1419 5263 Alius
1447 5208 1642 5282 codex,
1675 5211 1915 5282 sit/ﬁcial.

326 5275 523 5330 Statim
548 5275 678 5331 editi
705 5275 895 5352 et_duo
932 5275 1090 5346 mss.,
1132 5289 1475 5352 torqueamus.
1531 5275 1681 5336 Alius
1722 5275 1918 5349 codex,

327 5355 729 5423 retorqueamus.
753 5345 958 5423 Graiae,
984 5345 1346 5423 ἐπανέλθαὶμεν.

333 5487 347 5502 .
404 5429 438 5502 ξ.
458 5417 596 5502 Illud
636 5436 732 5475 nos
774 5435 845 5477 ex
889 5420 1100 5480 duobus
1139 5417 1291 5482 libris
1317 5425 1592 5482 veteribus
1619 5423 1922 5482 addendum

326 5489 704 5558 judicavimus.
1235 5549 1247 5557 ,

403 5559 812 5643 dﬁnliqlfinduo
851 5566 1006 5633 libri,
1035 5568 1554 5643 ’propoginationem.
1589 5570 1758 5643 alius,
1789 5585 1916 5639 pro-

328 5632 597 5714 paginam.
622 5632 912 5714 Niquanto
931 5632 1059 5709 post
1081 5632 1237 5708 editi;
1256 5658 1318 5696 ac
1337 5642 1561 5697 aridum.
1595 5632 1753 5697 Libri
1769 5632 1919 5695 vete-

228 5743 247 5760 .
329 5702 437 5769 res,
471 5702 740 5762 torridam:

407 5785 431 5814 ο
459 5773 619 5837 Editi.
650 5779 956 5841 macrescit}
977 5782 1162 5845 Codex
1180 5792 1386 5850 noster.
1407 5786 1665 5845 eterotcii.
1689 5783 1751 5841 In
1769 5780 1920 5840 Grae-

1940 4531 2000 4596 D
2024 4531 2478 4622 considerandum
2506 4563 2590 4614 est
2607 4596 2622 4622 ,
2654 4563 2888 4627 quantus
2915 4550 3192 4607 radiorum
3220 4548 3403 4605 fervor
3429 4546 3629 4602 habea-

2026 4669 2137 4728 tur,
2169 4665 2225 4714 et
2250 4662 2483 4727 quantos
2509 4648 2818 4707 hominibus
2859 4659 3016 4701 casus
3068 4639 3284 4698 efficiat.
3330 4637 3463 4694 Post
3504 4637 3620 4691 haec

2029 4751 2192 4820 igitur
2221 4757 2435 4818 tempus
2463 4739 2774 4798 autumnale
2819 4733 3087 4800 succedit,
3139 4729 3288 4803 quod
3331 4728 3547 4802 frigoris
3573 4735 3628 4785 et

2027 5010 2114 5064 co,
2143 4989 2398 5072 παρ’ήμῐν
2425 4999 2534 5054 τοῖς
2564 4980 3218 5072 έςιηοσκίοιςηήειετοεεὶἱ.

2071 5065 2122 5106 ’ί
2163 5063 2382 5134 Antiqui
2410 5062 2516 5134 duo
2562 5057 2784 5134 libr1__et
2812 5055 3088 5134 _Gdll.l,-t.n
3140 5055 3321 5134 altum.
3371 5048 3439 5106 At
3467 5045 3622 5134 {loli}.

2026 5120 2325 5200 secundus:
2348 5135 2402 5187 in
2431 5133 2649 5188 alveum.
2683 5128 2774 5185 Sic
2811 5126 3126 5183 Eustathius
3165 5123 3356 5204 Latine
3395 5120 3629 5204 reddidit

2028 5192 2159 5265 illud
2189 5192 2400 5270 Basilii,
2433 5204 2516 5261 διὰ
2543 5206 2764 5275 στομίων
2793 5209 3000 5276 στειέῶν,
3031 5211 3152 5276 cum
3172 5192 3361 5276 potius
3385 5192 3628 5276 scribere

2029 5261 2324 5344 debuisset,
2350 5261 2446 5348 per
2469 5261 2696 5348 angusta
2719 5289 2844 5330 om.
2893 5261 3036 5336 Lege
3063 5261 3342 5330 Basilium,
3373 5261 3533 5339 ‘hom.
3569 5261 3624 5331 6,

2031 5349 2332 5486 ηυῗὲέίιί,
2381 5420 2437 5474 id
2479 5428 2556 5475 est
2595 5416 2789 5486 umbra;
2832 5411 3189 5486 nominantur.
3222 5406 3393 5486 vetus
3422 5413 3623 5486 noster

2027 5475 2415 5557 codexjid'est
2443 5490 2725 5545 biumbraa.
2751 5483 2904 5539 Colb.
2938 5479 3227 5557 secundus,
3257 5479 3316 5557 id
3353 5485 3430 5532 est
3451 5475 3622 5557 ςήωητ

2027 5547 2385 5621 Hemi—Ibidem
2409 5561 2531 5616 libri
2551 5567 2782 5621 veteres,
2808 5563 2857 5608 et
2876 5561 3115 5621 quantos.
3136 5549 3341 5605 Vocula
3363 5557 3413 5604 et
3435 5547 3624 5604 deerat

2027 5570 2159 5621 bres.
2187 5570 2385 5620 Ibidem
2409 5570 2531 5616 libri
2551 5570 2782 5621 veteres,
2808 5570 2857 5608 ει
2945 5570 3115 5606 amas.
3145 5570 3341 5605 vocula
3363 5570 3413 5604 ει
3435 5570 3617 5604 neera-

2025 5638 2082 5692 in
2111 5636 2362 5704 vulgatis.
2406 5631 2606 5687 Ibidem
2635 5627 2786 5696 editi,
2817 5570 2990 5695 elggit.
3021 5626 3092 5680 At
3117 5621 3293 5679 nostri
3321 5627 3435 5678 tres
3461 5633 3617 5685 mss.,

2025 5709 2232 5780 eﬁiciat.
