4110 6336
517 317 617 377 9M

1967 316 2328 375 EUSTATHII

3695 322 3800 380 93‘!

518 436 714 495 caloris
734 441 969 506 aequatas
995 432 1247 489 obtinens
1267 430 1564 505 portiones,
1594 433 1710 488 sine
1736 432 1978 488 molestia
2007 450 2105 489 nos
2134 421 2181 492 Α
2210 434 2531 502 venerimus,
2564 435 2984 504 magnitudinem
3013 449 3202 493 eorum
3231 444 3433 508 quanta
3463 438 3547 495 'sit
3585 439 3802 496 facilius

519 525 681 588 tradit
709 527 958 585 adventui
991 536 1014 564 η
1057 527 1331 597 sequentis
1360 527 1610 590 hibernii,
1643 525 1820 581 denuo
1856 525 2106 600 videlicet

517 613 632 679 sole
678 621 744 678 ad
791 619 1078 675 australem
1128 620 1401 692 regionem
1451 619 1518 673 de
1549 617 1815 688 aquilonis
1867 619 2106 689 partibus

516 719 808 768 remeante.
874 709 967 765 lla:
1014 717 1138 766 sunt
1184 709 1578 764 vicissitudines
1622 717 1940 779 temporum,
1989 723 2106 778 qua:

519 807 650 862 solis
680 805 1012 860 discursibus
1041 803 1379 870 famulantes,
1425 804 1588 858 vitam
1621 811 1860 858 nostram
1890 801 2109 872 dispen-

515 894 634 952 Sare
665 897 973 952 creduntur.
1007 893 1074 948 Et
1097 897 1217 962 sint,
1247 895 1438 964 inquit,
1472 897 1524 947 in
1550 896 1711 965 signis
1734 903 1782 948 et
1804 896 1855 948 in
1881 892 2060 948 diebus
2085 910 2103 948 :

522 1008 627 1047 non
651 1000 708 1045 ut
729 990 868 1045 diem
895 991 1092 1044 faceret
1115 990 1216 1055 sol,
1241 990 1331 1043 sed
1355 996 1414 1041 ut
1434 988 1540 1043 diei
1564 987 1949 1042 moderaretur.
1974 986 2107 1041 Nam

519 1083 648 1136 olim
679 1097 783 1136 nox
814 1089 868 1136 et
915 1079 1057 1146 dies,
1105 1087 1391 1148 antequam
1445 1078 1724 1132 luminaria
1771 1084 2104 1143 crearentur,

523 1174 728 1228 ell‘ectm
757 1181 898 1239 sunt,
923 1173 1064 1242 quod
1093 1171 1330 1226 declarat
1352 1179 1406 1226 et
1425 1171 1660 1240 psalmus
1681 1169 1864 1224 dicens
1889 1187 1901 1222 :
1927 1169 2109 1223 Posuit

517 1266 676 1320 solem
705 1266 760 1318 in
788 1271 1090 1333 potestatem
1121 1262 1251 1327 diei,
1293 1263 1490 1327 lunam,
1519 1269 1566 1315 et
1593 1261 1770 1314 stellas
1797 1262 1851 1314 in
1878 1270 2105 1330 potesta-

518 1365 620 1413 tem
660 1359 823 1412 noctis
855 1356 1037 1429 (Psal.
1077 1361 1269 1419 cxxxv,
1312 1352 1403 1425 8).
1453 1353 1736 1424 Quomodo
1767 1353 1794 1390 δ
1827 1353 1989 1421 igitur
2028 1341 2109 1408 sol

520 1449 687 1506 habet
715 1449 820 1504 diei
845 1448 1207 1519 potestatem?
1233 1447 1356 1516 quia
1380 1447 1554 1502 lucem
1578 1448 1631 1501 in
1660 1461 1719 1500 se
1746 1446 1860 1516 ipse
1883 1445 2110 1500 circum-

519 1540 719 1605 ferens,
755 1555 874 1595 cum
906 1539 971 1594 ad
1001 1538 1188 1594 orbem
1215 1554 1375 1608 quem
1404 1553 1502 1592 nos
1529 1535 1833 1592 habitamus
1862 1550 2106 1592 accesse-

2209 528 2524 598 reperimus.
2550 525 2643 584 Sol
2665 535 2844 584 autem
2868 529 2998 585 nulli
3019 545 3273 600 unquam,
3297 530 3382 586 vel
3413 531 3623 602 longius
3649 548 3802 590 asse-

2207 621 2344 674 ritur
2371 620 2397 656 ά
2421 635 2560 687 esse,
2591 620 2676 675 vel
2704 623 2940 692 propius,
2975 622 3048 676 ita
3075 638 3140 677 ex
3170 621 3316 677 omni
3346 631 3501 693 parte
3529 639 3653 695 quae
3675 625 3806 680 sub-

2203 709 2348 780 jecta
2375 720 2529 790 sunt,
2563 727 2716 782 aequa
2744 713 2899 769 lance
2938 721 3208 784 respectat
3241 731 3254 766 :
3286 728 3447 784 quem
3475 715 3591 770 Indi
3637 723 3809 786 atque

2210 803 2453 858 Britanni
2479 803 2729 859 similiter
2767 805 3063 860 intuentur.
3108 803 3292 876 Neque
3316 806 3460 862 enim
3489 821 3722 878 vergens
3751 808 3807 863 in

2209 913 2479 966 occasum,
2511 899 2878 954 habitantibus
2920 895 3218 966 Orientem,
3270 899 3338 955 de
3385 916 3479 955 sua
3522 899 3810 971 quippiam

2208 988 2576 1060 magnitudine
2603 989 2837 1044 sentitur
2856 989 3135 1053 amittere;
3167 1005 3270 1046 nec
3294 989 3350 1046 in
3379 990 3673 1047 Occidente
3700 1006 3810 1063 po—

2209 1078 2347 1140 sitis,
2381 1079 2560 1133 minor
2589 1087 2815 1149 apparet
2861 1079 3144 1148 exoriens,
3192 1095 3296 1137 nec
3322 1081 3538 1151 quando
3565 1081 3810 1138 medium

2209 1171 2331 1226 coeli
2355 1179 2502 1227 tenet
2523 1187 2700 1240 axem,
2725 1173 3002 1241 utriusque
3025 1172 3210 1228 lateris
3229 1174 3480 1228 immutat
3500 1182 3810 1244 aspectum.

2209 1262 2325 1317 Non
2358 1271 2410 1318 te
2437 1279 2566 1334 ergo
2610 1265 2845 1319 brevitas
2872 1264 2990 1334 ejus
3017 1265 3385 1336 contemplata
3415 1266 3671 1335 decipiat,
3702 1279 3813 1321 nec

2208 1355 2333 1422 quia
2362 1355 2607 1410 cubitalia
2633 1356 2927 1409 visentibus
2955 1355 3101 1410 orbis
3129 1371 3257 1410 suus
3281 1362 3504 1426 putatur
3531 1369 3674 1421 esse,
3704 1368 3809 1409 re—

2207 1462 2337 1503 vera
2361 1448 2481 1503 talis
2505 1449 2688 1503 haberi
2709 1449 2978 1519 putandus
2996 1457 3098 1503 est.
3115 1448 3343 1519 Semper
3364 1449 3507 1504 enim
3528 1449 3814 1504 cohaerere

2210 1541 2348 1596 solet
2374 1541 2776 1597 intervallorum
2799 1543 2993 1598 tractui
3018 1557 3197 1597 rerum
3218 1541 3500 1612 prolixitas
3529 1549 3811 1612 spectata-

513 1631 613 1701 rit,
638 1631 831 1686 solutis
852 1630 1109 1696 tenebris,
1150 1629 1294 1684 diem
1323 1637 1560 1701 praestat.
1593 1629 1710 1684 Non
1753 1643 1882 1697 ergo
1911 1627 2111 1682 fallitur
2207 1650 2349 1700 rum;
2374 1635 2622 1705 aciesque
2643 1635 2920 1690 oculorum
2943 1635 3209 1702 interjecti
3231 1636 3389 1705 spatii
3413 1633 3811 1704 longitudinem

518 1725 756 1796 quisquis
783 1723 925 1780 diem
969 1723 1285 1779 vocitaverit
1329 1739 1509 1779 aerem
1541 1724 1698 1778 istum
1719 1766 1731 1789 ,
1779 1723 1907 1778 solis
1947 1722 2109 1776 radiis
2211 1744 2317 1785 non
2350 1729 2652 1799 assequitur
2679 1728 2935 1784 intuendo
2955 1771 2967 1794 ,
3001 1728 3095 1782 sed
3123 1735 3379 1796 tanquam
3409 1726 3674 1782 deﬁciens
3704 1743 3811 1782 ex.

516 1818 860 1882 illustratum,
889 1826 944 1872 et
972 1818 1110 1872 hanc
1138 1816 1314 1871 diurni
1351 1816 1615 1886 temporis
1637 1830 1754 1870 esse
1776 1830 2102 1881 mensuram,
2137 1811 2185 1871 B
2212 1820 2482 1893 penditur,
2515 1829 2569 1874 et
2609 1823 2778 1888 magis
2818 1821 3180 1876 aestimatione
3210 1835 3371 1888 quam
3402 1820 3522 1874 visu
3541 1862 3554 1884 ,
3589 1834 3653 1875 ea
3683 1829 3811 1888 quae

520 1909 666 1980 quod
696 1910 751 1964 in
778 1908 1178 1979 hemisphmrio,
1209 1915 1270 1961 ut
1309 1907 1618 1977 opinantur,
1643 1905 1787 1976 quod
1809 1921 1969 1976 supra
2002 1912 2112 1960 ter-

519 2019 635 2065 ram
665 2011 769 2072 est,
808 2008 1191 2091 commqratur.
1224 1997 1330 2055 Sed
1359 2007 1411 2055 et
1443 1999 1496 2053 in
1526 1999 1702 2067 annis,
1734 1999 1928 2068 inquit,
1957 1998 2108 2068 signa

517 2093 620 2152 ista
651 2095 911 2166 disposita
940 2090 1083 2150 sunt.
1117 2092 1253 2148 Cum
1296 2091 1583 2148 duodecies
1613 2091 1773 2160 igitur
1816 2091 1986 2160 spatia
2027 2090 2111 2145 sui

514 2203 702 2244 cursus
732 2187 856 2241 luna
884 2185 1176 2257 peregerit,
1207 2199 1405 2238 annum
1435 2181 1596 2238 facit:
1629 2198 1792 2237 unum
1819 2189 1999 2236 tamen
2031 2181 2110 2234 in-

514 2281 620 2336 seri
649 2281 750 2336 sibi
774 2280 976 2350 ilagitat
995 2295 1258 2344 mensem,
1289 2288 1347 2334 ut
1376 2278 1680 2348 diligentius
1709 2279 1961 2333 horarum
1982 2293 2110 2348 pos-

514 2371 583 2427 sit
612 2371 790 2440 colligi
818 2368 1061 2441 perfecta
1090 2370 1376 2427 concursio
1421 2389 1434 2424 :
1481 2372 1620 2428 sicut
1649 2369 1857 2426 Hebrmi
1907 2385 2106 2424 annum

515 2463 808 2532 antiquitus
854 2461 1231 2532 observabant,
1278 2470 1333 2518 et
1377 2460 1690 2517 Gmcorum
1738 2461 2104 2517 vetustissimi.

519 2555 704 2612 Annus
752 2567 935 2613 autem
984 2558 1201 2614 solanus
1245 2566 1471 2613 vocatur
1515 2557 1781 2613 ordinatio
1829 2558 1992 2623 solis,
2041 2556 2109 2611 de

517 2658 674 2707 certo
700 2651 853 2721 signo
873 2651 926 2706 in
950 2651 1143 2707 eodem
1168 2666 1354 2706 rursus
1374 2666 1472 2721 per
1492 2665 1585 2706 sua
1615 2665 1673 2704 se
1692 2649 1915 2717 vestigia
1939 2648 2109 2703 revol-

525 2743 716 2799 ventis.

587 2835 641 2890 9.
674 2833 745 2888 Et
775 2836 897 2908 fecit
923 2831 1064 2889 Deus
1091 2835 1193 2889 duo
1222 2834 1504 2889 luminaria
1530 2849 1742 2905 magna.
1773 2817 2108 2900 Nuncupauo

517 2927 678 2997 igitur
698 2941 1018 2996 magnorum
1045 2927 1245 2997 duplex
1267 2935 1365 2991 est,
1390 2941 1621 2996 quorum
1651 2941 1754 2996 una
1777 2923 2106 2978 intellectum

517 3016 680 3074 habet
707 3018 1028 3086 absolutum,
1058 3018 1162 3072 alia
1195 3032 1325 3072 vero
1353 3025 1438 3072 est
1465 3031 1583 3086 quae
1606 3023 1858 3085 respectu
1884 3013 2108 3068 minoris

518 3110 647 3166 illud
667 3109 810 3180 quod
832 3116 916 3164 est
936 3109 1106 3180 majus
1130 3109 1370 3181 assignat
1393 3127 1406 3162 :
1432 3114 1489 3164 ut
1510 3117 1639 3178 puta
1664 3120 1889 3176 magnus
1913 3120 2103 3176 equus,

2215 1922 2511 1969 cernuntur
2551 1913 2766 1981 attingit
2809 1930 2820 1964 :
2869 1919 2922 1966 et
2970 1911 3092 1967 ideo
3136 1926 3235 1982 pro
3279 1925 3374 1966 sua
3421 1911 3682 1965 tenuitate
3709 1915 3805 1965 res

2213 2023 2407 2078 parvas
2436 2007 2708 2062 existimat
2736 2021 2854 2060 esse
2883 2021 3000 2076 quae
3031 2019 3236 2074 magnae
3265 2012 3422 2068 sunt,
3467 2003 3803 2058 imbecillita-

2213 2107 2321 2153 tem
2367 2099 2617 2152 videlicet
2663 2113 2813 2152 suam
2858 2097 2942 2151 his
2983 2112 3104 2166 qua:
3151 2097 3412 2167 conspicit
3459 2095 3806 2151 ascribendo.

2213 2188 2462 2246 Profecto
2493 2203 2621 2258 ergo
2651 2188 2905 2243 falluntur
2944 2189 3198 2252 obtutus,
3247 2196 3303 2243 et
3341 2186 3601 2257 judicium
3647 2185 3808 2241 ﬁdele

2213 2299 2321 2338 non
2353 2282 2568 2337 habent.
2623 2281 2933 2337 Recordare
2979 2295 3212 2349 namque
3259 2279 3629 2334 infirmitatem
3680 2293 3807 2348 pro-

2212 2376 2403 2446 priam,
2435 2383 2489 2429 et
2526 2391 2591 2429 ex
2623 2383 2676 2429 te
2706 2375 2822 2445 ipso
2881 2373 3061 2443 capies
3100 2387 3287 2427 eorum
3338 2386 3456 2440 quae
3483 2371 3630 2425 dicta
3679 2377 3803 2424 sunt

2213 2477 2609 2536 argumentum.
2633 2466 2819 2536 Itaque
2840 2467 2884 2522 si
2906 2465 3120 2536 quando
3141 2480 3209 2520 ex
3231 2465 3340 2519 alto
3369 2465 3574 2519 montis
3601 2463 3800 2518 vertice

2213 2560 2510 2630 subjectum
2559 2573 2872 2628 camporum
2920 2557 3198 2627 planitiem
3250 2554 3572 2626 respexisti,
3621 2567 3800 2608 nonne

2206 2655 2331 2722 juga
2360 2651 2524 2706 boum
2556 2660 2662 2703 tam
2686 2649 2928 2719 grandia,
2955 2648 3039 2704 vel
3061 2653 3305 2702 aratores
3327 2661 3535 2713 eorum,
3565 2645 3795 2701 formicis

2211 2745 2413 2800 similes
2437 2742 2728 2812 judicasti?
2755 2741 3108 2795 Nihilominus
3138 2739 3301 2795 etiam
3343 2739 3471 2794 dum
3499 2739 3555 2792 in
3585 2735 3788 2794 excelsa

2209 2836 2426 2906 specula
2455 2835 2683 2901 locatus,
2707 2833 2893 2887 oculos
2921 2832 2974 2885 in
3003 2832 3223 2902 pelagus
3253 2829 3585 2893 convertisti,
3610 2827 3779 2897 quales

2213 2929 2304 2982 tibi
2334 2927 2654 2981 videbantur
2681 2925 2905 2979 insulae?
2933 2923 3120 2978 Nonne
3140 2922 3509 2978 columbarum
3535 2918 3767 2991 parvissi-

2209 3034 2415 3073 marum
2445 3018 2537 3071 tibi
2567 3016 2900 3086 phantasiam
2929 3013 3214 3084 quamdam
3257 3013 3643 3084 perhibebant?
3682 3018 3772 3064 aut

2213 3123 2375 3163 naves
2402 3108 2664 3176 ingentes,
2694 3107 2826 3162 velis
2857 3117 2879 3144 ε
2912 3106 3334 3160 tumescentibus
3378 3087 3783 3173 candidis/pro-

519 3208 612 3257 aut
639 3213 866 3271 magnus
892 3200 1011 3256 bos.
1059 3199 1175 3256 Non
1225 3201 1369 3256 enim
1419 3216 1488 3255 ex
1534 3201 1699 3256 nimia
1746 3199 2110 3255 immensitate
2137 3186 2182 3248 C
2213 3212 2410 3274 specta:
2451 3202 2635 3272 procul
2683 3201 2846 3269 nigra:
2875 3201 3233 3270 putabantur?
3269 3198 3353 3254 0b
3380 3199 3488 3254 hoc
3525 3197 3788 3262 videlicet.

521 3308 741 3350 suorum
793 3307 1101 3364 corporum,
1154 3292 1249 3349 sed
1297 3307 1366 3348 ex
1415 3292 1820 3363 comparatione
1867 3291 2106 3355 alterius,

521 3383 890 3442 testimonium
945 3385 1243 3442 sortiuntur
1297 3383 1584 3455 ejusmodi.
1643 3382 1928 3450 Quomodo
1981 3393 2110 3450 ergo

519 3495 664 3536 nunc
690 3494 905 3535 sensum
947 3495 1107 3552 super
1135 3493 1454 3551 magnorum
1499 3477 1915 3549 appellationem
1943 3475 2109 3530 duca-

513 3571 678 3626 mus?
705 3571 814 3628 Sed
842 3574 1076 3642 priorem
1105 3571 1221 3626 sine
1260 3571 1423 3626 dubio
1449 3585 1694 3635 sensum,
1727 3577 1980 3639 tanquam
2005 3567 2107 3624 mi-

521 3675 656 3717 nora
710 3663 1003 3733 majoribus
1050 3660 1410 3729 conferentes,
1470 3661 1617 3717 velut
1671 3661 1966 3725 formicam,
2019 3668 2110 3713 aut

510 3754 663 3810 "aliud
693 3754 965 3824 quoddam
1012 3754 1214 3809 animal
1258 3761 1452 3809 natura
1500 3761 1724 3823 parvum
1753 3752 2107 3806 maximorum

523 3847 811 3903 collatione
839 3848 1231 3918 postpositum;
1280 3859 1347 3900 an
1379 3846 1557 3916 potius
1584 3844 1708 3915 quia
1759 3859 1858 3914 pro
1907 3841 2108 3909 ingenti

522 3939 692 3994 forma
720 3955 816 3996 sua
843 3934 1037 3995 merito
1063 3939 1348 3994 luminaria
1377 3950 1568 4008 magna
1597 3935 1880 3992 dicuntur?
1909 3934 1978 3987 Et
2003 3949 2110 3987 ma-

521 4031 602 4099 gis
628 4032 824 4103 opinor
851 4031 924 4086 ita
954 4030 1153 4086 debere
1180 4029 1425 4100 intelligi.
1448 4029 1565 4084 Non
1586 4029 1729 4083 enim
1753 4027 1878 4096 quia
1902 4025 2107 4094 majora

517 4132 648 4178 sunt
690 4123 808 4179 aliis
836 4123 1006 4179 stellis
1032 4135 1226 4193 magna
1253 4116 1654 4194 nuncupantur,
1683 4120 1777 4176 sed
1803 4120 1930 4190 quia
1961 4126 2107 4172 tanta

522 4215 814 4286 amplitudo
863 4225 946 4274 est
991 4216 1135 4271 orbis
1187 4215 1420 4282 illorum,
1464 4222 1522 4270 ut
1551 4213 1725 4283 fulgor
1754 4213 1846 4284 qui
1874 4227 1943 4266 ex
1972 4211 2102 4281 ipsis

522 4306 748 4370 eradiat,
777 4321 956 4361 aerem
980 4315 1154 4361 totum
1181 4306 1507 4362 sufﬁcienter
1533 4307 1816 4371 illuminet,
1849 4314 1903 4360 et
1935 4317 1956 4344 ο
1991 4305 2110 4359 ubi-

522 4411 627 4468 que
649 4404 947 4470 porrectus,
973 4406 1145 4453 terras
1166 4413 1353 4454 omnes
1379 4399 1657 4469 mariaque
1683 4399 1976 4466 contingat.
2004 4398 2106 4465 Qui

478 4509 481 4514 ·
521 4504 642 4544 cum
672 4491 727 4545 in
747 4489 983 4560 qualibet
1006 4491 1114 4560 poli
1146 4499 1316 4560 parte,
1339 4491 1423 4546 vel
1463 4490 1686 4546 oriendo
1705 4490 1790 4544 vel
1812 4489 2105 4545 occidendo

2211 3298 2335 3366 quia
2365 3313 2550 3351 sensus
2581 3304 2639 3351 ut
2669 3295 2901 3348 diximus
2931 3295 3236 3354 oculorum,
3272 3294 3426 3348 aeris
3467 3292 3792 3350 distentione

2210 3397 2456 3444 tenuatus
2516 3405 2622 3443 non
2668 3386 2865 3443 sufﬁcit
2919 3385 3376 3455 comprehendere
3415 3383 3634 3454 plenius
3675 3395 3792 3452 quc

2208 3483 2469 3538 visuntur.
2493 3481 2624 3534 Nam
2655 3486 2708 3534 et
2735 3479 2948 3549 rupiutn
2976 3478 3327 3531 maximarum
3352 3478 3404 3531 in
3433 3476 3604 3529 altum
3633 3489 3793 3530 cava-

2211 3582 2383 3628 tarum
2419 3572 2650 3628 rotunda
2681 3571 2946 3642 plenaque
2959 3577 3178 3640 putatur
3206 3569 3470 3639 aspectio;
3499 3567 3629 3622 dum
3659 3567 3794 3630 emi:

2209 3667 2458 3721 nentibus
2485 3663 2719 3733 undique
2746 3662 3077 3731 marginibus
3105 3667 3381 3730 occupata,
3412 3657 3652 3712 medium
3685 3672 3786 3711 ca—

2209 3757 2439 3811 vationis
2468 3757 2664 3819 locum,
2687 3769 2795 3809 non
2824 3753 2970 3808 valet
2993 3752 3131 3806 visio
3157 3749 3461 3806 defectionis
3486 3748 3773 3814 attingere.

2209 3849 2284 3903 ita
2313 3865 2415 3904 nec
2443 3863 2729 3918 corporum
2759 3847 3059 3910 schemata,
3087 3845 3266 3915 qualia
3305 3842 3408 3898 sint
3441 3840 3672 3896 advertit
3689 3840 3785 3895 iu-

2211 3942 2392 4005 tuitus,
2440 3941 2534 3996 sed
2581 3948 2782 3994 teretes
2827 3953 2945 3994 esse
2990 3925 3164 3992 turres
3201 3951 3319 4006 quae
3361 3933 3632 4003 quadratae
3656 3939 3794 3985 sunt

2209 4037 2514 4106 opinantur.
2546 4033 2761 4088 Certum
2785 4039 2869 4088 est
2907 4044 3058 4101 ergo,
3099 4031 3224 4100 quia
3251 4032 3305 4084 in
3347 4033 3367 4068 τ
3403 4026 3797 4099 prolixioribus

2210 4125 2503 4182 intervallis
2531 4107 2649 4180 non,
2683 4122 2978 4190 deﬁnitam,
3025 4122 3127 4179 sed
3174 4121 3452 4178 confusam
3495 4134 3797 4190 corporum

2209 4222 2448 4292 capimus
2476 4220 2757 4274 visionem.
2807 4218 2899 4273 Sic
2925 4227 2980 4273 et
3007 4217 3204 4286 magna
3229 4215 3511 4271 luminaria
3531 4253 3547 4280 ,
3591 4227 3800 4268 secun-

2210 4314 2337 4368 dum
2361 4312 2650 4382 Scriptum
2671 4310 3059 4376 testimonium,
3082 4308 3463 4378 multiplicium
3483 4312 3802 4374 suntquam

2207 4414 2514 4462 cernuntur.
2763 4390 2779 4414 ³

2280 4500 2364 4553 i0.
2397 4498 2548 4554 Licet
2567 4497 2694 4552 illud
2714 4510 2928 4566 quoque
2950 4494 3329 4563 magnitudinis
3347 4509 3534 4549 eorum
3565 4495 3638 4550 sit
3670 4511 3804 4567 pro-

519 4584 841 4650 constiterit,
872 4590 1190 4638 cunctorum
1235 4583 1542 4638 mortalium
1593 4583 1793 4638 visibus
1829 4583 2106 4652 aequaliter
2133 4564 2184 4624 D
2210 4591 2386 4648 babae
2419 4564 2817 4654 documentum,
2842 4564 2972 4657 quia
3000 4601 3120 4642 cum
3158 4588 3269 4640 sint
3297 4583 3526 4641 .iuﬁnim
3566 4564 3805 4646 nun—Im

520 4679 840 4748 apparescit.
861 4676 1028 4747 Cujus
1050 4676 1366 4745 magnitudo
1388 4676 1745 4732 certissimum
1768 4676 1930 4731 habet
1949 4676 2107 4731 docu-

517 4783 762 4826 mentum
789 4773 957 4840 rquin
989 4786 1088 4826 nec
1118 4772 1357 4840 ipsorum
1387 4771 1793 4825 luminat-iorum
1818 4771 2105 4826 collatione

519 4859 742 4916 latitudo
771 4870 963 4928 terraa,
997 4870 1196 4932 quanta
1226 4863 1295 4916 sit
1325 4863 1653 4931 assignatur;
1689 4872 1745 4918 ut
1773 4879 1871 4934 per
1897 4865 1998 4919 hoc
2023 4865 2103 4920 sol

517 4961 574 5008 et
603 4952 729 5006 luna
759 4953 845 5007 vel
872 4954 1110 5010 minores
1147 4969 1265 5008 esse
1312 4956 1694 5024 cornprehendi
1726 4956 1970 5021 valeant,
2020 4959 2103 5012 vel

515 5043 772 5114 majores.
817 5043 951 5100 Nam
1000 5061 1214 5115 semper
1243 5058 1305 5101 ea
1349 5061 1466 5117 quae
1510 5048 1718 5104 eminus
1743 5047 1920 5119 posita
1948 5059 2090 5116 sunt,

516 5137 709 5203 exigua
748 5136 952 5192 nostris
979 5144 1234 5206 putantur
1261 5138 1532 5196 obtutibus
1564 5158 1576 5193 :
1608 5156 1733 5196 cum
1778 5157 1906 5198 vero
1943 5141 2095 5213 juxta

585 5300 776 5376 {Editi
821 5313 876 5360 et
912 5304 1067 5361 Coib.
1118 5266 1342 5375 primus,
1390 5308 1644 5376 sequentis
1684 5277 1899 5364 hiberni.
1953 5312 2102 5367 Alter

513 5372 974 5448 Coiblsequentis
1012 5372 1253 5448 hiberni}.

543 5514 551 5529 '
584 5444 610 5482 ι)
640 5444 798 5509 Editi,
831 5449 965 5520 quod
992 5448 1170 5520 igitur.
1205 5446 1348 5503 Libri
1379 5455 1604 5516 veteres,
1630 5453 1882 5522 quomodo
1908 5455 2086 5527 igitur.

508 5513 712 5574 Graece.
744 5527 852 5574 πῶς
883 5516 986 5574 οὖν.

583 5544 696 5571 ἰυυῦ
744 5544 852 5572 πω”
883 5544 986 5574 ουν.

583 5596 606 5624 α
641 5554 950 5644 Αότιιειιίηαε
975 5590 1217 5645 voculam
1247 5599 1293 5644 et
1317 5606 1385 5645 ex
1413 5592 1620 5648 duobus
1648 5595 1938 5649 codicibus.
1975 5596 2088 5651 Ali-

503 5667 713 5723 quanto
735 5662 855 5728 post
875 5661 1002 5714 editi
1026 5669 1082 5715 et
1100 5661 1207 5715 duo
1231 5677 1379 5726 mss.,
1401 5663 1697 5718 mortalium
1716 5664 1911 5719 usibus.
1927 5665 2080 5721 Coib.

513 5729 796 5794 secundus,
829 5732 1122 5784 mortalium
1150 5731 1359 5784 visibus.

2205 4684 2389 4748 stellae,
2421 4683 2597 4751 fulgor
2620 4688 2801 4736 tamen
2830 4680 2922 4748 qui
2951 4679 3194 4750 procedit
3229 4693 3302 4733 ex
3327 4680 3428 4744 eis,
3459 4693 3569 4734 non
3605 4689 3806 4749 potest

2189 4783 2524 4831 nocturnam
2552 4771 2797 4828 scindere
2831 4769 3171 4826 densitatem.
3203 4768 3506 4826 Solautom
3539 4771 3674 4827 fusa
3701 4771 3804 4844 per

2205 4867 2461 4923 mundum
2488 4865 2627 4932 luce,
2655 4879 2762 4918 non
2791 4863 2950 4919 modo
2969 4878 3090 4918 cum
3119 4863 3259 4916 visus
3287 4862 3467 4926 fuerit,
3498 4863 3599 4917 sed
3631 4866 3805 4918 etiam

2205 4976 2324 5017 cum
2371 4958 2554 5014 venire
2595 4965 2839 5028 speratur
2865 4963 2919 5010 et
2961 4963 3246 5025 antequam
3289 4962 3461 5008 terras
3501 4953 3807 5029 illuminet,

2203 5053 2583 5110 obscuritatem
2611 5049 2784 5106 noctis
2807 5047 3067 5118 infringit,
3099 5046 3155 5103 et
3179 5058 3396 5120 superat
3423 5055 3570 5116 astra
3601 5057 3629 5096 ε
3665 5064 3807 5105 can.

2191 5150 2354 5221 .dore,
2384 5157 2667 5215 aeremque
2707 5151 2865 5200 terrae
2889 5143 3211 5215 proximum,
3237 5137 3440 5210 frigore
3465 5137 3808 5212 nebulisque

2185 5281 2265 5367 lin
2295 5327 2392 5366 ora
2416 5309 2543 5364 libri
2571 5307 2830 5378 scriptum
2846 5285 3159 5378 mutamus
3186 5303 3453 5378 moritur.

2276 5394 2299 5421 ε
2329 5382 2552 5436 Veteres
2593 5371 2698 5433 duo
2735 5377 2889 5441 libri,
2934 5375 3059 5434 velis
3102 5383 3374 5433 tumentes.
3403 5371 3559 5428 Alius
3587 5373 3807 5438 codex,

2197 5455 2319 5510 velis
2341 5449 2665 5507 tumemibus.
2692 5448 2930 5504 Subinde
2943 5445 3101 5504 Coib.
3119 5446 3410 5512 secundus,
3430 5443 3658 5500 rotundi
3682 5447 3808 5515 pla-

2199 5529 2361 5597 ηίιιυς
2374 5532 2618 5597 Putant"?
2645 5529 2898 5597 “speet”!-

2275 5597 2292 5636 ί
2323 5589 2480 5660 Editi,
2513 5595 2632 5666 quia
2673 5589 3059 5666 p'roliwioribus.
3108 5589 3178 5646 Λι
3225 5589 3334 5646 duo
3379 5602 3533 5650 ruas.,
3569 5589 3718 5657 quia
3749 5591 3809 5643 in

2181 5666 2572 5738 prolixioribus.

2263 5750 2288 5786 ε
2318 5738 2470 5794 Coib.
2500 5736 2782 5796 secundus,
2821 5745 3075 5788 astrorum
3104 5732 3401 5789 candorem.
3426 5727 3590 5784 Haud
3627 5729 3810 5801 longe

582 5793 612 5834 δ
641 5795 796 5852 Coib.
825 5802 1088 5855 secundus
1119 5803 1279 5855 habet
1307 5801 1359 5856 in
1386 5803 1645 5854 contextu
1665 5806 1946 5870 aspicitur;
1986 5806 2083 5862 sed
2189 5809 2337 5871 editi.
2369 5816 2720 5868 ueneraretur.
2753 5793 2897 5860 Libri
2927 5805 3152 5873 antiqui,
3181 5809 3486 5875 98W-

2841 5915 2952 5930 ..μ-σοι
