4110 6336
271 332 370 392 035

1233 324 1627 382 HEXAEMERI
1665 323 2151 382 METAPHRASIS
2198 325 2401 382 LIBER
2437 325 2523 382 VI.

275 424 576 509 concretum
603 449 881 515 dissolvit,
909 459 975 501 ac
1001 445 1215 501 discutit
1253 463 1265 499 :
1302 460 1372 500 ex
1411 459 1520 515 quo
1556 443 1858 498 matutinus
1887 453 1937 512 Α
1959 443 2292 499 dormientes
2333 445 2546 500 lucente
2576 444 2723 512 luna,
2765 451 3050 513 postquam
3079 441 3431 515 surrexerint,
3461 448 3547 502 in-

275 557 480 614 tentus,
512 556 566 602 et
595 548 785 602 humor
828 543 1089 623 roscidus,
1119 540 1332 612 quando
1360 554 1611 596 serenum
1659 545 1742 593 est
1765 549 1863 606 ge-

269 650 511 698 neratur.
541 639 720 694 Tellus
748 644 924 692 autem
953 650 1075 692 cum
1116 635 1185 689 sit
1232 633 1409 705 ampla
1451 631 1695 701 nimium,
1722 644 1863 700 quo-

275 735 436 790 modo
457 737 668 804 poterat
688 730 788 785 sub
817 745 924 784 uno
946 727 1203 798 temporis
1231 736 1530 794 momento,
1551 724 1715 782 radiis
1747 730 1864 779 tota

275 825 514 887 lustrari,
549 823 647 878 nisi
677 821 746 877 de
775 821 1008 875 maximo
1035 807 1164 874 solis
1191 818 1322 874 orbe
1351 818 1442 872 lux
1472 817 1522 871 ei
1564 815 1864 885 largissima

278 899 646 988 praaberetur?
668 913 765 968 Hic
791 928 935 967 nunc
961 911 1277 982 sapientiam
1296 908 1604 964 Conditoris
1624 907 1862 973 adverte,

277 1006 553 1078 quomodo
593 1005 932 1061 immensitati
961 1003 1076 1073 ejus
1119 1001 1445 1058 mediocrem
1493 1000 1598 1054 vim
1641 998 1867 1054 fervoris

283 1100 526 1175 adhibuit
556 1115 570 1153 :
602 1106 662 1154 ut
688 1112 788 1152 nec
833 1094 992 1150 ardor
1027 1093 1416 1150 immoderatus
1449 1101 1649 1148 terram
1699 1091 1870 1162 possit

283 1207 534 1260 exurere,
585 1205 684 1246 nec
732 1187 1122 1255 infructuosam
1171 1203 1290 1243 eam
1321 1187 1609 1256 denegatio
1654 1185 1870 1256 penitus

286 1286 481 1343 caloris
510 1283 763 1340 efﬁceret.
796 1280 890 1336 His
918 1295 1047 1336 vero
1075 1288 1437 1336 consentanea
1464 1279 1533 1333 de
1558 1279 1686 1333 luna
1731 1291 1868 1347 quo-

281 1395 392 1451 que
440 1377 724 1447 intelligito
748 1414 762 1439 ,
815 1375 969 1444 cujus
996 1389 1192 1444 corpus
1231 1388 1350 1428 cum
1381 1373 1449 1428 sit
1476 1371 1727 1438 lucidum,
1760 1385 1867 1425 non

286 1479 467 1526 tamen
511 1484 724 1540 semper
773 1465 1086 1537 magnitudo
1138 1465 1425 1536 conspicua
1477 1473 1562 1520 est
1605 1464 1701 1519 sed
1730 1479 1871 1520 nunc

289 1573 316 1600 α
338 1563 551 1633 quidem
581 1558 814 1630 perfecta
858 1559 1069 1614 videtur
1098 1559 1150 1612 in
1180 1558 1361 1628 globo,
1394 1572 1534 1611 nunc
1576 1555 1869 1625 semiplena

285 1653 510 1718 scilicet,
534 1649 630 1707 sed
655 1651 890 1706 minuata
920 1657 1266 1713 monstratur,
1315 1648 1689 1716 defectumque
1717 1661 1871 1701 suum

285 1744 496 1813 gemina
525 1752 679 1814 parte
705 1743 967 1812 designat.
997 1741 1115 1796 Alio
1145 1741 1287 1798 enim
1317 1741 1486 1795 latere
1515 1738 1872 1808 deprehendi-

1963 537 2186 592 veniunt
2210 537 2384 607 capita
2413 553 2508 592 sua
2552 538 2851 606 largissime
2878 553 2998 593 rore
3023 538 3312 595 madentia.
3346 539 3450 594 Sed
3493 548 3551 596 et

1963 639 2214 686 recentes
2263 645 2477 699 carnes,
2508 632 2552 684 si
2595 631 2694 685 sub
2743 632 2864 685 luna
2889 630 3187 700 jacuerint,
3216 630 3378 686 fluida
3425 649 3553 688 mox

1964 722 2249 794 putredine
2291 731 2729 792 corrumpuntur.
2762 722 3015 793 idemque
3044 724 3306 791 significat
3335 724 3550 794 pecori-

1968 830 2096 869 num
2116 815 2419 883 cerebrum,
2448 815 2534 870 vel
2563 817 2726 870 etiam
2748 817 2952 872 viscera
2981 817 3310 872 marinorum
3350 818 3555 872 anima-

1969 905 2118 968 lium,
2143 920 2262 975 quaa
2282 915 2404 961 sunt
2433 907 2784 972 humectiora,
2813 923 2912 962 nec
2935 923 3040 962 non
3065 911 3318 970 arborum
3343 909 3553 964 medul-

1971 999 2053 1066 lae,
2083 1014 2202 1068 quze
2230 1001 2410 1054 omnia
2457 1001 2638 1070 utique
2667 1002 2972 1057 nullatenus
2999 1002 3270 1059 sufﬁceret
3299 1004 3363 1058 ad
3403 1019 3555 1058 suam

1971 1090 2098 1144 luna
2136 1090 2379 1159 redigere
2413 1092 2762 1164 qualitatem,
2797 1094 2898 1148 nisi
2948 1095 3298 1164 amplitudine
3344 1095 3557 1149 virtutis

1971 1183 2285 1253 excelleret,
2315 1184 2606 1240 secundum
2637 1185 2928 1256 Scriptum
2955 1187 3339 1242 testimonium.

2045 1274 2130 1328 li.
2162 1273 2271 1330 Sed
2297 1283 2354 1329 et
2383 1275 2522 1330 aeris
2550 1284 2745 1342 motus,
2779 1277 2983 1332 hisdem
3026 1279 3152 1349 ipsis
3180 1279 3558 1333 comniutatio-

1973 1366 2134 1421 uibus
2158 1366 2488 1435 continetur,
2514 1367 2659 1423 sicut
2698 1368 2838 1423 luna:
2867 1370 3078 1425 novitas
3106 1378 3410 1436 attestatur,
3441 1384 3558 1439 quac

1973 1473 2040 1513 ex
2072 1457 2228 1526 longa
2256 1459 2573 1528 plerumque
2595 1462 2884 1517 serenitate
2904 1463 3082 1517 subito
3105 1464 3323 1518 nubium
3353 1465 3559 1531 glome-

1973 1549 2231 1614 rationes,
2285 1559 2341 1604 et
2386 1551 2824 1620 perturbationes
2873 1555 3186 1608 exsuscitat.
3237 1554 3560 1625 Euriporum

1982 1657 2198 1713 quoque
2228 1652 2437 1699 meatus
2456 1644 2657 1699 relluus
2682 1644 2787 1700 hoc
2813 1645 3036 1711 indicat,
3067 1645 3093 1684 ά
3125 1647 3207 1703 vel
3230 1649 3391 1703 etiam
3421 1649 3560 1704 recl-
3616 1665 3626 1674 '

1973 1741 2218 1810 precatio
2237 1740 2497 1810 Syrtium,
2527 1756 2644 1810 qua:
2671 1742 2858 1796 vicinze
2885 1742 3148 1797 habentur
3172 1741 3406 1809 Oceano,
3431 1759 3563 1814 quas

287 1845 374 1892 tur
401 1852 520 1892 esse
550 1837 852 1901 tenebrosa,
877 1849 999 1891 cum
1018 1835 1233 1901 crescit,
1258 1842 1312 1888 et
1339 1833 1445 1888 alio
1471 1848 1592 1887 cum
1614 1833 1868 1890 senescit.
1903 1847 1949 1906 Β
1974 1848 2072 1904 pro
2095 1833 2232 1886 inme
2256 1833 2617 1888 schematibus
2647 1834 2906 1889 concitari
2938 1834 3180 1889 locorum
3208 1834 3406 1890 accolae
3431 1850 3560 1904 pro-

290 1915 605 1990 Ratio'sane
649 1933 908 1989 secretior
946 1937 1046 1995 est,
1096 1927 1547 1997 dispensationem
1597 1927 1878 1986 declarans

290 2022 506 2078 artiﬁcis
541 2021 866 2083 Conditoris,
908 2033 1007 2089 per
1032 2031 1192 2088 quam
1224 2018 1363 2072 lunae
1391 2017 1646 2086 varietas,
1676 2026 1880 2076 natura:

295 2123 494 2170 nostrae
525 2112 678 2167 nobis
704 2110 1008 2180 exemplum
1041 2108 1273 2178 subjicit,
1304 2123 1371 2162 eo
1397 2107 1539 2178 quod
1569 2109 1696 2163 nihil
1719 2111 1771 2164 in
1791 2126 1880 2166 re-

291 2210 389 2264 bus
422 2207 670 2262 humanis
698 2204 1105 2276 perseverabile,
1140 2203 1165 2240 δ
1195 2203 1570 2273 diutinumque
1594 2205 1878 2272 consistat,

291 2300 388 2358 sed
434 2315 497 2355 ea
523 2313 642 2369 quas
668 2297 734 2352 de
781 2295 950 2351 nihilo
979 2296 1364 2364 producuntur,
1396 2295 1462 2350 ad
1512 2295 1712 2365 aliquid
1757 2311 1878 2349 cum

293 2391 645 2455 adoleverint,
675 2387 741 2443 ad
781 2400 1148 2455 summamque
1175 2401 1484 2441 mensuram
1528 2401 1637 2446 sua:
1685 2386 1882 2442 fuerint

292 2483 466 2538 astatis
495 2489 698 2547 erecta,
730 2477 984 2548 paulatim
1015 2477 1344 2531 tabescentia
1389 2477 1771 2532 dissolvuntur.
1803 2477 1881 2532 Ex

294 2574 435 2629 luna:
491 2585 618 2641 ergo
671 2569 1102 2626 consideratione
1148 2568 1406 2624 docemur
1458 2569 1741 2624 advertere
1795 2582 1882 2623 res

295 2663 568 2734 mortales,
602 2671 656 2715 et
677 2659 1057 2716 mutabilitates
1079 2653 1286 2738 illarum
1316 2659 1640 2738 cogitatione
1662 2659 1880 2729 capien-

298 2763 396 2820 tes,
423 2768 612 2808 cavere
636 2751 895 2806 debemus
923 2765 990 2804 ne
1021 2750 1179 2804 rebus
1207 2735 1333 2804 elati
1363 2735 1629 2814 secundis,
1661 2750 1874 2804 affecte-

295 2860 414 2899 mus
438 2844 738 2912 superbiam
762 2841 845 2895 vel
871 2840 1228 2906 insolentiam,
1263 2853 1361 2896 nec
1391 2840 1881 2905 contidamus.tem-

294 2935 462 3005 jorali
510 2934 786 3003 potentiae,-
814 2947 913 2988 nec
957 2931 1166 3002 opibus,
1197 2940 1288 2986 aut
1316 2931 1534 3001 divitiis,
1567 2947 1684 3002 qua:
1726 2933 1882 2986 nimis

293 3023 512 3081 incerta:
561 3030 703 3089 sunt,
733 3023 1070 3077 exaltemur:
1108 3023 1202 3077 sed
1247 3022 1594 3092 cupiditatem
1639 3023 1883 3093 corporis

295 3117 636 3186 castigemus,
673 3129 792 3184 quae
842 3115 1073 3168 maxime
1122 3114 1348 3168 habetur
1377 3114 1659 3180 instabilis,
1689 3122 1743 3168 et
1771 3114 1886 3168 dili-

1979 1923 2248 1979 diderunt.
2281 1924 2466 1996 Euripi
2521 1927 2679 1981 etiam
2731 1927 2784 1980 in
2830 1935 3114 1996 utramque
3171 1934 3379 1998 partem
3422 1923 3563 1984 soliti

1979 2028 2105 2076 sunt
2129 2023 2349 2090 prepria
2373 2021 2568 2076 leniter
2587 2019 2788 2077 ﬂuenta
2818 2030 3153 2090 convertere,
3183 2005 3390 2092 reliquo
3421 2023 3563 2078 omni

1982 2121 2224 2184 tempore
2271 2131 2282 2166 :
2326 2129 2449 2169 cum
2478 2130 2607 2169 vero
2635 2115 2762 2169 luna
2808 2115 3063 2182 nascitur,
3096 2114 3412 2169 nullomodo
3441 2130 3566 2184 pos-

1981 2215 2108 2262 sunt
2132 2208 2430 2276 quiescere,
2479 2207 2573 2262 sed
2600 2207 2904 2262 vehementi
2935 2207 3145 2262 fervore
3173 2221 3384 2277 semper
3423 2209 3565 2260 exse.

1981 2308 2183 2367 stuant,
2237 2299 2412 2357 donec
2465 2300 2592 2357 luna
2645 2313 2834 2355 rursus
2893 2307 3184 2370 appareat,
3232 2298 3564 2354 sedationem

1983 2393 2266 2448 commotis
2315 2392 2616 2447 turbinibus
2669 2391 2914 2446 allatura.
2967 2389 3222 2446 Similiter
3277 2389 3560 2446 occiduum

1983 2500 2134 2539 mare
2161 2484 2381 2540 crebros
2418 2499 2667 2540 accessus
2694 2485 2896 2555 patitur
2919 2491 2986 2539 et”
3013 2497 3276 2546 recessus,
3309 2479 3468 2536 modo
3491 2479 3568 2534 al-

1983 2577 2137 2630 luens
2196 2577 2374 2631 littora
2425 2573 2694 2640 lluctibus,
2749 2575 2912 2630 modo
2953 2573 3270 2629 destitucns.
3303 2569 3380 2627 ita
3424 2568 3568 2627 velut

1981 2670 2300 2740 quibusdam
2356 2669 2493 2726 lunae
2523 2670 2900 2739 spiraminibus
2945 2678 3094 2725 retro
3139 2669 3473 2734 subducitur,
3507 2677 3562 2722 et

1984 2761 2177 2816 iterum
2205 2760 2321 2829 ejus
2350 2760 2587 2816 exundat
2613 2762 2945 2834 impulsibus.
2971 2761 3096 2816 Haec
3141 2761 3302 2832 igitur
3339 2759 3564 2815 disserui

1981 2853 2049 2910 ad
2104 2854 2508 2925 exprimendam
2561 2853 2980 2923 magnitudinem
3036 2853 3478 2916 luminariorum,
3509 2858 3565 2904 et

1983 2946 2106 3016 quia
2127 2961 2228 3002 nec
2256 2960 2426 3015 usque
2451 2945 2519 3001 ad
2548 2960 2706 3000 unam
2736 2945 2999 3018 syllabam
3029 2945 3261 3000 otiosum
3291 2942 3416 3014 quid
3448 2957 3567 2998 esse

1982 3045 2162 3109 potest
2203 3035 2523 3106 spiritalium
2556 3045 2966 3107 praeceptorum,
2999 3051 3119 3090 cum
3147 3043 3294 3090 certe
3339 3032 3469 3088 nihil
3498 3031 3568 3089 de

1983 3129 2363 3185 secretioribus
2395 3144 2575 3186 sermo
2599 3128 3012 3200 deprompserit.
3038 3126 3203 3184 Multa
3237 3127 3378 3204 enim
3408 3139 3570 3195 super

295 3207 529 3278 gentiam
570 3206 746 3276 potius
775 3206 964 3260 animus
994 3203 1308 3272 tribuamus,
1334 3205 1483 3274 cujus
1511 3206 1711 3261 bonum
1739 3222 1880 3261 sem-

1986 3221 2354 3294 amplitudine,
2387 3222 2472 3277 vel
2521 3221 2817 3278 intervallis
2861 3221 2990 3278 solis
3035 3227 3090 3276 et
3132 3219 3297 3281 luna),
3332 3217 3570 3288 reperire

295 3313 393 3371 per
419 3306 600 3353 manet
645 3297 939 3352 immobile.
971 3297 1123 3363 Quod
1167 3298 1210 3352 si
1241 3304 1295 3352 te
1338 3297 1558 3353 forsitan
1587 3299 1709 3352 luna
1756 3315 1885 3354 con-

295 3389 490 3455 tristat,
524 3389 722 3444 sensim
751 3389 992 3460 deposita
1022 3389 1140 3444 luce
1161 3387 1451 3456 deﬁciens;
1483 3390 1601 3460 plus
1629 3398 1681 3445 te
1710 3389 1886 3444 anima

259 3493 262 3495 ·
295 3479 514 3536 debebit
556 3479 793 3549 afﬁcere,
833 3495 952 3550 quae
991 3481 1254 3536 honorem
1282 3496 1442 3552 quem
1469 3496 1536 3537 ex
1564 3481 1740 3536 divina
1768 3482 1880 3536 vir-

295 3581 411 3630 tute
436 3573 698 3645 percepit,
729 3573 924 3628 amittit
967 3574 1389 3644 intemperantim
1421 3574 1566 3639 vitio,
1613 3589 1886 3644 nunquam

295 3665 506 3720 ﬁrmum
535 3667 872 3737 propositum
914 3681 1154 3735 servans,
1181 3667 1274 3721 sed
1305 3666 1514 3721 assidue
1559 3681 1618 3720 se
1645 3673 1882 3732 vertens,

296 3766 356 3814 ut
383 3766 512 3830 pote
562 3759 723 3816 nullis
749 3761 1066 3816 constantiae
1094 3761 1226 3815 fulta
1252 3759 1538 3830 repagulis.
1575 3769 1598 3798 ο
1626 3757 1705 3812 Re
1745 3759 1887 3813 enim

297 3865 426 3907 vera
451 3851 743 3908 secundum
772 3852 1118 3921 proverbium
1151 3870 1162 3903 :
1207 3852 1335 3907 Sine
1358 3866 1476 3905 voce
1516 3852 1639 3904 tuna
1663 3859 1891 3904 mutatur

297 3943 513 4018 (Eccﬁ.,
545 3960 710 4011 nm,
737 3943 846 4014 12).
879 3942 1083 4014 Opinor
1109 3951 1292 3999 autem
1318 3943 1463 4012 quod
1489 3951 1545 3998 et
1573 3943 1889 3997 animalibus

295 4037 565 4104 creandis,
618 4037 935 4108 ueterisque
980 4038 1230 4095 omnibus
1254 4053 1374 4107 quae
1424 4045 1570 4094 terra
1621 4038 1888 4108 producit,

298 4149 408 4188 non
455 4148 618 4204 parva
665 4131 940 4198 confertur
967 4147 1033 4187 ex
1081 4133 1221 4188 luam
1267 4133 1564 4188 mutatione
1613 4131 1885 4188 formatio.

299 4223 472 4279 Aliter
497 4239 728 4295 namque
756 4239 876 4280 cum
925 4223 1163 4294 perfecta
1192 4232 1308 4292 est,
1360 4231 1416 4279 et
1443 4223 1601 4280 aliter
1629 4238 1749 4280 cum
1799 4222 1894 4278 de-

297 4318 518 4385 crescit,
570 4333 761 4374 corum
809 4332 1039 4389 corpora
1094 4316 1469 4388 disponuntur.
1529 4315 1685 4373 Modo
1741 4316 1886 4370 enim

257 4486 264 4490 _
298 4411 510 4466 laxiora
539 4411 788 4466 videntur
815 4418 869 4466 et
899 4426 1064 4467 vacua
1091 4427 1213 4466 cum
1263 4411 1524 4478 senescit,
1554 4410 1718 4466 modo
1748 4411 1889 4465 inte.

244 4487 264 4490 ﬂ
298 4515 396 4570 gra
420 4510 476 4558 et
497 4501 699 4573 repleta
720 4519 843 4558 cum
873 4499 1069 4559 crescit
1093 4521 1104 4555 :
1130 4503 1383 4572 quoniam
1406 4502 1684 4558 humorem
1707 4517 1893 4574 quem-

1987 3315 2188 3386 poterit
2210 3313 2518 3382 cogitando,
2548 3315 2640 3384 qui
2690 3329 2796 3369 non
2826 3312 3093 3368 desidiose
3135 3309 3444 3366 affectiones
3473 3324 3569 3364 eo-

1988 3424 2105 3463 rum
2136 3409 2468 3476 virtutesque
2496 3406 2760 3477 disquirit.
2788 3405 3150 3472 Quamobrem
3169 3411 3387 3474 Oportet
3407 3416 3567 3456 accu-

1987 3515 2108 3555 sare
2147 3515 2298 3554 suam
2343 3513 2612 3568 quemque
2650 3497 2828 3567 potius
2859 3494 3278 3551 imbecillitatem
3314 3511 3326 3546 :
3361 3501 3416 3546 ut
3461 3507 3568 3547 non

1990 3588 2438 3660 magnificentiam
2465 3596 2722 3644 creatura:
2751 3587 2928 3643 verbis
2957 3587 3208 3642 humanis
3237 3584 3414 3640 metiri
3440 3599 3566 3654 pos-

1989 3695 2047 3736 se
2073 3680 2341 3736 credatur.
2366 3677 2472 3734 Sed
2494 3695 2560 3734 ex
2582 3679 2763 3751 paucis
2790 3694 2907 3748 quae
2936 3679 3076 3734 dicta
3097 3685 3239 3744 sunt,
3265 3675 3571 3732 considera-

1990 3790 2052 3832 re
2089 3773 2364 3842 convenit,
2399 3781 2599 3846 quanta
2629 3780 2684 3827 et
2727 3773 2905 3842 qualia
2934 3772 3041 3826 sint
3069 3771 3156 3824 illa
3183 3780 3205 3808 ο
3235 3784 3354 3838 quze
3374 3775 3566 3839 praete-

1991 3866 2232 3923 rivimus.
2263 3864 2380 3920 Non
2433 3879 2561 3933 ergo
2609 3864 2742 3918 velis
2771 3863 2938 3919 oculis
2989 3862 3167 3918 lunam
3189 3902 3202 3926 ,
3236 3859 3328 3915 sed
3354 3859 3569 3913 ratione

1991 3959 2168 4028 potius
2192 3957 2481 4024 testimare,
2504 3971 2623 4024 quae
2659 3955 2886 4010 validius
2905 3939 3067 4022 quam
3099 3960 3365 4024 aspectus,
3393 3951 3459 4004 ad
3488 3950 3569 4004 in-

1991 4050 2301 4106 ventionem
2347 4047 2491 4102 valet
2543 4045 2780 4102 veritatis
2826 4046 3109 4101 accedere.
3145 4043 3356 4102 Fabula:
3412 4041 3572 4112 igitur

1993 4141 2183 4204 aniles,
2217 4147 2376 4210 atque
2426 4125 2656 4193 risibiles
2692 4137 2891 4208 ubique
2946 4136 3368 4208 percrebuerunt
3401 4151 3412 4185 :
3445 4132 3570 4202 quia

1994 4233 2214 4302 magicis
2243 4232 2570 4288 carminibus
2600 4232 2725 4286 luna
2753 4231 2969 4286 sedibus
2998 4237 3221 4286 evocata
3246 4228 3313 4284 de
3340 4227 3573 4300 propriis

1995 4325 2287 4383 deducatur
2313 4324 2378 4379 ad
2406 4333 2622 4380 terram.
2657 4322 2835 4378 Primo
2861 4307 3074 4392 quidem
3103 4319 3374 4392 quomodo
3397 4326 3574 4393 potest

1995 4417 2046 4470 vi
2085 4424 2335 4472 cantuum
2376 4415 2716 4484 submoveri,
2742 4430 2905 4485 quam
2935 4415 3051 4484 ipse
3100 4411 3330 4466 firmavit
3375 4410 3572 4478 altissi-

1995 4510 2149 4564 mus?
2177 4507 2378 4564 Deinde
2406 4508 2527 4578 quis
2568 4523 2686 4564 eam
2724 4507 2875 4562 locus
2915 4505 3216 4576 susciperet
3242 4495 3572 4560 descenden-

301 4594 431 4650 dam
460 4608 582 4649 cum
610 4595 789 4650 calore
816 4595 1161 4666 permixtum,
1193 4596 1415 4650 interius
1444 4595 1527 4651 his
1553 4596 1784 4652 latenter
1813 4595 1887 4652 in-
1921 4614 1973 4674 D
1999 4601 2138 4656 tem?
2167 4599 2260 4656 Vis
2289 4609 2469 4656 tamen
2497 4614 2565 4655 ex
2591 4599 2773 4669 parvis
2800 4596 3007 4652 indiciis
3041 4594 3419 4664 magnitudinis
3448 4590 3570 4660 ejus

300 4689 498 4744 fundit.
546 4688 700 4756 Quod
746 4690 820 4745 ita
848 4705 967 4745 esse
1011 4689 1386 4746 demonstrant
1412 4690 1448 4745 ii
1497 4690 1591 4759 qui
1635 4690 1736 4746 sub
1761 4690 1884 4748 divo

377 4902 402 4930 ιι
433 4890 655 4969 Antiqui
675 4890 785 4946 duo
807 4888 926 4945 libri
954 4896 1014 4969 et
1036 4889 1186 4969 editi,
1217 4905 1307 4943 nec
1327 4888 1530 4969 quidem
1555 4891 1884 4969 perfectam:

300 4965 452 5018 detur
475 4964 529 5016 in
551 4955 720 5031 g'lobo,
753 4977 844 5014 nec
889 4955 1217 5031 semiplena».-
1244 4955 1389 5031 quod
1419 4975 1446 5011 a
1480 4955 1708 5031 librariis
1740 4960 1882 5014 aliud

238 5033 256 5102 ᾖ
301 5028 664 5102 cogitantibus
711 5030 965 5102 scriptum
992 5028 1266 5102 oportuit;
1324 5028 1744 5102 alioquiuenim
1777 5046 1882 5102 non

302 5097 414 5159 tam
461 5101 689 5167 absurda
717 5097 1074 5169 scripsissent.
1106 5099 1174 5152 At
1200 5109 1347 5152 recte
1386 5099 1438 5152 in
1466 5097 1619 5169 Colb.
1651 5099 1884 5154 secundo

302 5176 377 5262 ita
414 5173 787 5263 legiturtnuzrc
1098 5185 1233 5222 nunc
1259 5169 1558 5238 semiplena.
1592 5168 1647 5223 In
1676 5169 1881 5237 (ὲκ-ωηο,

301 5268 407 5354 νωίι
699 5244 832 5393 genio
878 5327 1033 5393 1115s,,
1079 5312 1435 5393 diumu_mqu_e_,
1476 5320 1789 5393 corrupte.“
1817 5313 1886 5374 At

303 5385 591 5474 emendate
609 5385 801 5454 legitur
820 5385 874 5440 in
899 5382 1053 5440 Colb.
1078 5381 1342 5449 secundo,
1359 5381 1728 5455 diutinumque.
1750 5381 1891 5439 Gre

311 5473 406 5568 ce;
429 5480 826 5591 ἵιῖἔιὲοιῖέωιὴίἰ,
853 5527 929 5582 Re
947 5528 1085 5582 enirn
1112 5543 1228 5588 uera
1248 5525 1527 5581 secundum
1545 5526 1889 5595 prouerbium,

311 5599 440 5670 Sine
484 5616 601 5656 uoce
645 5599 772 5656 [una
800 5606 1043 5664 mutatur,
1095 5597 1425 5670 respondent
1452 5597 1556 5652 illis
1578 5596 1778 5670 Basilii,
1809 5606 1890 5670 Τῷ

309 5668 418 5730 ὄντι
460 5673 581 5745 γὰρ.
612 5675 743 5730 κατὰ
766 5674 826 5728 τὸ
875 5672 1156 5745 εἰρημένον,
1188 5668 1242 5723 Ὁ
1273 5668 1443 5744 ἄφρων
1473 5675 1540 5728 ὡς
1591 5669 1768 5728 σελήνη
1797 5668 1889 5724 ἀλὲ-

309 5743 564 5800 lacerat.
625 5742 751 5798 Vere
783 5741 960 5800 enim.
1014 5749 1070 5794 ut
1119 5741 1312 5794 dictum
1351 5750 1459 5800 est,
1512 5739 1714 5795 Stultus
1763 5741 1895 5794 sicut

309 5765 564 5808 Λαονται,
627 5765 751 5798 vere
783 5765 960 5806 6mm,
1014 5765 1070 5794 ut
1119 5765 1312 5794 “totum
1351 5765 1459 5805 eu,
1512 5765 1714 5795 atauus
1763 5765 1894 5794 διαιι

303 5814 440 5870 huc
488 5821 716 5868 mutatur
757 5810 993 5876 (.Eocli"
1047 5826 1212 5886 xxvu.
1240 5809 1377 5873 12).
1427 5813 1774 5867 Revertamur
1829 5811 1895 5865 ad

1991 4694 2234 4766 accipere
2257 4692 2661 4748 documentum.
2689 4689 2951 4744 Civitates
2996 4689 3158 4757 igitur
3177 4687 3300 4755 qua:
3351 4685 3407 4739 in
3435 4683 3566 4740 orbe

1986 4889 2352 4970 proverbium
2378 4888 2649 4970 _Eus}ath_ii
2680 4927 2696 4954 ,
2735 4887 2895 4970 ‘quod
2917 4959 2930 4970 _
2953 4888 2998 4942 si
3044 4889 3436 4970 .cognovissent
3483 4887 3575 4970 qui

1986 4958 2114 5016 olim
2143 4959 2425 5029 proverbia
2458 4959 2616 5030 simul
2667 4958 2968 5028 colligenda
3013 4958 3113 5014 sibi
3159 4968 3573 5030 proposuerant,

1990 5031 2042 5086 id
2091 5028 2304 5100 quoque
2348 5030 2466 5085 aliis
2505 5029 2704 5084 addere
2745 5045 2850 5085 non
2901 5028 3225 5086 omisissent.
3263 5028 3421 5084 ’Puto
3476 5044 3574 5083 au-

1990 5111 2099 5158 tem
2156 5117 2352 5156 novum
2410 5100 2538 5155 illud
2582 5102 2926 5171 proverbium
2981 5101 3105 5157 inde
3166 5100 3363 5155 factum
3416 5113 3533 5171 esse
3559 5138 3576 5162 ,

1991 5171 2133 5246 quod
2165 5171 2475 5246 Eustathius
2505 5169 2791 5246 prodeam
2827 5173 3016 5242 legerit
3045 5171 3284 5246 &pmy_o;_:
3317 5184 3421 5246 qua
3445 5169 3576 5246 falsa

1991 5239 2257 5315 scriptura
2309 5243 2398 5315 ubi
2451 5239 2618 5298 semel
2665 5239 2924 5315 deceptus
2979 5251 3061 5297 est
3074 5239 3096 5308 ,’
3121 5240 3254 5315 nihil
3301 5241 3494 5315 mirum
3534 5239 3576 5294 si

1991 5309 2202 5384 quidvis
2229 5314 2409 5384 potius
2438 5317 2782 5383 expresserit,
2803 5309 2974 5384 ‘quam
3005 5312 3146 5382 quod
3178 5309 3435 5384 oportuit.

2071 5383 2095 5421 ἀ
2121 5381 2316 5440 Totum
2347 5381 2604 5455 illud,_'vel
2636 5387 2787 5440 etiam
2808 5381 3147 5455 reciprocatio
3188 5381 3440 5452 Syrtium,
3471 5396 3584 5455 qua

1996 5458 2175 5512 vicina
2204 5455 2455 5512 habenti"
2485 5453 2722 5520 Oceano,
2751 5451 2924 5525 quam
2945 5454 3125 5525 inepte
3151 5451 3462 5525 expressum
3485 5451 3580 5518 ’sit,

1997 5542 2324 5596 cognoscere
2364 5529 2487 5582 licet
2511 5542 2578 5582 ex
2607 5522 2804 5581 Basilio
2832 5522 3052 5580 humilia
3077 5522 3133 5592 6,
3161 5522 3324 5578 ntim.‘
3341 5523 3401 5576 ll
3426 5565 3440 5591 ,
3472 5538 3581 5578 non

1998 5599 2157 5667 longe
2185 5601 2253 5655 ab
2277 5599 2449 5654 initio.

2075 5665 2285 5736 e'Editi,
2311 5686 2424 5742 qua:
2449 5669 2789 5751 prater-irritis.
2807 5665 2967 5750 _Colb.
3000 5665 3287 5732 secundus,
3307 5680 3588 5790 (iniecitm-

2075 5743 2281 5790 inimus.
2331 5741 2520 5790 Statim
2552 5739 2698 5790 editi.
2738 5754 2901 5790 immo
2939 5737 3085 5790 [auod
3123 5752 3304 5790 auomo
3344 5754 3394 5790 ο.
3472 5735 3580 5790 olb,

2000 5743 2281 5804 (eripimus.
2323 5735 2520 5794 Statim
2552 5738 2698 5801 editi,
2738 5739 2901 5805 primo
2939 5737 3085 5809 quod
3123 5735 3394 5809 quomodo.
3425 5735 3580 5790 Colb,

2001 5813 2281 5877 secundus,
2312 5812 2474 5880 primo
2509 5810 2710 5879 quidem
2739 5807 3011 5878 quomodo.
