4110 6336
597 325 705 388 955

2050 318 2411 379 EUSTATHII

3764 302 3864 371 936

601 453 868 500 terrarum
894 440 1084 514 positae
1107 445 1255 510 sunt,
1279 439 1455 512 longis
1481 455 1514 497 a
1561 454 1621 496 se
1646 437 1836 511 spatiis
1861 435 2186 507 disjungun-
2218 436 2273 496 Α
2296 430 2364 487 Ει
2389 432 2458 488 de
2504 428 2870 499 magnitudine
2910 426 3125 498 quidem
3155 424 3286 482 solis
3313 431 3370 480 et
3409 423 3548 479 luna:
3591 421 3861 480 hactenus.

603 543 708 589 tur.
733 532 932 588 Harum
956 533 1168 605 plateae,
1200 547 1320 604 quae
1347 531 1416 588 ad
1441 538 1651 604 partem
1671 530 1969 601 respiciunt
1995 524 2184 581 Orien-

604 628 694 697 tis,
737 626 1015 697 aequaliter
1056 641 1249 684 omnes
1296 626 1484 682 lunare
1537 625 1718 680 lumen
1763 620 2057 693 excipiunt.
2090 617 2185 672 His

602 717 764 786 igitur
791 719 1022 786 cunctis,
1052 719 1156 774 nisi
1181 733 1367 775 coram
1395 717 1522 773 luna
1549 717 1823 774 videretur
1841 755 1856 780 ,
1890 713 2036 769 solos
2065 711 2188 765 illos

603 814 695 883 qui
725 813 979 870 adversus
993 828 1114 868 eam
1141 813 1303 883 positi
1323 820 1449 867 sunt
1476 811 1790 881 angiportus
1817 807 2186 880 perlustraret,

604 920 701 961 eos
728 913 906 960 autem
926 905 1018 975 qui
1042 904 1382 959 latitudinem
1405 903 1546 958 illius
1574 900 1860 980 excedunt,
1878 906 1940 954 ut
1964 893 2094 968 pote
2122 911 2190 950 ex

605 1006 914 1054 transverso
950 999 1246 1064 venientes,
1295 997 1444 1052 nullo
1492 995 1658 1051 modo
1712 993 1975 1049 visitaret.
2035 987 2192 1055 Quod

608 1092 770 1148 etiam
800 1092 1016 1147 lucerna
1039 1090 1184 1146 domi
1209 1105 1440 1146 accensa
1467 1088 1722 1154 declarat,
1753 1100 1916 1155 quam
1942 1083 1986 1139 si
2013 1081 2195 1152 plures

607 1183 1082 1253 circumsteterint,
1128 1183 1316 1238 umbra
1359 1181 1573 1237 illorum
1607 1179 1700 1250 qui
1757 1193 1940 1234 coram
1993 1175 2194 1231 fuerint

607 1283 756 1330 recta
775 1274 1090 1345 porrigitur,
1117 1273 1451 1344 reliquorum
1477 1285 1608 1327 vero
1636 1271 1691 1325 in
1712 1276 1997 1338 utramque
2021 1263 2195 1320 flecti-

611 1375 699 1422 tur
719 1375 951 1437 partem.
976 1365 1057 1420 Ita
1078 1366 1182 1421 nisi
1201 1364 1560 1420 immensitate
1581 1370 1635 1418 et
1662 1359 2013 1431 amplitudine
2041 1358 2198 1413 luna-

609 1471 672 1512 re
693 1472 890 1526 corpus
918 1455 1227 1521 excelleret,
1260 1468 1534 1524 nunquam
1565 1467 1756 1507 omnes
1783 1450 1942 1506 simul
1970 1450 2200 1518 attinge-

611 1555 716 1603 ret.
748 1545 883 1600 Nam
909 1561 1032 1601 cum
1060 1544 1126 1600 de
1145 1544 1516 1601 solstitialibus
1544 1545 1786 1599 exoritur
1810 1543 2075 1614 partibus,
2104 1557 2200 1598 eos

512 1675 525 1685 .
613 1638 706 1707 qui
742 1637 1175 1707 septentrionalis
1223 1636 1338 1690 axis
1365 1636 1612 1691 habitant
1649 1634 1895 1703 frigidam
1923 1636 2201 1704 regionem

612 1729 892 1799 aequaliter
918 1729 1203 1794 illuminat,
1229 1735 1285 1783 et
1305 1727 1428 1783 illos
1451 1736 1475 1765 α
1507 1728 1600 1798 qui
1625 1727 1681 1782 in
1711 1725 2056 1782 inferioribus
2082 1741 2201 1782 me-

2289 529 2391 597 Qui
2418 541 2548 582 vero
2579 524 2734 582 nobis
2762 521 3009 594 prmstitit
3056 519 3405 585 intellectum,
3437 525 3496 572 ut
3536 532 3605 572 ex
3643 515 3865 572 minimis

2287 627 2548 676 creaturae
2595 614 2780 679 rebus,
2813 612 3075 668 infinitam
3117 603 3438 681 sapientiam
3483 620 3866 676 cognoscamus

2290 711 2528 775 artificis,
2561 714 2782 779 praestet
2809 705 2970 761 etiam
2999 718 3161 774 super
3180 701 3478 770 majoribus
3497 714 3598 754 nos
3616 697 3869 753 mximas

2291 803 2648 873 cogitationes
2677 800 2746 854 de
2775 790 3069 853 Conditore
3095 793 3394 865 percipere,
3427 804 3740 861 quanquam
3766 787 3871 858 ejus

2292 896 2601 962 collatione,
2627 893 2710 950 sol
2743 900 2802 957 et,
2824 891 2951 946 luna
2992 888 3335 944 formicarum
3365 883 3654 940 credantur
3683 881 3874 938 habere

2293 1002 2618 1044 mensuram.
2642 983 2707 1039 Et
2734 983 2855 1039 ideo
2898 982 3026 1037 licet
3042 980 3206 1048 digna
3235 994 3342 1032 non
3367 978 3492 1039 sint,
3525 975 3550 1014 ι’
3585 981 3645 1030 ut
3676 989 3745 1028 ex
3796 973 3873 1027 bis

2295 1081 2490 1137 divina:
2536 1076 2920 1148 magnitudinis
2957 1071 3340 1142 contemplatio
3387 1069 3653 1140 capiatur,
3705 1067 3872 1136 parvis

2295 1182 2480 1231 tamen
2516 1171 2836 1242 quibusdam
2865 1167 3282 1237 caliginosisque
3319 1161 3592 1235 parabolis
3635 1158 3873 1214 videmur

2298 1267 2512 1336 instrui,
2540 1267 2680 1321 sicut
2705 1275 3091 1330 nonnunquam
3120 1256 3372 1312 animalia
3399 1254 3630 1320 minora,
3662 1250 3877 1306 velber-

2299 1362 2396 1418 bas
2425 1357 2672 1415 conferre
2694 1357 2929 1413 solemus
2958 1352 3282 1423 ingentibus.
3316 1349 3469 1404 Nunc
3496 1364 3624 1403 vero
3647 1345 3878 1402 contenti

2300 1455 2468 1510 simus
2494 1451 2636 1509 serie
2661 1457 3037 1511 narratorum;
3080 1458 3166 1498 me
3194 1441 3447 1496 videlicet
3474 1445 3674 1508 agente
3697 1437 3880 1507 gratias

2303 1547 2376 1612 ei,
2397 1545 2490 1615 qui
2517 1543 2649 1598 mihi
2678 1543 2782 1596 hoc
2810 1538 3063 1611 pusillum
3086 1532 3350 1594 sermonis
3377 1531 3558 1600 exigui
3586 1546 3784 1584 munus
3809 1536 3880 1583 at-

2304 1636 2491 1693 tribuit
2534 1653 2547 1688 :
2589 1633 2743 1689 vobis
2787 1646 2918 1687 vero
2967 1627 3279 1697 largitorem
3319 1622 3579 1695 spiritalis
3625 1619 3879 1675 alimonia:

2306 1726 2742 1802 prmdicantibus,
2766 1724 2858 1794 qui
2885 1738 2984 1778 vos
3010 1720 3158 1775 velut
3184 1719 3490 1774 hordeaceo
3516 1729 3686 1786 pane,
3715 1711 3764 1768 id
3789 1720 3879 1778 est,

614 1821 837 1880 ridiana:
859 1821 1028 1892 plagae
1056 1821 1185 1877 solis
1212 1821 1312 1875 sub
1337 1835 1474 1875 zona
1495 1827 1781 1876 versantur
1808 1817 2040 1875 aestifera
2067 1819 2200 1875 vali-
2230 1815 2280 1876 B
2305 1832 2504 1880 nostrae
2525 1821 2674 1876 vocis
2704 1817 2967 1874 tenuitate
2987 1812 3186 1869 cibavit
3212 1812 3268 1866 in
3297 1809 3571 1882 prmsenti,
3605 1815 3880 1878 pascatque

615 1915 804 1971 tudine
828 1915 1217 1987 complectens,
1247 1914 1605 1969 certissimum
1636 1913 1865 1984 propriae
1893 1912 2047 1968 nobis
2086 1928 2202 1968 ma-

615 2007 911 2079 gnitudinis
939 2015 1158 2080 przestat
1191 2007 1465 2063 indicium.
1498 2004 1629 2072 Quis
1660 2020 1789 2075 ergo
1833 2006 2205 2062 contradicere

617 2109 822 2175 potest,
864 2109 1112 2158 astruens
1152 2117 1259 2156 non
1300 2116 1420 2156 esse
1458 2115 1656 2170 corpus
1697 2099 1813 2168 ejus
1860 2099 2201 2167 immensum,

617 2209 742 2252 cum
769 2212 870 2269 per
897 2204 978 2253 tot
1007 2205 1266 2267 tantaque
1315 2203 1580 2251 terrarum
1609 2194 1889 2249 intervalla
1915 2194 2209 2253 tendatur?

693 2321 720 2348 κ
746 2310 932 2366 Codex
985 2326 1138 2383 unus,
1191 2312 1246 2365 in
1273 2310 1623 2383 inferioribus.
1658 2310 1862 2366 Vocula
1898 2310 1954 2364 in
1982 2310 2051 2383 ab
2079 2313 2198 2369 edi-

618 2382 689 2454 tis
735 2383 942 2454 aberat.
973 2382 1262 2451 Aliquanto
1308 2380 1434 2451 post
1476 2381 1625 2447 editi,
1665 2383 1751 2452 qui
1794 2383 1931 2436 ideo.
1979 2380 2200 2454 Antiqui

619 2453 728 2509 duo
756 2453 897 2520 libri,
923 2454 1009 2524 qui
1033 2469 1170 2508 vero.

2308 1916 2363 1972 in
2391 1923 2702 1988 posterum;
2730 1925 2831 1982 pro
2867 1917 2986 1964 rata
3014 1904 3276 1975 cujusque
3306 1903 3429 1958 ﬁdei
3459 1897 3736 1973 portion‘e,
3755 1915 3878 1970 pne-

2308 2019 2458 2068 stans
2485 2007 2641 2064 nobis
2669 2003 3056 2060 revelationem
3081 1999 3312 2071 Spiritus
3336 1995 3391 2070 (1
3418 1995 3542 2051 Cor.
3567 2010 3665 2060 xu,
3701 1993 3774 2064 7);
3799 1992 3876 2049 cui

2309 2102 2480 2174 gloria
2507 2099 2562 2153 in
2587 2095 2802 2153 Christo
2821 2091 2968 2161 Iesu,
2993 2104 3138 2146 nunc
3157 2097 3216 2145 et
3241 2101 3478 2159 semper,
3501 2086 3556 2141 in
3586 2084 3780 2142 saecula
3801 2097 3878 2138 saa-

2315 2196 2584 2254 culorum.
2607 2189 2797 2246 Amen.

2372 2308 2400 2348 ι)
2449 2306 2654 2363 Vocula
2699 2311 2758 2358 ut
2801 2301 3000 2358 omissa
3059 2299 3232 2354 fuerat
3273 2311 3306 2351 a
3353 2293 3713 2364 typographis
3749 2311 3762 2348 :
3803 2287 3877 2349 sed

2301 2397 2424 2442 eam
2443 2378 2761 2443 addidimus,
2792 2381 3037 2430 veterum
3064 2369 3327 2426 librorum
3351 2363 3512 2422 fidem
3535 2363 3732 2420 secuti.

617 2559 3846 2604 h—_____—————_—___—_________——————-——-——-

1579 2632 2044 2741 LIBER
2099 2635 2950 2746 SEPTIMUS.

703 2793 754 2852 ‘l.
783 2778 852 2850 Et
892 2794 1024 2850 dixit
1052 2791 1233 2849 Deus:
1258 2790 1490 2866 Ejiciant
1510 2809 1660 2866 aqua:
1687 2795 1897 2866 reptilia
1927 2797 2221 2851 animarum

595 2873 893 2954 i‘vivarum,
937 2897 987 2942 et
1022 2887 1255 2942 volatilia
1292 2887 1524 2941 volantia
1570 2886 1661 2940 sub
1707 2888 2036 2957 ﬁrmamento
2080 2889 2215 2944 caeli.

2325 2801 2538 2870 lemque
2585 2799 2906 2856 monstravit
2953 2796 3242 2854 inefl'abilis
3283 2803 3339 2852 et
3364 2793 3647 2864 magnifica
3675 2789 3760 2847 Dei
3781 2785 3866 2844 vir-

2323 2901 2429 2962 tus,
2455 2893 2720 2961 simulque
2746 2891 3181 2963 praeceptionem,
3204 2904 3326 2960 qua:
3351 2888 3480 2957 data
3502 2895 3584 2942 est
3604 2884 3755 2953 aquis,
3775 2895 3857 2950 op-

634 2978 764 3036 Post
790 2990 816 3018 ιι
842 2979 1246 3035 luminariorum
1274 2977 1672 3044 formationem,
1695 2993 1832 3048 aqua
1855 2981 2018 3034 etiam
2042 2980 2219 3050 reple-
2320 2985 2622 3056 portuuitas
2647 2983 3020 3039 viviticationis
3041 2981 3358 3051 insequitur.
3392 2977 3616 3049 Ejiciam
3634 2989 3761 3046 aquae
3783 2987 3854 3024 re-

630 3079 723 3126 tur
751 3070 1102 3136 animalibus;
1147 3079 1208 3125 ut
1248 3078 1304 3125 et
1345 3070 1451 3126 hoc
1491 3078 1775 3127 ornaretur
1803 3071 2056 3127 videlicet
2099 3071 2213 3127 ele-

633 3171 898 3218 mentum.
924 3162 1092 3218 Terra
1120 3163 1263 3217 enim
1289 3162 1400 3232 jam
1439 3162 1640 3218 dudum
1668 3164 1734 3220 de
1754 3166 1985 3237 propriis
2012 3167 2210 3236 germi-

631 3253 789 3310 nibus
817 3267 1114 3322 congruum
1139 3253 1304 3309 decus
1351 3263 1637 3325 acceperat
1687 3275 1699 3308 :
1748 3257 1943 3312 coelum
1995 3274 2213 3329 quoque

629 3346 907 3402 stellarum
944 3345 1105 3402 flores
1133 3355 1494 3418 assumpserat
1525 3367 1538 3401 :
1579 3359 1635 3403 et
1661 3349 1808 3405 velut
1837 3351 2062 3420 geminis
2086 3366 2214 3407 ocu-

631 3437 716 3505 lis,
741 3438 794 3493 id
821 3447 923 3505 est,
951 3438 1335 3508 conjunctione
1365 3440 1722 3496 maximorum
1749 3443 2009 3498 luminum
2038 3442 2213 3499 fuerat

637 3537 1002 3585 venustatum.
1033 3529 1318 3600 Reliquum
1347 3539 1484 3598 erat,
1514 3540 1576 3587 ut
1603 3534 1757 3603 aquis
1795 3534 1960 3588 etiam
1988 3533 2217 3589 familia-

2317 3079 2470 3150 ptilia
2492 3079 2784 3132 animarum
2809 3079 3056 3132 vivarum.
3079 3075 3233 3131 Nunc
3252 3074 3490 3146 primum
3519 3067 3750 3125 animalia
3770 3063 3863 3134 spi-

2326 3171 2521 3239 rantia,
2569 3185 2866 3242 sensusque
2921 3168 3138 3240 capacia
3184 3166 3212 3205 (ι
3265 3173 3618 3236 generantur.
3663 3156 3873 3227 Virgulta

2322 3261 2465 3316 enim
2496 3268 2551 3317 et
2595 3261 2816 3317 arbores
2854 3275 3158 3330 quanquam
3185 3258 3370 3313 vivere
3390 3255 3662 3318 dicuntur,
3691 3259 3745 3305 ut
3769 3256 3877 3320 pote

2325 3353 2501 3409 alendi
2527 3354 2912 3424 crescendique
2934 3357 3090 3408 nacta
3117 3345 3395 3414 virt'iitem,
3427 3362 3538 3403 non
3565 3355 3741 3400 tamen
3765 3355 3880 3396 con-

2321 3447 2475 3502 tinuo
2515 3447 2808 3502 animantia
2836 3454 2962 3502 sunt
2990 3443 3353 3514 intelligenda.
3395 3441 3463 3496 Et
3491 3440 3562 3496 ob
3591 3439 3694 3494 hoc
3713 3435 3838 3492 dixit
3867 3449 3880 3484 :

2321 3538 2556 3610 Ejiciant
2575 3557 2723 3612 aqua:
2743 3541 2968 3612 reptilia.
2999 3537 3170 3593 Omne
3191 3551 3359 3608 genus
3386 3531 3550 3604 igitu’r
3578 3529 3888 3592 natantium,

634 3621 712 3677 ris
740 3621 1019 3678 decoratio
1047 3615 1382 3681 redderetur.
1413 3625 1574 3682 Venit
1601 3627 1628 3667 ι)
1659 3629 1949 3700 praeceptio
1983 3648 1995 3683 :
2028 3629 2215 3686 confe-
2241 3639 2288 3704 ρ
2319 3639 2432 3694 sive
2459 3639 2601 3709 quod
2646 3640 2871 3694 summis
2919 3637 3170 3695 fluctibus
3217 3633 3568 3706 s'uperfertur,
3597 3633 3711 3687 sive
3749 3626 3893 3699 quod

633 3713 867 3785 stimque
895 3715 1043 3771 lacus
1071 3723 1127 3770 et
1168 3714 1314 3771 fluvii
1331 3728 1461 3798 'pro
1510 3733 1610 3774 suo
1657 3735 1872 3790 quoque
1899 3734 2097 3788 genere
2123 3721 2211 3776 vel

632 3813 826 3862 natura
851 3806 1270 3878 perficiebantur
1296 3809 1573 3876 uberrimi,
1606 3826 1754 3867 mare
1789 3813 1918 3880 quin
1943 3813 2107 3866 etiam
2137 3812 2211 3866 ita

628 3899 962 3955 diversorum
988 3901 1286 3956 natantium
1325 3901 1498 3958 fetura
1538 3903 1849 3974 complevit,
1880 3912 1941 3958 ut
1980 3919 2210 3961 annosa:

627 3990 868 4062 paludes,
903 3991 1210 4062 vadosaque
1251 4001 1442 4064 stagna
1473 3995 1708 4050 otiosam
1753 3995 1841 4050 vel
1870 3996 2076 4050 irritam
2105 3996 2208 4050 mi-

630 4082 774 4137 nime
821 4082 929 4136 vim
975 4085 1267 4152 generandi
1296 4087 1586 4142 tenuerint.
1617 4087 1781 4142 Ranae
1821 4088 1985 4142 etiam
2019 4096 2076 4143 et
2101 4103 2212 4142 mu-

629 4187 754 4237 scae,
783 4173 1087 4243 calicesque
1117 4176 1240 4231 inde
1265 4179 1379 4232 sine
1417 4177 1580 4232 dubio
1608 4178 1955 4248 pullularunt.
1989 4178 2120 4232 Nam
2147 4193 2212 4233 ea

632 4277 755 4332 quae
781 4264 942 4319 modo
971 4266 1241 4336 videntur,
1271 4277 1664 4323 transactorum
1687 4270 1889 4324 faciunt
1915 4271 2210 4326 documen-

630 4360 762 4407 tum.
805 4352 884 4408 lta
914 4357 1090 4411 omnis
1130 4371 1266 4425 aqua
1305 4359 1595 4426 cogebatur
1641 4361 1922 4431 opiﬁcibus
1953 4372 1976 4400 α
2010 4363 2212 4419 servire

629 4446 933 4514 praeceptis.
958 4445 1090 4500 Nam
1111 4462 1340 4515 quorum
1360 4463 1461 4504 nec
1485 4463 1685 4518 genera
1707 4453 1921 4520 quidem
1943 4454 2212 4524 quispiam

593 4544 597 4547 '
627 4531 828 4592 sufﬁcit
849 4537 1138 4608 explicare,
1165 4555 1352 4596 eorum
1379 4543 1548 4598 vitam
1577 4560 1702 4599 mox
1730 4540 1999 4616 vegetam,
2029 4549 2208 4603 mobi-

704 4680 731 4708 ⁸
761 4656 923 4739 Editi,
973 4676 1117 4744 prius
1151 4678 1500 4751 inminerium
1539 4681 1870 4751 fonnatione.
1925 4681 1996 4735 At
2043 4686 2216 4739 nostri

629 4747 755 4824 tres
782 4757 934 4824 mss.,
981 4755 1112 4824 post.
1141 4746 1549 4824 luminariorum
1583 4752 1963 4824 formationem.
2015 4751 2084 4824 E_t
2140 4755 2213 4810 ita

628 4805 992 4878 Eustathium,
1012 4817 1114 4870 nisi
1137 4815 1296 4873 fuerit
1318 4820 1537 4874 omnino
1563 4805 1710 4877 r'udis
1738 4805 2012 4878 sacrarum
2043 4805 2213 4880 Litte:

2323 3741 2379 3794 in
2407 3742 2530 3797 altis
2557 3741 2854 3811 gurgitibus
2881 3740 3208 3808 diversatur,
3237 3735 3471 3808 profecto
3516 3741 3761 3788 naturam
3804 3744 3892 3784 re—

2320 3843 2504 3914 ptandi
2547 3844 2795 3899 sortitum
2823 3851 2934 3910 est;
2958 3841 3087 3898 dum
3113 3857 3213 3912 per
3240 3852 3422 3910 aquam
3452 3845 3475 3873 ο
3498 3849 3694 3905 corpus
3721 3830 3898 3887 trabi-

2327 3952 2433 4008 tur,
2458 3959 2768 4016 quanquam
2813 3952 2869 4000 et
2895 3943 3123 4014 pedibus
3150 3939 3404 3998 nonnulla
3431 3944 3645 3994 utantur
3673 3943 3733 3991 et
3758 3947 3904 4002 gres-

2315 4044 2481 4100 sibus.
2531 4043 2600 4099 Et
2643 4044 2770 4100 licet
2813 4044 2980 4100 multa
3029 4044 3096 4100 de
3147 4043 3251 4099 illis
3291 4041 3586 4096 habeantur
3637 4036 3905 4104 ambigua,

2316 4146 2456 4202 sicut
2475 4146 2627 4201 vituli
2653 4146 2866 4213 marini,
2898 4154 2954 4202 et
2973 4143 3229 4202 crocddili
3247 4150 3305 4199 et
3331 4157 3480 4198 ranae
3513 4148 3570 4196 et
3595 4138 3802 4204 cancri,
3833 4145 3908 4190 ta-

2321 4262 2446 4302 men
2474 4247 2553 4303 eis
2589 4249 2888 4318 praecipuus
2930 4255 3014 4302 est
3041 4254 3274 4301 natatus.
3318 4242 3641 4314 Propterea,
3684 4239 3912 4312 Ejicimit

2319 4363 2467 4419 aqua;
2514 4348 2740 4418 reptilia.
2783 4347 2840 4402 ln
2878 4347 2962 4402 his
2990 4347 3150 4416 igitur
3195 4343 3528 4400 brevissimis
3575 4337 3915 4396 sermonibus

2277 4447 2296 4464 ⁸
2319 4452 2504 4506 omnia
2548 4465 2746 4520 genera
2773 4451 3132 4507 continentur.
3165 4445 3305 4514 Quid
3347 4447 3494 4500 enim
3525 4459 3642 4499 non
3674 4456 3917 4511 comprc-

2335 4551 2560 4610 bensum
2601 4563 2684 4611 est
2732 4554 2752 4592 ί
2797 4562 3064 4625 praecepto
3105 4550 3401 4608 creaturae?
3428 4548 3556 4604 Sive
3582 4548 3682 4604 illa
3727 4543 3917 4601 dixeris

2325 4701 2622 4766 μιουργικῷ.
2649 4679 2852 4746 ibidem
2882 4689 3027 4756 editi,
3058 4703 3272 4760 quorum
3293 4703 3503 4759 genera.
3535 4683 3703 4742 Colb.
3736 4697 3919 4740 secun-

2324 4760 2442 4816 dus.
2475 4779 2693 4816 auorum
2721 4779 2812 4816 nec
2843 4777 3051 4816 aenera.

2363 4777 2442 4823 us,
2475 4779 2693 4833 quorum
2721 4779 2812 4816 nec
2843 4777 3051 4834 genera.

2396 4830 2421 4869 ἀ
2446 4831 2585 4888 Editi
2616 4841 2672 4888 et
2716 4833 2822 4888 duo
2871 4847 3024 4896 mss.,

3113 4838 3410 4892 atteruntur,
3437 4838 3687 4896 utpote,
3722 4834 3828 4880 etc.
3863 4833 3922 4877 At

629 4895 828 4967 Larum,
861 4885 1139 4967 scripsisse
1168 4889 1398 4967 arbitror
1430 4908 1442 4942 :
1472 4906 1643 4962 eoque
1672 4893 2040 4967 magis,_quod
2073 4895 2205 4964 apud

2321 4885 2483 4959 Colb.
2499 4885 2785 4960 ἐξὲξ)υῆᾱᾶεῂ
2797 4885 2885 4958 ita,
2894 4885 2952 4956 ut
2962 4885 3257 4956 edidimus.
3289 4885 3407 4955 Nec
3426 4885 3827 4967 dubium'quin
3856 4896 3920 4949 ita

629 4948 1166 5042 Basiltiumglegamus,
1194 4965 1432 5042 pcrdfn'v
1452 4948 2210 5042 τῶνξφωᾳτήᾷωίδγῖμιουργῖάξξ

708 5021 733 5059 ι’
765 5018 1085 5107 E_diti,.v'enit
1114 5018 1408 5107 prticgptio,
1439 5018 1810 5107 confestimque
1832 5018 2058 5088 (debet
2077 5018 2221 5106 fluuii

628 5098 838 5178 proprio
869 5098 1068 5178 quique,
1102 5107 1206 5153 etc.
1235 5098 1578 5178 Celbertinu's
1597 5098 1895 5178 secundus,
1928 5108 2060 5178 venit
2077 5098 2217 5161 ἐθη-

653 5170 800 5246 fatim
819 5170 1216 5246 pra'ceptiogua
1240 5170 1381 5222 lacus
1410 5179 1458 5224 et
1486 5173 1634 5246 ﬂuuii
1649 5191 1742 5244 pro
1765 5192 1857 5229 suo
1879 5170 2083 5246 quique,
2107 5186 2212 5233 etc.

655 5233 783 5316 ξοιι).
811 5233 1015 5317 primus
1044 5233 1206 5317 uti'in
1231 5233 1503 5317 contextu.
1532 5233 1735 5299 ideirco
1765 5233 1942 5317 autem
1979 5233 2214 5302 'Co'lber-

629 5311 800 5385 tinum
827 5311 1054 5385 primum
1084 5311 1263 5385 potius
1291 5312 1686 5385 secutisuinus,
1713 5315 1855 5383 quod
1878 5331 2065 5370 vocem
2091 5335 2216 5371 con-

630 5378 800 5458 festim
835 5377 974 5458 male
1012 5377 1253 5458 in'Colb;
1279 5382 1516 5458 secundo
1562 5377 1970 5458 locari-constet
1996 5402 2065 5458 ex
2109 5388 2213 5442 Ba:

627 5445 865 5523 Silian_is_._
883 5445 1023 5516 Lege
1053 5452 1193 5523 hom.
1223 5452 1274 5519 7,
1305 5468 1451 5507 num.
1486 5452 1535 5517 l,
1567 5464 1676 5509 non
1711 5448 1868 5523 longe
1896 5457 1962 5510 ab
1992 5457 2166 5514 initio.

700 5527 722 5553 σε
754 5516 906 5596 Colb.
939 5521 1224 5599 secundus,
1251 5516 1450 5599 opiﬁcis
1472 5525 1660 5599 servire
1680 5516 1969 5596 praeceptis.
2001 5529 2124 5594 Sed,
2150 5537 2208 5583 ut

627 5589 954 5656 monuimus,
971 5589 1232 5670 librarius
1259 5589 1402 5670 credi
1424 5597 1618 5650 merito
1641 5589 1822 5666 potest
1847 5589 2121 5652 nonnulla
2140 5599 2208 5654 de

627 5673 746 5741 suo“
773 5661 1092 5741 correxisse,
1125 5661 1403 5741 elegantia}
1431 5681 1592 5722 causa
1621 5661 1739 5741 aut
1785 5669 2206 5737 explanationis.

629 5723 806 5807 blalim
836 5730 996 5797 igitur
1030 5723 1132 5788 hoc
1161 5723 1280 5788 loco
1312 5735 1578 5807 vulgatam
1621 5723 1927 5803 lectionem,
1958 5753 2078 5806 qua:
2107 5739 2206 5793 ad-

629 5805 821 5861 lectivc
841 5813 1081 5858 sumatur
1107 5805 1556 5869 quemadmodum
1577 5816 1632 5865 et
1653 5823 1758 5868 vox
1777 5807 1984 5877 Caeca,
2007 5817 2080 5887 τιξι
2109 5809 2206 5870 δη·-

2323 4975 2430 5063 legi
2459 4983 2732 5063 opqrteat,
2761 4989 2895 5063 cuni.-
2913 4973 3174 5063 scriptum
3200 4971 3271 5026 sit
3298 4969 3438 5041 apud
3466 4966 3768 5035 Basiliam,
3803 4967 3926 5041 φυτὰ

2321 5049 2420 5122 γὰρ
2443 5051 2525 5101 καὶ
2546 5045 2726 5121 δένδρα
2753 5045 2844 5117 κᾷν
2868 5050 2953 5119 ζῇν
2978 5045 3192 5115 λέγεται.

2399 5128 2422 5154 ο
2451 5115 2613 5184 Editi,
2643 5125 2848 5187 corpus;
2871 5115 3111 5187 (ra/titur,
3141 5113 3276 5185 quod
3313 5119 3361 5187 et
3405 5109 3633 5187 pedib_us
3678 5107 3925 5164 nonnulla

2323 5190 2555 5259 nitantur
2590 5181 2640 5259 et
2667 5181 2946 5259 gressibus.
2973 5182 3128 5259 Colb.
3153 5181 3428 5259 secundus
3459 5189 3519 5259 ut
3553 5182 3923 5259 incontextu.

2325 5258 2441 5314 Hoc
2463 5259 2578 5328 ipso
2602 5258 2654 5328 in
2667 5249 2802 5312 "loco
2823 5255 3122 5328 editi,‘quia
3143 5252 3441 5328 licetniulta
3461 5251 3547 5305 die
3571 5251 3716 5306 illis.
3749 5249 3926 5305 Codex

2324 5323 2512 5384 noster
2539 5336 2595 5382 et
2621 5327 2775 5382 Colb.
2797 5323 3067 5383 secundus
3097 5325 3172 5379 uti
3194 5323 3475 5378 edidimus.

2400 5399 2418 5436 ί
2448 5399 2609 5464 Editi,
2630 5411 2883 5469 praecepto
2909 5397 3154 5469 creatoris
3176 5402 3425 5469 creatura:
3449 5409 3466 5446 :
3497 5407 3633 5463 quae
3663 5393 3927 5469 scriptura

2320 5471 2462 5526 unde
2493 5462 2609 5525 orta
2630 5462 2709 5524 'sit
2746 5462 2888 5523 dictu
2911 5467 3138 5523 fortasse
3165 5462 3381 5520 difﬁcile
3417 5462 3673 5519 nonest.
3707 5462 3929 5518 Videtur

2319 5543 2466 5596 enim
2495 5541 2696 5595 librarii
2721 5554 2858 5604 esse,
2884 5538 2976 5608 qui
2997 5538 3268 5593 dubitaret
3295 5533 3548 5608 creatoris
3569 5549 3651 5589 an
3669 5541 3925 5588 creatum

2318 5611 2422 5680 legi
2452 5618 2730 5682 oporteret
2761 5629 2774 5664 :
2805 5605 2919 5679 qua
2940 5610 2993 5682 in
3024 5608 3358 5682 dubitatione
3385 5605 3696 5682 lectionem
3721 5612 3925 5659 utram-

2319 5674 2424 5751 que
2449 5674 2607 5738 simul
2633 5674 3093 5752 jungeremaluit,
3118 5687 3177 5733 ut
3202 5676 3462 5752 seligendi
3491 5674 3743 5752 facultas
3762 5685 3924 5746 penes

2319 5745 2592 5810 studiosos
2633 5745 2794 5808 esset.
2819 5749 3089 5820 Ejusmodi
3118 5749 3286 5820 multa
3310 5745 3453 5804 'sunt
3479 5745 3778 5820 exempla,
3812 5756 3922 5820 qua}

2319 5831 2376 5883 et
2401 5825 2491 5883 alii
2512 5824 2630 5891 jam
2653 5809 2934 5894 notarunt,
2953 5829 3011 5882 et
3031 5819 3279 5900 quotidie
3315 5817 3494 5881 notari
3518 5809 3804 5895 possunt.
3830 5809 3927 5876 sed
