4110 6336
272 356 391 450 ὐδῑ

1243 389 1638 446 HEXAEMERI
1678 388 2198 447 METAPIIPRASIS
2227 389 2428 445 LIBER
2469 391 2574 446 VH.

3454 375 3558 458 958

289 521 413 575 quae
438 506 646 561 catulos
684 507 918 576 pariunt,
948 503 1005 560 id
1032 512 1133 570 est,
1165 502 1360 558 vitulos
1389 503 1646 571 marinos,
1676 510 1732 558 et
1756 491 1868 558 tor-
1895 507 1946 566 Α
1971 506 2260 576 sunt,‘qu:e
2289 505 2476 560 solatia
2508 503 2677 561 (ἱνα)ςὶ
2707 507 3004 564 nominant.
3034 507 3141 564 Sed
3169 517 3224 565 et
3255 510 3556 570 belluarum

289 595 532 666 pedines,
564 603 620 651 et
640 595 942 666 delphinos,
972 603 1027 651 et
1048 594 1134 650 his
1161 593 1377 662 similia,
1403 595 1516 651 sive
1554 592 1744 649 oviﬁca
1773 610 1868 650 no-

289 686 596 753 minaveris,
625 687 805 756 qualia
838 696 965 742 sunt
990 685 1170 743 omnia
1200 703 1341 757 pene
1385 701 1582 756 genera
1619 687 1865 758 piscium.

288 775 355 830 Et
374 792 479 832 vox
500 775 715 848 quidem
736 778 1112 849 pmceptionis
1135 777 1326 847 exigua
1358 786 1462 844 est,
1486 777 1594 832 imo
1616 793 1721 832 non
1738 794 1868 845 vox,

287 868 383 924 sed
407 869 587 939 potius
617 877 947 925 momentum
967 871 1162 938 solum,
1185 878 1240 926 et
1269 872 1503 940 impetus
1536 869 1828 925 voluntatis
1853 888 1868 924 :

290 960 592 1016 intellectus
637 976 768 1017 vero
795 961 911 1031 ejus
962 970 1070 1017 tam
1099 961 1373 1032 multiplex
1417 962 1669 1029 habetur,
1711 976 1872 1031 quam

288 1054 402 1123 ipsa
431 1053 655 1124 piscium
685 1054 825 1110 inter
849 1069 910 1111 se
935 1063 1112 1126 potest
1128 1070 1250 1111 esse
1269 1054 1543 1111 discretio.
1567 1053 1719 1122 Quos
1747 1071 1868 1111 om-

289 1161 386 1201 nes
413 1145 590 1202 verbis
613 1146 826 1217 assequi
853 1162 962 1203 non
992 1147 1168 1203 minus
1193 1163 1480 1219 operosum
1505 1156 1604 1214 est,
1637 1161 1799 1218 quam
1825 1149 1870 1204 si

291 1237 551 1292 undarum
571 1252 853 1294 numerum
880 1237 1162 1308 designare
1183 1239 1425 1295 coneris:
1443 1238 1526 1294 vel
1544 1247 1570 1276 ει
1596 1246 1728 1308 quot
1752 1254 1872 1294 am-

290 1329 489 1401 phoras
515 1328 714 1385 habeat
739 1330 961 1402 pelagus
979 1331 1268 1402 explicare.
1291 1329 1524 1404 Ejiciant
1547 1347 1695 1403 aqua:
1721 1333 1874 1402 rapti.

291 1421 356 1476 le.
379 1420 437 1476 ln
465 1420 549 1477 his
578 1429 704 1477 sunt
724 1422 981 1492 tequorei,
1012 1423 1233 1488 littorei,
1265 1423 1502 1494 altivagi,
1529 1423 1723 1496 petrei,
1753 1437 1874 1494 ye-

291 1511 459 1580 gales,
491 1512 731 1576 belluini,
766 1513 1026 1570 immanes
1071 1515 1369 1585 minutique
1422 1517 1616 1587 pisces,
1648 1516 1747 1572 sub
1784 1531 1877 1572 ea-

296 1603 527 1676 demque
553 1605 751 1662 virtute
778 1606 1051 1679 praecepti,
1075 1615 1184 1662 tam
1210 1607 1452 1674 maximi,
1479 1622 1642 1679 quam
1668 1607 1875 1664 minimi

293 1697 652 1753 continentur.
684 1696 869 1770 Itaque
895 1713 1018 1754 cum
1045 1697 1264 1764 diceret,
1306 1696 1542 1771 Ejiciant
1567 1715 1715 1772 aqua:
1741 1715 1760 1753 :
1783 1700 1878 1756 de-

294 1788 611 1843 monstravit
631 1795 831 1859 quanta
862 1790 933 1845 sit
960 1787 984 1828 δ
1016 1789 1318 1845 natantium
1357 1805 1481 1845 cum
1509 1804 1649 1860 aqua
1673 1803 1876 1860 cogna-

1973 611 2098 666 pars
2125 595 2384 662 maxima,
2416 606 2474 652 et
2506 596 2765 668 delphini,
2793 608 2848 654 et
2873 599 3058 671 phocae
3086 602 3293 658 catulos
3319 605 3556 674 pariunt,

1974 703 2092 758 qua:
2115 687 2259 743 fetus
2287 703 2414 745 suos
2441 698 2687 746 recenter
2714 690 2907 756 editos,
2945 707 3067 748 cum
3096 708 3163 749 ex
3191 694 3370 765 aliqua
3398 710 3556 752 causa

1974 778 2148 833 territi
2175 779 2394 849 fuerint,
2420 779 2596 836 denuo
2623 782 2902 852 sublapsos
2932 784 2983 838 in
3013 792 3246 854 uterum,
3276 794 3560 857 protegere

1975 885 2038 925 ac
2066 867 2248 926 fovere
2277 881 2583 928 narrantur.
2619 870 2852 945 Ejiciant
2878 891 3025 946 aqua:
3050 876 3256 947 reptilia
3283 873 3560 932 secundum

1975 976 2155 1032 genus.
2187 960 2344 1018 Aliud
2372 975 2541 1031 genus
2575 970 2659 1018 est
2687 964 3019 1033 immanium,
3056 976 3110 1023 et
3146 967 3288 1022 aliud
3327 969 3561 1023 minuto-

1975 1066 2092 1106 rum
2123 1051 2368 1122 piscium.
2398 1052 2531 1108 Item
2554 1053 2607 1107 in
2638 1053 2721 1109 his
2750 1055 2878 1124 ipsis
2905 1057 3084 1111 multm
3109 1056 3436 1123 diﬂ‘erentim,
3462 1074 3560 1129 pro

1974 1142 2187 1212 generis
2213 1143 2470 1212 qualitate
2498 1143 2681 1201 divisa:
2699 1157 2844 1213 sunt,
2867 1148 3058 1216 quibus
3078 1159 3131 1203 et
3151 1143 3416 1205 vocabula
3437 1165 3560 1220 pro-

1976 1234 2089 1307 pria
2119 1244 2263 1300 sunt,
2296 1245 2353 1292 et
2397 1236 2653 1293 alimenta
2695 1238 2946 1307 discreta,
2971 1249 3028 1296 et
3052 1231 3371 1310 magnitudo
3394 1235 3559 1298 mem-

1976 1328 2194 1382 brorum
2224 1327 2424 1398 dispar,
2447 1337 2502 1384 et
2526 1328 2740 1386 diversa
2763 1332 2904 1388 inter
2929 1347 2988 1388 se
3014 1333 3194 1404 specie
3221 1341 3560 1408 separantur.

1977 1416 2106 1484 Quis
2133 1418 2294 1487 igitur
2319 1425 2606 1490 tynnorum
2630 1423 2936 1492 speculator
2963 1432 3254 1493 tantorum,
3283 1427 3437 1483 nobis
3461 1443 3561 1498 μο-

1976 1509 2104 1564 terit
2129 1510 2400 1580 explicare
2428 1511 2758 1577 distantiam,
2791 1529 3115 1584 quamquam
3142 1531 3238 1573 eos
3262 1514 3288 1555 ἀ
3321 1529 3580 1596 ἐπεξίῃ-0111⁵

1979 1603 2282 1674 conspectis
2309 1604 2537 1674 piscium
2575 1605 2823 1661 maximis
2848 1609 3096 1676 gregibus
3126 1625 3235 1666 non
3263 1612 3438 1667 solum
3470 1625 3561 1680 sec

1978 1707 2096 1759 nus,
2125 1692 2221 1748 sed
2265 1694 2428 1749 etiam
2457 1710 2739 1750 numerum
2769 1712 2926 1768 posse
2954 1698 3200 1768 signare?
3227 1700 3357 1768 Quis
3385 1713 3562 1758 autem

1982 1786 2136 1841 nobis
2161 1801 2348 1842 eorum
2379 1787 2667 1856 artiﬁcum,
2699 1788 2792 1858 qui
2834 1789 2890 1845 in
2927 1789 3197 1847 littoribus
3239 1794 3563 1865 habitantes,
3618 1782 3620 1784 ’

297 1879 391 1935 ιὶο.
426 1879 664 1950 Denique
700 1880 747 1936 si
800 1880 1072 1952 paulisper
1106 1879 1174 1934 ad
1216 1888 1415 1936 terram
1456 1879 1656 1935 fuerint
1699 1880 1877 1938 educti
1908 1882 1957 1944 Β
1982 1884 2039 1932 et
2065 1876 2118 1931 in
2145 1877 2366 1934 marinis
2393 1878 2704 1934 diversoriis
2733 1890 3098 1949 senescentes,
3133 1879 3563 1940 notitiam'subti-

294 1971 546 2027 deﬁciunt
577 1985 590 2025 :
635 1986 810 2042 neque
836 1973 978 2029 enim
1008 1971 1246 2043 suppetit
1289 1971 1393 2027 illis
1437 1971 1727 2042 spiramen,
1769 1985 1878 2041 quo

297 2065 503 2138 possint
529 2081 688 2121 auras
714 2066 904 2122 vitales
930 2079 1140 2136 capere.
1168 2064 1303 2119 Nam
1341 2064 1480 2121 sicut
1501 2066 1728 2120 terrenis
1755 2066 1875 2122 ani-

299 2157 566 2214 mantibus
610 2156 768 2212 datus
796 2170 888 2212 aer
914 2163 1033 2226 est,
1063 2156 1142 2212 sic
1165 2153 1401 2227 piscibus
1429 2169 1587 2225 aqua.
1629 2154 1696 2210 Et
1741 2155 1880 2212 ratio

299 2247 583 2304 manifesta
628 2255 732 2314 est,
775 2247 901 2317 quia
930 2247 1086 2304 nobis
1111 2246 1362 2303 videlicet
1387 2245 1598 2316 adjacet
1643 2262 1798 2302 rarus
1825 2255 1883 2302 et

299 2340 512 2413 patulus
535 2339 738 2412 pulmo,
761 2340 854 2411 qui
881 2355 979 2411 per
1003 2339 1403 2396 distinctionem
1432 2338 1669 2410 pectoris
1697 2354 1879 2396 aerem

301 2433 542 2496 trahens,
560 2431 870 2488 interiorem
889 2429 1125 2487 calorem
1143 2429 1452 2486 ventilando
1475 2437 1877 2501 contemperat:

303 2523 407 2591 illis
434 2531 613 2578 autem
658 2523 888 2579 faucium
935 2523 1250 2595 interseptio
1277 2522 1688 2594 complicabilis,
1722 2523 1882 2579 modo

302 2614 618 2685 suscipiens,
652 2613 815 2670 modo
856 2612 1177 2670 dilfundens
1203 2628 1416 2684 aquam,
1445 2614 1741 2685 respirandi
1779 2629 1877 2668 ex-

303 2707 416 2777 plet
435 2704 687 2762 ofﬁcium.
710 2703 809 2761 Est
830 2705 990 2761 etiam
1011 2705 1230 2776 propria
1249 2720 1368 2761 sors
1388 2705 1624 2775 piscibus
1642 2704 1883 2775 propria-

300 2811 410 2867 que
436 2804 648 2863 natura,
673 2803 730 2852 et
753 2796 907 2852 cibus
926 2795 1193 2862 differens,
1225 2803 1481 2867 certaque
1509 2796 1720 2852 vivendi
1749 2811 1884 2852 con-

301 2888 456 2944 ditio.
503 2887 796 2960 Propterea
823 2888 955 2944 nihil
1004 2889 1073 2944 de
1117 2889 1352 2959 aquariis
1379 2891 1739 2955 mansuescit,
1784 2905 1884 2946 nec

299 2979 500 3052 patitur
525 2980 799 3036 hominum
829 2995 889 3036 se
917 2981 1162 3037 manibus
1183 2983 1529 3038 contrectari.
1851 2977 1854 2981 ’

275 3101 279 3105 -
367 3071 420 3124 2.
453 3069 684 3142 Ejiciant
705 3088 851 3144 aqua:
872 3073 1076 3143 reptilia
1095 3073 1386 3126 animarum
1405 3074 1653 3127 vivarum.
1688 3073 1884 3130 Unius-

296 3161 558 3232 cujusque
583 3163 798 3232 generis
825 3163 1106 3233 originem,
1139 3179 1281 3220 nunc
1308 3164 1454 3220 velut
1486 3165 1758 3234 quoddam
1792 3183 1880 3222 se-

1981 1968 2104 2023 liter
2127 1969 2326 2025 valebit
2345 1970 2651 2040 patefacere
2672 1971 3043 2043 singulorum?
3065 1975 3212 2031 Alios
3232 1977 3372 2032 enim
3396 1977 3565 2047 pisces

1983 2069 2250 2116 noverunt
2296 2062 2349 2117 hi
2397 2064 2488 2131 qui
2538 2063 2590 2117 in
2637 2079 2788 2118 mare
2831 2067 3464 2135 piscanturelndiacum,
3516 2079 3565 2124 cl

1982 2151 2123 2207 alios
2145 2153 2237 2223 qui
2278 2154 2499 2224 pelagus
2534 2155 2799 2210 rimantur
2845 2155 3173 2229 Egyptiutn.
3217 2158 3364 2215 A‘lios
3409 2160 3570 2215 etiam

1981 2243 2158 2297 sciunt
2198 2243 2488 2299 insularum
2531 2247 2755 2301 incolte:
2789 2255 2844 2302 et
2873 2247 3006 2303 alios
3043 2247 3294 2305 Maurusii
3335 2251 3571 2321 piscato-

1983 2349 2089 2389 res.
2120 2333 2226 2389 Sed
2271 2351 2460 2392 omnes
2500 2345 2610 2392 tam
2639 2345 2849 2408 tenues,
2879 2353 3038 2411 quam
3067 2341 3300 2410 majores
3329 2343 3572 2398 similiter

1983 2429 2156 2497 prima
2192 2430 2499 2499 praeceptio,
2544 2437 2601 2485 et
2644 2429 2921 2487 ineffabilis
2961 2434 3255 2489 virtusilla
3297 2435 3572 2506 produxit.

1985 2516 2175 2587 Magna
2204 2526 2286 2574 est
2307 2519 2411 2574 illis
2438 2520 2650 2576 vivendi
2676 2521 2977 2589 diversitas,
3012 2523 3173 2579 nimia
3198 2526 3360 2581 etiam
3390 2527 3442 2581 in
3479 2543 3572 2583 cu-

1976 2607 2174 2679 jusque
2197 2613 2410 2678 generis
2447 2612 2791 2668 successione
2835 2613 3108 2672 discretio.
3157 2615 3305 2671 Multi
3348 2617 3571 2687 piscium

1965 2713 2090 2753 ‘non
2121 2699 2378 2756 incubant
2416 2701 2530 2757 suis
2565 2703 2700 2770 ovis,
2743 2703 2885 2760 sicut
2924 2721 3072 2774 aves,
3104 2722 3205 2762 nec
3231 2707 3385 2762 nidos
3408 2708 3572 2762 aedili-

1981 2799 2126 2858 cant,
2161 2808 2263 2848 nec
2290 2808 2414 2848 cum
2444 2793 2631 2850 labore
2659 2796 2910 2865 proprios
2937 2805 3095 2852 natos
3130 2797 3408 2852 enutriunt
3436 2815 3446 2850 :
3478 2799 3572 2853 scd

1961 2896 2123 2956 aqua
2169 2885 2469 2954 suscipiens
2515 2901 2696 2952 ovum,
2747 2884 2874 2942 facit
2919 2888 3140 2955 animal,
3189 2896 3476 2958 manetque
3519 2889 3572 2944 in

1982 2976 2204 3044 singulis
2229 2975 2515 3045 generibus
2539 2976 2884 3032 immutabilis
2911 2978 2979 3032 ad
3007 2979 3166 3034 aliam
3199 2987 3460 3044 naturam,
3487 2980 3572 3034 in-

1982 3066 2314 3138 confusaque
2359 3069 2672 3144 progenies,
2713 3084 2777 3126 ac
2816 3085 2924 3125 non
2965 3071 3104 3126 sicut
3144 3071 3412 3127 mulorum
3461 3081 3571 3126 tcr-

1983 3160 2252 3230 restrium,
2281 3160 2369 3216 vel
2396 3160 2584 3216 alitum
2611 3159 2630 3198 ί
2655 3160 3057 3218 manifestarum
3092 3163 3334 3234 stirpem,
3366 3161 3572 3218 adulte-

298 3269 441 3320 men,
476 3254 730 3326 pmcepit
754 3255 929 3321 educi,
960 3271 1084 3310 nam
1113 3256 1509 3312 multitudinem
1538 3259 1881 3329 postmodum
1910 3250 1956 3316 C
1986 3254 2102 3310 rina
2147 3254 2444 3324 corrumpit
2487 3253 2765 3311 admixtio.
2818 3253 3003 3311 Nullus
3042 3255 3287 3326 piscium,
3321 3270 3389 3310 ex
3419 3263 3572 3324 parte
3645 3286 3650 3291 -

296 3347 534 3404 servavit
559 3348 614 3403 in
635 3348 842 3416 sobole,
870 3349 1086 3420 quando
1113 3365 1209 3406 eos
1243 3366 1486 3407 crescere
1514 3352 1884 3423 multiplicari-

296 3455 404 3512 que
449 3454 670 3497 necesse
715 3448 818 3496 est.
867 3439 1054 3512 Itaque
1095 3442 1318 3499 alterius
1363 3445 1576 3512 generis
1621 3455 1766 3516 sunt,
1792 3449 1884 3520 qui

296 3532 574 3590 testicutes
620 3534 991 3600 nominantur,
1039 3534 1179 3590 sicut
1221 3537 1472 3601 concha},
1522 3538 1788 3607 pectines,
1831 3549 1888 3596 et

295 3624 534 3681 cochlea:
560 3625 798 3690 marinae,
830 3641 894 3680 ac
919 3625 1252 3681 diversorum
1281 3635 1583 3682 ostreorum
1611 3628 1801 3697 millia,
1832 3639 1888 3686 et

296 3717 520 3772 alterius
542 3731 606 3772 ea
631 3731 750 3788 qua:
776 3717 1082 3773 mollitestia
1108 3718 1470 3784 nominantur,
1502 3719 1556 3772 id
1587 3728 1670 3775 est
1695 3721 1883 3787 astaci,

295 3802 521 3880 cercipi,
547 3817 603 3865 et
633 3809 717 3865 his
744 3809 1008 3881 proxima.
1039 3810 1194 3865 Aliud
1223 3825 1438 3880 quoque
1465 3825 1634 3880 genus
1660 3821 1744 3868 est
1768 3813 1888 3870 illo-

296 3914 415 3956 rum
454 3915 571 3971 qutc
611 3899 795 3955 Graece
832 3901 1057 3955 malacia
1099 3899 1424 3966 vocitantur,
1455 3901 1508 3956 id
1547 3910 1628 3958 est
1656 3918 1884 3973 quorum

294 4007 424 4047 caro
447 3987 689 4047 tenerior
716 3991 946 4046 habetur
973 3997 1026 4046 et
1056 3990 1246 4059 laxior,
1293 3993 1433 4048 sicut
1472 4003 1598 4049 sunt
1642 3995 1803 4066 sopite
1831 4003 1887 4052 et

296 4082 616 4154 polypodes,
646 4089 701 4136 et
726 4081 811 4136 his
839 4080 1052 4136 similia.
1085 4080 1142 4137 In
1172 4081 1256 4138 his
1283 4083 1476 4138 iterum
1504 4099 1697 4155 magna
1734 4084 1887 4141 diffe-

295 4174 470 4228 rentia
499 4181 600 4229 est.
632 4173 904 4229 Dracones
931 4173 1072 4228 enim
1116 4181 1172 4228 et
1210 4189 1491 4243 muraenae,
1521 4183 1578 4231 et
1615 4177 1880 4248 anguillas,

293 4281 417 4338 qua:
441 4266 496 4322 in
514 4267 744 4323 emnosis
769 4265 946 4321 ﬂuviis
969 4265 1360 4337 paludibusque
1383 4263 1692 4334 nascuntur,
1715 4285 1883 4327 vene-

239 4384 250 4394 ·
296 4360 446 4415 nosis
467 4359 647 4430 potius
673 4359 1032 4431 serpentibus,
1063 4374 1226 4430 quam
1266 4361 1501 4431 piscibus
1542 4377 1640 4432 pro
1677 4371 1884 4421 naturae

295 4451 645 4508 similitudine
667 4453 1004 4525 copulantur.
1030 4452 1185 4508 Aliud
1215 4454 1378 4509 etiam
1406 4469 1574 4526 genus
1599 4463 1699 4523 est,
1731 4457 1884 4513 ovili-

297 4559 483 4601 corum
507 4561 520 4597 :
552 4550 608 4599 et
634 4543 778 4599 aliud
806 4554 828 4583 ο
861 4542 1303 4613 catuligenorum.‘
1347 4543 1498 4602 Facit
1524 4555 1702 4624 autem
1729 4557 1882 4604 catu-

1984 3347 2222 3414 dimidia,
2255 3346 2509 3403 dentibus
2549 3357 2633 3403 est
2679 3355 2936 3414 armatus,
2979 3346 3118 3404 sicut
3162 3362 3291 3402 oves
3331 3345 3574 3400 videmus

1966 3452 2105 3494 esse
2127 3446 2182 3494 et
2207 3438 2392 3503 boves,
2417 3453 2518 3493 nec
2544 3439 2779 3494 ruminat
2804 3439 3084 3508 quisquam
3120 3438 3346 3508 piscium
3376 3444 3572 3507 praeter

1984 3545 2219 3598 scarum,
2249 3539 2306 3585 ut
2333 3527 2550 3600 quidam
2581 3528 2934 3584 tradiderunt.
2985 3527 3176 3584 Cuncti
3222 3543 3352 3582 vero
3398 3527 3573 3598 pisces

1970 3621 2294 3678 acutissima
2322 3620 2561 3676 dentium
2591 3621 2709 3678 acie
2735 3621 3135 3676 condensantur
3160 3637 3172 3673 :
3207 3628 3267 3674 ut
3296 3635 3402 3674 non
3447 3632 3571 3673 esca

1977 3713 2184 3769 diutius
2212 3728 2308 3769 ore
2335 3713 2556 3769 subacta
2583 3711 2870 3777 diﬁlueret,
2899 3727 3020 3782 qua:
3055 3711 3156 3766 nisi
3193 3711 3460 3780 discerpta
3487 3725 3572 3763 ce-

1987 3803 2172 3859 lcritcr
2196 3812 2350 3860 utero
2373 3804 2694 3871 traderetur,
2719 3803 2872 3861 facile
2901 3805 3572 3882 immutata,.spargeretur

1988 3912 2017 3950 a
2049 3895 2317 3952 fluctibus.

2060 3989 2113 4044 5.
2155 3987 2340 4044 Victus
2366 4004 2494 4043 vero
2522 3989 2657 4044 alius
2689 3988 2806 4044 aliis
2832 3987 3123 4043 secundum
3162 4001 3330 4056 genus
3357 3991 3572 4057 aptatus

1974 4089 2089 4138 est.
2141 4079 2271 4135 Nam
2319 4079 2454 4136 certi
2499 4079 2628 4136 limo
2669 4079 2919 4134 aluntur:
2952 4079 3193 4134 nonnulli
3234 4079 3414 4134 herbis
3450 4093 3573 4148 qum

1987 4183 2281 4231 nascuntur
2309 4175 2363 4228 in
2394 4189 2550 4244 aqua,
2583 4173 2822 4229 contenti
2849 4181 2994 4241 sunt,
3025 4172 3238 4243 plurimi
3267 4180 3450 4227 autem
3477 4172 3573 4228 de-
3653 4207 3659 4212 -

1987 4265 2267 4321 voratione
2296 4264 2559 4320 satiantur
2577 4263 2800 4332 alterna,
2829 4278 3148 4334 semperque
3173 4262 3265 4333 qui
3283 4262 3463 4318 minor
3488 4270 3574 4319 est

1988 4358 2130 4430 apud
2159 4373 2277 4426 eos,
2308 4357 2499 4429 majori
2530 4355 2588 4412 ﬁt
2616 4357 2784 4414 cibus.
2827 4355 2896 4413 Et
2936 4357 2982 4414 si
3027 4356 3242 4428 quando
3286 4355 3574 4426 contigerit

1988 4468 2110 4509 eum
2133 4451 2225 4521 qui
2253 4452 2515 4506 minorem
2543 4459 2779 4520 ceperat,
2811 4466 2994 4506 morsu
3022 4448 3296 4503 validioris
3321 4446 3530 4503 absumi
3555 4464 3568 4499 :

1990 4546 2044 4601 in
2067 4560 2229 4600 unum
2259 4551 2485 4612 uterque
2523 4541 2703 4597 alvmn
2750 4540 3064 4611 posterioris
3108 4538 3361 4608 injicitur.
3400 4536 3570 4612 Quasi

292 4632 378 4696 los
405 4634 676 4695 mustella.
707 4642 764 4692 et
790 4634 1005 4696 asellus.
1033 4610 1091 4691 et
1119 4635 1300 4691 omnia
1327 4650 1446 4706 qua:
1489 4621 1608 4695 sine
1644 4627 1884 4709 squamis
1909 4631 1965 4694 D
1989 4653 2120 4696 vero
2141 4652 2240 4694 nos
2267 4610 2514 4691 homines
2543 4631 2685 4690 aliud
2712 4610 2841 4688 quid
2866 4645 3084 4691 agamus
3135 4631 3262 4686 dum
3293 4610 3570 4684 inferiores

295 4880 498 4937 librarii
524 4882 767 4938 voculam
797 4883 873 4938 vel
901 4891 1028 4937 tunc
1057 4881 1252 4936 addere
1280 4881 1488 4947 solent,
1518 4880 1768 4934 creatoris
1796 4873 1892 4933 vel.

294 4964 544 5008 creatum
581 4969 598 5007 :
623 4952 761 5024 unde
787 4951 1049 5024 suspicari
1073 4951 1216 5024 licet,
1240 4951 1489 5024 voculam
1520 4950 1596 5003 vel
1628 4950 1732 5004 hoc
1754 4949 1874 5004 loco

293 5041 322 5077 a
357 5021 704 5094 typograpbis
729 5020 979 5094 omissam
1019 5020 1570 5094 fuisse._Colbertinns
1619 5026 1867 5087 uterque,

294 5088 548 5164 ρνιὲἑερὶο
584 5088 862 5164 creatoris;
913 5090 1078 5164 Vetus
1128 5088 1299 5145 codex
1357 5097 1583 5164 nost_er._
1612 5096 1868 5164 prmo-opto

295 5157 568 5218 creaturae.
599 5162 668 5216 Et
711 5163 784 5217 ita
825 5159 1162 5216 Eustathium
1192 5166 1440 5228 putamus
1471 5157 1658 5213 Latine
1688 5157 1860 5213 reddi-

295 5234 451 5310 disse_
635 5233 835 5296 Basilii,
867 5240 937 5302 τῷ
977 5233 1338 5310 προστάγμαξτι
1361 5238 1457 5310 ςῆς
1485 5230 1858 5310 δημιουργίας-ς

298 5304 453 5376 quasi
484 5304 738 5376 dixisset,
758 5299 1333 5376 pracepto'creationis,
1360 5299 1462 5354 hoc
1493 5307 1575 5355 est
1614 5299 1867 5371 pr'aécepto

297 5370 408 5446 quo
423 5391 562 5451 usus
589 5382 684 5451 est
703 5370 841 5429 Deus
870 5370 936 5426 ad
966 5387 1052 5451 res
1078 5370 1388 5451 creandas._
1428 5439 1439 5451 ο

374 5451 399 5479 ἰ
423 5443 582 5506 Editi,
607 5445 684 5500 vel
710 5461 809 5514 quo
844 5443 1148 5514 amphoras.
1180 5440 1247 5495 At
1274 5440 1442 5514 nostri
1469 5449 1577 5494 tres
1610 5455 1763 5514 _mss._,
1795 5441 1871 5493 vel

301 5525 420 5589 quot
449 5510 739 5589 amp/noras}
774 5510 1068 5589 Aliquanto
1087 5519 1207 5582 post
1232 5526 1358 5567 mss.
1391 5510 1517 5576 duo,
1541 5511 1632 5564 sub
1659 5510 1868 5564 eadem-

301 5582 416 5667 ἁας.
600 5582 1020 5667 queninyulgatis
1040 5582 1241 5667 deerat.
1275 5653 1309 5667 ﬂ

373 5656 398 5695 δ
427 5655 566 5711 Editi
606 5650 660 5711 et
681 5655 832 5710 Colb.
859 5650 1078 5724 primus,
1108 5653 1396 5705 natantium
1437 5652 1690 5724 cognatio.
1725 5650 1872 5724 Alter

303 5729 478 5789 Colb.,
519 5727 831 5780 nascentium
859 5719 990 5776 'cum
1033 5739 1166 5793 aqua
1213 5724 1466 5793 cognatio.
1499 5719 1662 5793 Vetus
1704 5719 1873 5793 codex

306 5805 504 5862 noster,
531 5797 818 5864 natantium
851 5810 965 5847 cum
1003 5790 1136 5865 aqua
1163 5790 1400 5865 cognitio.
1434 5793 1561 5858 Qua:
1613 5790 1870 5865 lectiones

308 5869 448 5925 falsa:
473 5860 682 5937 quidem
711 5873 837 5919 sunt
863 5860 1089 5918 omnes:
1121 5860 1303 5919 sedcx
1332 5864 1409 5918 eis
1439 5871 1614 5917 tamen
1640 5861 1690 5918 id
1717 5860 1868 5931 capi-

591 5943 858 6020 l’Afnon.
910 5955 1061 6018 Llll.

1935 4859 1938 4861 Δ
1988 4895 2108 4935 mus
2155 4874 2521 4938 emolumenti,
2574 4880 2632 4927 ut
2672 4871 2826 4927 facile
2873 4869 3232 4940 intelligamus
3280 4866 3565 4937 legendum

1983 4964 2124 5016 esse,-
2156 4946 2446 5016 natantium
2471 4960 2585 4998 cum
2613 4959 2745 5015 aqua
2776 4943 3032 5014 cognatio.
3053 4938 3278 5008 ‘Graece,
3315 4948 3414 4996 τῶν
3447 4963 3566 4999 νηκ-

1982 5027 2081 5074 τῶν
2110 5014 2247 5092 ξτ-τρξιςΔ
2267 5017 2326 5072 τὸ
2345 5014 2491 5092 fdem
2512 5014 2828 5092 coniurant.

2053 5098 2075 5127 ο
2107 5081 2270 5154 Editi,
2303 5084 2446 5140 aliud
2461 5081 2898 5156 'cataligenorunt.
2930 5082 3073 5140 Libri
3113 5091 3343 5147 veteres,
3373 5081 3566 5135 catuli-

2015 5175 2246 5213 enorum.
2896 5185 2899 5188 '

1980 5176 2251 5282 982030τᾶ
2279 5234 2512 5295 veteres,
2543 5245 2629 5283 eos
2663 5235 2917 5281 asserunt.
2950 5225 3234 5292 Aliquanto
3263 5228 3386 5292 post
3410 5218 3562 5287 editi,

1979 5301 2164 5354 notitia
2192 5298 2467 5353 subtiliter.
2502 5297 2720 5367 Antiqui
2750 5298 2890 5361 libri,
2927 5295 3180 5350 notitiam.

2052 5380 2074 5408 ε
2105 5367 2259 5424 Colb.
2293 5369 2578 5439 secundus,
2615 5369 2870 5423 Indicum.

2057 5439 2074 5478 ί
2109 5439 2261 5495 Colb.
2292 5432 2576 5503 secundus,
2601 5439 2994 5507 manifestatum
3015 5436 3252 5505 speciem.
3278 5432 3564 5507 Aliquanto

1980 5520 2104 5582 post
2131 5510 2290 5583 editi,
2313 5509 2615 5583 ridemusct
2644 5503 2808 5562 boves.
2852 5505 2994 5560 Libri
3023 5503 3234 5583 veteres
3257 5513 3320 5583 _ut
3348 5503 3400 5557 in
3429 5515 3562 5583 con-

1981 5575 2152 5636 textu.
2202 5575 2436 5635 Subinde
2481 5579 2626 5646 editi,
2668 5585 2855 5647 praeter
2885 5592 3142 5647 scaurum.
3176 5575 3327 5630 Colb.
3362 5575 3566 5643 primus

1982 5653 2150 5722 prima
2176 5665 2363 5722 manu,
2395 5657 2578 5722 prteter
2599 5646 2802 5702 scarum
2826 5663 2842 5700 :
2869 5646 3290 5722 quaeseriptura,
3313 5659 3433 5722 cum
3460 5658 3563 5722 op-

1983 5714 2109 5776 tima
2142 5721 2228 5783 sit,
2261 5735 2365 5772 non
2387 5714 2645 5771 debuerat
2671 5714 2942 5786 corrumpi
2963 5717 3028 5772 ab
3051 5714 3299 5785 imperito
3321 5714 3564 5776 librario.

1981 5792 2071 5862 qui
2102 5792 2279 5862 inepte
2320 5787 2553 5862 scripsit,
2582 5803 2868 5862 oscaurnm.
2889 5785 3109 5862 ’Gncce,
3141 5788 3183 5841 εἰ
3213 5789 3400 5862 μήητρν
3439 5788 3566 5839 σκά-

1984 5856 2084 5916 ᾱον.
2113 5856 2224 5915 lloc
2254 5859 2368 5927 ipso
2399 5856 2451 5912 in
2481 5856 2599 5912 loco
2625 5875 2750 5914 mss.
2777 5857 2903 5926 duo,
2935 5857 3140 5928 quidam
3170 5856 3524 5927 prodiderunt.

3219 5949 3296 6008 30

3647 4762 3660 4790 1
