4110 6336
480 308 485 313 ’
569 356 678 423 ,ιο
2013 336 2151 394 eos

2259 335 2378 393 run
2422 296 2437 305 ’
3747 328 3856 390 sto

570 481 599 511 ι
614 468 864 544 potentia
891 463 1199 537 premimus.
1226 460 1333 516 Aut
1359 460 1485 530 quid
1512 458 1676 515 distat
1701 472 1731 512 a
1754 456 1901 527 pisce
1928 453 2020 508 illo
2050 467 2142 506 no-
2179 453 2230 513 Α
2256 447 2437 515 fuerit,
2466 449 2536 503 ita
2566 449 2811 521 proprios
2832 456 3079 519 aptantes
3106 452 3303 504 mores.
3327 445 3472 514 Quos
3495 444 3657 499 etiam
3683 442 3855 499 vitare

479 573 484 576 ’
568 536 805 626 vissimo,
836 536 918 613 vir
945 556 1036 627 qui
1064 553 1375 610 divitiarum
1399 563 1586 606 amore
1616 546 1940 611 ﬂammatus,
1971 550 2162 613 captos
2247 540 2477 614 difficile
2510 551 2610 609 est,
2642 551 2864 614 propter
2895 541 3189 611 nequitiam
3224 556 3344 612 qua:
3379 538 3397 577 ί
3428 539 3480 592 iu
3510 536 3856 593 simulatione

565 653 756 723 inopes
792 645 1077 718 inexpletis
1106 640 1338 705 hiatibus
1362 640 1591 712 propria:
1620 638 1932 710 rapacitatis
1969 634 2160 690 absor-

567 741 714 797 buit?
742 738 893 794 Alter
914 732 1268 792 substantiam
1295 730 1546 802 pauperis
1574 729 1626 784 vi
1663 727 1934 786 sublatam
1977 732 2159 781 reten-

566 833 733 888 tabat.
756 829 911 886 Hunc
933 836 992 882 tu
1018 825 1199 893 minis,
1223 839 1286 879 ac
1314 822 1609 878 terroribus
1636 818 2061 877 circumventum
2081 814 2162 871 tui

565 924 741 981 fecisti
767 917 1077 993 patrimonii
1099 915 1422 987 portionem,
1453 921 1615 983 atque
1658 913 1733 967 ita
1768 908 1970 981 injusto
2016 906 2158 977 inju-

565 1015 701 1071 stior
720 1010 991 1076 exstitisti,
1023 1016 1078 1065 et
1107 1014 1331 1078 raptore
1357 1004 1622 1076 rapacior.
1652 1003 1797 1059 Cave
1824 1002 1986 1070 igitur
2012 1015 2081 1057 ne
2108 1006 2160 1055 te

564 1107 712 1164 idem
737 1106 829 1176 qui
849 1104 1024 1176 pisces
1051 1109 1275 1158 eventus
1300 1099 1555 1169 excipiat,
1596 1096 1619 1136 ιι
1643 1096 1696 1153 id
1721 1104 1805 1154 est
1835 1097 2047 1160 hamus,
2070 1102 2163 1149 aut

565 1206 704 1266 rete,
734 1197 820 1254 vel
846 1195 1128 1268 cophinus.
1157 1192 1290 1248 Nam
1311 1208 1410 1248 nos
1437 1206 1653 1261 quoque
1683 1205 1906 1247 necesse
1934 1196 2038 1254 est,
2061 1203 2173 1261 ne-_

565 1290 742 1347 fandis
783 1286 1111 1344 facinoribus
1140 1283 1447 1354 inquinatos
1474 1297 1720 1353 suprema
1749 1281 2008 1352 supplicia
2053 1297 2161 1339 non

563 1382 754 1436 vitare.
788 1377 1064 1435 “Praeterea
1096 1374 1449 1432 imbecillibus
1490 1374 1652 1430 etiam
1683 1373 2005 1429 animalibus
2035 1373 2162 1429 sub-

565 1486 685 1528 esse
711 1470 866 1527 dolos
911 1476 968 1525 et
1005 1465 1224 1524 insidias
1251 1473 1529 1536 expertus,
1561 1465 1702 1520 male
1744 1472 1795 1520 te
1842 1462 2160 1521 callidorum

566 1565 782 1623 fraudes
812 1562 1062 1634 effugere.
1112 1561 1315 1616 Ferunt
1345 1571 1366 1598 ο
1398 1575 1628 1629 namque
1668 1559 1942 1616 cerciuum
1970 1567 2162 1615 ostrea:

476 1688 483 1703 ι
566 1671 782 1719 carnem
810 1654 1193 1725 concupiscere
1223 1670 1236 1706 :
1269 1651 1421 1722 cujus
1456 1651 1637 1722 captio
1678 1650 1911 1706 difﬁcilis
1951 1657 2034 1705 est
2062 1649 2158 1715 illi,

564 1758 787 1823 propter
831 1748 1165 1819 operimenta
1204 1752 1484 1809 testarum,
1529 1743 1726 1814 quibus
1769 1741 2162 1799 mollitudinem

2263 635 2394 690 latet
2428 633 2609 691 oﬂicii.
2645 633 2960 704 Hujusmodi
2990 633 3237 691 homines
3274 631 3430 702 lupos
3469 637 3720 701 raptores
3749 628 3856 683 Do-

2252 714 2437 785 minus
2466 730 2772 800 appellavit,
2805 729 3004 786 vestitu
3040 743 3102 784 se
3147 727 3416 799 simplices
3444 740 3577 782 oves
3604 739 3725 781 esse
3754 722 3858 780 tie-

2248 833 2447 904 .gentes
2476 825 2689 897 (Matth.
2719 842 2809 893 vn,
2844 825 2955 897 l5).
2982 824 3129 894 Fuge
3157 823 3319 893 igitur
3346 819 3611 892 ejusmodi
3638 835 3856 876 morum

2248 919 2600 998 varietatem,
2625 929 2683 976 et
2701 928 2911 976 sectare
2928 918 3110 992 potius
3133 917 3436 982 veritatem,
3459 914 3857 983 sinceritatem,

2261 1014 2652 1081 innocentiam,
2680 1014 2935 1085 quoniam
2964 1022 3020 1070 et
3059 1013 3247 1084 vipera
3289 1010 3435 1066 varia
3482 1018 3592 1075 est;
3628 1016 3860 1079 propter

2260 1106 2402 1176 quod
2432 1122 2551 1163 eam
2580 1106 2837 1164 Dominus
2867 1114 3057 1162 ventre
3083 1118 3305 1176 serpere
3329 1101 3726 1161 condemnavit.
3764 1099 3857 1157 ειυ-

2261 1206 2375 1255 stus
2402 1198 2532 1255 nihil
2561 1199 2721 1257 habet
2750 1198 2929 1255 ﬁctum
2958 1198 3099 1254 sicut
3124 1194 3227 1251 Job
3251 1213 3264 1248 :
3287 1201 3578 1267 propterea
3598 1191 3861 1247 Dominus

2244 1290 2555 1353 inhabitare
2585 1300 2609 1341 ι
2646 1291 2804 1362 faciet
2840 1290 2992 1349 unius
3023 1287 3185 1343 moris
3212 1287 3269 1340 in
3295 1284 3449 1343 domo
3473 1282 3648 1356 (Pal.
3692 1299 3857 1345 ιιι-ιτ,

2267 1383 2341 1451 7).
2386 1383 2500 1440 Hoc
2545 1401 2691 1440 mare
2736 1399 2979 1456 magnum
3013 1391 3064 1437 et
3101 1381 3386 1452 spatiosum
3413 1394 3430 1431 :
3456 1378 3565 1434 illic
3595 1388 3859 1449 serpmzrs

2261 1493 2476 1549 quorum
2507 1487 2717 1533 nonest
2750 1491 3014 1560 numerus,
3053 1473 3305 1528 animalia
3342 1470 3534 1541 pusilla
3573 1478 3625 1523 et
3667 1485 3860 1540 magna

2266 1566 2439 1641 (Psal.
2472 1584 2582 1637 cm,
2610 1566 2721 1639 25).
2746 1566 2854 1624 Sed
2882 1576 3061 1624 tamen
3082 1572 3166 1623 est
3193 1564 3249 1623 iu
3271 1562 3353 1621 bis
3376 1561 3593 1635 sapiens
3611 1561 3774 1634 quasti
3797 1580 3857 1614 llil

2246 1672 2319 1721 .et
2346 1662 2623 1719 moderata
2661 1660 2960 1732 dispositio.
2994 1659 3113 1715 Non
3145 1671 3275 1728 ergo
3317 1665 3463 1713 totos
3492 1656 3671 1727 pisces
3692 1653 3856 1709 delic-

2264 1770 2383 1809 mus
2409 1767 2654 1823 arguere,
2676 1753 2773 1809 sed
2796 1752 2958 1813 etiam
2980 1760 3158 1811 certos
3177 1765 3422 1821 quosque
3446 1747 3667 1805 laudare
3694 1756 3856 1815 atque

565 1845 740 1900 carnis
785 1843 901 1914 ejus
945 1851 1136 1897 natura
1178 1839 1451 1910 consepsit
1496 1837 1640 1894 unde
1685 1838 1849 1894 etiam
1897 1837 2158 1892 testicoria
2189 1833 2237 1899 B
2263 1848 2481 1903 imitari,
2511 1846 2646 1902 Nam
2680 1844 2796 1903 vide
2821 1845 3097 1915 quomodo
3132 1845 3342 1914 sim
3370 1857 3571 1912 gem
3609 1842 3854 1911 regiam;

564 1935 891 2011 nominatur.
943 1933 1084 2004 Ergo
1124 1932 1249 2004 quia
1292 1939 1416 1987 sunt
1460 1945 1721 1999 concava,
1768 1928 1924 1985 facile
1966 1937 2159 1984 ostreae

564 2025 846 2082 interiores
891 2033 1073 2095 partes
1117 2022 1436 2092 complicata
1483 2020 1793 2086 defendunt,
1838 2028 1895 2075 et
1938 2020 2009 2076 ob
2053 2021 2159 2075 hoc

554 2117 715 2181 irrita
745 2114 804 2170 ﬁt
846 2114 1210 2185 impugnantis
1237 2113 1528 2182 aggressio.
1585 2111 1725 2180 Quid
1766 2113 1986 2175 molitur
2029 2127 2158 2182 ergo

566 2207 937 2264 adversarius?
966 2204 1189 2274 Quando
1214 2204 1411 2260 viderit
1448 2204 1506 2259 in
1539 2204 1733 2276 apricis
1760 2203 1894 2260 locis
1920 2212 2154 2260 ostream

562 2317 624 2359 se
666 2302 894 2357 libenter
932 2299 1032 2356 sub
1079 2298 1193 2356 sole
1222 2296 1246 2334 ⁸
1278 2297 1625 2369 pandentem,
1667 2297 1933 2352 minutum
1970 2305 2160 2352 tenens

565 2393 829 2450 calculum
844 2392 895 2447 ei
911 2392 1138 2446 latenter
1151 2391 1392 2461 apponit,
1414 2389 1566 2459 cujus
1579 2389 1796 2460 objectu
1815 2400 2048 2460 nequeat
2062 2404 2156 2445 sua

554 2470 861 2555 tegimenta
887 2482 1231 2550 concludere,
1252 2490 1414 2551 atque
1442 2482 1515 2536 ita
1544 2482 1689 2551 quod
1717 2480 1931 2538 edicere
1960 2482 2158 2536 virtute

567 2594 677 2633 non
707 2576 969 2641 valuerat,
998 2582 1119 2629 astu
1154 2572 1329 2644 potuit
1368 2574 1675 2643 impetrare.
1722 2571 1847 2627 Haec
1886 2573 2046 2641 igitur
2074 2580 2158 2627 est

566 2670 776 2727 malitia
804 2684 996 2725 eorum
1020 2667 1213 2737 quibus
1242 2680 1343 2722 nec
1370 2666 1530 2732 ratio,
1564 2680 1664 2720 nec
1689 2680 1795 2720 vox
1823 2666 1929 2721 ulla
1958 2681 2157 2736 suppe-

565 2763 718 2817 ditat.
745 2760 852 2816 Sed
881 2773 982 2829 ego
1013 2768 1065 2814 te
1091 2758 1251 2830 cupio
1292 2758 1552 2815 lucrativa
1576 2757 2008 2815 machinamenta
2039 2773 2158 2813 cer-

550 2854 670 2921 ,cini
702 2852 1151 2923 contemplatum,
1184 2838 1455 2905 abstinere
1483 2864 1514 2903 a
1547 2848 1855 2904 laesionibus
1882 2849 2161 2920 proximo-

553 2963 702 3009 ,rum.
747 2946 890 3002 Talis
935 2953 1019 3002 est
1056 2944 1201 3001 enim
1243 2942 1335 3014 qui
1383 2941 1613 2998 subdolo
1657 2942 1839 2996 animo
1878 2940 2052 3011 pergit
2090 2940 2160 2995 ad

552 3049 592 3101 ,ο
621 3039 842 3094 fratrem
873 3055 887 3090 :
919 3037 1006 3092 vel
1036 3036 1460 3107 propinquorum
1488 3035 1630 3090 bona
1658 3033 1923 3097 devastat,
1955 3033 2039 3089 vel
2066 3033 2157 3103 qui

553 3131 754 3190 alienis
793 3129 1185 3185 calamitatibus
1221 3126 1539 3182 oblectatur.
1584 3125 1923 3196 QuaprOpter
1970 3125 2157 3181 desine

2262 1940 2361 1997 sibi
2390 1939 2634 1995 detinent
2660 1938 2971 2009 deputatas;
3012 1937 3296 2006 nullusque
3334 1934 3559 1991 alterius
3596 1933 3728 1989 lines
3764 1949 3848 1989 eos

2248 2040 2451 2102 .cupat,
2496 2029 2592 2086 sed
2631 2030 2742 2086 suis
2786 2029 3015 2101 quisque
3060 2028 3278 2085 sedibus
3322 2035 3407 2083 est
3447 2034 3754 2083 contentus.
3791 2021 3849 2080 Et

2262 2132 2408 2180 certe
2431 2122 2609 2179 nullus
2637 2122 2719 2178 eis
2747 2122 2861 2191 agri
2889 2136 3108 2178 mensor
3135 2119 3438 2179 habitacula
3468 2117 3495 2157 ἰ
3523 2116 3851 2174 defendenda

2261 2214 2551 2279 distribuit,
2596 2229 2696 2270 nec
2733 2228 3007 2270 murorum
3055 2210 3554 2281 circumscriptione
3604 2210 3849 2279 signavit,

2261 2322 2364 2362 nec
2391 2307 2649 2362 terminos
2689 2308 2871 2376 posuit
2903 2305 3268 2362 observandos
3301 2324 3315 2359 :
3345 2304 3443 2360 sed
3470 2303 3731 2359 omnibus
3758 2302 3849 2359 uti~

2262 2397 2386 2454 litas
2413 2399 2468 2454 in
2495 2413 2780 2454 commune
2816 2397 2831 2435 ί
2860 2397 3059 2454 collata
3089 2406 3190 2453 est.
3222 2396 3323 2453 Hic
3348 2396 3551 2453 etenim
3570 2396 3729 2451 sinus
3742 2411 3845 2451 cer-

2262 2500 2374 2547 tum
2403 2490 2627 2560 piscium
2657 2500 2828 2558 genus
2856 2489 3043 2553 nutrit,
3076 2489 3215 2544 alter
3242 2488 3407 2544 aliud.
3449 2487 3519 2543 Et
3545 2487 3641 2558 qui
3672 2488 3727 2543 in
3754 2488 3845 2542 hoc

2261 2580 2537 2636 abundant
2573 2581 2713 2646 loco,
2759 2579 2934 2637 minus
2973 2579 3243 2635 littoribus
3288 2579 3557 2635 habentur
3594 2579 3652 2633 in
3690 2578 3839 2633 aliis:

2261 2691 2369 2730 non
2408 2675 2553 2746 quod
2595 2674 2863 2745 aliquibus
2894 2674 3158 2730 montium
3186 2673 3331 2743 jugis
3357 2674 3674 2743 asperrimis
3699 2689 3836 2743 sepa-

2260 2775 2466 2839 rentur,
2493 2776 2588 2822 aut
2616 2765 2898 2823 ﬂuviorqu
2927 2766 3258 2836 interpositis
3294 2766 3543 2821 obicibus
3569 2776 3835 2822 arceantur

2261 2875 2292 2914 a
2323 2859 2578 2923 transitu;
2610 2858 2706 2915 sed
2740 2858 2826 2914 lex
2857 2868 3061 2915 naturae
3086 2858 3307 2928 singulis
3331 2858 3663 2927 tequabiliter
3676 2866 3821 2927 proin

2260 2961 2387 3006 usus
2414 2949 2671 3019 cujusque
2697 2948 2953 3020 poStulat,
2979 2948 3123 3018 quod
3146 2949 3512 3005 necessarium
3531 2958 3603 3004 est
3630 2948 3814 3018 inpen-

2259 3042 2454 3108 dendo,
2483 3048 2707 3098 cunctos
2725 3041 3104 3098 observatione
3130 3056 3239 3096 sua:
3260 3040 3555 3097 sanationis
3572 3040 3822 3096 astrinxit.

2330 3134 2383 3188 4.
2434 3134 2539 3191 Sed
2586 3150 2687 3192 nos
2733 3135 2871 3190 tales
2917 3150 3027 3191 non
3064 3150 3289 3191 sum:
3325 3150 3453 3190 nam
3491 3143 3547 3190 et
3586 3133 3835 3203 majorum

566 3224 896 3295 vituperatos
933 3219 1193 3286 temulari,
1236 3227 1526 3290 paupertas
1574 3220 1718 3274 enim
1763 3235 1889 3275 cum
1931 3221 2155 3276 veritate
2182 3217 2229 3281 C
2262 3236 2568 3283 nostrorum
2590 3226 2724 3283 fines
2742 3226 2997 3284 audacter
3016 3226 3345 3291 excedimus,
3370 3233 3425 3281 et
3450 3225 3467 3277 i
3496 3226 3665 3282 saltus
3687 3235 3839 3281 trans.

564 3315 812 3371 maximis
859 3313 1053 3385 opibus
1098 3328 1130 3367 a
1170 3312 1412 3383 sapiente
1463 3311 1763 3381 prtefertur.
1814 3312 1999 3383 itaque
2046 3328 2153 3368 non

564 3407 852 3478 praeteribo
877 3405 1224 3462 calliditatem
1252 3402 1574 3460 fraudulenti
1603 3404 1907 3475 furacisque
1929 3405 2157 3477 polypo-

563 3499 663 3563 dis,
699 3498 791 3570 qui
822 3514 946 3555 cum
977 3497 1195 3567 aliquod
1233 3512 1423 3552 saxum
1459 3497 1726 3568 porrectis
1762 3499 2001 3555 crinibus
2040 3514 2156 3555 am-

562 3591 828 3663 plexatur,
854 3590 993 3646 illius
1014 3590 1238 3645 assumit
1261 3589 1520 3655 colorem,
1543 3588 1800 3661 multique
1827 3591 2002 3660 pisces
2025 3592 2151 3649 illuc

562 3684 928 3755 imprudentes
964 3683 1175 3753 allapsi,
1207 3682 1355 3737 velut
1395 3681 1461 3736 ad
1502 3691 1711 3752 petram
1750 3683 2063 3753 simpliciter
2089 3701 2149 3741 se

562 3776 837 3831 trahentes
863 3774 1222 3845 decipiuntur,
1248 3772 1456 3828 facilem
1479 3773 1562 3828 sui
1582 3773 1888 3844 captionem
1914 3777 2150 3845 maligno

561 3867 806 3938 protinus
834 3863 1169 3922 exhibentes.
1200 3864 1356 3920 Tales
1384 3872 1510 3920 sunt
1545 3866 1637 3934 qui
1674 3868 2026 3924 summatibus
2052 3870 2150 3925 ob-

561 3965 850 4028 sequentes
877 3957 1107 4023 assidue,
1132 3959 1326 4013 mentis
1348 3957 1607 4012 varietate
1636 3968 1938 4027 mutantur;
1970 3978 2071 4019 nec
2094 3964 2147 4019 in

561 4066 669 4107 uno
694 4051 975 4121 proposito
1013 4050 1385 4120 perdurantes,
1423 4052 1557 4107 alios
1586 4060 1749 4123 atque
1790 4055 1926 4111 alios
1967 4073 2025 4112 se
2052 4059 2149 4115 de-

460 4196 468 4205 ,
558 4150 892 4209 monstrant,
941 4142 1252 4213 pudicitiam
1298 4158 1419 4213 cum
1469 4144 1660 4209 castis,
1716 4145 1980 4204 luxuriam
2027 4166 2150 4208 cum

559 4232 857 4289 libidinosis
895 4240 1233 4302 exercentes,
1262 4240 1318 4287 et
1347 4234 1570 4290 omnino
1608 4243 1667 4290 ut
1703 4236 1963 4308 cujusque
1998 4258 2150 4299 mens

630 4420 658 4449 ει
686 4409 840 4489 0011!,
865 4407 1159 4489 secundus,
1187 4425 1279 4489 per
1302 4412 1604 4489 pptentiam.
1633 4410 1790 4489 Haud
1818 4416 1976 4489 longe
1995 4422 2123 4479 editi

559 4482 712 4538 aliter
737 4478 1094 4535 substantiam.
1132 4468 1350 4546 Antiqui
1379 4479 1519 4544 libri,
1543 4481 1682 4535 alter
1708 4468 2145 4546 subs—$575115?“

628 4551 655 4590 ιι
684 4549 847 4615 Editi,
868 4550 1004 4604 idem
1027 4549 1224 4603 hamus.
1245 4549 1467 4606 Veteres
1481 4549 1590 4606 duo
1612 4553 1751 4619 libri,
1770 4558 1825 4610 id
1845 4568 1920 4612 est
1940 4560 2139 4620 hamus.

629 4633 654 4663 ο
685 4620 855 4693 Editi,
882 4623 1067 4693 {erant
1079 4634 1301 4693 namque
1321 4635 1565 4693 cancrum
1594 4625 1851 4693 cercinum
1874 4646 1892 4682 :
1920 4633 2017 4686 sed
2041 4650 2144 4690 vox

558 4708 799 4747 cancrum
845 4689 898 4746 in
944 4689 1154 4748 duobus
1200 4689 1330 4747 mss.
1376 4689 1544 4747 deest.
1578 4691 1712 4748 Cum
1743 4706 1921 4753 autem
1952 4689 2140 4760 Eusta§

558 4764 699 4839 tbius
728 4772 784 4839 et
813 4760 983 4817 hic'et
1009 4761 1285 4839 aliquanto
1313 4763 1558 4839 superius
1586 4772 1642 4839 et
1670 4768 1828 4839 paulo
1859 4780 1981 4839 post
2008 4789 2143 4832 voce

557 4833 744 4887 cercini
773 4841 971 4897 utatur,

556 4911 726 4982 ptum,
771 4900 825 4982 in
866 4894 974 4971 quo
1010 4894 1201 4982 legerit
1242 4894 1524 4982 tribushhis
1554 4904 1685 4982 locis
1727 4894 1851 4963 non?
1876 4894 2137 4982 mliti-So},

555 4968 648 5058 sed
671 4968 931 5058 ,φρήτρας-ἰ
956 4968 1186 5058 quodex
1215 4987 1282 5027 eo
1311 4970 1616 5058 conﬁrmari
1632 4985 1834 5058 potest,
1857 4968 2001 5058 quod
2026 4968 2141 5057 ipse

554 5056 742 5098 vocem
766 5065 793 5096 κ

554 5061 999 5167 γυςθιρικαιςκιγος
1019 5061 1152 5123 voce
1175 5061 1353 5124 amtor:
1380 5061 1687 5110 reddiderit,
1708 5063 1828 5104 cum
1851 5067 1956 5108 nOn
1982 5061 2111 5138 long.

553 5113 620 5167 ab
644 5118 797 5167 initio
856 5110 937 5167 bri
966 5127 1048 5168 Slll
1069 5119 1279 5181 septimi
1307 5120 1753 5184 interpretaretur
1780 5120 1908 5175 illud
1935 5121 2111 5181 Basilii

464 5188 469 5221 ῖ
554 5189 638 5262 διᾳί
668 5183 933 5262 βάτραχοι
1070 5170 1315 5262 imprimi.
1357 5170 1565 5239 Ειέηίηι
1583 5185 1641 5262 _si
1671 5170 1918 5247 Diluti—il)qu

552 5254 629 5331 cis
668 5252 1049 5309 eodem‘modo
1072 5252 1319 5331 legisset,
1349 5255 1688 5331 eumeodem
1717 5274 1931 5331 quoque
1972 5267 2135 5324 modo

551 5323 1026 5395 interpretaturum
1068 5323 1230 5378 fuisse
1276 5324 1553 5394 probabile
1581 5323 1749 5382 duco:
1787 5323 1860 5384 Εἰ
1893 5332 1945 5387 in
1975 5332 2127 5392 Colb.

587 5393 725 5469 rimo
769 5394 956 5469 deerat
1000 5409 1214 5469 queque
1250 5395 1479 5469 primum
1510 5410 1611 5469 vox
1641 5414 1916 5469 cancrum;
1946 5406 2040 5461 sed
2066 5422 2130 5462 ea

587 5464 802 5540 eiuceps
830 5464 1135 5540 additaest
1157 5466 1223 5520 ab
1258 5465 1438 5534 aliquo
1465 5466 1555 5535 qui
1585 5471 1859 5540 exemplar
1887 5464 2129 5532 Caecum

548 5531 620 5589 ob
648 5531 834 5590 oculos
855 5535 1105 5591 habebat.

500 5616 505 5623 ί
562 5666 565 5670 ι
596 5601 646 5677 ,ἀ
676 5603 834 5669 Editi,
866 5605 1184 5677 pendentem.
1218 5603 1361 5661 Libri
1390 5616 1619 5677 veteres,
1642 5611 1973 5677 pandentem.
2006 5615 2129 5672 Mox

550 5674 699 5743 editi,
730 5693 834 5731 non
856 5674 1041 5730 ualeat.
1074 5674 1254 5732 Codex
1282 5692 1436 5745 unus,
1468 5697 1567 5735 non
1605 5674 1827 5738 calebat.
1862 5684 1964 5740 Alii
1994 5685 2123 5754 duo,

551 5758 651 5796 non
682 5787 687 5793 .
708 5756 921 5800 aluerat.

628 5826 649 5848 υ
682 5815 834 5879 liiiti,
869 5817 937 5868 ad
966 5815 1394 5897 fraudem._Libri
1426 5828 1651 5889 veteres,
1682 5822 1751 5875 ad
1775 5824 1994 5893 fratrem
2026 5843 2040 5879 :
2074 5836 2127 5883 et

866 5044 1353 5138 :‘Z!°f..‘.’2‘i€.€i"f."
1366 5042 1687 5138 ,τοάάίίξετῖιε
1851 5042 2139 5138 η’ριιιοέιεο

1052 4832 1404 4912 utandusuest
1440 4832 1691 4912 habuisse
1730 4832 1923 4895 librum
1948 4858 2139 4901 corru-
2167 4841 2222 4902 D
2316 4846 2341 4886 ιι
2372 4846 2534 4912 Editi,
2567 4832 2849 4901 descenden

2257 3320 2532 3389 gredimur
2583 3320 2899 3386 vicinorum,
2949 3326 3005 3375 et
3044 3318 3236 3374 doruos
3282 3318 3555 3385 domibus,
3596 3328 3655 3374 et
3693 3333 3843 3387 agros

2258 3413 2399 3482 agris
2432 3410 2789 3480 adiungimus,
2828 3419 2883 3466 et
2924 3411 3098 3466 aliena
3130 3409 3253 3481 jura
3299 3411 3613 3469 mutilamus
3657 3411 3840 3483 (Ρι-υιι.

2258 3522 2391 3572 xxu,
2443 3504 2557 3575 26).
2605 3503 2793 3560 Sciunt
2821 3503 2848 3543 ¹ι
2878 3505 3072 3561 marini
3115 3516 3267 3561 cetus
3312 3521 3633 3561 concessum
3679 3507 3781 3562 sibi
3818 3523 3848 3562 a
3920 3526 3923 3529 λ

2255 3606 2446 3653 natura
2474 3597 2849 3663 diversorium,
2889 3597 3033 3668 quod
3080 3597 3135 3652 in
3181 3597 3435 3652 extremis
3472 3598 3653 3667 pelagi
3681 3600 3847 3655 situm

2256 3697 2336 3746 est
2382 3690 2645 3760 partibus,
2694 3689 2781 3745 cui
2832 3690 2991 3743 nulla.
3022 3690 3237 3759 penitus
3282 3690 3335 3744 in
3374 3698 3664 3760 conspectu
3698 3701 3851 3747 terra

2254 3792 2601 3846 monstratur,
2651 3782 2902 3852 quodque
2950 3782 3304 3849 innavigabile
3337 3781 3543 3851 penitus
3580 3782 3841 3838 habetur.

2255 3876 2387 3933 Nam
2419 3891 2520 3931 nec
2545 3876 2701 3946 quale
2730 3874 2819 3941 sit,
2853 3874 2936 3930 vel
2967 3875 3188 3929 historia
3220 3872 3474 3929 referente
3492 3882 3852 3943 compertum

2255 3976 2356 4035 est,
2391 3975 2447 4023 ut
2469 3974 2599 4038 pote
2627 3967 2841 4022 nemine
2882 3966 3005 4022 inde
3039 3965 3341 4022 confidente
3378 3965 3622 4020 transire.
3656 3966 3721 4021 lu
3744 3968 3855 4023 hoc

2254 4062 2417 4130 igitur
2443 4062 2565 4117 loco
2598 4067 2908 4115 memoratae
2936 4058 3125 4114 bellum
3159 4074 3279 4128 quae
3318 4068 3444 4114 sunt
3481 4059 3652 4114 instar
3688 4075 3856 4114 mou-

2256 4154 2388 4209 tium
2425 4158 2852 4215 commorantur,
2881 4164 3056 4220 neque
3089 4150 3310 4205 urbibus
3346 4151 3635 4221 aliquibus,
3667 4169 3856 4221 iique

2242 4248 2441 4304 insulis
2481 4244 2816 4311 infestantes.
2847 4242 2926 4298 Ita
2953 4243 3159 4312 simul:
3189 4257 3390 4313 genera
3429 4244 3484 4299 in
3519 4245 3860 4303 stationibts

2252 4422 2811 4509 itate'xigunt‘t‘fteca,
2842 4427 2967 4509 πρὸς
2996 4428 3080 4479 τὸν
3110 4422 3331 4504 ἁδιλφρν.

2326 4497 2343 4534 f
2378 4491 2519 4551 Editi
2547 4503 2602 4549 et
2626 4491 2777 4549 Colb.
2811 4491 3014 4564 primus
3045 4508 3151 4619 quo
3191 4491 3271 4547 usi
3314 4492 3562 4548 videntur
3588 4504 3861 4567 typogra-

2326 4568 2359 4619 i.
2408 4569 2461 4619 in
2509 4565 2861 4619 similitudine.
2908 4565 3009 4618 Alii
3089 4580 3156 4617 uo
3204 4579 3355 4619 mss..
3392 4565 3445 4618 in
3486 4565 3859 4619 simulatione-

2285 4567 2359 4633 bi,
2408 4569 2461 4638 in
2509 4565 2861 4638 similitudine.
2908 4565 3009 4618 Alii
3051 4565 3156 4619 duo
3204 4579 3355 4628 mss.,
3392 4565 3445 4618 in
3486 4565 3859 4638 simulatione,

2316 4653 2401 4694 ne.
2427 4636 2653 4712 Legitur
2675 4636 2733 4712 in
2754 4634 2960 4712 Grieco.
2986 4639 3037 4712 ty
3060 4640 3515 4712 ffLﬂpOO'Z‘tlfl-Cﬂ.
3537 4637 3672 4693 Mox
3692 4634 3858 4695 Colb.

2246 4707 2527 4772 secundus,
2560 4706 2872 4761 vestimentis
2900 4722 2953 4760 se
2980 4706 3253 4776 simplices.

2318 4788 2343 4826 ε
2372 4777 2524 4832 Colb.
2557 4777 2841 4841 secundus,
2853 4778 2998 4901 iacit
3024 4777 3297 4831 unanimes
3323 4778 3379 4830 in
3408 4777 3587 4833 domo.

2318 4846 2341 4886 ι’
2372 4846 2534 4901 Editi.
2567 4846 2849 4901 descenden
2891 4864 2941 4900 a.
2976 4847 3045 4901 At
3087 4847 3256 4901 nostri
3298 4854 3406 4901 tres
3450 4864 3587 4901 mss.

2891 4864 2941 4922 a.
2976 4847 3045 4901 At
3087 4847 3256 4922 nostri
3298 4854 3406 4922 tres
3450 4864 3612 4922 mss.,
3664 4850 3865 4922 defen-

2243 4918 2433 4973 denda.
2458 4916 2650 4981 Statim
2674 4916 2820 4983 editi,
2846 4917 3339 4987 circumscriptione.
3368 4919 3439 4973 At
3460 4916 3628 4975 Colb.
3656 4916 3868 4978 secun-

2244 4987 2363 5058 dus,
2395 4989 2837 5058 circumseptione.
3036 5056 3053 5058 _
3361 5015 3375 5030 -

2322 5057 2337 5097 ί
2384 5058 2548 5127 Editi,
2598 5056 2848 5113 collocata
2894 5067 2991 5113 est.
3035 5056 3178 5112 Libri
3219 5069 3448 5125 veteres,
3491 5061 3711 5117 collata
3764 5073 3867 5119 est.

2245 5129 2410 5213 Paulo
2430 5138 2562 5213 post
2578 5128 2741 5211 ‘Colb.
2772 5129 3056 5213 secundus,
3081 5129 3305 5213 singulis
3326 5129 3626 5213 (περιειιιιὶιεντ

2318 5203 2330 5250 i
2383 5197 2528 5270 Libri
2577 5197 2849 5269 impressi,
2897 5198 3065 5270 saltus
3112 5197 3527 5270 transgrediuntur
3574 5203 3867 5260 vitiorum.

2241 5270 2406 5336 Vetus
2434 5269 2605 5325 codex
2636 5266 2818 5325 noster
2852 5276 2908 5325 et
2933 5267 3088 5325 Colb.
3126 5266 3415 5336 secundus,
3445 5266 3628 5327 saltus
3677 5284 3868 5330 Irm-

2240 5330 2501 5413 gredimur
2529 5340 2832 5413 vicinorum.

2313 5410 2335 5448 ι
2366 5409 2534 5466 Vetus
2558 5410 2729 5466 codex
2755 5420 2957 5474 noster,
3000 5411 3169 5465 sciunt
3200 5410 3390 5465 marini
3417 5416 3585 5466 cetus.
3625 5412 3788 5471 Εὐίιί
3814 5427 3869 5472 et

2234 5480 2387 5538 Colb.
2430 5480 2651 5551 primus,
2692 5481 2860 5534 sciunt
2899 5481 3091 5537 marini
3135 5490 3292 5551 cetus.
3336 5480 3542 5551 Credas
3590 5483 3868 5542 librarios

2234 5549 2514 5619 insigniter
2542 5559 2769 5621 utroque
2811 5550 2931 5621 loco
2981 5550 3161 5621 lapsos
3192 5549 3355 5621 fuisse
3388 5570 3400 5604 :
3429 5550 3525 5621 sed
3572 5562 3786 5613 tamen
3814 5558 3870 5615 id

2231 5615 2388 5676 secus
2416 5629 2516 5678 est.
2548 5615 2698 5675 Cum'
2710 5621 2854 5677 enim
2881 5615 3122 5691 legamus
3144 5622 3196 5676 in
3216 5620 3432 5689 Grzecis,
3457 5619 3563 5680 ora;
3592 5632 3672 5681 τὰ
3706 5635 3864 5691 κήτη,

2232 5691 2464 5761 dubitari
2506 5706 2610 5744 non
2649 5700 2827 5762 potest
2854 5689 2982 5762 quin
3009 5689 3322 5762 Eustathius
3348 5699 3473 5752 κήτη
3502 5699 3766 5752 verterit
3796 5689 3868 5755 ad

2231 5760 2453 5841 verbum
2494 5760 2657 5841 cetus.
2680 5760 2888 5817 Statim
2902 5778 3000 5832 pro
3029 5762 3183 5818 situm
3212 5762 3265 5817 in
3292 5760 3446 5819 Colb.
3478 5768 3754 5825 secundo
3787 5771 3867 5824 le—

2228 5834 2371 5895 gitur
2399 5834 2641 5893 positum.
