4110 6336
254 355 356 412 945

1220 349 1615 408 ΗΕΧΑΕΜΕΙΗ
1656 349 2131 406 METAPIIRASIS
2174 349 2370 407 LIBER
2409 352 2540 409 VIII.

3417 351 3518 409 916

253 482 466 539 quoque
489 468 756 523 rnminarc
781 476 1050 538 tempore;
1083 474 1140 520 ut
1171 465 1244 521 ita
1270 467 1428 520 liceat
1462 465 1612 522 vobis
1631 466 1828 529 dicere,
1866 475 1908 532 Α
1939 479 2054 528 nor,
2108 480 2248 519 nunc
2305 474 2361 520 et
2408 479 2657 534 semper,
2715 475 2766 519 et
2825 466 2878 521 in
2925 465 3115 520 sa‘cula
3179 465 3498 523 saeculorum

191 556 193 558 ’
249 557 367 630 Ego
395 559 593 614 dormio
621 568 669 614 et
697 577 785 614 cor
803 575 970 614 meum
995 558 1173 628 uigilat
1219 555 1400 628 (Cant.
1433 546 1589 627 v.9.)
1610 597 1624 623 ,
1657 555 1829 610 medi-

255 651 419 707 tando
446 651 533 708 die
555 659 824 724 noctuque
853 652 1024 722 legem
1055 650 1286 717 Domini,
1315 651 1400 706 cui
1439 650 1610 717 gloria
1649 659 1705 704 et
1733 650 1831 705 ho-

1931 557 2134 614 -Atnen.

1565 757 3479 787 mm

1222 835 1696 944 LIBER
1780 837 2195 944 00m
2221 838 2308 944 V
2341 793 2543 951 Us.

324 1005 370 1060 l.
415 1004 482 1060 Et
517 1007 649 1060 dixit
680 1004 856 1060 Deus:
889 1002 1081 1077 Ejiciat
1109 1013 1244 1058 terra
1283 1003 1510 1057 animam
1557 1001 1834 1056 secundum

249 1117 406 1172 genus
436 1116 454 1152 :
483 1099 860 1172 quadrupedes,
882 1109 928 1151 et
945 1105 1240 1166 serpentes,
1268 1103 1318 1149 et
1339 1093 1527 1148 bestias
1548 1094 1832 1147 secundum

250 1183 429 1264 genus.
464 1189 532 1245 Et
552 1193 744 1264 factum
758 1199 834 1244 est
870 1191 962 1244 sic.
988 1188 1148 1244 Venit
1173 1185 1461 1259 praeceptio
1483 1185 1681 1257 passim
1711 1199 1834 1254 gra-

250 1282 421 1350 diens,
449 1291 504 1338 et
533 1281 740 1353 recepit
767 1291 911 1337 terra
940 1280 1217 1352 proprium
1265 1289 1290 1316 °
1319 1293 1551 1334 cursum.
1583 1275 1659 1332 Ibi
1676 1275 1835 1346 jussit

249 1389 411 1446 aquas
431 1373 617 1444 ejicere
641 1375 845 1444 reptilia
870 1374 1161 1430 animarum
1194 1371 1419 1426 vivarum
1453 1387 1470 1424 :
1501 1369 1608 1435 hic,
1635 1368 1832 1441 Ejiciat

250 1477 386 1521 terra
411 1467 639 1522 annnam
670 1469 854 1523 vivam.
882 1462 1116 1523 Putasne
1145 1480 1274 1536 ergo
1304 1472 1386 1522 est
1415 1464 1650 1520 animata
1679 1463 1836 1518 tellus

249 1568 303 1614 et
332 1560 480 1615 locus
508 1560 832 1632 praebebitur
877 1559 1177 1630 vaniloquis
1223 1555 1549 1624 Manichmis,
1602 1557 1834 1612 animam

252 1661 409 1705 terra:
437 1651 637 1706 dandi?
665 1651 782 1708 Non
829 1651 1168 1717 omnimodis,
1226 1651 1351 1720 quia
1397 1650 1563 1716 dixit,
1615 1648 1830 1720 Ejiciat,

251 1745 392 1814 quod
419 1745 470 1800 in
496 1746 610 1816 ipsa
639 1754 773 1812 erat,
793 1745 997 1812 eduxit,
1019 1743 1113 1800 sed
1133 1744 1276 1800 Deus
1296 1744 1388 1813 qui
1416 1744 1831 1814 prteceptionem

1942 1001 2014 1055 lia
2043 1003 2188 1056 enim
2215 1003 2513 1062 animarum
2555 1007 2792 1063 vivarum
2831 1009 3100 1080 produxit,
3139 1018 3200 1065 ut
3243 1008 3520 1080 Scriptura

1940 1091 2226 1163 signiﬁcat,
2251 1095 2303 1150 in
2320 1098 2663 1155 terrestribus
2687 1108 2867 1156 autem
2887 1101 3066 1157 anima
3091 1116 3289 1173 corpus
3308 1115 3520 1170 regens.

1938 1186 2195 1260 generari
2213 1197 2483 1259 prtecepta
2511 1199 2616 1257 est,
2643 1199 2848 1262 utpote
2871 1209 2990 1264 que
3016 1194 3137 1266 plus
3165 1194 3387 1250 viviﬁcm
3417 1195 3522 1250 vir-

1939 1276 2068 1330 tutis
2097 1281 2507 1350 assumpserint,
2536 1298 2840 1353 quanquam
2871 1286 2990 1356 ipsa.
3011 1301 3226 1356 quoque
3249 1287 3521 1345 terrestria
3606 1328 3620 1348 .

1935 1369 2042 1423 sint
2062 1365 2468 1438 irrationabilia,
2491 1381 2669 1429 tamen
2700 1377 3118 1447 unumquodque
3145 1369 3332 1432 eorum
3353 1377 3522 1434 multa

1938 1477 2035 1532 per
2063 1464 2362 1518 naturalem
2383 1479 2573 1520 vocem
2593 1481 2756 1536 super
2781 1469 2944 1524 animi
2963 1469 3216 1538 passione
3235 1469 3520 1538 signiﬁcat.

1938 1553 2070 1609 Nam
2097 1563 2158 1610 et
2186 1556 2424 1612 Letitiam
2445 1565 2501 1612 et
2527 1573 2834 1624 maerorem,
2859 1571 2914 1616 et
2936 1560 3188 1628 inediam,
3219 1571 3275 1625 et
3301 1575 3521 1632 separa-

1937 1647 2137 1702 tionem
2166 1663 2407 1716 suorum,
2439 1651 2722 1721 variasque
2759 1653 3037 1708 molestias
3062 1669 3197 1710 voce
3224 1654 3523 1718 declarant,

1937 1754 2060 1795 cum
2099 1741 2321 1810 aquaria
2351 1756 2459 1797 non
2488 1741 2506 1780 τ
2538 1743 2713 1800 solum
2759 1751 2928 1810 muta,
2957 1744 3051 1799 sed
3079 1747 3242 1800 etiam
3298 1746 3524 1801 immitia

251 1837 416 1902 dedit,
448 1839 612 1892 etiam
647 1837 898 1894 virtutem
928 1845 1085 1892 teme
1115 1835 1302 1890 tribuit
1332 1834 1612 1890 educendi.
1648 1833 1832 1902 Neque
1863 1840 1908 1903 Β
1935 1832 2041 1888 sint
2061 1841 2117 1888 et
2146 1833 2380 1902 indocta,
2404 1843 2461 1890 et
2486 1833 2554 1889 ad
2579 1851 2794 1890 omnem
2818 1836 2941 1891 vitm
2968 1835 3281 1892 societatem
3302 1851 3524 1906 prorsus

219 1929 232 1935 ’
252 1929 276 1967 ιι
309 1929 452 1984 enim
481 1945 604 1985 cum
636 1928 896 1997 audisset,
925 1937 983 1983 ut
1010 1927 1234 1982 herbam
1275 1927 1603 1996 germinaret
1631 1925 1758 1991 feni,
1784 1933 1840 1981 et

252 2019 450 2087 lignum
473 2020 822 2084 fructuosum,
855 2019 1028 2074 latens
1069 2017 1208 2073 intra
1229 2033 1288 2074 se
1309 2018 1579 2084 videlicet,
1611 2017 1838 2074 herbam

253 2109 359 2165 leni
409 2119 615 2165 tantum
647 2110 887 2182 protulit,
930 2125 1030 2165 nec
1056 2109 1284 2181 palmas,
1314 2118 1410 2164 aut
1453 2109 1700 2178 esculus,
1748 2115 1842 2164 aut

252 2219 552 2276 cypressos,
586 2203 638 2258 in
665 2203 775 2259 suis
801 2201 1050 2257 abstrusa
1078 2200 1302 2266 sinibus,
1336 2201 1404 2256 ad
1451 2216 1682 2273 superna
1709 2187 1842 2272 pro;

253 2296 436 2362 duxit;
464 2295 558 2351 sed
587 2310 765 2350 sermo
779 2292 990 2348 divinus
1013 2292 1347 2347 nascentium
1368 2291 1610 2362 profecto
1629 2298 1844 2346 creator

253 2396 354 2443 est.
388 2385 654 2442 Cerminet
675 2395 831 2451 terra,
863 2400 972 2440 non
1000 2390 1060 2438 ut
1089 2383 1234 2454 quod
1270 2382 1524 2448 habebat,
1555 2381 1841 2449 educeret;

254 2478 347 2534 sed
371 2487 428 2534 ut
454 2477 597 2547 quod
623 2493 732 2532 non
765 2476 988 2531 haberet
1014 2485 1330 2541 assumeret,
1363 2474 1475 2531 Deo
1493 2474 1699 2530 scilicet
1720 2488 1848 2543 ope-

256 2570 480 2625 rationis
509 2569 558 2623 ci
587 2567 860 2638 praebente
890 2567 1161 2622 virtutem.
1190 2566 1279 2621 Sic
1323 2575 1378 2621 et
1406 2564 1569 2620 modo
1604 2583 1616 2618 :
1648 2561 1846 2635 Ejiciat

256 2665 486 2717 animam
528 2678 545 2715 :
580 2677 688 2716 non
719 2673 838 2716 eam
865 2675 985 2730 quze
1013 2658 1293 2716 recondita
1321 2667 1440 2714 erat
1469 2659 1522 2713 in
1551 2665 1716 2721 terra,
1747 2655 1842 2713 sed

257 2769 376 2824 qure
407 2752 480 2807 illi
525 2769 554 2806 a
585 2753 698 2808 Deo
723 2752 920 2808 collata
950 2760 1031 2806 est
1056 2765 1154 2822 per
1182 2750 1510 2806 mandatum.
1545 2749 1744 2804 Deinde
1788 2748 1843 2802 in

258 2846 583 2902 contrarium
612 2843 915 2898 Manichaeis
938 2857 1116 2897 sermo
1154 2839 1442 2898 vertendus
1468 2849 1572 2896 est.
1602 2838 1658 2896 Si
1697 2840 1842 2895 enim

257 2937 488 2990 animam
518 2949 679 3003 quam
717 2933 952 2989 habebat
996 2933 1154 2988 tellus
1182 2933 1388 3000 eduxit,
1420 2933 1686 2988 exanimis
1727 2933 1840 3001 ipsa

258 3028 395 3080 facta
417 3033 518 3080 cst.
551 3023 661 3079 Sed
685 3039 872 3080 eorum
893 3023 1108 3093 quidem
1132 3022 1523 3078 detestabilitas
1563 3029 1692 3076 nota
1717 3021 1844 3076 sub-

259 3119 384 3174 inde
412 3131 513 3176 est.
555 3119 691 3175 Illud
723 3134 854 3175 sane
882 3119 1180 3186 videamus,
1209 3133 1308 3175 cur
1334 3131 1488 3188 aqua:
1508 3119 1672 3187 jusste
1718 3123 1844 3171 sunt

1941 1925 2247 1981 hominibus
2285 1927 2663 1984 intractabilis.
2699 1927 3010 2000 Recoguoeit
3049 1929 3140 1984 bos
3177 1943 3524 2000 possessorem

1941 2035 2110 2085 suum,
2138 2029 2189 2074 et
2215 2021 2393 2075 asinus
2419 2037 2649 2092 prtescpe
2666 2021 2862 2077 domini
2900 2023 2980 2077 sui
3008 2019 3162 2092 (Isai.
3189 2038 3225 2087 ι,
3255 2020 3335 2090 5),
3363 2021 3526 2092 piscis

1941 2125 2072 2168 vero
2115 2098 2388 2182 nunquam
2435 2113 2611 2182 potuit
2656 2125 2982 2181 cognoscere
3025 2111 3352 2168 nutrimenta
3389 2127 3524 2182 prte-

1942 2211 2196 2260 stantem.
2244 2204 2499 2274 lntelligit
2524 2207 2704 2262 asinus
2731 2214 2786 2261 et
2824 2204 3057 2260 hominis
3083 2212 3395 2260 consuetam
3424 2219 3524 2260 vo-

1943 2309 2083 2358 cem,
2109 2294 2261 2350 novit
2287 2295 2390 2350 iter
2409 2295 2552 2365 quod
2581 2297 2778 2367 smpius
2818 2295 3130 2362 ambulavit,
3154 2292 3528 2364 interdumque

1943 2383 2050 2439 dux
2097 2384 2156 2439 lit
2204 2385 2457 2454 agitatori
2484 2401 2604 2450 suo,
2633 2402 2757 2442 cum
2781 2386 3074 2451 erraverit,
3105 2384 3172 2441 ad
3200 2383 3528 2441 audiendum

1942 2476 2018 2532 ita
2045 2477 2395 2534 vehementer
2418 2486 2624 2543 acutus,
2654 2489 2714 2534 ut
2755 2479 2960 2534 nullum
2991 2480 3042 2535 ei
3069 2479 3241 2550 possit
3259 2477 3328 2533 de
3355 2485 3530 2533 terre-

1944 2569 2142 2626 stribus
2165 2571 2487 2640 comparari.
2530 2570 2780 2625 Camelus
2826 2570 2990 2626 habet
3032 2584 3249 2640 semper
3281 2577 3531 2625 tenacem

1943 2660 2258 2717 memoriam
2306 2661 2610 2727 malorum;
2649 2671 2706 2718 et
2759 2661 2826 2717 ad
2873 2662 3201 2718 iracundiam
3246 2661 3444 2729 gravis,
3475 2667 3534 2716 et

1943 2766 2296 2822 perseverans
2315 2760 2416 2808 est.
2444 2753 2686 2824 Denique
2703 2754 2751 2808 si
2779 2752 2939 2810 fuerit
2967 2768 3271 2825 percussus,
3298 2754 3392 2810 diu
3419 2751 3532 2807 dis-

1943 2844 2194 2900 simulato
2230 2845 2438 2910 dolore,
2494 2860 2616 2900 cum
2670 2847 2870 2916 reperit
2897 2855 3258 2917 opportunum
3287 2855 3530 2916 tempus,

1946 2937 2149 2992 illatam
2172 2939 2420 3008 protinus
2446 2937 2660 3008 reponit
2688 2937 2956 3007 iniuriam.
2987 2937 3095 2994 Sed
3121 2939 3266 2995 hunc
3294 2937 3438 2994 nulla
3462 2935 3535 2993 de

1946 3028 2166 3084 marinis
2187 3028 2380 3084 helluis
2399 3028 2658 3084 imitatur.
2681 3027 2876 3085 Audite
2891 3029 3072 3100 igitur,
3095 3028 3337 3086 iracundi
3355 3028 3532 3084 homi-

1947 3135 2061 3186 nes,
2099 3120 2192 3190 qui
2218 3119 2645 3176 recordationem
2675 3119 2878 3177 dudum
2908 3121 3140 3178 Iasionis
3167 3128 3399 3192 "acceptae
3429 3133 3534 3190 pro

260 3214 472 3282 reptilia
494 3213 737 3268 vivarum
781 3212 1079 3266 animarum
1118 3209 1452 3282 producere,
1478 3208 1637 3264 tellus
1662 3217 1842 3262 autem
1869 3208 1918 3275 ο
1945 3213 2144 3268 virtute
2196 3211 2431 3268 maxima
2477 3211 2757 3278 aﬂectatis,
2787 3213 2874 3270 cui
2911 3214 3102 3270 bellua»
3139 3214 3343 3270 similes
3369 3213 3536 3268 habe-

260 3307 496 3362 animam
548 3305 746 3360 vivam.
781 3303 1118 3359 Arbitramur
1153 3303 1317 3372 igitur
1360 3318 1428 3357 eo
1465 3300 1611 3372 quod
1660 3309 1850 3356 natura

263 3397 564 3452 natantium
608 3407 630 3435 ε
680 3390 1052 3466 imperfectam
1079 3393 1474 3466 quodammodo
1495 3401 1715 3464 putatur
1754 3391 1850 3448 ha-

264 3488 391 3544 bere
415 3489 579 3544 vitam
605 3506 617 3542 :
652 3488 722 3543 ob
745 3488 849 3543 boc
876 3487 1003 3557 quia
1040 3486 1332 3542 crassiores
1359 3491 1486 3540 sunt
1513 3499 1683 3554 aquae.
1715 3482 1850 3539 Nam

264 3581 496 3651 denique
525 3580 730 3636 tardior
757 3579 970 3635 auditus
998 3587 1082 3634 est
1109 3576 1470 3633 animantibus
1510 3577 1564 3632 in
1592 3590 1728 3646 aqua
1755 3574 1851 3630 de-

264 3675 528 3742 gentibus,
568 3683 624 3729 et
652 3675 796 3729 visus
817 3672 1066 3729 hebetior
1083 3715 1100 3742 ,
1127 3680 1187 3727 ut
1226 3680 1354 3742 pote
1382 3686 1481 3742 per
1508 3685 1702 3740 aquam
1728 3683 1850 3724 cer-

267 3767 462 3830 uendo,
495 3783 596 3824 nec
637 3767 744 3822 ulla
796 3766 937 3838 apud
966 3781 1062 3823 eos
1087 3764 1111 3802 d
1137 3764 1414 3830 memoria,
1450 3763 1534 3818 vel
1585 3762 1850 3832 opinatio,

265 3858 350 3912 vel
390 3859 590 3928 agnitio
639 3867 719 3914 est
750 3859 1136 3930 proximorum.
1188 3856 1437 3912 Declarat
1492 3868 1622 3924 ergo
1675 3868 1851 3909 sermo

265 3952 496 4014 divinus,
539 3951 663 4020 quia
715 3951 822 4004 vita
878 3949 1111 4005 carnalis
1159 3948 1504 4018 aquariorum
1543 3946 1854 4002 moderatur

267 4043 431 4097 animi
462 4042 808 4098 motionibus.
840 4040 973 4096 Nam
1005 4041 1057 4095 in
1089 4041 1369 4109 terrigenis
1392 4039 1598 4104 bestiis,
1627 4053 1745 4108 qua:
1774 4038 1854 4092 vi-

267 4145 378 4190 tam
406 4134 779 4206 perfectiorcm
807 4135 1008 4188 sonitm
1037 4141 1179 4198 sunt,
1205 4133 1414 4187 animus
1439 4132 1681 4202 corporis
1709 4131 1850 4186 obti-

268 4237 363 4283 net
391 4228 767 4299 principatum.
796 4225 1006 4281 Etenim
1037 4241 1227 4281 sensus
1255 4241 1440 4281 earum
1481 4224 1722 4294 vegetior
1748 4232 1850 4290 est,

269 4317 662 4389 manifestaque
715 4318 964 4373 animalia
993 4333 1116 4374 cum
1164 4317 1509 4388 prtesentium
1563 4315 1855 4370 maximam

269 4424 457 4464 curam
486 4417 692 4477 gerant,
732 4417 858 4463 tunc
891 4407 1179 4476 diligenter
1206 4407 1520 4462 memoriam
1547 4404 1857 4461 custodiunt

271 4509 684 4556 transactorum.
737 4499 886 4556 Unde
929 4493 1376 4556 considerandum
1415 4509 1498 4554 est
1535 4499 1726 4570 equod
1775 4499 1856 4569 pi-

1950 3303 2100 3368 mini,
2125 3302 2342 3372 quando
2366 3305 2642 3376 proprium
2695 3303 2890 3372 bilem,
2933 3315 2959 3354 II
3001 3313 3254 3376 tanquam
3297 3305 3536 3375 aliquam

1949 3396 2235 3454 scintillam
2263 3396 2446 3452 cinere
2473 3398 2728 3468 sopitam,
2749 3412 2918 3468 usque
2958 3412 3026 3452 eo
3046 3398 3290 3454 retinetis
3311 3397 3365 3453 in
3407 3411 3538 3453 cor-

1949 3489 2124 3554 dibus,
2147 3493 2432 3559 'quousque
2460 3489 2604 3545 nacti
2633 3489 2990 3554 occasionem,
3037 3488 3283 3546 stimulos
3309 3487 3534 3555 doloris,

1949 3582 2097 3640 velut
2127 3581 2416 3650 igniculum
2459 3595 2708 3652 parvum,
2730 3579 2918 3638 fomite
2955 3581 3218 3638 nutritum
3265 3580 3536 3637 suscitetis

1952 3673 2005 3728 in
2035 3673 2323 3727 ﬂammam.

2021 3765 2076 3821 2.
2109 3765 2303 3839 Ejiciat
2333 3775 2473 3821 terra
2501 3766 2732 3821 animum
2758 3767 2941 3821 uiuam.
2971 3765 3082 3822 Cur
3117 3774 3261 3822 terra
3281 3764 3537 3836 producit

1955 3859 2185 3916 animam
2209 3858 2426 3914 vivam?
2452 3865 2511 3912 ut
2527 3856 2884 3914 diﬁ‘erentiatn
2911 3855 3088 3913 discas
3107 3857 3300 3911 animae
3325 3855 3538 3926 pecoris

1954 3950 2316 4020 hominisque.
2374 3947 2442 4002 Et
2487 3948 2649 4019 paulo
2701 3946 2920 4017 quidem
2969 3947 3191 4002 inferius
3241 3959 3539 4014 cognosces

1953 4039 2229 4112 quomodo
2275 4040 2452 4094 anima
2497 4040 2568 4093 sit
2595 4038 2828 4093 hominis
2855 4038 3146 4093 constituta
3179 4056 3192 4092 :
3227 4052 3369 4093 nunc
3406 4051 3541 4092 vero

1955 4131 2078 4186 audi
2105 4131 2172 4186 de
2201 4131 2378 4185 anima
2401 4139 2688 4194 mutorum,
2713 4131 2839 4200 quia
2864 4129 3157 4186 secundum
3177 4127 3538 4200 Scripturam,

1955 4233 2270 4281 cunctorum
2325 4222 2634 4278 animalium
2682 4222 2863 4278 anima
2906 4221 3124 4290 sanguis
3148 4230 3232 4277 est
3268 4221 3546 4293 proprius;

1957 4317 2187 4387 Sanguis
2210 4324 2391 4373 autem
2412 4316 2623 4386 gelatus
2649 4317 2890 4372 converti
2915 4315 3054 4371 solet
3070 4317 3122 4370 in
3142 4331 3380 4383 carnem,
3413 4331 3543 4370 caro

1958 4421 2138 4467 autem
2159 4418 2416 4482 corrupta
2446 4409 2586 4466 redit
2615 4409 2668 4465 in
2693 4418 2911 4465 terram.
2961 4406 3153 4465 Ilerito
3203 4423 3333 4478 ergo
3364 4409 3544 4464 tabida

1957 4512 2040 4558 est
2071 4503 2249 4558 anima
2274 4501 2662 4573 iumentorum.
2705 4500 2902 4573 Ejiciat
2927 4512 3062 4557 terra
3101 4504 3329 4556 animam
3357 4503 3544 4556 vit-am.

269 4595 439 4649 scium
465 4595 679 4663 quidem
708 4609 936 4664 corpora
964 4593 1196 4648 animata
1221 4592 1474 4664 produxit
1499 4607 1636 4662 aqua
1659 4592 1855 4664 :repti-
1879 4583 1932 4646 Ι)
1959 4593 2092 4678 Vide
2115 4595 2559 4665 consequentiam
2591 4591 2616 4630 ιι
2642 4593 2834 4649 anima:
2873 4593 2940 4649 ad
2964 4594 3298 4662 sanguinem,
3331 4591 3544 4658 sangui-

343 4717 367 4746 ·
391 4706 528 4765 Editi
556 4717 611 4762 et
654 4722 805 4773 mss.,
841 4709 1127 4779 proprium_
1148 4723 1372 4761 cursum.
1397 4705 1506 4762 Sed
1548 4723 1653 4762 non
1700 4706 1852 4764 facile

269 4779 460 4836 adduci
483 4787 695 4850 potero,
733 4787 792 4832 ut
831 4776 1047 4850 credam
1089 4776 1424 4850 Eustathium
1449 4779 1519 4832 ita
1551 4779 1849 4850 scripsisse.

272 4850 401 4904 Mihi
421 4847 600 4904 nescio
613 4848 886 4920 quomodo
897 4849 1237 4903 verisimilius
1254 4847 1311 4901 lit
1331 4865 1475 4914 eum,
1502 4865 1567 4903 ex
1589 4847 1856 4903 Basiliano

273 4921 386 4985 illo,
419 4923 502 4977 τὸν
529 4918 732 4993 κόσμῳ,
781 4918 1026 4993 effecisse
1070 4927 1125 4993 et
1150 4920 1427 4993 scripsisse
1474 4935 1721 4993 coemam,
1755 4920 1857 4973 hoc

171 4997 192 5006 ‘
272 5000 359 5046 est
386 4989 630 5046 ornatum
643 5009 659 5054 ;
679 4991 924 5044 librarios
946 5004 1074 5043 vero
1101 4989 1384 5043 insolentia
1413 4989 1561 5044 vocis
1580 4989 1856 5058 deceptos,

271 5079 341 5118 ex
372 5079 598 5117 casinum
625 5059 864 5116 eﬂ'ecisse
891 5075 1113 5113 cursum.

350 5132 376 5170 ³»
402 5131 514 5188 Vox
534 5137 670 5187 enim
698 5147 764 5186 ex
795 5131 940 5186 libris
965 5127 1238 5184 veteribus
1267 5126 1443 5182 addita
1473 5136 1574 5184 est.

354 5215 376 5239 ν
402 5203 540 5258 Editi
563 5213 618 5258 et
635 5202 790 5258 Colb.
807 5201 1028 5273 primus,
1046 5201 1345 5273 perfectam,
1359 5197 1656 5273 reluctante
1674 5197 1864 5273 Qrteco

276 5285 440 5346 atque
457 5275 741 5346 renitente.
765 5269 948 5328 (Index
969 5278 1172 5346 noster,
1183 5269 1503 5339 imperfecta.
1520 5269 1667 5324 Alter
1681 5269 1834 5325 Colb.
1847 5312 1860 5335 ,

276 5343 650 5423 imperfectam.
674 5343 878 5423 Graece,
903 5343 1257 5423 ἀτεᾉιστξὲρκςῖ
1377 5412 1387 5423 ⁸

352 5413 376 5453 λ’
404 5413 569 5484 Editi,
594 5414 904 5470 memorialis
925 5413 1154 5484 opinatio
1173 5413 1249 5466 uel
1266 5413 1463 5484 agnitio
1484 5413 1858 5482 proximorum.

283 5488 449 5544 Vetus
477 5481 660 5542 noster
677 5485 851 5541 codex
895 5481 965 5538 et'
989 5483 1141 5538 Colb.
1170 5481 1464 5547 secundus,
1485 5481 1741 5537 memoria
1783 5483 1861 5536 vet

283 5561 516 5628 opinatio
540 5558 616 5612 vel
636 5557 834 5628 agnitio
857 5565 934 5609 est
954 5557 1305 5626 proximorum
1323 5570 1347 5628 7:
1372 5553 1516 5622 quod
1544 5569 1855 5624 expressum

285 5627 368 5684 eat
396 5646 465 5684 ex
489 5627 689 5684 Cticcis
710 5628 831 5687 illis,
857 5627 1434 5698 μνήμωεηφαντα-σία...
1468 5627 1761 5698 ἐπίγνωσις..

362 5715 384 5738 ε’
417 5699 631 5771 Antiqui
659 5699 765 5753 duo
790 5694 904 5771 libri
923 5694 1370 5771 considerandum
1409 5705 1486 5748 est
1512 5694 1651 5771 quia,
1682 5695 1862 5771 minus

285 5770 502 5842 quidem
532 5763 696 5842 recte,
713 5769 806 5824 sed
826 5768 910 5842 ob
922 5766 974 5821 id
997 5766 1174 5837 potius
1186 5763 1332 5820 credi
1353 5763 1534 5842 potest
1554 5763 1864 5821 Eustathius

285 5780 502 5842 quidem
532 5780 696 5834 recte,
713 5780 806 5824 sed
826 5780 897 5824 οι)
922 5780 974 5821 ια
997 5780 1174 5837 potius
1186 5780 1332 5820 creat
1347 5780 1532 5888 getest
1554 5780 1860 5821 humaturus

285 5842 369 5903 ita
395 5841 602 5898 locutus
627 5840 806 5898 fuisse.
833 5838 1118 5910 Aliquanto
1161 5842 1288 5891 post
1315 5850 1346 5888 e
1386 5835 1462 5899 iti,
1492 5835 1602 5906 ipsa
1631 5851 1860 5909 quasque.

1957 4709 2172 4780 Antiqui
2201 4709 2310 4765 duo
2338 4709 2478 4775 libri,
2509 4710 2623 4780 ipsa
2647 4725 2863 4780 quoque.

2042 4778 2059 4818 ί
2100 4775 2264 4844 Editi,
2297 4796 2398 4833 non
2427 4775 2593 4833 solum
2622 4775 2802 4831 multa.
2847 4775 2990 4830 Libri
3020 4782 3248 4841 veteres,
3279 4782 3450 4838 muta;
3492 4780 3548 4830 et

1964 4851 2038 4918 ita
2087 4849 2472 4918 Iegi_oportere
2511 4855 2697 4917 aperte
2742 4845 2993 4918 ostendit
3021 4844 3349 4918 Basilianum
3396 4844 3544 4911 illud,

1963 4914 2163 4993 ᾇφωνεεῖ
2186 4914 2355 4993 Paulo
2369 4926 2489 4993 post
2508 4914 2665 4993 vetus
2685 4923 2869 4993 uoster
2894 4914 3065 4993 code;
3091 4925 3147 4972 et
3172 4914 3326 4993 Colb.
3349 4931 3547 4972 secun-

1965 4983 2085 5070 dus,
2111 4983 2483 5070 intractabilia,
2508 4987 2666 5070 bene.
2693 4983 2834 5070 Editi
2856 4993 2912 5041 et
2934 4985 3093 5070 Colb.
3111 4987 3336 5070 primus,
3361 4994 3549 5042 tracto-

1965 5058 2303 5142 bilia,‘in_vito
2317 5055 2527 5123 Graeco,
2547 5059 2976 5133 ἀμιταχιὶριστα.
3003 5055 3240 5114 Subinde
3258 5056 3367 5113 duo
3391 5071 3548 5121 mss.,

1965 5137 2130 5200 potest
2142 5129 2196 5184 di
2233 5144 2460 5183 noscere.
2802 5129 2814 5133 '

2041 5210 2066 5248 δ
2105 5147 2301 5282 Addita
2331 5206 2548 5282 θείνει
2596 5197 2826 5282 aliquam
2871 5213 2939 5256 ex
2972 5198 3120 5282 libris
3147 5197 3399 5282 antiquis.
3431 5195 3549 5252 Ali-

1964 5279 2171 5396 ilqanto
2220 5267 2356 5324 infra
2398 5267 2552 5326 Colb.
2604 5267 2891 5338 secundus,
2923 5272 3136 5342 sanguis
3162 5267 3332 5322 autem
3358 5282 3546 5339 conge-

1985 5359 2015 5395 a
2039 5359 2118 5396 as.

1985 5350 2118 5396 atus.

2037 5411 2061 5450 ιι
2093 5413 2150 5468 ln
2172 5410 2330 5468 editis
2353 5419 2409 5467 et
2433 5411 2487 5468 in
2505 5410 2660 5469 Colb.
2682 5412 2858 5483 primo
2880 5417 3133 5481 corrupte
3152 5408 3347 5483 legitur
3371 5411 3549 5465 animo

1964 5484 2034 5538 ad
2059 5485 2385 5556 sanguinem,
2433 5486 2645 5556 sanguis
2672 5481 2742 5556 ad
2788 5497 3016 5556 carnem,
3048 5481 3284 5556 carouad
3323 5490 3550 5556 terram;

1968 5565 2024 5610 at
2051 5551 2398 5610 emendateiu
2422 5551 2550 5609 aliis
2565 5553 2775 5607 duobus
2802 5551 3076 5608 codicibus
3113 5552 3371 5621 scriptum
3402 5553 3549 5606 iure-

1971 5628 2165 5692 nimus,
2201 5629 2393 5682 anima!
2426 5625 2495 5678 ad
2533 5624 2871 5694 sanguinem,
2902 5631 3031 5684 etc.,
3073 5631 3132 5677 ut
3172 5623 3224 5676 in
3271 5630 3549 5677 contextu.

1971 5697 2197 5751 Basilius
2224 5697 2456 5769 scripsit,
2474 5693 2653 5769 κίγχῆᾲ
2675 5695 2800 5769 wgf-ti;
2817 5693 2963 5764 αἷμα,
2985 5695 3335 5769 gigantes-3:933;
3359 5695 3548 5769 σάρκα,

1971 5769 2237 5890 etc.;dbos
2267 5761 2386 5822 inso
2430 5761 2628 5824 inloco
2650 5761 2779 5820 editi
2812 5761 3111 5826 repetendo.
3147 5761 3291 5819 Libri
3318 5761 3550 5828 veteres,

1973 5855 2092 5890 rene
2130 5855 2196 5890 an
2236 5855 2287 5890 ο.

1973 5841 2287 5908 repedando.

2919 5965 2921 5967 .
2973 5965 2976 5967 .
3027 5947 3090 5968 4-⁸
