4110 6336
554 328 657 389 οιτ
668 362 679 374 ι

2010 320 2376 381 EUSTATﬂll
2443 317 2449 322 ’

3732 308 3835 366 M8

556 448 641 502 nis
661 441 730 499 ad
752 455 985 512 carnem,
1004 438 1183 497 carnis
1201 438 1271 494 ad
1294 445 1515 493 terram.
1536 435 1843 504 lterumque
1863 436 2143 491 resolvens
2170 440 2223 499 Α
2248 436 2547 505 differentia
2570 445 2669 504 est,
2703 436 2827 506 quia
2858 434 3035 490 nullus
3082 434 3268 489 alitum
3298 433 3414 488 sine
3459 429 3689 502 pedibus
3717 444 3835 484 esse

556 536 690 600 haec,
727 533 841 588 redi
876 524 1184 603 repedando
1211 545 1307 602 per
1335 528 1545 594 eadem,
1590 526 1644 582 id
1682 534 1765 582 est
1793 526 1860 582 de
1890 535 2039 582 terra
2071 526 2139 583 ad

555 641 794 692 carnem,
813 640 844 679 a
864 638 1029 680 carne
1042 625 1096 679 in
1117 623 1453 692 sanguinem,
1478 638 1509 677 a
1531 620 1789 692 sanguine
1804 620 1858 675 in
1880 621 2138 686 animam,

554 729 613 776 et
640 719 883 775 invenies
907 718 1032 788 quia
1060 732 1319 788 pecorum
1346 717 1559 771 animus
1588 724 1735 771 terra
1766 723 1866 771 est.
1898 714 2007 771 Nec
2025 729 2143 770 eam

558 811 801 883 opineris
828 812 1187 881 antiquiorem
1219 826 1338 867 esse
1358 811 1670 869 substantiae
1697 809 1997 881 corporalis
2025 806 2145 865 illo-

555 920 678 959 rum
713 921 725 956 :
751 918 852 959 nec
874 912 901 942 ⁸
929 912 1276 974 exspectare,
1308 911 1368 958 ut
1395 918 1518 958 cum
1544 918 1776 973 corpore
1799 901 2143 957 dissolvatur.

556 994 705 1073 Fuge
732 994 1076 1064 garrulitates
1124 995 1312 1051 anxias
1360 993 1824 1065 philosophorum,
1864 993 1955 1063 qui
2002 1007 2148 1047 asse-

556 1103 680 1143 rere
709 1103 815 1143 non
835 1087 1164 1155 erubescunt
1189 1087 1315 1143 suas
1342 1101 1643 1157 canumque
1678 1087 1882 1141 animas
1920 1085 2147 1140 similem

562 1192 748 1249 tenere
766 1180 1024 1250 speciem.
1055 1177 1337 1249 Siquidem
1365 1177 1687 1249 proﬁtentur
1706 1177 1865 1233 etiam
1896 1176 2150 1232 mulieres

558 1273 949 1343 sequondam,
990 1273 1198 1342 pisces,
1246 1271 1574 1341 ii-uticesque
1614 1270 1797 1325 fuisse.
1832 1268 1942 1339 Ego
1970 1280 2148 1327 autem

558 1363 847 1421 siluerunt
867 1362 1158 1434 aliquando
1178 1363 1369 1432 pisces.
1395 1361 1543 1431 quod
1568 1377 1678 1416 non
1706 1360 1950 1427 credam;
1973 1369 2151 1415 tamen

482 1470 487 1475 '
561 1457 693 1512 dum
722 1458 825 1513 ista
854 1456 1188 1519 scriberent,
1223 1453 1702 1510 irrationabiliores
1728 1453 1963 1523 piscibus
1989 1451 2155 1506 hahe-

561 1549 777 1618 hantur.
810 1546 1010 1620 Ejiciat
1038 1556 1177 1602 terra
1197 1548 1427 1601 animam
1455 1547 1639 1600 vivam.
1657 1543 1834 1611 Quare
1849 1543 2010 1613 igitur
2032 1558 2156 1614 pas-

564 1642 667 1696 sim
694 1647 946 1697 currente
966 1654 1237 1705 sermone,
1261 1639 1441 1695 subito
1462 1654 1569 1694 non
1591 1637 1741 1693 brevi
1764 1645 2012 1707 tempore
2035 1651 2158 1692 con-

566 1734 831 1800 ticuerim,
881 1731 1043 1788 credo
1088 1731 1275 1787 mirari
1304 1730 1592 1786 nonnullos
1638 1728 1948 1793 astantium,
1980 1742 2156 1797 quan-

2248 539 2446 603 potest,
2476 538 2685 602 utpote
2707 530 2798 601 qui
2828 536 3038 600 pastum
3068 533 3476 598 consequuntur
3502 539 3535 579 e
3580 530 3750 584 terra,
3783 530 3838 574 ct

2246 624 2319 680 ob
2346 625 2451 680 hoc
2479 623 2784 679 necessario
2800 620 3000 692 pedum
3027 618 3314 691 potiuntur
3335 616 3613 685 obsequio.
3635 613 3843 683 Rapto-

2248 717 2397 772 ribus
2426 723 2606 771 autem
2651 703 2813 771 etiam
2842 713 3099 783 unguium
3147 711 3321 777 acies,
3355 709 3421 765 ad
3446 707 3846 795 convectamlas

2247 809 2458 882 przedas
2497 806 2907 867 accommodata
2950 816 3051 863 est.
3079 806 3211 861 Nam
3245 804 3455 861 czeteris
3477 811 3589 857 tam
3617 807 3848 871 propter

2251 902 2517 957 alimonia:
2544 907 2830 972 quaestum,
2852 915 3017 970 quam
3046 904 3271 970 propter
3299 897 3458 952 aliam
3483 893 3608 948 vitae
3636 892 3849 962 αἰερεηο

2251 994 2517 1051 sationem
2528 994 2737 1067 pedum
2762 990 3060 1049 ministeria
3090 999 3219 1047 sunt
3247 990 3464 1046 tributa.
3496 987 3691 1043 Pauca:
3718 1001 3851 1041 vero

2253 1090 2430 1145 avium
2474 1086 2644 1160 pedes
2692 1086 2909 1142 inutiles
2935 1085 3154 1151 habent,
3209 1098 3384 1155 neque
3425 1082 3634 1153 gressui
3670 1094 3852 1148 neque

2256 1180 2474 1237 venatui
2521 1168 2875 1251 opportunos,
2908 1178 3048 1233 sicut
3074 1174 3423 1238 hirundines,
3468 1185 3853 1241 meropesque,

2255 1272 2449 1343 quibus
2477 1286 2602 1327 esca
2631 1270 2748 1325 solo
2773 1269 3041 1341 praebetur
3061 1283 3129 1323 ex
3147 1282 3295 1322 aere.
3319 1264 3427 1321 Sed
3448 1261 3685 1319 hirundo
3710 1260 3857 1331 solet

2257 1365 2443 1420 volare
2480 1363 2804 1435 depressior,
2859 1371 3168 1432 terramque
3220 1374 3361 1431 pene
3406 1358 3750 1427 contingere,
3803 1361 3859 1407 ut

2257 1473 2359 1529 per
2382 1457 2487 1511 hoc
2513 1472 2667 1511 usum
2691 1455 2887 1526 pedum
2902 1452 3150 1509 videatur
3178 1452 3415 1524 explere.

2329 1549 2383 1605 3.
2410 1548 2545 1606 Sunt
2568 1564 2697 1604 sane
2726 1548 2894 1603 multa
2932 1560 3130 1618 genera
3159 1559 3300 1616 quae,
3343 1543 3389 1599 si
3432 1542 3553 1615 quis
3581 1556 3649 1597 eo
3687 1538 3855 1595 modo

2261 1643 2496 1699 voluerit
2515 1643 2787 1715 esplicare
2809 1655 2920 1711 quo
2943 1655 3045 1695 nos
3075 1637 3298 1709 piscium
3331 1633 3737 1692 multitudinem
3764 1647 3856 1702 pro

2264 1742 2419 1805 parte
2455 1731 2839 1804 descripsimus
2869 1771 2884 1797 ,
2936 1727 3173 1785 inveniet
3216 1742 3383 1783 unum
3424 1723 3646 1795 quidem
3676 1722 3854 1778 avium

566 1842 729 1898 quam
784 1826 1209 1883 studiosissime
1261 1826 1535 1881 auditores
1565 1839 1672 1880 non
1703 1822 1937 1879 arbitror
1973 1835 2162 1877 causas
2188 1803 2242 1868 Β
2267 1803 2583 1882 cunctarum
2605 1803 2857 1893 generale
2897 1818 3241 1884 vocabulum,
3289 1815 3384 1873 sed
3410 1814 3675 1887 plurimas
3700 1813 3759 1868 in
3789 1813 3862 1867 bis

566 1920 823 1987 ignorare
851 1916 1083 1984 silentii;
1113 1918 1315 1988 quippe
1343 1916 1434 1987 qui
1454 1922 1704 1987 respectu
1751 1922 1995 1984 nutuque
2022 1912 2165 1967 inter

567 2026 629 2066 se
656 2010 920 2077 vicissim,
945 2008 1014 2065 ad
1040 2009 1362 2064 memoriam
1386 2023 1487 2064 nos
1514 2023 1721 2075 eoru,
1754 2020 1874 2077 qua:
1916 2004 2163 2060 intermi-

567 2105 736 2159 simus
756 2102 1109 2159 reduxerunt.
1124 2100 1341 2157 Certam
1364 2102 1508 2157 enim
1533 2108 1742 2173 partem
1766 2106 2030 2157 creaturae
2056 2112 2166 2152 non

567 2195 881 2250 vilissimam
909 2208 1049 2265 pene
1077 2192 1105 2234 δ
1126 2193 1903 2264 praeterivimusindiscnssam.
1931 2189 2167 2263 Ejiciant

568 2303 720 2358 aqua:
765 2286 973 2358 reptilia
1018 2286 1317 2341 animarum
1370 2287 1623 2350 vivarum,
1674 2284 1955 2340 secundum
1981 2299 2165 2356 genus,

568 2388 621 2432 et
645 2376 883 2432 volatilia
909 2372 1143 2432 volantia
1165 2377 1258 2432 sub
1280 2378 1613 2449 ﬁrmamento
1636 2376 1770 2431 celi.
1804 2386 1825 2414 ε
1849 2373 2169 2429 Dixeramus

570 2469 819 2538 superius
849 2468 919 2524 de
956 2469 1285 2534 natantibus,
1316 2478 1574 2539 quantum
1610 2479 1821 2539 tempus
1848 2467 2171 2539 permiserat

571 2560 974 2627 vespertinum;
1024 2558 1187 2614 hodie
1250 2560 1540 2615 transimus
1594 2559 1659 2635 ad
1716 2558 2170 2615 examinationem

571 2650 933 2707 terrestrium.
967 2649 1075 2706 Sed
1104 2652 1312 2707 interea
1343 2668 1443 2708 nos
1464 2652 1517 2706 in
1542 2652 1852 2707 narratione
1879 2648 2055 2706 media
2075 2665 2171 2704 vo-

571 2743 748 2798 lucres
787 2741 1109 2811 effugerunt.
1164 2743 1509 2815 Quapropter
1556 2741 1798 2797 imitandi
1846 2753 1971 2796 sunt
2017 2741 2173 2797 nobis

576 2835 834 2892 obliviosi
861 2835 1120 2901 viatores,
1144 2836 1237 2913 qui
1268 2851 1391 2891 cum
1427 2834 1627 2905 aliquid
1659 2835 1712 2890 in
1741 2835 2022 2890 mansione
2049 2834 2174 2888 reli-

571 2926 795 2997 querint
840 2927 1165 2997 pretiosum,
1197 2927 1445 2997 quamvis
1492 2926 1784 2981 maximam
1825 2933 2035 2996 partem
2072 2925 2173 2979 viae

571 3018 974 3090 progrediendo
1002 3017 1369 3085 confecerint,
1414 3027 1766 3074 revertuntur
1798 3037 1811 3072 :
1845 3017 2066 3087 dignum
2096 3018 2174 3072 la-

574 3111 763 3165 borem
789 3125 901 3166 sum
929 3110 1273 3181 negligentia:
1300 3097 1638 3181 perferentes
1670 3130 1682 3163 :
1727 3108 1754 3147 ἀ
1807 3111 1887 3166 sic
1924 3119 1980 3165 et
2018 3109 2174 3165 nobis

2269 1915 2618 1981 diil’erentias,
2641 1915 2727 1972 vel
2748 1913 2983 1979 habitus,
3000 1911 3087 1967 vel
3116 1910 3134 1949 ί
3167 1906 3577 1980 magnitudinis,
3606 1905 3696 1961 vel
3722 1905 3858 1960 colu-

2268 2013 2362 2067 ris.
2394 2009 2526 2067 Nam
2554 2018 2609 2065 et
2631 2022 2862 2070 morum,
2887 2014 2942 2063 et
2963 2015 3202 2069 actuum,
3229 2010 3287 2059 et
3306 2002 3480 2058 victus
3500 2000 3673 2056 nimia
3702 1998 3861 2053 uim.

2270 2106 2432 2161 sitate
2478 2104 2741 2158 distincta:
2781 2109 2925 2157 sunt.
2971 2097 3198 2167 Quidam
3248 2104 3429 2151 autem
3479 2092 3862 2149 aﬂectavcru:.t

2272 2196 2579 2254 nominibus
2606 2194 2748 2250 circa
2777 2207 2870 2248 eas
2915 2190 2994 2247 uti
3022 2189 3206 2255 variis,
3237 2196 3297 2244 ut
3334 2195 3592 2257 tanquam
3626 2200 3728 2255 per
3748 2185 3858 2237 inu-

2272 2290 2430 2345 sitata
2476 2286 2648 2356 sigilla
2680 2299 2832 2339 nova:
2874 2281 3239 2351 inauditaque
3276 2276 3705 2349 nuncupationis
3743 2291 3857 2345 pro-

2271 2382 2475 2455 prietas
2494 2380 2549 2436 in
2572 2376 2797 2447 singulis
2821 2375 3103 2431 volucrum
3134 2372 3422 2442 generibus
3452 2379 3477 2417 ι
3509 2375 3846 2437 agnoscatur.

2274 2472 2381 2530 Sed
2409 2472 2564 2531 nobis
2583 2469 2854 2527 sufficiens
2874 2462 3309 2535 estsigniiicatio,
3335 2461 3402 2518 ad
3428 2460 3751 2530 qualitatem
3778 2474 3857 2511 cu-

2269 2566 2466 2637 jusque
2494 2562 2708 2635 generis
2747 2543 3215 2631 contemplaudam
3235 2598 3250 2623 ,
3282 2568 3522 2624 ususque
3572 2549 3851 2607 communis

2277 2660 2609 2730 Scriptum,
2660 2672 2781 2727 qua:
2827 2656 3055 2710 mundas
3111 2648 3527 2727 itnmundasque
3594 2645 3842 2702 discernit.

2278 2751 2436 2806 Aliud
2485 2750 2627 2807 enim
2657 2757 2741 2804 est
2780 2761 2950 2817 genus
2978 2760 3165 2801 earum
3205 2758 3326 2814 quae
3368 2755 3535 2802 carne
3559 2746 3838 2802 vescuntur,

2278 2843 2492 2911 aliaque
2515 2840 2707 2905 forma,
2738 2840 2849 2896 suis
2871 2851 3176 2908 congruens
3202 2833 3446 2891 moribus
3477 2851 3489 2886 :
3524 2833 3700 2887 habent
3713 2827 3837 2883 enim
3864 2894 3875 2905 .

2278 2933 2504 2990 falcatos
2532 2942 2756 3005 ungues,
2799 2931 3071 2987 obuncum
3112 2938 3384 2992 rostrum,
3417 2926 3644 2982 volatum
3669 2922 3836 2993 perni-

2278 3043 2422 3091 cein,
2455 3042 2566 3097 quo
2597 3025 2777 3095 prmda
2816 3025 2974 3079 citius
3018 3022 3281 3092 capiatur,
3312 3020 3683 3089 discerptaque
3717 3015 3849 3086 pedi-

2278 3116 2401 3183 bus,
2428 3116 2639 3172 facilem
2669 3115 2850 3171 cibum
2872 3108 3128 3185 suggerat
3155 3102 3384 3186 captori.
3418 3111 3539 3167 Alia
3565 3110 3764 3181 species
3787 3117 3852 3163 est

577 3219 678 3275 per
725 3203 978 3259 eumdem
1006 3218 1168 3275 quem
1196 3204 1444 3259 venimus
1485 3205 1677 3260 callem
1704 3204 2039 3260 redeundum
2070 3214 2173 3259 est.
2202 3182 2252 3249 θ
2284 3224 2472 3262 earum
2493 3222 2614 3279 quae
2635 3204 2930 3261 seminibus
2942 3182 3262 3259 nutriuntur
3282 3242 3296 3267 ,
3330 3211 3385 3257 et
3414 3202 3523 3257 alia
3554 3208 3737 3256 earum
3757 3212 3857 3269 qua.

575 3296 763 3366 Neque
775 3297 920 3352 enim
943 3295 1353 3367 contemptibile
1373 3305 1455 3351 est
1470 3294 1616 3364 quod
1640 3295 1951 3351 omisimus:
1973 3303 2030 3350 ut
2049 3303 2178 3366 pote

575 3403 705 3457 qum
727 3388 885 3443 tertia
915 3388 1096 3459 portio
1124 3388 1197 3443 sit
1225 3388 1537 3442 animalium
1566 3396 1846 3443 creatum.
1888 3386 2021 3465 Nam
2077 3388 2175 3442 tria

575 3487 777 3548 genera
819 3487 948 3534 sunt
999 3479 1373 3544 animantium,
1426 3478 1785 3541 terrestrium,
1854 3478 2179 3544 volatilium,

577 3572 930 3626 marinorum.
967 3571 1221 3643 Ejiciant,
1248 3573 1436 3644 inquit,
1471 3590 1618 3645 aqum
1644 3574 1853 3643 reptilia
1882 3575 2179 3628 animarum

578 3663 806 3715 vivarum
827 3663 1107 3717 secundum
1141 3681 1324 3735 genus,
1364 3674 1412 3718 et
1444 3665 1675 3719 volatilia
1702 3665 1932 3719 volantia
1961 3666 2053 3719 sub
2082 3666 2203 3736 [ira

578 3763 840 3810 momento
877 3753 991 3808 cali
1045 3755 1326 3809 secundum
1376 3771 1553 3827 genus.
1586 3753 1695 3810 Cur
1744 3757 1905 3826 igitur
1951 3773 2014 3811 ex
2064 3757 2176 3812 ele-

579 3853 768 3900 mento
813 3838 1011 3912 maris,
1062 3847 1252 3902 avibus
1296 3862 1516 3917 quoque
1571 3849 1905 3904 nativitatem
1960 3850 2181 3905 tribuit?

582 3936 721 4005 Quia
749 3940 897 3994 velut
940 3938 1172 3997 afﬁnitas
1223 3940 1469 4010 qumdam
1498 3942 1810 3997 volucribus
1858 3943 2087 3997 habetur
2125 3951 2182 3997 et

581 4031 835 4103 piscibus.
887 4030 1040 4087 Sicut
1066 4034 1209 4087 eiiim
1260 4034 1435 4104 pisces
1475 4048 1669 4103 aquam
1709 4044 1897 4089 secant
1944 4035 2181 4089 motibus

582 4124 789 4180 alarum
819 4126 872 4180 in
892 4127 1072 4197 priora
1097 4127 1398 4190 tendentes,
1433 4128 1619 4183 cauda:
1648 4144 1778 4183 vero
1808 4128 2176 4198 gubernaculo

585 4215 758 4272 nexus
784 4218 1022 4286 dirigunt
1074 4221 1345 4289 proprios.
1373 4220 1446 4273 ita
1494 4229 1550 4275 et
1599 4236 1725 4275 aves
1752 4236 1933 4275 aerem
1988 4221 2180 4291 pennis

588 4307 884 4363 creduntur
912 4309 1149 4364 natando
1177 4325 1546 4381 perrumpere.
1600 4311 1742 4381 Ergo
1766 4314 2022 4381 quoniam
2073 4330 2177 4367 una

588 4399 894 4471 proprietas
930 4401 985 4454 in
1026 4413 1224 4470 genere
1271 4412 1504 4471 utroque
1534 4404 1755 4458 natandi
1783 4414 1884 4469 est,
1920 4416 1941 4441 ο
1990 4405 2178 4460 eadem

530 4567 539 4576 _
591 4488 700 4548 illis
728 4490 1159 4563 etiamsnppetit
1184 4507 1251 4547 ex
1291 4507 1430 4562 aqua
1466 4494 1737 4563 cognatio.
1771 4495 2013 4563 Quorum
2064 4500 2180 4555 lucc

665 4664 689 4692 δ
719 4652 853 4725 illud
891 4667 983 4725 nec
1021 4660 1321 4725 aspectare
1360 4661 1417 4706 ut
1444 4669 1567 4725 cum
1587 4669 1802 4725 corpore
1850 4655 2184 4725 dissolvatur,

580 4742 701 4785 non
747 4724 879 4781 satis
922 4721 1183 4793 intelligo.
1211 4722 1435 4779 Videtur
1464 4723 1659 4779 omissa
1677 4721 1855 4782 luisse
1894 4741 1923 4779 a
1953 4721 2185 4784 librariis

593 4796 785 4876 vocula
815 4809 917 4876 nep
951 4812 967 4848 :
998 4808 1090 4876 nec
1115 4797 1499 4876 exspectarent
1538 4811 1653 4849 cum
1693 4797 2185 4876 corporennonais—

595 4866 842 4938 solvatur.
861 4858 1072 4931 Quanto
1097 4858 1290 4921 clarius
1312 4862 1427 4923 hm'c
1457 4866 1708 4936 leguntur
1735 4858 1877 4938 apud
1906 4868 2186 4937 Basilium,

596 4937 748 5007 cujus
776 4935 919 5014 hmc_
940 4941 1084 5014 sunt,
1113 4942 1189 4995 Μὴ
1218 4939 1385 5014 νρμιζε
1418 4935 1927 5014 τερ-εςϐἶτέραν-εἶναι
1974 4950 2064 5003 τῆς
2093 4935 2186 4998 τοῦ

594 5014 832 5081 σώματος
862 5006 1028 5086 αὐτῷν
1051 5006 1414 5086 directae—112;,
1444 5006 2021 5086 Lndéﬁniétaaivouaav
2055 5016 2190 5086 μετά

594 5073 686 5138 τάπὶ
708 5087 798 5139 τῆς
826 5078 1016 5150 σαρκὸς
1049 5073 1298 5150 διῖάλ-υσιν,
1332 5073 1466 5133 cave
1502 5073 1781 5138 existimes
1809 5073 2193 5139 aaimam‘con-

596 5147 1382 5231 stitationeingeriit-ipsorum
1411 5152 1732 5216 vetustiorem
1750 5169 1883 5218 esse,
1908 5164 1996 5208 aut
2023 5156 2194 5226 ipsam

596 5228 717 5292 post
739 5219 917 5292 corpus
946 5215 1335 5292 dissolutionem
1347 5235 1688 5292 permanere.
1869 5215 1876 5218 ’
2043 5215 2054 5226 ’
2144 5262 2145 5271 χ

637 5286 697 5373 ζὶι
738 5286 908 5355 Editi,
941 5290 1283 5360 ptwten’mas.
1332 5286 1550 5360 Antiqui
1596 5292 1704 5351 duo
1750 5293 1900 5362 libri,
1949 5297 2188 5368 praeteri-

598 5377 780 5415 vimus.

678 5448 696 5464 ο·
738 5427 1210 5505 Colb.__se_cundu§,
1235 5430 1535 5505 dixeramus
1564 5436 1797 5505 superius
1810 5434 1875 5491 de
1903 5439 2192 5492 nativitati-

604 5502 696 5555 bus
726 5500 1103 5572 aquatibilium.
1146 5500 1341 5557 Statim
1385 5504 1537 5570 editi,
1566 5500 1821 5560 invitandi
1869 5516 2007 5562 sunt.
2049 5507 2194 5563 Libri

602 5581 834 5635 veteres,
862 5573 1105 5643 imitandi
1152 5577 1306 5640 sunt,
1324 5575 1469 5631 'satis
1516 5576 1920 5634 accommodate
1947 5579 2013 5634 ad
2043 5575 2194 5634 Grae-

590 5646 909 5723 {uulgata
939 5645 1421 5723 ῖρςὺς-ἐτςιλὴσμοηοες
1449 5654 1549 5703 τῶν
1578 5644 1874 5723 ὁδοιπόρων.

678 5711 936 5800 fLTotui‘n
953 5714 1083 5800 illud
1102 5716 1177 5769 sic
1201 5722 1251 5800 et
1265 5711 1532 5800 'no‘lt‘is‘per
1551 5711 1787 5774 eumdem
1805 5736 1955 5800 quem
1973 5722 2199 5800 venimus

611 5780 803 5835 callem
822 5784 1136 5839 redeundum
1155 5792 1254 5851 est,
1276 5780 1576 5843 addidimus
1589 5803 1657 5843 ex
1679 5780 1874 5846 nostris
1903 5791 2196 5848 codicibus.

2281 3318 2384 3372 pro
2411 3300 2667 3355 alimonia
2698 3298 3003 3370 percipiunt
3031 3294 3288 3368 quidquid
3325 3311 3483 3353 casus
3513 3293 3784 3351 obtulerit.
3810 3291 3865 3344 Et

2281 3396 2337 3450 in
2368 3396 2455 3449 his
2484 3409 2671 3449 rursus
2692 3393 2929 3448 maxima
2972 3388 3273 3447 diil‘erentia
3303 3398 3403 3445 est.
3438 3387 3699 3455 ledam
3740 3386 3868 3441 enirn

2281 3495 2410 3542 sunt
2436 3483 2700 3554 gregales,
2734 3483 2976 3554 exceptis
3003 3480 3410 3554 praedatricibus
3442 3499 3454 3534 :
3479 3495 3713 3550 quarum
3737 3478 3873 3532 nulla

2282 3596 2406 3636 cum
2429 3579 2546 3633 aliis
2570 3586 2767 3651 praeter
2787 3578 2990 3634 coitum
3018 3577 3275 3633 sociatur.
3299 3575 3429 3630 Alizc
3472 3583 3599 3629 sunt
3640 3588 3874 3628 commn-

2282 3672 2427 3736 niter
2454 3671 2716 3734 viventes,
2751 3670 2890 3725 sicut
2917 3669 3203 3736 columbm,
3238 3668 3429 3732 sturni,
3452 3680 3628 3735 grues,
3659 3674 3714 3718 et
3739 3678 3869 3733 gra-

2284 3761 2423 3815 culi:
2457 3777 2523 3815 ex
2552 3759 2749 3829 quibus
2778 3757 3022 3830 quaedam
3052 3758 3168 3813 sine
3199 3756 3423 3812 ducibus
3462 3756 3747 3818 habentur,
3773 3769 3867 3807 se-

2282 3856 2543 3924 metipsas
2563 3862 2834 3923 regentes,
2857 3852 2974 3907 alia!
2998 3851 3097 3907 sub
3121 3849 3487 3905 moderamine
3505 3850 3879 3913 continentur,

2285 3957 2347 4002 ut
2374 3962 2558 4017 grues.
2591 3945 2683 4001 Est
2717 3947 2879 4002 etiam
2933 3945 2985 3998 in
3028 3944 3105 3999 eis
3135 3942 3239 3997 alia
3269 3942 3545 4010 discretio,
3585 3940 3884 3997 secundum

2285 4056 2450 4108 quam
2480 4048 2656 4093 certas
2681 4037 2922 4092 videmus
2971 4034 3207 4090 advenas
3234 4031 3371 4101 esse,
3404 4033 3539 4087 alias
3588 4031 3884 4101 indigenas.

2285 4132 2581 4187 Nonnullas
2603 4132 2780 4185 hieme
2808 4128 3187 4200 compellcnte,
3226 4125 3252 4164 ιλ
3282 4142 3443 4183 causa
3469 4133 3680 4196 pastus,
3711 4124 3777 4178 ad
3808 4140 3889 4194 pc—

2283 4226 2497 4295 regrina
2525 4222 2820 4279 discedere.
2865 4204 3145 4276 Plurimae
3174 4228 3483 4275 inausuetas
3524 4216 3667 4285 ﬁeri,
3699 4226 3755 4274 et
3801 4233 3892 4288 pa—

2287 4318 2487 4370 tientes
2518 4334 2529 4368 :
2564 4306 2805 4385 exceptis
2835 4311 3235 4379 inﬁrmioribus,
3267 4314 3645 4381 qum'proptcr
3677 4310 3892 4365 nimiam

2285 4410 2648 4473 timiditatem,
2682 4406 3160 4463 contrectationem
3214 4420 3405 4458 manus
3434 4412 3722 4473 nequeunt
3751 4403 3886 4459 tole-

2293 4518 2434 4559 rare.
2463 4501 2594 4555 Alia:
2625 4501 2766 4555 inter
2793 4499 3038 4555 homines
3067 4496 3429 4565 diversantur,
3475 4495 3681 4551 iisdem
3706 4495 3897 4567 quibus

2215 4663 2273 4723 Ι)
2297 4659 2778 4730 Graacetoﬁm‘ugi
2802 4662 2924 4730 ἡμῖν
2954 4661 3023 4719 ὡς
3049 4656 3186 4730 ἔοικε
3359 4659 3513 4716 αὐτὴν
3561 4660 3725 4713 πάλιν
3753 4657 3899 4730 βαδι-

2297 4732 2463 4786 στέον.
2497 4728 2636 4811 ‘Mox
2664 4727 3163 4811 Colese‘cundus,
3202 4728 3507 4811 elementum
3533 4727 3763 4811 gnaris:
3803 4745 3904 4811 quo

2298 4801 2549 4882 exemplo
2577 4816 2762 4855 rursus
2789 4799 3097 4856 conﬁrmari
3125 4807 3304 4870 potest
3341 4797 3485 4867 quod
3513 4798 3799 4866 diximus,
3821 4797 3906 4854 ‘li-

2299 4871 2562 4952 lii-arium,
2593 4887 2715 4952 cum
2744 4876 2963 4952 recepta
3010 4871 3175 4952 lectio
3194 4871 3243 4926 ei
3272 4885 3380 4926 non
3401 4868 3675 4940 placeret,
3707 4870 3907 4941 aliquid

2303 4943 2598 4999 identidem
2620 4943 2689 4997 de
2715 4957 2814 4997 suo
2844 4943 3173 4996 immutasse.

2381 5026 2403 5050 υ
2444 5012 2604 5077 Editi,
2637 5023 2695 5071 ει⁸
2712 5012 2891 5067 eadem
2935 5012 3031 5067 illa
3077 5012 3254 5066 etiam.
3289 5008 3431 5066 Libri
3479 5020 3712 5068 veteres
3753 5015 3825 5066 ita
3856 5022 3909 5065 ut

2305 5082 2574 5139 edendum
2600 5083 2925 5154 curavimus.
2959 5082 3246 5153 Aliquanto
3270 5091 3391 5152 post
3417 5082 3572 5147 editi,
3611 5083 3911 5154 raptoribus

2305 5156 2476 5237 sitiunt
2500 5156 2674 5237 etiam.
2911 5154 3137 5237 antiqui,
3168 5153 3689 5237 raptoribusnaulem’
3734 5159 3905 5237 etiam.

2302 5222 2507 5281 Necita
2548 5226 2717 5281 multo
2762 5224 2898 5280 infra
2941 5222 3061 5280 libri
3093 5222 3366 5295 impressi,
3417 5223 3487 5277 ad
3530 5224 3913 5279 convertenda:

2300 5296 2529 5367 prendas.
2572 5297 2648 5367 At
2677 5297 2846 5367 nostri
2872 5305 2982 5351 tres
3009 5296 3236 5360 mss.,ad
3262 5297 3654 5367 consectandos
3685 5296 3909 5367 praedas.

2378 5365 2396 5404 ί
2438 5365 2583 5421 Editi
2607 5374 2662 5421 et
2688 5366 2795 5421 duo
2840 5382 2992 5428 mss.,
3032 5367 3110 5420 vel
3136 5366 3555 5437 magnitudines,
3581 5366 3669 5420 vel
3687 5365 3911 5437 colores.

2301 5436 2564 5492 Aliusms.
2577 5438 2654 5492 vel
2664 5438 3035 5508 magnitudinis
3050 5438 3126 5491 vel
3139 5435 3347 5499 coloris,
3367 5437 3523 5490 bene.
3539 5436 3758 5491 Statim
3770 5435 3913 5496 editi,

2302 5509 2379 5563 uti
2394 5517 2730 5581 astumatum.
2751 5509 2965 5581 antiqui
2986 5508 3094 5581 duo
3110 5508 3252 5573 libri,
3271 5508 3345 5560 nti
3360 5508 3543 5581 variis,
3553 5518 3627 5581 at
3650 5518 3913 5581 tangam.

2381 5577 2701 5650 8_lloc'loco
2722 5577 2923 5650 aliquid
2952 5579 3208 5633 omissum
3230 5585 3313 5650 est
3346 5586 3438 5631 aut
3466 5592 3496 5630 a
3531 5577 3809 5650 librariis,
3835 5584 3915 5630 aut

2309 5647 2692 5720 abAEgustathio
2720 5638 2857 5720 ipso.
2890 5638 3033 5716 Lege
3056 5649 3242 5720 homil.
3273 5647 3329 5713 8,
3359 5663 3508 5720 num.
3532 5647 3595 5720 ᾗ.
3670 5719 3677 5720 γ
3766 5714 3771 5719 δ
3796 5638 3807 5646 ’
3837 5660 3843 5671 ‘

2382 5718 2407 5756 ιι
2448 5718 2610 5787 Editi,
2655 5717 2818 5775 causa
2864 5727 3064 5790 partes.
3118 5719 3338 5790 Antiqui
3385 5717 3498 5776 duo
3540 5718 3717 5787 libri,
3767 5717 3914 5773 emiss

2309 5800 2511 5863 pastus.

2214 5930 2289 5979 E2-
