4110 6336
269 362 375 426 ΜΘ

1248 356 1639 413 HEXAEMERI
1680 356 2164 413 METAPHRASIS
2196 358 2395 413 LIBER
2434 359 2567 416 Vill.

3426 360 3535 427 950

271 480 349 536 illi
371 480 653 535 domiciliis
695 485 1129 540 commanentes,
1180 478 1297 531 aliae
1344 477 1475 533 locis
1515 476 1741 531 desertis
1796 478 1852 527 et
1883 478 1927 535 A
1959 485 2080 531 tur:
2130 484 2317 547 utpetc
2346 493 2480 547 quas
2525 478 2821 535 laboriosas
2867 487 2923 534 et
2964 482 3236 551 sapientes
3278 483 3534 542 voeitavit

274 572 541 627 montibus
569 571 922 627 delectantur.
955 569 1050 624 εἰει
1078 570 1240 623 etiam
1267 569 1455 623 avibus
1476 563 1665 634 magna
1699 561 1851 620 diffe-

272 665 443 720 rentia
471 666 689 732 vocum,
732 672 787 720 et
814 681 911 720 sua
963 664 1153 733 cuique
1183 665 1505 734 proprietas.
1539 660 1674 716 Sunt
1702 660 1848 715 enim

269 755 512 827 quadam
557 757 810 825 loquaces
842 765 896 811 et
930 755 1175 825 garrulz'e,
1208 756 1324 809 alia:
1355 755 1630 809 taciturna:
1657 771 1669 806 :
1717 768 1850 805 non-

270 848 427 901 nullae
447 860 661 902 canorae
680 854 843 917 atque
866 846 1133 911 clamosae,
1157 854 1318 913 cerne
1344 844 1602 909 stridulae,
1628 844 1853 898 nullum-

269 952 372 1005 que
403 937 615 1006 penitus
644 936 903 992 habentes
923 944 1159 992 cantum.
1186 936 1314 991 Aliae
1346 936 1666 991 naturaliter
1693 951 1853 990 aemu-

270 1029 483 1084 latriees
510 1036 655 1094 sunt,
680 1029 765 1084 vel
794 1045 860 1084 ex
889 1029 1163 1084 hominum
1192 1028 1573 1083 traditionibus
1602 1025 1848 1083 eruditur.

268 1118 399 1174 Alia:
446 1119 684 1185 unicum,
713 1135 1094 1189 nunquamque
1141 1118 1452 1174 mutabilem
1481 1133 1673 1172 sonum
1702 1116 1851 1172 vocis

268 1211 485 1265 habent.
517 1210 779 1266 Lascivus
801 1218 882 1267 est
910 1211 1100 1279 gallus,
1127 1211 1351 1278 diligens
1375 1227 1532 1279 pavo,
1566 1209 1848 1263 libidinosa

266 1303 536 1370 columba,
565 1302 966 1377 domestieaque
987 1304 1201 1370 gallina.
1237 1304 1546 1359 Dolosus.et
1571 1303 1849 1374 zelotypus

267 1392 484 1464 perdix;
516 1395 891 1465 interdumque
919 1396 1239 1450 venantibus
1268 1394 1593 1458 hominibus,
1623 1393 1686 1447 ad
1716 1394 1849 1447 alio-

266 1503 385 1542 rum
411 1496 627 1558 eaptum
678 1487 948 1542 malitiose
975 1487 1347 1551 consentiens;
1379 1492 1434 1540 et
1463 1485 1684 1541 omnino
1706 1484 1850 1538 mul-

269 1580 433 1651 tiplex
463 1580 517 1635 in
565 1580 668 1635 illis
696 1588 910 1636 actuum
935 1592 1254 1649 morumque
1282 1576 1536 1632 discretio
1564 1584 1665 1630 est.

337 1673 389 1728 4.
415 1674 553 1729 Sunt
589 1680 646 1728 et
662 1680 817 1749 certa
847 1670 1098 1727 animalia
1123 1671 1347 1735 urbana,
1377 1669 1422 1724 si
1465 1676 1645 1723 tamen
1688 1668 1847 1722 urba-

269 1767 453 1822 nitatis
480 1773 561 1821 est
581 1765 651 1820 ad
688 1780 854 1821 unum
880 1776 1328 1832 communemque
1357 1760 1539 1822 linem,
1571 1759 1844 1829 operatio-
1874 1790 1879 1793 -

1956 571 2267 641 antiquitas.
2291 571 2366 625 lta
2389 571 2628 626 studiose
2654 573 2851 627 victum
2880 574 3156 643 proprium
3188 583 3528 643 reponentes,

1954 679 2178 734 quarum
2212 681 2382 729 usus,
2417 672 2526 720 tam
2577 664 2793 732 regibus
2819 680 2979 733 quam
3030 666 3252 736 privatis
3296 667 3531 722 remedia

1954 758 2144 813 salutis
2172 758 2428 828 impertit.
2463 757 2529 813 Et
2573 758 2683 824 sic,
2712 759 2840 827 quia
2867 760 2944 815 sic
2976 771 2996 798 ο
3019 760 3292 829 sapienter
3337 760 3531 816 horrea
3608 816 3616 833 ,

1953 850 2129 907 mellis
2155 849 2438 907 aedificant.
2475 849 2532 905 In
2565 857 2747 904 tenera
2776 851 2921 906 enim
2972 851 3283 907 membrana
3313 853 3531 909 crebras

1953 941 2160 1007 thecas,
2188 941 2394 1011 sibique
2422 942 2704 1010 contiguas
2738 950 3024 998 exstruunt
3049 962 3060 995 :
3089 951 3147 997 ut
3174 958 3356 998 earum
3400 959 3529 999 con-

1952 1031 2196 1087 densatio
2249 1032 2572 1088 tenuissimae
2610 1040 2762 1088 textu
2792 1034 3274 1103 compaginationis
3301 1042 3528 1100 arctam,
3604 1026 3609 1053 ⁷

1954 1132 2009 1177 et
2031 1123 2161 1178 fulta
2186 1124 2329 1178 velut
2357 1124 2677 1194 quibusdam
2708 1126 2975 1195 repagulis
3003 1140 3139 1195 opus
3165 1141 3328 1181 omne
3351 1136 3497 1181 conte

1952 1223 2099 1268 neat.
2126 1212 2554 1285 Unumquodque
2585 1232 2712 1271 vero
2759 1217 3030 1294 spiramen
3067 1226 3257 1272 mutuo
3282 1217 3527 1272 strictum
3613 1263 3616 1266 .

1953 1320 2093 1358 nexu
2121 1311 2454 1359 sustentatur
2482 1304 2549 1359 ab
2590 1305 2718 1374 alio,
2746 1315 2802 1362 et
2851 1306 3195 1363 subtilissima
3234 1305 3527 1365 forulorurn

1953 1396 2340 1465 interseptione
2360 1396 2672 1452 discinditur
2701 1416 2714 1450 :
2745 1399 2835 1467 qui
2861 1399 3021 1468 binis,
3045 1412 3137 1456 aut
3165 1401 3331 1456 ternis
3367 1415 3526 1473 super

1952 1507 2010 1547 se
2039 1500 2163 1547 sunt
2184 1491 2419 1547 ordinati
2442 1492 2779 1559 tegminibus.
2811 1492 2994 1562 Neque
3014 1496 3157 1550 enim
3183 1495 3416 1551 directas
3442 1496 3526 1556 vel

1946 1584 2222 1654 simplices
2249 1600 2599 1640 cavernarum
2643 1583 3034 1655 profundi-tates
3068 1586 3281 1643 efﬁcere
3323 1588 3524 1643 malue~

1949 1684 2096 1740 runt,
2131 1691 2198 1731 ne
2246 1678 2328 1731 sui
2370 1676 2611 1746 pondere
2639 1676 2867 1745 stipatus
2890 1676 3084 1732 humor
3109 1676 3133 1713 ά
3161 1688 3406 1735 manaret
3427 1694 3522 1735 ex-

1918 1784 1921 1787 ·
1953 1768 2233 1827 trinsec'us.
2265 1766 2423 1823 Disce
2463 1768 2737 1837 quomodo
2783 1767 3091 1836 geometria:
3130 1766 3420 1837 affectatio,
3441 1785 3521 1825 sa-

268 1872 390 1911 nem
418 1855 713 1926 perducere
739 1854 1074 1924 singulorum
1101 1872 1112 1905 :
1144 1854 1285 1907 sicut
1330 1852 1383 1906 in
1432 1850 1621 1921 apibus
1648 1856 1731 1904 est
1760 1848 1840 1930 vi-

1957 1859 2293 1930 pientissimis
2321 1859 2512 1929 apibus
2539 1867 2849 1928 comparata
2874 1859 3234 1930 postponitur.
3255 1858 3362 1914 Sex
3386 1861 3528 1916 enim

205 1959 212 1966 ’
267 1948 414 2013 dere,
446 1948 637 2016 quibus
676 1944 976 2009 communis
1021 1942 1283 1999 habitatio
1322 1950 1422 2008 est,
1453 1950 1508 1996 et
1534 1943 1761 2006 volatus,
1793 1929 1849 1996 et

270 2055 406 2095 unus
432 2039 585 2097 labor
607 2038 876 2103 omnibus,
909 2045 964 2093 et
1002 2036 1146 2106 quod
1168 2036 1468 2107 maximum.
1490 2043 1588 2100 est,
1621 2036 1719 2090 sub
1760 2051 1846 2089 re-

265 2132 418 2202 gibus
445 2138 499 2185 et
522 2130 746 2185 ducibus
773 2143 876 2184 una
898 2142 1124 2198 qumque
1150 2128 1428 2198 proprium
1459 2142 1653 2181 munus
1692 2141 1849 2181 exer-

249 2230 370 2280 ‘cet.
404 2222 698 2293 Nec'prius
752 2220 950 2276 audent
994 2235 1215 2291 campos
1268 2228 1517 2290 patentes
1571 2227 1846 2290 appetere,

268 2332 429 2387 quam
461 2331 616 2370 suum
646 2316 943 2386 principem
994 2312 1226 2369 viderint
1250 2313 1480 2369 volasse.
1513 2312 1628 2367 Rex
1671 2322 1850 2368 autem

266 2406 405 2477 apud
433 2421 527 2461 eas
575 2422 682 2461 non
712 2406 1060 2461 constituitur
1089 2419 1120 2459 a
1147 2403 1366 2474 populo,
1401 2419 1524 2458 nam
1567 2419 1707 2473 saepe
1735 2402 1849 2457 suf-

268 2500 435 2570 fragia
457 2499 814 2555 multitudinis
840 2499 1102 2569 imperita:
1128 2497 1306 2553 solent
1343 2496 1589 2565 indignos
1616 2495 1685 2550 ad
1736 2497 1853 2551 cul-

270 2606 393 2645 men
425 2590 702 2661 imperiale
729 2589 1048 2661 provehere,
1079 2604 1178 2645 nec
1206 2602 1429 2657 regnum
1458 2596 1603 2642 sorte
1632 2594 1850 2657 pnesta—

270 2692 373 2739 lur.
408 2680 545 2737 Sunt
592 2682 734 2737 enim
778 2681 1179 2737 irrationabiles
1227 2681 1404 2735 exitus
1453 2695 1622 2746 urnae,
1652 2678 1890 2747 quippe'

272 2791 392 2846 quae
431 2774 624 2844 saepius
652 2771 833 2828 inﬁmo
861 2773 1055 2843 cuique
1095 2778 1421 2842 potestatum
1451 2770 1695 2826 decernit
1723 2768 1852 2823 insi-

269 2866 410 2931 gnia.
443 2864 547 2918 Sed
595 2878 695 2919 nec
742 2877 808 2918 ex
861 2871 1143 2932 parentum
1184 2862 1498 2917 haereditate
1552 2862 1849 2932 imperialia

1953 1952 2161 2019 angulis
2192 1951 2522 2022 totidemque
2550 1950 2828 2019 lateribus,
2858 1944 3102 2007 cerarum
3142 1949 3330 2006 ﬁstula:
3357 1953 3521 2007 conti-

1953 2050 2171 2107 nentur,
2205 2057 2304 2097 uec
2345 2050 2525 2096 tamen
2555 2050 2749 2097 erectae
2775 2050 2921 2111 sunt,
2969 2058 3038 2098 ne
3065 2041 3256 2098 fundus
3285 2042 3524 2099 videlicet

1952 2132 2250 2205 laboraret,
2294 2131 2338 2186 si
2358 2132 2732 2202 juncturarutu
2757 2148 2960 2189 vacuus
2992 2133 3135 2189 foret
3175 2134 3392 2189 auxilio.
3423 2134 3527 2191 Sed

1954 2223 2238 2279 inferiores
2282 2224 2357 2278 illi
2413 2240 2511 2278 sex
2567 2224 2781 2292 anguli,
2828 2224 2985 2281 sedes
3030 2235 3087 2281 et
3142 2224 3530 2281 ﬁrmamentum

1952 2313 2224 2383 quoddam
2268 2315 2583 2397 superjectis
2629 2315 2891 2371 habentur
2927 2334 2940 2370 :
2971 2332 3080 2386 quo
3123 2326 3147 2355 ⁸
3186 2317 3539 2372 tolerabiliter

1955 2408 2168 2478 pondus
2220 2409 2616 2479 superpositum
2672 2408 3050 2466 subvectarent
3072 2452 3088 2479 ,
3150 2412 3533 2482 humoremque

1954 2497 2294 2553 reconditum
2324 2499 2377 2553 in
2398 2499 2766 2555 cavationibus
2787 2500 3010 2569 singulis
3034 2510 3435 2558 conservaram.
3534 2548 3535 2551 η

2018 2586 2077 2641 ·5.
2123 2589 2253 2654 Quis
2285 2588 2449 2658 igitur
2476 2588 2773 2645 volatilium
2807 2590 2983 2645 valeat
3006 2590 3291 2661 diligenter
3317 2600 3534 2648 cunctas

1959 2679 2320 2748 proprietates
2373 2680 2685 2750 exponere?
2733 2678 2832 2735 Vel
2879 2682 3328 2750 quemadmodum
3376 2698 3534 2752 grues

1955 2771 2211 2827 ekeubias
2234 2772 2466 2848 vicissim
2495 2780 2658 2827 noctu
2681 2773 3000 2842 suscipiunt,
3028 2789 3254 2842 quarum
3276 2774 3393 2828 aliis
3414 2790 3534 2828 cor-

1954 2880 2086 2933 pora
2143 2879 2340 2933 sopore
2388 2864 2699 2919 curantibus
2724 2906 2739 2930 ,
2791 2866 3058 2920 nonnullae
3112 2866 3393 2921 tuitionem
3433 2867 3534 2922 illis

268 2961 477 3024 sceptra
511 2953 807 3019 traduntur,
840 2955 1093 3024 quoniam
1121 2954 1425 3025 principum
1455 2954 1605 3008 liberi
1636 2968 1733 3023 per
1754 2968 1846 3005 νο·
1873 3012 1887 3024 ,

269 3044 501 3114 luptates
523 3053 578 3099 et
611 3045 831 3100 delicias
859 3043 1012 3100 facile
1040 3052 1474 3114 corrumpuntur,
1507 3052 1563 3097 et
1589 3041 1849 3098 vecordes

268 3135 574 3193 rﬂiciuntur
614 3152 677 3190 ac
714 3137 882 3191 stulti.
907 3135 1013 3192 Sed
1053 3145 1256 3191 natura:
1280 3135 1502 3207 judicio,
1529 3135 1622 3207 qui
1650 3135 1843 3204 dignus

271 3230 449 3296 fuerit,
486 3230 682 3286 infulas
712 3236 735 3268 ⁸
760 3231 955 3301 accipit
989 3220 1341 3301 principattis,
1369 3246 1476 3286 non
1518 3230 1692 3286 minus
1718 3244 1845 3299 pro-
1870 3221 1918 3284 C
1949 3231 2102 3288 dunt.
2133 3231 2285 3287 Hunc
2312 3239 2495 3287 autem
2532 3231 2776 3287 ordinem
2817 3240 2873 3287 et
2914 3232 2967 3286 in
2999 3232 3178 3287 volatu
3207 3230 3533 3296 custodiunt,

270 3323 497 3377 ceritate
530 3323 895 3379 membrorum
948 3337 1110 3392 quam
1144 3322 1365 3378 lenitate
1392 3337 1605 3377 morum
1646 3321 1857 3376 ceteris
1961 3322 2085 3378 dum
2111 3322 2336 3378 diversis
2363 3323 2567 3379 vicibus
2597 3321 2850 3393 'operam
2880 3322 3129 3379 ductandi
3155 3331 3419 3392 coguntur
3444 3337 3534 3376 εις

1959 2956 2249 3026 perhibent
2278 2954 2564 3025 vigilando.
2617 2955 2746 3023 Quae
2792 2973 2915 3011 cum
2956 2966 3211 3012 statutum
3254 2958 3354 3015 sibi
3400 2966 3534 3014 tem-

1955 3064 2056 3119 pus
2107 3046 2402 3103 excubaudi
2475 3049 2819 3118 peregerinto,
2870 3050 2997 3119 ipsae
3042 3049 3256 3118 quidem
3303 3050 3535 3106 clamore

1955 3141 2101 3205 dato,
2153 3142 2432 3210 quiescere
2479 3141 2758 3211 incipiunt,
2803 3141 2920 3196 aliae
2971 3157 3101 3197 vero
3155 3150 3300 3198 sorte
3353 3158 3535 3198 suece~
3606 3164 3610 3169 ’

274 3422 554 3484 perstans,
585 3423 641 3469 et
668 3415 832 3469 habet
880 3414 1086 3484 spicula
1115 3414 1390 3484 quaedam,
1422 3413 1517 3469 sed
1560 3413 1643 3469 his
1671 3412 1738 3468 ad
1767 3413 1854 3468 la:-

272 3507 479 3561 sionem
502 3523 607 3561 non
630 3508 797 3562 utitur
824 3507 1072 3562 aliorum.
1102 3506 1179 3561 ita
1202 3507 1350 3575 leges
1387 3505 1643 3576 quasdam
1666 3504 1857 3559 tacitas

274 3601 355 3655 cis
382 3607 573 3655 natura
593 3599 936 3669 praescripsit,
954 3599 1147 3670 quibus
1166 3598 1465 3653 retinentur
1486 3597 1552 3653 ad
1582 3594 1855 3651 inferenda

278 3698 544 3745 tormenta
561 3690 908 3760 supplicibus.
941 3688 1073 3759 Ipsae
1110 3704 1239 3743 vero
1268 3703 1397 3757 apes
1425 3687 1469 3741 si
1518 3694 1715 3741 secutxe
1750 3700 1855 3739 non

275 3781 476 3837 fuerint
497 3782 739 3837 instituta
764 3781 1135 3851 regnantium,
1159 3780 1378 3851 propria
1410 3777 1738 3850 paenitudine
1762 3792 1857 3833 ca-

274 3874 557 3942 stigantur.
584 3872 716 3927 Nam
745 3873 790 3927 si
809 3872 1133 3941 pupugerint
1161 3872 1416 3941 aliquem,
1446 3871 1720 3925 dimittunt
1741 3871 1857 3923 ani-

278 3982 422 4021 mam
462 3981 585 4021 cum
639 3965 828 4020 aculeo
862 3965 1021 4020 simul
1069 3966 1121 4019 in
1173 3966 1412 4020 vulnere.
1468 3965 1699 4019 Audiant
1748 3964 1861 4019 haec

277 4058 590 4123 ﬁliristiani,
633 4058 827 4127 quibus
876 4055 1187 4111 mandatum
1231 4064 1333 4119 est,
1378 4056 1508 4111 nulli
1538 4056 1733 4109 malum
1761 4070 1860 4126 pro

282 4150 426 4215 male
454 4164 751 4219 reponere,
783 4147 879 4203 sed
917 4149 969 4202 in
1008 4148 1249 4203 bonitate
1278 4162 1531 4217 superare
1580 4146 1856 4201 malitiam.

276 4242 637 4309 Quamobrem
685 4239 967 4295 imitamini
1013 4253 1192 4294 mores
1221 4238 1246 4275 ι)
1276 4238 1456 4307 apium
1509 4256 1521 4290 :
1571 4252 1690 4307 qua:
1731 4232 1862 4290 nulli

214 4380 215 4383 η
276 4333 580 4387 molestiam
609 4330 887 4396 facientes,
903 4345 1004 4386 nec
1031 4330 1204 4384 aliena
1230 4330 1549 4399 patrimonia
1573 4329 1859 4398 rapientes,

1958 3416 2127 3487 plere.
2182 3414 2415 3470 Cieoniae
2467 3429 2599 3469 sane
2647 3430 2753 3469 non
2813 3414 3001 3484 procul
3055 3413 3256 3469 distant
3307 3414 3374 3469 ab
3422 3414 3533 3479 his,

1959 3507 2154 3578 quibus
2198 3506 2532 3561 rationabilis
2574 3505 2767 3560 collata
2795 3504 3076 3575 prudentia
3118 3508 3219 3577 est,
3253 3504 3384 3559 Nam
3423 3520 3535 3559 uno

1960 3607 2203 3668 tempore
2247 3595 2405 3652 simul
2452 3610 2641 3652 omnes
2684 3595 2989 3663 adveniunt,
3024 3595 3258 3664 itemque
3285 3595 3384 3651 sub
3424 3610 3532 3649 uno
3570 3618 3573 3623 ν
3653 3581 3663 3593 ’

1959 3689 2115 3757 signo
2161 3694 2367 3743 cuncta:
2414 3687 2615 3758 pariter
2651 3686 2717 3741 ad
2756 3687 3045 3758 longinqua
3083 3686 3383 3743 discedunt.
3416 3684 3519 3741 Sul‘

1962 3779 2238 3848 fragantur
2283 3785 2462 3833 autem
2509 3777 2587 3833 eis
2632 3777 2893 3842 cornices,
2936 3791 3071 3847 quas
3108 3783 3165 3832 et
3200 3773 3529 3846 proﬁciscen'

1961 3880 2045 3926 tes
2096 3867 2387 3925 honorifice
2436 3874 2848 3939 prosequuntur,
2892 3875 2947 3922 et
2984 3867 3120 3922 sicut
3160 3865 3289 3939 mihi
3332 3865 3530 3921 videtur

1962 3959 2219 4015 auxilium
2256 3963 2512 4030 prrestant
2553 3958 2676 4023 illis,
2723 3956 2977 4013 adversus
3007 3956 3265 4027 quasdam
3298 3956 3539 4012 volucres

1961 4051 2294 4122 pugnaturis.
2326 4048 2490 4118 Cujus
2514 4050 2593 4105 rei
2621 4056 2827 4104 certum
2864 4057 2946 4103 est
2984 4047 3363 4103 documentum
3390 4065 3402 4100 :
3427 4046 3538 4117 pri~

1962 4159 2108 4197 mum
2136 4141 2372 4212 quidem,
2404 4141 2530 4210 quia
2559 4140 2745 4197 cornix
2785 4155 2850 4195 eo
2889 4148 3133 4210 tempore
3180 4140 3392 4209 penitus
3435 4155 3541 4195 non
3586 4170 3589 4177 ι

1962 4233 2178 4288 videtur
2210 4250 2222 4284 :
2254 4231 2447 4287 deinde
2474 4230 2618 4301 quod
2656 4231 2851 4287 saucia:
2886 4229 3194 4297 redeuntes,
3223 4229 3540 4285 manifestis-

1962 4327 2096 4383 sima
2138 4325 2440 4397 praeliorum
2471 4325 2620 4393 signa
2651 4323 3041 4379 demonstrant.
3070 4321 3216 4389 Quis,
3258 4336 3409 4392 rogo,
3442 4322 3543 4378 illis

279 4424 490 4491 ﬁngunt
517 4423 735 4493 quidem
789 4421 940 4477 favos
987 4429 1328 4477 constructus
1356 4436 1421 4475 ex
1468 4419 1711 4489 floribus,
1758 4419 1865 4474 mel
1965 4417 2348 4489 hospitalitatis
2371 4416 2491 4485 jura
2518 4407 2821 4471 mandavit?
2849 4416 2954 4470 Aut
2981 4415 3100 4485 quis
3127 4414 3225 4470 sub
3252 4415 3543 4470 commina~
3591 4460 3595 4465 .

280 4524 463 4569 autem
488 4514 558 4569 de
578 4515 805 4569 humore
833 4512 1070 4581 roscido,
1091 4513 1181 4584 qui
1204 4513 1453 4567 arborum
1476 4510 1617 4567 foliis
1645 4511 1862 4580 insidet,

280 4625 378 4662 ore
392 4607 681 4661 collectum
710 4606 762 4660 in
785 4605 957 4661 cereis
972 4603 1276 4661 recondunt
1299 4604 1467 4660 cellis.
1484 4602 1613 4659 Nam
1634 4605 1864 4674 denique
1895 4589 1945 4650 Ι)
1968 4621 2077 4661 non
2105 4604 2461 4661 destituercnt
2484 4601 2780 4656 comitatu?
2807 4599 3043 4655 Audiant
3067 4600 3181 4655 haec
3206 4597 3354 4652 avari
3382 4596 3543 4652 homi-

280 4699 536 4768 liquidius
564 4699 793 4753 habetur
813 4697 938 4763 mel,
975 4696 1119 4767 quod
1148 4697 1325 4768 primo
1348 4698 1658 4770 percipitur,
1676 4698 1867 4753 deinde
1963 4713 2085 4762 nes,
2117 4696 2210 4766 qui
2239 4706 2263 4742 8
2294 4703 2489 4763 negata
2532 4692 2824 4763 peregrinis
2863 4689 3276 4746 adventantibus
3302 4688 3545 4742 humani~

279 4791 541 4859 μιυῗλιὶιη
594 4799 836 4860 tempore
883 4789 1210 4859 procedente
1256 4788 1544 4857 digestum,
1591 4789 1657 4841 ad
1713 4803 1865 4844 suam
1968 4799 2101 4853 tate,
2128 4788 2322 4857 januas
2351 4800 2474 4840 suas
2504 4779 2777 4846 claudunt,
2805 4788 2863 4835 et
2902 4796 3003 4836 nec
3044 4779 3202 4834 tectis
3237 4794 3332 4835 eos
3358 4794 3545 4834 succe-

279 4883 365 4949 si
382 4868 683 4935 ..itiidinem
720 4882 1149 4951 suavitatemque
1194 4882 1501 4936 revertitur.
1536 4881 1651 4935 Non
1680 4882 1870 4935 imme-
1971 4882 2101 4936 dere
2122 4880 2296 4934 noctis
2320 4884 2413 4931 aut
2430 4875 2623 4930 hiemis
2647 4883 2891 4944 tempore
2918 4873 3208 4944 patiuntur.
3236 4871 3548 4928 Liberalitas

283 4976 388 5025 r.‘n
414 4987 548 5041 ergo
570 4981 840 5027 tantarum
872 4972 1087 5026 laudum
1117 4986 1245 5042 apes
1274 4972 1501 5041 gloriam
1529 4985 1870 5039 consequun-
1970 4987 2102 5027 vero
2149 4984 2268 5040 quae
2320 4967 2537 5023 senibus
2584 4965 2805 5022 eiconiis
2851 4981 2882 5022 a
2924 4965 3225 5036 junioribus
3270 4965 3548 5019 exhibetur

2059 5117 2081 5143 ει
2123 5104 2283 5176 Editi,
2310 5105 2444 5176 quod
2473 5102 2819 5176 tolerabiliter.
2845 5104 2915 5159 At
2933 5118 3060 5176 mss.
3086 5102 3338 5176 duo,_guo
3358 5101 3547 5176 tolera:

1977 5177 2164 5232 biliter.
2194 5170 2480 5245 Aliquanto
2503 5182 2625 5245 post
2651 5172 2804 5245 Colb.
2836 5172 3124 5245 secundus,
3155 5170 3275 5245 aliis
3296 5170 3550 5245 corporali

1978 5263 2165 5319 sopore
2193 5240 2785 5328 cubanlibusISubinde
2813 5244 2952 5302 idem
2980 5242 3169 5307 codex,
3197 5243 3308 5311 ipse
3329 5240 3551 5310 arrident.
3615 5254 3618 5258 '

1977 5315 2095 5372 Vox
2120 5317 2303 5370 ultima
2328 5314 2395 5369 ab
2415 5314 2573 5370 editis
2599 5317 2805 5371 aberat.

2026 5334 2095 5372 ox
2120 5325 2303 5370 ultima
2328 5325 2395 5369 an
2415 5325 2573 5370 editis
2599 5325 2805 5371 aberat.

2055 5388 2072 5425 ί
2101 5386 2258 5441 Colb.
2280 5385 2567 5457 secundus,
2590 5401 2799 5457 operam
2819 5382 3039 5457 ducendi
3057 5388 3304 5457 coguntur
3325 5380 3552 5457 impigro.

2055 5398 2069 5425 ι
2101 5398 2258 5441 uolo.
2280 5398 2567 5452 secundus,
2590 5401 2799 5457 operam
2819 5398 3039 5439 aureum
3057 5398 3304 5506 cEgunWr
3325 5398 3552 5451 ιηιριενρ.

1979 5458 2277 5529 Aliquanto
2299 5464 2422 5527 post
2451 5455 2600 5529 editi,
2630 5456 2882 5529 primum,
2914 5455 3055 5529 quia.
3130 5448 3553 5529 olb._secundus,

1975 5520 2376 5600 pﬁmqquident,
2392 5520 2716 5600 quia_.Cod'ex
2729 5520 2937 5600 noster,
2948 5523 3165 5592 primum
3178 5520 3399 5600 quidem,
3414 5520 3554 5600 quia.

2048 5609 2072 5645 κ
2115 5591 2268 5653 εὸιι).
2324 5591 2611 5666 secundus,
2660 5595 2748 5666 qui
2793 5591 3120 5664 negatum...
3152 5591 3554 5666 ‘Itumannitatan.

1974 5666 2144 5723 Paulo
2172 5673 2295 5736 post
2322 5665 2450 5720 editi
2475 5672 2530 5718 et
2556 5659 2841 5736 duo:ms_s._,
2859 5659 2952 5717 ξοδ
2980 5659 3449 5736 διιςςᾳάετεηϐοιιι.
3474 5671 3557 5736 scf

1975 5726 2202 5803 cundus,
2224 5753 2310 5791 eos
2334 5736 2607 5805 suscipere.
2640 5732 2792 5788 Haud
2820 5732 2977 5803 longe
3006 5730 3156 5801 editi,
3183 5732 3460 5802 patientur.
3491 5726 3557 5791 At

1977 5822 2131 5875 mss.,
2168 5807 2454 5863 uatiuntur.

246 5145 265 5158 .
361 5122 381 5145 υ
426 5107 583 5174 Editi,
608 5108 822 5177 accepit.
856 5106 999 5161 Libri
1028 5108 1511 5179 veteres,_ag:cipit.

362 5180 386 5216 ί)
425 5180 608 5234 Codex
642 5175 799 5241 unus,
833 5194 1007 5248 apum.
1039 5175 1232 5232 Statim
1262 5175 1426 5232 Cole
1450 5177 1744 5248 secundus,
1779 5190 1875 5232 nec

289 5252 464 5307 aliena
503 5250 831 5315 patrimonia.
858 5246 957 5302 Alii
981 5263 1109 5318 mss.
1142 5262 1246 5301 una
1276 5263 1401 5302 cum
1423 5246 1598 5311 editis,
1638 5248 1744 5301 alia
1777 5264 1874 5318 pa-

291 5315 1154 5404 trimonia.AliquantopostColh.
1180 5318 1466 5383 secundus,
1487 5319 1622 5390 quod
1651 5315 1870 5389 primam

361 5410 385 5436 ,.

289 5401 594 5529 Pezaﬁiit’i,
621 5461 723 5532 Cur
751 5460 862 5514 sic?
880 5462 1000 5532 quia
1026 5461 1120 5513 sic.
1148 5456 1620 5532 Colb._secuudus,
1653 5467 1702 5512 et
1748 5460 1868 5530 quia

289 5534 672 5620 sicjsapisater.
699 5530 858 5620 nLiber
882 5529 1064 5586 noster
1083 5538 1255 5595 vetus,
1276 5529 1349 5612 .Et
1369 5531 1462 5593 sic,
1486 5532 1729 5620 qaiansi‘ck,
1760 5537 1861 5584 etc.

369 5602 396 5641 ά
434 5598 576 5658 Editi
603 5611 660 5657 et
682 5604 789 5658 duo
813 5617 965 5667 mss.,
998 5610 1247 5665 maneret,
1273 5600 1471 5670 inepte.
1498 5598 1572 5653 ’At
1596 5598 1749 5670 Cnlb.
1782 5612 1869 5653 se-

293 5676 524 5739 cundus,
575 5682 840 5738 manaret,
884 5672 1013 5727 satis
1054 5668 1459 5726 accommodate
1505 5670 1572 5724 ad
1627 5668 1871 5739 Graecum

296 5737 542 5815 verbum,
569 5737 859 5815 διεκπίπτῄ.
892 5742 1093 5815 Ibidem
1126 5742 1282 5807 editi,
1324 5741 1463 5795 disce
1491 5741 1749 5812 quoniam.
1786 5737 1873 5794 Li-

291 5811 386 5875 bri
405 5815 626 5884 antiqui,
658 5814 795 5868 disce
814 5811 1083 5885 queinodo.

3184 5940 3357 5952 “->.-".

774 5988 810 5999 α

1969 4511 2119 4566 tione
2145 4508 2398 4579 praecepit
2438 4515 2496 4561 ut
2534 4506 2768 4562 eiconias
2806 4507 2857 4560 in
2899 4506 3180 4576 procinctu
3219 4505 3420 4575 positas
3449 4520 3544 4559 suo
3626 4538 3631 4549 ι
