4110 6336
547 299 642 357 95f

1993 292 2352 352 EUSTATHll

3092 207 3157 238 ,τιν
3204 217 3224 228 ο

3656 316 3665 337 ε
3706 289 3819 354 κε

544 413 813 473 sufficeret
840 411 1117 468 hominum
1145 408 1300 476 ﬁlios,
1332 409 1376 464 si
1407 407 1625 464 mallent
1652 407 1950 473 advertere,
1977 423 2123 463 ama-
2152 416 2199 475 Α
2228 407 2500 478 quomodo
2528 406 2668 479 apud
2698 424 2826 465 aves
2856 408 3250 467 irrationabiles
3277 408 3611 467 continentia
3643 410 3815 466 vidui-

544 519 692 567 tures
718 522 938 564 suorum
968 504 1190 561 reddere
1216 503 1539 572 genitorum.
1570 500 1702 569 Quis
1732 500 1875 554 enim
1904 509 2012 555 tam
2042 501 2124 555 in-

510 658 513 661 .
537 600 749 671 sipiens
765 607 867 666 est,
881 590 952 654 ut
970 612 1078 653 non
1100 613 1159 654 se
1179 605 1215 640 ι
1231 604 1454 652 censeat
1472 594 1759 665 ignominia
1782 593 1976 658 notari,
2003 608 2126 648 cum

539 692 729 747 avibus
778 689 1233 747 irrationabilibus
1284 688 1433 745 cultu
1478 686 1822 758 postponitur
1874 684 2125 756 pietatis?

538 779 647 839 Illac
673 791 927 851 parentes
953 794 1083 835 suos
1107 786 1267 835 :etate
1295 775 1574 834 confectos
1610 775 1908 847 pennisque
1936 789 2125 830 eorum

536 879 804 943 vetustate
830 870 1075 940 deiectis,
1099 871 1526 935 circumstantes,
1554 869 1787 940 propriis
1814 867 2013 940 plumis
2040 866 2126 925 fo-

534 972 685 1030 vent,
710 964 1147 1035 ,alimoniamque
1191 969 1533 1028 convectant,
1562 969 1618 1017 et
1662 962 1716 1016 in
1754 961 1938 1019 volatu
1980 959 2126 1031 quod

535 1055 832 1125 potuerint,
865 1055 990 1111 hinc
1030 1054 1155 1113 inde
1185 1069 1245 1109 se
1277 1060 1661 1125 supponentes,
1708 1060 1939 1109 senecta:
1968 1052 2125 1108 lassi-

536 1145 774 1205 tudinem
831 1147 1213 1215 consolantur,
1266 1146 1473 1201 alarum
1523 1160 1741 1200 suarum
1786 1161 1879 1202 eas
1924 1144 2124 1202 auxilio

534 1247 919 1311 sustentantes.
963 1240 1095 1309 Quae
1138 1255 1229 1296 res
1268 1255 1368 1311 per
1394 1255 1583 1296 omnes
1611 1239 1808 1312 ubique
1835 1247 2023 1307 gentes
2048 1240 2126 1296 ita

533 1333 860 1403 percrebuit,
882 1341 942 1387 nt
961 1328 1507 1387 hodie-remuneratio
1530 1329 1693 1386 delati
1717 1329 1962 1385 beneficii
1986 1329 2126 1401 apud

532 1420 1208 1500 Gnecosdv-rmlépymmg
1235 1423 1561 1477 nominetur.
1595 1421 1938 1492 Quapropter
1964 1437 2124 1477 nemo

533 1530 603 1581 se,
620 1516 836 1584 penitus
863 1515 1087 1570 obtentu
1117 1510 1451 1585 paupertatis
1469 1528 1757 1579 excusans,
1778 1514 1845 1569 de
1872 1514 1979 1568 vita
2005 1530 2126 1585 pro-

534 1608 651 1676 pria
680 1609 957 1678 desperet,
983 1608 1227 1678 quamvis
1273 1606 1433 1662 nulla:
1468 1607 1614 1662 domi
1656 1607 2001 1678 suppeditent
2041 1608 2122 1663 fa-

534 1700 782 1767 cultates,
823 1700 947 1755 dum
990 1700 1017 1740 1'
1064 1696 1396 1769 ingeniosam
1445 1700 1842 1770 contemplatur
1879 1699 2122 1756 hirundi-

2231 502 2354 557 tatis
2381 501 2749 572 frequentibus
2791 505 2989 575 nuptiis
3033 503 3347 561 antefertur.
3381 503 3575 575 Aquila
3596 504 3656 558 in
3682 503 3814 561 edu-

2228 593 2411 649 candis
2435 593 2595 666 pullis
2620 595 2851 666 propriis
2870 595 3064 667 iniusta
3085 594 3252 651 fertur
3269 610 3410 652 esse.
3430 593 3652 656 Duobus
3670 594 3816 651 enim

2228 686 2544 758 procreatis,
2597 703 2762 743 unum
2807 688 3120 745 verberibus
3162 687 3371 744 alarum
3417 684 3442 725 δ
3494 687 3815 744 mulctatum

2228 777 2442 848 projicit
2462 779 2516 833 in
2545 787 2765 848 terram,
2784 778 3015 835 alterum
3043 786 3369 835 retentatum
3397 778 3563 836 fovet.
3587 777 3669 835 lta
3687 793 3820 850 pro-

2228 876 2349 938 pter
2376 870 2548 927 victus
2575 870 2812 942 inopiam
2839 870 3049 941 cogitur
3076 884 3276 940 negare
3294 884 3456 940 quem
3482 870 3690 940 genuit,
3713 885 3821 927 nec

2226 968 2409 1017 tamen
2437 977 2561 1017 eum
2598 963 2726 1019 sinit
2753 962 2974 1018 interire
2998 960 3325 1043 ossifragus,
3353 959 3450 1017 sed
3476 968 3821 1031 assumptum

2225 1053 2460 1125 propriis
2487 1054 2722 1126 applicat
2750 1054 2928 1125 pullis,
2953 1061 3009 1109 et
3028 1051 3268 1109 studiose
3294 1053 3485 1108 nutrit.
3510 1050 3675 1111 Tales
3691 1060 3825 1109 sunt

2228 1145 2473 1201 nonnulli
2519 1153 2772 1217 parentes
2816 1144 3119 1211 hominum,
3145 1145 3240 1215 qui
3270 1151 3646 1216 paupertatem
3685 1160 3824 1200 cau-

2226 1236 2328 1293 sati
2365 1252 2493 1293 suos
2534 1244 2813 1308 exponunt
2856 1236 3074 1303 liberos,
3111 1235 3199 1292 vel
3244 1234 3571 1292 baereditatis
3611 1245 3822 1293 sortem

2191 1382 2195 1386 ,
2227 1344 2335 1386 non
2364 1344 2572 1401 aequam
2602 1330 2934 1386 constituunt
2981 1324 3122 1385 inter
3169 1343 3285 1386 eos.
3327 1328 3534 1405 Quibus
3561 1331 3825 1400 quoniam

2227 1438 2387 1494 pares
2413 1438 2602 1479 causas
2629 1423 2927 1494 praestitere
2958 1412 3466 1491 nascendi,'justum
3491 1428 3637 1477 esset
3661 1429 3717 1473 ut
3742 1420 3826 1474 his.

2228 1512 2442 1568 vivendi
2472 1514 2639 1569 etiam
2680 1528 2868 1584 parem
2899 1512 3201 1568 tribuerent
3227 1512 3557 1583 portionem.
3586 1511 3665 1569 Ne
3692 1511 3827 1566 veli;

2227 1622 2356 1677 ergo
2384 1606 2760 1678 praedatricum
2802 1607 2980 1662 avium
3021 1620 3202 1662 mores
3241 1605 3504 1671 aemulari,
3535 1619 3657 1675 quae
3699 1619 3827 1659 cum

2226 1686 2459 1753 viderint
2485 1697 2664 1770 pullos
2684 1711 2811 1753 suos
2832 1696 2945 1767 jam
2973 1695 3177 1776 volatui
3203 1704 3227 1733 ε
3249 1693 3613 1762 confidentes,
3640 1693 3710 1747 de
3740 1694 3826 1746 ni-

536 1808 678 1849 nem.
711 1792 803 1847 illa
833 1794 977 1848 enim
1006 1793 1058 1847 in
1082 1791 1393 1848 fabricando
1421 1790 1548 1847 nido
1575 1791 1758 1862 paleas
1785 1790 1999 1861 quidem
2029 1806 2125 1847 ore
2154 1798 2202 1861 Β
2227 1788 2309 1843 dis
2329 1804 2425 1844 eos
2449 1787 2752 1859 puecipites
2780 1787 3071 1843 exturbant
3096 1793 3257 1856 atque
3287 1783 3596 1856 projiciunt,
3619 1782 3825 1839 nullam

534 1891 859 1954 comportat,
891 1884 1078 1939 limum
1121 1891 1303 1940 autem
1350 1882 1577 1954 pedibus
1604 1882 1745 1938 ferre
1779 1898 1886 1940 non
1915 1883 2120 1950 valens,

532 1975 739 2029 alarum
767 1976 1105 2030 summitates
1144 1975 1419 2029 bumectat
1445 1973 1498 2028 in
1528 1972 1709 2041 fluvio,
1740 1973 1935 2030 deinde
1962 1974 2015 2029 in
2044 1958 2123 2030 ci-

533 2081 665 2122 nere
691 2065 955 2134 volutata,
980 2066 1229 2123 caementi
1253 2081 1411 2123 usum
1438 2067 1651 2122 videtur
1668 2065 1909 2147 explere.
1939 2063 2128 2122 Paula-

533 2159 740 2229 timque
760 2159 1009 2215 surculos
1032 2160 1174 2215 inter
1192 2174 1252 2216 se
1281 2160 1396 2216 luto
1427 2159 1699 2231 apposito,
1724 2158 1871 2214 velut
1889 2157 2124 2229 quadam

532 2253 680 2320 glute
705 2251 1058 2322 coniungens,
1080 2268 1209 2309 suos
1228 2252 1422 2310 educat
1442 2252 1636 2324 pullos.
1661 2250 1902 2318 Quorum
1922 2251 1967 2307 si
1988 2252 2128 2321 quis-

532 2346 677 2415 piam
705 2345 892 2401 oculos
920 2343 1185 2412 effoderit,
1229 2346 1393 2403 habet
1438 2360 1627 2403 eorum
1672 2352 1848 2401 mater
1874 2360 1906 2400 a
1933 2352 2124 2401 natura

532 2438 638 2494 sibi
665 2438 920 2494 traditam
944 2440 1286 2508 medicinam,
1321 2455 1427 2510 qua
1455 2456 1583 2497 mox
1624 2439 1691 2496 ad
1734 2441 2020 2496 sanitatem
2050 2441 2128 2496 fe-

535 2538 690 2585 tuum
733 2544 953 2589 suorum
998 2530 1223 2587 reducat
1262 2539 1557 2603 aspectum.
1608 2531 1734 2589 Haec
1779 2542 1833 2588 te
1878 2532 2129 2589 videlicet

533 2618 917 2687 bortabuntur,
963 2637 1035 2678 ne
1073 2621 1139 2676 ad
1182 2632 1204 2662 ε
1244 2623 1648 2693 improbitatem
1696 2625 1828 2680 velis
1873 2624 2130 2692 egestatis

514 2710 825 2775 ,occasione
867 2707 1155 2778 converti,
1190 2728 1291 2769 uec
1333 2714 1386 2769 in
1429 2715 1678 2785 pessimis
1725 2715 1931 2770 artibus
1977 2731 2127 2787 spem

535 2799 751 2855 vivendi
779 2800 1077 2873 collocans,
1108 2802 1361 2859 immunis
1399 2802 1654 2860 benitatis
1683 2819 1978 2875 exsorsquc
2006 2804 2129 2860 red-

535 2890 700 2958 daris,
731 2891 829 2948 sed
871 2891 938 2948 ad
969 2892 1135 2948 Deum
1173 2893 1450 2964 confugias
1493 2910 1505 2948 :
1544 2893 1636 2964 qui
1684 2909 1806 2949 cum
1853 2894 2127 2950 hirundini

537 2992 647 3041 tam
691 2998 883 3055 magna
919 2983 1223 3053 donaverit,
1251 2994 1457 3055 quanto
1494 2985 1699 3055 majora
1745 2986 2019 3057 praestabit
2048 2985 2130 3041 his

535 3075 629 3143 qui
666 3090 790 3130 eum
830 3083 945 3130 tota
984 3075 1179 3130 mentis
1218 3077 1513 3132 intentione
1554 3077 1878 3148 implorant?
1924 3076 2127 3150 Alcyon

2228 1878 2441 1952 penitus
2471 1878 2574 1933 illis
2603 1894 2789 1933 curam
2826 1876 3083 1948 deinceps
3125 1875 3516 1947 impendentes.
3548 1872 3819 1928 Laudatur

2226 1987 2258 2027 e
2287 1979 2475 2027 contra
2505 1971 2649 2027 circa
2680 1979 2835 2026 natos
2860 1970 3092 2026 cornicis
3118 1965 3353 2033 affectio,
3382 1981 3523 2039 quos
3549 1975 3606 2021 et
3629 1965 3817 2021 volan-

2226 2072 2310 2120 tes
2338 2062 2699 2135 prosequitur,
2729 2070 2784 2119 et
2811 2076 2991 2118 escam
3019 2059 3239 2130 largiter
3265 2057 3661 2115 subministrat.
3685 2056 3821 2112 Cor.

2228 2164 2296 2211 ta:
2327 2169 2459 2211 vero
2494 2153 2757 2219 volucres,
2789 2150 2863 2208 ad
2888 2150 3201 2209 nutriendos
3245 2147 3615 2218 fovendosquc
3661 2148 3822 2215 fetus,

2226 2246 2587 2303 masculorum
2610 2244 2887 2315 juvamine
2910 2260 3017 2300 nou
3047 2251 3288 2299 utuntur.
3321 2239 3453 2297 Alite
3473 2257 3607 2297 sane
3635 2257 3826 2303 earum

2227 2354 2347 2409 qua:
2376 2337 2536 2393 altius
2560 2330 2797 2393 ‘volitant
2820 2335 3031 2393 steriles
3058 2335 3279 2390 omnino
3306 2342 3452 2400 sunt,
3481 2332 3626 2388 sicut
3647 2332 3824 2388 vultu-

2228 2449 2332 2496 res,
2361 2428 2499 2503 qdo's
2526 2438 2771 2489 asserunt
2796 2430 2913 2485 sine
2933 2429 3081 2485 coitu
3100 2442 3379 2498 generare,
3403 2426 3679 2498 praecipue
3702 2441 3829 2483 cum

2229 2526 2337 2581 sint
2365 2524 2607 2592 longaevi.
2643 2523 2776 2578 Nam
2805 2522 2968 2597 vitam
3009 2536 3201 2576 eorum
3243 2529 3460 2576 centum
3507 2518 3669 2575 annis
3714 2535 3821 2574 ηιθ-

2230 2632 2359 2673 nere
2393 2614 2410 2654 ί
2445 2614 2733 2671 affirmant.
2781 2612 2863 2669 Sit
2906 2613 3067 2682 igitur
3107 2612 3221 2667 haec
3269 2609 3363 2666 tibi
3408 2625 3538 2682 pars
3581 2608 3821 2665 historia:

2230 2720 2415 2778 notata
2452 2709 2520 2766 de
2560 2709 2767 2779 avibus,
2798 2718 2857 2764 ut
2880 2711 3006 2765 cum
3036 2707 3233 2779 videris
3255 2706 3468 2778 aliquos
3491 2698 3819 2761 cachinnan-

2232 2813 2331 2868 tes,
2383 2811 2604 2875 propter
2657 2799 2926 2858 ineffabile
2973 2798 3287 2873 mysterium
3337 2796 3617 2852 catholica
3672 2795 3805 2857 fidei,

2230 2896 2375 2970 quod
2403 2896 2556 2968 quasi
2586 2894 2913 2966 impossibile
2940 2893 3030 2960 sit,
3061 2893 3405 2962 alienumque
3436 2898 3628 2945 natura:
3654 2887 3800 2958 virgi~

2233 3006 2356 3046 nem
2385 2988 2679 3063 peperisse,
2723 2995 2865 3041 statu
2909 2984 3232 3053 virginitatis
3278 2983 3491 3052 integro
3533 2978 3812 3044 custodito,

2233 3084 2438 3152 cogites
2465 3081 2592 3152 quia
2619 3079 2707 3136 ille
2733 3071 2825 3150 (ᾖιὶ
2847 3078 3097 3147 dignatus
3120 3086 3203 3134 est
3230 3077 3283 3132 in
3309 3075 3537 3132 stultitia
3564 3072 3820 3145 praedica-

538 3165 750 3220 avicula
778 3174 863 3221 est
885 3165 1130 3235 quaedam
1162 3166 1215 3220 in
1245 3164 1514 3222 littoribus
1540 3167 1764 3222 marinis
1797 3167 1966 3223 fetare
1995 3184 2127 3224 con‘
2156 3189 2203 3253 ο
2235 3174 2397 3229 tionis
2442 3172 2650 3228 salvare
2696 3169 3002 3237 credentes,
3043 3170 3183 3225 idem
3212 3182 3429 3238 quoque
3452 3165 3624 3222 nobis
3668 3167 3824 3221 innu-

538 3265 710 3323 sneta,
740 3272 862 3327 quae
887 3272 1051 3328 super
1077 3257 1246 3328 ipsam
1288 3272 1507 3312 arenam
1549 3260 1702 3329 ponit
1731 3274 1854 3326 ova,
1890 3274 1956 3314 eo
1996 3268 2131 3314 tem-

538 3363 671 3421 pore
698 3362 807 3418 quo
836 3364 985 3405 mare
1011 3350 1194 3405 multis
1221 3350 1579 3421 gravibusque
1611 3360 1891 3406 ventorum
1917 3349 2131 3407 flatibus

538 3448 914 3497 commovetur
954 3459 966 3493 :
1007 3441 1102 3496 sed
1140 3450 1322 3497 tamen
1370 3456 1560 3498 omnes
1607 3450 1736 3498 tunc
1783 3450 2132 3514 tempestates

539 3530 896 3600 procellaque
922 3530 1180 3587 sedantur
1208 3548 1306 3604 per
1334 3533 1571 3602 integros
1611 3542 1816 3604 septem
1847 3533 1981 3600 dies,
2012 3535 2132 3605 qui-

538 3623 642 3679 bus
668 3624 783 3678 avis
813 3632 1113 3683 memorata
1141 3626 1339 3682 cubare
1367 3635 1617 3683 narratur
1648 3645 1661 3680 :
1695 3625 2133 3684 nutriendorum-

539 3730 647 3784 que
670 3715 843 3796 gratia
873 3710 1164 3786 pullorum,
1192 3726 1480 3790 postquam
1511 3720 1725 3775 fuerunt
1752 3719 1820 3777 de
1848 3721 1965 3777 ovis
1995 3718 2130 3777 edu-

540 3807 636 3872 cti,
665 3817 872 3879 septem
920 3808 1037 3865 dies
1083 3810 1218 3867 alios
1259 3811 1333 3867 illi
1371 3812 1512 3868 Dens
1552 3827 1875 3891 magnorum
1912 3813 2134 3883 largitor

540 3898 754 3969 adjecit,
781 3895 920 3971 quos
951 3902 1064 3959 dies
1095 3905 1292 3961 nautici
1322 3903 1627 3975 diligentius
1654 3907 2025 3973 observantes,
2054 3908 2133 3963 al-

539 3993 763 4064 cyonios
801 4008 896 4051 eos
922 4003 1138 4051 vocant.
1172 3994 1298 4054 Hmc
1329 3996 1424 4052 tibi
1453 3999 1764 4069 praescripta
1795 4007 1939 4064 sunt,
1972 4014 2135 4073 super

540 4084 799 4145 remediis,
816 4085 1182 4143 indubitanter
1209 4103 1238 4142 a
1267 4088 1379 4144 Deo
1410 4089 1734 4151 salutaribus
1755 4089 2127 4162 deprecandis.

524 4174 679 4253 Quid
707 4177 852 4231 enim
880 4193 985 4233 non
1016 4172 1262 4235 mirabile
1290 4178 1383 4243 ﬁat
1410 4182 1488 4237 tu‘i
1517 4197 1696 4248 causa,
1730 4183 1821 4252 qui
1853 4181 1920 4237 ad
1946 4180 2133 4252 imagi-

541 4281 665 4320 nem
696 4266 790 4321 Dei
823 4267 991 4324 factus
1019 4284 1099 4337 es,
1129 4286 1251 4325 cum
1275 4281 1499 4342 propter
1526 4289 1679 4328 avem
1706 4274 1994 4344 parvulam,
2013 4290 2130 4329 ma-

543 4357 747 4410 ximum
787 4356 1304 4430 formidolosumque
1352 4378 1500 4417 mare
1539 4364 1723 4419 videas
1763 4373 2132 4437 tempestuoso

542 4460 788 4527 tempore
826 4450 941 4508 ﬁeri
993 4454 1357 4524 tranquillum,
1394 4454 1570 4510 divina
1620 4458 1981 4532 praeceptione
2026 4459 2132 4514 fre-

540 4544 763 4597 natum?

612 4632 666 4687 6.
700 4633 984 4689 Turturcm
1016 4635 1191 4691 ferunt
1219 4637 1264 4692 si
1293 4620 1510 4708 quando
1542 4654 1670 4695 casu
1693 4640 1875 4711 aliquo
1904 4655 2127 4712 separe--

538 4731 629 4777 tur
654 4740 686 4778 ea
716 4726 968 4796 conjuge,
1001 4727 1307 4786 nullatenus
1331 4731 1479 4787 coire
1506 4748 1628 4788 cum
1656 4733 1848 4799 altero,
1885 4733 1979 4789 sed
2006 4748 2122 4790 me-

537 4816 710 4871 moria
777 4819 973 4889 prioris
1036 4823 1285 4878 connubii
1361 4825 1723 4896 perdurante,
1791 4835 2125 4884 contractum

538 4907 788 4963 secundae
851 4911 1209 4981 copulatiouis
1242 4915 1521 4971 abnuere.
1586 4917 1815 4973 Audiam
1871 4920 2125 4975 mulieres

606 5203 633 5234 ι
662 5189 824 5261 Editi,
854 5206 911 5251 ut
957 5215 1062 5253 non
1108 5209 1387 5254 recenseat.
1425 5198 1590 5255 Vetus
1630 5209 1815 5255 noster
1847 5200 2036 5267 codex,
2067 5212 2123 5255 ut

532 5283 639 5322 non
673 5285 736 5344 se
780 5267 1208 5344 consentaPaulo
1251 5277 1374 5340 post
1420 5286 1574 5337 mss.,
1621 5270 1886 5344 hodieque.
1920 5271 2122 5328 Vocula

532 5354 631 5409 quc
656 5337 843 5409 deerat
870 5339 925 5395 in
951 5339 1201 5409 vulgatis;

605 5407 631 5447 δ
661 5406 831 5483 Editi,
848 5409 990 5483 domi
1018 5402 1358 5483 ingeniosam.
1393 5410 1538 5467 Libri
1566 5421 1793 5479 veteres,
1826 5412 1946 5467 dum
1973 5413 2144 5483 ingec.

531 5478 937 5556 niosam:_liaud
966 5478 1122 5556 longe
1151 5481 1279 5556 editi
1309 5490 1365 5538 et
1404 5483 1512 5556 duo
1554 5500 1707 5556 mss,
1738 5478 1872 5556 velut
1898 5478 2123 5556 quatiam

568 5543 1088 5626 fute._Alius_codex',
1118 5552 1251 5626 velut
1287 5554 1510 5626 quodam
1548 5543 1712 5626 glute,’
1743 5554 1833 5626 ubi
1863 5543 2122 5626 suspicari

556 5619 661 5696 icet
684 5620 1020 5696 Eustathium
1072 5638 1141 5678 ex
1168 5619 1357 5680 Grasco
1397 5619 1696 5696 scripsisse,
1729 5625 1865 5679 velut
1902 5619 2125 5695 quodam

531 5692 881 5766 glulilte,__ofov
902 5695 1040 5766 κ.λλῃ
1070 5698 1186 5751 τινί.

609 5770 629 5798 ε
663 5758 815 5815 Colb.
859 5758 1143 5828 secundus,
1184 5767 1255 5821 ad
1298 5768 1621 5838 prm'imtem.
1673 5765 1960 5837 Aliquanto
2001 5775 2124 5841 post

2233 3266 2520 3323 merabiles
2548 3281 2737 3323 causas
2773 3281 2842 3321 ex
2888 3274 3078 3321 natura
3122 3270 3364 3334 sumptas
3402 3259 3471 3316 ad
3513 3258 3828 3323 fidelitatem

2234 3358 2557 3414 mirabilium
2587 3356 2856 3429 pnestitit.

2307 3451 2357 3506 7.
2389 3448 2623 3523 Ejiciant
2651 3465 2801 3521 aqua:
2828 3447 3032 3521 reptifia
3061 3448 3288 3503 vivarum
3315 3447 3635 3513 animarum,
3665 3454 3718 3499 et
3743 3460 3845 3505 eos

2233 3543 2403 3600 (milia
2424 3543 2653 3599 volantia
2680 3558 2835 3614 super
2863 3551 3055 3596 terram
3082 3539 3175 3595 sub
3203 3540 3532 3613 ﬁrmamento
3552 3539 3689 3594 celi.
3723 3537 3832 3594 Vo-

2233 3635 2347 3692 lare
2376 3635 2498 3692 idco
2528 3644 2554 3681 κ
2579 3634 2743 3705 jussre
2770 3642 2897 3703 sunt
2922 3648 3086 3705 super
3114 3642 3330 3700 terram,
3360 3631 3483 3702 quia
3512 3620 3685 3688 victus
3702 3645 3832 3686 om-

2234 3730 2391 3786 nibus
2420 3745 2451 3786 e
2480 3737 2624 3785 terra
2650 3726 2977 3800 suppeditat.
3000 3726 3112 3782 Sub
3142 3727 3471 3793 ﬁrmamento
3489 3731 3672 3779 autem
3694 3721 3828 3780 caeli

2234 3821 2389 3885 dixit,
2440 3828 2664 3891 propter
2711 3818 2797 3873 illa
2840 3832 2961 3888 qua:
3007 3831 3169 3888 supra
3216 3809 3832 3872 disseruimuslkelum

2235 3920 2415 3968 autem
2445 3911 2531 3968 hic
2568 3910 2867 3979 intelligere
2894 3908 3171 3976 debemus,
3203 3924 3234 3964 a
3274 3905 3545 3965 cernendo
3570 3903 3781 3961 dictum
3814 3921 3833 3958 :

2233 4003 2420 4059 (ir-accc
2464 4002 2608 4059 enim
2652 4003 2855 4080 οὐρανὸς
2900 4008 3127 4057 vocatur
3152 4002 3255 4058 ἀπὸ
3298 4006 3388 4056 τοῦ
3419 3998 3660 4074 ὁρᾶσθαι.
3690 3993 3847 4051 Nam

2234 4093 2637 4166 comparatione
2663 4092 2909 4164 corporis
2954 4091 3195 4155 :etbcrei,
3226 4105 3321 4147 aer
3363 4089 3484 4155 iste,
3523 4087 3618 4159 qui
3667 4100 3841 4159 super

2236 4201 2335 4241 nos
2362 4193 2465 4252 est,
2495 4200 2563 4240 ex
2589 4184 2884 4256 vaporibus
2914 4191 3071 4239 terra:
3098 4190 3388 4239 concretus
3415 4188 3471 4237 et
3506 4192 3726 4236 crassus
3752 4178 3843 4234 ef-

2236 4276 2431 4333 ficitur.
2475 4275 2652 4333 Habes
2680 4276 2843 4347 igitur
2879 4274 3062 4347 polum
3109 4260 3444 4339 decoratum,
3473 4280 3679 4327 terram
3723 4268 3843 4326 for-

2234 4368 2611 4435 mosissimam,
2643 4382 2792 4423 mare
2819 4366 3305 4439 opulentissimum,
3338 4380 3524 4421 aerem
3564 4361 3847 4435 repletum

2233 4462 2423 4518 avibus
2456 4481 2468 4517 :
2499 4476 2619 4532 quae
2666 4461 2847 4516 omnia
2892 4475 2959 4515 ex
3006 4458 3175 4515 nihilo
3215 4458 3283 4514 ad
3329 4459 3472 4515 hanc
3516 4457 3695 4514 vitam
3744 4455 3877 4513 Dei”

2155 4576 2211 4637 ι)
2235 4546 2595 4626 przeceptione
2639 4551 2900 4624 producta
2941 4559 3085 4608 sunt.
3115 4549 3184 4607 Et
3210 4551 3317 4607 alia
3342 4551 3513 4606 multa
3539 4564 3664 4623 qua:
3698 4567 3849 4608 nunc

2236 4647 2483 4704 consulto
2508 4661 2688 4703 sermo
2714 4646 2990 4718 prmteﬁit,
3023 4661 3091 4702 ne
3119 4646 3174 4702 in
3201 4644 3412 4701 hisdem
3441 4643 3644 4700 diutius
3679 4660 3849 4701 eom—

2235 4746 2495 4806 moratus,
2526 4738 2746 4796 modum
2788 4739 3095 4812 disputandi
3133 4738 3411 4796 videretur
3435 4732 3732 4795 ἐπράθη.
3769 4738 3854 4797 Tu

2235 4837 2417 4886 autem
2454 4837 2656 4907 cuncta,
2690 4831 2805 4887 haec
2848 4839 3025 4888 tecum
3071 4831 3186 4903 ipse
3220 4840 3500 4903 reputans,
3528 4839 3586 4886 et
3625 4831 3856 4888 intente

2233 4921 2553 4992 sapientiam
2588 4921 2701 4987 Dei,
2732 4938 2851 4994 quae
2879 4923 2932 4978 in
2962 4923 3211 4980 omnibus
3248 4922 3497 4990 habetur,
3529 4922 3850 4993 inquirens,

2228 5201 2378 5271 idem
2401 5200 2594 5267 codex,
2627 5210 2732 5257 tota
2761 5201 3048 5257 intentione
3067 5202 3239 5271 cordis
3259 5201 3559 5271 implorant.

2309 5272 2334 5309 ⁴¹
2357 5269 2519 5338 Editi,
2551 5273 2851 5339 multarunt,
2882 5272 3042 5328 male.
3075 5270 3219 5327 Libri
3248 5269 3475 5341 antiqui,
3504 5271 3851 5332 multum.

2309 5352 2333 5380 ι’
2364 5341 2525 5425 Editi,
2556 5343 3194 5425 conﬁdentemnidisheos
3216 5343 3514 5425 profct’pite:
3554 5344 3853 5401 aratrum

2236 5431 2299 5469 ac
2313 5414 2625 5522 proﬁciunt.
2656 5412 2802 5496 Libri
2830 5423 3045 5497 veteres
3073 5415 3144 5469 ita
3174 5412 3234 5469 ut
3261 5412 3543 5488 edidimus.

2367 5483 2585 5556 guttqm
2615 5484 2722 5540 duo
2740 5484 2893 5556 libri,
2925 5485 3256 5556 conﬁrmant.
3320 5554 3329 5556 _

2417 5500 2585 5552 unqm
2615 5500 2722 5540 uuo
2752 5500 2893 5552 nun,
2925 5500 3256 5552 conprmam.

2314 5499 2327 5522 ι
2367 5499 2585 5554 Minqm
2615 5499 2722 5540 uuo
2752 5499 2893 5552 non,
2925 5499 3256 5556 conprmant.

2312 5565 2340 5628 β
2366 5554 2518 5628 Colb.
2552 5555 2837 5628 secundus,
2860 5556 3015 5628 jussu
3054 5566 3191 5628 autat.
3224 5554 3280 5610 Si
3318 5554 3465 5625 leges
3494 5556 3667 5626 just:
3698 5568 3854 5621 aut,

2240 5627 2402 5685 velim
2431 5624 2717 5681 subaudias
2745 5624 2931 5682 vocem
2959 5644 3096 5681 aut.
3118 5627 3321 5697 Vocem
3349 5624 3509 5697 supra
3536 5642 3604 5697 ex
3634 5630 3856 5685 nostris

2237 5697 2516 5769 codicibus
2535 5697 2696 5769 paulo
2716 5706 2841 5769 post
2858 5696 3179 5753 addidimus.
3204 5694 3441 5752 Subinde
3457 5694 3614 5753 Colb.
3641 5713 3851 5756 secun-

2236 5768 2359 5836 dus,
2390 5767 2623 5822 consulto
2646 5767 2879 5823 territent
2900 5769 3147 5840 prater-ii.
