4110 6336
311 289 417 352 935

1304 295 1708 355 HEXAEMERI
1747 287 2234 357 METAPIIRASIS
2275 301 2477 359 LIBER
2519 303 2652 361 VIII.

3485 300 3591 357 95d

313 427 582 483 nunquam
612 421 636 450 κ
664 412 881 469 delicias
909 411 1243 477 admirando,
1274 419 1372 467 nec
1400 410 1750 466 Conditorem
1779 410 1891 480 glo-

1999 415 2368 498 medicaminis
2396 418 2726 474 reformavit.
2760 414 2971 498 Quanta
3000 422 3216 484 quoque
3245 413 3383 468 ratio
3412 425 3494 469 est
3533 414 3586 467 iu

311 507 569 562 rilicaudo
594 505 837 562 desistas.
861 505 1038 562 Habes
1059 506 1222 561 etiam
1251 505 1489 562 volatilia
1509 513 1771 561 nocturna
1794 505 1820 545 δ
1841 516 1897 561 et

309 601 518 656 diurna.
543 600 963 673 Vespertiliones
990 601 1134 656 enim
1161 608 1217 656 et
1243 608 1453 656 noctua:
1481 599 1724 670 lucifugae
1746 607 1891 656 sunt.

309 690 450 763 Ergo
477 695 522 748 si
550 693 764 764 quando
794 702 848 749 te
877 694 1097 750 minime
1141 707 1308 763 sopor
1347 692 1694 763 oppresserit,
1742 691 1894 748 suill-

309 787 415 842 ciet
457 792 510 840 te
550 785 976 842 conversationis
1026 800 1216 841 eorum
1256 784 1613 851 examinatio,
1663 784 1896 854 vitaeque

307 877 610 948 proprietas
638 877 703 932 ad
741 876 1134 948 praedicandam
1155 877 1471 947 sapientiam
1499 873 1769 932 Creatoris
1793 875 1897 930 im-

306 967 527 1039 pellere,
559 968 834 1040 quomodo
865 969 1090 1024 luscinia
1119 968 1303 1038 vigilat
1329 969 1446 1025 ovis
1465 969 1728 1024 incubans
1747 968 1896 1025 omni

303 1068 547 1130 tempore
577 1061 752 1117 noctis
773 1061 1098 1117 cantilenam
1120 1060 1403 1129 trahendo,
1429 1060 1702 1131 quomodo
1729 1061 1895 1116 etiam

303 1155 712 1226 vespertiliones
758 1172 867 1212 non
911 1157 1089 1213 minus
1136 1155 1509 1228 quadrupedes
1559 1157 1688 1214 sunt
1731 1172 1895 1228 quam

303 1257 570 1319 pcnuatae,
600 1263 736 1319 quas
764 1250 928 1305 etiam
956 1250 1102 1305 solas
1123 1263 1190 1306 ex
1212 1249 1399 1304 avibus
1427 1250 1678 1305 omnibus
1703 1249 1898 1306 dentes

302 1342 500 1397 habere
519 1351 762 1411 constat;
790 1343 1080 1408 et,catulos
1107 1356 1394 1414 procreare
1416 1341 1690 1410 feruntur;
1723 1350 1818 1398 aut
1837 1343 1893 1398 in

301 1449 440 1489 aere.
455 1450 560 1489 non
593 1435 807 1505 plumis,
849 1435 940 1491 sed
979 1435 1210 1507 quadam
1242 1433 1554 1490 membrana
1585 1435 1768 1506 pellita
1797 1450 1899 1490 vo-

302 1525 432 1580 lare.
453 1523 548 1581 Est
568 1525 730 1580 etiam
752 1525 858 1582 illis
885 1535 1070 1581 mutua
1102 1527 1243 1581 inter
1268 1541 1327 1581 se
1356 1540 1657 1596 magnaque
1675 1525 1897 1581 dilectio

302 1635 398 1690 per
423 1628 691 1674 naturam.
718 1619 849 1674 Nam
870 1619 1016 1675 velut
1043 1628 1171 1674 setae
1191 1618 1432 1688 qumdam
1459 1629 1479 1657 ο
1504 1619 1808 1690 piscatoriae
1825 1619 1898 1674 de

301 1713 522 1769 alternis
550 1713 755 1766 luerent
782 1709 1010 1767 nexibus
1041 1729 1054 1764 ε
1083 1710 1226 1782 quod
1274 1712 1327 1766 in
1369 1712 1676 1768 hominibus
1705 1713 1896 1782 utique

1999 497 2245 568 cautibus
2273 510 2600 574 cicadarum,
2631 523 2750 580 qua:
2787 497 2886 564 sub
2915 505 3121 562 ardenti
3151 506 3267 562 sole
3287 504 3407 576 plus
3434 519 3586 561 reso-

1997 611 2128 659 nant
2155 607 2330 659 tr'actu
2357 603 2497 658 aeris
2525 602 2786 674 impulsas,
2817 601 2907 672 qui
2932 614 3032 671 per
3049 613 3236 656 earum
3254 604 3444 669 pectus
3466 595 3589 652 illa-

1998 693 2144 750 bitur
2169 694 2295 750 dum
2325 695 2632 766 respirant?
2659 693 2768 749 Sed
2801 692 2912 763 jam
2947 692 3124 749 sentio
3151 704 3456 748 sermonem
3486 704 3587 745 no-

1997 794 2168 842 strum
2196 802 2303 843 non
2332 788 2508 843 minus
2528 787 2800 843 miraculis
2827 787 3122 843 volatilium
3142 783 3405 856 superari,
3427 796 3590 854 quam

1998 880 2044 936 si
2091 880 2368 952 experirer
2413 879 2528 952 ipse
2567 881 2944 952 pernicitatem
2984 893 3137 936 suam
3185 878 3320 935 meis
3362 875 3591 949 pedibus

1998 972 2224 1027 anteire.
2257 969 2398 1027 Sane
2424 986 2545 1027 cum
2575 972 2774 1029 videris
2813 987 2942 1044 apes
2974 981 3031 1028 et
3060 985 3276 1042 vespas,
3305 970 3590 1026 considera

1997 1067 2121 1138 quia
2151 1065 2327 1122 nullus
2353 1066 2433 1122 eis
2459 1065 2680 1136 spiritus
2698 1073 2793 1123 aut
2811 1060 2994 1138 pulmo
3021 1065 3228 1132 subest,
3256 1063 3351 1120 sed
3373 1077 3591 1134 semper

1998 1173 2067 1215 ex
2094 1173 2222 1215 aere
2246 1159 2577 1216 nutriuntur.
2619 1158 2861 1230 Denique
2905 1157 2954 1215 si
2995 1158 3120 1215 oleo
3166 1164 3325 1213 tactae
3367 1154 3591 1222 fuerint,

1998 1253 2255 1308 Continuo
2281 1250 2638 1321 perimuntur,
2667 1257 2856 1322 utpote
2881 1247 3162 1321 prasclusis
3187 1261 3374 1303 earum
3414 1244 3561 1315 spira
3577 1276 3591 1285 ο

1998 1347 2234 1401 mentis:
2260 1350 2318 1400 et
2344 1343 2390 1398 si
2419 1351 2576 1399 aceto
2605 1351 2631 1390 ε
2658 1357 2844 1398 rursus
2883 1341 3004 1397 illas
3042 1338 3356 1412 asperseris,
3393 1336 3593 1392 revivi-

1998 1446 2175 1504 scunt,
2196 1453 2456 1493 venarum
2475 1435 2724 1492 videlicet
2742 1435 3010 1491 meatibus
3027 1432 3330 1506 patefactis.
3352 1430 3432 1488 Ita
3460 1427 3594 1485 nihil

1998 1532 2144 1603 quod
2163 1531 2418 1602 supersit,
2441 1538 2534 1585 aut
2552 1529 2691 1585 desit
2710 1529 2909 1584 nostris
2923 1527 3264 1592 utilitatibus,
3283 1523 3408 1579 fecit
3425 1520 3590 1576 Deus.

1999 1623 2198 1680 Iterum
2232 1623 2276 1679 si
2306 1621 2651 1693 aquariorum
2679 1633 2848 1688 genus
2873 1618 3183 1674 examinare
3219 1612 3472 1680 volueris,
3508 1610 3593 1665 in-

1998 1715 2184 1771 venies
2231 1714 2284 1769 in
2324 1713 2430 1769 illis
2465 1713 2625 1768 aliam
2653 1710 3079 1782 dispositionem.
3113 1706 3287 1763 Pedes
3311 1706 3455 1761 enim
3486 1716 3595 1760 non

302 1804 543 1860 videmus
583 1821 690 1861 non
735 1805 892 1862 facile
939 1807 1244 1877 provenire,
1274 1821 1502 1876 quorum
1536 1807 1780 1862 nonnulli
1808 1825 1896 1864 se-
1923 1802 1976 1865 Β
2002 1807 2202 1863 habent
2242 1805 2397 1863 Ilssos
2423 1813 2483 1861 ut
2510 1819 2726 1872 corvus,
2756 1817 2857 1859 nec
2885 1816 3054 1856 uncos
3081 1807 3140 1855 ut
3167 1797 3366 1870 aquila,
3393 1796 3490 1852 sed
3515 1795 3592 1850 Ia-

302 1899 474 1969 parati
513 1898 580 1954 ah
619 1899 848 1955 aliorum
887 1899 1386 1955 conversationibus
1431 1899 1800 1969 singularitate
1839 1909 1898 1956 et

300 1988 589 2046 solitudine
635 1990 990 2046 delectantur.
1043 1989 1328 2058 Quemodo
1367 1991 1532 2046 etiam
1575 1999 1894 2047 noctuarmu

296 2082 470 2136 oculis
499 2083 700 2138 similes
729 2082 998 2138 habentur
1025 2084 1298 2140 saecularis
1329 2085 1603 2156 sapientiae
1624 2085 1897 2156 professo-

301 2187 408 2228 res.
436 2171 568 2228 Nam
597 2182 654 2228 et
682 2173 892 2229 illarum
915 2183 1168 2245 aSpectus
1198 2164 1447 2232 noctibus
1475 2178 1691 2248 quidem
1721 2179 1899 2234 acrior

303 2273 405 2332 est,
437 2273 632 2321 exorto
675 2274 858 2322 autem
899 2266 1017 2322 sole
1055 2276 1308 2333 ctecatur,
1340 2268 1477 2324 sicut
1517 2269 1743 2324 istorum
1771 2285 1897 2325 cum

301 2358 372 2412 sit
401 2359 743 2414 acutissimus
770 2357 836 2414 ad
864 2357 1332 2434 contemplandam
1363 2359 1653 2415 vanitatem
1683 2376 1894 2426 sensus,

304 2461 430 2516 erga
460 2447 860 2518 inquisitionem
899 2463 1040 2504 vera:
1067 2448 1202 2505 lucis
1239 2449 1500 2506 hebescit.
1531 2449 1764 2508 Interdiu
1796 2467 1898 2508 au-

304 2548 413 2595 tem
443 2539 596 2596 facile
625 2541 716 2595 tibi
748 2549 832 2597 est
858 2540 1266 2599 admirationem
1312 2540 1623 2598 Conditoris
1661 2542 1897 2614 undique

304 2632 603 2700 attrahere;
629 2633 1079 2704 quemadmodum
1103 2634 1275 2705 gallus
1295 2635 1627 2708 domesticus
1648 2636 1898 2692 homines

305 2723 368 2778 ad
400 2723 610 2779 labores
638 2724 910 2794 compellit
939 2733 994 2778 et
1021 2739 1209 2795 opera,
1239 2726 1493 2797 claraque
1519 2741 1654 2783 voce
1682 2726 1898 2798 procla-

302 2830 485 2878 mans,
536 2816 703 2871 solem
758 2817 944 2888 procul
993 2817 1245 2873 advenire
1284 2817 1566 2888 signiﬁcat.
1631 2819 1896 2875 Anserum
1939 2839 1942 2844 '

299 2921 513 2976 quoque
541 2920 728 2975 genus,
768 2921 928 2978 quam
959 2909 1183 2978 vigilans
1221 2911 1452 2967 habetur
1490 2919 1544 2966 et
1582 2911 1893 2981 providum,

300 3007 354 3051 et
399 2998 508 3052 cito
555 3001 792 3055 sentiens
832 3015 951 3070 qua:
980 3009 1255 3057 tentantur
1283 3003 1520 3059 occulte!
1555 3003 1595 3058 Ii
1623 3002 1895 3076 quondam

300 3090 489 3145 urbem
515 3089 740 3146 Romam
770 3093 1047 3149 nocturnis
1090 3094 1326 3150 hostium
1361 3095 1624 3152 liberasse
1645 3095 1896 3152 dicuntur

2002 1911 2091 1958 tos
2127 1909 2288 1973 atque
2333 1899 2732 1965 membraneos,
2762 1904 2822 1952 ut
2868 1902 3117 1952 natantes
3152 1891 3309 1947 facile
3348 1888 3594 1962 superfe-

2002 2001 2191 2049 rantur
2217 1992 2396 2058 undis,
2428 2001 2684 2062 tanquam
2713 1989 2876 2045 remis
2904 1984 3221 2058 quibusdam
3245 1983 3443 2055 pedum
3465 1982 3596 2038 nisi-

2001 2089 2104 2144 bus
2132 2086 2455 2158 repellentes
2483 2099 2698 2154 aquam.
2729 2082 2864 2139 Item
2900 2082 2946 2137 si
2983 2078 3297 2136 consideres
3323 2073 3597 2146 quomodo

2001 2192 2208 2251 cygnus
2255 2178 2310 2233 in
2355 2177 2523 2232 altum
2565 2181 2750 2244 guttur
2801 2169 3120 2239 extendens,
3167 2169 3236 2224 ab
3273 2168 3385 2222 imo
3431 2162 3598 2220 fundo

2001 2269 2171 2324 trahit
2200 2267 2532 2333 alimoniam,
2565 2273 2695 2320 tunc
2723 2262 3007 2318 advertere
3034 2259 3240 2332 poteris
3277 2255 3598 2327 sapientiam

2000 2359 2299 2424 Creatoris,
2326 2357 2354 2396 ιι
2381 2359 2472 2430 qui
2493 2357 2564 2413 ob
2587 2357 2690 2412 hoc
2710 2355 2788 2411 illi
2816 2352 3060 2422 longiora
3089 2350 3226 2407 colla
3247 2363 3409 2419 quam
3431 2345 3600 2419 pedes

2002 2452 2265 2518 adhibuit,
2287 2459 2348 2508 ut
2371 2459 2624 2520 tanquam
2651 2456 2827 2504 setam
2845 2442 3132 2516 quamdam
3157 2441 3438 2513 porrigens
3464 2453 3522 2494 se
3543 2438 3599 2494 in

2002 2546 2346 2617 profundum,
2380 2543 2717 2601 reconditum
2743 2539 2918 2612 possit
2945 2536 3188 2594 invenire
3209 2535 3502 2590 nutrimen.

2075 2638 2128 2692 8.
2160 2637 2327 2706 Igitur
2364 2634 2678 2706 simpliciter
2706 2631 2942 2702 inspecta
2973 2628 3138 2685 verba
3166 2625 3455 2697 Scriptum
3475 2623 3600 2696 svi-

2003 2731 2140 2787 laba:
2167 2729 2414 2801 quaedam
2441 2728 2693 2784 videntur
2720 2740 2840 2780 esse
2868 2741 2881 2777 :
2914 2722 3146 2794 Ejiciant
3187 2735 3336 2792 aqua
3365 2718 3601 2775 volatilia

2001 2821 2234 2878 uolantia
2262 2837 2417 2891 super
2452 2829 2640 2873 terram
2681 2816 2772 2870 sub
2815 2811 3144 2885 [irritamento
3173 2811 3306 2866 caeli.
3336 2810 3392 2864 Si
3423 2809 3598 2865 consi-

2001 2913 2192 2968 derata
2220 2910 2380 2966 fuerit
2408 2909 2486 2964 vis
2512 2907 2824 2970 verborum,
2847 2912 2977 2960 tunc
3011 2901 3320 2958 Conditoris
3347 2899 3598 2956 miriﬁca-

2002 3003 2082 3058 tio
2110 3002 2436 3068 declaratur,
2467 3000 2558 3072 qui
2607 2999 2814 3054 futuras
2863 2997 3040 3052 avium
3073 2993 3405 3052 diderentias
3443 2994 3598 3061 longe

2001 3095 2272 3167 prtevidit,
2295 3088 2810 3165 easquesecundum
2832 3104 3002 3162 genus
3028 3107 3058 3146 a
3089 3106 3149 3146 se
3178 3088 3449 3145 discrevit.
3475 3086 3600 3152 Dies

300 3181 542 3238 insidiis:
567 3183 707 3254 quos
742 3199 842 3256 per
869 3181 896 3222 ἀ
926 3184 1170 3243 occultos
1210 3185 1389 3244 aditus
1426 3187 1659 3244 latenter
1685 3188 1894 3259 ingredi
1921 3173 1974 3241 (ἶ
2004 3205 2093 3246 me
2120 3189 2372 3262 profecto
2410 3185 2644 3257 deficiet,
2677 3187 2724 3242 si
2751 3193 2948 3243 cuncta
2985 3184 3139 3240 vobis
3157 3183 3312 3238 ‘aeria
3341 3178 3599 3236 miracula

299 3273 582 3330 molientes
609 3291 898 3346 arcemque
924 3277 1240 3346 pervadere,
1264 3278 1580 3336 festinanter
1603 3280 1891 3352 prodidere

297 3367 598 3423 clamando.
632 3367 690 3423 Iu
711 3385 819 3440 quo
839 3377 1019 3425 autem
1047 3383 1244 3439 genere
1261 3373 1480 3450 propria
1504 3372 1760 3429 miracula
1779 3389 1889 3430 non

299 3474 678 3531 usquequaque
708 3469 897 3516 natura
927 3461 1298 3535 demonstrat?
1325 3463 1458 3531 Quis
1483 3464 1785 3521 vulturibus
1813 3464 1895 3520 fu—

297 3563 472 3606 turam
517 3553 727 3608 nuntiat
772 3553 1048 3609 hominum
1093 3562 1358 3623 mortem,
1409 3570 1546 3624 quos
1593 3565 1783 3614 contra
1828 3573 1890 3614 se

295 3642 434 3698 bella
463 3653 729 3713 gesturos,
761 3660 886 3700 mox
915 3653 1143 3702 caterva:
1171 3647 1442 3702 vulturum
1464 3657 1887 3720 prosequuntur,

295 3749 676 3805 armorumque
723 3737 1075 3792 instructione
1123 3737 1208 3793 vel
1255 3747 1548 3810 apparatu,
1597 3740 1771 3810 qualis
1817 3741 1890 3798 sit

296 3829 470 3884 exitus
499 3829 776 3885 habendus
803 3829 1144 3900 intelligunt?
1171 3831 1326 3899 Quod
1360 3833 1573 3903 quidem
1607 3849 1714 3890 non
1754 3851 1886 3906 pro-

296 3923 382 3979 cul
397 3932 480 3979 est
493 3923 716 3979 rationis
737 3924 998 3980 humanm.
1015 3924 1477 3993 Quemadmodum
1497 3930 1660 3984 etiam
1685 3929 1778 3986 tibi
1800 3930 1884 3996 Io,-

295 4025 564 4073 custarum
587 4016 957 4089 expeditiones
981 4028 1004 4056 ε
1026 4019 1302 4091 aperiam?
1321 4018 1451 4088 Quae
1475 4022 1576 4078 sub
1595 4038 1704 4079 uno
1729 4023 1884 4093 signo

292 4109 523 4180 propriis
550 4123 777 4179 egressa:
803 4109 872 4166 de
899 4110 1115 4168 sedibus
1140 4113 1194 4168 in
1221 4113 1462 4184 spatioso
1489 4129 1682 4186 campo
1703 4125 1885 4190 castra

295 4190 643 4268 constituunt,
674 4211 730 4257 et
757 4219 864 4258 non
903 4211 1030 4260 ante
1067 4204 1312 4275 subjecta
1353 4208 1690 4278 contingunt,
1721 4225 1883 4281 quam

293 4293 450 4349 dat-.u-
475 4295 554 4349 eis
579 4293 758 4350 divina
787 4296 1096 4368 praeceptio.
1131 4296 1416 4364 Quomodo
1455 4299 1616 4356 etiam
1665 4317 1882 4371 mergus

294 4384 646 4450 insatiabilem
675 4385 926 4442 vescendi
962 4389 1164 4459 patitur
1187 4391 1415 4459 orexim,
1449 4407 1548 4462 per
1575 4409 1734 4464 quam
1763 4393 1882 4448 vul-

291 4476 508 4546 acribus
546 4478 628 4533 sui
671 4480 875 4535 ventris
918 4481 1157 4538 remedia
1204 4484 1449 4542 sanitatis
1492 4483 1512 4524 τ
1556 4487 1804 4558 acquirit.
1835 4485 1882 4543 O

2000 3284 2204 3342 referre
2231 3283 2476 3339 voluero.
2510 3281 2896 3337 Verumtamen
2929 3287 3072 3334 terra
3100 3291 3200 3332 nos
3227 3281 3387 3329 vocat
3415 3272 3482 3327 ad
3513 3272 3596 3326 in-

2001 3375 2305 3452 spiciendas
2331 3375 2552 3438 bestias,
2584 3381 2641 3428 et
2671 3371 2907 3444 pecudes
2945 3384 3009 3424 ac
3054 3376 3354 3439 serpentes.
3404 3364 3596 3419 Parata

2001 3481 2087 3526 est
2111 3469 2258 3525 enim
2285 3467 2479 3523 similia
2507 3465 2743 3536 piscibus
2770 3470 2828 3518 et
2856 3460 3163 3517 volatilibus
3191 3455 3596 3528 quadrupcdmn

1999 3569 2057 3620 et
2101 3558 2454 3630 virgultorum
2499 3570 2697 3627 genera
2743 3554 3114 3609 demonstrare
3156 3567 3171 3605 :
3220 3548 3416 3620 Ejiciat
3459 3557 3596 3603 terra

1997 3654 2232 3709 animum
2273 3651 2457 3706 vivam.
2491 3647 2628 3716 Quid
2660 3645 2856 3712 dicitis,
2898 3643 2989 3716 qui
3030 3640 3198 3698 Paulo
3244 3640 3491 3712 apostolo
3528 3640 3596 3693 de

1995 3743 2397 3804 resurrectione
2424 3756 2531 3797 non
2562 3739 2799 3807 creditis,
2831 3754 2952 3796 cum
2982 3737 3210 3793 videatis
3237 3740 3384 3788 certa
3409 3731 3476 3786 de
3505 3744 3594 3785 ae-

1997 3839 2109 3895 reis
2135 3834 2497 3891 animantibus
2524 3831 2744 3903 figuram
2775 3830 3049 3902 propriam
3078 3833 3434 3887 commutare,
3456 3823 3595 3878 sicut

1992 3929 2272 3986 lndiacum
2297 3940 2555 3992 vermem,
2587 3923 2678 3994 qui
2703 3933 2787 3980 est
2813 3923 3081 3993 corniger,
3104 3921 3279 3993 primo
3307 3919 3360 3974 in
3389 3915 3403 3956 ί
3437 3931 3594 3972 veru-

1995 4039 2078 4081 m
2104 4037 2162 4079 se
2187 4021 2424 4093 speciem
2452 4017 2949 4083 transformantem,
2977 4014 3172 4072 deinde
3207 4010 3322 4067 fieri
3360 4009 3592 4066 bombu-

1997 4119 2220 4184 lionem,
2253 4131 2354 4172 nec
2377 4123 2556 4170 tamen
2583 4113 2640 4169 in
2669 4126 2736 4168 eo
2764 4110 3040 4168 schemate
3068 4107 3467 4180 persistentem,
3497 4103 3593 4159 sed

1997 4207 2332 4265 membranis
2352 4204 2686 4262 mollioribus
2716 4204 2730 4255 i
2769 4218 2833 4259 ac
2863 4199 3145 4257 latioribus
3169 4196 3593 4269 plumescentem

1996 4301 2259 4370 aligerum
2283 4297 2472 4353 reddi?
2499 4295 2687 4367 Itaque
2707 4288 2822 4358 vos,
2847 4299 3130 4358 matronae,
3153 4287 3368 4360 quando
3395 4285 3594 4342 sedetis

1967 4457 1971 4465 _
1995 4407 2186 4446 eorum
2214 4389 2556 4446 revolventes
2584 4402 2773 4458 opera,
2803 4384 2854 4441 id
2881 4391 2964 4440 est
3001 4382 3231 4438 stamina
3270 4394 3389 4451 qua:
3432 4376 3593 4434 Seres

1974 4484 2123 4552 .huc
2151 4482 2388 4553 dirigunt
2416 4480 2483 4537 ad
2511 4479 2906 4537 confectionem
2946 4476 3178 4537 vestium
3217 4472 3588 4532 delicatarum.

223 4619 234 4626 .
293 4567 500 4624 virtutis
519 4569 802 4626 admiratio
821 4571 1086 4629 emlestis!
1110 4587 1230 4644 qua:
1248 4573 1452 4632 rabiem
1472 4576 1629 4633 famis
1649 4577 1702 4634 in
1725 4594 1876 4636 usum
1903 4571 1967 4636 D
1989 4575 2405 4635 reminiscimiui
2434 4575 2593 4646 hujus
2632 4571 2879 4628 animalis
2911 4567 3364 4639 religuratiouem,
3393 4569 3452 4615 ut
3477 4561 3590 4616 evi-

358 4738 380 4799 _~
414 4722 572 4799 Editi,
601 4691 931 4799 deﬁciatis;
961 4726 1128 4799 nostri
1150 4734 1260 4783 tres
1287 4743 1439 4799 mss”
1463 4728 1693 4799 deﬁcias.

1983 4700 2004 4733 ᾗ
2071 4741 2098 4777 ε
2128 4728 2269 4784 Editi
2298 4736 2354 4785 et
2396 4726 2504 4781 duo
2542 4738 2693 4790 mss.,
2728 4730 2778 4776 et
2818 4721 2864 4776 si
2902 4727 3058 4790 aceto
3079 4729 3257 4770 rursus
3284 4713 3586 4790 asperserit.

359 4795 384 4834 δ
415 4784 633 4865 Antiqui
662 4784 770 4852 duo
810 4796 949 4860 libri,
977 4805 1027 4851 et
1065 4797 1273 4858 diurna.
1307 4784 1504 4856 Vocula
1526 4784 1583 4854 'et
1603 4784 1690 4858 ab?
1719 4801 1878 4859 editis
1982 4784 2322 4871 resipiscam.
2357 4795 2596 4871 At_Colb.
2623 4784 2907 4871 secundus,
2933 4797 2990 4871 _et
3015 4789 3061 4871 si
3089 4795 3234 4871 aceto
3261 4784 3590 4871 massilia:

286 4868 490 4923 aberat.

358 4949 379 4975 ο
412 4935 573 5002 Editi,
616 4937 908 5011 pis_ca_t_oris.
959 4935 1100 5011 Libri
1142 4948 1375 5006 veteres,
1407 4943 1720 5011 piscatoriae.
1765 4943 1876 4997 Ali-

285 5017 487 5078 quauto
524 5006 647 5080 post
673 5006 825 5062 Colb.
865 5008 1146 5074 secundus,
1179 5026 1301 5064 nam
1336 5006 1458 5066 ut...
1500 5014 1701 5066 acutior
1726 5023 1871 5068 est...

285 5082 364 5153 sic
392 5089 440 5134 et
476 5081 689 5153 istorum
727 5094 746 5132 :
773 5092 944 5153 quam
982 5080 1412 5153 scriptu_ram_ex
1456 5096 1523 5153 eo
1569 5091 1874 5153 suSpectam

283 5151 480 5219 habeo,
509 5149 649 5219 quod
681 5149 872 5220 melior
898 5149 966 5203 sit
993 5157 1049 5204 et
1087 5150 1282 5220 aptior.
1313 5149 1447 5206 Nam
1477 5149 1746 5217 librarius,
1771 5156 1875 5209 nisi

284 5222 438 5346 \ialde
467 5221 638 5286 fallor,
676 5219 930 5276 nonnulla
958 5219 1246 5293 aliquando
1275 5228 1345 5277 ad
1374 5223 1655 5280 arbitriqu
1684 5240 1874 5282 eluen-

284 5313 296 5345 ι
319 5311 402 5346 ειν·
433 5334 448 5346 .

283 5301 448 5349 davit.

354 5364 378 5400 ά
409 5361 561 5434 Colb.
594 5360 876 5428 secundus,
909 5380 1001 5434 per
1023 5362 1266 5419 obscuros
1295 5365 1489 5419 aditus.

357 5445 380 5470 ε
413 5431 573 5500 Editi,
623 5431 1342 5506 operiatur.:Libri'veteres,
1385 5439 1639 5506 aperiam.
1690 5437 1879 5494 Cra-ce

282 5503 606 5579 δεηγήσομαι.
637 5503 758 5558 Mox
779 5503 930 5579 editi,
952 5523 1104 5579 quam
1124 5507 1358 5579 deturiis
1380 5503 1554 5564 divina
1575 5509 1873 5579 pt'wcepﬂ'o.

284 5574 551 5641 Quomodo
578 5586 765 5630 autent.
800 5574 1017 5644 Antiqui
1046 5577 1164 5630 libri
1192 5587 1250 5631 ut
1279 5578 1332 5634 in
1359 5574 1637 5635 contextu.

359 5647 376 5684 τ
408 5645 589 5702 Codex
621 5661 764 5718 unus
792 5647 1026 5718 inquirit.
1067 5647 1260 5718 Statim
1298 5654 1426 5704 mss;
1459 5649 1586 5715 duo,
1618 5651 1752 5705 ratio
1775 5658 1871 5704 est.

281 5713 413 5771 Illud
447 5727 522 5771 est
552 5718 602 5770 in
637 5715 796 5771 editis
834 5713 1187 5771 desideratur.
1222 5717 1462 5778 Subinde
1488 5713 1596 5778 duo
1625 5738 1783 5785 mss.,
1809 5739 1876 5777 ex

283 5805 421 5845 uere.
457 5787 652 5842 Vocula
674 5801 738 5840 ex
763 5787 814 5841 in
842 5785 1069 5856 vulgatis
1097 5785 1301 5842 deerat.

1977 4851 2317 4941 biisses.
2332 4867 2654 4941 νενευίεαςηε,
2677 4864 2751 4917 ita
2772 4851 3079 4941 possunt?
3104 4865 3160 4912 ει
3186 4871 3348 4911 gens“
3375 4864 3430 4908 ει
3448 4851 3590 4941 0"?“

1989 4926 2082 5007 co,
2113 4926 2510 4996 ἁναϐιῶσκεται.
2548 4926 2834 5006 Aliquanto
2869 4937 2994 5002 post
3033 4927 3141 4985 duo
3181 4943 3334 4994 mss.,
3372 4941 3465 4979 nec
3494 4926 3587 4980 ob-

1987 5027 2172 5065 ωιωσ.
2265 5057 2269 5061 .

1977 5085 1981 5089 ’
2067 5085 2096 5118 ο
2127 5080 2288 5147 Editi,

2312 5078 2522 5151 quiarob
2552 5076 2665 5151 Itoc.
2689 5075 2765 5151 At
2782 5072 2938 5151 Coll).
2969 5069 3254 5151 secundus,
3280 5070 3367 5142 qui
3383 5065 3451 5151 ob
3469 5068 3584 5151 hos,

1992 5152 2197 5209 Ibidem
2226 5139 2376 5216 ediii,
2411 5150 2520 5204 illis
2558 5147 2815 5220 longiora.
2859 5144 3026 5201 Vetus
3065 5141 3238 5198 codex
3279 5139 3482 5204 uoster,
3526 5139 3585 5192 ill

1991 5224 2259 5294 longiora.
2487 5263 2495 5272 .
2521 5291 2531 5294 _
2815 5291 2820 5294 _
2867 5288 2879 5294 _
3097 5249 3101 5254 -

1969 5277 1996 5354 ,ν
2021 5277 2034 5280 ⁷
2069 5277 2111 5330 Γ
2125 5293 2265 5348 Editi
2287 5299 2344 5347 et
2363 5291 2533 5348 nostri
2559 5298 2667 5346 tres
2692 5291 2846 5357 mss.",
2861 5288 2915 5341 in
2943 5301 3139 5357 verum
3153 5300 3207 5357 se
3224 5282 3461 5357 speciem,
3472 5277 3584 5357 vel,

1994 5368 2051 5420 in
2077 5381 2309 5420 verruca:
2327 5364 2548 5436 speciem
2567 5380 2579 5414 :
2598 5360 2762 5436 quod,
2791 5349 2954 5436 quam
2984 5349 3276 5436 absurdum
3298 5352 3442 5436 sit
3471 5349 3587 5436 ine:

1986 5442 2148 5508 'ptum
2174 5463 2212 5508 ,ι
2242 5420 2840 5508 niliiiattinet'diceré.
2881 5426 2958 5508 _At
3005 5424 3124 5508 ejus
3161 5424 3262 5479 loci
3303 5420 3473 5498 facilis
3500 5428 3584 5508 est

1997 5490 2326 5564 emendatio.
2358 5505 2492 5559 Nam
2520 5518 2620 5574 pro
2657 5513 2864 5564 verum,
2881 5490 3162 5574 legendum
3185 5493 3510 5574 esseerucie,
3537 5490 3584 5545 si

1997 5577 2135 5634 nihil
2163 5576 2325 5640 aliud,
2361 5577 2475 5645 ipse
2498 5565 2649 5648 certe
2677 5575 2873 5626 nomen
2902 5565 3146 5648 Caecum
3176 5571 3362 5636 aperte
3401 5569 3586 5617 osten-

1976 5647 2098 5711 ‘dit‘.
2133 5652 2205 5708 εἰς
2237 5644 2860 5718 κάμπὴνςβνιενυεαεηε--
3314 5707 3346 5718 -.

1969 5727 1976 5732 ‘
2077 5709 2092 5770 i
2128 5717 2264 5773 Illud
2293 5709 2354 5770 ita
2382 5712 2652 5768 latioribus
2682 5711 2902 5777 addidi,
2943 5709 3202 5766 librorum
3237 5709 3582 5777 antiquorum

1998 5789 2158 5844 ﬁdem
2180 5795 2397 5842 secutus
2427 5803 2438 5839 :
2461 5783 2654 5857 quibus
2673 5776 3019 5839 consentiunt
3036 5779 3222 5836 Graeca
3242 5781 3327 5835 καὶ
3346 5776 3583 5842 nimim.

1975 5891 2038 5980 λη
