4110 6336
526 327 630 387 965

1942 318 2306 381 EUSTATHII

3679 307 3776 369 953

526 450 658 503 deos
697 446 763 501 de
809 443 1202 500 resurrectione
1240 442 1463 513 capiatis
1509 438 1838 509 exemplum,
1879 447 1936 494 et
1980 439 2113 495 nihil
2143 443 2191 502 Α
2217 439 2381 496 modo
2413 438 2553 494 hunc
2582 437 2796 506 erigens
2822 436 3183 497 exsultatione
3210 436 3466 500 victoriae,
3498 434 3807 502 facie-nsque

525 537 781 593 dubitetis
804 535 872 591 de
899 535 1285 591 reformatione
1310 532 1572 605 corporis,
1602 546 1764 601 quam
1793 529 1991 587 Paulus
2014 547 2112 587 ex-

486 625 495 632 ’
525 629 695 700 ponit.
722 626 831 683 Sed
856 626 972 697 jam
995 627 1176 683 sentio
1204 639 1292 685 me
1318 624 1539 687 modum
1562 622 1943 693 disputationis
1960 637 2121 678 exne-

524 723 670 780 dere.
711 720 924 777 Etenim
950 722 998 776 si
1024 720 1095 776 ad
1128 717 1528 775 multitudinem
1568 731 1863 787 respexere
1907 714 2111 771 relato-

523 828 669 882 rum,
701 814 755 869 in
792 811 1055 871 munitum
1093 811 1315 867 videbor
1350 824 1600 869 sermone
1629 818 1656 847 ι
1686 807 1985 878 prolapsus.
2015 806 2113 865 Sin

486 914 491 923 ‘
522 912 705 961 autem
746 904 937 960 ocuhs
976 902 1051 959 ad
1080 902 1449 959 diversitatem
1478 908 1739 957 creaturae
1765 906 2109 965 convenero,

524 1010 627 1053 nec
652 995 941 1055 exordium
967 993 1293 1051 narrationis
1329 992 1563 1051 arbitror
1595 990 1968 1061 assumpsisse.
2002 989 2119 1047 Ve-

526 1097 824 1145 mmtameu
872 1103 980 1146 non
1026 1095 1111 1145 est
1156 1088 1290 1146 utile
1324 1102 1422 1143 vos
1466 1085 1741 1156 prmterire
1774 1092 2107 1147 transcursu.

534 1181 662 1249 )uid
685 1181 830 1237 enim
857 1178 1067 1237 facietis
1095 1193 1265 1249 usque
1308 1178 1377 1235 ad
1418 1178 1740 1248 vesperam?
1768 1176 1813 1231 Δ
1839 1177 2112 1247 pransori-

530 1270 628 1330 bus
648 1280 800 1328 certe
845 1286 955 1327 non
990 1270 1275 1339 organici,
1302 1284 1402 1326 nec
1427 1269 1796 1326 conviviorum
1824 1275 2119 1339 apparatus

525 1363 676 1420 abire
702 1379 805 1420 nos
831 1365 1106 1428 adt-wet,
1136 1362 1391 1432 quoniam
1437 1369 1648 1432 tempus
1688 1360 1966 1431 jejunandi
2005 1370 2107 1419 est.

524 1456 866 1527 Quapropter
886 1456 933 1512 si
956 1455 1157 1527 placet,
1181 1454 1558 1513 abstinentiam
1597 1454 1844 1524 corporis
1870 1453 1925 1508 in
1954 1454 2109 1509 volu-

525 1556 701 1619 ptates
724 1548 892 1604 acini
915 1554 1308 1619 comet-tamus.
1337 1545 1545 1617 Saepius
1583 1547 1767 1616 utique
1793 1547 2112 1618 corporibus

524 1618 796 1713 parmatis,
824 1641 927 1697 bos
970 1618 1160 1696 saltem
1186 1639 1305 1695 dies
1332 1639 1652 1710 deputemus
1681 1640 1864 1696 usibus
1903 1640 2111 1697 animo-

523 1748 665 1799 rum,
686 1732 827 1789 sicut
850 1732 1109 1802 scriptum
1134 1738 1218 1786 est
1244 1749 1259 1785 :
1293 1729 1560 1787 Delectare
1578 1731 1635 1785 in
1660 1729 1904 1797 Domino,
1935 1740 1985 1787 et
2008 1731 2107 1784 da-

2218 531 2588 590 adversarium
2619 530 2846 597 tristem,
2862 530 3031 587 modo
3056 529 3211 589 illum
3236 529 3469 585 alacrem
3498 527 3808 597 superbum-

2216 642 2323 697 que
2367 624 2763 683 demonstrans.
2813 621 2952 691 Quid
2992 622 3143 692 juvat
3182 635 3415 692 corpore
3455 618 3727 689 ieiunare,
3762 618 3807 674 si

2214 718 2426 777 animus
2465 715 2650 777 multis
2684 715 3011 788 pravitatum
3052 714 3288 770 millibus
3315 712 3608 769 oneratur?
3640 709 3809 767 Porro

2214 812 2311 881 qui
2335 827 2447 869 non
2473 810 2609 875 ludit
2636 809 2877 879 tesseris,
2915 808 3013 865 sed
3038 817 3212 876 vacat,
3239 823 3377 879 quas
3401 823 3511 865 non
3542 809 3810 861 vanitates

2214 918 2281 959 ex
2310 917 2407 960 ore
2434 901 2723 972 depromit,
2746 908 2843 957 aut
2864 898 2993 971 quid
3019 915 3132 956 non
3156 896 3386 972 percipit
3410 899 3633 955 auribus
3650 912 3810 954 esse-
3846 884 3855 947 Ξ

2215 996 2511 1055 amntium?
2535 996 2614 1053 ita
2643 995 2892 1055 otiositas
2930 996 3047 1051 sine
3083 996 3279 1053 timore
3307 995 3401 1053 Dei
3428 994 3689 1064 magistra
3717 1009 3811 1048 nc-

2214 1089 2397 1159 quitia
2416 1097 2518 1145 est.
2547 1087 2616 1145 Et
2641 1088 2856 1160 quidem
2881 1075 3148 1159 przesumo
3167 1087 3366 1158 aliquid
3387 1087 3541 1143 vobis
3561 1086 3813 1143 utilitatis

2214 1196 2283 1237 ex
2310 1181 2393 1237 bis
2420 1196 2540 1250 qua:
2564 1180 2733 1236 locuti
2751 1195 2939 1236 sumus
2957 1178 3188 1251 ambiri.
3210 1178 3366 1247 Quod
3383 1180 3427 1234 si
3449 1194 3608 1235 secus
3631 1176 3817 1242 fuerit,

2214 1281 2396 1327 tamen
2451 1279 2675 1342 peccato
2716 1286 2813 1327 vos
2852 1287 3053 1327 vacuos
3098 1269 3126 1310 δ
3167 1271 3523 1327 eonunoratio
3565 1271 3672 1327 loci
3718 1269 3809 1325 hu-

2209 1363 2508 1434 juscemodi
2537 1363 2800 1435 perﬁciet.
2830 1363 3152 1435 Quantoqua
3181 1364 3300 1435 plus
3341 1379 3438 1420 vos
3475 1365 3529 1421 in
3564 1363 3810 1421 Ecclesia

2215 1458 2429 1515 Domini
2464 1466 2816 1525 retentamus,
2847 1466 2998 1514 tanto
3046 1458 3217 1526 magis
3246 1473 3277 1513 a
3305 1458 3572 1521 malorum
3606 1457 3810 1526 cogita~

2215 1552 2451 1608 tionibus
2508 1568 2841 1623 separamus.
2899 1551 3230 1609 Suiﬁcientia
3290 1560 3417 1608 sunt
3462 1566 3585 1622 quas
3640 1551 3813 1607 disse-

2214 1643 2421 1699 ruimus
2451 1642 2595 1717 ειμύ
2625 1643 2988 1713 aequissimum
3029 1643 3385 1711 cognitorem,
3415 1643 3463 1697 si
3491 1650 3675 1697 tamen
3704 1657 3813 1698 non

2215 1734 2283 1790 ad
2309 1735 2559 1807 copiosas
2586 1743 2848 1791 creatum
2874 1735 3112 1802 divitias,
3141 1734 3237 1791 sed
3271 1735 3338 1790 ad
3368 1734 3695 1806 parvitatem
3724 1751 3814 1789 no.

522 1823 596 1879 bis
614 1824 704 1879 tibi
724 1822 994 1896 petitiones
1014 1821 1186 1879 cordis
1207 1822 1281 1876 tui
1306 1821 1479 1895 (Psal.
1512 1838 1690 1890 uxvr,
1723 1822 1797 1893 4).
1821 1821 1878 1879 Si
1901 1822 2113 1878 divitias
2141 1833 2188 1895 Β
2215 1834 2343 1883 strze
2361 1826 2734 1897 possibilitatis
2753 1827 3044 1897 aspexerit,
3064 1825 3150 1881 vel
3179 1826 3249 1881 ad
3266 1840 3574 1882 mensuram
3602 1836 3624 1863 ε
3650 1840 3809 1895 super

522 1930 694 1985 amas,
722 1931 856 1988 opes
884 1916 980 1972 tibi
1008 1922 1205 1986 priuato
1234 1923 1362 1979 sunt
1399 1915 1724 1985 spirituales,
1754 1915 1806 1971 id
1834 1925 1936 1983 est,
1960 1917 2112 1987 judi-

519 2010 604 2067 cia
640 2010 741 2066 Dei
784 2027 923 2077 vera,
964 2010 1259 2081 iustiﬁcata
1300 2010 1358 2065 in
1402 2011 1696 2080 semetipsa,
1743 2009 2111 2067 desiderabilia

520 2120 675 2176 super
696 2119 881 2159 aurum
906 2111 956 2158 et
979 2102 1205 2173 lapidem
1232 2103 1515 2173 pretiosum
1535 2100 1708 2173 (Psal.
1735 2118 1882 2166 svnt,
1915 2102 2023 2173 l0).
2053 2102 2110 2159 Si

519 2199 657 2254 edax
684 2206 739 2253 et
758 2197 978 2267 gulosus
996 2211 1075 2260 es,
1099 2195 1267 2251 habes
1289 2195 1452 2252 verba
1473 2195 1683 2251 Domini
1705 2195 1938 2251 dulciora
1958 2213 2111 2267 super

520 2292 622 2347 mel
646 2300 698 2346 et
726 2293 895 2364 {auum
916 2288 1128 2364 (Ibid).
1154 2288 1308 2345 Nune
1329 2290 1375 2346 si
1403 2289 1655 2346 dimisero
1680 2306 1779 2346 vos
1798 2297 2107 2361 cmtumque

520 2385 841 2453 dissolvere,
870 2384 962 2440 alii
992 2399 1116 2440 mox
1140 2392 1378 2441 vestrum
1406 2392 1630 2440 currunt
1656 2393 2012 2455 properanter
2039 2383 2108 2439 ad

521 2478 716 2544 aleam,
748 2477 803 2531 in
830 2490 936 2545 qua
959 2475 1160 2546 iuratio
1188 2483 1244 2530 et
1276 2476 1554 2532 contentio
1593 2476 1903 2541 vehemens,
1932 2484 1990 2531 et
2025 2476 2109 2530 lu-

433 2556 448 2569 ’
523 2567 706 2623 orandi
733 2565 998 2636 cupiditas
1021 2566 1267 2632 habetur,
1299 2573 1547 2635 astatque
1582 2566 1792 2622 daanion
1819 2567 2105 2632 obscenus,

594 2737 621 2764 ⁸
661 2724 825 2794 Erilli,
873 2724 1161 2796 perlapsus.
1215 2722 1362 2796 Libri
1389 2728 1626 2796 veteres,
1653 2719 2104 2796 prolapsusuN‘cc

521 2797 594 2853 ita
625 2795 792 2850 multo
812 2790 943 2866 post
970 2790 1121 2866 Coll).
1155 2790 1928 2866 sccundus,rjuclicia_Domini.
1957 2790 2099 2866 Sub-

522 2866 643 2923 inde
686 2862 1047 2930 mssfnostri,
1081 2867 1293 2937 gulosus
1319 2881 1392 2919 es.
1426 2862 1560 2918 Illud
1588 2880 1642 2918 es
1674 2863 1727 2917 in
1754 2862 1915 2917 editis
1959 2862 2104 2917 desi-

519 2937 827 2993 derabatur.
1646 2943 1651 2948 ‘

556 2943 827 2992 erabatur.
1646 2943 1651 2948 ’

595 3011 618 3046 δ
648 3007 813 3074 Editi,
844 3007 1261 3064 commemoratio
1286 3006 1398 3060 loco
1429 3004 1839 3076 hujusmodi.....
1870 3000 2107 3058 Ecclesia

522 3078 637 3133 Dei.
671 3076 824 3132 Colb.
877 3086 1101 3147 uterque
1132 3085 1189 3131 ut
1229 3077 1282 3130 in
1324 3074 1599 3131 contextu.
1651 3074 1940 3147 Aliquanto
1982 3082 2108 3142 post

523 3148 674 3204 Colb.
707 3146 997 3217 secundus,
1015 3144 1093 3200 iul
1118 3148 1390 3217 parvitatis
1422 3154 1616 3201 nostra:
1637 3144 2033 3217 possibilitates.

598 3231 621 3258 ε
654 3217 795 3273 Editi
815 3226 869 3272 et
890 3210 1045 3272 ουκ».
1074 3210 1302 3288 primus,
1328 3233 1485 3288 super
1508 3210 1647 3271 ιωυᾱ
1663 3216 1920 3286 capienda
1946 3234 1960 3270 :
1984 3231 2114 3284 quo-
2141 3210 2188 3274 C

524 3353 595 3378 μ

2216 1920 2401 1977 latitia
2430 1918 2691 1990 capienda
2716 1918 3081 1989 praesentium.
3112 1917 3196 1973 Sit
3225 1917 3407 1989 itaque
3433 1917 3696 1975 tenuibus
3724 1917 3806 1975 hic

2215 2012 2466 2068 matutini
2505 2012 2753 2077 convivii,
2792 2025 2860 2069 ne
2906 2011 3044 2066 ultra
3078 2009 3298 2065 modum
3341 2009 3551 2079 ingesta
3589 2010 3809 2066 satietas

2214 2103 2489 2161 fastidium
2518 2102 2833 2173 vespertina:
2870 2102 3026 2158 vobis
3057 2100 3386 2172 epulationis
3430 2100 3658 2170 injiciat.
3702 2098 3813 2154 Do-

2216 2198 2394 2253 minus
2423 2211 2575 2261 sane,
2605 2196 2698 2265 qui
2725 2203 2986 2251 creatura:
3014 2209 3124 2251 suae
3150 2193 3323 2266 copiis
3350 2202 3543 2250 uincta
3574 2192 3816 2262 comple-

2216 2289 2313 2361 vit,
2337 2296 2395 2343 et
2412 2288 2504 2357 qui
2528 2287 2581 2341 in
2610 2287 2771 2343 rebus
2792 2286 3041 2341 omnibus
3065 2285 3389 2341 mirabilium
3410 2300 3640 2341 suorum
3660 2284 3817 2343 nobis

2215 2379 2240 2417 (³
2263 2388 2466 2436 (eterna
2490 2378 2821 2433 monimenta
2846 2377 3093 2450 przebuit,
3115 2377 3351 2435 cumulet
3364 2385 3585 2432 mentes
3604 2387 3817 2431 nosuas

2216 2472 2413 2542 gaudio
2446 2471 2674 2542 spiritali
2702 2471 2756 2525 in
2782 2468 2998 2527 Christo
3034 2468 3182 2536 Jcsu,
3211 2470 3300 2525 cui
3340 2470 3512 2537 gloria
3544 2478 3601 2524 et
3642 2469 3819 2524 honor

2218 2580 2362 2620 nunc
2390 2572 2447 2620 et
2474 2578 2707 2634 semper,
2730 2572 2787 2618 et
2813 2563 2867 2617 in
2895 2563 3091 2618 secula
3117 2562 3454 2619 seculorum.
3488 2561 3687 2615 Amen.

2213 2734 2333 2773 rum
2360 2718 2649 2772 verborum
2680 2732 2797 2788 qua:
2828 2717 3021 2771 idonea
3054 2715 3317 2788 sententia
3350 2728 3471 2788 esse
3502 2715 3692 2788 possit,
3726 2712 3813 2768 alii

2211 2788 2466 2843 viderint.
2498 2788 2598 2842 Alii
2621 2784 2726 2842 duo
2746 2803 2901 2854 mss.,
2925 2803 3079 2857 super
3100 2787 3281 2840 (milia
3307 2785 3583 2855 capienda.
3607 2784 3807 2847 Greece,

2211 2865 2287 2921 si;
2302 2864 2650 2943 ρξγροσένην.

2286 2928 2318 2970 4
2351 2926 2530 2986 Mirari
2583 2930 2729 2985 subit
2765 2945 2954 2984 vocem
2985 2940 3178 2985 artemo
3208 2937 3262 2983 ct
3291 2928 3343 2982 in
3373 2927 3532 2981 editis
3555 2934 3603 2979 ct
3629 2926 3678 2979 in
3707 2941 3796 2979 vc-

2218 3001 2425 3092 .tgcribus
2453 3001 2603 3091 libris
2645 3001 2901 3092 reperiri,
2947 3017 3067 3054 cum
3097 3001 3358 3092 scriptum
3387 2999 3459 3052 sit
3489 2995 3803 3092 apud-Basi-

2213 3071 2364 3148 lium,
2393 3076 2572 3148 ἐναργῆ
2694 3070 3033 3145 ὑπομνήματα
3056 3072 3363 3136 καταλιπὼν,
3388 3070 3673 3138 manifesta
3697 3084 3809 3121 mo-

2217 3143 2451 3197 nimenta
2477 3143 2699 3215 reliquit.

1856 3343 3809 3371 Μ

1570 3454 2047 3565 LIBER
2121 3456 2271 3565 Ν
2271 3458 2520 3563 ΟΝ
2533 3457 2709 3564 US
2725 3538 2750 3568 .

601 3623 647 3677 l.
680 3622 847 3678 Dicite
875 3635 1057 3693 quieso
1086 3618 1259 3691 qualis
1283 3619 1437 3675 vobis
1470 3625 1670 3673 nostra:
1694 3618 2111 3675 sermocinatio-

528 3719 611 3774 nis
639 3716 899 3772 matutina
928 3714 1043 3769 visa
1071 3719 1155 3767 est
1183 3725 1388 3767 mensa.
1419 3708 1550 3765 Mihi
1573 3710 1719 3765 enim
1749 3718 1772 3747 ⁸
1805 3709 1937 3765 libet
1962 3725 2111 3765 com-

526 3824 718 3882 parare
750 3806 1065 3862 tenuitatem
1100 3810 1343 3859 nostram
1371 3814 1543 3871 egeno
1571 3800 1803 3872 cuipiam
1833 3801 2111 3858 exhibenti

526 3899 853 3963 convivium,
883 3897 974 3967 qui
1002 3891 1426 3951 muniﬁcentiam
1459 3892 1621 3947 animi
1650 3893 1734 3948 sui
1762 3893 1982 3964 copiose
2011 3893 2111 3949 de-

527 3992 770 4046 siderans
789 3996 1083 4052 ostentare,
1113 3985 1298 4042 deﬁcit
1325 3983 1635 4041 facultatum
1663 3984 1969 4040 retardatus
1990 3985 2110 4039 ino—

528 4083 633 4155 pia,
656 4092 709 4135 ct
735 4076 803 4137 ob
818 4070 922 4137 huc
942 4087 1258 4151 apparatum
1284 4092 1572 4149 pauperem
1592 4076 1981 4147 qualiscunque
2007 4084 2109 4141 est,

530 4175 730 4243 lmgius
755 4172 1061 4233 ministrare
1082 4173 1321 4239 molitur,
1347 4172 1513 4226 risum
1541 4170 1609 4226 de
1636 4186 1694 4226 se
1721 4171 2008 4241 perbibens
2039 4173 2114 4226 in-

532 4266 731 4320 vitatis.
767 4276 842 4318 ita
874 4257 931 4316 lit
959 4271 1018 4317 ut
1041 4263 1475 4334 exprobrationis
1504 4263 1795 4332 ignominia
1824 4263 2117 4322 liberalitas

529 4354 777 4410 affectata
808 4370 914 4407 non
956 4362 1158 4408 careat.
1195 4353 1323 4408 Tale
1353 4353 1606 4424 quiddam
1635 4361 1719 4409 est
1748 4361 1804 4409 et
1841 4354 1894 4408 in
1925 4354 2079 4410 nobis
2100 4395 2115 4420 ,

525 4448 573 4503 si
604 4456 780 4501 tamen
822 4461 917 4499 vos
948 4460 1054 4499 non
1096 4444 1251 4499 aliter
1280 4445 1524 4501 sentietis
1568 4464 1580 4497 :
1610 4454 1985 4501 verumtamen
2025 4454 2113 4501 ut-

525 4556 741 4611 cunque
770 4555 827 4593 sc
856 4536 1054 4593 habent
1097 4543 1281 4592 nostra
1308 4578 1322 4603 ,
1362 4553 1471 4591 non
1501 4537 1935 4593 extenuabunmr
1962 4555 1990 4592 a
2020 4553 2117 4593 vo-

526 4630 628 4687 bis.
679 4628 862 4701 Ncque
910 4630 1051 4685 enim
1104 4626 1408 4683 licelismum
1456 4636 1515 4684 ut
1569 4628 1873 4698 improbum
1926 4639 2112 4700 pasto-

525 4739 645 4780 rem
684 4724 708 4761 ιι
754 4721 1063 4780 refutabant
1105 4721 1247 4779 illius
1277 4720 1538 4791 temporis
1567 4721 1808 4775 conviva:
1839 4719 1946 4791 (IV
1978 4719 2106 4792 Reg.

526 4831 597 4880 Iv,
631 4814 719 4886 39)
752 4833 765 4867 ε
795 4823 859 4870 et
878 4823 1027 4869 certe
1071 4812 1376 4883 agrestibus
1401 4828 1499 4867 eos
1527 4810 1803 4868 reﬁciebat
1832 4810 2106 4868 olusculis.

524 4906 844 4978 Compertas
887 4905 1068 4976 itaque
1104 4905 1285 4961 habeo
1310 4905 1456 4974 leges
1493 4904 1756 4977 quasdam
1784 4921 1952 4977 super
1979 4906 2110 4962 alle-

524 5000 706 5069 goria,
750 5014 855 5054 non
884 5013 1018 5069 quas
1045 5014 1111 5053 ex
1141 4999 1348 5068 meipso
1375 4997 1585 5053 confeci
1610 5039 1626 5063 ,
1666 4998 1762 5053 sed
1790 5012 1925 5068 quas
1948 4998 2108 5053 didici

523 5093 754 5148 aliorum
780 5091 1147 5149 voluminibus
1172 5090 1477 5156 recensitis,
1510 5105 1607 5169 per
1634 5106 1769 5161 quas
1808 5091 1861 5145 hi
1897 5090 1989 5162 qui
2018 5107 2110 5146 ac-

521 5184 807 5254 quiescunt
832 5182 1209 5238 communibus
1233 5182 1545 5236 comentire
1584 5182 1882 5252 scripturis,
1914 5196 2108 5250 aquam

519 5276 710 5334 dicunt
744 5293 851 5335 non
894 5292 1014 5333 esse
1043 5290 1270 5347 aquam,
1312 5274 1406 5333 sed
1434 5276 1594 5330 aliam
1634 5276 1921 5346 quamdam
1953 5284 2107 5330 natu-

522 5385 656 5436 ram,
689 5370 862 5441 pisces
887 5384 1105 5441 quoque
1133 5367 1217 5425 vel
1245 5370 1561 5440 serpentes,
1610 5378 1702 5426 aut
1730 5369 1959 5436 bestias,
1996 5387 2101 5425 non

594 5600 621 5630 ³
646 5590 803 5646 (1ου).
832 5589 1119 5656 secundus,
1149 5588 1275 5644 mihi
1295 5591 1435 5644 enim
1461 5588 1669 5659 licel....
1694 5588 1863 5659 egenti
1882 5587 2105 5659 cupienti

519 5660 759 5715 exhibere
783 5662 1086 5715 convivium.
1128 5659 1328 5725 Ibidem
1355 5660 1504 5725 editi,
1536 5656 1742 5730 defecit:
1777 5656 1917 5712 Libri
1948 5656 2102 5730 vete-

516 5743 639 5803 rea,
661 5731 852 5803 deﬁgit.
886 5730 1099 5803 Rursus
1131 5730 1464 5803 hoeiptoin
1498 5729 1618 5803 loco
1659 5746 1760 5803 ms.
1812 5729 2016 5791 nostri,
2054 5736 2103 5779 et

517 5799 591 5863 ob,
619 5799 736 5856 hoc.
761 5800 956 5877 Deerat
978 5800 1289 5870 coniunctio
1317 5809 1367 5854 et
1398 5800 1450 5854 in
1474 5800 1721 5868 vulgatis.

2168 3616 2172 3619 “
2220 3636 2321 3691 pro
2351 3619 2591 3675 veritatis
2618 3621 2847 3684 ratione,
2879 3619 2974 3676 sed
2996 3635 3100 3691 pro
3128 3634 3229 3675 suo
3257 3626 3695 3675 commentantur
3721 3634 3811 3673 ar-

2218 3715 2381 3771 bitrio
2415 3733 2427 3768 :
2456 3714 2597 3769 sicut
2621 3714 2941 3784 interpretes
2971 3713 3330 3780 somniorum,
3359 3712 3483 3767 visis
3519 3726 3803 3781 persopm

2215 3823 2332 3863 rem
2362 3806 2525 3861 variis
2560 3806 2901 3875 imaginibus,
2935 3804 3061 3875 quid
3093 3803 3424 3860 futurumsit
3450 3818 3549 3873 pro
3570 3816 3667 3857 sua
3698 3818 3802 3855 vo-

2216 3902 2423 3956 luntate
2452 3900 2821 3971 pronuntiant.
2846 3897 2959 3968 Ego
2991 3907 3170 3953 autem
3199 3914 3321 3953 cum
3352 3896 3568 3952 audiero
3595 3894 3806 3962 fenum,

2215 3991 2322 4045 hoc
2361 3989 2601 4058 intelligo
2630 3988 2776 4058 quod
2805 3987 3005 4043 dictum
3036 3996 3139 4043 est.
3172 3987 3302 4043 Item
3339 3989 3515 4058 pisces
3543 3994 3637 4041 aut
3663 3999 3801 4056 qua.

2215 4081 2507 4152 drupedes,
2568 4089 2660 4135 aut
2701 4081 2959 4149 virgulta,
3007 4079 3281 4149 quomodo
3322 4079 3493 4134 relata
3541 4086 3699 4143 sunt,
3731 4078 3805 4134 ita

2215 4176 2457 4246 percipio
2491 4193 2502 4227 :
2542 4173 2723 4246 Neque
2748 4175 2885 4228 enim
2912 4173 3155 4227 erubesco
3179 4172 3523 4244 Erangeliunt
3545 4171 3721 4243 (Rom.
3748 4187 3803 4239 tt,

2219 4268 2331 4338 16).
2366 4267 2497 4320 Nam
2527 4267 2652 4321 licet
2690 4266 2743 4320 hi
2785 4267 2877 4335 qui
2924 4265 2991 4319 de
3031 4264 3233 4319 mundo
3262 4265 3415 4335 plura
3445 4246 3801 4334 scripserunt,

2217 4366 2365 4413 certa
2395 4357 2461 4412 de
2508 4366 2665 4411 teme
2693 4355 3058 4411 schematibus
3080 4356 3409 4426 disputarlnt
3433 4395 3448 4420 ,
3494 4356 3660 4410 modo
3685 4370 3803 4410 eam

2217 4451 2439 4522 sphaera:
2462 4492 2476 4515 ,
2521 4449 2685 4505 modo
2713 4448 2988 4521 cylindro,
3026 4449 3191 4503 modo
3217 4448 3423 4505 circqu
3452 4448 3703 4511 similem,
3750 4456 3802 4501 et

2217 4542 2513 4612 aequalibus
2543 4542 2780 4610 undique
2823 4540 3105 4596 collectam
3144 4541 3387 4610 partibus
3429 4539 3801 4609 designantes,

2140 4652 2194 4717 ι)
2216 4645 2273 4693 et
2305 4638 2359 4691 in
2389 4636 2567 4691 medio
2595 4649 2715 4692 esse
2744 4650 2951 4689 cavam.
2993 4634 3072 4688 Ad
3106 4649 3299 4689 onlnes
3325 4634 3470 4688 enim
3499 4630 3803 4702 huiusmodi
3848 4669 3872 4687 .

2216 4728 2524 4798 opiniones,
2578 4727 2871 4797 scriptores
2918 4726 3341 4796 cosmographiae
3382 4724 3621 4795 prolapsi
3660 4730 3802 4784 sunt,

2216 4822 2359 4889 alter,
2381 4820 2602 4875 alterius
2641 4818 2890 4895 dogmata
2930 4816 3305 4875 rescindendo.
3337 4815 3451 4886 Ego
3482 4825 3665 4871 tamen
3694 4831 3805 4869 non

2215 4911 2452 4966 adducor
2492 4919 2550 4964 ut
2578 4910 2750 4964 dicam
2782 4910 2983 4965 idcirco
3009 4909 3334 4964 deteriorem
3377 4916 3619 4963 nostram
3647 4922 3806 4962 mun-

2214 5001 2577 5058 dillcationem
2605 5001 2775 5057 videri
2810 5020 2822 5053 :
2868 5002 2993 5072 quia
3036 5001 3171 5055 nihil
3198 5001 3268 5056 de
3294 5000 3665 5055 sclmatibus
3690 4998 3805 5065 ejus

2213 5096 2443 5151 lamulus
2488 5093 2583 5149 Dei
2613 5094 2907 5158 disseruit,
2959 5101 3013 5148 et
3041 5093 3165 5163 quia
3197 5108 3304 5148 non
3352 5091 3487 5146 dixit
3516 5098 3598 5146 tot
3640 5090 3804 5145 millia

2214 5186 2803 5247 stadiorumambitum
2855 5185 3062 5240 telluris
3090 5193 3277 5241 tenere
3300 5226 3314 5251 ,
3365 5186 3453 5239 vel
3477 5183 3627 5255 quod
3656 5184 3804 5238 meti-

2212 5287 2305 5333 tus
2328 5294 2434 5333 non
2482 5286 2565 5332 est
2603 5277 2818 5347 quantis
2846 5277 3034 5347 spatiis
3060 5277 3408 5332 obumbratio
3443 5277 3563 5345 ejus
3603 5277 3658 5329 in
3680 5290 3804 5329 aere

2211 5354 2565 5437 distenditur,
2599 5385 2722 5425 cum
2751 5369 2832 5425 sol
2864 5370 3115 5439 proprios
3143 5384 3333 5424 cursus
3358 5369 3469 5437 agit
3510 5368 3609 5422 sub
3640 5377 3800 5430 terra,

2290 5584 2317 5623 ι)
2346 5582 2486 5638 Editi
2516 5593 2572 5639 et
2593 5598 2743 5648 mss.,
2762 5583 3074 5655 'refutabant
3114 5600 3130 5638 :
3154 5584 3243 5638 ubi
3273 5585 3609 5655 suspicamur
3636 5582 3801 5655 scrip-

2210 5657 2345 5713 sisse
2376 5655 2737 5718 Eustathium,
2782 5654 3127 5725 repudiabant
3158 5672 3169 5707 :
3210 5670 3329 5709 cum
3361 5654 3620 5724 Scriptum
3648 5654 3799 5707 inve-

2209 5741 2422 5802 mantus
2465 5725 2604 5802 apud
2639 5724 2931 5802 Basiliam,
2962 5734 3307 5802 παρῃτοῦντο.
3350 5725 3640 5794 Aliquanto
3682 5729 3799 5794 post

2205 5794 2367 5851 (ζου).
2405 5794 2689 5861 secundus,
2721 5812 2785 5850 est
2814 5808 2894 5847 me
2918 5794 3043 5866 ipse.
