4110 6336
317 315 420 373 9ι7

1300 317 1700 375 HEXAEMERI
1742 317 2224 379 METAPHRASIS
2262 322 2457 399 11111111
2496 325 2583 383 IX.

3489 326 3605 385 958'

317 431 407 500 qui
449 444 571 484 Cum
612 429 750 486 luna?
786 429 1246 500 propinquarent.
1295 428 1514 485 luminis
1556 431 1604 484 ei
1634 429 1900 485 defectum
1930 434 1979 495 Α
2011 434 2219 490 tiuntur
2247 437 2529 506 originem.
2564 437 2760 510 Ejiriat
2788 448 2926 494 terra
2951 457 3182 495 nmmum
3208 441 3388 494 virum.
3422 438 3591 494 ἰοί-011-

317 527 553 591 pt‘mstal.
588 520 664 577 De
706 521 901 590 quibus
926 519 1173 577 omnibus
1209 521 1506 593 prudenter
1548 522 1637 577 ille
1662 522 1900 587 reticuit,

314 613 489 669 sciens
514 613 717 668 inutilia
745 612 899 670 nobis
937 613 1125 669 haberi
1160 628 1282 684 qua:
1323 613 1388 668 ad
1417 629 1519 669 nos
1542 612 1762 668 minime
1780 628 1905 683 per-

314 707 560 762 tinerent.
599 706 724 762 ideo
753 721 823 761 ne
849 716 872 743 ⁸
902 705 1166 762 debemus
1193 707 1358 762 verba
1391 705 1693 778 spiritualia
1713 704 1902 761 viliora

313 816 435 857 esse
481 799 785 857 vanissimis
824 800 1271 873 philosophorum
1322 799 1709 857 assertionibus
1754 798 1902 852 arbi-

311 892 445 946 trari
471 935 489 961 ,
529 901 584 947 et
629 908 739 948 non
767 888 1071 962 glorificare
1117 892 1296 963 potius
1326 891 1496 948 Deum
1526 892 1619 963 qui
1658 898 1902 947 nostram

310 991 548 1039 mentem
596 980 882 1055 superﬂuis
926 983 1143 1055 Quidem
1190 984 1579 1055 quiestionibus
1618 982 1898 1048 liberavit,

311 1073 382 1130 ad
430 1074 741 1132 excitandas
786 1090 920 1132 vero
948 1075 1393 1145 :udillcandasque
1438 1087 1655 1131 nostras
1696 1076 1903 1129 animas

208 1154 219 1161 ’
308 1166 577 1238 prolicere
606 1175 799 1223 cuncta
823 1166 1130 1239 disposuit?
1159 1166 1313 1225 Unde
1340 1168 1593 1224 videntur
1617 1167 1750 1223 mihi
1777 1166 1900 1237 qui-

309 1262 434 1316 dam
464 1278 646 1318 rerum
680 1263 873 1333 ignari,
906 1262 1307 1318 seductionibus
1331 1263 1510 1333 pravis
1548 1271 1602 1317 et
1630 1260 1894 1317 suasioni-

306 1352 409 1410 bus
422 1352 567 1409 falsis
581 1354 729 1421 eniti,
745 1369 855 1424 quo
883 1351 1131 1425 possintb
1157 1353 1460 1409 honestatis
1479 1351 1773 1423 quemdam
1803 1365 1898 1407 co-

307 1444 499 1513 lorem,
529 1460 629 1517 per
656 1455 970 1515 argumenta
1000 1444 1237 1517 propria,
1261 1436 1455 1501 divinis
1482 1444 1778 1516 Scripturis
1802 1444 1901 1499 ob-

306 1536 525 1594 ducere.
572 1536 726 1606 Quod
768 1538 896 1619 quid
936 1538 1080 1594 aliud
1121 1539 1526 1608 intelligendum
1568 1546 1689 1605 est,
1738 1550 1899 1607 quam

305 1630 666 1701 sapientiores
693 1645 752 1686 se
780 1644 902 1686 esse
924 1629 1060 1686 tales
1089 1630 1336 1686 homines
1358 1630 1539 1685 verbis
1568 1627 1901 1701 spiritalibus

305 1721 566 1793 profiteri,
597 1736 800 1792 suaque
828 1720 997 1791 magis
1025 1721 1168 1778 dicta
1197 1721 1300 1776 sub
1328 1728 1600 1792 praetextu
1625 1720 1896 1790 interpre-

2007 528 2104 586 des
2138 545 2328 585 omnes
2358 539 2586 587 terrente
2621 542 2766 598 sunt,
2811 535 2882 589 ob
2911 534 3014 588 hoc
3042 533 3366 589 inclinantur
3388 529 3457 585 ad
3484 540 3593 586 ter-

2006 640 2140 679 ram.
2191 625 2299 681 Sed
2348 628 2451 682 alia
2510 637 2591 683 cst
2632 626 2657 664 ά
2707 629 2887 699 planta
2934 628 3169 683 emlestis
3224 627 3385 680 homo
3435 642 3449 678 :
3497 625 3601 694 qui

2008 727 2267 787 quantum
2294 718 2477 773 habitu
2504 718 2703 794 figuras,
2732 727 2939 775 tantum
2964 719 3224 789 dignitate
3251 716 3415 771 distat
3436 731 3466 769 a
3493 729 3593 785 pe-

2008 809 2244 864 coribus.
2297 819 2319 847 ε
2351 809 2571 866 111οτ11111
2602 810 2765 866 facies
2792 811 3045 875 deorsum
3078 809 3239 875 flexa,
3271 816 3596 876 uterumque

2005 906 2354 968 prospectat,
2400 908 2456 955 et
2511 900 2657 971 quod
2706 900 2822 971 ejus
2875 900 3079 956 libidini
3131 898 3426 970 jucundum
3468 906 3593 964 est,

2006 988 2113 1044 hoc
2159 996 2397 1045 sectatur
2444 1010 2455 1043 :
2496 1000 2644 1046 tuum
2676 998 2808 1047 ver’o
2854 1000 3015 1063 caput
3051 992 3119 1046 ad
3148 990 3343 1046 0111111111
3381 1003 3627 1059 semper.

2006 1082 2247 1153 erigitur,
2287 1083 2427 1137 oculi
2460 1084 2535 1138 tui
2563 1098 2795 1154 superna
2822 1084 3137 1154 respiciunt.
3168 1081 3273 1137 Sed
3299 1081 3345 1139 si
3376 1089 3431 1135 tu
3461 1095 3596 1151 quo-

2006 1188 2112 1243 que
2152 1175 2398 1244 corporis
2434 1183 2489 1230 te
2520 1177 2884 1246 voluptatibus
2924 1173 3246 1235 foedaveris,
3292 1169 3596 1227 obediendo

2006 1264 2156 1320 luxui
2183 1266 2408 1329 ventris,
2435 1274 2489 1321 et
2519 1266 2861 1322 inferioribus
2888 1265 3006 1334 ejus
3030 1265 3293 1335 partibus,
3320 1275 3596 1331 compara-

2014 1366 2095 1410 tua
2135 1374 2190 1411 es
2225 1360 2474 1429 jumeutis
2521 1358 2943 1422 ittacnsibt'lilms,
2982 1366 3033 1411 et
3059 1356 3245 1411 similia
3290 1354 3397 1409 illis
3427 1354 3594 1423 factu

2008 1446 2181 1513 (Psal.
2212 1464 2393 1514 xcvm,
2425 1447 2540 1517 15).
2573 1448 2641 1502 'At
2669 1464 2799 1503 vero
2829 1447 2923 1503 tibi
2948 1448 3049 1502 alia
3077 1445 3379 1503 sollicitudo
3407 1443 3594 1498 nimis-2

2004 1556 2110 1610 que
2162 1541 2358 1596 decora
2410 1550 2492 1596 est
2547 1540 2820 1611 quaerendi
2875 1540 3119 1595 sublimia
3144 1582 3159 1606 ,
3222 1540 3313 1595 ubi
3366 1538 3596 1593 habetur

2003 1628 2249 1687 Christus
2294 1631 2428 1703 (Col.
2460 1648 2556 1699 111,
2604 1631 2678 1701 1).
2722 1631 2991 1686 Convenit
3027 1631 3171 1686 enim
3200 1631 3361 1686 altius
3385 1637 3439 1685 te
3465 1627 3594 1684 ferri

2004 1727 2375 1793 terrestribus,
2406 1735 2466 1782 ut
2486 1726 2761 1796 quomodo
2785 1734 2944 1781 natus
2972 1741 3051 1794 es,
3082 1725 3158 1779 ita
3188 1724 3458 1795 propriam
3485 1722 3596 1778 dis-

308 1813 533 1869 talionis
561 1814 838 1869 astruere?
866 1812 1208 1884 Quapropter
1237 1821 1295 1867 ut
1334 1812 1594 1883 scriptum
1624 1818 1707 1866 est
1749 1811 1903 1865 inlcl-
1929 1810 1981 1874 Β
2005 1829 2179 1885 ponas
2203 1817 2389 1872 vitam.
2412 1816 2766 1873 Conrersatio
2794 1826 2885 1873 tua
2915 1816 2987 1872 sit
3011 1817 3065 1871 in
3093 1815 3232 1871 ctelo
3262 1813 3482 1887 (Philip.
3513 1828 3595 1879 111,

306 1904 504 1976 ligatur
536 1923 549 1958 :
587 1904 779 1976 Ejiciat
809 1914 949 1960 terra
974 1907 1206 1960 animant
1235 1906 1396 1960 vivam
1425 1903 1675 1976 pecudum
1702 1912 1751 1958 et
1780 1903 1897 1958 bes-

307 2000 497 2055 tiaram
528 2010 578 2054 et
604 2009 926 2073 serpentum.
1784 2066 1797 2080 .

372 2092 428 2148 2.
471 2091 704 2148 Adverte
749 2092 909 2163 igitur
955 2090 1051 2147 Dei
1087 2093 1312 2148 verbum
1371 2106 1595 2148 currens
1640 2106 1741 2163 per
1776 2106 1897 2149 om-

306 2203 428 2242 nem
453 2192 776 2242 creaturam.
801 2183 956 2253 Quod
982 2183 1201 2255 quidem
1228 2184 1357 2240 olim
1380 2185 1545 2255 0111ρὶ1
1568 2203 1581 2238 :
1603 2184 1699 2240 sed
1719 2198 1893 2253 usque

307 2293 448 2334 nunc
476 2285 733 2350 operatur
762 2284 817 2333 et
841 2285 1097 2349 properat
1126 2277 1195 2332 ad
1224 2277 1402 2344 linem,
1444 2277 1617 2333 donec
1646 2291 1901 2333 consum-

307 2372 605 2441 mationem
633 2369 863 2426 mundus
892 2370 1144 2440 accipiat.
1176 2369 1327 2425 Sicut
1355 2368 1498 2426 enim
1536 2369 1645 2440 pila
1674 2384 1796 2424 cum
1832 2368 1900 2423 ab

308 2463 488 2533 aliquo
525 2462 683 2517 fuerit
731 2458 989 2532 impulsa,
1023 2477 1143 2517 cum
1174 2462 1345 2532 spatia
1377 2460 1584 2517 devexa
1613 2460 1897 2531 repererit,

311 2553 423 2623 ipsa
469 2553 551 2609 sui
592 2552 963 2618 volubilitate,
1014 2553 1227 2623 locique
1274 2554 1616 2624 proclivitate
1659 2552 1902 2608 velocius

309 2643 526 2699 incitata
557 2643 857 2715 perfertur,
904 2660 1005 2700 nec
1026 2644 1177 2715 prius
1208 2653 1354 2700 stare
1389 2644 1610 2715 poterit,
1641 2658 1804 2713 quam
1833 2640 1902 2696 ad

311 2735 466 2806 plana
496 2736 820 2801 descendat,
856 2736 929 2791 ita
970 2744 1161 2790 natura
1189 2752 1370 2792 rerum
1414 2737 1508 2792 Dei
1537 2737 1902 2807 przeceptione

311 2832 602 2889 commota,
637 2824 967 2879 nascentium
998 2824 1456 2895 morientiumque
1485 2824 1745 2882 facturam
1773 2840 1900 2895 pas-

308 2915 406 2969 sim
450 2923 741 2985 penetrans
766 2957 780 2983 ,
812 2914 1235 2985 uniuscujusque
1279 2917 1494 2985 generis
1531 2917 1775 2971 sobolem
1806 2932 1905 2986 per

309 3003 709 3060 similitudinem
756 3006 836 3060 sui
869 3005 1105 3062 custodit
1132 3007 1441 3076 mqualiter,
1474 3007 1649 3063 donec
1694 3007 1765 3062 ad
1793 3015 1904 3063 sta-

310 3107 483 3152 tutum
512 3097 801 3155 terminum
823 3097 1002 3152 valeat
1027 3098 1331 3168 pervenire.
1362 3096 1574 3169 Equum
1602 3098 1747 3154 enim
1775 3098 1906 3154 facit

2004 1907 2118 1977 20),
2148 1924 2277 1964 vera
2310 1910 2406 1964 tibi
2450 1911 2622 1980 patria
2650 1917 2738 1965 est
2774 1910 3025 1981 superior
3050 1906 3385 1964 Hierusalem
3405 1948 3422 1973 ,
3451 1906 3596 1961 cives

2004 2008 2061 2054 et
2107 2000 2322 2056 sodales
2379 2002 2549 2058 habes
2600 2001 2992 2072 primugenitos
3041 1999 3306 2070 ascriptus
3352 1998 3406 2053 in
3458 1996 3595 2055 caelo

2006 2091 2197 2163 (Hebr.
2228 2108 2323 2158 1111,
2355 2093 2433 2163 2).

2077 2182 2128 2235 3.
2164 2180 2362 2253 Ejict'nt
2407 2191 2545 2237 terra
2567 2185 2804 2237 animum
2849 2184 3037 2238 vivam.
3086 2181 3252 2253 Igitur
3293 2178 3596 2250 quadrupe-

2004 2273 2132 2328 dqu
2183 2276 2357 2329 anima
2383 2317 2398 2340 ,
2448 2291 2556 2331 11011
2601 2275 2729 2330 011111
2775 2276 2876 2332 sub
2920 2284 3065 2332 terra
3106 2276 3375 2347 reposita,
3417 2275 3597 2331 subito

2005 2374 2134 2420 tunc
2164 2366 2336 2435 ejecta
2377 2367 2648 2437 prosiluit,
2678 2366 2772 2422 sed
2799 2367 2957 2423 simul
2990 2376 3172 2423 creata
3199 2375 3283 2422 est
3310 2381 3429 2423 cunt
3453 2381 3595 2436 prse-

2005 2464 2187 2526 cepto.
2237 2455 2352 2511 Una
2392 2467 2476 2513 est
2522 2458 2625 2513 illis
2654 2458 2848 2523 anima,
2881 2466 2936 2514 et
2962 2458 3127 2514 decor
3147 2458 3323 2514 omnis
3351 2458 3404 2513 in
3430 2454 3597 2527 ﬁgura

2012 2545 2032 2584 ί
2067 2547 2279 2602 locatus
2314 2567 2327 2601 :
2379 2537 2801 2619 pioprietatibus
2828 2549 2992 2608 variis
3033 2548 3254 2620 singula:
3280 2549 3597 2605 discernun-

2007 2648 2115 2693 tur.
2144 2639 2316 2694 Boves
2338 2653 2530 2710 gravcs
2557 2650 2703 2708 sunt,
2736 2650 2799 2696 et
2819 2650 3155 2709 constantes,
3184 2640 3320 2697 asini
3351 2639 3595 2707 hebetes,

2005 2734 2167 2789 calidi
2202 2734 2328 2803 equi
2368 2734 2636 2789 desiderio
2681 2734 3021 2789 feminarum.
3056 2735 3239 2804 Lupus
3279 2733 3592 2797 indomitus,

2005 2827 2195 2895 vulpes
2220 2825 2411 2881 dolosa
2435 2866 2449 2890 ,
2500 2841 2694 2881 cervus
2736 2825 2995 2891 timidus,
3039 2826 3309 2881 laboriosa
3353 2824 3597 2894 formica,
3628 2890 3637 2897 _

2005 2914 2285 2984 gratilicus
2324 2916 2502 2979 canis,
2550 2924 2606 2970 et
2634 2930 2843 2971 memor
2867 2915 3136 2981 amicitite,
3160 2915 3598 2987 singularumque

2007 3006 2378 3087 nativitatibus
2426 3022 2653 3089 morum.
2668 3008 2832 3063 etiam
2879 3008 3172 3078 qualitates
3198 3017 3397 3079 aptata:
3433 3016 3597 3075 sunt,

2007 3097 2148 3153 sicut
2189 3096 2465 3152 iracundia
2503 3107 2866 3167 congenerata
2908 3099 3053 3155 leoni
3099 3106 3182 3155 est
3207 3136 3223 3161 ,
3270 3107 3327 3155 et
3365 3096 3599 3153 solitudo

311 3205 450 3260 equo
496 3187 821 3254 succedere,
866 3197 921 3243 et
953 3188 1168 3244 leonem
1198 3189 1362 3252 leoni,
1393 3198 1449 3244 et
1478 3188 1715 3259 aquilam
1747 3191 1905 3259 aqui-
1932 3191 1980 3257 ε
2010 3190 2442 3245 conversationis
2463 3231 2479 3254 ,
2519 3189 2883 3260 similiumque
2921 3191 3131 3246 vitatio.
3176 3189 3309 3245 Nam
3338 3189 3486 3244 velut
3516 3197 3600 3259 ty.-
3645 3234 3655 3244 .

311 3280 410 3347 lae,
456 3288 512 3335 et
538 3279 777 3349 singulas
820 3280 1139 3342 animantes,
1172 3281 1515 3352 sequentium
1560 3282 1907 3338 successione

312 3379 547 3437 servata,
574 3384 748 3440 usque
778 3370 845 3425 ad
888 3368 1048 3426 linem
1092 3385 1275 3441 rerum
1321 3372 1564 3427 omnium
1589 3373 1907 3442 exitumque

311 3460 575 3534 perducit.
624 3460 838 3516 Nullum
887 3461 1030 3516 enim
1062 3468 1276 3533 tempus
1313 3462 1516 3518 valebit
1542 3464 1908 3533 proprietates

312 3551 665 3606 animantium
691 3559 1052 3620 commutare,
1080 3552 1177 3607 sed
1213 3560 1474 3622 tauquam
1502 3569 1676 3623 nuper
1703 3554 1908 3609 consti-

313 3650 427 3696 tuta
459 3650 649 3697 natura
682 3642 773 3706 sit,
807 3641 880 3696 ita
908 3658 1101 3699 recens
1138 3643 1312 3699 fertur
1337 3660 1460 3699 cum
1486 3653 1750 3714 tempore.
1784 3644 1903 3716 Eji-

314 3736 591 3805 ciatjerra
636 3736 865 3791 animam
893 3738 1077 3791 vitam.
1111 3736 1237 3792 llan
1261 3727 1562 3807 'prtcceptio
1608 3739 1806 3793 mansit
1849 3738 1905 3793 in

313 3838 456 3884 terra
481 3871 496 3895 ,
536 3838 591 3885 et
631 3829 936 3885 nullatenus
964 3827 1271 3883 famulando
1304 3839 1327 3867 ε
1373 3828 1571 3883 desinit
1598 3826 1900 3884 Conditori.

314 3920 477 3977 Certa
526 3921 671 3976 enim
700 3935 768 3975 ex
794 3934 984 3976 eorum
1022 3920 1344 3990 posteritate
1382 3935 1504 3990 qua:
1549 3921 1724 3991 prima
1761 3919 1904 3977 facta

315 4022 459 4080 sunt,
488 4013 635 4070 nasci
666 4028 774 4069 non
798 4012 1021 4069 dubium
1042 4020 1143 4078 est,
1175 4013 1280 4067 alia
1305 4012 1374 4067 de
1400 4021 1543 4068 terra
1568 4028 1712 4068 nunc
1739 4013 1905 4068 etiam

315 4105 533 4161 formari
561 4112 615 4161 et
644 4104 904 4160 viviﬁcari
930 4104 1316 4175 conspicimus.
1368 4102 1485 4159 Non
1514 4104 1661 4158 enim
1682 4102 1900 4159 cicadas

316 4199 489 4255 solum
516 4209 585 4253 ex
628 4196 889 4253 imbribus
918 4197 1090 4266 rigata
1119 4195 1386 4266 producit,
1415 4195 1502 4251 vel
1537 4195 1642 4250 alia
1671 4194 1902 4265 plurima

316 4293 613 4348 volatilium
652 4291 849 4357 millia,
880 4304 1111 4369 quorum
1140 4289 1376 4347 maxima
1402 4303 1528 4360 pars
1570 4297 1794 4359 propter
1819 4288 1905 4344 sui

316 4387 633 4442 tenuitatem
654 4384 932 4441 vocabulis
958 4390 1141 4449 caret;
1165 4381 1261 4438 sed
1280 4383 1445 4437 etiam
1468 4397 1651 4439 mures
1674 4388 1905 4436 etranas

316 4497 384 4537 ex
428 4488 576 4536 terra
607 4479 859 4548 generari
883 4477 1148 4533 videmus.
1182 4476 1426 4547 Denique
1470 4479 1523 4533 in
1571 4475 1904 4548 Egyptiacis

1994 3295 2215 3336 .raanus
2241 3281 2460 3350 quidam
2507 3276 2831 3347 bestiarum,
2875 3283 3008 3337 vitio
3048 3282 3312 3353 superbiae
3340 3269 3600 3336 naturalis

2007 3373 2183 3429 elatus
2226 3372 2426 3442 refugit
2467 3374 2696 3428 aliorum
2742 3375 3202 3430 consociationem
3227 3413 3242 3439 ,
3287 3389 3388 3430 nec
3416 3375 3601 3443 quoti-

2008 3464 2174 3520 diano
2202 3466 2328 3520 cibo
2357 3465 2615 3534 pascitur,
2649 3466 2895 3536 quamvis
2923 3466 3177 3535 reliquias
3198 3481 3308 3521 sum
3337 3458 3600 3536 captionis

2008 3557 2224 3612 adierit.
2258 3557 2395 3612 Huic
2424 3557 2647 3612 nimium
2695 3557 2898 3627 grande
2927 3558 3072 3612 vocis
3102 3557 3457 3613 ministerium
3498 3572 3599 3611 na-

2009 3660 2129 3705 tura
2161 3651 2457 3721 perhibuit,
2486 3650 2623 3706 111100
2652 3657 2712 3705 ut
2739 3658 2901 3707 eet-tte
2938 3649 3318 3721 quadrupedes
3342 3665 3462 3706 cum
3490 3649 3600 3704 sint

2007 3758 2167 3797 cursu
2214 3742 2550 3811 velociores,
2593 3743 2771 3812 rugitu
2818 3742 2936 3812 ejus
2982 3742 3275 3812 pavefacta:
3323 3741 3597 3796 deliciant.

2008 3833 2217 3889 'l‘orvus
2244 3841 2327 3888 est
2357 3833 2576 3903 pardus,
2616 3842 2672 3887 et
2698 3842 2890 3887 acutus
2932 3833 2983 3886 in
3016 3833 3219 3903 impetu
3247 3830 3599 3888 conveniens-

2005 3940 2113 3994 que
2142 3924 2307 3979 animi
2353 3924 2436 3978 sui
2485 3923 2720 3980 motibus
2761 3924 2924 3978 habet
2962 3938 3180 3993 corpus.
3213 3920 3470 3978 111-80111111
3509 3937 3599 3977 se-

2005 4016 2163 4085 gnior
2190 4024 2380 4069 natura
2401 4023 2503 4081 est,
2535 4029 2689 4069 mens
2716 4030 2928 4085 aspera,
2955 4013 3204 4080 subdola,
3229 4023 3284 4070 et
3314 4030 3422 4069 11011
3453 4024 3478 4061 κ
3505 4016 3598 4069 mi-

2006 4124 2108 4165 nus
2133 4109 2287 4172 setis,
2326 4123 2490 4177 quam
2517 4108 2787 4164 simultate
2827 4116 3098 4173 contecta.
3131 4107 3283 4175 Quod
3314 4108 3359 4163 si
3386 4104 3597 4163 sermo-

2007 4214 2135 4255 nem
2168 4199 2330 4255 latius
2358 4200 2731 4265 extendentes,
2762 4199 3094 4255 voluerimus
3131 4213 3374 4257 asserere
3398 4207 3598 4267 quanta

2009 4291 2193 4349 multis
2241 4291 2564 4355 anitualibus
2609 4290 2888 4360 diligentia
2937 4289 3320 4346 conservanda:
3366 4291 3598 4361 propri-.1:

2006 4384 2196 4440 salutis
2215 4384 2335 4441 sine
2360 4383 2679 4454 cujusquam
2707 4384 2998 4440 traditione
3025 4384 3353 4455 suppeditet,
3374 4382 3599 4439 fortasse

2007 4477 2227 4547 quidem
2252 4477 2598 4535 incitabimur
2617 4491 2743 4546 erga
2766 4476 3001 4534 studium
3019 4485 3220 4532 nostra:
3243 4476 3557 4532 munitionis
3581 4491 3595 4528 :

316 4574 516 4631 Thebis
539 4614 554 4639 ,
602 4573 648 4629 si
676 4572 886 4644 pluvias
911 4570 1171 4640 iurgium
1197 4572 1387 4626 aestivo
1416 4578 1658 4642 tempore
1681 4569 1901 4637 fuderit,
1932 4578 1982 4639 ι)
2006 4570 2104 4627 sed
2127 4585 2324 4627 vereor
2350 4585 2422 4641 ne
2462 4570 2514 4640 111
2555 4568 2873 4625 mmulandis
2898 4583 3114 4639 quoque
3140 4567 3324 4621 bestiis
3364 4566 3598 4633 minores

314 4660 453 4721 111011⁷
483 4665 701 4721 inlinitis
730 4662 971 4718 muribus
999 4661 1146 4731 regio
1173 4670 1284 4717 tota
1310 4662 1628 4731 completur.
1677 4660 1899 4731 Anguil-

314 4761 394 4815 las
415 4763 578 4815 etiam
608 4774 717 4814 non
745 4757 903 4812 aliter
933 4756 1032 4810 nisi
1062 4755 1130 4811 de
1171 4770 1328 4810 emno
1356 4754 1503 4809 nasci
1541 4753 1899 4808 certissimum

314 4862 416 4919 est,
447 4866 673 4923 quarum
716 4864 886 4918 genus
924 4862 1027 4903 nec
1051 4862 1234 4912 ovum,
1267 4861 1367 4902 nec
1393 4847 1532 4902 alter
1559 4846 1751 4915 aliquis
1777 4861 1901 4915 par-

315 4954 401 5000 tus
437 4943 717 5006 instaurat,
757 4936 851 4994 sed
879 4946 937 4991 ut
962 4937 1217 4991 diximus.
1247 4934 1316 4991 de
1344 4936 1482 4989 'limo
1510 4934 1759 5004 gignendi
1784 4951 1903 4991 sor-
1927 4944 1948 4969 σ

385 5093 410 5120 ι
442 5081 596 5138 Colb.
642 5076 939 5140 secundus,
978 5074 1162 5128 ideonc
1185 5091 1328 5144 ergo.
1370 5072 1734 5144 Ibidemimss.
1767 5075 1895 5143 duo,

315 5154 494 5211 viliora
532 5166 660 5205 esse.
693 5147 825 5203 illud
853 5162 973 5201 esse
995 5145 1181 5199 aberat
1213 5143 1257 5198 a7
1274 5143 1523 5212 vulgatis.
1557 5143 1710 5200 Haud
1740 5146 1900 5215 longe

315 5222 478 5300 Colb;
500 5220 765 5300 secundus
786 5216 1033 5300 perﬁcere
1056 5223 1239 5300 cuncta
1264 5215 1533 5300 t'iis‘posuit.

386 5295 411 5333 ιι
439 5291 602 5355 Editi,
636 5284 916 5358 honestatis
945 5286 1222 5358 quondam.
1267 5284 1412 5339 Libri
1440 5294 1674 5351 veteres,
1705 5287 1896 5358 (tones-

318 5366 438 5420 tatis
466 5362 753 5437 quemdam.
787 5357 919 5437 Illud
958 5356 1015 5411 se
1040 5358 1183 5437 quod
1231 5370 1370 5437 mos‘
1385 5357 1629 5437 sequitur
1657 5356 1897 5437 additum

317 5446 401 5491 est
442 5424 506 5490 ei
534 5433 685 5487 libris
721 5430 1014 5485 veteribus.
1052 5424 1293 5483 Subinde
1330 5424 1485 5481 Colb.
1514 5428 1802 5492 secundus,
1846 5438 1898 5482 et

319 5523 429 5561 cum
458 5503 647 5561 spatia.

392 5587 414 5616 ε
446 5566 605 5640 Editi,
632 5572 848 5625 desinet.
876 5567 1019 5622 Libri
1038 5567 1264 5640 antiqui,
1296 5566 1502 5622 desinit.

388 5643 413 5682 δ
454 5638 605 5699 Colb.
638 5639 923 5703 secundus,
957 5638 1047 5690 sed
1067 5638 1219 5692 aliter
1248 5645 1324 5690 est
1347 5652 1412 5690 ea:
1451 5647 1641 5691 natura
1680 5638 1901 5692 coelestia

319 5716 487 5771 homo.
524 5713 636 5767 sed
660 5713 767 5781 jam
808 5708 1113 5781 notavimus
1155 5706 1325 5761 videri
1372 5706 1646 5761 librarium
1687 5722 1750 5761 ea
1779 5723 1900 5781 quaj.

320 5784 550 5845 habebat
578 5777 904 5853 exemplaria
947 5790 1056 5831 non
1093 5790 1307 5846 semper
1331 5785 1571 5833 secutum
1601 5792 1724 5833 esse
1756 5796 1769 5833 :
1799 5777 1898 5833 sed

1994 5572 2147 5624 setis.
2180 5570 2288 5625 Nec
2318 5572 2388 5624 ita
2416 5572 2583 5623 multo
2608 5579 2729 5638 post
2753 5568 2901 5627 editi.
2937 5569 3157 5638 fortasse

2014 4676 2135 4716 esse
2151 4662 2454 4717 credamur.
2483 4659 2652 4715 Ursus
2668 4660 2851 4716 lethali
2870 4660 3092 4713 vulnere
3121 4673 3262 4727 saepe
3290 4656 3597 4722 transﬁxus,

2017 4754 2266 4815 omnibus
2294 4754 2463 4807 utitur
2490 4752 2962 4814 machinamentis,
3006 4756 3063 4803 ut
3089 4764 3147 4804 se
3175 4763 3364 4804 curare
3393 4764 3597 4819 111101νο-

2011 4844 2139 4910 leat,
2182 4843 2351 4897 herba
2379 4842 2647 4913 111-1110111110
2673 4842 2902 4911 quadam
2930 4850 3120 4897 natura
3148 4840 3374 4896 sicciore
3414 4840 3598 4910 plagas

2014 4937 2260 5008 proprias
2288 4934 2597 5005 oppilando.
2630 4934 2829 5004 Vulpes
2855 4934 3018 4989 etiam
3044 4931 3377 5003 frequentius
3392 4932 3596 5002 depre-

2008 5091 2155 5147 eum,
2187 5092 2308 5147 cum
2347 5075 2451 5145 ipsi
2480 5085 2699 5147 recepta
2728 5077 2889 5133 lectio
2918 5093 3024 5133 non
3057 5075 3394 5147 probaretur,
3439 5072 3597 5128 aliter

2010 5146 2078 5202 ad
2107 5146 2385 5217 arbitrium
2408 5146 2709 5217 scripsisse.
3064 5146 3071 5147 ί
3254 5215 3265 5217 _
3294 5215 3303 5217 4
3332 5163 3338 5169 '

2083 5228 2106 5254 ο
2134 5216 2359 5272 Veteres
2381 5213 2551 5273 nostri
2584 5219 2722 5284 libri,
2754 5218 2961 5273 illarum
2988 5218 3190 5289 facies:
3217 5215 3327 5280 ubi,
3359 5213 3401 5267 si
3426 5213 3497 5289 ita
3526 5213 3593 5275 lc-

2007 5302 2123 5356 gas,
2170 5304 2276 5342 vox
2311 5288 2562 5356 pecudum
2596 5290 2833 5359 suppleri
2872 5285 3069 5359 potest.
3118 5286 3237 5340 Mox
3279 5285 3445 5340 nostri
3486 5293 3593 5341 tres

2008 5365 2173 5431 mss,
2192 5361 2424 5431 corporis
2462 5369 2515 5431 te,
2536 5362 2811 5431 voluptate.

2084 5429 2103 5468 ί
2135 5429 2289 5484 Colb.
2319 5430 2607 5494 secundus,
2638 5429 2856 5485 locatur.

2079 5510 2105 5547 ε
2133 5498 2297 5566 Ε11111,
2325 5511 2374 5553 et
2402 5499 2739 5555 minitantis.
2774 5497 2917 5551 Libri
2942 5505 3169 5562 veteres,
3201 5509 3249 5552 et
3289 5514 3391 5553 non
3420 5498 3591 5552 minus

3249 5570 3433 5623 uadum
3461 5567 3591 5639 ξηρῆς
3658 5618 3670 5639 ι

2008 5641 2247 5713 labimus.
2283 5640 2351 5713 At
2370 5638 2533 5713 Coll);
2544 5636 2844 5713 §ecuntlus,
2876 5636 3099 5713 fortasse
3119 5636 3324 5713 quidem
3343 5636 3589 5713 i_nritt_t_bi_-

2003 5727 2140 5764 mar.
2172 5706 2420 5778 Legimus
2452 5710 2504 5763 in
2533 5707 2723 5764 Gnaeo
2746 5748 2761 5772 ,
2811 5706 3143 5778 κιιῖγβόμεθαξ
3170 5707 3409 5766 Subinde
3435 5706 3585 5776 editi,

2006 5781 2294 5834 credamus.
2328 5779 2473 5835 Libri
2502 5780 2729 5849 antiqui.
2763 5778 3051 5833 credamur.
