4110 6336
879 253 1018 271 am,”
1065 258 1164 312 τῇ
1195 246 1289 290 ἕ..
1304 244 1328 252 ..

524 345 631 402 959
1556 413 1559 415 _
1985 333 2347 394 EUSTATHII
3145 390 3150 396 .
3698 337 3799 399 θα)

520 465 696 528 hensa
719 469 818 523 est,
851 469 1014 512 succo
1037 449 1196 526 pineo
1225 451 1438 508 sibimet
1465 434 1764 525 remedium
1788 451 2098 506 contulisse.
2132 451 2180 512 Α
2210 453 2467 521 sapientia
2515 453 2681 523 ferini
2709 449 2880 522 (Paul.
2908 467 3028 517 CIII,
3072 450 3183 522 25).
3232 449 3372 520 Ergo
3409 468 3515 506 non
3564 451 3802 522 proderit

524 550 764 609 Testudo
805 560 984 605 autem
1024 566 1144 605 cum
1184 547 1441 618 viperinis
1478 545 1775 601 visceribus
1819 545 2107 614 ingluviem

521 646 726 703 ventris
754 642 1071 715 expleverit,
1103 641 1291 711 organi
1321 638 1680 695 medicamine
1709 639 1853 708 quod
1883 646 1966 693 est
1999 652 2110 691 ser-

526 739 776 796 ventibus
822 735 1152 792 contrarium
1179 776 1194 804 ,
1242 741 1450 804 pestem
1497 731 1756 787 venenosi
1793 730 1898 786 cibi
1946 728 2115 784 fertur

527 831 782 903 effugere.
806 830 1040 887 Coluber
1056 844 1189 884 vero
1208 827 1424 884 dolores
1443 825 1791 895 gravissimos
1811 823 2113 892 oculorum,

520 925 814 981 feniculum
833 922 1088 994 depastus
1102 921 1413 989 exstinguit.
1437 918 1570 974 Nam
1592 917 1933 991 przescientia
1957 932 2116 988 pecu-

521 1018 651 1073 dum
679 1017 748 1072 de
774 1015 967 1071 futuris
984 1014 1105 1071 oreli
1132 1012 1538 1075 mutationibus,
1572 1019 1598 1048 ⁸
1621 1025 1783 1080 quam
1805 1025 1912 1064 non
1946 1009 2114 1063 ratio-

525 1111 760 1168 nabilem
796 1109 1134 1182 prudentiam
1179 1105 1412 1163 creditur
1440 1105 1732 1176 superare?
1762 1103 1948 1172 Itaque
1970 1101 2111 1171 ovis,

522 1201 868 1272 impendente
896 1201 1104 1264 hieme,
1137 1197 1360 1254 herbam
1397 1198 1570 1268 carpit
1595 1195 1819 1263 avidius,
1854 1203 2113 1265 tanquam

521 1296 750 1352 reficere
785 1311 844 1350 se
871 1294 1074 1362 largius
1108 1292 1351 1348 indicans
1379 1290 1445 1346 ad
1477 1289 1810 1346 tolerandam
1841 1305 1908 1345 ex
1935 1287 2112 1343 futura

509 1377 848 1457 tempestate
874 1385 1175 1455 penuriam.
1224 1381 1396 1438 Boves
1438 1389 1618 1436 autem
1648 1396 1771 1436 cum
1799 1380 2003 1436 diutius
2031 1380 2115 1434 in-

525 1473 659 1534 clusi
687 1487 933 1546 tempore
959 1475 1156 1530 fuerint
1183 1473 1440 1539 hiberno,
1479 1470 1945 1542 perturbationem
1975 1469 2114 1525 aeris

523 1570 754 1626 naturali
803 1569 1207 1640 prmsentientes
1250 1566 1558 1632 intellectu,
1614 1565 1682 1620 de
1725 1565 1939 1620 stabulo
1987 1563 2116 1619 foris

520 1663 682 1718 simul
711 1677 900 1717 omnes
928 1661 1199 1732 aspiciunt
1236 1667 1509 1714 mutantes
1538 1659 1764 1714 vultum.
1809 1657 1959 1712 Multi
1983 1672 2113 1713 sane

450 1817 453 1824 ,
521 1756 768 1812 homines
811 1755 1062 1810 cchinum
1113 1761 1424 1809 terrestrem
1472 1758 1824 1823 captaverunt
1873 1749 2113 1821 duplices

2215 541 2372 597 nobis
2392 542 2480 596 illa
2503 542 2817 612 satisfactio,
2845 559 2949 614 qua
2971 553 3221 615 putamus
3241 559 3499 600 excusare
3522 560 3622 599 nos
3647 561 3803 617 posse

2218 633 2478 701 dicentes,
2505 636 2724 692 minime
2752 636 2946 692 litteris
2975 637 3223 693 didicisse
3249 637 3395 708 quod
3414 639 3653 710 expedit,
3683 655 3803 696 cum

2214 727 2347 797 legis
2375 727 2684 798 magisterio
2712 728 2974 784 naturalis
3013 728 3334 786 electionem
3363 728 3574 784 utilium
3613 745 3805 802 peree-

2214 820 2356 890 pisse
2384 820 2691 876 credamur.
2724 819 2876 878 Nosti
2923 821 3067 877 enim
3099 829 3157 876 tu
3203 821 3405 877 bonum
3451 821 3597 891 quod
3630 820 3808 877 facere

2215 912 2434 972 debebis
2461 913 2514 968 in
2545 913 2882 985 proximum,
2914 922 2970 970 et
2998 913 3197 969 malum
3225 913 3370 983 quod
3399 912 3539 969 idem
3569 912 3714 969 nolis
3744 912 3810 969 ab

2215 1003 2583 1075 alioaperpeti.
2614 1003 2768 1060 Nulla
2799 1005 3003 1062 scilicet
3049 1021 3138 1062 ars
3182 1004 3458 1071 medendi,
3487 1020 3587 1061 nec
3613 1005 3810 1075 aliquis

2216 1113 2342 1153 usus
2362 1089 2649 1154 herbarum
2671 1099 2908 1154 remedia
2931 1101 3218 1171 pecoribus
3235 1100 3525 1170 quaarenda
3547 1109 3811 1155 monstra-

2215 1191 2320 1257 vit,
2353 1191 2449 1248 sed
2479 1192 2796 1250 naturaliter
2823 1194 3020 1249 animal
3049 1193 3468 1265 unumquodque
3493 1193 3647 1250 novit
3684 1209 3810 1264 pro—

2215 1286 2346 1357 priae
2365 1285 2525 1342 saluti
2548 1287 2856 1358 consulere,
2881 1294 2938 1344 et
2959 1286 3283 1344 ineffabilem
3307 1286 3640 1358 diligentiam
3661 1285 3810 1357 geni-

2216 1379 2323 1434 tiva
2349 1387 2570 1450 captare
2597 1379 2902 1450 prudentia.

2287 1469 2339 1524 4.
2372 1470 2510 1526 Sunt
2532 1468 2558 1509 ἀ
2591 1479 2771 1526 tamen
2799 1478 2853 1526 et
2879 1469 3024 1542 apud
3052 1486 3152 1527 nos
3183 1484 3383 1540 genera
3410 1469 3673 1527 nonnulla
3696 1469 3806 1525 vir-

2216 1568 2390 1616 tutum
2417 1579 2430 1616 :
2454 1577 2590 1632 quas
2629 1577 2738 1617 non
2778 1577 2845 1618 ex
2877 1563 3154 1618 hominum
3181 1559 3450 1630 doctrina,
3481 1561 3581 1618 sed
3609 1577 3683 1617 ex
3711 1577 3806 1615 na-

2217 1661 2349 1709 turae
2377 1653 2664 1711 traditione
2691 1655 2971 1711 sortimur.
2996 1654 3148 1711 Sicut
3175 1655 3318 1711 enim
3350 1653 3493 1710 nulla
3523 1670 3626 1709 nos
3654 1653 3805 1709 inst?-

2217 1749 2354 1804 tutio
2381 1759 2567 1806 monet
2586 1748 2763 1814 odisse
2788 1749 3123 1818 languorem,
3144 1748 3240 1806 sed
3266 1757 3624 1820 spontaneum
3644 1746 3804 1802 habe-

521 1864 780 1904 cavernas
805 1847 859 1902 in
907 1847 1018 1902 suis
1058 1845 1251 1902 fecisse
1294 1844 1578 1911 cubilibus,
1624 1852 1682 1899 ut
1727 1859 1849 1898 cum
1896 1841 2109 1898 flatibus
2138 1843 2187 1904 B
2213 1858 2332 1901 mus
2369 1857 2495 1913 erga
2524 1844 2704 1900 omnia
2731 1859 2851 1914 qua:
2880 1858 2979 1899 nos
3007 1843 3338 1903 contristare
3361 1842 3657 1898 creduntur
3671 1841 3805 1899 ,bor-

521 1943 789 2013 aquilonis
819 1950 1059 2009 urgetur,
1087 1939 1152 1995 ad
1182 1939 1473 1995 australem
1503 1952 1562 1993 se
1591 1936 1836 1993 conferat
1860 1944 2103 2008 partem;

520 2036 822 2105 iterumque
861 2050 985 2090 cum
1028 2042 1186 2089 notus
1237 2031 1544 2103 spiraverit,
1596 2020 1816 2086 boreale
1863 2029 2108 2085 foramen

522 2129 750 2199 aperiat.
782 2126 920 2194 Quid
948 2125 1110 2194 igitur
1139 2125 1298 2180 nobis
1342 2123 1649 2180 hominibus
1677 2137 1776 2193 per
1813 2121 1930 2176 hate
1955 2121 2107 2190 signa

519 2219 799 2288 Scriptura
827 2215 1129 2285 significat?
1157 2231 1267 2272 non
1296 2214 1472 2271 solum
1497 2223 1557 2269 ut
1594 2229 1691 2285 per
1729 2213 1908 2268 omnia
1937 2212 2109 2268 nostri

517 2310 791 2365 Creatoris
811 2317 1013 2380 quanta
1041 2309 1113 2364 sit
1139 2323 1264 2377 erga
1290 2323 1389 2363 nos
1417 2305 1749 2375 indulgentia
1778 2304 2109 2375 contemple-

517 2417 658 2467 mur,
690 2401 785 2457 sed
815 2402 978 2455 etiam
1003 2400 1430 2466 consideremus,
1463 2398 1589 2469 quia
1618 2413 1739 2454 cum
1768 2397 1933 2452 nimia
1963 2395 2107 2452 futu-

517 2508 701 2549 rorum
731 2493 1069 2564 providentia
1100 2493 1153 2548 in
1183 2493 1345 2548 mutis
1382 2491 1669 2563 pecoribus
1695 2489 1976 2558 habeatur,
2009 2504 2108 2545 nec

517 2588 705 2657 utique
735 2601 832 2640 nos
859 2573 1118 2640 debemus
1137 2585 1416 2656 praesentis
1435 2585 1558 2639 vita:
1586 2583 1953 2654 voluptatibus
1977 2597 2110 2638 con-

519 2679 826 2746 taminare,
872 2677 970 2732 sed
1019 2676 1373 2732 intentionem
1419 2685 1658 2732 nostram
1711 2675 1778 2730 ad
1824 2683 2109 2730 venturum

517 2769 769 2826 saeculum
797 2769 1092 2825 destinare.
1124 2768 1203 2824 Tu
1233 2785 1301 2825 ne
1331 2783 1462 2840 ergo
1494 2770 1657 2825 homo
1698 2785 1806 2824 non
1838 2769 2110 2825 laborabis

515 2863 571 2917 in
603 2863 706 2930 hoc
745 2861 969 2930 mundo,
1000 2870 1058 2918 ut
1097 2863 1270 2933 possis
1301 2863 1395 2916 tibi
1424 2861 1660 2917 subsidia
1689 2862 1887 2932 quietis
1915 2861 2108 2917 futurae

515 2968 799 3024 reponere,
829 2970 948 3011 cum
981 2953 1006 2992 δ
1033 2955 1218 3011 videas
1247 2955 1529 3011 formicam
1558 2955 1750 3010 hiemis
1786 2970 2103 3020 memorem,

505 3046 716 3100 .victum
759 3047 862 3101 sibi
891 3046 1129 3102 studiose
1171 3055 1414 3117 tempore
1440 3047 1614 3129 aetatis
1641 3048 1949 3124 attrahere?
1976 3047 2106 3115 Qum

517 3156 626 3194 non
659 3140 779 3194 ideo
807 3141 982 3195 minus
1010 3140 1234 3210 diligens
1262 3148 1376 3204 est,
1407 3141 1533 3210 quia
1582 3141 1818 3196 nondum
1863 3129 2100 3213 pericula

2210 1949 2418 2000 rorem;
2458 1935 2537 1990 sic
2575 1942 2631 1990 et
2670 1934 2852 1990 animo
2879 1933 3123 1988 naturale
3165 1933 3351 1988 subest
3376 1931 3613 1988 ofﬁcium
3643 1932 3799 1987 noxia

2211 2023 2502 2080 declinare.
2533 2024 2705 2080 Omne
2745 2034 2922 2080 autem
2957 2035 2980 2062 υ
3025 2023 3226 2080 malum
3260 2022 3481 2079 morbus
3508 2031 3593 2077 est
3619 2022 3801 2088 animi,

2209 2116 2384 2174 virt‘us
2411 2126 2593 2174 autem
2621 2118 2889 2174 rationem
2920 2118 3169 2173 sanitatis
3196 2124 3470 2188 apportat.
3495 2113 3652 2170 Unde
3673 2115 3811 2170 bene

2210 2211 2429 2282 quidam
2449 2220 2774 2280 statuerunt,
2794 2221 3098 2268 asserentes
3117 2210 3401 2266 sanitatem
3421 2223 3543 2265 esse
3563 2216 3812 2263 motuum
3889 2274 3896 2282 ε

2212 2303 2538 2360 naturalium
2561 2293 2940 2360 constantiam.
2965 2301 3119 2371 Quod
3149 2303 3312 2358 etiam
3341 2302 3396 2357 in
3424 2300 3590 2356 animi
3621 2300 3812 2370 vigore

2210 2396 2511 2468 profitendo
2531 2397 2652 2467 quis
2672 2412 2780 2453 non
2799 2396 3126 2466 iudicabitur
3145 2397 3364 2452 errare?
3385 2394 3479 2451 Sui
3501 2395 3649 2450 enim
3673 2409 3816 2450 sema

2212 2507 2310 2562 per
2321 2497 2582 2562 appetens
2601 2498 2684 2546 est
2701 2489 3019 2545 naturaliter
3033 2487 3245 2543 animus
3263 2507 3276 2541 :
3295 2486 3527 2558 ideoque
3541 2485 3815 2542 laudanda

2213 2583 2566 2656 prudentibus
2590 2590 2674 2638 est
2693 2583 2930 2648 castitas,
2946 2579 3278 2653 assequenda
3294 2579 3527 2651 justitia,
3549 2577 3812 2635 sectanda

2211 2675 2498 2748 sapientia,
2513 2673 2756 2730 miranda
2771 2673 3048 2730 fortitudo.
3073 2671 3202 2740 Quae
3219 2688 3306 2728 res
3319 2671 3488 2742 magis
3508 2671 3708 2726 animis
3728 2670 3811 2724 fa-

2212 2769 2448 2824 miliares
2467 2776 2591 2824 sunt
2613 2783 2774 2838 quam
2794 2766 3111 2838 corporibus
3130 2764 3402 2822 valetudo.
3430 2763 3708 2826 Parentes,
3734 2761 3808 2817 di-

2213 2864 2358 2932 ligite
2374 2860 2512 2918 filios
2529 2881 2542 2916 :
2562 2860 2676 2930 filii,
2695 2860 2860 2917 nolite
2879 2867 3132 2931 parentes
3146 2872 3470 2931 exasperare
3487 2855 3700 2928 (Ep/tes.
3725 2871 3794 2920 rt,

2211 2955 2289 3026 4).
2305 2953 2556 3025 Nunquid
2567 2969 2676 3010 non
2691 2953 2796 3010 hoc
2810 2952 2949 3008 idem
2965 2959 3156 3007 natura
3174 2950 3191 2988 τ
3209 2949 3505 3022 praecepit?
3518 2947 3648 3004 Nihil
3663 2960 3794 3016 ergo

2199 3049 2333 3106 .novi
2358 3047 2552 3104 Paulus
2580 3047 2843 3112 hortatur,
2876 3043 2970 3101 sed
2997 3044 3243 3114 astringit
3268 3041 3436 3098 altius
3463 3039 3672 3096 vincula
3699 3053 3799 3092 na-

2211 3152 2364 3200 turte.
2389 3141 2555 3212 Cujus
2578 3149 2725 3197 tanta
2745 3140 2825 3196 vis
2843 3138 3000 3196 estin
3023 3136 3236 3204 aﬂectu,
3260 3144 3320 3192 ut
3339 3135 3506 3190 etiam
3531 3133 3690 3205 lupus
3706 3148 3804 3204 pro

503 3231 795 3302 experitur
833 3231 1064 3299 hiberni,
1111 3232 1240 3303 quin
1286 3233 1468 3303 potius
1516 3233 1663 3288 omni
1709 3234 1827 3288 nisu
1869 3248 2106 3303 curaque
2133 3230 2180 3296 C
2210 3235 2401 3292 catulis
2428 3235 2540 3291 suis
2576 3241 2797 3305 pugnet.
2829 3230 2966 3300 Quid
3015 3230 3255 3286 dicturus
3282 3236 3368 3284 est
3394 3229 3584 3295 homo,
3616 3229 3710 3298 qui
3751 3235 3801 3282 et

500 3321 999 3403 vpervigiliJaborat
1021 3333 1076 3379 et
1110 3332 1386 3395 operatur,
1419 3332 1722 3394 cunctaque
1755 3325 2106 3380 discurrendo

516 3423 834 3487 pertentat,’
856 3432 964 3488 quo
1008 3417 1179 3487 possit
1219 3415 1541 3473 sufﬁcientia
1589 3417 1806 3473 sibimet
1850 3417 2104 3472 alimenta

518 3509 816 3564 recondere
856 3526 868 3562 :
898 3508 1234 3580 mirabilique
1260 3508 1544 3580 prudentia
1573 3509 1855 3581 prospicit,
1889 3524 1957 3564 ne
1984 3523 2106 3580 spe-

519 3601 632 3657 cies
659 3616 776 3673 qum
819 3601 1060 3657 collecta:
1103 3601 1241 3658 sunt
1273 3610 1705 3673 corrumpantur.
1754 3602 1916 3658 Secat
1959 3603 2104 3657 enim

517 3697 766 3752 dentibus
786 3709 1034 3764 granum,
1057 3711 1126 3751 ne
1150 3695 1412 3767 incipiens
1435 3695 1740 3764 germinare
1761 3702 1973 3765 pastum
2002 3694 2105 3749 sibi

497 3775 781 3860 praeberet
812 3788 1053 3843 inutilem
1095 3806 1107 3841 :
1151 3803 1337 3843 semen
1367 3803 1584 3858 quoque
1633 3789 1808 3858 ipsum
1855 3787 1899 3842 si
1945 3786 2106 3843 fuerit

492 3881 882 3937 ‘humectatum
912 3895 1111 3951 vapore
1143 3891 1165 3919 ο
1198 3880 1424 3947 telluris,
1457 3879 1624 3936 siccat
1671 3880 1725 3934 in
1771 3879 1974 3946 solem;
2006 3894 2106 3935 nec

516 3982 697 4030 tamen
726 3990 941 4047 semper
971 3975 1072 4030 hoc
1110 3973 1257 4040 facit,
1289 3974 1382 4030 sed
1409 3989 1532 4029 cum
1561 3973 1906 4031 serenitatem
1931 3973 2103 4028 stabi-

489 4065 622 4123 ‘Iem
649 4065 764 4122 fore
804 4067 1162 4136 prtesenserit.
1217 4066 1458 4137 Denique
1506 4081 1614 4121 non
1657 4064 1864 4120 videbis
1908 4064 2106 4118 imbres

490 4162 691 4218 ‘emitti
719 4161 787 4216 de
813 4161 1061 4227 nubibus,
1094 4176 1374 4232 quousque
1403 4159 1628 4216 formica
1659 4159 1974 4216 torrendum
2005 4159 2105 4214 sub

516 4256 632 4328 sole
661 4269 844 4310 semen
874 4255 1115 4322 exponit.
1162 4252 1293 4320 Quis
1323 4254 1483 4321 igitur
1528 4268 1709 4308 sermo
1749 4251 2106 4322 comprehen-

516 4347 666 4414 dere,
709 4347 831 4414 quis
877 4343 1090 4400 auditus
1136 4360 1349 4416 capere,
1399 4346 1486 4400 vel
1533 4354 1793 4415 quantum
1847 4346 2106 4417 temporis

517 4438 764 4493 suflicere
790 4439 1017 4508 poterit,
1067 4438 1133 4492 ad
1181 4437 1515 4508 explananda
1563 4445 1756 4494 cuncta
1804 4437 2106 4494 mirabilia?

516 4530 856 4602 Quapropter
903 4540 958 4586 et
1008 4547 1106 4587 nos
1146 4531 1304 4586 simul
1348 4547 1470 4586 cum
1519 4532 1783 4602 propheta
1812 4533 2100 4589 dicamus:

2209 3329 2522 3386 mandatum
2561 3327 2786 3399 spernit,
2818 3334 2874 3380 et
2891 3333 3142 3380 naturam
3165 3323 3413 3394 despicit,
3444 3337 3571 3378 cum
3600 3329 3698 3376 aut
3721 3320 3807 3390 ju-

2207 3425 2359 3480 venis
2386 3422 2654 3478 deformat
2697 3418 2904 3489 injuriis
2932 3417 3184 3474 canitiem
3209 3414 3499 3485 genitoris,
3532 3422 3628 3468 aut
3653 3422 3808 3484 pater

2207 3515 2468 3573 secundas
2483 3525 2506 3563 8
2525 3512 2952 3583 nactusnuptias
2971 3512 3172 3568 liberos
3185 3525 3255 3566 ex
3271 3508 3604 3580 patrimonio
3620 3508 3808 3578 priore

2207 3609 2525 3666 contristat?
2551 3607 2825 3678 lnfucatus
2840 3614 2925 3662 est
2944 3620 3099 3661 amor
3119 3602 3353 3658 ferarum
3376 3602 3517 3657 inter
3544 3610 3805 3672 parentes

2207 3713 2264 3759 et
2292 3702 2447 3769 filios,
2484 3700 2740 3772 quoniatn
2767 3699 2861 3768 qui
2889 3711 2983 3753 eas
3010 3695 3215 3752 creavit
3241 3693 3384 3750 Deus
3405 3691 3546 3762 quod
3571 3691 3596 3728 ¹¹
3616 3693 3800 3746 minus

2208 3795 2312 3850 illis
2332 3795 2382 3848 in
2405 3794 2616 3848 ratione
2634 3789 2898 3863 praestitit,
2916 3804 3106 3845 sensus
3125 3785 3385 3844 beneficio
3402 3784 3788 3854 compensavit.

2208 3886 2289 3944 Ex
2317 3902 2425 3957 quo
2458 3884 2516 3941 fit
2564 3893 2624 3941 ut
2671 3883 3028 3955 praesentibus
3077 3888 3158 3937 tot
3206 3880 3385 3936 ovium
3425 3876 3679 3941 millibus,
3722 3874 3794 3930 de

2207 3981 2429 4036 mandra
2459 3981 2865 4046 laxatusgagnus
2892 3992 3020 4032 mox
3050 3974 3237 4032 matris
3270 3987 3462 4029 vocem
3489 3977 3748 4041 agnoscat
3781 3987 3796 4023 :

2208 4089 2262 4134 et
2283 4079 2348 4134 ad
2369 4093 2490 4133 eam
2519 4083 2703 4132 currat
2729 4073 3027 4137 exsultans,
3058 4070 3341 4139 fontesque
3367 4068 3525 4123 lactis
3543 4065 3796 4136 inquirat.

2207 4169 2362 4239 Quod
2402 4169 2502 4224 etsi
2548 4169 2685 4223 forte
2729 4174 2904 4221 mater
2942 4163 3179 4220 sterilior
3215 4161 3498 4226 habeatur,
3542 4159 3659 4230 ipsa
3686 4157 3796 4213 sola

2208 4268 2498 4318 contentus
2518 4261 2684 4315 ubera
2713 4258 2950 4330 prieterit
2972 4257 3166 4322 aliena,
3190 4254 3436 4326 quamvis
3454 4253 3676 4324 copiosa
3695 4251 3798 4306 sint

2207 4363 2264 4410 et
2283 4353 2500 4410 referta.
2528 4351 2808 4419 Materque
2830 4348 3178 4404 nihilominus
3204 4348 3256 4402 in
3276 4355 3428 4402 tanta
3458 4343 3798 4400 multitudine

2207 4463 2362 4504 suum
2390 4445 2728 4512 recognoscit
2756 4442 2945 4498 fetutn.
2977 4440 3043 4496 Et
3069 4448 3216 4496 certe
3244 4454 3353 4494 vox
3381 4453 3489 4493 una
3530 4445 3617 4492 est
3641 4436 3694 4492 in
3721 4435 3798 4490 di-

2207 4540 2396 4606 versis,
2427 4538 2580 4594 color
2605 4553 2745 4593 unus
2761 4545 2818 4591 et
2840 4535 2976 4591 odor
2997 4533 3136 4589 idem
3151 4574 3169 4601 ,
3189 4539 3450 4603 quantum
3473 4545 3575 4585 nos
3613 4528 3798 4584 videli-

407 4679 414 4686 .
483 4631 488 4634 ’
518 4628 682 4692 Quam
702 4628 1041 4700 magniﬁcam
1071 4637 1187 4683 sunt
1218 4645 1375 4701 opera
1413 4637 1516 4696 tua,
1558 4629 1822 4685 Domine!
1851 4632 2026 4686 omnia
2055 4631 2111 4685 in
2136 4621 2192 4684 υ
2214 4640 2304 4687 cet
2331 4639 2518 4687 nostro
2549 4645 2834 4700 possumus
2873 4625 3041 4682 odore
3082 4625 3337 4695 colligere
3376 4642 3389 4678 :
3432 4631 3800 4680 verumtamen

587 4914 611 4943 ³
646 4904 788 4980 Editi
817 4913 874 4980 et
899 4902 1052 4980 Colb.
1075 4907 1316 4980 primus,
1348 4924 1505 4980 quant
1531 4907 1948 4980 irrationabilem
1976 4923 2102 4980 pru-

515 5050 658 5123 riam.
685 5047 852 5123 Velus
881 5057 1063 5104 noster
1083 5047 1257 5123 codex
1279 5068 1434 5123 quam
1460 5068 1563 5105 non
1588 5047 1956 5123 rationabilem
1977 5067 2103 5120 pru-

513 5118 911 5192 dentiant._l‘loc
950 5127 1068 5185 est,
1114 5118 1474 5176 rationabilem
1520 5138 1727 5177 omnem
1769 5118 2101 5192 prudentiam

513 5201 741 5263 snperat.
773 5189 948 5246 Verba
971 5205 1090 5260 quae
1117 5192 1375 5246 vertenda
1402 5192 1503 5246 sibi
1529 5189 1890 5263 proposuerat
1910 5190 2102 5247 Eusta-
2164 5208 2188 5233 ο

516 5259 687 5328 Illius,
732 5259 1010 5337 hmchsunt
1058 5266 1271 5337 :_1r9_iav
1312 5259 1690 5337 ούχὶζσῦνςσῖιν
1729 5266 2104 5337 λογικήνὴὰπς·

514 5337 820 5398 κρᾶπτουσι.
854 5332 1055 5387 Ibidem
1084 5331 1238 5388 Colb.
1269 5331 1556 5398 secundus,
1586 5331 1886 5388 imminente
1916 5335 2098 5389 hieme.

516 5355 540 5383 κ
586 5355 820 5388 »τι-τουσι.
855 5351 1055 5387 totuem
1084 5351 1238 5388 hom.
1269 5351 1556 5398 secundus,
1586 5351 1886 5388 imminente
1916 5351 2017 5389 met

516 5351 856 5472 Ifaud-longe
886 5403 1024 5458 idem
1056 5403 1247 5469 codex,
1277 5405 1442 5459 nostri
1472 5401 1768 5458 Conditoris
1798 5415 2017 5460 attenta.

591 5475 614 5512 δ
647 5473 800 5529 Colb.
834 5474 1126 5542 secundus,
1157 5493 1270 5530 cum
1293 5476 1500 5530 videris.

596 5556 618 5582 ε·
647 5545 801 5599 Colb.
824 5545 1109 5610 secundus,
1135 5565 1251 5601 rore
1270 5548 1489 5602 telluris.
1509 5545 1797 5617 Aliquanto
1818 5556 1941 5617 post
1964 5546 2103 5602 idem

474 5627 476 5629 ’
521 5617 711 5682 codex,
737 5627 920 5670 cuncta
939 5619 1226 5672 miracula?

477 5698 480 5702 '
593 5687 618 5724 (³
650 5686 810 5752 Editi,
846 5687 1012 5759 tajnen
1042 5689 1182 5757 apud
1220 5707 1332 5744 nos.
1381 5689 1597 5759 Antiqui
1622 5689 1729 5745 duo
1759 5689 1901 5756 libri,
1931 5698 2102 5742 tamen

478 5776 485 5786 ί
519 5766 568 5812 et
588 5759 726 5830 apud
750 5775 862 5812 nos.
891 5757 1056 5830 Paulo
1077 5768 1198 5830 post
1222 5757 1645 5826 editi,‘instilntio
1673 5770 1856 5815 movet.
1884 5761 1951 5814 At
1973 5775 2101 5815 mss.

520 5829 709 5892 nostri,
741 5840 929 5880 monet.
963 5829 1087 5882 Nec
1113 5831 1182 5884 ita
1215 5831 1384 5886 multo
1431 5830 1565 5885 infra
1611 5831 1767 5887 Colb.
1812 5830 2099 5894 secundus,

2177 4931 2180 4933 λ
2208 4907 2513 4974 contristare
2541 4908 2797 4964 ridentur.

513 4977 764 5052 dentiant.
816 4978 967 5032 Alter
991 4976 1181 5052 Colb.,
1203 4976 1450 5052 quantum
1478 4978 1846 5052 rationabilem
1875 4976 2102 5050 pruden-
2174 5022 2179 5025 .

2284 4990 2308 5017 ο
2339 4978 2502 5048 Editi,
2527 4996 2678 5035 omne
2717 4987 2885 5034 autem
2915 4977 3113 5032 nullam
3140 4972 3370 5048 morbus,
3394 4982 3502 5030 etc.
3537 4972 3605 5028 At
3634 4971 3806 5048 nostri

2209 5061 2318 5105 tres
2360 5042 2510 5115 mssl,
2560 5068 2710 5106 omne
2755 5061 2925 5104 autem
2972 5048 3164 5104 malum
3212 5046 3437 5112 morbus,
3487 5054 3592 5100 etc.
3625 5042 3808 5103 .Paulo

2179 5177 2182 5180 .
2208 5130 2330 5198 post
2348 5120 2510 5198 golb.
2543 5121 2832 5198 secundus,
2863 5123 3021 5198 virtus
3048 5127 3234 5198 autent
3256 5119 3514 5198 sanitates
3541 5123 3805 5198 apportet.

2286 5191 2304 5229 ί
2340 5190 2494 5248 Colb.
2529 5188 2824 5258 secundus,
2847 5191 3100 5262 prtecipit.
3136 5188 3288 5262 Nihil
3315 5189 3452 5242 enim
3482 5188 3620 5241 nari.

2288 5273 2312 5309 ε
2343 5263 2572 5334 Editiet
2600 5262 2752 5334 Colb.
2804 5257 3051 5334 primus,
3078 5260 3330 5316 secundas
3377 5267 3558 5334 nactus
3606 5257 3807 5310 nativas

2174 5374 2177 5376 -
2213 5337 2442 5404 nuptias.
2476 5333 2626 5404 Alter
2651 5331 2832 5398 Colb.,
2861 5333 3115 5388 secundas
3144 5341 3328 5404 nactus
3358 5331 3586 5404 nuptias.

2289 5400 2313 5443 1³
2347 5404 2486 5460 Editi
2517 5414 2571 5476 et
2596 5403 2752 5460 Colb.
2783 5406 3006 5476 primus,
3033 5403 3170 5476 quod
3191 5404 3363 5476 minus
3389 5401 3497 5476 illis
3524 5400 3806 5454 irrationa-

2174 5453 2177 5457 ’
2210 5453 3165 5534 bilejilte—rvéollict
3179 5453 3353 5528 codex
3372 5453 3504 5526 utin
3525 5478 3804 5533 contextu,

2212 5549 2313 5629 nisi
2335 5547 2480 5629 quod
2509 5545 2666 5629 Colb.
2691 5562 2792 5629 pro
2820 5546 2956 5629 quod
2983 5545 3180 5629 habeat
3207 5559 3340 5629 qam.
3365 5540 3808 5629 gneceneee

2210 5611 2367 5691 λόγον’
2401 5618 2642 5691 ἔλλειψιν.
2693 5611 2801 5691 Nec
2831 5611 2904 5672 ita
2935 5617 3105 5691 multo
3133 5611 3269 5691 post
3297 5613 3505 5691 antiqui
3547 5611 3656 5666 duo
3689 5611 3808 5691 libri

2209 5683 2447 5754 et'editi,
2478 5683 2689 5758 copiosa
2715 5689 2818 5743 sint
2856 5697 2906 5742 et
2933 5683 3148 5758 refecta:
3190 5685 3338 5739 Alius
3371 5683 3810 5758 codex,_ropioca

2213 5763 2316 5814 sint
2342 5770 2391 5816 et
2425 5753 2641 5831 referta.
2675 5757 2828 5813 Haud
2861 5753 3019 5826 longe
3043 5757 3202 5831 editi,
3222 5763 3416 5831 quanta
3455 5755 3712 5831 videlicet.
3742 5753 3810 5810 Δι

2209 5831 2361 5886 Colb.
2395 5826 2682 5897 secundus,
2714 5839 2962 5902 quantum
2998 5845 3091 5884 nos
3119 5826 3372 5884 uidelicet.
3455 5826 3467 5837 “
