4110 6336
148 383 345 442 '96!

1202 374 1600 433 nexmm
1642 356 2123 431 METAPHRASIS
2161 371 2365 428 unus
2402 369 2489 427 ιχ.

3403 365 3541 433 952.

244 504 329 555 est
356 496 462 575 illis
499 496 713 555 acutior
739 495 1044 553 intellectus
1083 500 1109 530 ³·
1150 491 1219 548 ab
1258 491 1513 547 homine:
1541 504 1641 561 per
1667 487 1909 558 quemiA'
1931 486 2100 543 learna
2122 484 2182 540 ﬁt
2201 495 2375 543 mater
2394 504 2407 541 :
2427 485 2693 556 unguibus
2712 485 2856 543 enim
2875 486 3001 543 dum
3023 487 3278 554 nascitur,
3298 475 3541 548 vulvam"

245 589 443 661 cuique
468 590 706 663 suppetit
731 587 935 659 agnitio
961 583 1324 657 propriorum.
1360 581 1597 638 Necdum
1625 579 1831 637 scilicet

246 683 428 741 catulo
453 683 643 740 dentes
679 681 898 739 formati
922 688 1066 747 sunt,
1098 685 1155 734 et
1182 685 1362 733 tamen
1390 673 1706 731 infestantes
1732 687 1829 729 co-

247 783 406 832 natur
434 790 532 832 ore
555 773 836 846 repellere.
880 770 1125 828 Nondum
1164 767 1333 825 vitulo
1359 781 1563 824 cornua
1581 777 1834 822 surrexe-

246 874 392 935 runt,
422 876 480 923 et
516 864 665 922 novit
680 864 794 936 jam
827 864 882 920 in
905 878 1013 934 qua
1043 867 1196 933 parte
1219 861 1399 915 futura
1420 857 1523 914 sibi
1548 856 1655 913 sint
1682 867 1833 910 arma

246 952 541 1029 pugnandi.
572 954 699 1013 llaec
740 955 902 1024 igitur
947 952 1206 1009 indicium
1249 948 1405 1007 nobis
1430 947 1663 1014 faciunt,
1706 945 1834 1018 quia

247 1047 507 1106 naturalis
532 1046 815 1120 prudentia
833 1044 1095 1103 doctrina:
1122 1043 1412 1101 traditione
1433 1057 1544 1099 non
1570 1041 1757 1106 utitur,
1778 1047 1837 1096 et

249 1142 380 1211 quia
408 1139 542 1196 nihil
586 1138 987 1202 inordinatum,
1030 1135 1115 1194 vel
1143 1135 1499 1209 improvidum
1527 1133 1756 1190 habetur
1779 1131 1838 1187 in

249 1231 418 1287 rebus
442 1247 456 1285 :
481 1229 579 1287 sed
595 1230 776 1287 omnia
797 1228 1158 1286 certissimum
1175 1226 1449 1299 specimen
1471 1225 1524 1281 in
1545 1240 1605 1282 se
1623 1224 1839 1297 sapien-

251 1323 338 1378 tia:
375 1321 687 1379 Conditoris
731 1328 1025 1389 ostentant,
1055 1321 1150 1392 qui
1185 1320 1265 1378 sic
1291 1319 1579 1377 instructas
1605 1317 1839 1391 pecudes

251 1415 320 1472 ad
341 1416 713 1487 defensionem
733 1415 968 1487 propria:
993 1414 1184 1471 salutis
1211 1412 1460 1471 instituit.
1484 1411 1693 1484 Expers
1714 1412 1838 1483 qui-

249 1509 375 1565 dem
394 1506 621 1563 rationis
639 1513 725 1562 est
745 1506 916 1572 canis,
944 1504 1042 1562 sed
1057 1504 1478 1577 aequiparantem
1499 1503 1696 1560 rationi
1716 1518 1840 1560 sen-

252 1615 374 1655 sum
400 1598 638 1661 creditur
664 1598 962 1671 possidere.
989 1596 1122 1653 Nam
1151 1611 1217 1653 ea
1248 1611 1368 1667 quae
1395 1611 1493 1668 per
1518 1597 1689 1653 otium
1717 1596 1842 1653 vita:

254 1690 473 1759 longum
499 1689 718 1761 quidam
755 1690 1004 1747 sedentes
1028 1688 1120 1745 vix
1147 1688 1390 1745 invenire
1432 1695 1745 1761 potuerunt,
1786 1688 1840 1745 id

253 1788 337 1837 est
363 1778 669 1852 philosophi
698 1780 1014 1848 smeulares,
1056 1778 1485 1852 syllogismorum
1511 1777 1642 1841 dico,
1661 1777 1839 1835 tendi-

1928 577 2203 648 genitricis
2247 577 2541 643 exulcerat,
2571 578 2714 635 sicut
2738 578 2922 649 vipera
2949 592 3069 648 qua:
3091 593 3200 633 non
3227 576 3386 634 aliter
3411 577 3518 638 nisi

1929 671 2119 727 matris
2135 686 2303 728 exeso
2322 670 2704 743 discerptoque
2725 678 2915 728 ventre
2934 670 3197 744 procedit,
3221 686 3517 743 congruam

1930 761 2179 818 creatrici
2197 761 2504 827 mercedem
2523 777 2625 834 pro
2645 761 2739 817 tali
2759 770 2919 835 partu
2940 762 3262 835 rependens.
3284 752 3363 818 lta
3384 761 3517 821 nihil

1931 852 1987 909 iu
2005 852 2167 908 rebus
2186 853 2433 910 humanis
2456 853 2686 912 habetur
2703 854 3099 927 improvidum:
3128 870 3231 911 nec
3256 855 3365 911 ulla
3393 854 3517 912 dili-

1932 946 2129 1017 gentiae
2157 945 2261 1003 sibi
2287 946 2646 1019 competentis
2672 948 2980 1004 immunitas
3006 954 3108 1006 est.
3139 946 3296 1016 Quod
3321 947 3367 1004 si
3403 956 3517 1005 stu-

1932 1037 2140 1097 diosius
2166 1038 2283 1111 ipsa
2318 1037 2337 1078 ί
2368 1054 2625 1111 pecorum
2652 1040 2894 1097 membra
2919 1039 3251 1108 discusseris,
3276 1040 3519 1097 invenies

1933 1130 2066 1187 nihil
2089 1131 2195 1189 illis
2214 1130 2545 1205 superﬂuum
2568 1131 2781 1190 dedisse
2791 1128 3159 1201 Conditorem,
3176 1131 3308 1189 nihil
3328 1147 3517 1189 neces-

1935 1224 2139 1280 sarium
2160 1224 2476 1295 denegasse.
2507 1224 2709 1283 Belluis
2732 1212 2966 1297 namque
2988 1224 3309 1283 carnisumis
3334 1233 3519 1283 acutos

1935 1315 2126 1373 dentes
2152 1318 2431 1389 apposuit,
2462 1317 2716 1390 quoniam
2756 1318 2956 1374 talibus
2981 1332 3119 1389 opus
3149 1324 3270 1374 erat
3297 1316 3366 1374 ad
3398 1332 3522 1389 spe-

1935 1409 2076 1466 ciem
2101 1409 2368 1465 alimonite
2389 1407 2669 1480 praeﬁnitas
2695 1410 3028 1469 ministeriis.
3058 1408 3149 1468 Eis
3175 1426 3307 1468 vero
3330 1412 3524 1483 quibus

1938 1515 2006 1557 ex
2045 1516 2150 1557 una
2177 1507 2335 1571 parte
2359 1499 2550 1557 dentes
2577 1488 2806 1557 instituit
2822 1543 2839 1571 ,
2881 1501 3235 1574 plurimorum
3281 1511 3523 1574 recepta-
3626 1528 3629 1529 ν

1937 1595 2058 1652 cula
2087 1595 2407 1667 pabulon
2431 1593 2609 1651 inesse
2636 1593 2951 1664 disposuit,~
2979 1600 3039 1649 ut
3063 1609 3190 1666 pars
3215 1610 3335 1666 qua:
3375 1595 3525 1667 prior

1939 1693 2214 1757 assumpta
2235 1692 2321 1742 est
2339 1682 2409 1742 de
2427 1685 2730 1750 stomadio,
2751 1684 2932 1741 denuo
2950 1684 3203 1741 decurrat
3221 1685 3290 1744 ad
3308 1686 3529 1752 dentes,

1939 1791 2049 1847 quo
2075 1775 2285 1833 facilius
2304 1792 2426 1833 eam
2445 1777 2615 1848 possit
2642 1775 2965 1833 ruminando
2988 1783 3273 1833 conterere
3288 1817 3303 1846 ,
3327 1792 3394 1833 ac
3411 1778 3527 1834 sine

253 1872 401 1928 cuias
426 1869 690 1928 beneﬁcio
718 1871 950 1927 naturali
976 1871 1126 1927 canis
1151 1874 1474 1927 consecutus
1518 1870 1777 1927 asseritur
1821 1886 1837 1925 ι
1870 1859 1919 1923 Β
1943 1867 2129 1924 labore
2154 1867 2420 1938 digerere.
2448 1866 2637 1938 Neque
2660 1866 2806 1923 enim
2847 1875 2874 1917 ε
2902 1866 3020 1924 sine
3045 1882 3207 1924 causa
3247 1867 3543 1939 gurgulio--

256 1966 283 2007 δ
308 1966 436 2037 quia
481 1965 705 2034 vestigia
747 1963 983 2021 ferarum
1029 1964 1296 2033 sagaciter
1336 1962 1636 2033 indagando
1657 2003 1674 2029 ,
1710 1968 1839 2019 ‘cum

254 2057 452 2113 viderit
471 2056 840 2127 multipliciter
859 2054 1143 2111 intercisas
1162 2054 1404 2121 semitas,
1431 2069 1622 2111 omnes
1641 2054 1843 2111 discur-

255 2147 403 2205 sibus
431 2146 807 2217 interrumpit,
842 2156 865 2185 ο
895 2159 1087 2203 vocem
1128 2153 1336 2202 tantum
1365 2145 1701 2201 articulatam
1729 2161 1841 2202 non

164 2232 175 2243 “
256 2240 510 2297 emittens
532 2257 545 2293 :
570 2253 697 2295 nam
725 2252 824 2309 per
848 2252 914 2293 ea
940 2252 1062 2308 quae
1082 2238 1193 2307 agit
1220 2238 1420 2294 indicat
1445 2236 1708 2309 profecto,
1730 2253 1841 2309 quo

256 2331 443 2388 bestia:
468 2345 589 2400 qua:
615 2329 912 2386 lustrantur
935 2328 1186 2385 abierint.
1209 2329 1321 2387 Nec
1347 2331 1497 2388 illum
1532 2330 1843 2401 relinquens

258 2422 658 2494 inexploratum
683 2421 882 2488 locum,
913 2420 1007 2476 ubi
1033 2421 1269 2492 suspicio
1296 2422 1442 2478 nulla
1486 2423 1697 2492 vestigii
1736 2431 1839 2490 est,

255 2515 432 2571 donec
456 2513 705 2569 omnibus
733 2512 901 2569 odore
926 2512 1172 2584 repetitis
1199 2514 1587 2585 explicatisque
1614 2514 1845 2572 fallenti-

260 2609 360 2666 bus
386 2607 505 2673 viis,
538 2605 566 2645 ἀ
596 2606 773 2664 cubile
799 2606 1077 2677 reperiet.
1105 2605 1243 2674 Quid
1290 2605 1519 2678 amplius
1545 2607 1601 2663 hi
1638 2606 1843 2664 faciunt

260 2701 315 2757 in
353 2698 825 2771 descriptionibus,
873 2698 968 2768 qui
1014 2698 1190 2755 otiose
1235 2696 1516 2764 sedentes,
1563 2697 1841 2769 pulverem

260 2794 401 2867 ston
428 2794 663 2865 signant,
693 2801 751 2849 et
768 2806 838 2849 ex
858 2792 1030 2849 tribus
1054 2791 1514 2863 propositionibus
1535 2791 1675 2848 duas
1694 2791 1842 2849 aufe-

259 2893 402 2949 runt,
436 2885 487 2939 in
528 2885 618 2939 illa
642 2891 822 2945 autem
848 2899 968 2954 quae
991 2885 1199 2955 reliqua
1226 2892 1312 2941 est
1337 2884 1615 2941 inveniunt
1638 2887 1841 2941 verita-

258 2974 399 3030 tem?
423 2972 682 3031 Memoria
703 2974 863 3044 igitur
875 2974 1039 3030 canis
1067 2989 1194 3045 erga
1218 2974 1514 3046 depensum
1548 2975 1649 3031 sibi
1675 2974 1843 3031 bene-

258 3065 457 3130 ficium,
477 3079 638 3135 quem
662 3082 769 3122 non
800 3066 1065 3136 ingratum
1092 3067 1365 3122 hominem
1387 3081 1487 3123 suo
1509 3065 1842 3123 benefactori

257 3156 466 3227 pudore
489 3154 790 3223 confundit,
822 3171 946 3212 cum
993 3157 1155 3212 etiam
1193 3155 1425 3212 dominis
1453 3156 1747 3214 interfectis
1784 3156 1841 3213 in

258 3248 379 3306 loco
422 3248 657 3315 deserto,
704 3249 857 3323 multi
898 3264 1061 3306 canes
1101 3249 1480 3307 observatione
1527 3250 1839 3320 longissima
1862 3229 1914 3298 (ἶ

256 3339 610 3397 defecerunt?
640 3339 743 3395 Alii
763 3340 1061 3411 peremptis
1080 3339 1314 3399 dominis
1336 3339 1541 3396 indices
1565 3339 1838 3398 homicidii

258 3429 493 3497 fuerunt,
514 3444 745 3500 reosque
768 3438 1168 3501 praesentavere
1182 3430 1417 3502 iudiciis,
1442 3431 1837 3490 accusationem

257 3520 456 3576 latratu
481 3528 817 3592 peragentes.
852 3520 991 3589 Quid
1014 3521 1176 3591 igitur
1198 3522 1392 3579 dicturi
1414 3528 1540 3578 sunt
1564 3522 1658 3592 qui
1685 3537 1839 3579 crea-

258 3617 428 3666 torem
454 3618 832 3681 pastoremque
858 3625 1015 3667 suum
1043 3611 1212 3668 Deum
1242 3627 1350 3668 non
1379 3611 1542 3668 modo
1571 3628 1680 3668 non
1710 3612 1837 3668 dili-

257 3709 411 3774 gunt,
440 3701 536 3758 sed
559 3702 724 3758 etiam
750 3701 1189 3772 maledicosejus
1216 3703 1418 3771 habent
1444 3704 1666 3770 amicos,
1697 3713 1754 3762 et
1780 3707 1838 3765 in

257 3793 446 3849 eadem
470 3810 593 3851 cum
618 3794 722 3850 illis
744 3794 903 3851 simul
922 3795 1170 3852 cibantur
1188 3810 1393 3863 mensa,
1422 3797 1839 3872 largitoremque

257 3887 535 3957 epularum
554 3887 833 3958 sacrilegis
848 3887 1284 3958 blasphemorum
1305 3890 1642 3948 sermonibus
1657 3902 1681 3930 θ
1702 3893 1839 3952 lace-

256 3981 365 4036 rari
392 3980 703 4051 patiuntur?

208 4132 215 4139 ι
324 4070 380 4126 5.
412 4070 521 4128 Sed
546 4087 698 4145 nunc.
715 4072 785 4129 ad
803 4079 1068 4130 creaturae
1093 4075 1604 4146 contemplationem
1639 4078 1834 4136 redeao

254 4178 395 4219 inus.
436 4161 563 4218 Ideo
607 4163 812 4241 scilicet
853 4163 1229 4222 imbecilliores
1272 4165 1456 4224 bestia:
1498 4167 1837 4228 fecundiores

254 4260 399 4317 sunt,
430 4253 481 4307 id
508 4260 593 4309 est
619 4254 833 4324 lepores
853 4262 910 4311 et
935 4254 1125 4322 damas,
1157 4271 1395 4327 ovesque
1419 4258 1692 4318 silvestres
1723 4279 1736 4316 :
1774 4274 1837 4319 ut

254 4358 365 4402 non
395 4342 552 4400 facile
580 4343 854 4400 deleretur
880 4360 1051 4416 genus
1077 4361 1284 4414 earum,
1315 4362 1347 4403 a
1374 4347 1714 4409 carniﬁcibus
1736 4368 1836 4410 ex-

216 4432 219 4435 ’
253 4448 479 4507 pensant
506 4431 653 4489 feris.
683 4433 777 4490 lite
802 4442 984 4516 autem
1011 4450 1132 4506 qum
1157 4436 1523 4500 devoratrices
1548 4451 1676 4499 sunt
1700 4444 1836 4502 alia.

252 4541 390 4592 rum,
421 4523 713 4582 steriiiores
756 4525 1041 4583 habentur.
1096 4526 1230 4583 Nam
1275 4527 1509 4589 denioue
1552 4532 1696 4591 leoni
1741 4536 1831 4595 vix

1942 1974 2088 2029 nem,
2126 1959 2572 2029 stomachumque
2598 1958 2762 2015 certis
2789 1958 3113 2014 animalibus
3137 1957 3304 2024 dedit,
3342 1966 3529 2029 utpote

1942 2049 2281 2107 necessarios
2312 2064 2442 2106 usus
2468 2049 2820 2121 praebentem.
2851 2048 3102 2105 Camelus
3136 2048 3299 2119 igitur
3325 2047 3528 2106 idcirco

1942 2146 2159 2214 longum
2188 2152 2372 2215 guttur
2400 2144 2563 2201 habet
2598 2161 2612 2198 :
2646 2150 2705 2198 ut
2730 2150 3068 2215 coaequatum
3094 2141 3340 2215 pedibus,
3370 2142 3530 2200 facile

1942 2252 2122 2294 escam
2148 2250 2308 2306 quam
2329 2236 2520 2309 qumrit
2540 2235 2849 2306 attingeret.
2871 2233 3057 2291 Brevis
3080 2242 3259 2292 autem
3274 2234 3531 2292 humeris-

1941 2346 2048 2402 que
2078 2343 2363 2402 suppressa
2405 2330 2587 2387 cervix
2609 2343 2857 2385 ursorum
2897 2338 2998 2396 est,
3022 2330 3256 2399 itemque
3278 2328 3453 2385 leonis
3475 2336 3532 2386 et

1943 2422 2185 2496 tygridis,
2200 2430 2256 2479 et
2275 2422 2526 2478 similium
2541 2422 2796 2487 ferarum,
2812 2420 3007 2492 quibus
3026 2421 3257 2478 herbosa
3276 2436 3385 2477 non
3403 2427 3532 2491 sunt

1943 2516 2217 2583 alimenta,
2234 2530 2335 2571 nec
2354 2514 2556 2571 habent
2576 2515 2811 2586 aliquam
2831 2516 3209 2571 necessitatem
3233 2512 3525 2572 inclinandi

1943 2623 2003 2665 se
2031 2608 2098 2664 ad
2124 2598 2322 2664 terram
2348 2626 2361 2662 :
2389 2609 2591 2679 quippe
2613 2621 2734 2678 quae
2761 2623 2929 2664 carne
2955 2614 3263 2665 vescuntur.
3295 2607 3434 2676 Quid
3457 2608 3527 2665 de

1942 2699 2285 2771 promuscide
2309 2697 2584 2770 elephanti
2611 2698 2872 2766 dicamus,
2903 2700 2994 2770 qui
3042 2715 3165 2754 cum
3193 2700 3432 2754 omnium
3461 2699 3531 2754 sit

1941 2792 2208 2850 maximus
2231 2790 2553 2858 belluarum,
2582 2791 2986 2862 visentibusque
3011 2790 3281 2857 terribilis,
3313 2806 3412 2862 par
3435 2789 3533 2847 fuit

1942 2894 2009 2943 ut
2035 2885 2292 2942 membris
2319 2883 2640 2939 immanibus
2668 2882 3029 2939 formaretur?
3057 2881 3296 2951 Quorum
3324 2881 3532 2953 magni-

1942 2978 2112 3051 tudini
2140 2976 2187 3032 si
2213 2976 2396 3032 cervix
2430 2973 2622 3032 fuiéset
2642 2975 3004 3046 aequiparans,
3036 2974 3324 3032 immobilis
3360 2973 3531 3031 habe-

1941 3076 2108 3134 retur,
2140 3066 2378 3139 pondere
2401 3066 2518 3138 ipso
2545 3065 2798 3122 deorsum
2833 3073 3107 3122 curvatus.
3155 3064 3308 3121 Nunc
3347 3073 3529 3121 autem

1941 3160 2131 3232 paucis
2156 3159 2369 3216 ossibus
2398 3158 2638 3215 cervices
2676 3165 2733 3214 et
2756 3166 2920 3230 caput
2946 3158 3201 3214 innexum
3242 3159 3407 3230 spina:
3440 3176 3530 3215 co-

1941 3251 2127 3320 hatret,
2157 3251 2430 3321 habetque
2456 3250 2855 3323 promuscidem
2883 3251 3244 3308 ministerium
3268 3252 3370 3308 sibi
3396 3251 3523 3309 colli

1940 3344 2197 3415 longioris
2218 3345 2544 3416 explentem,
2570 3359 2691 3415 qua:
2710 3352 2921 3415 pastum
2947 3341 2976 3381 ¹¹
3000 3344 3231 3415 percipit
3257 3353 3313 3399 et
3332 3360 3526 3417 aquam

1940 3436 2124 3491 trahit.
2150 3433 2427 3507 Pedesque
2456 3424 2577 3506 ejus
2605 3435 2766 3491 nullis
2791 3434 3160 3505 geniculorum
3190 3434 3529 3515 conjuingunﬁ

1941 3536 2027 3585 tur
2052 3527 2313 3591 articulis,
2346 3535 2405 3583 ut
2431 3535 2685 3598 tanquam
2711 3527 2975 3584 columna:
3007 3528 3250 3601 quietiam
3293 3530 3526 3598 gravita-

1941 3628 2047 3676 tem
2074 3619 2364 3691 superjecti
2390 3619 2648 3691 ponderis
2675 3608 3072 3676 Subvectarent.
3117 3620 3174 3676 Si
3219 3621 3361 3675 enim
3399 3635 3523 3691 gra-

1938 3711 2060 3769 cilia
2113 3711 2467 3781 nutantiaque
2517 3709 2635 3781 ejus
2680 3711 2908 3768 ﬁnissent
2952 3728 3106 3769 crura
3130 3755 3144 3777 ,
3190 3713 3308 3769 sine
3358 3712 3529 3771 dubio

1936 3801 2230 3872 ejectiones
2269 3802 2644 3875 iuncturarum
2689 3809 2969 3874 pateretur
3010 3802 3282 3867 assiduas,
3336 3812 3524 3876 utpote

1938 3907 2048 3948 non
2067 3889 2450 3949 sufﬁcientium
2486 3892 2687 3949 molem
2711 3899 2917 3949 tantam
2939 3894 3239 3963 sublevare,
3266 3913 3387 3953 cum
3415 3914 3523 3953 sur-

1935 3993 2106 4057 geret.
2134 3984 2320 4056 Itaque
2343 3983 2497 4041 vides
2515 3983 2789 4055 quomodo
2809 3986 2957 4041 velut
2975 3986 3217 4055 quaedam
3242 4004 3521 4060 corporea:

1938 4086 2112 4136 turres
2134 4077 2265 4134 belli
2291 4086 2539 4148 tempore
2567 4078 2815 4135 locantur
2833 4085 2960 4134 ante
2980 4078 3171 4144 aciem,
3198 4081 3282 4136 vel
3304 4090 3518 4137 montes

1936 4169 2159 4225 animati
2209 4175 2576 4241 opponuntur,
2616 4169 2851 4226 hostium
2904 4169 3237 4226 Inmiimenta
3288 4171 3516 4242 rupturi.

1935 4258 2174 4329 Quorum
2221 4260 2267 4316 si
2319 4258 2674 4331 magnitudini
2725 4258 3035 4316 fundamina
3081 4272 3359 4330 gressuum
3410 4279 3518 4321 non

1936 4351 2264 4423 haberentur
2298 4351 2556 4421 mqualia,
2585 4350 2898 4429 nullatenus
2945 4358 3098 4408 tanta
3144 4354 3522 4412 membrositas

1932 4452 2260 4517 portaretur.
2307 4443 2503 4500 Fertur
2553 4446 2570 4483 ι
2624 4452 2811 4501 autem
2851 4444 3200 4517 elephantum
3250 4453 3522 4502 trecentos

1934 4551 2108 4594 annos
2134 4541 2192 4592 et
2220 4534 2450 4608 amplius
2476 4535 2660 4594 vivere
2674 4574 2690 4607 ,
2716 4536 3127 4607 ministerioque
3166 4536 3520 4625 promuscidis

323 4782 347 4809 ε·
378 4733 595 4856 ξηιιιιιῃ
619 4768 960 4856 duo.libriet
978 4769 1128 4856 editi,
1236 4773 1460 4856 frontiue,
1489 4773 1594 4830 hoc
1615 4784 1700 4856 est
1719 4793 1829 4856 pne
1854 4784 1908 4847 ι)
1932 4780 2081 4856 tioni.
2111 4780 2399 4856 Aliquanto
2435 4786 2558 4856 post
2579 4777 3173 4856 Colb.-s‘ecundu§_,_quo
3212 4748 3374 4856 bestia
3401 4795 3516 4851 qua:

249 4845 482 4923 nomine,
516 4841 593 4923 uti
622 4840 1232 4923 paulo‘antehadmonui:
1260 4842 1412 4898 Colb.
1443 4840 1729 4923 secundus,
1755 4850 1829 4923 ad
1854 4840 1897 4847 ’⁷
1931 4840 2651 4923 ιᾳξιναωῙ-ᾆιήὶενίτδϐτωοο,
2695 4850 2762 4923 ei
2778 4850 2965 4922 θηρίον.
2992 4840 3193 4904 Ibidem
3232 4847 3387 4918 editi,
3414 4840 3537 4923 'nec,

250 4914 533 4985 hominem.
550 4910 657 4967 Sed
677 4910 909 4985 arbitror
930 4910 1003 4985 ita
1024 4911 1373 4985 emendatum
1394 4928 1514 4985 esse
1533 4929 1565 4968 a
1586 4910 1827 4985 librario,

248 4992 343 5067 aut
371 4984 438 5067 ab
466 4982 571 5036 alio
614 4980 822 5050 quovis,
870 4981 962 5049 qui
1006 4981 1113 5034 vim
1160 4981 1365 5036 vocula:
1409 4981 1475 5036 ab
1515 4999 1625 5038 non
1652 4980 1827 5049 intelQ

249 5056 462 5124 ligeret.

257 5176 263 5181 .
320 5125 346 5164 ι’
377 5121 565 5180 Codex
593 5121 861 5193 unus,.qai
883 5120 1114 5193 vestigia.

322 5208 342 5234 ε
376 5193 735 5258 Ειὶὶιὶιυοσεηι
763 5191 962 5246 tantum
997 5191 1315 5247 articulatim
1339 5208 1443 5248 non
1466 5197 1723 5253 amittens.
1755 5199 1826 5255 At

1931 4920 2112 4975 ullum.
2145 4918 2292 4974 Libri
2318 4926 2548 4983 veteres,
2585 4933 2678 4971 nec
2700 4916 2869 4973 illuni.

2003 4986 2029 5025 ά
2060 4988 2203 5043 Editi
2225 4996 2282 5043 et
2298 4987 2406 5043 duo
2428 5003 2582 5053 mss.,
2608 4985 2772 5058 {abite
2794 4989 3034 5058 reperiat.
3060 4988 3131 5045 At
3146 4988 3302 5045 Colb.
3326 5007 3513 5048 secun-

1929 5056 2280 5131 dus,_civilem
2320 5058 2564 5131 reperiat.
2615 5055 2747 5113 Utra
2776 5055 2941 5131 lectio
2976 5061 3149 5131 magis
3174 5062 3414 5131 eligenda
3444 5062 3515 5117 sit

1842 5166 1845 5169 -
1932 5129 2114 5185 nescio
2133 5145 2146 5182 :
2168 5129 2264 5185 sed
2282 5128 2452 5199 prabe
2471 5128 2586 5199 scio
2605 5136 2853 5199 neutram
2872 5128 3202 5198 ad‘Graicam
3223 5128 3511 5188 dictionem

1929 5191 2330 5272 accommodari
2357 5199 2466 5255 ullo
2505 5191 2669 5272 modo
2708 5215 2888 5271 posse,
2934 5194 3055 5257 eum
3084 5201 3226 5272 apud
3256 5200 3510 5257 Basilium

246 5254 714 5345 Colb.}ecundus,
744 5269 1174 5345 ratemratth
1202 5263 1531 5345 articulatam
1551 5283 1654 5345 non
1676 5254 1825 5324 ενηὶιιᾲ

1935 5254 2299 5345 Βεῐὶρξιῃηςεξι,
2333 5254 2553 5345 etipth
2580 5270 2637 5345 τρ

251 5332 1047 5409 tens.Admonebo_pi-a2teriens,
1061 5332 1226 5409 videri
1242 5333 1511 5390 librarium
1528 5344 1583 5392 et
1595 5338 1682 5395 hic
1697 5354 1830 5409 quo-

249 5408 525 5480 queAaliter
533 5403 756 5475 atquein
777 5403 1292 5480 suisexeinplaribus
1302 5415 1577 5474 repererat
1589 5403 1828 5480 scripsis-

248 5473 331 5539 ὅθ.
354 5477 520 5534 Vetus
548 5473 731 5531 noster
749 5474 916 5531 codex
936 5483 994 5529 et
1011 5473 1164 5545 Colb.
1186 5473 1412 5545 primus,
1434 5492 1605 5532 uocem
1625 5473 1823 5536 tantum

248 5549 580 5606 articulatam
611 5563 714 5601 non
741 5546 995 5600 amittens.
1025 5543 1580 5617 Suspicorgscripsisse
1607 5549 1823 5617 quidem

248 5619 608 5681 Eustathium,
642 5632 812 5671 vocem
841 5622 1038 5687 tantum
1057 5631 1160 5687 non
1194 5615 1524 5687 articulatam
1546 5615 1785 5677 amittens
1801 5638 1820 5687 ;

248 5689 345 5747 sed
375 5706 481 5745 non
510 5695 794 5759 propterea
823 5685 928 5740 vim
958 5685 1243 5740 verborqu
1271 5684 1577 5759 Graecorum
1606 5684 1824 5759 expres-

249 5764 310 5817 sil
325 5802 337 5814 .
356 5760 493 5815 Sunt
506 5758 683 5813 durem
704 5758 836 5821 hate,
852 5760 1125 5831 μονονουχὶ
1140 5762 1229 5815 τήν
1251 5758 1629 5831 τολλογιστικὴν
1642 5758 1823 5829 eam»,

251 5841 380 5899 cun,
409 5831 640 5885 eminens
667 5843 836 5883 vocem
854 5826 1186 5881 'tanluntnon
1217 5826 1512 5897 adjunctam
1547 5826 1764 5887 ratiocin
1777 5826 1827 5873 ηὲ

2001 5339 2215 5410 (Editi,
2241 5339 2487 5394 lacerare.
2515 5339 2731 5410 Antiqui
2750 5340 2858 5396 duo
2885 5342 3025 5410 libri,
3056 5339 3295 5396 lacerati.

1968 5462 1973 5471 .
2006 5408 2025 5448 ί
2055 5409 2229 5483 Editi,
2250 5410 2337 5483 ita
2376 5408 2753 5483 permutant
2789 5410 2896 5466 duo
2922 5408 3076 5483 mss.,
3108 5414 3221 5483 ipsa
3249 5427 3506 5483 pecorum.

1961 5489 2027 5567 ηπ
2049 5479 2187 5536 illud
2217 5481 2330 5567 sine
2350 5479 2840 5567 Acausaaddidimus
2857 5495 2925 5536 ex
2945 5479 3154 5537 duobus
3183 5479 3332 5537 libris
3359 5489 3509 5559 vele-

1929 5551 2220 5702 nguiiditi,
2239 5621 2499 5702 ρει-σφᾶς..
2510 5619 2655 5702 Libri
2676 5621 2900 5702 antiqui,
2928 5621 3162 5702 percipit.
3196 5620 3362 5677 Paulo
3386 5629 3511 5702 post

1999 5639 2028 5660 ιι
2058 5639 2220 5690 noun,
2334 5639 2483 5692 cepa.
2510 5639 2655 5675 mon
2676 5639 2900 5691 antiqui,
2928 5639 3162 5694 ρενειριι.
3198 5639 3362 5677 ramo
3386 5639 3507 5693 post

1929 5693 2077 5783 editi,
2110 5639 2353 5783 pangis
2382 5690 2742 5783 subiectat-ent.
2774 5691 2842 5747 At
2868 5693 3037 5750 nostri
3069 5702 3176 5749 tres
3201 5708 3351 5759 mss.,
3382 5690 3507 5748 sub-

1929 5773 2203 5817 rectarent.
2542 5776 2547 5783 ‘
2959 5797 2968 5808 .

2007 5834 2020 5872 λ
2054 5833 2208 5888 Colb.
2239 5831 2524 5894 secundus.
2561 5833 2726 5888 temne
2753 5842 2939 5906 autem.
