4110 6336
1574 252 1589 261 ο
1674 254 1679 259 .
1722 246 1847 268 .‘..

1617 360 1981 419 EUSTATHII
2019 361 2419 423 HEXABIERI
2457 363 2662 422 LIBER
2695 365 2785 423 ιχ.

543 491 723 549 cibum
748 488 987 557 sibimet,
1016 495 1076 544 ut
1101 485 1355 552 diximus,
1380 484 1698 550 admovere;
1723 498 1817 553 qui
1844 488 1995 540 velut
2023 499 2140 540 ser-
2164 487 2215 547 Δ
2241 485 2368 542 licta
2395 487 2787 559 contemplans,
2817 488 3023 545 tardior
3048 496 3134 545 est
3156 501 3284 559 erga
3310 502 3538 545 sitorum
3563 489 3841 559 cognitis-

545 600 680 658 pens
704 584 921 654 quidam
950 583 1202 639 sinuosus
1230 587 1287 637 et
1326 579 1591 643 lubricus,
1641 578 1750 634 huc
1795 584 1962 647 atque
2010 578 2138 636 illuc

546 678 795 735 flectitm'.
826 676 904 741 ita
929 690 1088 732 verus
1119 681 1204 731 est
1230 688 1410 729 sermo
1431 672 1524 743 qui
1557 671 1749 729 asserit
1781 671 1913 726 nihil
1941 670 2137 733 minus,

547 770 679 826 nihil
706 767 1030 840 superﬂuum
1059 767 1113 822 in
1146 775 1173 803 *ι
1213 778 1397 821 rerum
1424 771 1673 820 creatura
1712 762 1957 833 reperiri.
1991 760 2144 817 Haec

548 870 727 917 tamen
754 861 927 930 ipsam
948 859 1192 915 abelluam
1222 865 1332 913 tam
1359 857 1635 926 irigentem
1675 855 1819 911 Deus
1840 853 2145 924 subiectam

436 990 443 997 -
550 952 704 1009 nobis
731 966 852 1007 esse
880 950 1136 1021 pnecepit
1162 968 1174 1003 :
1208 957 1273 1007 ut
1297 957 1355 1005 et
1372 948 1522 1020 quod
1543 947 1832 1007 doceretur
1859 945 2142 1016 intelligat,

551 1053 607 1099 ct
633 1043 763 1099 dum
796 1042 1018 1099 cmditur
1043 1042 1304 1113 patiatur,
1331 1038 1618 1097 manifeste
1642 1038 1926 1095 declarans
1952 1045 2149 1095 cuncta

524 1137 710 1192 ‘nohis
754 1136 874 1192 ideo
902 1134 1065 1193 fuisse
1109 1133 1418 1204 subiugata;
1465 1132 1593 1202 quia
1620 1146 1725 1188 nos
1764 1130 1833 1186 ad
1862 1130 2149 1200 imaginem

557 1227 651 1285 Dei
680 1227 807 1285 facti
830 1240 1038 1296 sumtis,
1067 1235 1123 1284 et
1149 1242 1261 1285 non
1290 1224 1463 1281 solum
1486 1224 1539 1281 in
1566 1223 1813 1281 maximis
1829 1223 2151 1279 anhnalihus

557 1320 675 1389 eius
692 1319 1115 1377 inaestimabilem
1135 1317 1455 1389 sapientiam
1474 1330 1763 1386 pessumus
1774 1314 2148 1385 contemplari,

558 1411 651 1469 sed
668 1410 723 1466 in
746 1410 983 1466 minimis
997 1422 1214 1479 quoque
1228 1407 1470 1464 bestiolis
1484 1405 1675 1463 eadem
1691 1404 2034 1461 considerare
2048 1403 2154 1459 mi-

464 1537 473 1546 α
560 1502 765 1559 racula.
794 1500 948 1558 Sicut
965 1500 1107 1556 enim
1130 1514 1238 1556 non
1262 1498 1393 1555 satis
1412 1488 1652 1554 admiror
1680 1511 1999 1567 magnon
2029 1510 2153 1551 ver-

563 1593 698 1648 tices
725 1592 986 1649 montium
1007 1591 1157 1661 quia,
1180 1605 1302 1649 cum
1322 1590 1557 1661 proximi
1580 1589 1813 1647 nubibus
1832 1588 2149 1651 habeantur,

564 1683 797 1740 assiduis
821 1681 1037 1739 ﬂatibus
1080 1680 1429 1750 gravissimas
1470 1679 1750 1751 perferunt
1775 1685 2150 1749 tempestates,

563 1776 647 1832 vel
668 1790 699 1831 e
719 1782 906 1832 contra
935 1773 1308 1845 speluncarum
1329 1772 1659 1840 eavationes,
1684 1770 1811 1840 quia
1842 1784 1950 1825 non
1978 1768 2154 1824 solum

2243 595 2367 635 nem
2392 580 2645 635 vitiorum
2667 620 2684 646 ,
2732 580 2874 636 unde
2919 581 3083 636 etiam
3128 596 3271 636 nunc
3313 593 3537 651 quoque
3577 581 3857 660 veitieiter.

2243 673 2433 729 alienis
2457 673 2668 729 actibus
2704 672 2721 712 ί
2761 688 2942 730 sermo
2967 673 3227 740 decumis,
3255 672 3505 730 obtusior
3527 673 3763 730 habetur
3782 680 3847 731 et

2244 767 2449 839 pigrior
2486 767 2553 822 ad
2600 767 2956 823 examinanda
3003 782 3125 838 quae
3169 773 3335 822 sunt:
3373 773 3434 822 et
3475 782 3587 822 non
3632 775 3747 821 tam
3772 782 3845 824 ex

2245 859 2638 914 elemenmmm
2678 858 3070 929 compositione
3096 865 3350 928 reputare
3375 871 3666 927 possumus
3695 856 3848 912 Con-

2246 951 2499 1020 ditoretn,
2523 965 2686 1022 quam
2705 950 2869 1006 etiam
2898 965 2967 1006 ex
2995 957 3180 1005 nostra
3203 949 3447 1020 ipsorum
3475 947 3843 1005 formatione:

2248 1042 2293 1099 si
2321 1050 2502 1099 tamen
2538 1058 2599 1098 se
2643 1043 2879 1113 quisque
2903 1041 3035 1097 velit
3059 1040 3359 1112 prudenter
3383 1040 3675 1111 inspicere,
3701 1040 3851 1093 sicut

2249 1135 2379 1192 dicit
2394 1136 2662 1206 propheta
2688 1153 2701 1190 :
2734 1135 3023 1208 Miriﬁeata
3053 1144 3133 1190 est
3160 1135 3304 1191 notio
3334 1142 3427 1188 tua
3456 1151 3524 1189 ex
3551 1150 3635 1188 me
3662 1130 3845 1201 (Psat.

2250 1243 2505 1292 cxxxviu,
2526 1227 2614 1297 6);
2661 1228 2711 1282 id
2740 1236 2852 1294 est,
2893 1227 3021 1283 dum
3065 1243 3153 1283 me
3180 1228 3354 1298 ipsum
3384 1227 3619 1291 intueor,
3654 1226 3849 1280 inetia-

2252 1319 2373 1376 bilis
2398 1329 2504 1375 tua:
2549 1320 2828 1390 sapientia:
2868 1318 3022 1375 disco
3075 1318 3349 1373 virtutem.
3402 1314 3475 1370 Et
3518 1316 3655 1370 dicit
3678 1314 3847 1374 Deus.

2254 1414 2509 1485 {uiam
2549 1412 2824 1467 hominem.
2878 1410 2981 1467 Ubi
3008 1420 3135 1467 sunt
3179 1426 3323 1468 nunc
3363 1409 3573 1475 tudel,
3617 1410 3761 1481 qui!
3796 1409 3848 1462 in

2253 1504 2601 1573 sequentibus
2657 1505 2801 1560 velut
2852 1519 2952 1575 per
2995 1503 3257 1575 quamam
3306 1518 3571 1559 cavernas
3622 1500 3850 1556 Deitatis

2255 1595 2375 1651 luce
2403 1594 2657 1665 fulgente.
2685 1597 3029 1669 secundaque
3066 1611 3300 1667 persona
3328 1611 3450 1666 qua:
3473 1594 3699 1667 mystice
3725 1592 3849 1662 qui-

2256 1688 2379 1744 dem
2401 1688 2725 1755 declaratur,
2778 1690 3007 1751 necdum
3028 1698 3235 1745 'tamen
3264 1688 3548 1744 manifeste
3574 1687 3863 1757 conspici-‘

2257 1790 2366 1845 tur,
2391 1783 2766 1853 repugnabant
2786 1782 3030 1839 dicentes
3049 1782 3263 1837 sibimet
3282 1783 3459 1851 ipsum
3488 1780 3637 1849 tingui
3660 1779 3849 1845 Deum,

563 1876 849 1925 ventorum
876 1866 1116 1923 fremitus
1142 1865 1348 1923 evitare
1369 1864 1567 1932 solent,
1594 1864 1793 1934 quibus
1820 1860 1990 1918 ardua
2012 1876 2149 1932 qua-

2259 1874 2509 1946 quoniam
2555 1874 2670 1945 ipse
2712 1874 2849 1929 dixit
2885 1882 2940 1929 et
2986 1875 3102 1946 ipse
3150 1873 3309 1942 flecit,
3342 1872 3469 1927 Fiat
3494 1872 3606 1937 tum,
3638 1881 3689 1925 et
3710 1873 3851 1942 facta

565 1960 786 2026 tiuntur,
810 1958 905 2016 sed
925 1957 1252 2028 sempiterna
1272 1956 1434 2012 etiam
1457 1954 1484 1994 δ
1510 1954 1770 2026 temperie
1786 1953 2153 2021 gratulantur:

532 2053 640 2133 ‘sic
667 2061 722 2109 et
750 2052 803 2108 in
831 2051 1142 2107 animalium
1166 2049 1337 2107 forma
1355 2089 1372 2114 ,
1408 2064 1515 2106 non
1546 2057 1748 2105 tantam
1776 2048 2156 2105 vastitudinem

563 2143 833 2215 elephanti
858 2150 1070 2212 stupeo,
1107 2149 1371 2212 quantum
1395 2157 1623 2207 murem,
1652 2141 1746 2211 qui
1774 2140 2156 2198 formidolosus

563 2234 852 2305 elephanto
897 2242 1012 2297 est,
1060 2232 1147 2289 vel
1190 2232 1437 2289 aculeum
1483 2232 1892 2289 subtilissimum
1932 2232 2154 2302 scorpii,

563 2340 725 2396 quem
754 2334 1008 2395 tanquam
1036 2323 1273 2381 ﬁstulam
1300 2323 1591 2395 quamdam
1616 2324 1881 2394 sapientia
1908 2322 2156 2395 perfora-

570 2415 649 2503 vit
677 2414 914 2483 artiﬁcis,
938 2424 998 2471 ut
1019 2430 1113 2486 per
1132 2430 1254 2471 eam
1276 2415 1423 2471 virus
1440 2431 1472 2471 a
1494 2430 1554 2470 se
1573 2414 1868 2470 vulneratis
1890 2414 2155 2483 injiceret.

571 2505 679 2562 Sed
708 2506 881 2562 nullus
927 2506 999 2562 ob
1045 2506 1149 2561 hoc
1195 2504 1557 2576 reprehendat
1593 2503 1939 2562 Conditorem
1966 2524 1978 2560 :
2010 2506 2158 2576 quod

571 2600 696 2655 vitae
740 2606 941 2663 nostra:
985 2598 1186 2654 bestias
1213 2613 1517 2655 venenosas
1563 2598 1825 2654 adhibuit.
1854 2598 1933 2654 ita
1960 2611 1981 2640 ι
2013 2600 2159 2656 enim

566 2690 690 2760 quis
716 2699 768 2746 et
796 2698 1186 2762 praeceptorem
1215 2689 1546 2747 insimulabit
1592 2690 1854 2746 infantum
1874 2730 1887 2755 ,
1918 2691 2011 2760 qui
2036 2690 2158 2747 olli-

568 2782 653 2839 eia
680 2797 776 2838 eos
803 2781 1098 2853 disciplina:
1124 2781 1398 2839 custodire
1423 2781 1780 2853 compellens,
1815 2781 2062 2837 lascivias
2104 2789 2161 2838 et

568 2874 948 2946 protervitates
974 2873 1187 2929 illorum
1216 2874 1378 2930 minis
1407 2873 1830 2944 verberibusque
1858 2874 2105 2943 castigat.

640 2966 691 3020 6.
733 2965 872 3033 Quin
900 2967 1081 3036 potius
1116 2963 1511 3022 confessionem
1540 2964 1668 3021 fidei
1713 2965 1871 3022 nobis
1902 2966 2158 3036 intelligi-

571 3070 704 3128 mus.
729 3070 819 3111 res
855 3055 1045 3111 noxias
1072 3054 1331 3111 indicare.
1374 3056 1432 3112 Si
1461 3056 1606 3113 enim
1635 3055 1866 3113 confidis
1893 3057 1946 3113 in
1976 3056 2161 3113 Domi-

572 3162 721 3214 num,
751 3162 904 3218 super
937 3146 1167 3218 aspidem
1203 3154 1254 3200 et
1278 3145 1579 3203 basiliscum
1607 3147 1920 3215 ambulabis,
1952 3158 2001 3202 et
2028 3165 2158 3205 con—

2260 1975 2338 2020 est
2374 1964 2502 2020 lux?
2538 1964 2706 2020 Erant
2756 1964 2971 2034 quidem
3022 1965 3077 2019 in
3124 1971 3377 2035 promptu
3400 2004 3416 2028 ,
3449 1970 3507 2019 et
3549 1976 3693 2016 nunc
3730 1974 3850 2029 qm:

2259 2058 2421 2114 modo
2471 2056 2817 2127 proferuntur
2864 2056 2933 2111 ab
2982 2055 3064 2111 eis
3104 2055 3337 2125 ineptiae.
3369 2052 3503 2120 Quis
3526 2052 3674 2107 enim
3703 2049 3853 2104 faber

2256 2148 2510 2205 ferrarius
2533 2189 2550 2213 ,
2579 2156 2673 2203 aut
2701 2148 3074 2218 carpentarins
3095 2188 3109 2212 ,
3142 2154 3234 2201 aut
3275 2145 3551 2201 coriorum
3576 2141 3857 2197 cirnfei-tor

2257 2242 2405 2297 solus
2431 2242 2486 2296 in
2513 2257 2614 2297 suo
2655 2240 2959 2297 consistens
3003 2238 3306 2309 ergastulo,
3335 2237 3424 2293 cui
3454 2236 3481 2274 ιι
3510 2235 3697 2291 nulum
3724 2233 3859 2290 artis

2258 2336 2440 2391 socius
2484 2344 2682 2406 praesto
2711 2343 2821 2397 est,
2866 2334 3080 2389 sibimet
3118 2332 3236 2402 ipse
3268 2331 3419 2411 dicit,
3449 2329 3716 2386 faciamus
3744 2328 3861 2407 ει..

2258 2428 2404 2484 dium
2430 2469 2443 2493 ,
2497 2429 2581 2483 vel
2630 2436 2868 2483 aratrum
2913 2425 3386 2497 compaginemus,
3439 2432 3535 2479 aut
3562 2424 3861 2479 manemus

2258 2519 2529 2585 calceum;
2561 2525 2617 2574 et
2651 2533 2761 2572 non
2790 2517 2962 2591 magis
2989 2517 3187 2571 tacitus
3210 2515 3450 2585 speciem
3476 2528 3647 2583 quain
3676 2523 3865 2569 mente

2259 2598 2550 2668 destinavit
2578 2611 2854 2683 inceptat?
2884 2609 3093 2665 Etenim
3118 2622 3255 2664 vana
3286 2607 3579 2678 garrulitas
3605 2615 3709 2671 est,
3760 2609 3860 2662 h0-

2260 2691 2462 2761 mindm
2489 2704 2796 2775 quempiam
2820 2742 2835 2767 ,
2880 2703 3027 2758 velut
3072 2701 3309 2773 iudicem
3344 2710 3439 2755 aut
3465 2714 3754 2756 eertsorem
3782 2699 3857 2755 di-

2268 2797 2453 2852 stricto
2481 2796 2697 2851 sibimet
2723 2794 2924 2864 aliquid
2963 2795 3250 2865 imperare.
3296 2790 3619 2861 Quanquam
3642 2790 3697 2845 hi
3719 2806 3858 2860 quo-

2259 2902 2366 2957 que
2411 2886 2503 2954 qui
2550 2884 2836 2940 Dolninum
2886 2881 3266 2940 cruciflxerunt
3292 2921 3308 2947 ,
3359 2883 3491 2954 quill
3529 2896 3629 2936 non
3652 2880 3851 2935 dictun'

2259 2981 2405 3045 sint,
2454 2979 2779 3035 etercitatas
2824 2978 2893 3033 ad
2938 2976 3279 3034 mendacium
3326 2976 3541 3045 linguas
3562 2974 3849 3040 habentes,

2260 3071 2385 3127 licet
2432 3084 2670 3142 prmsens
2709 3086 2816 3127 vox
2855 3085 3047 3126 eorum
3095 3069 3311 3141 penitus
3350 3083 3450 3123 ora
3482 3065 3854 3138 praeluserit!

2261 3162 2330 3219 Et
2355 3164 2489 3218 dixit
2508 3163 2671 3228 Deus,
2706 3160 2991 3217 Faciamus
3022 3161 3302 3217 hominem.
3344 3158 3535 3215 Donec
3559 3160 3729 3229 igitur
3754 3158 3846 3211 ini-

571 3238 795 3297 cttlcabis
826 3240 1024 3295 leonem
1063 3248 1115 3295 et
1139 3240 1421 3295 draconem
1451 3241 1627 3313 (Psal.
1655 3259 1743 3309 xc,
1774 3241 1886 3313 15).
1918 3241 2155 3301 Remini-

2263 3258 2408 3312 nime
2435 3256 2530 3325 qui
2555 3254 2846 3311 doceretur
2872 3253 3153 3320 existeret,
3184 3252 3238 3307 in
3257 3250 3534 3321 profundo
3556 3250 3661 3306 fuit
3681 3250 3849 3309 abdita

446 3373 455 3381 .
571 3347 724 3391 scere
752 3346 984 3401 namque
1012 3330 1286 3403 quomodo
1315 3328 1515 3388 Paulus
1544 3348 1665 3389 cum
1697 3333 1839 3403 ligna
1860 3336 2148 3405 colligeret

572 3441 756 3483 morsu
797 3426 997 3498 vipera:
1042 3425 1315 3481 sauciatus
1338 3465 1354 3492 ,
1388 3425 1520 3481 nihil
1548 3425 1783 3483 lmsionis
1809 3429 2056 3498 accepit:
2087 3428 2161 3486 ob

575 3519 680 3575 hoc
706 3519 943 3586 scilicet,
975 3517 1120 3591 quod
1144 3518 1269 3576 fidei
1300 3520 1509 3591 plenus,
1534 3520 1615 3577 vir
1661 3521 1752 3581 ille
1790 3523 2161 3580 sanctissimus

574 3609 600 3648 ἀ
619 3611 935 3667 habebatur.
965 3610 1061 3669 Sin
1088 3620 1271 3669 autem
1300 3610 1467 3668 fueris
1489 3610 1741 3679 inﬁdelis,
1764 3628 1871 3669 non
1903 3622 2015 3670 tatu
2040 3631 2159 3673 ser-

574 3711 788 3774 pentem
810 3711 1055 3760 metuere
1077 3702 1319 3772 debebis,
1341 3703 1436 3759 sed
1465 3702 1836 3761 infidelitatem
1862 3708 2159 3778 propriam,

575 3807 675 3865 per
701 3809 863 3865 quam
899 3802 958 3851 tu
989 3805 1041 3851 te
1070 3795 1184 3866 ipse
1211 3795 1505 3865 perditioni
1543 3796 1840 3855 obnoxium
1866 3800 2158 3870 perfecisti.

581 3896 605 3945 β
629 3885 731 3952 Sed
748 3901 856 3958 iam
881 3886 1056 3943 sentio
1076 3901 1165 3944 me
1203 3887 1451 3944 humanae
1478 3889 1774 3948 nativitatis
1801 3890 1986 3948 debito
2010 3890 2163 3962 ﬂagi-

578 3978 718 4046 tari,
767 3986 824 4035 et
871 3978 1176 4035 auditorum
1221 3993 1385 4035 voces
1411 3979 1466 4035 in
1494 3979 1752 4037 cordibus
1777 3981 1938 4039 audio
1964 3984 2162 4043 mussi-

576 4076 768 4136 tantes,
800 4085 868 4126 co
883 4071 1029 4141 quod
1051 4079 1238 4127 nostra
1262 4071 1480 4141 quidem
1508 4073 1688 4144 qualia
1716 4074 1825 4131 sint
1852 4074 2160 4141 doceamus,

576 4171 787 4219 nosmet
814 4179 947 4220 vero
968 4165 1115 4236 ipsos
1142 4165 1473 4235 ignoremus.
1506 4163 1878 4223 Necessarium
1906 4175 1991 4224 est
2007 4180 2161 4236 ergo,

575 4255 770 4310 nubem
798 4256 944 4312 illam
990 4272 1112 4329 quae
1164 4260 1443 4315 hominum
1470 4276 1661 4318 sensus
1683 4263 1879 4333 caligat
1907 4264 2159 4335 eripere:

576 4363 701 4403 nam
747 4365 934 4406 revera
972 4352 1212 4408 omnium
1252 4368 1538 4410 causarum
1584 4354 1954 4415 difﬁcillimum
1998 4365 2083 4414 est
2104 4373 2166 4414 se

580 4439 754 4511 ipsum
782 4455 1128 4511 cognoscere.
1183 4443 1318 4500 Non-
1350 4446 1501 4501 enim
1536 4447 1685 4503 solus
1721 4450 1912 4505 oculus
1956 4466 2022 4506 ea
2043 4467 2164 4523 qua:

578 4534 916 4595 extrinsecus
950 4535 1215 4593 habentur
1250 4538 1571 4609 inspiciens,
1611 4541 1851 4612 seipsam
1882 4558 1990 4599 non
2018 4546 2168 4601 valet

2261 3347 2576 3419 praedicatio
2604 3347 2849 3403 Deitatis.
2902 3344 3004 3401 Ubi
3044 3360 3176 3401 vero
3213 3343 3380 3414 cepit
3407 3343 3653 3399 hominis
3678 3357 3857 3413 exspe

2261 3440 2398 3495 ctari
2426 3439 2665 3503 creatio,
2694 3438 2936 3494 revelata
2964 3444 3050 3494 est
3078 3436 3233 3501 fides,
3263 3443 3322 3493 et
3349 3435 3637 3492 evidenter
3664 3435 3861 3503 dogma

2265 3530 2503 3586 veritatis
2530 3530 2769 3585 emicuit.
2827 3529 3083 3586 Ausculta
3101 3574 3115 3597 ,
3147 3526 3332 3584 Judme
3358 3525 3562 3585 Glirbti
3592 3540 3865 3599 repugna-

2265 3633 2371 3694 tor,
2401 3625 2678 3695 quomodo
2705 3625 2909 3679 socium
2940 3621 3395 3678 mundificationis
3416 3621 3731 3691 alloquitur,
3759 3633 3865 3690 per

2263 3732 2425 3787 quem
2465 3716 2662 3773 stccula
2713 3715 2870 3785 fecit,
2910 3715 3002 3786 qui
3043 3714 3154 3783 agit
3192 3714 3369 3769 omnia
3396 3713 3561 3768 verba
3587 3713 3862 3781 potet-tim

2263 3825 2409 3866 sum:
2440 3809 2533 3865 sed
2562 3817 2687 3865 tuus
2715 3810 2925 3864 animus
2949 3807 3111 3864 verba
3145 3822 3255 3862 non
3288 3805 3466 3876 recipit
3493 3805 3728 3875 pietatis.
3762 3802 3856 3858 δίη

2264 3908 2356 3955 cut
2400 3900 2545 3955 enim
2593 3899 2721 3955 ferae
2763 3914 2887 3955 cum
2933 3897 3286 3957 includuntur
3332 3898 3384 3953 in
3429 3896 3626 3960 meis,
3655 3895 3861 3953 vulvas

2266 4010 2452 4051 carum
2498 3993 2753 4049 dentibus
2799 3991 3073 4059 exedunt,
3126 3989 3537 4045 amaritudinem
3574 3989 3860 4059 propriam

2265 4086 2700 4141 demonstrantes
2724 4126 2738 4150 ,
2769 4082 3007 4137 furorem
3050 4088 3232 4137 tamen
3268 4095 3427 4136 suum
3458 4087 3730 4149 nequeunt
3757 4094 3859 4133 ex-

2265 4178 2454 4249 plere:
2500 4177 2585 4232 sic
2628 4174 2843 4231 Iudaeus
2892 4173 3235 4230 adversarius
3284 4172 3555 4241 veritatis,
3586 4170 3859 4241 alligatio-

2269 4284 2395 4325 num
2424 4276 2731 4326 coarctatus
2754 4266 3017 4336 angustiis
3034 4307 3047 4333 ,
3080 4266 3276 4320 multas
3301 4265 3498 4320 asserit
3525 4279 3646 4319 esse
3672 4279 3860 4335 perso-

2266 4378 2397 4419 nas'
2429 4361 2495 4417 ad
2521 4376 2654 4432 quas
2682 4344 3044 4414 Verbuin‘Dei
3070 4358 3399 4429 processisse
3428 4350 3708 4412 mentitur.
3754 4353 3860 4409 Fc-

2268 4461 2394 4509 runt
2424 4453 2587 4518 enim,
2615 4449 2759 4521 quod
2784 4448 2987 4529 angelis
3011 4449 3209 4505 dixerit
3234 4465 3247 4515 ;
3278 4447 3565 4502 Faciamus
3580 4447 3863 4505 hominem.

2268 4545 2491 4601 Judaica
2533 4548 2662 4599 vere
2702 4541 2850 4599 fictio
2868 4584 2883 4609 ,
2915 4555 3132 4611 suaeque
3159 4540 3317 4610 digna
3339 4538 3576 4612 perﬁdia:
3607 4538 3865 4595 fabulosi«

577 4626 771 4683 intueri
798 4645 810 4682 :
861 4627 958 4683 sed
998 4628 1164 4683 etiam
1190 4643 1345 4684 mens
1385 4630 1499 4700 ipsa
1528 4632 1659 4687 satis
1687 4640 1843 4688 acute
1866 4633 2042 4690 aliena
2064 4636 2161 4692 de-
2187 4633 2246 4697 1)
2272 4640 2380 4695 tas!
2420 4637 2489 4693 Ut
2527 4652 2695 4693 unum
2736 4651 2843 4692 non
2872 4635 3165 4706 recipiant,
3212 4633 3476 4705 plurimus
3515 4632 3864 4700 conﬁtentur,

647 4852 846 4934 {idem
870 4853 1060 4934 codex,
1077 4853 1142 4934 in
1167 4869 1340 4934 rerum
1364 4862 1601 4934 adure:
1622 4856 1718 4934 sed
1741 4864 1919 4934 tamen
1948 4860 2166 4934 vulgata

577 4923 736 4978 lectio
767 4924 821 4977 in
847 4939 939 4978 ora
970 4923 1093 4979 libri
1123 4933 1359 4981 notatur.
1390 4924 1517 4981 Mox
1546 4927 1636 4982 ille
1664 4930 1780 4996 ipse
1803 4929 1996 5000 codex,
2026 4923 2163 4987 idem

577 4994 709 5048 auod
727 4994 957 5048 docetur.

575 5003 957 5066 quod_docetur.

645 5063 672 5103 δ
702 5063 1137 5138 ῌᾲίιίνιεηψονᾳ.
1171 5064 1316 5121 Libri
1345 5074 1575 5134 veteres,
1608 5070 1868 5138 temperie.

648 5147 680 5217 ο.
875 5134 1237 5217 ita
1255 5138 1462 5217 enimet
1485 5141 1598 5217 quis
1627 5134 1992 5217 praeparent
2020 5143 2162 5217 insi-

574 5206 787 5281 mulabit
808 5207 1082 5281 infantem.
1111 5205 1275 5281 Vetus
1292 5215 1479 5281 noster
1498 5205 1673 5281 cpdex
1693 5217 1751 5264 et
1774 5205 1927 5265 Colb.
1953 5212 2159 5281 primus

575 5283 634 5330 ut
662 5277 712 5330 in
742 5275 1018 5333 contextu.
1050 5275 1244 5333 Statim
1274 5277 1400 5333 editi
1429 5288 1485 5332 et
1511 5278 1663 5334 Colb.
1691 5281 1909 5347 primus,
1941 5275 1992 5336 et
2012 5285 2159 5337 vani-

575 5355 725 5400 tates.
758 5346 858 5420 Alii
879 5348 986 5404 duo
1011 5364 1163 5414 mss.,
1187 5357 1238 5402 et
1258 5351 1634 5420 protervitates.
1672 5346 1807 5420 ςτεεὰ

574 5439 713 5472 στιιν.
754 5418 953 5493 ibidem
977 5436 1102 5493 Inss.
1135 5418 1267 5493 duo,
1290 5418 1656 5490 intelligamus.
1677 5418 1844 5478 Paulo
1861 5424 2153 5493 postColb.

574 5490 860 5560 secundus,
887 5491 1109 5560 conﬁdis
1128 5492 1184 5546 in
1208 5490 1394 5546 Deum.
1479 5500 1489 5511 ‘

648 5558 671 5595 ἀ
895 5558 1163 5632 habeatur.
1194 5562 1411 5632 Antiqui
1440 5561 1548 5615 duo
1580 5563 1720 5627 libri,
1752 5564 2055 5621 habebatur.

650 5639 686 5703 0A
702 5627 842 5703 Editi
870 5638 923 5684 et
949 5630 1115 5703 Colb.
1128 5627 1355 5703 primus,
1369 5633 1461 5686 sed
1475 5635 1591 5703 jam
1610 5650 1894 5689 sermonem
1917 5636 2157 5691 lmmamc

573 5701 881 5765 nativitatis,
910 5709 1016 5755 etc.
1059 5701 1160 5775 Adii
1182 5702 1290 5758 duo
1311 5719 1439 5758 mss.
1459 5701 1589 5768 ,sed
1611 5705 1725 5775 jam
1753 5706 1921 5773 sentio
1948 5722 2028 5760 me
2058 5709 2153 5761 lm-

575 5779 771 5847 ζιραηςςρ,
800 5771 1101 5847 ctc.,__quod
1140 5787 1325 5847 verum
1371 5782 1585 5847 esseet
1611 5771 1934 5843 germanum
1964 5780 2155 5847 probat

572 5832 1094 5909 liasilianum'illnd,
1147 5844 1270 5898 ἀλλὰ
1293 5848 1389 5919 γὰρ
1413 5832 1728 5917 αἱσθάνοῇαι.
1780 5832 1978 5903 Statim
2020 5865 2145 5903 mss.

1723 5366 1875 5416 nece,
1900 5358 1956 5409 τί
1976 5357 2159 5410 ἆκὸλα-
2186 5407 2193 5413 .

2270 4861 2408 4942 duo,
2453 4866 2636 4942 nostra
2659 4861 2888 4942 quidem.
2916 4861 3057 4921 Vox
3108 4865 3295 4942 ultima
3324 4866 3376 4920 in
3403 4865 3561 4942 editis
3589 4863 3866 4942 desidera~

2270 4932 2449 4988 batur.
2500 4931 2608 4987 Nec
2655 4931 2730 4986 ita
2778 4934 2947 4990 multo
2976 4943 3098 5006 post
3129 4936 3284 4993 Colb.
3312 4936 3601 5001 secundus,
3634 4936 3865 4991 hominis

2271 5020 2469 5060 σεηειιδ.

2348 5074 2365 5112 ί
2402 5076 2622 5150 Antiqui
2667 5079 2775 5136 duo
2816 5077 2938 5150 libri
2968 5086 3032 5150 et
3046 5077 3173 5150 editi
3189 5121 3227 5150 ,_
3248 5078 3512 5150 decursus.
3544 5077 3737 5150 Codex
3760 5092 3867 5131 no-

2267 5153 2399 5221 ster,
2431 5145 2682 5221 decursis.
2716 5149 2920 5221 ibidem
2951 5148 3082 5221 editi
3110 5156 3167 5205 et
3190 5145 3605 5221 Colb.'primus,
3646 5145 3867 5201 habetur

2267 5224 2316 5270 et
2342 5218 2789 5291 pinguior.Colb.
2812 5259 2827 5285 ,
2874 5217 3091 5275 habetur
3117 5236 3220 5275 non
3244 5217 3445 5291 purior.
3478 5219 3646 5276 Vetus
3676 5226 3868 5291 noster

2269 5288 2499 5374 codex",
2531 5290 2746 5374 liabet?!
2783 5291 3090 5374 etpigrior:
3121 5298 3175 5346 et
3205 5288 3405 5374 italcgi
3434 5300 3689 5364 oportere
3730 5290 3868 5344 satis

2271 5360 2659 5437 ostenditjllnd
2691 5359 3001 5437 Basilii,__3:ai
3040 5359 3175 5419 ῖκνον
3207 5359 3422 5437 πὶῂρῆςτ

2343 5439 2363 5473 6
2401 5428 2534 5505 Illud
2581 5434 2637 5486 in
2679 5428 3343 5505 sequentibusrrespondét
3370 5433 3456 5489 his
3487 5431 3685 5505 Grmcis
3712 5433 3870 5489 voci-

2268 5515 2369 5554 nus
2392 5542 2406 5566 ,
2439 5503 2488 5575 ἐν
2517 5513 2621 5575 τοῖς
2653 5503 2890 5575 auriga;
2941 5504 3035 5559 sed
3086 5503 3265 5575 pctius
3307 5504 3623 5562 vertendum
3657 5512 3775 5561 erat
3808 5505 3869 5557 in

2269 5572 2693 5651 prteredentibus.
2748 5573 2867 5629 Mox
2898 5575 3059 5651 editi,
3086 5572 3307 5651 necdum
3334 5586 3459 5651 tum.
3506 5575 3728 5651 Antiqui
3749 5575 3869 5630 duo

2270 5641 2411 5707 libri,
2442 5645 2657 5698 necdum
2686 5654 2875 5698 tamen.
2910 5643 3017 5700 Nec
3047 5646 3118 5700 ita
3144 5647 3314 5701 multo
3339 5646 3470 5702 infra
3496 5641 3867 5703 Colbfsccunv

2258 5711 2377 5787 dus,
2393 5714 2757 5787 “inprompty,
2783 5724 2833 5787 et
2856 5724 2976 5787 tunc
3006 5732 3138 5787 qum.

2330 5780 2366 5855 '1
2391 5780 2530 5855 Editi
2580 5780 2831 5840 ct'Colb.
2887 5780 3117 5855 primus,
3171 5787 3380 5842 nullius.
3427 5788 3527 5843 Alii
3566 5789 3673 5842 dun
3704 5804 3863 5851 inss.,

2259 5853 2447 5907 nullus.
2486 5853 2597 5910 Hoc
2628 5856 2744 5925 ipso
2775 5856 2827 5909 iu
2860 5853 2982 5911 loco
3013 5853 3119 5913 duo
3150 5873 3303 5924 mss.,
3336 5858 3665 5931 sibimetipsi.
