4110 6336
221 375 336 436 ³65
1333 376 1626 450 POLEMEI
1666 392 1885 450 SYLVII
1926 390 2401 449 LA'rsncuws.
3400 390 3518 446 suo

220 496 498 569 filiumque
534 501 742 559 famulis
767 518 863 575 per
888 503 1355 574 pai-ticipationem
1384 503 1658 573 dignitatis
1686 519 1817 559 asct-
1843 515 1893 565 Α
1921 516 2277 572 personarum
2339 500 2678 557 multitudine
2721 500 3042 558 declinares.
3109 502 3190 556 Ad
3228 503 3507 576 imaginar-

225 603 429 660 scunt,
479 598 538 647 et
581 602 608 631 ⁸
637 595 968 650 conlibertus
1012 603 1230 650 nostros
1276 605 1525 651 auctores
1568 595 1818 649 humanm
1922 591 2022 647 Dei
2065 593 2187 664 fecit
2234 592 2513 647 hominem.
2565 592 2800 653 Rursum
2847 603 3193 663 cooperantts
3222 609 3504 664 personam

225 677 568 740 formatiouis
615 684 895 752 cilicium,
946 686 1288 756 hominisque
1331 686 1690 757 perfectorem
1723 702 1820 740 vo-
1922 682 2146 738 inducit.
2196 682 2311 737 Non
2341 683 2487 738 enim
2526 683 2662 737 dixit
2690 702 2702 738 :
2729 682 2876 739 Fecit
2915 685 2988 738 ad
3023 685 3303 757 imaginem
3335 703 3506 747 suam.

226 770 349 832 lunt
369 777 575 845 angelis
601 792 914 847 coaequare,
946 793 1067 833 cum
1108 780 1178 834 sit
1211 779 1501 834 absurdum
1542 786 1601 833 ut
1628 777 1816 849 quieti-

228 864 323 924 bet
360 866 566 924 factura
614 871 786 940 possit
824 872 1049 940 mqualis
1083 887 1203 928 esse
1230 873 1444 929 facturi.
1489 872 1817 928 Considere-

226 973 346 1013 lnus
374 974 587 1029 quoque
624 962 943 1031 sequentia:
977 960 1257 1019 Faciamus
1297 965 1555 1020 hominem
1578 965 1665 1031 ad
1692 966 1819 1018 ima-

225 1050 396 1120 ginem
441 1061 691 1107 nostram.
742 1053 880 1120 Quid
925 1054 1258 1124 respondes?
1307 1054 1550 1124 Nunquid
1598 1053 1692 1109 Dei
1760 1062 1817 1108 et

226 1142 538 1209 angelorum
580 1160 685 1199 una
728 1145 903 1214 imago
952 1148 1069 1209 est?
1118 1146 1249 1201 Nam
1282 1145 1455 1201 Patris
1483 1161 1703 1202 necesse
1730 1154 1819 1201 est

225 1233 469 1287 eamdem
509 1250 629 1290 esse
667 1249 829 1305 quam
859 1233 1010 1303 Filii,
1042 1239 1120 1293 sic
1147 1245 1355 1302 tamen,
1389 1245 1447 1291 ut
1475 1236 1589 1293 Deo
1617 1237 1815 1296 decens

224 1320 553 1392 intelligatur
591 1340 710 1381 esse
741 1326 938 1395 tigura,
971 1326 1021 1381 id
1045 1336 1161 1392 est,
1195 1328 1218 1365 δ
1253 1344 1359 1382 non
1390 1328 1442 1382 in
1473 1327 1658 1382 habitu
1689 1345 1813 1382 cor-

224 1429 413 1483 poreo,
437 1416 532 1471 sed
563 1418 615 1471 in
636 1416 818 1472 divina
846 1418 1177 1489 proprietate
1204 1420 1524 1474 consistens.
1559 1418 1814 1474 Ausculta

122 1538 131 1543 -
227 1514 284 1560 ιιι
315 1507 512 1575 etiam,
565 1510 658 1578 qui
705 1510 773 1565 de
818 1525 955 1565 nova
1004 1511 1410 1567 circumcisione
1446 1512 1811 1581 progrederis,

224 1596 484 1653 Judaismi
516 1601 717 1655 cultum
746 1601 846 1656 sub
865 1590 1283 1656 Christianitatis
1302 1602 1644 1656 simulatione
1665 1619 1814 1657 com-

224 1688 505 1745 mendans.
546 1690 644 1745 Cui
672 1690 833 1756 dicit,
859 1691 940 1744 Ad
966 1693 1245 1761 imaginem
1279 1700 1510 1765 nostram
1553 1690 1739 1763 (Hebr.
1772 1708 1808 1757 ι,

225 1780 302 1849 3),
334 1781 435 1835 nisi
478 1781 856 1841 illuminationi
885 1784 1097 1852 glorim,
1144 1793 1201 1839 et
1231 1785 1385 1838 titulo
1412 1792 1649 1855 pateram
1678 1785 1808 1839 sub-

196 1872 471 1939 stantiae,
520 1888 640 1943 qum
684 1883 766 1929 est
816 1874 992 1943 imago
1039 1874 1133 1930 Dei
1186 1875 1504 1930 invisibilis?
1532 1875 1653 1930 Sum
1679 1892 1809 1947 ergo

224 1962 461 2030 loquitur
490 1963 735 2033 imagini,
767 1981 887 2034 qum
911 1965 1047 2020 dixit
1072 1983 1082 2017 :
1127 1963 1239 2036 Ego
1267 1973 1317 2019 et
1351 1964 1510 2018 Pater
1532 1982 1689 2019 unum
1714 1982 1806 2021 su-

222 2071 336 2109 mtu
365 2055 545 2126 (Joan.
578 2074 630 2123 ι,
663 2058 788 2127 '50);
823 2066 896 2122 et,
931 2056 1031 2122 Qui
1058 2073 1139 2111 me
1162 2058 1294 2111 videt
1321 2066 1370 2111 et
1398 2056 1613 2112 Patrem
1640 2075 1808 2112 meum

194 2145 358 2198 ridet
393 2144 570 2216 (Joan.
604 2146 819 2217 xiv,~9),
854 2146 978 2202 huic
1018 2147 1182 2202 dicit:
1229 2145 1511 2202 Faciamus
1549 2149 1807 2202 hominem

221 2237 293 2290 ad
336 2239 611 2309 imaginem
663 2248 915 2293 nostram.
967 2237 1183 2293 Etenim
1220 2239 1312 2295 ubi
1350 2240 1525 2295 unitas
1563 2241 1807 2311 imaginis

222 2337 336 2394 est,
386 2329 522 2383 nihil
569 2337 749 2399 potest
788 2344 907 2385 esse
934 2329 1213 2386 diSsimile.
1262 2330 1378 2386 Non
1406 2331 1549 2386 enim
1577 2331 1712 2386 dixit
1741 2332 1808 2387 ad

222 2419 484 2488 imagines
510 2429 725 2475 nostras
749 2461 764 2485 ,
809 2422 949 2476 sicut
977 2430 1032 2476 et
1059 2420 1337 2492 Scriptura
1368 2430 1598 2477 testatur
1623 2441 1634 2475 :
1662 2420 1811 2477 Ferit

198 2507 383 2575 .Deus,
417 2511 608 2579 inquit,
642 2512 930 2566 hominem:
965 2528 1073 2568 non
1103 2515 1352 2584 fecertmt.
1399 2512 1699 2570 Prudenter
1725 2515 1809 2569 vi-

196 2602 357 2654 tavit
385 2617 526 2656 nunc
563 2603 958 2659 multitudinem
1001 2620 1353 2675 personarum
1385 2623 1397 2658 :
1430 2614 1489 2660 ut
1521 2618 1543 2645 ο
1572 2607 1661 2661 ubi
1691 2605 1809 2675 qui—

221 2691 344 2746 dem
367 2690 610 2748 Judaeum
639 2693 1027 2764 confunderet,
1057 2696 1144 2751 hic
1170 2697 1330 2751 ritum
1367 2698 1683 2767 gentilitatis
1712 2714 1807 2753 ex-

226 2782 484 2838 cluderet.
516 2784 641 2839 ldeo
668 2787 1109 2841 commemoravit
1133 2788 1425 2852 unitatem,
1455 2797 1513 2843 ut
1540 2798 1595 2843 et
1614 2789 1804 2845 Filium

221 2873 378 2927 simul
406 2891 526 2930 esse
549 2892 669 2932 cum
711 2877 871 2933 Patre
897 2893 1251 2948 cognosceres
1275 2900 1287 2934 :
1314 2889 1370 2936 et
1400 2883 1696 2952 periculum
1739 2884 1808 2938 de

226 3010 231 3015 ’
291 3010 486 3088 "Editi
512 3056 526 3079 ,
575 3025 622 3069 et
649 3032 761 3070 cum
788 3016 973 3073 liberos
1002 3027 1223 3073 nostros.
1272 3019 1425 3074 Colb.
1466 3020 1702 3088 primus,
1752 3028 1800 3072 et
1830 3021 1876 3085 C

216 3100 333 3136 cum
363 3082 570 3139 libertos
594 3098 818 3142 nostros.
867 3089 1033 3144 Vetus
1070 3098 1255 3144 noster
1288 3082 1495 3150 eodex',
1546 3100 1598 3143 et
1635 3082 1803 3146 conli-

215 3154 384 3208 bertos
413 3166 634 3211 nostros.
677 3156 896 3222 Gnece,
943 3165 1028 3215 καὶ
1058 3163 1176 3220 τοὺς
1210 3160 1535 3222 ὁμοδούλους.
1586 3159 1717 3217 Hine
1746 3167 1802 3216 et

214 3225 418 3349 religua
467 3226 648 3281 omnia
691 3229 757 3284 ad
806 3228 966 3285 tinem
1009 3245 1179 3299 usque
1219 3225 1414 3286 desunt
1440 3231 1492 3285 in
1520 3230 1674 3286 Colb.
1708 3247 1797 3285 sc-

213 3310 314 3348 cun
355 3311 408 3349 ο.

287 3337 501 3444 liuﬁditi,
534 3367 589 3421 id
615 3379 709 3433 est,
733 3387 843 3444 non
874 3369 1072 3444 itabittti
1100 3384 1365 3444 corporeo.
1394 3370 1463 3427 Δι
1488 3372 1665 3429 nostri
1688 3372 1795 3428 duo

211 3450 366 3500 mss.,
397 3436 453 3489 id
476 3446 573 3502 est,
602 3442 779 3495 nonin
803 3439 982 3495 habitu
1009 3436 1275 3512 corporeo.

224 3574 241 3601 Ι

1920 775 2015 831 scd
2044 776 2112 828 ad
2145 777 2425 847 imaginem
2453 775 2572 831 Dei.
2620 775 2690 832 Et
2720 777 2773 832 iu
2802 792 2911 847 quo
2939 778 3153 848 quidem
3185 778 3501 848 dispositum

1919 873 2005 921 est
2031 867 2230 921 habere
2277 867 2550 923 hominem
2595 868 2881 937 imaginem
2914 868 3037 933 Dei,
3093 870 3175 925 vel
3228 870 3494 939 quomodt‘

1920 954 1945 993 ἀ
1961 956 2154 1033 recipit
2171 955 2573 1012 similitudinem
2591 956 2910 1023 Divinitatis,
2926 957 2981 1012 in
2997 959 3343 1028 sequentibus
3359 958 3488 1016 Cbri

1919 1056 2005 1101 sto
2027 1062 2244 1101 sensqu
2291 1047 2552 1116 largiente
2597 1048 2921 1115 narrabitur,
2964 1064 3109 1105 nunc
3134 1065 3265 1105 vero
3296 1058 3504 1107 tantum

1892 1135 2121 1191 'dixisse
2146 1134 2378 1192 sufﬁciet
2399 1177 2414 1202 ,
2463 1137 2590 1208 quia
2617 1153 2723 1192 una
2752 1138 2928 1208 imago
2956 1147 3058 1194 est.
3104 1139 3221 1195 Tibi
3250 1156 3380 1196 vero
3406 1157 3503 1198 ουν

1921 1228 2107 1284 incidit
2135 1228 2188 1283 in
2234 1237 2473 1284 mentem
2502 1269 2519 1295 ,
2568 1237 2677 1284 tam
2726 1231 2988 1299 sacrilege
3023 1230 3414 1302 blasphemare,
3446 1238 3504 1296 ut

1918 1321 2127 1377 diceres
2144 1319 2356 1375 ~Filium
2386 1318 2534 1375 Patri
2562 1335 2683 1377 esse
2709 1322 3061 1379 dissimilem?
3088 1322 3132 1377 0
3152 1325 3387 1380 animum
3424 1326 3477 1380 in

1916 1414 2161 1482 gratum!
2207 1412 2610 1469 similitudinem
2660 1413 2756 1470 Dei
2794 1429 2957 1485 quam
2986 1422 3043 1471 tu
3066 1414 3181 1485 ipse
3206 1417 3502 1487 sumpsisti,

1916 1505 2319 1563 benefactorem
2347 1513 2498 1565 tuum
2528 1504 2729 1560 habere
2752 1521 2861 1561 non
2890 1496 3112 1575 pateris.
3155 1505 3223 1560 Et
3255 1507 3352 1563 tibi
3379 1509 3502 1578 qui-

1915 1597 2038 1653 dem
2084 1597 2361 1668 proprium
2403 1595 2484 1652 vis
2524 1611 2646 1652 esse
2674 1596 2829 1666 'quod
2855 1596 2925 1652 de
2951 1596 3155 1653 emiesti
3180 1599 3351 1667 gratia
3376 1615 3503 1671 per.

1914 1690 2144 1760 cepisti,
2190 1689 2299 1744 lilio
2344 1697 2526 1745 autem
2573 1689 2977 1745 similitudinem
3026 1697 3215 1744 natura
3266 1691 3501 1759 insitam,

1913 1795 2038 1836 cum
2081 1780 2329 1848 genitore
2375 1795 2481 1834 non
2528 1780 2660 1836 sinis
2700 1794 2819 1835 esse
2859 1794 3221 1836 communem.
3266 1779 3371 1836 Sed
3388 1782 3502 1851 jam

1915 1871 2073 1926 nobis
2110 1870 2382 1925 silentium
2421 1885 2648 1941 vespere
2674 1879 2899 1943 tempus
2941 1870 3132 1927 indicit
3162 1887 3174 1925 :
3203 1871 3404 1927 dudum
3434 1874 3500 1931 ad

1916 1978 2166 2019 occasum
2207 1962 2322 2018 sole
2370 1963 2614 2035 delapso.
2676 1963 3019 2036 Quapropter
3061 1965 3149 2021 hie
3195 1980 3292 2021 nos
3336 1966 3500 2022 etiam

1914 2056 2179 2111 sermonis
2204 2065 2227 2092 °
2252 2054 2520 2111 curricula
2569 2055 2949 2125 terminemus,
2991 2056 3075 2112 his
3123 2057 3360 2112 contenti
3382 2072 3500 2130 qua

1913 2146 2053 2203 dicta
2085 2155 2231 2203 sunt.
2282 2145 2513 2201 Tantum
2545 2147 2688 2202 enim
2725 2146 2780 2201 iu
2806 2147 3091 2217 pmsentia
3128 2147 3499 2217 disseruimus,

1913 2248 2174 2310 quantum
2197 2239 2552 2295 intentionem
2574 2248 2808 2296 vestram
2829 2252 3116 2315 possumus
3141 2254 3353 2296 acuere.
3380 2238 3498 2295 Ple-

1910 2333 2120 2387 niorem
2167 2346 2296 2387 vero
2342 2331 2413 2387 de
2452 2333 2745 2405 propositis
2772 2335 3122 2403 qumstiouem
3150 2332 3282 2388 alias
3299 2332 3455 2387 vobis
3478 2372 3495 2398 ,

1908 2432 2096 2479 sancto
2122 2422 2323 2494 Spiritu
2348 2424 2367 2462 ί
2393 2423 2747 2495 astipulante,
2780 2423 3081 2480 reddemus.
3121 2424 3195 2480 Ite
3225 2439 3365 2481 nunc
3390 2438 3491 2478 ex-

1909 2516 2193 2585 sultantes,
2222 2525 2278 2572 et
2302 2530 2403 2586 pro
2424 2513 2654 2587 dapibus
2682 2516 2917 2586 copiosis
2944 2516 3225 2587 pomisque
3249 2515 3494 2580 diversis,

1897 2609 2172 2662 "memoria
2220 2608 2514 2674 relatorum
2547 2622 2764 2663 mensas
2792 2613 3003 2663 vestras
3032 2607 3297 2662 instruite.
3348 2606 3495 2662 Con~

1912 2698 2166 2755 fundatur
2195 2700 2416 2770 impius,
2468 2700 2755 2755 erubescat
2789 2698 3032 2764 Judams,
3070 2699 3299 2754 exsultet
3321 2697 3493 2767 justus

1914 2791 2384 2863 prmdicationibus
2405 2792 2647 2847 veritatis
2672 2810 2684 2845 :
2709 2792 3038 2860 gloriﬁcetur
3057 2791 3330 2854 Dominus,
3352 2809 3375 2843 τη
3389 2804 3492 2847 nnc

1914 2893 1970 2938 et
1994 2897 2208 2952 semper
2231 2889 2287 2936 et
2315 2882 2368 2935 in
2395 2882 2593 2938 saecula
2622 2880 2959 2937 saeculorum.
2993 2879 3183 2935 Amen.

1982 3032 2001 3053 ι·
2036 3016 2179 3070 Editi
2208 3024 2264 3072 et
2285 3014 2462 3084 Colb.,
2496 3028 2551 3071 ut
2571 3016 2661 3071 ibi.
2688 3016 2855 3072 Vetus
2883 3027 3065 3072 noster
3093 3016 3283 3080 codex,
3313 3023 3366 3068 ut
3387 3014 3490 3077 ubi.

1977 3088 2003 3127 ά
2033 3087 2449 3158 ρθίῐεχιηοοῑοιι,
2480 3089 2690 3158 recepit.
2881 3157 2887 3158 ί
3008 3157 3011 3158 ν
3530 3132 3539 3137 -

1978 3168 2003 3199 ί
2037 3156 2210 3222 Editi,
2230 3150 2450 3213 ‘eursum
2472 3150 2827 3214 terminemus.
2873 3157 3017 3213 Libri
3047 3165 3291 3227 veteres,
3323 3159 3486 3212 curri‘

1903 3231 2023 3284 cuia
2050 3231 2406 3285 terminemus.

1982 3299 1998 3339 ί
2037 3299 2178 3356 Editi
2239 3301 2539 3357 annutante.
2596 3299 2666 3356 At
2706 3301 2874 3356 nostri
2918 3300 3026 3355 duo
3055 3316 3208 3362 mss.,
3254 3297 3486 3356 adelinia

1901 3372 2061 3427 tmte.

244 3569 3479 3608 W

1538 3684 1767 3728 808811
1814 3684 2114 3729 meone
2445 3685 2464 3701 ‘

539 3830 3121 4138 POLEMEU§§YLVIUS

1309 4217 1777 4293 NOTITIA
1829 4223 1982 4295 EX
2036 4222 2356 4295 CAVE.

180 4528 185 4531 -
271 4500 554 4554 Polemeus
581 4499 696 4553 sive
727 4496 787 4551 P.
823 4497 1055 4552 Annmus
1079 4497 1319 4570 Sylvius,
1352 4499 1491 4555 unde
1522 4501 1781 4557 oriundus
1813 4504 1864 4566 D
1890 4501 1945 4556 id
1974 4509 2058 4559 est
2081 4516 2225 4556 anno
2249 4499 2452 4555 Christi
2478 4498 2585 4553 M8
2604 4505 2661 4555 et
2682 4498 2963 4570 sequentis
2983 4499 3155 4566 initio,
3187 4515 3308 4555 cum
3331 4500 3481 4558 Aste-

193 4592 412 4664 quodve
459 4592 579 4645 vita:
626 4605 794 4659 genus
830 4598 1066 4646 sectatus
1107 4590 1346 4645 nondum
1371 4591 1571 4647 didici:
1601 4592 1787 4649 Roma:

182 4686 396 4739 vixisse
426 4682 665 4755 videtur,
693 4681 993 4750 claruitque
1029 4697 1173 4739 anno
1202 4681 1325 4737 M8.
1378 4684 1601 4756 Scripsit
1639 4687 1784 4742 enim

188 4776 297 4831 sub
329 4773 635 4829 Theodosio
662 4771 881 4827 Juniorc
908 4780 963 4827 et
992 4773 1364 4831 Valentiniano
1396 4776 1668 4846 Augustis,
1699 4793 1789 4833 ex-

189 4872 399 4922 stincto
441 4866 550 4934 jam
599 4865 807 4920 Joanne
852 4865 1135 4938 Tyrannio,
1186 4878 1241 4923 et
1280 4877 1338 4924 ut
1360 4870 1588 4939 ipsemet
1616 4873 1789 4927 adhuc

1892 4595 2005 4650 rius
2040 4594 2376 4651 consulatum
2414 4594 2594 4650 iniret.
2624 4592 2879 4651 Condidit
2923 4592 3253 4649 Maculam
3292 4597 3483 4664 quovis

1892 4688 2018 4743 anni
2066 4702 2252 4743 mense
2291 4686 2717 4743 Christianorum
2750 4695 2805 4741 et
2844 4686 3120 4754 gentilium
3161 4686 3295 4741 festa
3322 4703 3473 4742 cotu—

1890 4778 2217 4848 plectentem
2234 4816 2250 4844 ,
2281 4792 2442 4848 quem
2468 4776 2689 4832 domina
2722 4774 3042 4833 Μωδωο
3066 4774 3334 4835 Eucherio
3362 4780 3481 4850 epi-

1894 4887 2061 4941 scopo
2082 4871 2432 4941 nuncupavit.

202 4959 393 5014 dirius
414 4963 642 5011 testatur
663 4956 850 5011 Flavio
879 4956 1095 5011 Zenone
1124 4966 1175 5013 et
1198 4956 1584 5013 Posthumiano
1619 4976 1783 5023 mss.,
1877 4990 1887 4995 -
1950 4986 1961 4991 -

1085 5154 2586 5272 IHDLlﬂﬂEﬂiﬂrlﬂnﬂl

1392 5350 2305 5585 LATEESULUS

834 5654 1281 5738 INDEX
1355 5653 1924 5779 DIERUM
2000 5653 2815 5739 FESTORUM.

622 5865 792 5936 (Ilium
826 5860 1160 5916 Laterculum
1190 5859 1452 5918 edidimus
1474 5862 1792 5932 ratrologim
1822 5872 2018 5917 nostra:
2049 5871 2195 5947 torno
2224 5858 2359 5925 XIII,
2394 5860 2497 5914 col.
2532 5857 2656 5927 676,
2689 5861 2776 5915 ubi
2802 5860 3037 5931 videsis.)

3095 5814 3105 5844 ξ
