4110 6336
572 382 676 438 9G7

1750 519 1973 540 *αφ-ιν

573 503 1684 534 Νη-
1695 503 1749 510 ...-

573 541 732 555 ..ι-..ιο
741 525 1749 553 “Was-ﬁ“.--

1865 348 2135 424 SALGNII
2172 361 2571 420 vneuuausns

3759 353 3865 408 mas

2579 470 3846 525 m

3390 508 3764 523 Μ

1830 607 2013 665 miro
2049 610 2622 665 mmﬁccccuu.

1805 1125 2210 1231 VIENNENSIS
2245 1110 2639 1182 EPISCOPUS.

1763 1258 1892 1331 (Ex
1928 1258 2211 1319 umnam.
2258 1236 2412 1311 Patr.
2470 1256 2689 1327 Lugd.)

1987 1399 2464 1414 ᾗ

1627 1515 2804 1601 PROLEGO‘MENON.

1993 1699 2482 1717 *ψ

658 1857 939 1916 ὃλιοκιυε,
969 1854 1130 1920 gente
1157 1844 1364 1909 Gallus.
1397 1837 1651 1898 Eucherii
1680 1819 2052 1907 Lugdunensis
2073 1830 2185 1904 epi—
2209 1836 2261 1895 Α
2288 1845 2388 1902 pus
2416 1826 2678 1920 dicendus
2691 1824 2953 1920 videtur;
2983 1825 3128 1895 quod
3152 1769 3292 1897 patri
3322 1826 3376 1882 in
3405 1826 3733 1900 episcopatu
3761 1830 3892 1902 ιη,

591 1946 740 2018 scopi
789 1943 968 2008 illius,
1017 1939 1087 1993 ab
1134 1952 1202 1993 eo
1253 1932 1472 1991 vixdum
1514 1931 1703 1987 decem
1737 1941 1911 1983 annos
1948 1932 2108 1981 natus
2137 1924 2193 1979 in

593 2013 928 2095 Lirinensem
954 2029 1186 2087 insulam
1206 2027 1423 2093 missus,
1445 2039 1511 2080 ac
1537 2021 1637 2078 sub
1666 2017 1951 2083 Honorati,
1979 2013 2189 2078 Hilarii,

594 2127 834 2191 Salviani
850 2168 867 2197 ,
894 2122 1167 2181 Vinwntii
1185 2161 1202 2189 ,
1231 2119 1574 2188 aliorumque
1601 2124 1923 2183 magnorum
1951 2109 2206 2164 virorum

594 2240 724 2284 cura
755 2239 821 2279 ac
853 2218 1137 2290 disciplina
1174 2214 1472 2272 institutus.
1516 2208 1723 2266 Claruit
1750 2222 1894 2263 anno
1923 2203 2049 2260 453.
2082 2201 2190 2259 Ec~

595 2316 883 2375 clesiarnm
909 2326 1033 2369 eum
1059 2309 1265 2382 pariter
1290 2322 1357 2363 ac
1382 2304 1657 2360 Veranum
1680 2299 1901 2356 fratrem
1919 2339 1933 2366 ,
1977 2297 2194 2353 vivente

597 2411 778 2468 adhuc
805 2415 989 2483 patre,
1027 2403 1320 2473 magistros
1357 2398 1523 2456 fuisse
1560 2394 1719 2452 ﬁdem
1757 2392 1884 2449 iacit
1911 2390 2196 2448 Salvianus

600 2502 728 2574 (Ep.
760 2500 832 2555 ad
858 2494 1217 2564 Eucherium).
1248 2492 1575 2564 Episcopum
1600 2488 1765 2546 luisse
1789 2485 1922 2543 satis
1949 2491 2193 2550 constat;

602 2592 697 2648 alii
724 2590 871 2647 enim
899 2588 1077 2659 ipsum
1103 2585 1306 2641 diserte
1340 2588 1540 2638 vocant
1579 2578 1866 2635 Salvianus
1893 2584 1948 2632 et
1976 2574 2196 2632 Genna-

602 2685 725 2742 dius
750 2681 903 2757 (Cap.
934 2678 1063 2751 63);
1095 2674 1377 2748 cuiusnam
1413 2688 1546 2731 vero
1573 2671 1749 2737 urbis,
1781 2670 2075 2734 incertum;
2103 2667 2194 2722 alii

600 2776 747 2843 enim
776 2774 1175 2839 Genevensem,
1203 2768 1296 2824 alii
1321 2765 1688 2830 Genuensem,
1717 2762 1807 2818 alii
1832 2761 2193 2818 Viennensem

606 2868 771 2926 fuisse
804 2865 1015 2923 volunt.
1060 2863 1188 2919 Mihi
1218 2868 1403 2918 tamen
1432 2857 1615 2931 potius
1637 2870 1705 2913 eo
1735 2854 1955 2919 nomine
1983 2853 2194 2924 episco-

2294 1919 2529 1977 dnnensi
2572 1915 2855 1988 coadjutor
2891 1916 3050 1974 datus
3094 1918 3183 1974 sit.
3232 1916 3372 1974 Hinc
3412 1928 3468 1976 et
3494 1921 3672 1992 patris
3696 1922 3817 1979 vice
3842 1925 3895 1982 in

2296 2015 2528 2072 concilio
2556 2012 2889 2071 Arausicano
2928 2031 2945 2069 ι
2976 2029 3120 2070 anno
3145 2012 3243 2067 Ml
3269 2013 3654 2086 subscripsisse
3679 2020 3895 2075 censui

2294 2115 2496 2180 potest.
2535 2105 2764 2175 Quando
2802 2106 2999 2162 obierit
3035 2122 3145 2161 non
3176 2105 3364 2177 liquet.
3409 2106 3642 2179 Scripsit
3670 2107 3898 2181 Εεροά.

2298 2200 2491 2257 tionem
2518 2200 2574 2254 in
2614 2197 2911 2254 Parabolas
2951 2198 3291 2263 Salmonis,
3340 2198 3602 2272 aliamque
3628 2203 3901 2273 mysticam

2298 2293 2355 2347 in
2374 2290 2727 2348 Ecclesiasten
2753 2334 2770 2361 ,
2809 2291 3011 2364 dialogi
3039 2293 3212 2364 {arma
3238 2292 3564 2363 conscriptas
3585 2333 3602 2359 ,
3635 2294 3825 2365 seipso
3850 2305 3903 2353 et

2301 2384 2519 2442 Verano
2564 2384 2732 2441 fratre
2777 2383 3278 2440 interlocutoribus.
3330 2378 3525 2439 Exstat
3577 2393 3815 2456 utraque
3850 2388 3902 2445 in

2303 2479 2708 2549 Orthodoxogr.
2735 2520 2750 2544 ,
2798 2493 2923 2551 pag.
2976 2476 3134 2543 1010,
3183 2486 3241 2534 et
3286 2476 3545 2547 Biblioth.
3587 2475 3740 2534 Patr.
3772 2488 3900 2536 tum.

2304 2589 2418 2640 \‘lll,
2446 2586 2569 2644 pag.
2604 2570 2728 2626 401.
2761 2550 2992 2642 Scripsit
3017 2578 3073 2626 et
3102 2568 3398 2641 Epistolam
3424 2586 3533 2624 una
3558 2550 3683 2625 cum
3703 2569 3897 2627 Cercetio

2302 2672 2352 2719 et
2382 2663 2590 2720 Verano
2616 2662 2869 2736 episcopis
2899 2661 2970 2717 ad
3010 2660 3239 2717 Leonem
3274 2678 3496 2732 papam,
3525 2676 3652 2733 qua:
3676 2662 3891 2720 habetur

2304 2757 2449 2815 inter
2477 2756 2675 2814 Leonis
2697 2754 2960 2829 epistolas
2985 2761 3112 2827 post
3139 2754 3299 2826 epist.
3333 2752 3425 2810 5t.

617 2989 3802 3025 Mm

1538 3106 2197 3253 suom]
2270 3030 2978 3217 EPISCOPI

1231 3366 1295 3416 ω
1375 3328 1508 3437 IN
1557 3266 2351 3433 .PABABOLAS
2417 3324 3159 3434 SALOMONIS

1722 3523 2262 3605 EXPOSITIO
2337 3524 2802 3607 MYSTICA.

1090 3798 1739 3891 summa

1018 3963 1305 4014 VBIIANUS
1352 3961 1434 4004 ΕΤ
1477 3954 1806 4003 ειιοιηιυε.

693 4062 966 4117 νειυιυυε.
1019 4047 1299 4107 Parabolas
1325 4057 1433 4114 qua
1461 4040 1644 4110 lingua
1673 4035 1961 4094 dicuntur?

667 4152 974 4213 .SALONIUS.
1004 4142 1221 4208 Graeca;
1270 4134 1461 4192 Latina
1510 4145 1643 4188 vero
1692 4129 2119 4201 interpretantur
2145 4122 2219 4180 si-

629 4239 978 4301 militudines.
1750 4276 1757 4281 ,

696 4331 979 4387 Venimus.
1016 4322 1195 4391 Quare
1233 4318 1495 4376 Salomon
1522 4313 1649 4372 huic
1676 4311 1817 4369 libro
1855 4323 2054 4367 nomen
2078 4305 2222 4364 istud

540 4485 546 4490 ,
630 4420 925 4495 imposuit?

696 4492 979 4575 Simulus.
1014 4509 1086 4569 Ut
1113 4521 1212 4583 per
1232 4507 1340 4564 hoc
1356 4504 1758 4563 demonstraret
1783 4498 1912 4571 quia
1940 4512 2051 4553 non
2065 4492 2222 4565 juxta

629 4612 899 4679 litteram,
937 4605 1032 4664 sed
1072 4602 1233 4661 aliter
1266 4606 1324 4659 et
1349 4593 1701 4670 spiritualiter
1727 4589 2029 4660 intelligere
2054 4585 2223 4644 debe-

595 4744 604 4751 .
630 4719 751 4762 mus
773 4699 921 4773 quod
947 4697 1100 4756 dicit.

706 4784 975 4850 Venimus.
1024 4784 1167 4857 Quid
1207 4778 1476 4855 signiﬁcat
1502 4776 1761 4836 Salomon
1778 4818 1794 4845 ,
1830 4772 1977 4846 quod
2002 4785 2102 4844 Per
2127 4783 2225 4842 1³³·

631 4885 846 4943 rabolas
865 4883 1089 4939 locutus
1104 4877 1227 4936 est?
1673 4914 1679 4920 .

704 4977 989 5034 SALONIUS.
1014 4970 1302 5029 Dominum
1328 4965 1513 5024 Jesum
1541 4962 1834 5030 Christum,
1860 4956 1987 5029 quia
2013 4970 2110 5027 per
2136 4967 2227 5025 pa—

632 5067 854 5128 rabolas
879 5066 1162 5123 locuturus
1179 5067 1300 5118 erat
1316 5056 1490 5115 turbis
1506 5054 1811 5112 Judaeon
1836 5069 1848 5105 :
1881 5064 2004 5105 nam
2031 5053 2087 5103 et
2107 5045 2226 5117 ipso

633 5159 856 5221 nomine
883 5172 984 5216 suo
999 5194 1015 5223 ,
1046 5152 1297 5212 eumdem
1323 5149 1615 5208 Dominum
1640 5144 1824 5203 Jesum
1848 5141 2128 5199 Christum
2158 5137 2227 5194 si-

632 5257 872 5331 gniﬁcat.
1522 5254 1529 5262 '
1710 5256 1715 5259 '

705 5348 977 5405 Vesanus.
1030 5337 1328 5411 Quomodo.
1354 5351 1486 5408 ergo
1516 5335 1903 5404 interpretatur
1926 5329 2224 5393 Salomon?

705 5441 989 5500 Suomus.
1019 5432 1284 5491 Paciﬂcus
1310 5470 1327 5497 ,
1375 5430 1490 5485 sive
1536 5426 1809 5492 amabilis;
1848 5423 2109 5494 signiﬁcat
2136 5437 2229 5476 au-

636 5543 749 5591 tem
775 5530 923 5588 illum
970 5526 1040 5584 de
1084 5540 1193 5597 quo
1229 5522 1362 5580 dicit
1390 5518 1713 5591 Apostolus,
1745 5516 1978 5571 Christus
2002 5530 2105 5584 pax
2131 5528 2227 5567 no-

636 5634 771 5693 stra,
796 5620 883 5695 qui
904 5619 1026 5693 fecit
1054 5623 1273 5689 utraque
1300 5628 1462 5691 unum
1497 5608 1714 5683 (Ep/aes.
1746 5623 1817 5672 ιι,
1848 5605 1925 5676 2).
1979 5603 2045 5659 Εῐ
2073 5603 2223 5668 item,
2302 5655 2308 5658 .

641 5714 941 5784 Paciﬁcans
962 5707 1380 5782 persanguinem
1393 5720 1563 5768 suum,
1587 5702 1692 5757 sive
1707 5715 1821 5773 qua:
1838 5699 1895 5784 in
1922 5698 2060 5753 aclis
2082 5704 2222 5763 sunt,
2254 5724 2257 5725 ν

641 5808 748 5862 sire
907 5804 962 5856 in
992 5800 1142 5875 terris
1172 5796 1309 5870 (Col.
1340 5798 1409 5866 ι).
1443 5795 1575 5850 Item
1603 5792 1747 5865 quod
1775 5782 2053 5857 Salomon,
2080 5806 2218 5844 ama-

641 5897 763 5953 bilis
792 5896 1204 5968 interpretatur,
1238 5890 1509 5959 aptissime
1564 5887 1710 5943 illum
1732 5886 1991 5955 signiﬁcat
2022 5884 2106 5941 cui
2137 5884 2217 5940 lo-

2241 3824 2293 3889 B
2318 3821 2504 3891 quitur
2530 3820 2693 3880 Pater
2717 3822 2905 3881 dicens
2928 3842 2943 3878 :
2980 3808 3146 3880 re}?
3160 3809 3305 3897 ﬁlius
3332 3841 3464 3881 meus
3483 3827 3701 3884 dilectus
3730 3847 3786 3885 in
3805 3848 3907 3905 quo

2321 3913 2449 3967 mihi
2470 3911 2596 3968 bene
2621 3915 2911 3988 complacni
2934 3913 3152 3987 (Matth.
3185 3918 3289 3988 tu).
3360 3944 3365 3995 ζ

2349 4006 2667 4153 “Veratius.
2717 4005 2858 4076 Quid
2884 4008 3149 4081 signiﬁcat
3187 4011 3306 4084 ipso
3356 4011 3584 4085 paciﬁco
3632 4017 3786 4087 regni
3826 4033 3912 4074 su

2429 4113 2488 4153 u.

2317 4113 2461 4153 θιειιι
2474 4113 2488 4153 Ξ

2392 4190 2670 4248 8Αιοκιυε.
2709 4189 2954 4249 Perenna
2981 4191 3180 4249 Christi
3200 4199 3258 4249 et
3284 4192 3545 4251 Ecclesia:
3566 4210 3818 4265 regnum,
3845 4196 3916 4256 de

2321 4297 2430 4353 quo
2452 4282 2710 4355 scriptum
2738 4292 2824 4342 est
2848 4302 2863 4339 :
2887 4283 2957 4357 E3
2981 4286 3127 4356 regni
3148 4285 3260 4357 ejus
3284 4303 3389 4342 non
3412 4289 3510 4343 erit
3528 4289 3654 4360 ﬁnis
3673 4287 3826 4361 (Luc.
3849 4293 3915 4360 ι).

2394 4375 2669 4434 νεναυε.
2715 4376 2896 4446 Quare
2926 4376 3081 4449 juxta
3118 4376 3263 4433 LXX
3299 4372 3654 4452 interpretum
3681 4382 3922 4438 transla-

2268 4546 2271 4551 _
2310 4476 2527 4534 tionem
2555 4476 2672 4532 hrcc
2692 4475 2833 4532 dicta
2861 4474 3197 4544 Salomonis,
3220 4491 3330 4533 non
3354 4473 3647 4547 parabolaz,
3673 4475 3769 4533 sed
3787 4491 3922 4548 pro-

2324 4569 2507 4626 verbia
2536 4568 2917 4625 nominantur?

2396 4661 2677 4719 SALONIUS.
2728 4659 2883 4718 Sicut
2926 4660 3198 4732 parabolae
3236 4658 3508 4729 dicuntur,
3550 4659 3678 4731 quia
3706 4659 3924 4716 occulta

2325 4763 2451 4812 sunt
2467 4760 2526 4812 et
2551 4761 2765 4811 secreta
2790 4752 3049 4826 mysteria
3076 4748 3409 4823 signiﬁcant;
3438 4751 3519 4808 sic
3542 4759 3600 4808 et
3627 4750 3928 4823 proverbia

2325 4861 2565 4920 congrue
2592 4851 2877 4913 vocantur,
2903 4842 3032 4915 quia
3059 4843 3187 4900 talia
3214 4852 3341 4901 sunt
3364 4858 3486 4914 quae
3511 4843 3711 4915 sapius
3738 4843 3795 4900 in
3824 4859 3927 4900 ore

2327 4936 2565 5000 ﬁdelium
2610 4939 2816 4998 versari
2843 4960 2869 5005 ,·
2904 4947 2964 4996 et
2997 4937 3272 4995 memoriae
3298 4937 3667 4995 commendari
3693 4953 3764 4995 ac
3790 4938 3929 4994 ταῖς

2328 5040 2445 5096 neri
2472 5036 2705 5093 debeant
2727 5032 2910 5108 (Prov.
2944 5031 3005 5103 ι).

2404 5132 2670 5189 Vesanus.
2716 5126 2859 5197 Quid
2895 5123 3143 5183 utilitatis
3180 5120 3454 5197 parabolae
3480 5123 3793 5181 Salomonis
3824 5120 3925 5177 tri-

2247 5224 2295 5289 C
2308 5260 2313 5261 ί
2328 5227 2538 5285 buunt?

2402 5321 2695 5377 Simulus.
2738 5314 3072 5387 Sapientiam
3104 5312 3351 5387 videlicet
3385 5320 3442 5369 et
3467 5311 3842 5384 disciplinam;
3875 5319 3936 5366 et

2332 5417 2440 5473 hoc
2468 5423 2553 5472 est
2580 5411 2725 5485 quod
2747 5411 2824 5467 ait
2849 5429 2861 5463 :
2893 5408 2975 5463 Ad
3004 5406 3307 5466 discendam
3347 5407 3658 5479 sapiean
3683 5415 3736 5461 et
3764 5403 3937 5459 disci-

2335 5511 2555 5584 plinam.

2405 5604 2677 5662 VEBANUS.
2728 5599 2867 5671 Quid
2897 5599 3063 5656 distat
3091 5597 3232 5654 inter
3257 5592 3580 5666 sapientiam
3609 5600 3667 5648 et
3692 5588 3933 5661 discipli.

2338 5700 2498 5754 nam?
2966 5684 2967 5687 “

2410 5790 2694 5845 Suosws.
2726 5785 3001 5858 Sapientia
3018 5791 3103 5839 est
3126 5781 3425 5837 divinarum
3457 5792 3639 5832 rerum
3667 5772 3936 5843 cognitio;

2318 5880 2617 5953 disciplina
2648 5897 2781 5936 vero
2811 5885 2892 5934 est
2921 5882 3122 5934 sancta:
3151 5868 3380 5943 et'pura:
3410 5870 3535 5926 vita:
3562 5866 3917 5925 conversatio
