4110 6336
242 470 386 539 ,969

354 579 619 637 Vesanus.
668 578 808 648 Quid
830 585 913 634 est
938 592 1068 646 ergo
1096 575 1304 634 discere
1332 576 1686 647 sapientiam?

348 671 624 728 8Αιοιιιυε.
655 668 806 727 Scire
850 674 907 726 et
933 668 1231 738 intelligere
1252 667 1527 738 quomodo
1558 674 1706 724 recte
1735 683 1858 725 cre—

279 762 405 816 dere
433 761 653 817 debeas.

349 857 614 913 Vesanus.
662 855 801 923 Quid
827 863 910 912 est
931 855 1139 913 discere
1161 854 1546 925 disciplinam?
1734 914 1739 919 η

348 947 625 1003 ὃλιοηιυε.
714 945 1053 1017 Cognoscere
1122 944 1354 1017 qualiter
1412 956 1857 1014 unumquemque

278 1046 528 1109 oporteat
552 1037 765 1105 vivere,
814 1033 1022 1108 etquid
1046 1033 1321 1105 operando
1347 1033 1637 1090 conveniat
1662 1047 1852 1103 agere,

279 1137 334 1183 et
358 1144 465 1198 quo
483 1128 679 1184 debeat
697 1125 1046 1182 intentionem
1073 1123 1255 1181 cordis
1276 1124 1527 1195 dirigere.
1544 1122 1801 1194 Sequitur
1828 1140 1843 1178 :

281 1219 453 1275 Timor
478 1217 688 1275 Domini
714 1221 1025 1293 principium
1050 1221 1340 1291 sapientiae.

349 1309 613 1368 Vesanus.
659 1311 805 1379 Quot
831 1321 958 1368 sunt
985 1313 1207 1368 timores
1230 1310 1484 1367 Domini?

347 1403 627 1460 Sasontus.
659 1404 798 1470 Duo,
827 1405 932 1460 hoe
958 1412 1062 1470 est,
1082 1402 1291 1460 servilis
1316 1409 1374 1458 et
1398 1409 1639 1458 sanctus.

347 1493 614 1550 Vesanus.
657 1492 880 1550 Servilis
902 1508 1073 1564 quare
1093 1493 1322 1549 dicitur?

346 1586 628 1643 Simulus.
660 1585 797 1655 Quia
838 1587 1011 1643 veluti
1040 1586 1183 1642 servi
1221 1586 1450 1641 Domino
1472 1583 1749 1641 servimus
1777 1582 1850 1639 ti-

281 1695 433 1736 more
453 1681 742 1749 gehennaa,
770 1696 840 1737 ne
867 1680 937 1736 ad
964 1688 1232 1737 tormenta
1254 1679 1534 1735 ducamur.

349 1771 620 1829 Vesanus.
669 1772 898 1829 Sanctus
923 1772 1085 1843 timor
1110 1786 1280 1842 quare
1306 1770 1503 1828 dicitur

345 1863 623 1928 SALONIUS.
656 1863 793 1932 Quia
834 1864 973 1921 sicut
1000 1864 1175 1919 bonus
1203 1863 1343 1918 titius
1370 1861 1556 1944 timet,
1589 1878 1656 1917 ne
1683 1860 1770 1917 vel
1798 1861 1854 1917 in

1058 465 1127 521 IN
1161 463 1561 522 PARABOLAS
1598 462 1979 523 SALOIONIS
2017 465 2369 524 EXPOSITIO
2406 465 2725 526 MYSTICA.

1881 586 1932 648 Α
1959 577 2240 637 manifeste
2275 580 2529 651 praedicat
2576 596 2673 652 per
2719 580 3025 651 apostolos,
3052 578 3207 651 juxta
3247 581 3351 639 huc
3390 585 3537 653 quod

3433 472 3537 531 970

1961 675 2040 730 eis
2066 673 2360 745 praecepit,
2387 672 2570 729 dicens
2595 692 2608 727 :
2639 672 2768 739 Qum
2798 674 2912 728 dico
2942 674 3078 729 vobis
3097 677 3151 729 in
3174 674 3425 741 tenebris,
3456 677 3537 731 di-

1957 768 2059 822 cite
2100 767 2156 822 in
2200 765 2417 831 lumine,
2466 766 2568 820 hoc
2612 774 2694 822 est
2737 765 3053 833 manifesto;
3098 775 3147 821 et
3182 760 3374 839 ἐμπίῃ
3410 784 3536 823 aure

1962 856 2171 923 auditis,
2201 855 2481 925 pradicate
2499 872 2653 929 super
2678 865 2833 922 tecta,
2866 858 2918 914 id
2941 867 3025 915 cst
3053 868 3241 929 aperte
3265 866 3321 915 et
3348 875 3533 916 coram

1959 947 2228 1004 omnibus.
3046 986 3053 989 Α

2028 1036 2301 1095 Vesanus.
2349 1037 2486 1107 Quid
2530 1050 2614 1096 est
2647 1043 2791 1111 quod
2832 1042 2939 1095 ait:
2986 1040 3051 1095 In
3074 1043 3242 1113 capite
3271 1050 3534 1098 turbarunt

1957 1131 2188 1186 clamitat
2203 1133 2228 1187 ?
2374 1136 2385 1145 ‘

2024 1221 2303 1282 Sasernas.
2335 1224 2439 1283 Per
2464 1234 2627 1298 caput
2653 1226 2998 1295 designantur
3026 1227 3294 1297 principes
3320 1225 3533 1282 Judaeu-

1957 1327 2096 1369 rum.
2143 1312 2203 1368 In
2245 1314 2423 1387 capite
2450 1316 2727 1372 turbarum
2756 1316 3096 1384 clamitabat,
3127 1318 3252 1387 quia
3281 1317 3536 1388 principi-

1955 1405 2059 1463 bus
2081 1405 2387 1463 Judaeorum
2410 1449 2425 1474 ,
2474 1409 2823 1465 homicidium
2867 1410 3012 1481 quod
3052 1411 3106 1466 in
3143 1426 3265 1466 eum
3294 1418 3537 1481 patrave-

1954 1505 2099 1565 rant,
2130 1499 2307 1571 palam
2329 1515 2427 1572 per
2450 1500 2726 1570 apostolos
2762 1501 2830 1555 ad
2870 1502 3184 1557 memoriam
3221 1500 3532 1563 reducebat,

1957 1599 2015 1646 et
2044 1590 2264 1646 eosdem
2291 1591 2360 1647 ad
2388 1591 2717 1663 ptenitentiae
2745 1581 3044 1646 remedium
3071 1592 3317 1648 vocabat.

2029 1681 2294 1740 Vesanus.
2342 1682 2622 1751 Quomodo
2675 1684 3074 1751 intelligendum
3123 1692 3204 1739 est
3247 1686 3392 1754 quod
3446 1702 3504 1741 se

1957 1774 2174 1843 quitur:
2207 1774 2274 1830 In
2302 1774 2497 1848 foribus
2526 1785 2790 1848 portarum
2829 1776 2968 1830 urbis
3006 1777 3201 1848 profert
3236 1776 3381 1831 verba
3401 1781 3538 1832 sua?

1958 1908 1965 1913 ν
2028 1862 2305 1921 SaLonws.
2339 1863 2443 1921 Per
2469 1866 2657 1921 urbem
2700 1872 2884 1920 sancta
2914 1864 3221 1934 designatur
3265 1864 3533 1930 Ecclesia,

279 1954 494 2011 modico
539 1954 776 2012 offendat
822 1956 1007 2012 oculos
1054 1954 1407 2010 amantissimi
1453 1953 1661 2024 patris;
1691 1954 1769 2010 sic
1797 1960 1853 2010 et
1876 1962 1930 2025 Β
1956 1965 2277 2027 congregata
2318 1956 2387 2012 de
2429 1963 2658 2025 utroque
2701 1955 2918 2027 populo,
2959 1954 3261 2010 Judaeorum
3292 1955 3538 2010 videlicet

268 2048 370 2120 qui
413 2045 635 2117 perfecti
677 2055 803 2103 sunt
842 2048 911 2101 in‘
935 2044 1175 2102 Ecclesia
1218 2045 1407 2101 timent
1462 2059 1532 2100 ne
1580 2044 1856 2116 peccando

280 2140 552 2198 ollendant
577 2138 764 2195 oculos
783 2137 899 2193 Dei.

352 2233 621 2289 Vesanus.
673 2229 806 2297 Quis
831 2243 898 2284 ex
926 2227 1030 2283 illis
1057 2226 1267 2284 duobus
1295 2230 1627 2299 sapientior?

350 2325 630 2381 Satonlus.
659 2321 903 2385 Servilis,
946 2320 1070 2391 quia
1097 2321 1404 2391 quicunque
1430 2336 1625 2392 sapere
1648 2320 1857 2393 incipit,

281 2417 384 2472 hoc
411 2423 516 2482 est,
557 2420 942 2485 post'peccata
981 2425 1042 2466 se
1086 2411 1365 2481 cognoscit
1405 2426 1653 2476 errasse,
1685 2411 1862 2484 primo

279 2509 466 2565 divino
497 2508 692 2562 timore
719 2504 1030 2576 corripitur,
1061 2519 1130 2559 ne
1155 2503 1223 2559 ad
1252 2511 1519 2560 tormenta
1543 2506 1805 2561 trahatur.

260 2620 267 2629 ο
353 2600 625 2655 Vesanus.
681 2597 866 2653 Timor
885 2611 1019 2652 vero
1043 2602 1263 2677 sanctus
1283 2598 1412 2667 quid
1430 2601 1721 2669 operatur?

351 2689 635 2744 Saeonws.
685 2686 859 2756 Auget
922 2686 1242 2757 sapientiam
1267 2726 1283 2751 ,
1327 2687 1584 2755 quoniam
1632 2689 1861 2760 perfecta

284 2782 474 2835 caritas
506 2782 653 2852 foras
706 2779 865 2832 mittit
906 2779 1139 2832 timorem
1168 2777 1236 2847 (1
1257 2776 1416 2833 Joan.
1448 2779 1533 2849 IV)
1563 2778 1714 2833 illum
1739 2794 1859 2835 ser-

282 2869 459 2924 vilem.
511 2868 686 2923 Timor
722 2882 853 2923 vero
880 2875 1088 2922 sanctus
1116 2876 1380 2937 permanet
1410 2869 1465 2922 in
1491 2869 1735 2924 siccatum
1762 2885 1862 2924 sa:-

278 2959 381 3014 cnli
402 2958 576 3029 (Psat.
608 2958 781 3029 xvul).

350 3052 616 3108 Vesanus.
666 3052 804 3119 Quid
850 3060 934 3108 est
969 3052 1115 3123 quod
1154 3053 1408 3108 Salomon
1437 3053 1595 3108 dicit:
1638 3052 1861 3107 Frustra

281 3142 470 3214 iacitur
508 3150 616 3198 rete
650 3151 770 3196 ante
812 3142 988 3198 oculos
1029 3151 1369 3213 pennatorum
1395 3140 1584 3214 (Proh.
1615 3143 1677 3211 I).
1715 3143 1863 3200 Nun-

280 3233 406 3303 quid
437 3249 544 3289 non
569 3232 747 3289 solent
771 3247 901 3290 aves
928 3233 1301 3305 saepcretibus
1325 3235 1485 3306 capi?

351 3326 633 3382 Saeonws.
664 3325 855 3381 Solent
881 3326 1087 3397 utique.

347 3416 615 3475 Vesanus.
666 3416 771 3485 Qui
800 3431 932 3491 ergo
957 3426 1083 3472 sunt
1109 3417 1197 3473 isti
1226 3420 1486 3488 pennati?

348 3510 629 3566 Saeomus.
662 3508 849 3564 Sancti
877 3517 933 3563 et
958 3509 1124 3564 electi
1157 3510 1278 3575 viri,
1308 3511 1400 3579 qui
1430 3510 1630 3566 habent
1656 3526 1862 3582 pennas

280 3600 403 3657 tidei
430 3638 446 3664 ,
494 3599 646 3671 spei,
694 3606 751 3654 et
803 3599 1074 3666 caritatis,
1121 3608 1547 3671 caeterarumque
1600 3601 1859 3657 virtutum

277 3690 470 3762 quibus
497 3688 564 3744 ad
601 3689 838 3746 ctelestia
878 3689 1286 3760 contemplanda
1326 3691 1547 3745 volant:
1576 3691 1779 3747 habent
1806 3700 1864 3747 et

277 3780 549 3853 spiritales
593 3780 782 3837 oculos
805 3825 820 3849 ,
872 3780 1063 3851 quibus
1107 3788 1164 3836 et
1209 3780 1428 3835 insidias
1456 3780 1628 3836 hostis
1654 3781 1860 3852 antiqui

276 3874 601 3947 praevident,
650 3881 706 3929 et
738 3881 959 3944 peccata
995 3881 1320 3943 praecavent.
1380 3871 1598 3929 Frustra
1625 3887 1773 3944 ergo,
1807 3873 1860 3929 id

275 3975 380 4034 est,
415 3968 468 4023 in
492 3981 691 4022 vanum
734 3966 930 4036 jacitur
964 3975 1080 4022 rete
1108 3974 1233 4043 ante
1261 3968 1447 4023 oculos
1468 3977 1857 4039 pennatorum;

275 4058 332 4115 id
360 4065 441 4115 est
464 4100 478 4125 ,
530 4057 754 4128 laqueus
799 4055 1113 4112 insidiarum
1153 4058 1354 4113 diaboli
1382 4057 1633 4128 objicitur
1660 4059 1859 4115 sanctis

276 4157 337 4205 ct
362 4150 549 4206 electis
575 4149 732 4216 viris,
756 4149 884 4218 quia
910 4148 1067 4205 facile
1091 4150 1149 4205 in
1178 4158 1322 4205 terra
1349 4166 1606 4221 superare
1632 4161 1860 4223 possunt

273 4240 499 4296 insidias
526 4240 757 4303 diaboli,
788 4240 879 4311 qui
903 4255 1055 4296 suam
1082 4244 1546 4299 conversationem
1575 4244 1775 4301 habent
1802 4247 1857 4301 in

274 4331 448 4387 caelis.
1596 4386 1612 4397 ἱ

345 4423 615 4481 Vesanus.
666 4423 796 4492 Quae
844 4433 941 4479 est
973 4424 1233 4495 sapientia
1285 4426 1351 4480 de
1396 4442 1501 4497 qua
1540 4427 1669 4483 dicit
1704 4428 1858 4485 Salo-

273 4530 436 4572 mon:
469 4515 742 4587 Sapientia
770 4517 903 4588 foris
929 4517 1200 4587 prwdicat,
1233 4516 1288 4571 in
1314 4518 1495 4573 plateis
1524 4519 1664 4574 dedit
1690 4520 1857 4576 uocem

271 4604 422 4663 suam
436 4608 462 4661 1’

1961 2057 2019 2105 et
2055 2050 2312 2119 gentium.
2364 2047 2531 2105 Fores
2569 2056 2846 2120 portarum
2874 2047 3033 2118 hujus
3060 2047 3206 2102 urbis
3242 2048 3410 2102 sancti
3437 2046 3536 2101 do-

1961 2149 2140 2197 ctores
2187 2139 2435 2206 fuerunt,
2466 2140 2558 2210 qui
2596 2139 2817 2195 verbum
2861 2136 3132 2208 Evangelii
3176 2136 3539 2209 praedicando,

1961 2226 2243 2287 credentes
2290 2230 2343 2285 in
2396 2245 2514 2285 eam
2545 2227 2979 2284 introduxerunt.
3030 2226 3301 2297 Sapientia
3329 2240 3457 2295 ergo
3487 2225 3538 2279 iu

1962 2322 2166 2378 foribus
2194 2330 2468 2393 portarum
2496 2321 2645 2376 urbis
2666 2320 2829 2377 verba
2859 2334 2955 2374 sua
2977 2316 3300 2389 proferebat,
3322 2315 3541 2385 quando

1962 2414 2207 2471 Christus
2237 2415 2289 2469 in
2318 2413 2577 2484 apostolis
2604 2413 2715 2467 suis
2740 2410 3079 2481 loquebatur.

2035 2505 2302 2561 Vesanus.
2334 2502 2472 2571 Quid
2501 2510 2584 2559 est
2612 2502 2756 2572 quod
2797 2502 2908 2557 ait:
2944 2500 3151 2556 Inct’ina
3187 2518 3275 2555 cor
3305 2510 3443 2555 tuum
3472 2517 3540 2553 an

1959 2596 2351 2669 intelligendam
2399 2594 2727 2666 prudentiam
2772 2592 2949 2665 (Prov.
2983 2592 3080 2661 u)?
3130 2590 3412 2659 Quomodo
3441 2608 3531 2662 pu-

1964 2694 2068 2742 test
2093 2687 2256 2741 homo
2282 2686 2542 2741 inclinare
2563 2685 2695 2740 cor?

2031 2779 2311 2836 SaLontus.
2345 2778 2439 2835 Ille
2477 2777 2696 2833 inclinat
2723 2792 2819 2832 cor
2845 2791 2999 2831 suum
3028 2774 3094 2829 ad
3118 2772 3542 2843 cognoscendam

1963 2871 2299 2943 prudentiam
2325 2911 2339 2935 ,
2385 2869 2477 2940 qui
2516 2867 2762 2923 humiliat
2806 2882 2866 2921 se
2913 2874 2969 2921 et
3012 2864 3268 2919 emundat
3306 2863 3541 2918 animum

1961 2977 2115 3017 suum
2145 2978 2175 3016 a
2203 2960 2438 3032 peccatis
2460 3002 2475 3025 ,
2506 2967 2566 3014 ut
2604 2959 2795 3026 dignus
2840 2955 2933 3012 liat
2968 2957 3033 3011 ad
3058 2945 3402 3027 percipienda
3429 2971 3539 3026 my‘

1962 3051 2473 3113 steria~Divinitatis.
2566 3080 2571 3083 -

2034 3148 2302 3203 Vesanus.
2336 3144 2473 3214 Quid
2499 3144 2744 3215 estquod
2767 3141 2896 3200 dicit
2921 3160 2935 3197 :
2969 3138 3319 3198 Neimrﬂeria
3343 3139 3541 3212 sapien-

1964 3242 2048 3296 tia:
2076 3240 2213 3295 tute?
2237 3239 2370 3307 Quis
2400 3239 2543 3295 enim
2571 3237 2815 3293 innititur
2842 3237 3157 3307 sapientiae?

1888 3334 1933 3396 C
2034 3330 2311 3387 SALONIUS.
2357 3328 2450 3383 llle
2486 3329 2579 3398 qui
2614 3343 2709 3383 sua
2759 3326 3019 3397 sapientia
3041 3367 3057 3392 ,
3087 3332 3179 3380 aut
3206 3325 3317 3380 suis
3342 3322 3543 3380 viribus

1965 3420 2186 3477 conﬁdit
2212 3436 2271 3476 se
2299 3434 2457 3492 posse
2485 3417 2706 3488 implere
2733 3417 2912 3481 divina
2941 3415 3213 3471 mandata.

2034 3512 2302 3588 Vesanus.
2342 3509 2481 3566 Ecce
2516 3510 2710 3565 iterum
2740 3508 2906 3564 dicit:
2947 3506 3032 3562 Ne
3064 3509 3136 3562 sis
3168 3508 3373 3578 sapiens
3406 3504 3542 3577 apud

1963 3605 2284 3675 temetipsum
2324 3601 2506 3672 (Prov.
2531 3598 2633 3672 ιιι).
2695 3598 2827 3667 Quis
2870 3602 3012 3655 enim
3055 3608 3138 3656 est
3161 3599 3374 3671 sapiens
3401 3598 3541 3670 apud

1961 3698 2306 3766 semetipsum
2321 3696 2345 3751 τ

2034 3789 2313 3845 Saeonrus.
2361 3788 2454 3844 Ille
2493 3795 2642 3844 certe
2674 3787 2765 3857 qui
2805 3802 2865 3842 se
2894 3802 3002 3857 prae
3029 3786 3239 3842 caeteris
3262 3785 3415 3854 quasi
3438 3785 3538 3840 do-

1961 3891 2082 3939 ctor
2108 3880 2355 3946 extollit,
2404 3888 2459 3934 et
2482 3878 2650 3948 jactat
2683 3877 2752 3933 de
2781 3878 2863 3932 his
2890 3891 3009 3948 qum
3039 3891 3105 3931 ex
3133 3875 3289 3932 dictis
3319 3875 3536 3931 Patrum

1962 3982 2112 4028 recte
2137 3985 2465 4040 cognoscere
2483 3984 2555 4027 .ac
2584 3968 2883 4037 intelligere
2910 3967 3106 4039 potuit.

2034 4064 2302 4119 Vesanus.
2334 4062 2462 4129 Quae
2490 4068 2572 4116 est
2597 4060 2860 4131 sapientia
2888 4075 3014 4115 vera
3042 4059 3309 4115 hominis?

2030 4155 2310 4213 SALONIUS.
2342 4152 2554 4208 Timere
2600 4151 2880 4207 Dominum
2929 4158 2985 4206 et
3024 4150 3277 4205 recedere
3303 4166 3333 4203 a
3362 4150 3533 4216 nialo;

1961 4256 2015 4303 et
2044 4248 2149 4303 hoc
2177 4254 2258 4301 est
2284 4244 2428 4317 quod
2468 4258 2593 4298 mox
2635 4243 2876 4315 sequitur
2912 4262 2924 4296 :
2961 4242 3103 4296 Time
3140 4241 3450 4308 Dominum,
3483 4250 3534 4296 et

1960 4338 2140 4394 recede
2161 4356 2190 4391 (ι
2211 4338 2368 4393 malo.
3266 4395 3278 4404 _

1982 4420 1989 4433 “
2035 4430 2297 4486 Vesanus.
2334 4427 2486 4485 Unde
2524 4428 2630 4483 scis
2668 4426 2814 4499 quod
2852 4426 2965 4482 haec
2992 4441 3118 4482 vera
3145 4425 3405 4497 sapientia
3433 4426 3533 4482 ho-

1962 4521 2158 4576 minis?

2032 4611 2313 4669 Saeonnus.
2343 4608 2476 4678 Quia
2498 4610 2552 4665 in
2578 4611 2717 4666 libro
2740 4609 2843 4665 Job
2871 4610 3127 4678 scriptum
3158 4614 3274 4662 est:
3310 4605 3444 4660 Ecce
3470 4608 3533 4659 ti-

343 4701 623 4755 SaLonws.
674 4697 872 4755 Christi
917 4700 1047 4757 Jesu
1086 4703 1293 4773 quiest
1336 4702 1433 4759 Dei
1479 4704 1647 4762 virtus
1680 4714 1735 4761 et
1760 4706 1856 4763 Dei
1885 4700 1933 4763 D
1959 4724 2071 4763 mar
2110 4704 2324 4761 Domini
2360 4706 2471 4776 ipse
2509 4713 2586 4758 est
2630 4704 2915 4773 sapientia;
2963 4709 3011 4754 et
3038 4699 3270 4754 recedere
3305 4715 3337 4750 a
3374 4701 3533 4761 male,
3591 4739 3604 4754 .

267 4790 556 4861 sapientia,
588 4791 725 4847 sicut
748 4791 879 4847 dicit
900 4790 1214 4863 Apostolus.

345 4879 612 4936 Vesanus.
661 4877 788 4938 Haec
812 4896 942 4950 ergo
970 4883 1233 4954 sapientia
1260 4887 1533 4954 quomodo
1562 4887 1690 4946 foris
1714 4904 1853 4959 prae-

266 4970 413 5027 dicat
424 4973 447 5025 ?

340 5062 620 5118 SaLonius.
652 5061 800 5117 Intus
829 5064 1169 5136 praedicavit,
1199 5065 1250 5120 id
1280 5074 1362 5121 est
1392 5066 1443 5120 in
1472 5076 1683 5123 secreto
1703 5107 1718 5133 ,
1750 5084 1848 5124 an-

268 5159 486 5221 tequam
513 5155 809 5222 pateretur,
839 5151 964 5221 quia
983 5135 1168 5222 paucis
1192 5152 1270 5225 (id
1291 5160 1375 5208 est
1398 5153 1524 5209 solis
1552 5154 1846 5227 discipulis)
1894 5135 1910 5149 ’

268 5245 527 5319 mysteria
559 5260 669 5301 suae
696 5242 991 5299 divinitatis
1019 5236 1280 5310 ostendit;
1326 5253 1451 5316 post
1496 5248 1848 5304 resurrectio--

269 5352 395 5393 nem
424 5351 553 5391 vero
580 5352 733 5393 suam
759 5335 887 5391 foris
914 5335 1244 5406 praedicavit,
1276 5337 1400 5406 quia
1429 5339 1591 5394 misso
1620 5339 1851 5411 desuper

267 5425 469 5498 Spiritu
496 5434 705 5490 sancto,
738 5434 925 5497 aperte
950 5442 1010 5481 se
1036 5441 1134 5497 per
1152 5427 1441 5497 apostolos,
1474 5429 1617 5498 quod
1648 5430 1740 5486 Dei
1764 5430 1849 5486 Fi-

270 5518 373 5573 lius
402 5523 563 5579 esset,
594 5508 795 5572 mundo
819 5518 1133 5573 declaravit.

345 5608 608 5663 Vesanus.
660 5606 945 5673 Quomodo
976 5608 1027 5663 in
1050 5610 1241 5680 plateis
1272 5612 1416 5667 dedit
1446 5627 1632 5666 vorent
1663 5616 1852 5669 suam?

340 5698 616 5777 Saeontus.
647 5697 782 5765 Quia
810 5715 929 5769 quae
966 5709 1092 5756 ante
1128 5702 1180 5756 in
1221 5712 1431 5758 secreto
1454 5712 1508 5757 et
1538 5704 1590 5765 in
1614 5703 1847 5771 occulto,

270 5800 327 5844 et
355 5791 405 5844 in
438 5805 543 5845 uno
571 5797 777 5844 tantum
802 5788 1106 5846 ludat-orum
1126 5795 1326 5863 populo
1345 5794 1625 5861 docuerat,
1659 5805 1849 5865 postea

273 5881 324 5937 iu
355 5880 630 5936 latitudine
658 5881 922 5951 plebeium
942 5923 955 5945 ,
1005 5890 1059 5935 et
1092 5899 1272 5938 coram
1312 5887 1558 5941 omnibus
1594 5886 1851 5954 gentibus

591 5972 856 6033 Parsoe.
907 5972 1054 6033 Llll.

1960 4797 2324 4867 intelligentia.

2027 4885 2296 4939 Vesanus.
2343 4881 2474 4948 Quis
2520 4882 2609 4937 ille
2657 4883 2817 4936 homo
2845 4880 2913 4935 de
2942 4896 3049 4951 quo
3078 4879 3335 4937 Salomon
3363 4881 3493 4936 dicit
3519 4899 3529 4934 :

1960 4973 2150 5029 Beatus
2172 4974 2321 5027 homo
2340 4973 2425 5043 qui
2452 4972 2646 5026 invenit
2665 4971 3010 5049 sapientiam?

2025 5064 2308 5123 SaLonIus.
2337 5064 2670 5121 Christianus
2698 5063 2869 5119 lidelis
2896 5073 2949 5119 et
2976 5065 3287 5124 catholicus.

2026 5157 2295 5212 Vesanus.
2325 5155 2550 5224 Quando
2579 5156 2681 5212 iste
2710 5156 2912 5212 invenit
2937 5157 3295 5227 sapientiam?

2025 5247 2303 5302 Saeonnus.
2318 5245 2448 5300 Cum
2473 5246 2768 5302 doctrinam
2784 5247 3041 5311 veritatis,
3069 5246 3118 5301 id
3139 5254 3220 5300 est
3239 5244 3530 5315 Evangelii,

1955 5324 2184 5408 corpore
2211 5337 2366 5392 simul
2386 5346 2443 5392 et
2463 5336 2624 5393 corde
2651 5338 2895 5408 percipit,
2926 5345 2981 5393 et
3014 5338 3064 5392 in
3093 5337 3381 5406 Scripturis
3404 5353 3529 5417 sau-

1956 5431 2077 5498 etis,
2108 5430 2315 5486 Domini
2346 5429 2675 5485 voluntatem
2699 5430 2879 5485 studet
2904 5443 3249 5497 cognoscere.

2034 5523 2299 5577 Vesanus.
2332 5521 2557 5588 Quando
2586 5518 2756 5573 afﬂuit
2782 5520 3100 5590 prudentia?

2008 5616 2312 5669 ‘Saeonws.
2360 5610 2587 5679 Quando
2616 5626 2737 5664 cum
2780 5624 2971 5678 magno
2995 5625 3181 5665 amore
3209 5619 3265 5665 et
3293 5611 3373 5667 sui
3399 5627 3524 5668 con-

1954 5707 2145 5761 ditoris
2188 5703 2474 5757 dilectione
2518 5699 2665 5754 audit
2705 5708 2970 5769 praecepta
3018 5700 3224 5763 divina,
3271 5710 3325 5756 ct
3369 5717 3525 5773 opere

1953 5800 2131 5854 studet
2162 5797 2400 5865 implere.

2026 5891 2293 5943 Vesaws.
2336 5884 2474 5949 Quid
2504 5892 2587 5937 est
2614 5885 2755 5952 quod
2783 5887 2886 5939 ait:
2933 5886 3039 5938 l'in'
3061 5888 3175 5956 ejus
3204 5888 3454 5955 putt-nm.

3182 5977 3254 6037 31
