4110 6336
518 406 616 464 971

1802 391 2066 449 ssnon"
2107 356 2501 455 vaNENSts

515 535 690 580 omnes
735 524 930 571 semita:
976 530 1086 582 elus
1125 512 1393 582 paci/Ecce?
1436 516 1566 581 Quae
1595 516 1719 564 sunt
1744 513 1860 562 tstte
1888 507 1986 562 viae
2014 521 2100 562 sa-
2126 512 2172 573 Α
2250 502 2556 559 8Αωωυε.
2595 501 2697 558 Per
2734 517 2851 558 vias
2894 516 3013 575 quae
3040 517 3073 557 a
3098 502 3306 557 dextris
3330 512 3478 586 sunt,
3507 500 3803 571 designan-

517 610 749 682 pientiae,
782 614 874 662 aut
896 620 1015 677 quae
1042 610 1165 659 sunt
1193 603 1396 658 semitae
1418 600 1568 671 ejus?

590 702 871 758 Ssiomus.
933 696 1043 751 Viae
1096 694 1373 766 sapientia:
1419 698 1546 748 sunt
1605 690 1847 748 actiones
1894 688 2106 745 Domini

519 811 653 866 quas
679 792 843 863 gessit
871 792 924 844 in
953 804 1135 856 carne,
1161 788 1275 843 sive
1304 785 1562 841 doctrinm
1590 783 1756 854 ipsius
1783 777 2105 854 quae‘conti-

520 892 717 942 nentur
766 884 820 937 in
860 882 1010 936 libris
1051 878 1329 949 Evangelii
1357 896 1370 943 ;
1411 892 1530 945 quae
1561 876 1657 929 viae
1684 874 1928 944 pulchrae
1959 880 2100 937 sunt,

523 977 646 1047 quin
691 975 903 1030 divinae.
986 970 1203 1027 Semita:
1250 968 1524 1039 sapientiae
1572 974 1695 1020 sunt
1740 974 2014 1035 prmeepta
2056 972 2112 1019 et

424 1065 430 1075 ’
525 1069 774 1124 mandata
802 1063 1043 1127 Domini,
1074 1076 1191 1130 quae
1218 1056 1283 1113 ad
1311 1072 1496 1129 pacem
1524 1064 1779 1115 azternam
1808 1073 1820 1108 :
1852 1052 2107 1125 pacificm,

526 1161 649 1230 quia
697 1158 877 1214 omnia
934 1159 1203 1225 prtecepta
1248 1147 1459 1204 Domini
1505 1147 1573 1201 ad
1621 1162 1809 1217 pacem
1856 1142 2112 1200 aeternam

526 1250 844 1323 perducunt.

432 1400 433 1403 η
600 1342 870 1397 VERANUS.
922 1336 997 1392 De
1026 1350 1131 1406 qua
1176 1335 1295 1406 lege
1343 1343 1435 1387 aut
1462 1331 1528 1386 de
1563 1347 1669 1401 quo
1716 1328 1941 1384 consilio
1988 1324 2118 1383 dicit

428 1440 447 1495 Τί
532 1432 809 1499 Salomon,
841 1444 964 1484 cum
993 1428 1068 1481 ait
1095 1445 1105 1478 :
1150 1424 1361 1481 Custodi
1392 1424 1552 1495 legem
1581 1431 1729 1493 atque
1748 1418 2080 1498 consilium?-

599 1525 883 1579 Ssnosws.
932 1519 1007 1575 De
1050 1519 1166 1587 lege
1214 1512 1461 1573 videlicet
1501 1531 1563 1570 ac
1586 1512 1809 1569 consilio
1838 1511 2115 1582 sapientia:

431 1603 459 1663 ἶ
535 1619 747 1675 Domini
775 1616 928 1701 {esus
956 1612 1172 1670 Christi.

606 1699 873 1763 VERANDS.
902 1703 1031 1771 Qum
1060 1710 1141 1758 est
1170 1702 1257 1757 lex
1285 1699 1600 1771 sapientiae?

608 1799 887 1855 SALONIUS.
920 1794 1032 1852 Lex
1055 1795 1329 1866 sapientiae
1358 1802 1467 1861 est,
1492 1806 1612 1861 quae
1640 1790 1769 1846 dicit
1794 1808 1805 1843 :
1841 1789 1901 1845 Si
1931 1788 2004 1853 vis
2032 1790 2116 1844 in-

2214 610 2298 656 tur
2327 607 2525 655 sanctae
2554 595 2793 654 actiones
2826 605 2882 654 et
2912 611 3077 667 opera
3118 596 3260 652 bona
3284 614 3297 649 :
3340 594 3458 650 haec
3482 596 3629 651 enim
3650 595 3810 652 novit

2213 690 2471 746 Dominus
2500 730 2514 754 ,
2565 688 2618 742 id
2663 696 2783 755 est,
2832 682 3050 755 dirigit,
3105 695 3163 757 et
3188 686 3405 756 placent
3433 685 3529 740 illi.
3566 684 3721 741 Unde
3747 695 3809 743 et

2213 791 2434 839 econtra
2480 782 2535 837 in
2570 781 2775 852 judicio
2821 781 3062 843 dicturus
3090 788 3174 836 est
3200 780 3485 851 mprobis:
3530 779 3659 836 Non
3685 782 3810 835 ιιουὶ

2212 872 2341 929 i'os':
2373 873 2479 929 hoc
2502 880 2604 938 est,
2640 887 2752 927 non
2777 886 2872 927 vos
2891 870 3053 940 elegi,
3083 886 3192 927 non
3219 870 3364 928 enim
3392 866 3526 927 mihi
3555 871 3809 941 placetis,

2216 968 2342 1039 quia
2394 982 2503 1023 non
2539 967 2648 1021 vos
2691 965 2849 1023 video
2890 963 2945 1021 in
2972 964 3095 1023 luce
3123 978 3277 1031 mea,
3308 979 3419 1020 non
3440 980 3541 1021 vos
3562 963 3728 1019 video
3753 964 3815 1021 in

2210 1058 2419 1130 iustitia
2446 1074 2566 1115 mea

2286 1152 2555 1208 VEBANUS.
2587 1150 2726 1219 Quid
2753 1160 2836 1208 est
2872 1152 3018 1222 quod
3054 1151 3220 1208 dicit:
3252 1150 3338 1207 Na
3370 1153 3461 1209 des
3491 1155 3685 1208 alienis
3712 1154 3816 1207 Ito-

2218 1258 2394 1297 norem
2416 1250 2560 1296 tuum
2583 1283 2600 1309 ,
2630 1250 2681 1296 et
2713 1258 2880 1296 annos
2917 1251 3028 1297 tuos
3049 1242 3246 1297 crudeli
3266 1241 3446 1314 (Prov.
3478 1243 3557 1314 ν).
3592 1244 3671 1302 De
3700 1260 3819 1313 Qun

2217 1334 2425 1390 honore
2454 1333 2603 1402 dicit,
2634 1342 2729 1389 aut
2754 1350 2891 1405 quos
2919 1346 3079 1391 vocat
3104 1335 3349 1393 alienos?

2291 1426 2570 1483 SALONIUS.
2616 1426 2693 1482 De
2722 1427 2929 1485 honore
2956 1427 3119 1492 dicit,
3158 1429 3313 1497 quod
3331 1426 3504 1487 factus
3529 1438 3619 1486 est
3644 1428 3825 1483 ltonm

2219 1517 2287 1572 ad
2321 1518 2604 1587 imaginem
2635 1517 2729 1574 Dei
2756 1536 2769 1570 :
2801 1518 3028 1585 alienos,
3056 1518 3331 1577 dmmones
3357 1520 3615 1591 appellat,
3648 1524 3708 1575 et
3729 1528 3823 1573 cst

2218 1627 2411 1667 sensus
2437 1630 2448 1664 :
2489 1610 2567 1667 Ne
2603 1611 2866 1668 honorem
2895 1618 3046 1667 tuum
3064 1650 3081 1677 ,
3123 1610 3271 1681 quod
3293 1611 3363 1669 ad
3391 1611 3687 1681 Meam
3714 1611 3819 1666 Dei

2225 1712 2433 1759 creatus
2458 1718 2537 1768 es,
2560 1703 2699 1758 male
2725 1701 2956 1769 vivendo
2975 1702 3173 1759 subdas
3200 1702 3494 1763 immundis
3508 1702 3819 1773 spiritibus-

2290 1797 2558 1853 Vesanus.
2589 1794 2760 1863 Quem
2786 1794 3024 1865 appellat
3050 1778 3355 1860 crudelem;
3394 1801 3491 1849 aut
3521 1795 3595 1853 de
3619 1793 3825 1864 qubus

537 1890 680 1965 gredi
710 1889 778 1943 ad
808 1889 980 1953 vitam,
1010 1903 1158 1940 serua
1181 1883 1451 1949 mandata,
1482 1881 1536 1935 id
1560 1891 1775 1949 est,non
1792 1880 2009 1946 occides,
2027 1898 2130 1937 non
2161 1889 2209 1953 Β
2234 1888 2389 1945 annis
2411 1886 2575 1943 dicit?

536 1982 885 2049 meae/iuberis,
912 1998 1015 2035 non
1047 1981 1241 2051 furtum
1280 1977 1436 2050 facies
1468 1974 1680 2046 (Matth.
1709 1990 1829 2040 lux;
1857 1971 2026 2028 Marc.
2062 1991 2124 2040 x;

537 2078 661 2133 Luc.
697 2077 868 2148 xvm).
1681 2114 1689 2121 .

602 2170 875 2225 Vesanus.
905 2166 1059 2235 Quod
1082 2174 1164 2222 est
1185 2164 1471 2220 consilium
1500 2159 1817 2233 sapientiae?

609 2261 888 2316 SALONIUS.
923 2260 983 2314 Si
1025 2259 1098 2312 vis
1145 2258 1402 2328 perfectus
1447 2271 1590 2319 esse,
1633 2248 1792 2307 vende
1820 2250 1995 2306 omnia
2019 2266 2133 2322 qua:

542 2351 714 2417 habes,
745 2360 793 2414 et
823 2350 888 2404 da
911 2349 1245 2421 pauperibus.

606 2443 881 2497 VERANUS.
914 2439 1051 2511 Quid
1098 2448 1182 2495 est
1230 2437 1377 2508 quod
1419 2437 1530 2491 ait:
1561 2433 1892 2490 Abominatio
1922 2430 2133 2487 Domini

543 2541 619 2587 est
649 2531 817 2586 omnis
844 2528 1059 2583 illusor?
1089 2528 1222 2594 Quis
1250 2536 1331 2583 est
1354 2526 1573 2581 illusor?

616 2620 896 2675 SALONIUS.
929 2618 1121 2673 lllusor
1158 2627 1241 2673 est
1272 2617 1365 2685 qui
1388 2615 1551 2670 verba
1580 2614 1678 2669 Dei
1708 2629 1957 2683 perverse
1987 2610 2139 2669 intel-

544 2710 760 2782 ligendo
805 2718 861 2765 et
905 2708 1150 2764 docendo
1197 2704 1511 2777 corrumpit.
1568 2703 1759 2759 lllusor
1786 2702 1981 2772 estqui
2011 2717 2137 2756 suos

545 2801 823 2883 proximos
863 2799 1133 2870 simplices
1161 2805 1216 2853 et
1244 2811 1511 2869 pauperes
1551 2792 1861 2886 insultando
1891 2802 2135 2847 contem-

545 2888 643 2946 nit'.
674 2890 865 2945 lllusor
893 2897 975 2945 est
1011 2889 1103 2958 qui
1133 2902 1325 2959 magna
1368 2886 1464 2942 Dei
1492 2885 1756 2956 promissa
1789 2885 1942 2954 quasi
1972 2897 2136 2954 parva

545 2984 809 3054 despicit,
853 2991 908 3038 et
947 2988 1161 3052 paenam
1188 2987 1403 3035 aeterna:
1432 2976 1796 3032 damnationis
1824 2976 1975 3045 quasi
2000 2974 2137 3029 tole—

546 3076 770 3133 rabilem
799 3075 1020 3144 spernit.
1054 3072 1251 3125 Omnes
1278 3070 1381 3124 hos
1417 3069 1553 3123 tales
1581 3068 1923 3122 abominetur
1950 3064 2136 3120 Domi-

510 3210 515 3222 .
555 3184 675 3235 nus,
704 3172 905 3220 etcum
935 3160 1265 3231 simplicibus
1294 3166 1379 3213 est
1406 3157 1788 3213 sermocinatio
1829 3156 1971 3226 ejus,
2010 3156 2134 3224 quia

2302 1981 2581 2039 διιοιιιυε.
2610 1982 2796 2039 Annos
2822 1989 2984 2037 vocat
3009 1980 3183 2049 spatia
3209 1980 3365 2046 vitae;
3394 1981 3669 2036 crudelem
3696 1980 3819 2037 dia-

2231 2075 2414 2131 bolum
2436 2115 2451 2140 ,
2507 2081 2562 2129 et
2608 2081 2691 2129 est
2735 2087 2925 2129 sensus
2949 2091 2962 2125 :
3013 2071 3201 2142 Spatia
3228 2073 3369 2139 vita,
3397 2087 3519 2142 tium
3547 2072 3647 2130 tibi
3673 2072 3826 2129 dedit

2234 2165 2376 2220 Deus
2399 2164 2540 2219 male
2566 2162 2796 2220 vivendo
2824 2178 2892 2220 ne
2920 2162 3101 2218 tradas
3127 2161 3361 2221 diabolo.

2305 2258 2577 2313 Vesanus.
2606 2255 2686 2312 De
2711 2271 2816 2326 qua
2857 2256 3092 2313 cisterna
3131 2255 3292 2329 docet
3332 2254 3596 2313 Salomon
3636 2255 3830 2311 bibere

2236 2364 2430 2420 aquam
2452 2389 2469 2415 ,
2498 2356 2592 2404 aut
2632 2347 2701 2404 de
2743 2362 2852 2418 quo
2888 2355 3053 2418 puteo
3080 2345 3281 2403 ﬂuenta
3303 2384 3320 2411 ,
3349 2362 3477 2405 cum
3495 2347 3669 2407 dicit:
3707 2346 3829 2402 Bibe

2236 2458 2421 2517 aquam
2451 2441 2514 2497 de
2536 2443 2762 2497 cisterna
2779 2450 2891 2504 tua,
2914 2448 2965 2493 et
2988 2441 3185 2509 ﬂuenta
3212 2440 3349 2510 putei
3372 2440 3443 2492 tui
3458 2440 3485 2491 ?

2308 2532 2587 2589 SALONIUS.
2617 2530 2918 2589 Cisternam
2942 2538 3103 2587 vocat
3140 2531 3462 2587 catholicam
3482 2572 3499 2595 ,
3532 2530 3585 2586 id
3610 2538 3698 2587 est
3722 2531 3831 2586 Ve-

2242 2622 2371 2678 teris
2401 2629 2457 2676 et
2491 2621 2643 2678 Novi'
2673 2620 3006 2677 Testamenti
3049 2620 3382 2685 doctrinam;
3428 2630 3660 2691 puteum
3697 2634 3830 2676 vero

2241 2714 2661 2784 profunditatem
2697 2721 2753 2770 et
2779 2713 3115 2770 altitudinem
3149 2713 3389 2783 ejusdem
3419 2714 3704 2769 catholitm
3729 2714 3833 2769 do-

2241 2807 2464 2861 ctrinae:
2497 2821 2721 2877 aquam,
2749 2806 3027 2862 scientiam
3051 2824 3065 2860 :
3096 2805 3297 2862 ﬂuenta
3332 2807 3547 2876 eripiam
3571 2817 3627 2862 et
3648 2807 3822 2861 abun-

2245 2896 2483 2950 dantiam
2513 2896 2780 2962 scientiae,
2825 2894 2881 2950 id
2909 2904 2993 2951 est
3017 2897 3194 2953 varios
3220 2912 3387 2953 sacra
3417 2896 3691 2967 Scriptura:
3717 2912 3818 2967 ap-

2242 2987 2409 3058 pellat
2436 2985 2757 3042 intellectus.
2807 2984 2980 3042 Docet
3024 2986 3169 3043 enim
3212 2986 3296 3043 bis
3324 2987 3539 3050 verbis,
3568 3000 3761 3042 cavere
3791 3004 3827 3039 a

2242 3077 2484 3132 doctrina
2536 3076 2913 3131 btcreticorum
2954 3084 3012 3132 et
3055 3076 3332 3135 attendere
3383 3077 3708 3133 lectionibus
3736 3092 3833 3131 sa-

2242 3182 2456 3223 crarum
2498 3166 2932 3237 Scripturarum,
2975 3174 3033 3223 et
3073 3176 3159 3223 est
3198 3182 3430 3227 sensus:
3474 3167 3602 3223 Bibe
3642 3185 3836 3240 aqua.

551 3260 674 3314 illos
702 3257 872 3325 gratia
893 3253 1129 3309 ecelestis
1156 3250 1432 3321 sapientia:
1453 3250 1737 3325 illuminat,
1769 3249 1892 3317 quia
1918 3248 2049 3302 nihil
2084 3249 2137 3302 in
2163 3259 2208 3321 ρ
2242 3262 2305 3314 de
2324 3260 2548 3314 mima
2575 3267 2663 3311 tua
2686 3300 2700 3324 ,
2744 3258 2796 3312 id
2825 3268 2911 3313 εει
2956 3275 3111 3314 εει-νε
3139 3268 3194 3316 ει
3234 3274 3399 3329 θρα-θ
3434 3259 3600 3330 imple
3628 3259 3837 3315 docui-

551 3367 608 3407 se
639 3348 964 3419 duplicatum
996 3346 1214 3399 habent.

626 3442 895 3495 Venimus.
928 3435 1104 3504 Quare
1152 3435 1407 3490 Saiomon
1447 3433 1614 3489 dicit:
1656 3431 1724 3485 Et
1766 3449 1858 3503 ego
1898 3432 2039 3502 ﬁlius
2064 3432 2173 3502 fui,

556 3531 718 3608 putris
762 3530 888 3594 mei,
938 3526 1147 3583 tenellus
1194 3536 1243 3581 et
1296 3527 1591 3597 unigenitus
1632 3542 1804 3579 coram
1838 3534 2003 3577 matre
2027 3539 2141 3576 mea

559 3623 741 3695 (Prov.
789 3620 899 3691 tv)?
954 3618 1236 3685 Quomodo
1292 3618 1593 3688 unigenitus
1648 3615 1746 3670 fuit
1799 3630 1981 3670 coram
2022 3630 2139 3667 ma-

561 3724 646 3771 tre
673 3728 770 3767 sua
788 3754 805 3770 .
841 3727 962 3766 cum
992 3710 1328 3780 praecesserit
1347 3725 1470 3764 eum
1496 3708 1659 3778 frater
1687 3707 1954 3771 uterinus,
2002 3706 2142 3760 sicut

559 3806 839 3877 Scriptura
863 3808 1050 3857 saneta
1078 3801 1199 3856 libri
1230 3799 1435 3870 Regum
1462 3796 1515 3871 (Ι
1543 3798 1672 3871 Reg.
1707 3799 1804 3869 xu)
1838 3800 2101 3854 testatur?

631 3898 933 3954 Summus:
958 3895 1157 3951 Verum
1201 3900 1283 3949 est
1319 3894 1445 3964 quia
1488 3892 1766 3963 praecessit
1808 3907 1929 3946 eum
1976 3890 2143 3945 frater

558 3990 824 4054 uterinus,
856 3986 951 4042 sed
981 3984 1070 4040 ille
1099 4000 1224 4039 mox
1253 3974 1496 4038 mortuus
1523 3991 1606 4038 est
1633 4001 1644 4034 :
1678 3981 1832 4052 quasi
1859 3995 2132 4049 nunquam

561 4081 782 4147 fuisset,
811 4081 926 4135 sine
956 4077 1174 4133 nomine
1204 4078 1269 4131 ab
1301 4076 1401 4131 hac
1429 4076 1540 4129 vita
1565 4075 1828 4139 discessit,
1855 4082 2144 4144 propterea

560 4189 621 4229 se
649 4172 980 4241 unigenitum
1011 4169 1266 4239 appellat.

632 4264 902 4317 Vcennos.
947 4261 1124 4325 Quare
1154 4259 1312 4312 dicit:
1350 4255 1474 4311 Non
1506 4258 1729 4311 declines
1759 4258 1826 4310 ad
1857 4257 2141 4323 dexteram,

464 4366 471 4375 ‘
564 4371 723 4427 neque
752 4354 821 4406 ad
850 4352 1156 4432 sinistram?
1184 4350 1313 4416 Quis
1342 4350 1485 4403 enim
1513 4365 1573 4427 se
1601 4351 1672 4403 ita
1695 4349 1975 4405 continere
2002 4354 2148 4420 pote-

564 4446 657 4515 rit,
691 4452 752 4500 ut
787 4456 983 4514 corpus
1009 4455 1164 4495 suum
1194 4440 1248 4494 in
1276 4436 1554 4494 dexteram
1584 4447 1789 4511 partem
1821 4446 1911 4493 aut
1940 4440 1992 4494 in
2020 4438 2148 4495 sini-

566 4548 732 4595 stram
763 4554 869 4593 non
900 4537 1168 4592 declinet?

2243 3367 2366 3404 nam
2395 3365 2556 3419 quam
2599 3350 2717 3404 aliis
2758 3349 3082 3419 praedicaris.
3130 3349 3199 3405 Et
3240 3351 3435 3419 ﬂuenta
3462 3351 3607 3421 putei
3628 3351 3702 3403 tui
3734 3366 3754 3403 :
3786 3349 3839 3403 id

2243 3452 2326 3498 cst
2354 3441 2682 3498 abundantia
2710 3443 2976 3498 sermonis
3004 3443 3109 3509 tui,
3139 3431 3231 3498 séu
3268 3442 3515 3499 scientia:
3545 3441 3838 3503 iniluenter

2244 3534 2295 3588 in
2330 3543 2379 3588 te
2408 3531 2674 3589 redundet
2695 3532 2944 3601 operibus
2972 3532 3147 3587 bonis.

2318 3625 2586 3679 Vesanus.
2620 3622 2797 3690 Quare
2830 3624 2959 3679 dicit
2992 3623 3246 3680 Salomon
3274 3642 3287 3677 :
3332 3623 3632 3679 Deriventar
3654 3625 3833 3694 [eum

2244 3719 2317 3770 tui
2363 3718 2524 3789 foras,
2571 3727 2619 3770 et
2660 3717 2715 3771 in
2742 3716 2926 3787 plateis
2946 3733 3107 3787 aquas
3134 3725 3250 3770 tuas
3275 3717 3466 3781 divide,
3488 3731 3611 3771 cum
3635 3715 3823 3773 statim

2244 3806 2532 3876 subjungat
2557 3825 2569 3859 :
2605 3805 2807 3860 Habeto
2830 3823 2920 3861 eas
2947 3805 3088 3861 solus
3107 3846 3121 3870 ,
3158 3823 3222 3860 ne
3249 3808 3357 3867 sint
3371 3805 3521 3860 alieni
3541 3805 3827 3875 participes

2246 3898 2354 3952 tui?
2382 3897 2439 3952 Si
2468 3896 2644 3952 fontes
2672 3906 2886 3953 nostros
2913 3896 3055 3954 foras
3081 3896 3414 3963 derivamus,
3456 3904 3512 3952 et
3550 3897 3605 3955 in
3633 3896 3830 3967 plateis

2246 4002 2413 4059 aquas
2458 3986 2770 4063 dividimus;
2810 3987 3081 4056 quomodo
3127 3987 3230 4045 soli
3276 4004 3370 4044 eas
3408 3987 3608 4045 habere
3633 4002 3828 4037 nascu-

2245 4082 2396 4136 mus?

2315 4173 2593 4230 SALONIUS.
2630 4171 2882 4241 Quamvis
2909 4174 2966 4229 in
2996 4173 3170 4229 verbis
3214 4188 3413 4231 sonare
3438 4181 3706 4239 rideatur,
3747 4181 3831 4227 ta-

2246 4281 2368 4320 men
2398 4264 2544 4319 nulla
2562 4264 2653 4318 est
2671 4265 3045 4327 contrarietas,
3103 4264 3227 4334 quia
3268 4264 3351 4318 hze
3398 4268 3677 4319 sententia:
3721 4280 3830 4319 non

2245 4364 2473 4427 possunt
2489 4354 2591 4410 nisi
2611 4354 2959 4427 spiritualiter
2980 4354 3224 4421 intelligi.
3242 4353 3443 4410 Fontes
3463 4369 3596 4424 ergo
3619 4363 3831 4410 nostros

2248 4447 2391 4501 foras
2417 4446 2741 4511 derivamus,
2764 4461 2884 4502 cum
2912 4446 3031 4502 aliis
3058 4447 3166 4500 vim
3193 4444 3588 4515 praedicationis
3608 4443 3831 4501 iiiﬁibdi—

2249 4554 2387 4602 mus,
2434 4553 2557 4592 cum
2583 4537 2746 4592 verba
2786 4552 2951 4591 saera:
2973 4535 3263 4606 Scriptura:
3290 4526 3407 4588 aliis
3432 4535 3828 4589 annuntiamus.

634 4628 915 4684 SALONIUS.
946 4627 1143 4691 Nemo;
1175 4626 1267 4681 sed
1298 4643 1394 4697 per
1421 4625 1696 4681 dexteram
1725 4623 2031 4694 designatur
2058 4624 2142 4677 via
2172 4625 2224 4691 D
2247 4627 2304 4682 ln
2331 4629 2523 4699 plateis
2551 4644 2718 4699 aquas
2743 4627 3045 4692 dividimus,
3077 4642 3197 4683 cum
3219 4625 3434 4699 populis
3458 4625 3831 4694 praedicamus.

511 4738 517 4743 ο
568 4721 728 4784 bona,
762 4735 858 4789 per
883 4718 1151 4774 sinistram
1180 4717 1266 4771 via
1296 4716 1435 4771 mala
1466 4726 1521 4772 et
1551 4717 1797 4786 reproba.
1829 4714 1945 4769 Non
1967 4714 2148 4784 prohi-

565 4809 657 4862 bet
694 4808 971 4862 ambulare
1010 4808 1061 4860 in
1091 4806 1314 4862 dextera
1343 4806 1427 4860 via
1448 4846 1462 4864 .
1494 4805 1586 4860 sed
1614 4804 1882 4860 declinare
1919 4801 1987 4856 ad
2013 4801 2146 4859 dex-

566 4908 759 4954 teram.

643 4990 905 5044 VERANUS.
941 4989 1071 5055 Quis
1118 5003 1246 5058 ergo
1287 4989 1520 5045 declinat
1560 4987 1625 5043 ad
1661 4987 1939 5042 dexteram
1966 4987 2051 5042 vel
2079 4987 2143 5041 ad

562 5081 873 5136 sinistram?

634 5172 914 5227 SALONIUS.
947 5169 1131 5226 Justus
1159 5168 1388 5223 declinat
1417 5168 1483 5222 ad
1510 5168 1805 5236 dexteram,
1834 5169 1925 5240 qui
1951 5169 2018 5224 de
2045 5183 2141 5225 sua

563 5265 820 5334 injustitia
846 5272 903 5319 et
938 5264 1047 5319 suis
1076 5262 1280 5317 viribus
1306 5263 1610 5332 prmsumit;
1643 5261 1871 5331 injustus
1911 5261 2142 5317 declinat

562 5355 628 5407 ad
659 5355 959 5422 sinistram,
1008 5354 1099 5423 qui
1131 5362 1349 5424 propter
1377 5353 1553 5408 carnis
1577 5352 1915 5422 fragilitatem
1945 5355 2138 5409 salvari

562 5459 622 5499 se
666 5461 829 5515 posse
875 5444 1145 5516 desperat.
1191 5444 1434 5500 Declinat
1471 5443 1536 5499 ad
1564 5443 1837 5499 dexteram
1861 5486 1875 5511 ,
1905 5445 1997 5516 qui
2025 5445 2139 5498 vult

562 5534 676 5607 plus
698 5552 879 5607 sapere
903 5553 1056 5608 quam
1085 5543 1283 5606 oportet
1314 5552 1495 5606 sapere
1532 5535 1709 5609 (Rom.
1743 5537 1837 5589 χιι)
1860 5553 1872 5564 ·
1906 5534 2136 5591 declinat

563 5627 635 5684 ad
658 5629 947 5696 sinistram,
981 5630 1071 5699 qui
1100 5629 1265 5684 servit
1286 5631 1545 5685 stultitiae.

632 5716 900 5774 anus.
933 5717 1041 5773 Cur
1077 5732 1205 5786 ergo
1243 5717 1371 5772 dicit
1400 5718 1559 5788 paulo
1587 5718 1835 5775 inferius:
1877 5717 1999 5774 Vias
2028 5736 2140 5791 qua:

562 5805 812 5865 athuris
840 5818 974 5873 sunt,
1001 5809 1139 5862 novit
1165 5807 1451 5862 Dominus?

2248 4715 2431 4775 Platea
2455 4734 2687 4788 namque
2718 4718 2861 4774 dicta
2888 4727 2973 4774 est
2998 4734 3029 4772 a
3057 4717 3372 4783 latitudine;
3397 4724 3480 4772 est
3508 4717 3655 4771 enim
3680 4714 3836 4770 Gm-

2246 4826 2342 4865 cus
2366 4825 2561 4866 sermo.
2594 4809 2651 4864 In
2699 4810 2890 4879 plateis
2918 4822 3046 4877 ergo
3073 4823 3242 4877 aquas
3289 4806 3597 4875 dividimus,
3619 4807 3839 4877 quando

2249 4902 2300 4956 in
2348 4899 2687 4954 multitudine
2723 4898 3027 4953 auditorum
3066 4898 3229 4953 verba
3258 4898 3495 4952 scientia:
3523 4897 3836 4962 dilatamus,

2246 5001 2300 5048 et
2318 4992 2471 5063 juxta
2500 4990 2917 5061 uniuscujusque
2946 4990 3263 5059 qualitatem
3304 4990 3482 5045 divina
3513 4988 3731 5062 eloquia
3754 4989 3839 5045 di-

2248 5101 2582 5157 spensamus.
2726 5144 2730 5149 _
3321 5114 3328 5122 -

2320 5174 2588 5233 VERANUS.
2632 5176 2689 5231 Si
2734 5191 2901 5247 aquas
2944 5164 2999 5233 in
3046 5174 3240 5249 plateis
3265 5173 3506 5231 dividere
3551 5172 3835 5241 debeam,

2250 5268 2523 5339 quomodo
2552 5281 2682 5336 ergo
2703 5282 2797 5321 eas
2817 5265 2918 5322 soli
2939 5264 3138 5319 habere
3158 5264 3478 5335 possumus?

2317 5360 2594 5416 SALONIUS.
2637 5358 2818 5431 Aquas
2846 5358 2897 5413 in
2926 5357 3117 5428 plateis
3137 5356 3443 5426 dividimus,
3464 5355 3687 5426 quando
3715 5356 3837 5410 aliis

2244 5446 2408 5507 verba
2436 5450 2614 5506 divina
2644 5452 2753 5505 late
2799 5447 3167 5521 praedicamus,
3210 5456 3266 5505 et
3320 5456 3502 5507 tamen
3538 5448 3641 5503 soli
3667 5462 3836 5517 aquas

2243 5543 2522 5610 habemus,
2547 5544 2673 5614 quia
2700 5542 2769 5599 de
2798 5541 2913 5614 ipsa
2939 5540 3323 5613 praedicatione
3348 5540 3619 5599 hmanas
3647 5539 3833 5595 laudes

2242 5649 2353 5688 non
2381 5635 2688 5705 qumrimus.

2318 5724 2579 5781 VERANUS.
2622 5725 2760 5793 Quid
2790 5734 2871 5781 est
2898 5726 3043 5797 quod
3070 5726 3236 5782 dicit:
3262 5714 3349 5779 Ne
3374 5727 3481 5781 sint
3501 5718 3660 5781 αὑταὶ
3700 5738 3831 5793 par-

2243 5814 2419 5878 ticipcs
2452 5817 2520 5869 lui
2550 5814 2726 5885 (Prov.
2760 5832 2811 5881 v,
2846 5815 2963 5885 l7)?

4108 3770 4110 3857 l
