4110 6336
251 457 356 514 973

1040 453 1108 512 [Ν
1145 453 1546 510 ranasouas
1585 433 1972 508 sliLononis
2010 449 2366 508 exeosmo
2403 450 2721 510 MYSTICA.

2143 357 2166 363 --
2179 358 2221 366 η.
2229 359 2236 365 .
2243 359 2432 372 ~—-......,.

3407 449 3520 513 974

316 573 595 629 SALONIUS.
637 573 853 628 Alienos
878 580 1037 628 vocat
1058 571 1346 634 dmmones,
1382 561 1450 623 de
1483 569 1676 638 quibus
1699 567 1834 621 dixit
1860 559 1910 630 Α
1937 575 2079 622 stum
2111 577 2453 638 acceperunt,
2504 578 2564 624 ut
2611 569 2811 638 aliquid
2848 569 2973 624 boni
3003 578 3204 637 essent,
3234 568 3375 626 unde
3401 571 3522 644 ipso

251 660 526 720 Psalmista
561 685 572 718 :
604 667 770 720 Alieni
800 667 1186 720 insurrexerunt
1234 680 1384 732 super
1429 677 1530 723 me,
1580 670 1628 714 et
1669 663 1826 740 [artes

248 758 559 826 quaesierunt
589 757 828 816 animum
855 773 1021 810 meam
1051 755 1218 825 (Psal.
1251 770 1362 814 Llll.
1393 751 1466 821 5).
1517 760 1620 806 etc.
1679 749 1830 805 Tunc

248 848 391 900 enim
422 848 700 915 malignos,
732 849 784 902 id
807 856 888 903 est
910 847 1216 901 immundos
1235 846 1456 915 spiritus
1490 845 1543 898 in
1575 843 1830 912 praedica-

251 940 395 993 tione
424 940 710 1010 participes
737 950 792 995 et
812 941 987 996 socios
1014 940 1170 995 nobis
1198 939 1442 1002 facimus,
1493 936 1707 1008 quando
1737 953 1833 1007 per

249 1031 552 1099 superbiam
601 1032 1022 1097 intumescimus,
1054 1030 1195 1085 etde
1224 1028 1602 1100 praedicatione
1649 1037 1830 1083 nostra

250 1118 465 1174 inanem
486 1121 712 1189 gloriam
738 1121 1120 1177 desideramus.

326 1212 590 1268 Vesanus.
633 1213 708 1268 De
755 1229 863 1282 quo
919 1213 1134 1268 homine
1185 1214 1314 1268 dicit
1359 1201 1653 1267 Salomon:
1690 1201 1831 1265 Nam

249 1313 490 1375 npostata
530 1307 605 1360 vir
650 1307 847 1360 inutilis
869 1307 1105 1377 graditur
1132 1323 1220 1360 ore
1240 1323 1475 1376 perverso
1508 1303 1686 1375 (Prov.
1716 1305 1832 1371 vr)?

321 1397 596 1454 SaLonIus.
641 1400 953 1469 Apostatam
975 1401 1247 1454 hominem
1271 1399 1503 1470 appellat
1531 1397 1831 1454 schismati-

249 1505 393 1554 eum,
421 1490 513 1558 qui
541 1489 748 1544 laborat
773 1489 1015 1567 scindere
1043 1490 1298 1545 unitatem
1327 1489 1601 1545 Ecclesiae.

322 1579 588 1635 Vesanus.
613 1579 724 1648 Qua
749 1580 926 1648 lingua
949 1580 1146 1636 dicitur
1171 1582 1452 1651 apostata?

319 1670 594 1726 Sasonws.
637 1670 854 1736 Graeca;
894 1672 1036 1740 quod
1094 1672 1478 1742 interpretatur
1530 1671 1583 1725 in
1640 1670 1831 1727 Latino
1873 1691 1876 1694 '

251 1778 519 1828 sermone,
552 1763 735 1831 refuga
765 1771 820 1818 et
843 1765 1099 1819 recedens
1130 1780 1160 1818 a
1191 1764 1437 1819 veritate.

326 1853 590 1909 Vesanus.
637 1853 814 1920 Quare
857 1869 985 1924 ergo
1033 1855 1410 1909 schismaticus
1456 1853 1648 1908 dicitur
1699 1870 1831 1923 apo-

250 1950 390 1997 stata
416 1944 438 1995 ?

320 2034 600 2089 SaLonws.
641 2033 777 2101 Quia
833 2050 982 2089 more
1029 2033 1390 2106 superbientis
1439 2036 1646 2103 angeli,
1695 2035 1836 2091 intus

250 2125 397 2196 prius
429 2125 734 2180 intumescit
759 2134 812 2180 et
839 2124 980 2179 cadit
1002 2141 1031 2178 a
1063 2125 1258 2180 mentis
1281 2141 1391 2179 sua:
1418 2133 1579 2191 statu,
1613 2125 1736 2194 quia
1759 2127 1836 2181 sic

249 2217 317 2272 ab
341 2233 526 2272 amore
554 2217 636 2271 sui
664 2216 972 2272 Conditoris
1001 2225 1057 2271 et
1099 2233 1129 2270 a
1179 2217 1408 2272 veritate
1453 2217 1656 2272 recedit
1689 2237 1700 2269 :
1735 2217 1838 2274 nisi

249 2309 392 2362 enim
436 2307 586 2376 prius
635 2323 665 2361 a
690 2308 917 2362 veritate
964 2297 1258 2372 recederet,
1284 2306 1336 2361 in
1361 2305 1598 2362 Ecclesia
1622 2307 1834 2376 injusti-

251 2401 378 2456 tiam
409 2415 516 2455 non
544 2398 941 2455 disseminaret.

325 2493 589 2548 Vesanus.
633 2491 742 2547 Cur
768 2506 898 2560 ergo
925 2491 993 2547 de
1023 2491 1114 2546 illo
1143 2491 1334 2547 dicitur
1368 2510 1379 2543 :
1413 2489 1608 2546 Annuit
1653 2494 1834 2558 oculis,

250 2587 368 2638 terit
389 2584 538 2654 pede,
562 2585 724 2655 digito
745 2585 970 2657 loquitur
985 2585 1010 2637 Σ)
1213 2631 1222 2640 .
1665 2571 1668 2574 ⁴

321 2676 599 2730 SaLonius.
640 2674 870 2730 Interior
911 2676 1106 2730 mentis
1155 2675 1417 2740 custodia,
1449 2691 1567 2744 qua:
1595 2676 1835 2731 membra

252 2766 488 2820 exterius
507 2774 684 2821 servat
713 2766 955 2821 ordinata
981 2785 993 2818 :
1026 2767 1110 2821 hic
1139 2781 1268 2834 ergo
1291 2773 1557 2836 apostata,
1583 2768 1706 2836 quia
1727 2776 1837 2824 sta-

253 2867 362 2910 tum
385 2866 439 2911 et
467 2857 766 2912 custodiam
788 2858 1040 2928 perdidit,
1074 2857 1272 2914 idcirco
1296 2858 1569 2913 dominica
1595 2859 1837 2913 membra

249 2947 520 3002 exteriora
550 2947 713 3002 habet
743 2963 809 3003 ex
843 2957 1038 3015 morte,
1071 2956 1124 3002 et
1155 2949 1274 3002 tulit
1302 2949 1626 3003 inordinata.

322 3037 589 3094 Vesanus.
629 3039 769 3105 Quid
800 3049 884 3094 est
912 3041 1055 3110 quod
1102 3041 1167 3093 de
1221 3040 1336 3107 lege
1383 3056 1478 3093 sua
1500 3039 1629 3093 dicit
1662 3059 1673 3091 :
1705 3039 1840 3112 Ligu

249 3147 364 3183 eam
391 3132 445 3183 in
493 3131 667 3202 digitis
699 3133 818 3197 tuis,
861 3130 1026 3184 scribe
1077 3149 1192 3185 eam
1244 3132 1299 3184 in
1341 3131 1524 3185 tabulis
1572 3133 1741 3186 cordis
1763 3133 1840 3186 tui

251 3220 431 3290 (Prov.
468 3224 577 3290 vui)
607 3225 629 3276 ?
658 3217 787 3288 Quis
809 3221 950 3276 enim
973 3222 1143 3290 legem
1168 3222 1221 3275 in
1243 3222 1420 3291 digitis
1441 3223 1606 3292 ligare
1626 3231 1834 3293 potest,

249 3319 341 3365 aut
371 3311 414 3365 si
446 3311 648 3375 fecerit,
679 3328 798 3381 qua:
829 3312 1030 3366 utilitas
1058 3311 1194 3366 erit?

319 3402 597 3457 SaLonius.
639 3401 696 3455 ln
718 3401 896 3470 digitis
918 3401 1065 3468 dicit,
1092 3401 1143 3455 id
1173 3409 1274 3468 est,
1307 3402 1358 3455 in
1388 3401 1630 3456 actibus:
1665 3401 1837 3469 legem

249 3493 392 3548 enim
423 3493 474 3546 in
514 3492 692 3560 digitis
740 3493 867 3562 ligat
918 3494 1222 3562 quicunque
1270 3493 1322 3546 in
1381 3493 1536 3548 bonis
1583 3493 1836 3564 operibus

250 3600 369 3639 eam
399 3584 579 3639 studet
627 3586 850 3656 implere
879 3595 933 3640 et
963 3601 1245 3641 exornare.
1302 3585 1360 3640 ln
1391 3587 1587 3642 tabulis
1635 3588 1834 3655 cordis,

250 3675 406 3741 dicit;
450 3676 502 3730 id
547 3685 649 3740 est,
703 3677 1057 3732 inlatitudiue
1086 3676 1449 3746 cogitationis.
1483 3675 1679 3732 Scribit
1707 3691 1836 3746 ergo

251 3767 425 3838 legem
460 3767 512 3822 in
545 3768 739 3824 tabulis
779 3770 953 3824 cordis
982 3771 1084 3835 sui,
1116 3771 1208 3839 qui
1235 3785 1354 3824 eam
1383 3785 1503 3824 cum
1531 3767 1730 3836 gaudio
1752 3785 1836 3824 su-

260 3860 418 3930 scipit
446 3867 500 3914 et
527 3861 800 3916 memoria:
830 3861 1190 3916 commendat.

323 3950 590 4006 Vesanus.
634 3951 771 4017 Quid
799 3960 882 4006 est
930 3951 1072 4019 quod
1101 3951 1375 4023 Sapientia
1406 3951 1535 4032 dicit
1565 3971 1575 4004 :
1606 3952 1712 4007 Per
1754 3971 1835 4009 me

253 4058 391 4112 reges
414 4053 652 4114 regnant,
674 4052 722 4097 et
744 4042 1032 4098 conditores
1059 4043 1188 4115 legis
1229 4043 1375 4114 justa
1402 4044 1712 4109 decernunt;
1745 4062 1835 4116 per

252 4149 329 4186 me
374 4134 626 4202 principes
669 4135 944 4204 imperant,
989 4142 1036 4186 et
1081 4143 1312 4204 potentes
1359 4134 1636 4190 decernunt
1677 4137 1836 4206 justi-

252 4224 374 4276 tiam
391 4224 412 4275 ?

322 4315 599 4371 SaLonlus.
641 4314 885 4371 Christus
911 4317 1005 4371 Dei
1034 4317 1203 4372 virtus
1226 4326 1281 4372 et
1304 4318 1395 4373 Dei
1427 4318 1710 4389 sapientia.

323 4405 590 4462 Vesanus.
634 4407 879 4476 Nunquid
902 4406 1146 4464 Christus
1174 4409 1421 4465 omnibus
1458 4411 1700 4481 tyrannis
1729 4411 1833 4465 im--

254 4498 354 4567 piis
381 4505 435 4551 et
462 4499 788 4568 principibus
809 4499 900 4553 dat
930 4514 1153 4569 regnum
1182 4509 1236 4555 et
1265 4501 1585 4572 imperium?

323 4589 599 4644 Sasonrus.
640 4589 754 4644 Non
781 4591 984 4661 utique,
1029 4601 1394 4648 verumtamen
1440 4594 1572 4664 ipso,
1605 4595 1830 4665 permit-

1935 657 2064 713 dicit
2089 677 2100 711 :
2137 659 2264 713 Sine
2289 676 2369 712 me
2398 660 2527 734 nihil
2547 663 2762 731 potestis
2783 665 2951 733 facere
2979 661 3121 730 (Job.
3153 662 3266 733 xv).

2010 749 2274 805 Vesanus.
2315 749 2452 824 Quid
2473 759 2556 805 est
2574 750 2715 820 quod
2735 751 3006 823 Sapientia
3021 753 3150 808 dicit
3171 772 3183 807 :
3210 753 3521 815 Delectatur

1935 857 2027 909 per
2053 841 2280 910 singulos
2311 843 2416 896 dies
2441 842 2624 896 ludens
2648 861 2821 898 coram
2840 847 2940 898 eo?

2008 930 2286 986 SaLonws.
2311 931 2368 988 Id
2388 920 2489 998 est,
2512 948 2693 988 coram
2714 932 2874 1016 Patre
2895 937 3040 992 omni
3064 946 3306 1010 tempore
3327 941 3519 1000 ludens

1939 1024 1992 1078 in
2015 1024 2145 1078 orbe
2165 1033 2447 1079 terrarum.
2629 1097 2634 1102 θ

2010 1115 2278 1171 Vesanus.
2320 1115 2566 1186 Nunquid
2621 1118 2914 1189 Sapientia,
2977 1122 3028 1175 id
3073 1131 3176 1191 est,
3208 1124 3300 1180 Dei
3329 1125 3515 1196 Filius,

1939 1207 2216 1276 pueriliter
2245 1205 2462 1261 ludebat
2479 1222 2660 1262 coram
2691 1205 2888 1263 Patre?

2010 1297 2287 1352 SaLontus.
2331 1296 2526 1352 Absit:
2585 1299 2677 1354 sed
2719 1300 2863 1369 quod
2910 1299 3054 1367 dicit,
3085 1301 3289 1374 ludens,
3321 1305 3518 1362 intelli-

1937 1389 2168 1457 gendum
2199 1397 2300 1454 cst,
2354 1389 2609 1457 gaudens.
2652 1389 2894 1446 Ludebat
2948 1393 3089 1448 enim
3137 1410 3234 1465 per
3283 1397 3521 1466 singulos

1939 1481 2074 1547 dies,
2118 1481 2170 1535 id
2219 1489 2320 1545 est,
2379 1481 2647 1548 gaudebat
2691 1498 2750 1537 se
2777 1499 2896 1539 esse
2926 1502 3120 1553 unum;
3154 1488 3204 1542 id
3235 1497 3337 1560 est,
3368 1492 3522 1548 unius

1939 1575 2249 1648 substantia:
2276 1590 2398 1630 cum
2425 1573 2606 1641 Patre,
2635 1589 2666 1630 a
2691 1576 2976 1646 principio,
3006 1594 3074 1633 ex
3096 1579 3281 1636 diebus
3309 1585 3522 1638 aeterni-

1941 1667 2084 1721 tatis.

2010 1758 2280 1815 Vesanus.
2320 1759 2603 1826 Quomodo
2629 1759 2847 1816 ludebat
2866 1762 3013 1816 omni
3039 1771 3281 1833 tempore
3312 1765 3364 1818 in
3389 1767 3523 1820 orbe

1942 1858 2204 1905 terrarum
2221 1852 2243 1905 ?
2831 1854 2838 1862 ’

1865 1949 1913 2007 Β
2011 1940 2290 1997 SaLonws.
2332 1942 2467 2009 Quia
2515 1959 2637 1999 cum
2684 1952 2927 2015 tempora
2979 1945 3124 2001 orbis
3165 1954 3222 2002 et
3263 1956 3524 2004 creatura:

1940 2046 2059 2086 esse
2087 2032 2395 2100 cmpissent,
2427 2034 2543 2106 ipse
2569 2029 2736 2090 Filius
2759 2037 3043 2106 gaudebat,
3069 2037 3192 2108 quia
3230 2040 3346 2108 ipse
3380 2037 3525 2108 quod

1939 2132 2077 2190 erat,
2099 2139 2312 2194 semper
2340 2125 2394 2179 in
2421 2125 2582 2182 Patre
2609 2128 2882 2183 manebat.

2012 2213 2279 2269 Vesanus.
2311 2215 2448 2282 Quid
2475 2226 2556 2272 est
2605 2218 2750 2286 quod
2785 2221 2900 2274 ait:
2932 2221 3207 2293 Sapientia
3251 2225 3526 2295 wdiﬁcavit

1939 2303 2036 2357 sibi
2076 2305 2284 2360 domum
2312 2304 2492 2374 (Prov.
2526 2308 2628 2380 ιι),
2658 2316 2713 2365 et
2761 2325 2923 2380 quam
2969 2311 3190 2367 domum
3239 2311 3528 2372 :ediiicavit

1939 2395 2036 2449 sibi
2061 2396 2084 2450 ‘I

2012 2485 2291 2545 SALONIUS.
2334 2481 2632 2562 Sapientia,
2663 2492 2718 2547 id
2752 2501 2838 2547 est
2875 2492 2972 2548 Dei
3023 2493 3208 2560 Filius,
3245 2495 3527 2553 aediﬁcavit

1939 2578 2040 2633 sibi
2067 2579 2308 2646 domum,
2338 2582 2430 2650 qui
2457 2583 2575 2651 ipse
2608 2583 2813 2637 creavit
2836 2584 3110 2638 hominem
3140 2585 3191 2639 iu
3223 2593 3378 2641 utero
3407 2585 3526 2642 Vir-

1938 2669 2096 2746 ginis,
2120 2685 2279 2740 quem
2305 2672 2357 2725 iu
2382 2672 2589 2728 unitate
2616 2688 2726 2728 suae
2749 2688 2993 2744 persona:
3014 2676 3320 2746 assumpsit.

2014 2761 2280 2840 Vesanus.
2323 2761 2611 2829 Quomodo
2633 2765 2830 2821 excidit
2858 2766 3137 2822 columnas
3162 2772 3407 2838 septem?

2010 2853 2288 2909 SALONIUS.
2331 2853 2548 2924 Septem
2569 2857 2848 2910 columnas
2869 2857 3088 2924 excidit,
3102 2859 3224 2926 quia
3247 2875 3343 2929 per
3361 2845 3525 2932 septi-

1940 2945 2164 2999 formem
2191 2947 2416 3015 gratiam
2445 2945 2675 3016 Spiritus
2715 2948 2886 3001 sancti
2914 2949 3086 3004 erexit
3115 2947 3377 3005 Ecclesias
3430 2968 3526 3022 per

1940 3035 2129 3090 orbem
2181 3044 2469 3099 terrarum,
2515 3046 2635 3105 qua:
2679 3037 2816 3092 sicut
2866 3037 3128 3093 columnae
3175 3041 3527 3097 sustentando

1941 3127 2219 3182 continent
2267 3128 2583 3183 memoriam
2627 3127 2772 3198 ejus;
2801 3128 2852 3184 id
2877 3138 2980 3198 est,
3005 3131 3318 3202 mySterium
3343 3131 3528 3189 lucar-

1941 3207 2176 3274 nationis
2199 3220 2384 3290 ipsius.
2441 3232 2447 3239 ‘

1863 3307 1915 3371 C
2015 3311 2284 3367 Vesanus.
2330 3311 2518 3369 Potest
2539 3315 2976 3385 alitesintelligi?

2013 3401 2289 3459 SaLonws.
2334 3404 2475 3461 Vere
2497 3414 2710 3475 potest:
2745 3405 3034 3476 Sapientia:
3059 3407 3253 3463 domus
3285 3406 3528 3471 Ecclesia

1908 3493 2140 3549 'Christi
2171 3503 2282 3560 est;
2333 3497 2597 3552 columna:
2654 3505 2833 3551 autem
2888 3497 3078 3552 domus
3125 3498 3304 3570 hujus,
3355 3501 3528 3562 sancti

1940 3581 2189 3637 doctores
2213 3601 2225 3648 ;
2257 3599 2376 3654 qua:
2405 3585 2666 3639 columna:
2694 3585 2833 3641 bene
2877 3573 2995 3642 esse
3017 3596 3224 3660 septem
3254 3589 3526 3659 dicuntur,

1940 3675 2064 3744 quia
2112 3675 2285 3729 sancti
2336 3670 2588 3731 doctores
2643 3677 2836 3748 repleti
2875 3687 3001 3733 sunt
3028 3678 3325 3750 septiformi
3353 3682 3529 3751 gratia

1942 3766 2115 3820 sancti
2137 3765 2386 3836 Spiritus.

2017 3853 2279 3912 Vesanus.
2321 3857 2603 3924 Quomodo
2633 3872 2761 3927 ergo
2784 3859 2980 3914 excidit
3008 3859 3282 3931 Sapientia
3319 3862 3414 3918 has
3432 3877 3527 3920 θος

1940 3948 2150 4002 lumnas
2166 3948 2189 4002 ?
3535 3991 3542 4016 ι

2010 4039 2288 4096 SaLonius.
2333 4039 2544 4096 Excidit
2564 4041 2866 4110 columnas,
2895 4043 3019 4112 quia
3041 4051 3250 4099 mentes
3272 4046 3528 4117 pradica-

1940 4140 2115 4186 torum
2143 4133 2208 4187 ab
2238 4149 2421 4188 amore
2452 4136 2728 4203 praesentis
2752 4136 2934 4190 saaculi
2955 4138 3244 4207 separavit,
3267 4146 3324 4193 et
3351 4140 3529 4196 erexit

1939 4239 2037 4278 eos
2066 4224 2132 4277 ad
2160 4225 2476 4294 portandam
2503 4226 2743 4294 ejdsdem
2772 4226 3023 4282 Ecclesia:
3044 4209 3322 4283 fabricam.

2010 4317 2279 4374 Vesanus.
2321 4319 2396 4374 De
2434 4319 2626 4391 quibus
2672 4321 2878 4376 ancillis
2907 4321 3039 4376 dicit
3064 4321 3222 4392 paulo
3251 4321 3474 4380 inferius
3507 4343 3520 4378 :

1939 4409 2086 4465 Misit
2105 4412 2323 4465 ancillas
2354 4430 2475 4466 suas
2503 4422 2559 4466 ut
2587 4423 2824 4468 vocarent
2845 4415 2914 4467 ad
2934 4431 3124 4480 arcem,
3148 4426 3197 4468 et
3225 4417 3294 4469 ad
3336 4418 3525 4473 mania

1938 4506 2160 4560 civitatis
2188 4505 2366 4575 (Prov.
2393 4506 2448 4576 ι)
2467 4507 2488 4559 ?

2010 4596 2290 4653 SaLonws.
2334 4598 2567 4652 Ancillas
2601 4607 2756 4652 vocat
2778 4607 2993 4652 sanctos
3019 4600 3311 4667 apostolos.

256 4687 422 4744 tente,
456 4679 603 4751 impii
651 4693 804 4750 reges
845 4689 898 4735 et
945 4682 1213 4753 principes
1242 4685 1537 4754 suscipiunt
1565 4701 1726 4754 regna
1750 4685 1836 4741 vel
1862 4679 1918 4743 Ι)
2013 4689 2282 4745 Vesanus.
2327 4688 2505 4756 Quare
2531 4697 2690 4744 vocat
2718 4704 2812 4744 eos
2843 4688 3096 4743 ancillas?

256 4771 498 4841 imperia,
547 4771 671 4841 quia
715 4772 972 4843 scriptum
1023 4783 1104 4828 est
1147 4775 1199 4828 in
1231 4774 1366 4829 libro
1407 4774 1543 4829 Job:
1576 4772 1838 4830 Permittit

256 4879 470 4933 regnare
491 4862 810 4933 hypocritam
829 4874 1037 4933 propter
1047 4875 1257 4933 peccata
1271 4865 1446 4935 populi
1471 4865 1607 4935 (Job.
1628 4866 1831 4934 xxxrv).

255 4953 363 5010 Sed
419 4955 471 5008 iu
521 4955 623 5008 hoc
657 4955 776 5009 loco
806 4969 958 5022 reys
997 4965 1213 5010 sanctos
1241 4954 1371 5010 dicit
1412 4956 1706 5024 ap0:t0105,
1746 4956 1837 5023 qui

256 5048 486 5118 primum
516 5044 852 5115 semetipsos,
883 5045 1075 5098 deinde
1105 5044 1398 5100 Ecclesiam
1432 5045 1532 5099 sibi
1581 5046 1836 5100 commis-

259 5155 371 5194 sam
401 5137 630 5192 ﬁdeliter
655 5150 841 5204 regere
882 5144 1164 5190 noverunt.
1214 5136 1338 5190 Sive
1390 5151 1544 5206 rcges
1601 5137 1836 5206 appellat

260 5247 446 5288 omnes
492 5241 726 5298 sanctos,
785 5232 876 5302 qui
924 5230 1130 5300 seipsos
1175 5238 1231 5284 et
1283 5231 1417 5285 alios
1466 5231 1602 5286 bene
1649 5243 1836 5299 regere

264 5325 450 5381 sciunt.

335 5411 599 5470 Vesanus.
641 5414 786 5481 Quos
815 5412 1044 5484 appellat
1071 5413 1378 5468 conditores
1408 5413 1626 5482 legum?

332 5506 607 5561 SALONIIJS.
651 5503 940 5574 Utriusque
970 5503 1300 5558 Testamenti
1320 5506 1629 5572 scriptores.

336 5599 599 5653 Vesanus.
643 5599 786 5664 Quos
815 5605 972 5651 vocat
997 5597 1262 5665 principes
1284 5602 1336 5648 et
1366 5594 1648 5664 potentes?

334 5695 611 5747 Sasonws.
654 5689 886 5744 Cmteros
916 5688 1163 5741 doctores
1202 5697 1254 5740 et
1286 5694 1523 5739 rectores
1554 5682 1787 5738 ﬁdelium
1821 5701 1832 5734 :

285 5801 452 5838 mines
482 5783 623 5837 enim
654 5782 736 5835 isti
759 5795 853 5847 per
873 5780 1186 5850 sapientiam
1216 5777 1307 5830 Dei
1336 5777 1506 5830 Patris
1534 5777 1836 5830 habuerunt

273 5888 510 5930 rcauutn.
548 5873 896 5930 principatum
928 5879 980 5923 et
1010 5869 1320 5930 imperium;
1357 5869 1406 5924 id
1439 5879 1540 5930 est,
1569 5883 1664 5933 per
1686 5863 1842 5925 Chri-

2011 4780 2291 4834 SaLonws.
2337 4777 2564 4846 Propter
2610 4777 3005 4845 insipientiam,
3066 4777 3427 4834 inﬁrmitatem
3469 4789 3527 4837 et

1941 4877 2346 4939 paupertatem;
2405 4868 2600 4923 idiotas
2638 4870 2812 4930 enim,
2863 4869 3123 4935 inﬁrmos,
3163 4887 3426 4943 pauperes
3471 4881 3526 4928 et

1941 4959 2226 5028 despectos
2253 4957 2414 5024 elegit
2440 4957 2716 5026 apostolos
2741 4973 2878 5026 quos
2909 4958 2974 5013 ad
3003 4960 3396 5028 prmdicandum
3428 4964 3527 5017 mi-

1943 5049 2010 5101 sit
2031 5049 2082 5102 in
2108 5048 2383 5113 mundum,
2413 5057 2470 5102 ut
2497 5047 2681 5103 ﬁdeles
2707 5037 2934 5119 populus
2955 5060 3212 5106 vocarent
3233 5052 3297 5105 ad
3347 5068 3526 5106 arcem

1942 5150 2156 5195 aeterna:
2185 5139 2550 5204 beatitudinis,
2575 5147 2629 5193 et
2652 5139 2719 5194 ad
2747 5141 2942 5195 mmnia
2961 5143 3192 5197 caelestis
3207 5140 3520 5196 Jerusalem.

2016 5233 2280 5287 Vesanus.
2325 5231 2453 5297 Quis
2483 5239 2566 5286 cst
2593 5232 2734 5301 [ilius
2772 5235 2975 5300 sapiens
3023 5233 3112 5299 qui
3159 5233 3392 5301 ltetiﬁcat
3435 5252 3526 5288 uu-

1946 5336 2104 5390 trem;
2128 5333 2220 5379 aut
2247 5324 2366 5394 quis
2395 5333 2477 5380 est
2495 5325 2637 5394 ﬁlius
2658 5325 2844 5380 stultus
2873 5323 2963 5392 qui
2990 5324 3230 5378 maestitia
3259 5333 3334 5378 est
3372 5328 3526 5383 matr}

1944 5415 2091 5471 suae?

2017 5505 2293 5561 SaLonius.
2337 5505 2430 5560 Ille
2449 5505 2538 5574 qui
2569 5510 2786 5571 accepta
2809 5503 2927 5556 ﬁdei
2956 5517 3016 5556 ac
3044 5501 3379 5571 baptismatis
3408 5520 3526 5574 my-

1947 5597 2108 5652 steria
2136 5597 2274 5662 bene
2301 5605 2480 5650 servat
2507 5601 2560 5647 et
2587 5605 2751 5661 opere
2774 5590 2978 5661 implet,
3010 5585 3146 5645 ﬁlius
3169 5592 3383 5661 sapiens
3412 5604 3525 5656 est;

1948 5689 2035 5743 ille
2060 5689 2246 5757 procul
2271 5687 2434 5741 dubio
2463 5681 2695 5737 laetiﬁcat
2709 5679 2877 5736 Deum
2900 5671 3111 5735 Patrem
3141 5684 3263 5751 :qui
3283 5697 3411 5738 vero
3433 5699 3524 5741 ac-

1947 5789 2101 5852 cepta
2134 5777 2253 5831 ﬁdei
2302 5793 2364 5830 ac
2395 5773 2729 5844 baptismatis
2755 5782 3108 5837 sacramenta,
3138 5773 3293 5828 malis
3347 5776 3526 5844 operi-

1947 5873 2046 5926 bus
2100 5871 2179 5923 vel
2229 5866 2477 5921 haeretica
2529 5865 2790 5934 pravitate
2816 5857 3131 5934 corruunt“,
3170 5860 3308 5918 ﬁlius
3338 5864 3526 5920 stultus
