4110 6336
576 388 682 449 973

1863 383 2128 442 SALONII
2166 384 2557 448 VIENNENSIS

3745 388 3852 451 978

575 508 692 568 est;
721 498 809 557 hic
835 499 1084 553 nimirum
1112 504 1195 552 est
1232 494 1486 552 mmstitia
1539 494 1697 549 matri
1737 510 1866 559 sum,
1894 494 2149 551 videlicet
2179 506 2227 563 Α
2258 501 2310 555 in
2341 502 2558 556 naribus
2579 501 2709 571 suis,
2740 501 2793 557 id
2824 511 2908 558 est
2929 503 2982 558 in
3008 502 3231 558 naribus
3253 502 3427 573 porci,
3453 502 3543 556 ille
3564 502 3693 571 dum
3721 519 3852 574 pcr-

576 589 848 655 Εεειεεὶτε,
878 589 1004 659 quia
1031 588 1315 644 contristat
1335 602 1476 642 eam.

646 685 916 739 VEBANUS.
948 681 1086 749 Quid
1112 691 1195 736 est
1221 680 1365 751 quod
1395 681 1470 735 ait
1498 700 1511 733 :
1558 680 1760 734 Stultus
1790 677 1942 734 labiis
1990 678 2159 733 verbe-

577 777 817 833 rubitur?
847 774 1130 841 Quomodo
1176 776 1357 844 potest
1381 772 1547 827 homo
1571 772 1767 827 stultus
1791 770 1944 826 labiis
1973 769 2161 827 verbe-

579 869 690 924 rari
705 871 729 923 ?
1430 872 1431 875 ‘

651 962 931 1018 SALONIUS.
998 959 1312 1015 Verberatio
1361 959 1415 1015 in
1466 958 1571 1014 hoc
1598 959 1721 1014 loco
1759 956 2163 1012 damnationem

580 1057 864 1125 signiﬁcat.
897 1053 1104 1109 Stultus
1128 1066 1258 1121 ergo
1285 1051 1443 1106 labiis
1463 1050 1853 1114 verberabitur,
1881 1049 2005 1120 quia
2035 1063 2165 1118 pro-

582 1154 706 1217 pter
727 1146 886 1200 verba
916 1145 1095 1213 iniqua
1120 1152 1176 1198 et
1220 1143 1362 1197 mala
1390 1156 1510 1212 qua:
1558 1141 1768 1195 locutus
1793 1147 1891 1203 est,
1916 1138 2166 1193 condem-

584 1237 817 1291 nabitur.
844 1234 999 1290 Unde
1027 1244 1084 1290 et
1105 1235 1229 1289 alibi
1256 1234 1385 1289 dicit
1412 1231 1588 1287 Moses
1620 1231 1821 1302 (melius
1851 1229 2162 1300 Salomon):

584 1328 655 1382 Et
682 1331 781 1382 vita
803 1328 1110 1382 inmanibus
1139 1327 1328 1397 lingua:
1349 1323 1530 1396 (Prov.
1554 1321 1725 1392 xvm),
1750 1321 1997 1390 quoniam
2016 1335 2171 1374 unus-

585 1421 796 1492 quisque
840 1428 931 1472 aut
960 1437 1024 1473 ea:
1043 1418 1207 1472 verbis
1236 1419 1344 1471 suis
1372 1415 1814 1478 condemnabitur,
1856 1422 1945 1465 aut
1971 1428 2035 1466 ea:
2064 1428 2172 1466 ver-

586 1515 663 1569 bis
693 1515 799 1567 suis
822 1509 1191 1583 justi/imbitur
1224 1509 1436 1579 (Matth.
1463 1505 1582 1577 xu).
2090 1498 2095 1503 ’

661 1605 927 1660 Venimus.
970 1601 1076 1657 Cur
1098 1602 1292 1656 dicitur
1334 1599 1536 1654 habere
1565 1613 1757 1654 manus
1800 1597 1998 1666 lingua,
2046 1611 2170 1651 cum

589 1714 779 1754 manus
808 1697 1006 1751 habere
1034 1711 1140 1749 non
1165 1693 1373 1764 possit?

660 1790 937 1845 Summus.
980 1784 1344 1861 Metaphorioce
1392 1783 1592 1839 dictum
1648 1789 1760 1848 est,
1818 1781 1871 1836 id
1918 1787 2021 1845 est,
2073 1794 2172 1851 per

2262 593 2340 663 git
2369 602 2568 648 terram
2591 602 2801 649 vertere
2825 610 2889 649 ac
2910 594 3095 649 fodere
3120 610 3273 661 naso,
3302 594 3570 661 immergit
3592 594 3852 650 circulum

2264 701 2487 740 aureum
2518 686 2571 740 in
2602 686 2939 742 volutabrum
2970 686 3086 751 luti,
3119 694 3174 740 et
3218 693 3345 739 tunc
3394 684 3571 753 perdit
3620 684 3857 742 circulus

2265 794 2460 834 aureus
2479 778 2730 833 decorem
2760 793 2921 847 quem
2944 777 3153 832 habuit.
3180 776 3441 830 Similiter
3463 776 3658 830 mulier
3680 776 3855 848 fatua,

2265 870 2311 926 si
2332 870 2495 925 habet
2521 869 2973 941 pulchritudinem
3002 868 3200 933 vultus,
3232 868 3317 922 vel
3344 868 3387 922 si
3432 865 3661 938 accipiat
3690 885 3858 923 orna-

2266 969 2447 1017 menta
2473 960 3073 1029 inaurium,monilium,
3117 959 3274 1013 simul
3304 966 3358 1013 et
3385 960 3858 1023 vestimentorum,

2268 1052 2507 1108 sordidat
2538 1050 2986 1122 pulchritudinem
3018 1066 3189 1115 suam,
3225 1058 3281 1105 et
3334 1050 3533 1104 amittit
3581 1049 3861 1116 decorem,

2269 1149 2313 1205 si
2342 1163 2403 1205 se
2448 1164 2606 1205 emno
2645 1147 2880 1204 libidinis
2906 1146 3257 1216 coinquinare
3276 1143 3467 1214 diligit,
3499 1153 3554 1200 et
3582 1145 3866 1200 adulteriis

2269 1242 2584 1312 corrumpit.

2342 1331 2609 1389 VERANUS.
2651 1330 3011 1403 Spiritualiter
3025 1339 3205 1386 autem
3223 1328 3498 1400 quomodo
3513 1328 3867 1397 intelligenda

2271 1432 2354 1479 est
2378 1423 2492 1478 haec
2510 1423 2810 1478 sententia?

2342 1506 2625 1570 SALONlUS.
2665 1513 2981 1583 Quicunque
3049 1527 3232 1569 sacras
3292 1511 3602 1583 Scripturas
3657 1510 3867 1565 intente

2272 1606 2583 1672 meditatur,
2617 1614 2672 1660 et
2690 1604 2891 1675 jugiter
2919 1613 3288 1676 perscrutatur
3307 1604 3489 1659 divina
3519 1604 3764 1674 eloquia,
3792 1618 3868 1657 ac-

2272 1697 2404 1768 cipit
2431 1704 2748 1752 ornamenta
2771 1697 3028 1752 scientiae.
3053 1696 3207 1769 Quod
3228 1696 3273 1753 si
3304 1696 3446 1751 male
3477 1695 3711 1752 vivendo
3741 1711 3867 1751 cor-

2275 1788 2475 1858 rumpit
2499 1796 2554 1842 et
2580 1786 2807 1842 destruit
2832 1785 2977 1856 quod
3004 1788 3142 1842 bene
3164 1785 3432 1856 intelligit,
3467 1786 3730 1842 circulum
3777 1801 3867 1839 au-

588 1880 1017 1945 translalionem,
1042 1874 1494 1946 quemadmodum
1525 1872 1670 1928 venti
1692 1872 1944 1927 dicuntur
1968 1871 2168 1925 habere
2201 1871 2244 1931 Β
2273 1896 2424 1937 reum
2453 1882 2614 1935 habet
2635 1881 2690 1935 in
2716 1881 2961 1946 naribus;
2992 1878 3088 1935 sed
3116 1894 3267 1934 more
3288 1879 3458 1948 porci,
3485 1886 3683 1933 ιεη-εω
3708 1876 3863 1944 fodit,

585 1986 791 2044 pennas
818 1968 1005 2040 ‘(PsaL
1040 1982 1168 2033 xvu,
1213 1981 1334 2031 ειη,
1362 1962 1488 2036 etc.)
1521 1979 1534 2015 :
1566 1977 1756 2016 manus
1784 1961 1926 2015 enim
1955 1959 2167 2028 linguas,

587 2067 704 2137 ipsa
752 2064 912 2119 verba
940 2068 1068 2117 sunt
1096 2060 1289 2129 quibus
1334 2065 1428 2112 aut
1469 2057 1609 2112 bona
1638 2053 1907 2125 loquendo
1936 2060 2174 2107 meretur

587 2158 773 2221 vitam,
816 2160 909 2207 aut
952 2152 1092 2205 mala
1136 2147 1412 2219 loquendo
1462 2153 1699 2201 meretur
1724 2152 1991 2198 mortem:
2020 2141 2175 2196 aliter

586 2263 685 2318 per
711 2260 899 2299 manus
927 2258 1069 2312 saepe
1091 2242 1142 2296 in
1170 2239 1460 2309 Scripturis
1486 2238 1653 2293 sacris
1696 2251 1859 2307 opera
1889 2235 2177 2303 designau-

586 2347 698 2402 tur,
751 2346 807 2392 ut
838 2334 968 2390 illud
995 2353 1007 2388 :
1041 2333 1267 2388 Labores
1296 2349 1543 2387 manuum
1571 2340 1774 2384 tuarum
1802 2330 1922 2402 quia
1950 2329 2174 2383 mandu-

587 2432 729 2485 cabis
766 2428 937 2501 (Psal.
970 2424 1189 2496 cxxvu).
1228 2424 1283 2478 lu
1313 2423 1559 2478 manibus
1594 2423 1798 2490 lingua:
1816 2419 1969 2487 dicit,
2002 2418 2055 2474 id
2095 2427 2178 2475 est

589 2524 644 2577 in
674 2520 944 2592 operibus.
978 2518 1153 2589 Opera
1181 2516 1326 2571 enim
1354 2516 1546 2582 lingua!
1571 2521 1697 2569 sunt
1723 2512 1993 2581 colloquia
2032 2512 2175 2567 bona

590 2613 676 2685 vel
702 2612 863 2679 mala,
894 2627 961 2665 ex
990 2609 1184 2678 quibus
1211 2622 1358 2660 mors
1380 2605 1619 2660 nascitur
1642 2611 1735 2657 aut
1757 2604 1886 2658 vita.

663 2703 931 2758 Venauus.
976 2699 1107 2767 Quis
1154 2698 1243 2752 ille
1284 2698 1438 2768 piger
1482 2695 1550 2751 de
1601 2710 1708 2764 quo
1757 2694 1948 2749 dicitur
1979 2712 1991 2746 :
2028 2693 2177 2749 Sicut

589 2806 791 2858 acetum
820 2793 1057 2849 dentibus
1085 2800 1134 2845 et
1164 2793 1334 2861 fumus
1364 2788 1544 2853 oculis,
1582 2788 1657 2841 sic
1684 2788 1829 2857 piger
1857 2787 1936 2842 his
1964 2787 2052 2858 qui
2076 2786 2176 2841 mi-

586 2896 763 2941 serunt
790 2902 904 2939 eum
935 2885 1113 2955 (Prov.
1147 2901 1202 2951 χ,
1234 2881 1364 2950 26)?

660 2981 937 3036 SALosws.
983 2978 1140 3048 Piger
1187 2985 1269 3034 est
1318 2978 1456 3031 male
1509 2979 1692 3031 vivens
1736 2976 2034 3031 catholicus
2086 2974 2178 3044 qui

590 3088 699 3127 non
723 3072 931 3138 laborat
960 3085 1060 3124 nec
1091 3080 1364 3139 Operatur,
1395 3079 1454 3124 ut
1482 3069 1547 3122 ad
1595 3077 1850 3122 :etcrnam
1882 3066 2177 3122 beatitudi-

589 3177 712 3217 nem
740 3162 1022 3231 pervenire
1044 3170 1331 3216 mereatur.
1368 3161 1471 3215 Per
1492 3169 1702 3216 acctmn
1730 3169 1785 3213 ει
1832 3159 2033 3214 fumum
2062 3159 2175 3213 ha:-

2274 1962 2588 2043 coinquinat
2610 1979 2665 2027 et
2686 1972 2797 2027 luto
2825 1970 3111 2039 immergit,
3142 1969 3267 2040 quia
3294 1975 3671 2023 ornamentum
3718 1966 3861 2037 quod

2273 2084 2369 2139 per
2419 2067 2665 2123 notitiam
2696 2064 3093 2134 Scripturarum
3122 2062 3346 2133 adeptus
3397 2058 3862 2125 erat,.immunda

2275 2158 2487 2213 actione
2512 2154 2823 2209 sordidavit.
2848 2153 2989 2207 Talis
3011 2153 3187 2207 anima
3219 2160 3302 2207 est
3332 2151 3528 2211 mulier
3559 2150 3787 2221 pulchra
3815 2157 3864 2204 et

2272 2249 2458 2304 fatua:
2493 2248 2709 2318 pulchra
2742 2262 2839 2317 per
2865 2245 3167 2310 scientiam,
3202 2242 3299 2299 sed
3320 2242 3505 2297 dedita
3558 2241 3864 2296 carnalibus

2275 2338 2744 2405 delectationibus,
2778 2336 2922 2391 fatua
2950 2343 3034 2391 est
3062 2351 3158 2406 per
3182 2335 3475 2390 actionem.

2346 2426 2616 2482 Viximus.
2644 2425 2782 2494 Quid
2810 2434 2894 2480 est
2922 2424 3066 2494 Quod
3087 2423 3246 2479 dicit:
3279 2424 3469 2477 Anima
3507 2439 3626 2494 qua:
3672 2423 3861 2478 benedi-

2277 2519 2365 2584 cit,
2397 2515 2841 2589 impinguabitur:
2882 2525 2932 2569 et
2958 2516 3046 2587 qui
3091 2514 3335 2582 inebriat,
3376 2516 3485 2584 ipse
3523 2531 3724 2585 quoque
3762 2517 3861 2569 iue-

2279 2611 2565 2666 briabitur?
2586 2608 2770 2664 Plures
2796 2621 3027 2678 namque
3047 2614 3172 2663 sunt
3190 2607 3280 2677 qui
3303 2606 3441 2661 alios
3469 2606 3763 2675 inebriant,
3778 2606 3859 2663 sed

2280 2704 2379 2774 ipsi
2411 2720 2517 2757 non
2549 2702 2882 2757 inebriantur
2914 2702 2939 2754 ?

2351 2796 2627 2853 SALONIUS.
2670 2794 2789 2850 Non
2819 2795 2948 2850 dicit
2968 2794 3074 2850 hoc
3092 2793 3158 2849 de
3181 2793 3451 2864 corporali
3474 2792 3754 2855 ebrietate,
3768 2789 3854 2846 sed

2280 2888 2346 2943 de
2366 2888 2627 2958 spirituali
2650 2888 2847 2952 anima,
2877 2901 3019 2956 qum,
3049 2887 3093 2941 si
3114 2885 3403 2950 bcnedicit,
3429 2884 3839 2954 impinguabitur,

2279 2983 2402 3053 quia
2431 2995 2763 3051 qniecunque
2810 2980 3048 3035 exterius
3074 2976 3419 3051 pnedicando
3440 2976 3720 3039 benedicit,
3740 2973 3845 3044 spi-

2279 3074 2524 3129 ritualem
2570 3071 2999 3127 benedictionem
3048 3071 3260 3141 accipit,
3296 3069 3348 3123 id
3377 3076 3481 3133 est,
3511 3068 3682 3137 gratia
3709 3066 3853 3137 spiri~

2280 3165 2408 3218 tuali
2453 3171 2677 3232 augetur
2718 3172 2771 3217 ει
2817 3164 3031 3217 crescit.
3062 3161 3320 3216 Similiter
3347 3160 3440 3229 qui
3469 3175 3629 3213 sacro
3655 3157 3857 3227 eloquio

587 3253 876 3309 reticorum
905 3251 1214 3317 designatur
1241 3250 1484 3320 perﬁdia.
1518 3250 1620 3305 Per
1645 3252 1832 3306 oculos
1860 3261 1914 3305 et
1956 3250 2169 3317 demes.
2199 3235 2246 3300 ο
2278 3264 2485 3310 mentes
2508 3255 2810 3309 auditorum
2834 3253 3014 3308 studet
3032 3253 3318 3316 inebriare,
3333 3251 3638 3305 inebriatur
3654 3258 3710 3305 et
3733 3251 3858 3319 ipse,

586 3342 967 3414 pnedicatores
1006 3350 1204 3396 sancta:
1232 3340 1505 3405 Ecelesﬁm,
1535 3342 1624 3409 qui
1647 3342 1785 3396 bene
1815 3342 1957 3397 oculi
1983 3341 2170 3395 dicun-

588 3442 691 3499 tur,
709 3434 833 3504 quia
861 3441 1007 3487 recta
1039 3432 1230 3487 itinera
1262 3432 1574 3502 praevident.
1610 3433 1835 3487 Pulchre
1856 3433 2017 3487 etiam
2038 3432 2169 3488 den-

586 3534 686 3592 tes,
709 3526 961 3595 quoniam
988 3525 1286 3595 spiritqalia
1309 3525 1564 3579 alimenta
1588 3522 1833 3579 ﬁdelibus
1862 3524 2169 3579 ministrare

585 3618 777 3672 solent.
812 3614 953 3683 Ergo
981 3616 1121 3669 sicut
1144 3624 1358 3671 acetum
1378 3616 1646 3680 dentibus,
1678 3624 1733 3669 et
1775 3615 1947 3669 fuimus
1976 3615 2168 3682 oculis,

583 3706 637 3761 id
666 3713 751 3762 est
777 3705 918 3761 sicut
942 3706 1163 3777 perﬁdia
1204 3707 1576 3760 hatretirorum
1605 3713 1689 3760 est
1713 3706 1982 3760 contraria
2012 3705 2170 3759 bonis

583 3796 913 3863 doctoribus,
936 3797 1061 3866 quia
1082 3798 1367 3851 contristat
1391 3812 1507 3864 eos,
1540 3804 1597 3850 et
1624 3797 1925 3851 molestiam
1966 3797 2069 3851 illis
2089 3797 2169 3865 gi-

583 3887 699 3955 gnit
726 3895 781 3943 et
810 3887 1103 3959 lacrymas;
1134 3888 1213 3941 sic
1241 3888 1408 3958 piger,
1441 3886 1493 3942 id
1520 3895 1603 3941 est
1631 3888 1929 3942 catholicus
1975 3888 2164 3953 malus,

582 3980 761 4049 gravis
790 3989 872 4035 est
890 3980 1093 4035 eisdem
1119 3980 1274 4034 bonis
1297 3979 1608 4034 doctoribus
1620 3979 1711 4050 qui
1734 3978 1995 4033 miserunt
2018 3993 2166 4046 eum,

581 4072 687 4125 hoc
737 4078 838 4136 est,
881 4070 973 4139 qui
995 4069 1271 4139 jusserunt
1315 4078 1374 4125 ut
1402 4070 1559 4125 tidem
1610 4086 1761 4125 suam
1791 4069 2041 4140 Operibus
2072 4069 2170 4123 im-

581 4163 772 4233 pleret.
805 4161 931 4218 Ideo
959 4163 1121 4217 etiam
1141 4163 1357 4232 gravius
1377 4170 1477 4229 εει,
1509 4164 1633 4234 quia
1665 4163 1827 4218 Iidem
1875 4178 2169 4233 suasapra-

582 4257 663 4310 vis
690 4256 941 4325 operibus
958 4250 1211 4309 destruit.

655 4348 923 4401 VERANUS.
965 4345 1104 4411 Quid
1131 4354 1214 4400 est
1237 4346 1379 4416 quod
1400 4347 1476 4401 ait
1499 4365 1513 4402 :
1541 4346 1732 4401 Manus
1762 4348 1816 4400 in
1842 4364 2019 4415 manu,
2062 4364 2166 4401 non

582 4442 679 4493 erit
707 4440 954 4492 innocens
983 4437 1148 4491 malus
1180 4436 1360 4508 (Prov.
1391 4454 1463 4506 ιι,
1488 4437 1621 4507 21)?
1667 4437 1949 4504 Quomodo
1995 4437 2167 4493 malus

583 4534 743 4587 homo
799 4547 988 4587 manus
1035 4540 1117 4586 εει
1158 4532 1213 4586 in
1269 4547 1451 4599 manu,
1496 4540 1551 4587 et
1581 4532 1702 4587 ideo
1731 4548 1838 4587 non
1886 4533 1988 4587 erit
2014 4535 2166 4588 inno-

582 4643 710 4682 cens
734 4628 757 4680 ?

653 4716 931 4773 Summus.
974 4717 1077 4785 Qui
1105 4733 1322 4772 manum
1347 4716 1523 4787 jungit
1546 4717 1615 4772 ad
1643 4732 1880 4783 manum,
1908 4716 2038 4772 nihil
2064 4718 2164 4772 uti-

582 4822 689 4875 que
714 4817 970 4877 operatur
1001 4826 1013 4860 :
1045 4809 1219 4863 malus
1264 4821 1393 4877 ergo
1421 4807 1658 4877 quandiu
1704 4807 1867 4863 fuerit
1892 4824 2082 4862 manus
2112 4808 2164 4863 in

583 4914 765 4962 manu,
798 4914 904 4952 non
925 4899 1029 4953 erit
1050 4899 1330 4963 innocens,
1353 4898 1480 4969 quia
1501 4900 1605 4954 etsi
1633 4898 1700 4954 ad
1727 4907 1939 4969 tempus
1959 4899 2166 4953 subtra-

583 4990 665 5045 hit
693 5006 882 5045 manus
910 4990 977 5045 ab
1005 5006 1169 5061 opere
1189 4992 1351 5057 malo,
1387 4999 1565 5048 tamen
1594 4992 1829 5061 quandiu
1859 4992 2029 5047 malus
2056 5000 2159 5057 est,

583 5080 944 5137 innocentiam
976 5081 1154 5136 cordis
1180 5083 1381 5137 habere
1408 5098 1518 5137 non
1561 5091 1762 5154 potest,
1811 5083 1950 5137 unde
2001 5098 2161 5154 supe—

583 5171 696 5226 rius
716 5171 845 5227 dicit
868 5190 881 5225 :
913 5171 1268 5226 Abomiuabile
1291 5183 1367 5227 est
1395 5172 1617 5229 Domino
1638 5191 1726 5228 cor
1746 5191 1958 5244 pravum
1980 5173 2159 5245 (Prov.

583 5282 659 5332 ιι,
689 5264 805 5337 20).

655 5357 921 5415 VERANUS.
963 5358 1103 5425 Quid
1122 5367 1206 5415 est
1224 5374 1355 5430 ergo
1376 5375 1568 5416 manus
1595 5362 1649 5415 'm
1680 5377 1873 5417 manu.

653 5448 931 5506 SALONIUS.
971 5450 1314 5507 Conscientia
1342 5464 1505 5539 prava
1528 5453 1580 5507 in
1601 5469 1766 5524 opere
1792 5455 1956 5511 malo.

606 5602 615 5611 υ
652 5539 919 5597 Vesanus.
962 5540 1242 5607 Quomodo
1298 5543 1697 5612 intelligendum
1748 5557 1829 5598 est
1856 5547 1997 5615 quod
2043 5549 2158 5604 ait:

586 5632 816 5686 Circulus
861 5648 1043 5685 aureus
1087 5631 1140 5685 in
1191 5632 1398 5687 naribus
1446 5636 1550 5688 suis
1610 5635 1793 5687 mulier
1844 5637 2056 5705 pulchra
2113 5648 2159 5692 et

590 5722 733 5787 fatua
765 5728 787 5774 I’

657 5810 930 5868 Summus.
973 5814 1253 5880 Quomodo
1298 5816 1552 5873 circulum
1586 5832 1807 5875 aureum
1849 5821 1891 5877 si
1923 5820 2161 5879 inﬁxerit.

2273 3349 2553 3418 sanctique
2578 3347 2808 3417 Spiritus
2839 3346 3106 3400 infusione
3135 3344 3391 3413 repletur.

2346 3441 2612 3495 Venssvs.
2656 3441 2833 3506 Quare
2855 3455 2961 3493 non
2984 3438 3157 3492 dixit:
3190 3436 3381 3503 Homo,
3412 3436 3509 3492 sed
3534 3438 3726 3490 Anima
3753 3452 3863 3506 qua

2275 3534 2527 3589 benedicit
2555 3531 3004 3603 impinguabitur?

2344 3627 2622 3684 SALONIUS.
2663 3626 2722 3680 In
2750 3624 3042 3695 Scripturis
3062 3624 3256 3679 divinis
3305 3625 3495 3696 saepius
3550 3626 3676 3695 poni
3722 3625 3865 3679 solet

2272 3733 2396 3789 pars
2422 3735 2520 3788 pro
2551 3724 2689 3785 toto,
2720 3728 2811 3770 aut
2840 3725 3012 3770 totqu
3061 3732 3159 3786 pro
3206 3724 3382 3787 parte,
3422 3717 3704 3773 secundum
3729 3732 3859 3785 spe-

2272 3810 2409 3864 ciem
2437 3809 2798 3877 grammatica:
2826 3809 2976 3873 artis,
3024 3825 3143 3879 qua:
3193 3809 3389 3864 dicitur
3432 3807 3812 3879 synecbdocbe
3837 3827 3857 3864 :

2273 3904 2351 3959 sic
2377 3917 2506 3971 ergo
2528 3902 2580 3956 in
2607 3904 2708 3957 hoc
2739 3902 2857 3956 loco
2886 3917 3013 3971 pars
3038 3901 3319 3972 positaest
3346 3918 3442 3974 pro
3470 3910 3583 3956 toto
3611 3902 3861 3957 homine.

2275 3993 2468 4048 Totum
2502 4008 2629 4047 vero
2661 3992 2880 4063 ponitur
2925 4009 3025 4062 pro
3062 4000 3237 4064 parte,
3300 4004 3358 4048 ut
3411 3994 3576 4047 illud:
3613 3992 3865 4048 Tulerunt

2273 4085 2553 4139 Dominum
2582 4085 2645 4137 de
2668 4092 2999 4163 monumento
3033 4084 3211 4163 (Joau.
3245 4083 3363 4157 xx).
3398 4068 3681 4138 Dominum
3712 4085 3863 4149 dicit,

2271 4193 2370 4250 pro
2391 4192 2621 4247 corpore
2644 4156 2889 4231 mmini.
3096 4156 3121 4171 ‘
3170 4234 3181 4242 _

2343 4270 2611 4324 VERANUS.
2654 4268 2785 4334 Quis
2813 4276 2896 4322 est
2923 4267 3010 4323 ille
3039 4268 3109 4322 de
3146 4284 3254 4338 quo
3275 4267 3405 4322 dicit
3432 4285 3445 4319 :
3471 4264 3572 4330 Qui
3594 4265 3866 4319 abscondit

2273 4363 2552 4433 frumenta,
2576 4360 2908 4415 maledicelur
2928 4361 2982 4414 in
3020 4352 3222 4431 populis
3254 4358 3435 4428 (Prov.
3473 4358 3589 4425 x1)?
3616 4358 3867 4426 Nunquid

2271 4460 2559 4522 propterea
2591 4451 2988 4505 maledicendus
3017 4459 3100 4505 est
3126 4450 3336 4519 aliquis,
3370 4450 3495 4518 quia
3527 4466 3633 4504 non
3664 4449 3716 4501 in
3749 4465 3867 4503 om~

2274 4545 2429 4599 nibus
2456 4541 2720 4597 frumenta
2749 4558 2843 4597 sua
2873 4542 3173 4597 ministrat?

2194 4615 2248 4675 D
2344 4634 2621 4689 SALONIUS.
2666 4633 2976 4696 Frumenta,
3028 4632 3191 4687 verba
3222 4640 3349 4687 sunt
3377 4632 3870 4702 saneLeprzedica-

2272 4730 2432 4785 tionis
2461 4748 2473 4781 :
2504 4742 2632 4797 ergo
2653 4727 2955 4797 quicunque
2983 4726 3266 4781 abscondit
3304 4726 3418 4780 Ιιωε
3463 4725 3766 4795 frumenta,
3820 4726 3873 4780 id

2268 4826 2352 4877 est
2398 4820 2559 4874 verba
2607 4827 2805 4873 sanctae
2833 4816 3227 4888 praadicationis
3274 4817 3413 4888 apud
3439 4833 3497 4871 se
3528 4817 3756 4882 retinet,
3820 4826 3878 4873 et

2268 4927 2375 4966 non
2407 4912 2519 4965 vult
2543 4911 2861 4966 annuntiare
2886 4909 3004 4963 aliis
3032 4909 3273 4978 eloquia;
3298 4910 3397 4965 istc
3427 4910 3780 4964 mulcdicetur
3819 4914 3874 4965 in

2265 5004 2488 5074 populis,
2513 5004 2637 5072 quia
2667 5018 2766 5073 pro
2795 5002 2951 5072 culpa
2989 4977 3682 5069 silentii‘condemnabitur,
3722 5020 3873 5074 quo-

2272 5096 2415 5151 niam
2445 5097 2624 5151 multis
2652 5096 2907 5167 prodesse
2936 5096 3141 5166 potuit;
3196 5096 3291 5153 sed
3336 5098 3460 5166 quia
3517 5098 3717 5162 noluit,
3749 5100 3878 5156 ideo

2270 5205 2370 5260 pro
2393 5190 2679 5244 multorum
2711 5205 2868 5260 poma
2894 5188 3038 5259 juste
3062 5190 3335 5260 punietur.

2342 5283 2613 5339 VEBANUS.
2656 5283 2757 5350 Qui
2808 5290 2933 5338 sunt
2978 5282 3051 5337 illi
3077 5282 3171 5352 qui
3196 5281 3437 5337 vendunt
3466 5282 3766 5351 frumenta,
3803 5283 3877 5339 de

2266 5377 2462 5448 quibus
2484 5392 2609 5432 mox
2630 5376 2869 5445 sequitur
2899 5393 2911 5428 :
2947 5373 3240 5430 Benedictio
3277 5384 3448 5429 autem
3486 5391 3641 5446 super
3683 5377 3877 5446 capita

2268 5469 2591 5524 vendentium
2608 5471 2633 5524 ?

2337 5561 2616 5617 SALONIUS.
2658 5562 2735 5616 llli
2763 5561 3001 5616 vendunt
3025 5561 3313 5624 frumenta,
3335 5561 3429 5630 qui
3458 5561 3624 5617 verba
3658 5561 3792 5615 vitae
3816 5569 3877 5615 et

2266 5661 2467 5711 sanctae
2494 5654 2886 5724 prmdicatiouis
2908 5654 3016 5707 suis
3043 5653 3379 5708 auditoribus
3400 5653 3752 5707 auuuntiant.

2340 5744 2603 5800 Vznmus.
2646 5744 2797 5811 Quod
2819 5744 3049 5813 pretium
3072 5743 3337 5814 accipiunt
3369 5743 3435 5797 ab
3455 5744 3570 5797 eis?

2336 5836 2615 5894 Summus.
2657 5832 2894 5890 Pretium
2922 5832 3043 5889 tidei
3071 5844 3125 5890 et
3146 5832 3500 5890 confessionis
3528 5842 3765 5891 sanctze.
