4110 6336
265 342 364 399 977

1067 334 1132 394 IN
1169 335 1570 391 PABABOLAS
1610 331 1989 390 SALOMONIS
2026 330 2379 388 EXPOSITIO
2421 330 2733 389 MYS’HCA.

3421 296 3594 395 978"

337 456 600 512 Vsnmus.
641 452 922 521 Quomodo
945 451 1124 506 veniet
1146 450 1449 505 benedictio
1470 463 1632 518 super
1659 462 1844 504 eorum
1870 453 1918 509 Α
2018 446 2282 507 Vesanus.
2325 448 2401 503 De
2428 448 2623 517 quibus
2644 462 2898 517 operinus
2916 448 3045 505 dicit
3076 466 3089 502 :
3126 448 3312 502 Anima
3357 457 3530 505 autem

264 550 442 622 capita
456 552 479 604 ?

332 643 610 702 SALONIUS.
650 644 784 711 Quia
828 640 1050 711 singulis
1095 654 1281 695 eorum
1318 637 1558 693 dicturus
1600 644 1684 692 est
1742 636 1847 691 Do-

265 739 439 795 minus
480 756 492 791 :
549 735 724 807 Euge,
770 749 910 788 serve
948 732 1077 787 bone
1117 741 1166 785 et
1211 729 1412 801 ﬁdelis,
1454 730 1575 801 quia
1616 726 1843 800 (Matth.

265 831 414 902 xxv),
444 837 547 885 etc.

336 922 601 976 VEBANUS.
641 918 781 986 Quid
802 923 884 972 est
904 914 1049 987 quod
1074 914 1187 968 ait:
1222 910 1323 978 Qui
1350 911 1620 968 conturbat
1639 911 1846 966 domum

266 1032 433 1083 suout,
463 1010 740 1084 possidebit
760 1009 974 1064 veritos?
1000 1004 1281 1074 Quomodo
1301 1012 1481 1076 potest
1500 1003 1692 1074 aliquis
1720 1018 1848 1074 pos-

266 1104 446 1161 sidere
466 1103 691 1159 ventos?

336 1197 615 1253 Summus.
656 1194 905 1261 Domum,
944 1192 997 1247 in
1022 1192 1128 1248 hoc
1154 1191 1293 1253 loco,
1324 1196 1558 1244 mentem
1586 1188 1842 1260 appellat,

266 1289 321 1343 in
345 1302 454 1358 qua
484 1286 846 1355 unusquisque
868 1283 1034 1339 veluti
1055 1283 1107 1337 in
1137 1282 1299 1338 domo
1322 1280 1531 1335 habitat
1557 1295 1656 1351 per
1699 1280 1848 1364 cogi-

266 1379 497 1435 tationes
532 1396 544 1431 :
593 1384 805 1440 ventos,
853 1372 1157 1429 immundos
1201 1373 1419 1443 spiritus
1460 1370 1710 1441 appellat.
1743 1369 1844 1437 Qui

266 1484 396 1539 ergo
438 1468 681 1536 domum,
730 1466 786 1520 id
814 1475 899 1521 est
936 1472 1173 1520 mentem
1198 1480 1373 1531 suam,
1405 1463 1562 1518 malis
1588 1471 1645 1517 et
1670 1462 1848 1528 noxiis

265 1560 680 1630 cogitationibus
707 1557 1021 1629 perturbare
1063 1571 1169 1611 non
1213 1556 1387 1621 timet,
1441 1555 1542 1610 iste
1594 1554 1845 1610 nimirum

265 1651 563 1725 possidebit
601 1659 811 1714 ventos,
843 1649 967 1720 quia
996 1664 1093 1719 per
1119 1648 1289 1703 malas
1318 1648 1674 1715 cogitationes
1701 1647 1843 1702 viam

266 1743 393 1798 fecit
412 1741 761 1809 daemonibus,
793 1748 850 1795 ut
879 1738 1249 1808 ingrediantur
1272 1747 1328 1795 et
1355 1738 1599 1794 habitent
1620 1738 1674 1793 in
1700 1738 1838 1808 ipso.

1949 540 2270 609 operantium
2289 538 2689 611 impinguabitur
2710 539 2891 612 (Prov.
2924 540 3075 612 xm)?

2019 629 2298 687 SsLomus.
2341 628 2418 685 De
2465 630 2569 685 illis
2616 630 2768 697 dicit,
2806 631 2898 699 qui
2918 631 3060 687 bona
3088 638 3401 703 operantur,
3435 630 3530 701 qui

1949 721 2161 779 Domini
2181 721 2402 778 student
2428 721 2652 793 intplere
2673 730 2974 793 praecepta;
3004 722 3218 778 illorum
3245 722 3423 777 anima
3438 720 3531 775 im-

1950 815 2293 888 pinguahitur
2319 814 2493 886 gratia
2515 814 2799 885 spirituali,
2821 822 2878 871 et
2895 814 3177 872 dulcedine
3223 815 3376 884 regni
3419 829 3532 871 cm-

1949 906 2118 965 lestis.

2021 1002 2290 1060 VEMNUS.
2332 1001 2511 1071 Quare
2539 1002 2960 1074 impinguabitur
2996 1004 3173 1060 anima
3202 1002 3411 1058 illorum
3439 1014 3512 1071 qu

1949 1093 2090 1150 bona
2120 1095 2449 1165 operantur?

2017 1184 2297 1249 SALONIUS.
2338 1185 2475 1254 Quia
2514 1195 2638 1257 post
2664 1188 2877 1244 labores
2923 1189 3046 1245 vita:
3073 1188 3385 1261 pmsentis,
3432 1187 3531 1241 im~

1948 1277 2299 1333 mareessibili
2325 1277 2577 1334 mercede
2599 1280 3048 1335 remunerabitur.

2019 1367 2285 1423 VEMNUS.
2328 1368 2458 1435 Quis
2503 1377 2587 1424 est
2640 1371 2857 1428 nuntius
2902 1372 3053 1442 impii
3106 1374 3176 1428 de
3218 1387 3327 1442 quo
3352 1371 3526 1427 dicit:

1948 1458 2176 1513 Nuntius
2198 1459 2343 1530 impii
2365 1459 2503 1513 cadit
2528 1461 2582 1514 in
2611 1461 2801 1515 malum
2814 1464 2839 1517 ?

2017 1549 2298 1605 SALONIUS.
2340 1549 2567 1605 Nuntius
2624 1551 2794 1621 impii,
2826 1551 2880 1606 id
2933 1560 3016 1607 est
3054 1554 3274 1623 angelus
3300 1553 3528 1620 diaboli;

1948 1644 2107 1698 Arius
2146 1642 2243 1698 fuit
2266 1652 2321 1698 et
2341 1642 2626 1705 Sabellius,
2650 1644 2940 1715 czeterique
2966 1646 3199 1702 haeretici
3233 1648 3409 1717 angeli
3433 1648 3531 1704 Sa-

1946 1744 2089 1790 tanas
2115 1754 2127 1788 :
2162 1735 2246 1789 isti
2270 1735 2521 1789 nimirum
2540 1735 2850 1827 ceciderunt
2869 1736 2923 1791 in
2949 1737 3169 1805 malum,
3199 1737 3250 1793 id
3275 1746 3359 1794 est
3374 1747 3531 1796 aeter-

268 1831 569 1889 Possidebit
595 1840 804 1896 ventos,
840 1829 894 1885 id
928 1838 1011 1885 est
1040 1830 1312 1886 dmmones
1346 1829 1415 1884 ad
1440 1828 1844 1885 condemnatio-
1873 1830 1921 1890 Β
1950 1842 2031 1880 me
2053 1825 2311 1895 gehennae
2334 1833 2677 1881 tormentum.

264 1941 388 1981 nem
425 1941 524 1981 sui.

336 2017 603 2072 Vesanus.
644 2014 930 2082 Quomodo
958 2014 1142 2069 mulier
1162 2013 1382 2085 diligens
1402 2030 1596 2069 corona
1625 2022 1702 2068 est
1738 2014 1846 2069 viro

249 2126 379 2176 suo,
426 2116 473 2160 et
494 2106 709 2176 putredo
730 2107 785 2159 in
810 2104 1006 2159 ossibus
1037 2104 1146 2173 ejus
1182 2120 1296 2177 quin
1323 2107 1623 2176 confusione
1658 2122 1738 2160 res
1763 2106 1845 2159 di-

268 2215 398 2271 gnas
424 2199 553 2270 gerit
576 2195 757 2267 (Prov.
786 2194 880 2264 xu)
900 2197 924 2248 ?

290 2305 294 2309 '
336 2291 617 2346 SALONIUS.
658 2288 847 2342 Mulier
865 2288 1009 2343 bona
1035 2297 1091 2343 ct
1118 2298 1266 2345 casta
1296 2290 1560 2346 bonorem
1606 2290 1722 2346 viro
1749 2305 1848 2347 suo

267 2380 472 2451 pratbet
492 2380 544 2434 in
576 2378 856 2443 omnibus;
884 2386 940 2432 et
967 2380 1091 2447 quia
1120 2378 1294 2449 diligit
1321 2396 1443 2435 eum
1473 2390 1527 2436 et
1548 2382 1684 2437 bene
1712 2382 1851 2451 regit

267 2471 488 2525 domum
527 2470 714 2539 ipsius,
766 2483 967 2523 corona
996 2469 1072 2524 illi
1100 2479 1202 2537 est,
1232 2473 1357 2542 quia
1409 2471 1525 2542 ejus
1565 2456 1874 2528 virtutibus~

270 2563 420 2637 addit
465 2563 711 2632 gratiam,
769 2564 909 2621 unde
936 2573 1227 2621 coronatur
1248 2582 1280 2620 a
1304 2565 1531 2623 Domino
1564 2585 1576 2620 :
1609 2566 1850 2623 adultera

268 2670 399 2711 vero
422 2655 633 2723 mulier,
656 2650 899 2724 quamvis
926 2655 1056 2711 loris
1076 2656 1319 2712 videatur
1338 2658 1603 2728 speciosa,
1624 2657 1851 2727 putredo

268 2758 449 2801 tamen
497 2755 579 2801 est
632 2747 685 2800 in
712 2747 942 2813 ossibus,
980 2746 1106 2816 quia
1134 2746 1278 2801 intus
1302 2746 1473 2803 fetore
1499 2747 1720 2803 luxuriae
1741 2763 1852 2803 sua:

270 2840 510 2894 membra
541 2840 876 2907 coinquinat.

340 2927 612 2983 VERANUS.
653 2928 935 2995 Quomodo
976 2929 1378 3000 intelligendum
1432 2939 1517 2987 est
1560 2930 1704 3000 quod
1733 2932 1849 2986 ait:

270 3021 457 3078 Melior
493 3040 688 3093 pauper
732 3030 808 3076 est
855 3030 904 3077 et
924 3023 1178 3092 suﬁiciens
1207 3022 1321 3090 sibi,
1352 3039 1505 3094 quam
1525 3023 1777 3094 gloriosus
1805 3031 1854 3076 et

268 3114 476 3185 indigus
505 3113 676 3184 pane?

2019 1915 2285 1973 VERANUS.
2328 1917 2457 1985 Quis
2481 1928 2564 1976 est
2590 1920 2795 1990 legatus
2818 1921 3011 1989 fidelis,
3035 1923 3105 1979 de
3126 1939 3235 1994 quo
3254 1924 3527 1995 sequitur:

1949 2008 2176 2082 Legatus
2196 2011 2366 2081 ﬁdelis
2387 2014 2589 2066 sanitas
2613 2012 2792 2082 (Prov.
2821 2014 2970 2085 xlv)?

2019 2102 2297 2159 SALONIUS.
2343 2102 2574 2173 Legatus
2602 2105 2774 2161 fidelis
2794 2113 2877 2161 est
2906 2107 3272 2177 unusquisque
3298 2107 3530 2163 catholi-

1948 2210 2042 2253 cus
2084 2195 2405 2266 pnedicator
2432 2204 2486 2251 et
2513 2195 2704 2251 doctor
2730 2196 2822 2266 qui
2871 2197 2973 2251 sibi
3004 2199 3222 2268 suisque
3263 2185 3531 2253 au‘ditori-

1948 2290 2049 2345 bns
2068 2290 2355 2345 sanitatem
2380 2297 2435 2345 et
2458 2290 2685 2345 salutem
2715 2290 2944 2359 acquirit
2970 2298 3249 2345 asternam.

2021 2380 2287 2435 VERANUS.
2330 2379 2507 2447 Quare
2546 2375 2679 2436 dicit
2708 2400 2721 2435 :
2749 2380 3006 2437 Latebant
3033 2371 3168 2437 mali.
3194 2389 3316 2436 ante
3350 2381 3531 2445 bonos,

1949 2482 1998 2528 et
2027 2460 2175 2545 impii
2192 2484 2312 2527 ante
2337 2484 2515 2546 portas
2530 2476 2808 2546 justorum,
2845 2490 2969 2549 cum
3015 2476 3070 2530 in
3110 2474 3211 2530 hac
3231 2474 3341 2531 vita
3365 2468 3558 2542 magii'

1951 2563 2079 2618 boni
2125 2565 2335 2619 soleant
2377 2564 2562 2634 jacere
2589 2574 2716 2620 ante
2744 2565 2938 2633 malos,
2966 2574 3024 2620 et
3045 2563 3178 2635 justi
3205 2572 3331 2620 ante
3352 2572 3536 2635 portas

1953 2652 2256 2724 iniquorum
2273 2655 2296 2708 ?

2023 2743 2303 2800 Summus.
2343 2744 2403 2800 ln
2452 2746 2747 2802 novissimo
2784 2746 2986 2815 judicio
3039 2747 3313 2803 coronatis
3352 2745 3535 2815 justis,

1954 2836 2101 2906 impii
2123 2836 2649 2905 condemnabuntur,
2670 2838 2763 2906 qui
2791 2853 2887 2892 eos
2909 2838 2961 2891 in
2990 2838 3240 2907 prresenti
3264 2837 3377 2891 vita
3400 2833 3537 2890 ami-

1953 2927 2172 2995 gebant,
2197 2936 2253 2981 et
2273 2927 2474 2983 idcirco
2493 2928 2623 2984 dicit
2653 2947 2666 2982 :
2698 2928 2956 2983 lucebunt
2991 2928 3116 2983 mali
3136 2937 3256 2984 ante
3275 2927 3456 2991 bonos,
3488 2934 3538 2980 et

1954 3018 2097 3088 impii
2120 3027 2241 3071 ante
2266 3027 2443 3088 portas
2465 3021 2745 3090 justorum.
2770 3021 3023 3076 Attamen
3048 3020 3193 3090 quod
3213 3019 3346 3075 dicit
3369 3038 3383 3073 :
3405 3019 3539 3073 Ante

1957 3110 2135 3177 bonos,
2161 3120 2209 3165 et
2227 3120 2347 3165 ante
2364 3120 2540 3184 portas
2553 3113 2837 3184 justorum,
2862 3129 2968 3170 non
2991 3112 3057 3168 ad
3079 3113 3407 3193 vicinitatem
3433 3110 3540 3168 loci

341 3203 619 3260 SALONIUS.
660 3205 801 3261 Vere
849 3204 1040 3261 melior
1058 3214 1142 3261 est
1168 3205 1335 3261 frater
1359 3204 1524 3260 idiota
1545 3214 1601 3261 et
1628 3206 1855 3277 simplex
1881 3206 1928 3269 C
1958 3205 2207 3275 pertinet,
2239 3205 2493 3273 quoniam
2538 3205 2667 3260 mali
2703 3214 2760 3260 et
2787 3205 2916 3260 boni
2958 3221 3067 3261 non
3094 3205 3198 3260 sibi
3224 3211 3385 3260 erunt
3410 3210 3540 3258 tunc

269 3296 363 3365 qui
402 3304 657 3366 operatur
702 3295 844 3350 bona
884 3310 1003 3367 qua:
1050 3298 1219 3365 novit,
1245 3297 1389 3353 unde
1408 3299 1571 3353 vitam
1592 3294 1849 3353 :eternam

273 3397 544 3443 mereatur
572 3380 774 3443 habere
804 3389 859 3444 in
900 3389 1071 3459 caelis,
1125 3405 1288 3461 quam
1325 3391 1609 3461 gloriosus,
1658 3392 1713 3448 id
1767 3400 1852 3449 est

271 3478 446 3535 clarus
467 3478 712 3535 doctrina
740 3487 796 3535 et
816 3480 1117 3536 eruditione
1140 3480 1554 3552 Scripturarum,
1586 3484 1672 3539 vel
1698 3500 1851 3539 com-

274 3580 397 3643 ptus
444 3570 684 3627 doctoris
738 3569 935 3638 officio,
980 3571 1071 3642 qui
1119 3573 1323 3642 indiget
1350 3590 1488 3644 pane
1529 3574 1848 3641 dilectionis,

271 3664 395 3734 quia
448 3678 623 3733 neque
663 3664 946 3719 Dominum
993 3663 1187 3735 diligit,
1213 3680 1389 3735 neque
1408 3668 1729 3736 proximum.
1755 3666 1853 3722 Vel

272 3763 420 3811 certe
438 3755 560 3810 ideo
583 3770 730 3826 pane
749 3754 969 3825 indiget,
998 3755 1124 3825 quia
1147 3771 1255 3810 non
1279 3764 1532 3826 operatur
1551 3772 1670 3826 qua:
1697 3758 1855 3813 intel-

277 3848 394 3917 ligit
422 3856 513 3903 aut
541 3847 720 3903 docet.

345 3939 615 3994 VEBANUS.
655 3937 787 4005 Quis
809 3946 891 3993 est
915 3938 1079 3994 homo
1107 3948 1356 3995 versutus
1373 3922 1466 4009 qui
1493 3942 1635 3997 celat
1674 3942 1852 3998 scien-

274 4031 442 4085 tiam?
470 4030 560 4085 Sic
588 4030 729 4084 enitn
754 4028 886 4083 dicit
912 4047 924 4082 :
959 4027 1127 4084 Homo
1155 4040 1384 4085 versutus
1406 4034 1537 4086 celat
1563 4034 1849 4087 scientiam.

344 4119 621 4176 Summus.
668 4118 923 4175 Versutus
949 4119 1053 4175 hoc
1080 4120 1200 4176 loco
1229 4122 1282 4175 in
1306 4121 1445 4177 bona
1467 4122 1856 4190 signitica‘tione

274 4212 511 4284 ponitur,
544 4211 595 4266 id
625 4219 708 4266 est
736 4211 949 4281 sapiens
977 4219 1031 4265 ct
1058 4211 1321 4281 prudens,
1372 4214 1454 4268 vir
1498 4227 1628 4282 ergo
1666 4230 1853 4270 versu-

275 4314 399 4371 tus;
423 4303 475 4359 id
504 4313 586 4359 est
603 4301 817 4373 sapiens
839 4311 893 4358 et
923 4303 1158 4373 prudens
1188 4304 1479 4374 aliquando
1501 4305 1568 4362 de
1596 4306 1869 4377 industria,

275 4397 415 4453 celat
442 4396 740 4461 scientiam,
766 4395 972 4450 duabus
994 4394 1249 4451 videlicet
1269 4397 1339 4451 de
1358 4399 1535 4453 causis
1560 4416 1572 4453 :
1596 4415 1698 4454 una
1727 4400 1854 4469 quia

277 4489 501 4544 inlirmis
522 4488 854 4543 auditoribus
874 4503 983 4542 non
1006 4497 1184 4558 potest
1203 4489 1339 4559 loqui
1385 4490 1533 4560 quasi
1576 4492 1858 4561 spirituali-

1951 3296 2111 3351 vicini
2130 3315 2146 3361 ;
2168 3296 2261 3351 sed
2291 3297 2527 3366 pertinet
2555 3296 2624 3350 ad
2671 3297 2933 3352 visionem
2970 3298 3255 3359 bonorum,
3283 3296 3540 3366 quoniam

1951 3385 2081 3441 boni
2103 3402 2319 3456 semper
2345 3387 2601 3443 videbunt
2635 3385 2904 3443 torinenta
2931 3388 3218 3456 malorum,
3244 3386 3388 3442 unde
3428 3385 3541 3441 Deo

1954 3479 2231 3535 liberatori
2264 3496 2363 3535 suo
2392 3480 2629 3548 majores
2658 3481 2774 3535 sine
2799 3480 2906 3536 tibe
2930 3478 3165 3536 referant
3190 3479 3406 3547 gratias.

2027 3571 2294 3626 VERANUS.
2312 3570 2450 3637 Quid
2470 3581 2553 3626 est
2571 3571 2715 3641 quod
2736 3573 2812 3627 ait
2839 3591 2851 3626 :
2887 3572 3099 3627 Pondus
3120 3580 3169 3626 et
3195 3580 3390 3625 statera
3403 3571 3542 3642 judi-

1956 3662 2037 3715 cia
2079 3654 2197 3714 sunt
2253 3658 2482 3727 Domini,
2532 3672 2582 3716 et
2602 3680 2759 3734 opera
2797 3664 2907 3734 ejus
2930 3680 3104 3718 omnes
3135 3664 3335 3735 lapides
3361 3663 3543 3718 surculi

1957 3748 2135 3818 (Prov.
2161 3751 2312 3819 xw)?
2338 3749 2623 3817 Quomodo
2657 3753 2866 3823 pomlus
2887 3761 2939 3807 et
2970 3761 3174 3808 statera
3191 3752 3392 3822 judicia
3419 3759 3543 3807 sunt

1957 3840 2168 3895 Domini
2184 3842 2209 3895 ?

2027 3933 2305 3989 SALouws.
2348 3933 2482 4001 Quia
2503 3935 2761 3991 Dominus
2790 3935 2963 3990 omnia
2992 3937 3045 3990 in
3074 3936 3299 4007 pondere
3324 3946 3375 3990 et
3394 3953 3540 3990 men-

1959 4044 2101 4093 sura,
2117 4037 2167 4080 et
2186 4043 2397 4081 numero
2423 4026 2577 4098 (Sap.
2602 4029 2678 4097 xi)
2703 4027 2998 4081 constituit.
3025 4025 3239 4083 Pondus
3260 4036 3315 4082 et
3342 4036 3546 4084 statera

1953 4116 2152 4186 judicia
2173 4116 2382 4172 Domini
2411 4126 2557 4185 sunt,
2583 4118 2706 4187 quia
2741 4119 2878 4173 sicut
2903 4119 3017 4189 ipse
3036 4119 3225 4183 voluit,
3257 4120 3547 4189 unicuique

1959 4225 2264 4265 mensuram
2306 4209 2429 4266 ﬁdei
2457 4219 2511 4265 et
2538 4212 2763 4279 gratiam
2799 4212 3030 4281 Spiritus
3061 4212 3231 4269 sancti
3254 4211 3544 4268 distribuit.
3594 4282 3603 4289 ν

1988 4324 2004 4338 ο
2031 4301 2299 4358 νεωκυε.
2341 4301 2488 4369 Quos
2516 4302 2749 4373 appellat
2773 4303 2977 4374 lapides
2995 4305 3208 4360 surculi?

2031 4394 2309 4450 SALONIUS.
2352 4393 2532 4451 Justos
2559 4403 2616 4450 et
2637 4394 2801 4451 fortes
2830 4397 2881 4451 in
2913 4394 3055 4455 lide:
3087 4413 3277 4453 omnes
3299 4399 3441 4454 enim
3473 4399 3549 4452 la-

1959 4488 2111 4565 pides
2139 4488 2339 4557 seculi,
2372 4488 2426 4542 id
2452 4496 2537 4545 est
2572 4489 2748 4544 sancti
2796 4497 2850 4544 et
2898 4490 3054 4545 electi
3085 4492 3202 4558 viri,
3232 4507 3394 4561 opera
3424 4501 3550 4546 sunt

276 4581 386 4646 bus,
418 4580 510 4634 sed
534 4582 679 4652 quasi
699 4578 993 4634 carnalibus
1024 4579 1077 4651 (ι
1098 4578 1216 4635 Cor.
1250 4580 1348 4651 ιιι),
1376 4581 1431 4635 id
1452 4590 1536 4636 est
1556 4597 1747 4652 magna
1773 4598 1860 4638 sa-
1885 4584 1938 4645 D
1964 4581 2195 4647 Domini,
2251 4583 2375 4651 quia
2421 4597 2579 4638 nemo
2628 4598 2724 4638 sua
2773 4583 2993 4652 virtute,
3042 4599 3200 4638 nemo
3229 4598 3327 4637 suo
3356 4583 3550 4636 merito

276 4688 490 4727 crarum
512 4670 909 4751 Scripturarum
938 4672 1190 4743 mysteria
1211 4688 1331 4743 qua:
1354 4675 1525 4742 novit,
1556 4690 1662 4729 non
1694 4675 1857 4731 audet

277 4762 377 4817 illis
399 4761 763 4827 manifestare,
785 4777 852 4816 ne
873 4760 1011 4816 forte
1032 4762 1494 4830 scandalizentur;
1519 4766 1707 4835 altera,
1729 4767 1855 4837 quia

278 4871 384 4911 non
414 4855 528 4910 vult
546 4866 783 4910 sanctum
800 4855 928 4910 dare
952 4853 1185 4921 canibus,
1208 4872 1368 4928 neque
1389 4860 1589 4914 mittere
1608 4860 1862 4929 margari-

279 4957 357 5000 tas
378 4955 497 4999 ante
519 4962 699 5015 porcos
731 4944 945 5015 (Matth.
974 4945 1092 5016 vn).

348 5038 615 5092 Vesanus.
656 5035 792 5101 Quid
818 5044 900 5091 est
927 5036 1070 5107 quod
1098 5038 1205 5091 ait:
1242 5037 1364 5092 Vult
1397 5049 1445 5093 et
1472 5055 1574 5094 non
1594 5038 1698 5093 vult
1716 5040 1861 5111 piger

280 5130 460 5197 (Prov.
492 5129 645 5197 xui)?
673 5126 730 5181 Si
752 5128 883 5191 vult,
910 5127 1180 5198 quomodo
1204 5141 1333 5197 ergo
1356 5146 1463 5184 non
1483 5130 1632 5185 vult"
1704 5144 1707 5149 ·

350 5220 628 5273 Simulus.
672 5217 776 5273 Per
820 5219 1050 5288 pigrum,
1080 5218 1170 5273 ille
1197 5218 1507 5289 designatur
1549 5221 1639 5290 qui
1667 5236 1726 5276 se
1754 5236 1860 5277 non

282 5313 395 5365 vult
422 5326 677 5365 exemere
724 5310 776 5363 in
824 5309 979 5363 bonis
1016 5309 1286 5379 operibus.
1333 5309 1460 5365 Vult
1486 5325 1617 5378 ergo
1638 5326 1863 5381 regnare

283 5394 433 5472 piger
461 5417 582 5456 cum
604 5401 738 5463 Deo,
768 5409 825 5454 et
852 5416 957 5455 non
1005 5400 1117 5455 vult
1149 5399 1397 5461 laborare
1426 5417 1525 5472 pro
1563 5401 1696 5457 Deo.
1739 5401 1865 5456 Vult

283 5494 562 5566 pervenire
609 5493 675 5547 ad
728 5491 1111 5548 beatitudinem
1160 5500 1214 5546 et
1244 5500 1421 5547 tamen
1452 5510 1558 5548 non
1584 5495 1697 5549 vult
1726 5510 1863 5565 pra:-

289 5593 446 5654 cepta
494 5584 690 5638 Christi
722 5585 966 5654 implere,
988 5593 1046 5638 ut
1069 5584 1454 5641 beatitudinem
1476 5595 1748 5642 mereatur
1772 5590 1870 5644 ob-

206 5732 241 5747 ”
285 5677 481 5732 tinere.
498 5675 571 5730 De
595 5677 698 5731 hoc
717 5678 859 5735 enim
880 5674 1115 5732 Jacobns
1134 5677 1263 5732 dicit
1290 5696 1301 5731 :
1341 5678 1434 5734 Vir
1458 5680 1648 5752 duplex
1670 5682 1862 5749 animo,

286 5769 588 5826 inconstans
607 5779 683 5823 est
708 5770 761 5824 in
788 5767 1024 5823 omnibus
1052 5766 1145 5824 viis
1175 5771 1281 5825 suis
1312 5769 1451 5838 (Jac.
1484 5771 1542 5840 ι).

1955 4674 2159 4730 electus
2211 4683 2295 4730 est
2339 4691 2369 4729 a
2426 4674 2677 4739 Domino,
2727 4682 2787 4728 ut
2815 4673 3549 4729 cmlestimdilicationi‘esset

1958 4773 2136 4836 aptus,
2163 4766 2261 4820 sed
2292 4766 2405 4818 sola
2435 4766 2604 4832 gratia
2636 4772 2691 4817 et
2719 4763 3088 4818 misericordia
3112 4763 3296 4833 ipsius.

2034 4857 2303 4911 VERANUS.
2344 4854 2481 4921 Quid
2505 4866 2589 4909 est
2606 4854 2751 4924 quod
2784 4853 2949 4909 dicit:
2992 4853 3195 4910 Corona
3223 4873 3421 4925 senum,
3451 4858 3549 4929 lilii

1960 4947 2206 5017 filiorum,
2227 4954 2278 4998 et
2303 4944 2473 5015 gloria
2502 4945 2728 5016 filiorum
2749 4954 2921 5015 patres
2950 4963 3126 5001 eorum
3170 4947 3346 5019 (Prov.
3379 4952 3553 5018 xvu)?

1961 5034 2019 5089 Si
2039 5035 2163 5090 mali
2193 5041 2318 5090 sunt
2339 5032 2432 5090 lilii
2456 5034 2706 5104 filiorum,
2732 5035 3011 5105 quomodo
3030 5048 3156 5095 sunt
3180 5024 3349 5110 gloria
3373 5040 3422 5095 in
3447 5041 3551 5096 hoc

1962 5125 2126 5181 loco?

2035 5219 2316 5275 SALONIUS.
2358 5218 2701 5279 Patriarchas
2730 5232 2885 5279 vocat
2905 5233 2961 5280 et
2986 5223 3301 5294 prophetas,
3322 5238 3548 5295 quorum

1968 5310 2060 5364 lilii
2090 5318 2217 5364 sunt
2253 5312 2428 5367 sancti
2457 5314 2711 5383 apostoli,
2746 5323 2802 5370 et
2833 5316 2924 5369 lilii
2954 5314 3182 5369 ﬁliorum
3212 5330 3553 5370 successores

1968 5406 2357 5478 apostolorum,
2400 5407 2657 5465 videlicet
2703 5410 2875 5465 sancti
2923 5407 3321 5479 prtedicatores.
3353 5407 3553 5463 Otnnes

1948 5499 2111 5581 enim
2132 5500 2220 5554 isti
2247 5515 2449 5556 corona
2473 5518 2662 5558 senum
2694 5510 2840 5568 sunt,
2864 5502 2919 5557 id
2947 5511 3029 5557 est
3050 5505 3476 5573 patriarcharum
3498 5515 3553 5560 et

1967 5593 2384 5663 prophetarum;
2432 5595 2559 5664 quia
2606 5594 2765 5661 digna
2816 5595 2972 5649 laude
2997 5596 3271 5655 celebrant
3304 5614 3417 5665 eos,
3456 5613 3552 5667 per

1966 5701 2197 5756 quorum
2228 5688 2475 5750 exempla
2506 5694 2560 5741 et
2587 5685 2838 5742 vaticinia
2868 5686 2933 5741 ad
2961 5688 3319 5757 cognitionem
3366 5692 3553 5761 gratizc

1966 5790 2341 5846 pervenerunt.

2310 5925 2397 5942 -ος

1936 5942 2005 5962 ορ
