4110 6336
601 233 668 286 79

635 345 901 402 Vsasuus.
943 347 1226 413 Quomodo
1255 357 1432 418 patres
1459 361 1583 404 sunt
1615 351 1883 426 illiorum?

634 442 912 495 Summus.
957 439 1148 510 Magna
1176 443 1376 512 quippe
1405 455 1486 498 est
1514 446 1681 512 gloria
1710 449 2153 516 praedicatoribus

563 535 697 588 Novi
727 528 1081 598 Testamenti,
1111 536 1257 606 quod
1284 535 1650 598 tiliivetcrum
1699 549 1914 610 patrum
1967 542 2021 596 id
2070 551 2153 599 est

560 625 988 694 patriarcharum
1009 635 1066 681 et
1085 627 1471 697 prophetarum
1502 646 1619 685 esse
1648 643 1980 688 meruerunt.

632 715 901 772 Vesanus.
942 716 1121 786 Quare
1172 720 1344 777 dicit:
1378 720 1478 784 Qui
1525 725 1736 778 dimittit
1779 742 1966 797 aquam
1996 738 2150 800 caput

555 819 630 861 est
649 809 964 880 jungiorttm.
993 809 1244 881 Nunquid
1268 813 1356 868 ille
1376 817 1469 884 qui
1492 814 1728 872 oiansam
1749 831 1941 886 aquam
1964 819 2152 874 decur-

556 912 676 953 rere
704 900 949 968 dimittit,
973 888 1147 970 iurgia
1169 904 1444 958 concitat?
1464 914 1556 958 aut
1583 908 1822 975 nunquid
1851 925 1956 962 non
1981 911 2147 980 magis

557 989 737 1043 vinum
768 1001 928 1059 quam
957 991 1289 1061 aqtmjurgia
1317 996 1592 1058 concitate
1617 998 1801 1055 solet?

627 1104 903 1163 SALONIUS.
930 1108 1181 1176 Figurate
1202 1111 1305 1166 hoc
1324 1110 1524 1186 dictum
1545 1123 1627 1168 est
1652 1131 1665 1167 :
1690 1129 1811 1168 nam
1837 1131 1932 1186 per
1951 1132 2144 1186 aquam

553 1194 866 1264 designatur
894 1199 1072 1267 lingua
1101 1200 1237 1255 levis
1265 1209 1319 1257 et
1346 1201 1489 1257 ﬂuxa
1527 1221 1540 1269 ;
1603 1212 1657 1259 et
1711 1207 1801 1274 qui
1860 1193 2144 1264 immodice

546 1286 788 1355 linguam
819 1305 972 1344 suam
999 1291 1229 1359 relaxat,
1257 1300 1420 1366 caput
1440 1303 1522 1348 est
1540 1294 1840 1364 jui‘giorum
1867 1317 1877 1350 :
1906 1299 2030 1367 quia
2051 1300 2143 1372 qui

550 1373 789 1446 linguam
821 1397 975 1436 suam
1006 1399 1114 1438 non
1145 1386 1401 1455 refrenat,
1428 1385 1601 1455 jurgia
1632 1396 1687 1443 et
1729 1389 1850 1444 lites
1880 1393 2140 1462 concitat,

553 1478 608 1524 et
637 1473 985 1550 concordiam
1013 1475 1254 1546 dissipat.

619 1562 890 1618 Vsa/tuus.
931 1565 1027 1620 Dic
1056 1567 1208 1634 mihi,
1241 1584 1445 1644 qumso,
1468 1569 1742 1640 quomodo
1780 1573 1834 1626 in
1857 1574 1991 1644 facie
2018 1592 2140 1645 pru-

551 1653 719 1708 dentis
749 1656 882 1708 lueet
910 1658 1186 1727 sapientia,
1210 1659 1348 1714 sicut
1369 1661 1444 1734 ait
1476 1660 1761 1718 Salomon:
1789 1663 1939 1718 Oculi
1971 1677 2138 1721 autem

551 1747 820 1802 stultorum
843 1760 961 1803 sunt
980 1751 1034 1804 in
1063 1751 1251 1821 ﬁnibus
1269 1759 1427 1810 terra:
1441 1756 1468 1808 .’

619 1836 897 1894 SALONIUS.
933 1838 1173 1896 Prudens
1200 1843 1364 1920 homo
1404 1860 1546 1916 saepe
1576 1848 1628 1901 in
1659 1848 1773 1919 ipsa
1805 1850 1982 1906 vultus
2022 1853 2136 1906 cla-

549 1929 710 1984 ritate
744 1929 908 1986 faciei
950 1919 1060 1987 sum
1087 1934 1226 1989 solet
1255 1919 1671 2006 prtemonstrare
1700 1943 2017 2010 gravitatem
2056 1947 2139 2002 sui

548 2033 758 2086 sensus,
790 2029 844 2075 et
870 2021 1167 2078 claritatem
1200 2024 1524 2084 intellectus.
1557 2030 1720 2086 Stulti
1755 2047 1882 2088 vero
1911 2035 1977 2088 ad
2000 2036 2138 2092 banc

547 2113 859 2168 imitandam
885 2126 940 2170 et
967 2102 1279 2174 Sectandam
1297 2163 1311 2186 ,
1338 2122 1587 2178 videlicet
1627 2127 1979 2193 gravitatem,
2011 2145 2139 2184 ocu-

546 2201 629 2258 los
658 2208 852 2261 mentis
899 2222 1005 2262 non
1044 2221 1270 2279 possunt
1318 2213 1585 2282 attollere,
1618 2217 1712 2270 sed
1750 2225 1861 2273 tota
1908 2220 2138 2275 admira-

547 2294 696 2350 tione
720 2297 1057 2371 perquirunt,
1091 2301 1324 2370 qualiter
1351 2303 1418 2358 ad
1448 2303 1607 2360 finem
1635 2307 1778 2378 (hoc
1807 2317 1911 2377 est,
1943 2311 2009 2366 ad
2039 2313 2138 2367 im-

546 2385 838 2454 pletionem
867 2391 1164 2446 carnalium
1190 2393 1547 2468 voluptatum)
1575 2399 1885 2469 pertingere
1903 2404 2135 2460 valeant.

617 2477 888 2536 Vesanus.
931 2481 1178 2554 Nunquid
1225 2486 1296 2540 ita
1336 2488 1678 2546 solummodo
1717 2493 2016 2564 intelligere
2044 2497 2138 2553 de-

547 2568 774 2622 bemus?

617 2655 896 2715 SALONIUS.
929 2660 1248 2732 Specialiter
1288 2665 1394 2742 hoc
1423 2667 1490 2742 de
1515 2667 1735 2725 Christo
1763 2672 2024 2728 debemus
2050 2676 2135 2730 di-

543 2756 689 2802 ctum
719 2750 1035 2820 intelligere.
1064 2754 1123 2808 in
1151 2753 1290 2811 facie
1318 2773 1549 2830 namque
1566 2762 1844 2831 prudentis
1867 2765 2137 2835 (videlicet

541 2839 860 2916 Salvatoris)
893 2845 1109 2901 lucebat
1154 2851 1418 2920 sapientia
1454 2854 1779 2921 divinitatis,
1813 2874 1973 2929 quam
2022 2863 2134 2936 ipse

541 2935 596 2988 in
627 2951 790 2990 carne
821 2949 1117 3007 apparens,
1142 2940 1397 2997 virtutum
1441 2953 1496 2998 et
1536 2946 1795 3004 doctrinm
1822 2935 2132 3010 testimonio

539 3027 943 3084 demonstrabat
963 3041 1018 3085 et
1055 3033 1429 3090 confirmabat.
1479 3035 1633 3092 Oculi
1664 3055 1793 3095 vero
1844 3045 2131 3101 stultorum

1845 240 2111 296 SALONII
2152 244 2556 304 VIENNE’NSIS

3745 257 3865 313 980

2182 367 2224 419 Α
2260 361 2485 429 implere
2506 363 2649 431 quod
2679 363 2806 419 dicit
2840 384 2849 417 :
2883 362 3092 420 Manum
3137 368 3335 440 quippe
3383 371 3448 427 ad
3490 387 3550 426 os
3600 372 3861 454 porrigit,

2259 454 2347 521 qui
2377 454 2557 508 studet
2587 472 2750 527 opere
2779 459 3004 528 implere
3032 460 3176 529 quod
3199 461 3378 518 docet.

2329 545 2599 603 VERANUS.
2645 550 2774 616 Quis
2810 560 2890 605 est
2921 553 3008 606 ille
3056 555 3204 622 piger
3249 555 3317 609 de
3360 572 3469 626 quo
3498 557 3632 614 dicit
3665 576 3678 611 :
3713 559 3867 612 Pro-

2254 648 2367 708 pter
2389 640 2556 711 frigus
2584 643 2733 712 piger
2751 659 2906 697 arare
2934 645 3120 710 noluit,
3148 648 3464 702 mendicabit
3489 668 3614 722 ergo
3643 660 3868 712 testate,

2252 737 2304 781 et
2332 746 2435 783 non
2458 731 2666 786 dabitur
2688 735 2736 787 ei
2763 734 2943 803 (Prov.
2983 736 3112 807 xx)?
3140 737 3293 804 Quod
3321 741 3367 794 si
3409 740 3562 810 piger
3597 748 3867 812 tempore

2253 817 2463 887 frigoris
2493 837 2650 877 arare
2685 825 2934 890 noluerit,
2966 827 3204 895 nunquid
3224 831 3426 908 aestatis
3457 839 3729 902 tempore,
3762 833 3865 902 qui

2253 912 2354 967 sibi
2380 913 2582 983 aliquid
2616 916 2814 970 tribuat
2845 917 3086 974 invenire
3116 935 3222 976 non
3261 922 3501 990 poterit?

2320 1004 2598 1068 SALONIUS.
2631 1007 2785 1080 Smpe
2813 1026 3044 1080 namque
3074 1013 3233 1084 pigri,
3266 1021 3321 1069 et
3361 1014 3576 1086 frigoris
3597 1026 3654 1072 et
3680 1027 3862 1072 sesta-

2251 1094 2318 1147 tis
2350 1103 2590 1166 tempore
2621 1099 2900 1155 inveniunt
2921 1103 3010 1172 qui
3040 1104 3142 1157 sibi
3175 1105 3413 1161 tribuant
3440 1108 3863 1180 eleemosynam

2252 1185 2480 1241 ﬁdeles:
2520 1190 2613 1243 sed
2642 1190 2793 1259 piger
2836 1191 2888 1247 in
2919 1192 3023 1248 hoc
3069 1193 3188 1249 loco
3239 1195 3387 1250 illum
3431 1197 3704 1265 signiﬁcat
3761 1201 3865 1270 qui

2249 1287 2475 1348 propter
2500 1280 2763 1336 desidiam
2793 1291 2847 1338 et
2877 1283 3034 1354 hujus
3062 1285 3246 1340 mundi
3277 1289 3660 1346 adversitatem
3692 1291 3712 1362 (
3730 1306 3865 1369 qum

2249 1387 2347 1441 per
2375 1371 2538 1440 frigus
2559 1373 2892 1444 designatur)
2942 1378 2995 1431 in
3038 1378 3131 1433 Dei
3174 1381 3396 1436 servitio
3439 1382 3659 1458 negligit
3691 1383 3862 1438 labo~

2248 1478 2387 1530 rare,
2421 1472 2476 1518 et
2505 1465 2706 1521 idcirco
2731 1468 2784 1522 in
2814 1467 2994 1524 futuro
3010 1470 3097 1526 die
3121 1471 3310 1540 judicii
3339 1474 3684 1540 mendicabit,
3717 1476 3860 1550 quia

2246 1572 2354 1610 non
2374 1558 2594 1613 habebit
2623 1576 2787 1630 opera
2818 1561 2960 1616 bona
2990 1579 3091 1634 pro
3139 1565 3334 1634 quibus
3377 1575 3652 1623 mereatur
3693 1567 3858 1624 acci-

2246 1661 2376 1716 pere
2399 1648 2802 1716 beatitudinem,
2835 1653 3090 1721 quoniam
3117 1655 3364 1739 quidquid
3383 1659 3720 1713 seminaverit
3753 1659 3858 1715 Ito-

2171 1743 2223 1803 B
2247 1757 2352 1807 mo,
2379 1741 2474 1795 hoc
2505 1752 2554 1795 et
2574 1752 2727 1797 metet
2757 1743 2898 1816 (Gal.
2932 1748 3030 1817 vt).

2317 1830 2587 1887 VEBANUS.
2641 1833 2751 1888 Cur
2790 1850 2919 1905 ergo
2968 1837 3083 1894 dies
3123 1838 3308 1909 judicii
3350 1848 3406 1896 et
3452 1855 3675 1909 regnum
3721 1843 3850 1910 Dei,

2241 1923 2412 1978 testati
2442 1929 2815 1995 comparatur?

2321 2013 2603 2071 SALONIUS.
2636 2016 2772 2082 Quia
2801 2025 2928 2073 tunc
2958 2020 3138 2075 omnia
3167 2031 3365 2078 nostra:
3393 2024 3623 2079 tristitiae
3652 2026 3844 2081 nubila

2245 2109 2569 2176 transibunt,
2601 2117 2655 2164 et
2682 2110 2804 2164 vitze
2844 2111 2988 2166 illius
3015 2113 3148 2179 dies,
3184 2117 3370 2170 :eterni
3417 2117 3546 2171 solis
3583 2117 3846 2173 claritate

2245 2201 2483 2269 fulgebit.

2314 2293 2585 2349 VERANUS.
2612 2294 2687 2349 De
2715 2310 2823 2363 quo
2851 2310 2976 2372 rege
3004 2296 3135 2352 dicit
3159 2316 3170 2350 :
3205 2297 3318 2353 Rea:
3341 2300 3430 2370 qui
3455 2302 3606 2355 sedet
3627 2301 3682 2355 in
3707 2303 3845 2355 solio

2236 2384 2443 2453 judicii,
2477 2386 2698 2453 dissipat
2723 2403 2873 2440 omne
2910 2388 3103 2441 malum
3136 2389 3324 2442 intuitu
3349 2392 3478 2444 suo?

2313 2474 2594 2529 SALONIUS.
2629 2475 2703 2529 De
2735 2475 2827 2529 illo
2849 2476 2943 2545 qui
2969 2485 3049 2531 est
3081 2476 3196 2532 Rex
3238 2492 3442 2547 regum,
3467 2489 3524 2535 et
3571 2481 3843 2535 Dominus

2241 2567 2652 2634 dominantium,
2692 2568 2943 2624 videlicet
2992 2570 3222 2625 Domino
3268 2570 3396 2626 Jesu
3440 2571 3691 2637 Christo,
3744 2575 3836 2642 qui

2240 2661 2393 2715 sedet
2422 2661 2474 2714 in
2504 2662 2642 2716 solio
2684 2661 2894 2730 judicii,
2943 2663 3068 2740 quia
3103 2662 3262 2718 Pater
3291 2683 3394 2724 non
3418 2666 3628 2736 judicat
3654 2685 3834 2738 quem-

2239 2767 2413 2822 quam,
2446 2753 2537 2806 sed
2563 2769 2713 2806 omne
2747 2754 3001 2824 judicium
3025 2755 3165 2808 dedit
3204 2752 3346 2810 Filio
3392 2755 3575 2827 (Joau.
3610 2760 3684 2826 v).
3714 2759 3832 2828 ipse

2239 2843 2489 2897 nimirum
2515 2843 2738 2914 dissipat
2765 2861 2926 2900 omne
2969 2847 3166 2925 malum
3196 2849 3390 2903 intuitu
3433 2865 3552 2915 suo,
3585 2852 3702 2919 quia
3734 2869 3818 2904 re-

2236 2943 2422 3004 spectu
2470 2937 2747 3006 potentiae,
2794 2953 2957 2992 omne
3003 2939 3233 3002 malum,
3283 2941 3447 2995 etiam
3495 2951 3818 3014 secretarum,

2236 3027 2621 3094 cogitationum
2649 3029 2974 3097 penetrabit,
3009 3036 3065 3084 ut
3092 3027 3281 3085 reddat
3309 3033 3600 3103 unicuique
3635 3050 3819 3105 secun-

541 3122 634 3191 (id
660 3110 740 3178 est
769 3123 1073 3180 Judmmm
1118 3144 1225 3182 non
1255 3130 1632 3204 credentium)
1662 3137 1832 3203 magis
1874 3138 2129 3195 incende_
2155 3117 2202 3181 C
2235 3114 2361 3168 dum
2391 3117 2534 3184 quod
2582 3118 2722 3184 egit;
2759 3119 2898 3173 unde
2928 3119 2979 3173 in
3021 3119 3311 3188 Evangelio
3336 3122 3467 3177 dicit
3514 3141 3526 3176 :
3560 3122 3716 3177 Nihil
3752 3136 3826 3178 est

537 3214 736 3271 bantur
755 3220 985 3274 terrenis
1011 3219 1311 3302 desideriis,
1334 3238 1494 3296 quam
1519 3225 1840 3284 salutaribus
1869 3231 1984 3300 ejus
2007 3249 2124 3286 mo-

536 3307 664 3386 nitis
691 3319 852 3404 atque
880 3310 1158 3390 doctrinis.

599 3400 876 3458 'Venauus.
919 3401 1056 3471 Quid
1087 3413 1171 3460 est
1199 3406 1304 3462 hoc
1331 3408 1476 3477 quod
1505 3410 1579 3465 ait
1613 3430 1625 3464 :
1661 3409 1865 3468 Donum
1905 3415 2125 3476 hominis

534 3493 720 3572 dilatat
757 3486 896 3554 viam,
939 3495 1071 3565 ejus,
1112 3507 1160 3551 et
1204 3509 1326 3553 ante
1355 3503 1616 3574 principes
1645 3507 1873 3578 spatium
1909 3511 1957 3562 ei
1998 3512 2125 3582 facit

535 3584 715 3662 (Prov.
742 3587 930 3660 xvm)?
953 3587 1111 3655 Quod
1135 3599 1217 3645 est
1246 3593 1351 3663 hoc
1371 3594 1570 3650 donum
1597 3598 1741 3667 quod
1771 3599 1959 3654 dilatat
1981 3603 2120 3660 viam

532 3675 786 3744 hominis,
815 3688 869 3732 et
897 3680 1041 3748 quod
1065 3691 1191 3737 ante
1218 3683 1490 3756 principes
1519 3687 1648 3747 facit
1677 3690 1751 3744 illi
1781 3693 2051 3761 spatium?

602 3786 880 3845 SALomus.
912 3791 1122 3846 Donum
1165 3793 1296 3859 hoc,
1329 3795 1529 3853 donum
1557 3809 1639 3854 est
1686 3803 1956 3869 caritatis,
2007 3807 2121 3862 sive

529 3878 755 3933 aliarum
785 3881 1062 3947 virtutum,
1095 3898 1228 3954 quas
1265 3901 1295 3940 a
1325 3886 1554 3948 Domino
1585 3889 1768 3948 ﬁdeles
1797 3896 2070 3966 accipiunt
2103 3917 2114 3950 :

528 3969 632 4025 hoc
669 3971 917 4028 videlicet
956 3974 1158 4042 donum
1204 3978 1438 4040 hominis
1483 3980 1669 4038 dilatat
1703 3984 1843 4042 viam
1879 3987 2028 4056 ejus,
2064 3991 2117 4046 id

525 4071 608 4116 est
637 4064 936 4133 actionem;
985 4070 1109 4138 quia
1152 4073 1516 4142 unusquisque
1552 4075 1722 4139 ﬁdelis
1760 4088 1961 4150 quanto
2002 4098 2116 4138 am-

524 4153 662 4222 plius
689 4157 859 4222 gratia
889 4160 1061 4214 sancti
1090 4159 1320 4232 Spiritus
1357 4165 1498 4220 intus
1528 4168 1784 4237 repletur,
1818 4180 1968 4228 tanto
1995 4189 2112 4232 ma-

523 4245 604 4311 gis
631 4247 771 4300 viam
799 4264 949 4302 suam
990 4250 1118 4306 foris
1148 4253 1356 4319 dilatat,
1383 4256 1434 4316 id
1474 4265 1554 4314 est
1595 4259 1860 4319 bonorum
1890 4281 2125 4334 operum.

521 4346 763 4400 gressum
796 4337 1130 4408 untltiplicat,
1164 4344 1286 4413 quia
1317 4347 1560 4416 quotidie
1590 4349 1643 4415 in
1670 4352 1869 4416 sanctis
1903 4353 2112 4418 deside-

504 4425 616 4490 .riis
647 4434 701 4481 et
728 4428 884 4484 bonis
912 4433 1164 4502 operibus
1193 4437 1391 4492 crescit
1420 4447 1474 4500 et
1503 4450 1748 4509 augetur.

596 4542 861 4602 Vesanus.
909 4543 1026 4602 Hoc
1051 4546 1252 4612 donum
1281 4551 1553 4623 quomodo
1579 4551 1706 4608 facit
1732 4557 1933 4612 homini
1979 4576 2104 4630 spa-

519 4633 653 4688 tium
680 4644 806 4701 ante
829 4636 1141 4712 principes?
1681 4666 1684 4668 τ

587 4725 864 4783 SALONIUS.
899 4728 1037 4795 Quia
1081 4731 1224 4786 inter
1249 4747 1474 4806 magnos
1524 4734 1784 4795 Ecclesia:
1839 4749 2099 4804 rectores.

519 4817 572 4870 in
604 4815 720 4872 foro
743 4820 925 4877 tribuit
954 4821 1029 4882 illi
1051 4824 1262 4896 culmen
1285 4827 1530 4893 honoris,
1550 4837 1605 4885 et
1632 4831 1857 4900 gloriam
1885 4844 2100 4891 aeternae

516 4907 878 4970 beatitudinis.

587 4999 857 5057 Vsasuus.
904 4998 1081 5067 Quare,
1126 5005 1254 5078 dicit
1311 5026 1322 5060 :
1367 5009 1650 5081 Abscondit
1693 5014 1840 5083 piger
1889 5032 2098 5072 manuni

512 5109 663 5144 suam
686 5092 777 5146 sub
807 5094 1017 5160 ascella,
1052 5112 1142 5150 nec
1171 5100 1239 5151 ad
1262 5116 1318 5152 os
1348 5091 1496 5155 suum
1509 5103 1738 5173 applicat
1766 5122 1881 5159 eam
1905 5107 2093 5176 (Prov.

513 5198 600 5236 nx
629 5191 678 5247 et
704 5183 889 5255 xxvn)?
927 5184 1057 5265 Quis
1083 5187 1229 5252 enim
1276 5198 1360 5258 est
1401 5199 1508 5251 tam
1561 5193 1715 5265 piger
1741 5196 1864 5264 qui,
1907 5213 2093 5256 come-

511 5272 686 5329 dendo
702 5275 787 5330 vel
814 5263 1068 5344 bibendo,
1089 5292 1308 5342 manum
1323 5280 1395 5350 ad
1411 5297 1486 5354 (os
1512 5263 1668 5340 suum
1693 5263 1802 5346 nou
1823 5288 2092 5358 applicet?

579 5387 856 5450 SALONIUS.
885 5390 989 5458 Qui
1014 5392 1294 5454 abscondit
1318 5410 1539 5454 mnum
1568 5411 1717 5452 suam
1748 5401 1848 5456 sub
1868 5403 2084 5469 asoells,

508 5496 615 5535 non
646 5482 757 5536 vult
785 5482 970 5552 mitius
998 5484 1065 5540 ad
1093 5485 1311 5556 alin
1336 5502 1474 5557 opus
1498 5488 1584 5545 vel
1619 5489 1862 5545 laborem
1898 5501 2085 5548 exten-

505 5572 633 5627 dere
663 5574 809 5628 illam
842 5593 853 5627 :
885 5589 1017 5643 ergo
1041 5561 1143 5646 per
1161 5578 1370 5647 pigrum
1389 5579 1703 5648 designatur
1725 5586 2088 5654 unusquisque

505 5666 680 5730 segnis
707 5674 762 5720 et
788 5665 1085 5724 desidiosus
1129 5672 1468 5738 pmdicator,
1509 5676 1602 5741 qui
1643 5691 1751 5730 non
1778 5676 1892 5731 vult
1922 5693 2086 5746 opere

2235 3217 2341 3260 tam
2369 3217 2600 3275 opertum
2627 3211 2763 3279 quod
2791 3227 2892 3264 non
2912 3211 3181 3276 reveletur,
3204 3222 3256 3266 et
3279 3217 3533 3269 occultum
3555 3215 3696 3288 quod
3722 3232 3823 3270 non

2230 3282 2426 3350 sciatur
2455 3296 2604 3366 (Luc.
2636 3299 2750 3369 an).
2783 3299 2933 3356 Tune
2947 3301 3106 3369 justis
3127 3317 3248 3356 eum
3270 3302 3500 3374 Domino
3527 3282 3823 3372 coronatis,

2228 3389 2328 3443 soli
2351 3391 2565 3458 reprobi
2585 3405 2774 3460 ptenas
2795 3392 3050 3448 subibunt
3068 3403 3314 3450 teter-nas.

2301 3478 2568 3536 VERANUS.
2599 3481 2736 3547 Quid
2781 3491 2865 3538 est
2909 3483 3052 3553 quod
3082 3485 3199 3538 ait:
3235 3485 3449 3541 Pontius
3488 3499 3539 3542 et
3580 3491 3821 3557 pondus,

2228 3589 2468 3627 mensura
2490 3583 2539 3626 et
2559 3591 2820 3639 mensura,
2844 3586 3112 3648 utrumque
3131 3581 3476 3636 abominabile
3496 3585 3637 3653 apud
3655 3583 3820 3639 Deum

2229 3661 2412 3730 (Prov.
2448 3680 2518 3718 xx
2546 3674 2596 3719 et
2623 3668 2774 3735 xxi)?
3177 3659 3180 3661 Δ

2295 3754 2575 3813 Summus.
2606 3756 2823 3814 Pondus
2849 3769 2904 3815 et
2932 3761 3160 3831 pondus,
3187 3778 3485 3819 mensuram
3511 3772 3564 3820 et
3582 3780 3802 3822 mensu-

2224 3861 2338 3900 ram
2367 3847 2496 3903 dicit
2540 3851 2585 3904 is
2627 3850 2894 3906 diversum
2939 3853 3147 3924 pondus
3183 3865 3240 3910 et
3277 3857 3540 3912 diversam
3585 3873 3806 3914 mensu-

2220 3953 2355 3992 ram.
2389 3941 2656 4006 Quantum
2687 3957 2816 4012 ergo
2843 3943 2906 3997 ad
2930 3945 3163 4000 litteram
3185 3963 3198 4010 ;
3224 3949 3534 4018 quicunque
3564 3949 3616 4003 in
3643 3948 3810 4006 domo

2221 4045 2317 4084 sua
2367 4033 2572 4086 varium
2621 4035 2785 4088 habet
2826 4035 3035 4106 pondus
3090 4039 3400 4108 variamque
3454 4056 3762 4096 mensuram
3791 4087 3806 4111 ,

2219 4117 2442 4190 propter
2470 4123 2574 4178 hoc
2599 4125 2782 4193 utique
2810 4126 2971 4182 habet
2996 4137 3053 4182 ut
3075 4129 3233 4184 aliter
3259 4129 3420 4188 librct
3449 4133 3807 4206 metiatur-que

2218 4213 2341 4278 sibi,
2372 4225 2536 4282 atque
2565 4216 2723 4271 aliter
2744 4220 3010 4293 proximo,
3038 4220 3182 4289 quod
3212 4229 3294 4278 est
3325 4224 3509 4292 utique
3539 4225 3806 4281 abomina~

2216 4301 2324 4357 bile
2347 4304 2604 4372 Domino;
2634 4309 2774 4362 unde
2803 4308 2855 4360 in
2878 4308 2996 4378 lege
3025 4307 3222 4382 Moysis
3249 4311 3506 4373 Dominus
3531 4317 3798 4387 prtecepit,

2217 4397 2401 4453 dicens
2451 4415 2463 4450 :
2507 4397 2589 4453 Sit
2624 4398 2714 4453 tibi
2745 4417 2917 4472 aequus
2963 4403 3187 4469 modius,
3232 4405 3506 4476 justusque
3549 4409 3803 4463 sextarius

2138 4501 2192 4562 Ι)
2219 4485 2406 4558 (Lavit.
2440 4491 2569 4559 XIX).

2289 4579 2560 4636 VERANUS.
2615 4582 2898 4648 Quomodo
2943 4593 3121 4640 autem
3174 4587 3529 4657 spiritualiter
3577 4591 3802 4659 intelligi

2213 4670 2414 4725 debet?

2282 4761 2562 4821 SALONIUS.
2595 4763 2689 4820 Ille
2731 4767 2784 4822 in
2829 4768 2996 4824 domo
3034 4783 3130 4825 sua
3159 4770 3428 4828 diversum
3457 4773 3622 4828 habet
3660 4790 3797 4845 pon-

2209 4851 2327 4915 dus,
2361 4862 2415 4907 et
2440 4853 2705 4911 diversam
2738 4875 3065 4929 mensuram,
3089 4864 3177 4933 qui
3199 4879 3413 4942 semper
3439 4865 3490 4919 in
3520 4867 3630 4921 suis
3660 4867 3798 4920 acti-

2206 4945 2306 5002 bus
2332 4950 2522 5018 quzerit
2553 4952 2691 5006 unde
2715 4954 2828 5024 ipse
2853 4956 3115 5022 laudetur,
3149 4965 3203 5014 et
3246 4961 3297 5014 in
3327 4961 3554 5016 aliorum
3583 4964 3795 5017 actibus

2204 5048 2572 5107 pet-scrutatur
2609 5044 2750 5099 unde
2779 5045 2879 5115 ipsi
2911 5048 3301 5118 vituperemur.
3327 5049 3435 5106 Iste
3461 5054 3645 5122 utique
3675 5055 3794 5108 talis

2202 5132 2578 5189 abominabilis
2605 5143 2688 5190 est
2713 5135 2825 5193 Deo
2851 5139 2943 5208 qui
2974 5140 3222 5196 nimirum
3250 5149 3510 5212 quantum
3537 5137 3638 5197 sibi
3673 5145 3791 5214 pla-

2200 5239 2324 5281 cere
2343 5226 2633 5296 desiderat,
2658 5237 2864 5285 tantum
2890 5232 3141 5303 displicet
3175 5231 3306 5300 Deo,
3341 5236 3432 5306 qui
3461 5237 3640 5290 omnia
3676 5253 3786 5291 cor-

2199 5315 2282 5372 dis
2310 5325 2515 5373 secreta
2543 5320 2786 5376 rimatur.
3744 5379 3756 5388 ,

2271 5406 2540 5466 Vesanus.
2592 5411 2874 5478 Quomodo
2917 5415 3319 5483 intelligendum
3367 5425 3451 5473 est
3478 5419 3621 5488 quod
3663 5421 3779 5474 ait:

2197 5498 2397 5555 Malunt
2417 5511 2512 5568 est,
2539 5504 2732 5557 malum
2761 5513 2854 5567 est,
2890 5505 3016 5559 dicit
3045 5509 3214 5562 omnis
3242 5517 3457 5578 emptor,
3484 5511 3535 5562 e‘t
3563 5527 3673 5564 cum
3700 5528 3772 5564 re-

2197 5594 2423 5655 cesserit,
2459 5602 2577 5648 tunc
2606 5595 2914 5666 gloriabitur
2943 5596 3124 5676 (Prov.
3159 5599 3294 5674 xx)?

2267 5681 2542 5741 ὃηοκιυε.
2590 5685 2896 5743 Secundum
2927 5687 3183 5759 litteram,
3231 5693 3368 5748 solet
3396 5703 3610 5763 emptor
3639 5696 3775 5752 vitu.
