  <div class='ocr_page' id='page_1' title='image "/cluster/home/n/w/nwhite01/storage/ocr_20150623/53/hvd.32044015471576/496.png"; bbox 0 0 4110 6336; ppageno 0'>
   <div class='ocr_carea' id='block_1_1' title="bbox 269 288 368 347">
    <p class='ocr_par' dir='ltr' id='par_1_1' title="bbox 269 288 368 347">
     <span class='ocr_line' id='line_1_1' title="bbox 269 288 368 347; baseline -0.061 0"><span class='ocrx_word' id='word_1_1' title='bbox 269 288 368 347; x_wconf 74' lang='grc' dir='ltr'><strong>θδι</strong></span> 
     </span>
    </p>
   </div>
   <div class='ocr_carea' id='block_1_2' title="bbox 1063 276 2741 339">
    <p class='ocr_par' dir='ltr' id='par_1_2' title="bbox 1063 276 2741 339">
     <span class='ocr_line' id='line_1_2' title="bbox 1063 276 2741 339; baseline 0.004 -7"><span class='ocrx_word' id='word_1_2' title='bbox 1063 278 1128 333; x_wconf 86' lang='grc' dir='ltr'><strong>ΙΝ</strong></span> <span class='ocrx_word' id='word_1_3' title='bbox 1168 278 1571 335; x_wconf 77' lang='lat' dir='ltr'><strong>PARABOLAS</strong></span> <span class='ocrx_word' id='word_1_4' title='bbox 1609 276 1992 335; x_wconf 69' lang='lat' dir='ltr'><strong>SALOMONS</strong></span> <span class='ocrx_word' id='word_1_5' title='bbox 2028 278 2389 337; x_wconf 69' lang='lat' dir='ltr'><strong>EXPOSITIO</strong></span> <span class='ocrx_word' id='word_1_6' title='bbox 2428 281 2741 339; x_wconf 81' lang='lat' dir='ltr'><strong>MYSTlC-A.</strong></span> 
     </span>
    </p>
   </div>
   <div class='ocr_carea' id='block_1_3' title="bbox 3435 284 3545 345">
    <p class='ocr_par' dir='ltr' id='par_1_3' title="bbox 3435 284 3545 345">
     <span class='ocr_line' id='line_1_3' title="bbox 3435 284 3545 345; baseline -0.018 0"><span class='ocrx_word' id='word_1_7' title='bbox 3435 284 3545 345; x_wconf 61' lang='grc'><strong>982</strong></span> 
     </span>
    </p>
   </div>
   <div class='ocr_carea' id='block_1_4' title="bbox 266 390 3543 477">
    <p class='ocr_par' dir='ltr' id='par_1_4' title="bbox 266 390 3543 477">
     <span class='ocr_line' id='line_1_4' title="bbox 266 390 3543 477; baseline 0.001 -21"><span class='ocrx_word' id='word_1_8' title='bbox 266 415 462 477; x_wconf 68' lang='lat' dir='ltr'><strong>perare</strong></span> <span class='ocrx_word' id='word_1_9' title='bbox 484 398 628 470; x_wconf 88' lang='lat' dir='ltr'><strong>quod</strong></span> <span class='ocrx_word' id='word_1_10' title='bbox 657 408 835 454; x_wconf 85' lang='lat' dir='ltr'><strong>emere</strong></span> <span class='ocrx_word' id='word_1_11' title='bbox 856 390 1149 462; x_wconf 74' lang='lat' dir='ltr'><strong>desiderat,</strong></span> <span class='ocrx_word' id='word_1_12' title='bbox 1180 403 1236 449; x_wconf 82' lang='lat' dir='ltr'><strong>et</strong></span> <span class='ocrx_word' id='word_1_13' title='bbox 1272 395 1453 453; x_wconf 79' lang='lat' dir='ltr'><strong>dicere</strong></span> <span class='ocrx_word' id='word_1_14' title='bbox 1480 414 1491 448; x_wconf 92' lang='lat'><strong>:</strong></span> <span class='ocrx_word' id='word_1_15' title='bbox 1524 392 1727 451; x_wconf 75' lang='lat' dir='ltr'><strong>Malum</strong></span> <span class='ocrx_word' id='word_1_16' title='bbox 1746 404 1843 450; x_wconf 85' lang='lat' dir='ltr'><strong>est.</strong></span> <span class='ocrx_word' id='word_1_17' title='bbox 1875 397 1927 459; x_wconf 82' lang='lat' dir='ltr'><strong>A</strong></span> <span class='ocrx_word' id='word_1_18' title='bbox 1952 396 2127 453; x_wconf 89' lang='lat' dir='ltr'><strong>delem</strong></span> <span class='ocrx_word' id='word_1_19' title='bbox 2168 407 2328 469; x_wconf 86' lang='lat' dir='ltr'><strong>atque</strong></span> <span class='ocrx_word' id='word_1_20' title='bbox 2372 400 2680 469; x_wconf 77' lang='lat' dir='ltr'><strong>religiosiuu</strong></span> <span class='ocrx_word' id='word_1_21' title='bbox 2725 400 3110 469; x_wconf 86' lang='lat' dir='ltr'><strong>Christianum,</strong></span> <span class='ocrx_word' id='word_1_22' title='bbox 3151 401 3303 470; x_wconf 83' lang='lat' dir='ltr'><strong>cujus</strong></span> <span class='ocrx_word' id='word_1_23' title='bbox 3345 401 3543 461; x_wconf 75' lang='lat' dir='ltr'><strong>milites</strong></span> 
     </span>
    </p>
   </div>
   <div class='ocr_carea' id='block_1_5' title="bbox 269 487 1855 559">
    <p class='ocr_par' dir='ltr' id='par_1_5' title="bbox 269 487 1855 559">
     <span class='ocr_line' id='line_1_5' title="bbox 269 487 1855 559; baseline -0.002 -12"><span class='ocrx_word' id='word_1_24' title='bbox 269 494 466 553; x_wconf 83' lang='lat' dir='ltr'><strong>malum</strong></span> <span class='ocrx_word' id='word_1_25' title='bbox 492 500 607 556; x_wconf 86' lang='lat' dir='ltr'><strong>est;</strong></span> <span class='ocrx_word' id='word_1_26' title='bbox 649 497 1014 545; x_wconf 77' lang='lat' dir='ltr'><strong>verumtamen</strong></span> <span class='ocrx_word' id='word_1_27' title='bbox 1060 487 1104 542; x_wconf 85' lang='lat' dir='ltr'><strong>si</strong></span> <span class='ocrx_word' id='word_1_28' title='bbox 1134 488 1270 542; x_wconf 83' lang='lat' dir='ltr'><strong>bene</strong></span> <span class='ocrx_word' id='word_1_29' title='bbox 1300 488 1510 557; x_wconf 87' lang='lat' dir='ltr'><strong>emerit,</strong></span> <span class='ocrx_word' id='word_1_30' title='bbox 1538 489 1855 559; x_wconf 74' lang='lat' dir='ltr'><strong>gloriabitur</strong></span> 
     </span>
    </p>
   </div>
   <div class='ocr_carea' id='block_1_6' title="bbox 267 585 718 641">
    <p class='ocr_par' dir='ltr' id='par_1_6' title="bbox 267 585 718 641">
     <span class='ocr_line' id='line_1_6' title="bbox 267 585 718 641; baseline -0.004 -1"><span class='ocrx_word' id='word_1_31' title='bbox 267 602 389 641; x_wconf 85' lang='lat' dir='ltr'><strong>cum</strong></span> <span class='ocrx_word' id='word_1_32' title='bbox 420 585 718 640; x_wconf 83' lang='lat' dir='ltr'><strong>recesserit.</strong></span> 
     </span>
    </p>
   </div>
   <div class='ocr_carea' id='block_1_7' title="bbox 342 673 1855 747">
    <p class='ocr_par' dir='ltr' id='par_1_7' title="bbox 342 673 1855 747">
     <span class='ocr_line' id='line_1_7' title="bbox 342 673 1855 747; baseline -0.003 -18"><span class='ocrx_word' id='word_1_33' title='bbox 342 677 608 735; x_wconf 58' lang='lat' dir='ltr'><strong>Vesanus.</strong></span> <span class='ocrx_word' id='word_1_34' title='bbox 641 674 1008 747; x_wconf 90' lang='lat' dir='ltr'><strong>Spiritualiter</strong></span> <span class='ocrx_word' id='word_1_35' title='bbox 1035 681 1215 731; x_wconf 87' lang='lat' dir='ltr'><strong>autem</strong></span> <span class='ocrx_word' id='word_1_36' title='bbox 1238 673 1513 745; x_wconf 89' lang='lat' dir='ltr'><strong>quomodo</strong></span> <span class='ocrx_word' id='word_1_37' title='bbox 1560 673 1855 742; x_wconf 82' lang='lat' dir='ltr'><strong>intelligis?</strong></span> 
     </span>
    </p>
   </div>
   <div class='ocr_carea' id='block_1_8' title="bbox 338 766 1857 837">
    <p class='ocr_par' dir='ltr' id='par_1_8' title="bbox 338 766 1857 837">
     <span class='ocr_line' id='line_1_8' title="bbox 338 766 1857 837; baseline -0.001 -13"><span class='ocrx_word' id='word_1_38' title='bbox 338 772 616 833; x_wconf 62' lang='lat' dir='ltr'><strong>SALOSIUS.</strong></span> <span class='ocrx_word' id='word_1_39' title='bbox 650 767 741 825; x_wconf 89' lang='lat' dir='ltr'><strong>Ille</strong></span> <span class='ocrx_word' id='word_1_40' title='bbox 756 769 1021 825; x_wconf 85' lang='lat' dir='ltr'><strong>veraciter</strong></span> <span class='ocrx_word' id='word_1_41' title='bbox 1046 775 1130 823; x_wconf 89' lang='lat' dir='ltr'><strong>est</strong></span> <span class='ocrx_word' id='word_1_42' title='bbox 1150 774 1386 836; x_wconf 80' lang='lat' dir='ltr'><strong>emptor,</strong></span> <span class='ocrx_word' id='word_1_43' title='bbox 1415 766 1505 837; x_wconf 90' lang='lat' dir='ltr'><strong>qui</strong></span> <span class='ocrx_word' id='word_1_44' title='bbox 1531 766 1633 822; x_wconf 86' lang='lat' dir='ltr'><strong>sibi</strong></span> <span class='ocrx_word' id='word_1_45' title='bbox 1652 774 1857 822; x_wconf 68' lang='lat' dir='ltr'><strong>mterna</strong></span> 
     </span>
    </p>
   </div>
   <div class='ocr_carea' id='block_1_9' title="bbox 269 856 1855 933">
    <p class='ocr_par' dir='ltr' id='par_1_9' title="bbox 269 856 1855 933">
     <span class='ocr_line' id='line_1_9' title="bbox 269 856 1855 933; baseline -0.003 -14"><span class='ocrx_word' id='word_1_46' title='bbox 269 856 322 919; x_wconf 87' lang='lat' dir='ltr'><strong>in</strong></span> <span class='ocrx_word' id='word_1_47' title='bbox 353 860 503 917; x_wconf 80' lang='lat' dir='ltr'><strong>caelis</strong></span> <span class='ocrx_word' id='word_1_48' title='bbox 541 860 758 933; x_wconf 62' lang='lat' dir='ltr'><strong>praemia</strong></span> <span class='ocrx_word' id='word_1_49' title='bbox 787 873 1101 929; x_wconf 87' lang='lat' dir='ltr'><strong>comparare</strong></span> <span class='ocrx_word' id='word_1_50' title='bbox 1146 858 1434 915; x_wconf 85' lang='lat' dir='ltr'><strong>desiderat.</strong></span> <span class='ocrx_word' id='word_1_51' title='bbox 1462 857 1580 928; x_wconf 91' lang='lat' dir='ltr'><strong>Ipse</strong></span> <span class='ocrx_word' id='word_1_52' title='bbox 1604 858 1855 915; x_wconf 86' lang='lat' dir='ltr'><strong>nimirum</strong></span> 
     </span>
    </p>
   </div>
   <div class='ocr_carea' id='block_1_10' title="bbox 269 950 1857 1020">
    <p class='ocr_par' dir='ltr' id='par_1_10' title="bbox 269 950 1857 1020">
     <span class='ocr_line' id='line_1_10' title="bbox 269 950 1857 1020; baseline -0.001 -11"><span class='ocrx_word' id='word_1_53' title='bbox 269 969 451 1010; x_wconf 89' lang='lat' dir='ltr'><strong>emere</strong></span> <span class='ocrx_word' id='word_1_54' title='bbox 499 953 677 1009; x_wconf 85' lang='lat' dir='ltr'><strong>studet</strong></span> <span class='ocrx_word' id='word_1_55' title='bbox 725 953 951 1011; x_wconf 83' lang='lat' dir='ltr'><strong>terrenis</strong></span> <span class='ocrx_word' id='word_1_56' title='bbox 988 951 1268 1020; x_wconf 75' lang='lat' dir='ltr'><strong>cmlestia,</strong></span> <span class='ocrx_word' id='word_1_57' title='bbox 1320 950 1540 1007; x_wconf 81' lang='lat' dir='ltr'><strong>caducis</strong></span> <span class='ocrx_word' id='word_1_58' title='bbox 1586 966 1857 1017; x_wconf 74' lang='lat' dir='ltr'><strong>inausum,</strong></span> 
     </span>
    </p>
   </div>
   <div class='ocr_carea' id='block_1_11' title="bbox 272 1041 1862 1116">
    <p class='ocr_par' dir='ltr' id='par_1_11' title="bbox 272 1041 1862 1116">
     <span class='ocr_line' id='line_1_11' title="bbox 272 1041 1862 1116; baseline -0.004 -15"><span class='ocrx_word' id='word_1_59' title='bbox 272 1042 659 1116; x_wconf 83' lang='lat' dir='ltr'><strong>temporalibus</strong></span> <span class='ocrx_word' id='word_1_60' title='bbox 705 1052 927 1101; x_wconf 76' lang='lat' dir='ltr'><strong>:eterna.</strong></span> <span class='ocrx_word' id='word_1_61' title='bbox 978 1041 1124 1099; x_wconf 84' lang='lat' dir='ltr'><strong>Talis</strong></span> <span class='ocrx_word' id='word_1_62' title='bbox 1171 1057 1301 1114; x_wconf 85' lang='lat' dir='ltr'><strong>ergo</strong></span> <span class='ocrx_word' id='word_1_63' title='bbox 1347 1051 1559 1115; x_wconf 87' lang='lat' dir='ltr'><strong>emptor</strong></span> <span class='ocrx_word' id='word_1_64' title='bbox 1600 1042 1862 1113; x_wconf 78' lang='lat' dir='ltr'><strong>quidquid</strong></span> 
     </span>
    </p>
   </div>
   <div class='ocr_carea' id='block_1_12' title="bbox 271 1134 1863 1208">
    <p class='ocr_par' dir='ltr' id='par_1_12' title="bbox 271 1134 1863 1208">
     <span class='ocr_line' id='line_1_12' title="bbox 271 1134 1863 1208; baseline 0.001 -19"><span class='ocrx_word' id='word_1_65' title='bbox 271 1138 471 1208; x_wconf 86' lang='lat' dir='ltr'><strong>patitur</strong></span> <span class='ocrx_word' id='word_1_66' title='bbox 490 1136 545 1192; x_wconf 93' lang='lat' dir='ltr'><strong>in</strong></span> <span class='ocrx_word' id='word_1_67' title='bbox 567 1136 818 1208; x_wconf 66' lang='lat' dir='ltr'><strong>praesenti</strong></span> <span class='ocrx_word' id='word_1_68' title='bbox 838 1135 1038 1193; x_wconf 86' lang='lat' dir='ltr'><strong>malum</strong></span> <span class='ocrx_word' id='word_1_69' title='bbox 1059 1149 1180 1191; x_wconf 84' lang='lat' dir='ltr'><strong>esse</strong></span> <span class='ocrx_word' id='word_1_70' title='bbox 1206 1134 1355 1199; x_wconf 86' lang='lat' dir='ltr'><strong>dicit,</strong></span> <span class='ocrx_word' id='word_1_71' title='bbox 1381 1134 1507 1203; x_wconf 86' lang='lat' dir='ltr'><strong>quia</strong></span> <span class='ocrx_word' id='word_1_72' title='bbox 1527 1134 1727 1188; x_wconf 87' lang='lat' dir='ltr'><strong>malum</strong></span> <span class='ocrx_word' id='word_1_73' title='bbox 1744 1149 1863 1191; x_wconf 79' lang='lat' dir='ltr'><strong>esse</strong></span> 
     </span>
    </p>
   </div>
   <div class='ocr_carea' id='block_1_13' title="bbox 274 1226 1864 1309">
    <p class='ocr_par' dir='ltr' id='par_1_13' title="bbox 274 1226 1864 1309">
     <span class='ocr_line' id='line_1_13' title="bbox 274 1226 1864 1309; baseline -0.003 -24"><span class='ocrx_word' id='word_1_74' title='bbox 274 1230 540 1300; x_wconf 75' lang='lat' dir='ltr'><strong>intelligit.</strong></span> <span class='ocrx_word' id='word_1_75' title='bbox 576 1229 825 1291; x_wconf 81' lang='lat' dir='ltr'><strong>Attamen</strong></span> <span class='ocrx_word' id='word_1_76' title='bbox 871 1228 997 1309; x_wconf 89' lang='lat' dir='ltr'><strong>quia</strong></span> <span class='ocrx_word' id='word_1_77' title='bbox 1020 1227 1203 1285; x_wconf 83' lang='lat' dir='ltr'><strong>omnia</strong></span> <span class='ocrx_word' id='word_1_78' title='bbox 1233 1226 1460 1284; x_wconf 88' lang='lat' dir='ltr'><strong>adversa</strong></span> <span class='ocrx_word' id='word_1_79' title='bbox 1490 1241 1593 1297; x_wconf 90' lang='lat' dir='ltr'><strong>pro</strong></span> <span class='ocrx_word' id='word_1_80' title='bbox 1623 1226 1736 1282; x_wconf 89' lang='lat' dir='ltr'><strong>Deo</strong></span> <span class='ocrx_word' id='word_1_81' title='bbox 1776 1240 1864 1296; x_wconf 75' lang='lat' dir='ltr'><strong>pa~</strong></span> 
     </span>
    </p>
   </div>
   <div class='ocr_carea' id='block_1_14' title="bbox 273 1319 1861 1389">
    <p class='ocr_par' dir='ltr' id='par_1_14' title="bbox 273 1319 1861 1389">
     <span class='ocr_line' id='line_1_14' title="bbox 273 1319 1861 1389; baseline 0.001 -11"><span class='ocrx_word' id='word_1_82' title='bbox 273 1324 470 1380; x_wconf 87' lang='lat' dir='ltr'><strong>tienter</strong></span> <span class='ocrx_word' id='word_1_83' title='bbox 494 1323 744 1389; x_wconf 81' lang='lat' dir='ltr'><strong>sustinet,</strong></span> <span class='ocrx_word' id='word_1_84' title='bbox 776 1338 899 1387; x_wconf 78' lang='lat' dir='ltr'><strong>cum</strong></span> <span class='ocrx_word' id='word_1_85' title='bbox 921 1322 1205 1383; x_wconf 81' lang='lat' dir='ltr'><strong>secesserit</strong></span> <span class='ocrx_word' id='word_1_86' title='bbox 1232 1321 1300 1377; x_wconf 90' lang='lat' dir='ltr'><strong>de</strong></span> <span class='ocrx_word' id='word_1_87' title='bbox 1328 1320 1557 1387; x_wconf 84' lang='lat' dir='ltr'><strong>mundo,</strong></span> <span class='ocrx_word' id='word_1_88' title='bbox 1591 1327 1718 1377; x_wconf 89' lang='lat' dir='ltr'><strong>tunc</strong></span> <span class='ocrx_word' id='word_1_89' title='bbox 1743 1319 1861 1389; x_wconf 79' lang='lat' dir='ltr'><strong>glo-</strong></span> 
     </span>
    </p>
   </div>
   <div class='ocr_carea' id='block_1_15' title="bbox 272 1413 1503 1486">
    <p class='ocr_par' dir='ltr' id='par_1_15' title="bbox 272 1413 1503 1486">
     <span class='ocr_line' id='line_1_15' title="bbox 272 1413 1503 1486; baseline -0.003 -15"><span class='ocrx_word' id='word_1_90' title='bbox 272 1417 519 1482; x_wconf 89' lang='lat' dir='ltr'><strong>riabitur,</strong></span> <span class='ocrx_word' id='word_1_91' title='bbox 551 1416 676 1486; x_wconf 88' lang='lat' dir='ltr'><strong>quia</strong></span> <span class='ocrx_word' id='word_1_92' title='bbox 699 1417 977 1486; x_wconf 87' lang='lat' dir='ltr'><strong>perveniet</strong></span> <span class='ocrx_word' id='word_1_93' title='bbox 1005 1415 1071 1471; x_wconf 90' lang='lat' dir='ltr'><strong>ad</strong></span> <span class='ocrx_word' id='word_1_94' title='bbox 1095 1413 1503 1471; x_wconf 79' lang='lat' dir='ltr'><strong>beatitudinem.</strong></span> 
     </span>
    </p>
   </div>
   <div class='ocr_carea' id='block_1_16' title="bbox 347 1504 1867 1579">
    <p class='ocr_par' dir='ltr' id='par_1_16' title="bbox 347 1504 1867 1579">
     <span class='ocr_line' id='line_1_16' title="bbox 347 1504 1867 1579; baseline -0.004 -16"><span class='ocrx_word' id='word_1_95' title='bbox 347 1507 620 1569; x_wconf 68' lang='lat' dir='ltr'><strong>Vesanus.</strong></span> <span class='ocrx_word' id='word_1_96' title='bbox 653 1506 817 1576; x_wconf 84' lang='lat' dir='ltr'><strong>Item,</strong></span> <span class='ocrx_word' id='word_1_97' title='bbox 856 1506 1133 1579; x_wconf 87' lang='lat' dir='ltr'><strong>quomodo</strong></span> <span class='ocrx_word' id='word_1_98' title='bbox 1169 1504 1573 1576; x_wconf 82' lang='lat' dir='ltr'><strong>intelligendum</strong></span> <span class='ocrx_word' id='word_1_99' title='bbox 1610 1504 1867 1573; x_wconf 81' lang='lat' dir='ltr'><strong>estquod</strong></span> 
     </span>
    </p>
   </div>
   <div class='ocr_carea' id='block_1_17' title="bbox 273 1597 1864 1671">
    <p class='ocr_par' dir='ltr' id='par_1_17' title="bbox 273 1597 1864 1671">
     <span class='ocr_line' id='line_1_17' title="bbox 273 1597 1864 1671; baseline -0.003 -16"><span class='ocrx_word' id='word_1_100' title='bbox 273 1600 433 1671; x_wconf 88' lang='lat' dir='ltr'><strong>paulo</strong></span> <span class='ocrx_word' id='word_1_101' title='bbox 462 1608 585 1671; x_wconf 87' lang='lat' dir='ltr'><strong>post</strong></span> <span class='ocrx_word' id='word_1_102' title='bbox 612 1598 783 1654; x_wconf 90' lang='lat' dir='ltr'><strong>dicit:</strong></span> <span class='ocrx_word' id='word_1_103' title='bbox 827 1598 1124 1654; x_wconf 78' lang='lat' dir='ltr'><strong>erctlitas</strong></span> <span class='ocrx_word' id='word_1_104' title='bbox 1172 1599 1242 1652; x_wconf 86' lang='lat' dir='ltr'><strong>ad</strong></span> <span class='ocrx_word' id='word_1_105' title='bbox 1283 1615 1437 1669; x_wconf 89' lang='lat' dir='ltr'><strong>quam</strong></span> <span class='ocrx_word' id='word_1_106' title='bbox 1474 1598 1770 1669; x_wconf 73' lang='lat' dir='ltr'><strong>festinatur,</strong></span> <span class='ocrx_word' id='word_1_107' title='bbox 1811 1597 1864 1651; x_wconf 80' lang='lat' dir='ltr'><strong>in</strong></span> 
     </span>
    </p>
   </div>
   <div class='ocr_carea' id='block_1_18' title="bbox 273 1688 1545 1762">
    <p class='ocr_par' dir='ltr' id='par_1_18' title="bbox 273 1688 1545 1762">
     <span class='ocr_line' id='line_1_18' title="bbox 273 1688 1545 1762; baseline -0.004 -16"><span class='ocrx_word' id='word_1_108' title='bbox 273 1692 546 1762; x_wconf 77' lang='lat' dir='ltr'><strong>principio,</strong></span> <span class='ocrx_word' id='word_1_109' title='bbox 570 1692 623 1747; x_wconf 85' lang='lat' dir='ltr'><strong>in</strong></span> <span class='ocrx_word' id='word_1_110' title='bbox 645 1691 920 1755; x_wconf 75' lang='lat' dir='ltr'><strong>novissimo</strong></span> <span class='ocrx_word' id='word_1_111' title='bbox 940 1689 1293 1751; x_wconf 71' lang='lat' dir='ltr'><strong>benedictione</strong></span> <span class='ocrx_word' id='word_1_112' title='bbox 1311 1688 1545 1745; x_wconf 81' lang='lat' dir='ltr'><strong>carebit?</strong></span> 
     </span>
    </p>
   </div>
   <div class='ocr_carea' id='block_1_19' title="bbox 1957 492 3544 564">
    <p class='ocr_par' dir='ltr' id='par_1_19' title="bbox 1957 492 3544 564">
     <span class='ocr_line' id='line_1_19' title="bbox 1957 492 3544 564; baseline 0.002 -17"><span class='ocrx_word' id='word_1_113' title='bbox 1957 500 2083 564; x_wconf 81' lang='lat' dir='ltr'><strong>sunt</strong></span> <span class='ocrx_word' id='word_1_114' title='bbox 2105 508 2274 553; x_wconf 73' lang='lat' dir='ltr'><strong>sacra:</strong></span> <span class='ocrx_word' id='word_1_115' title='bbox 2300 493 2546 558; x_wconf 81' lang='lat' dir='ltr'><strong>virtutes,</strong></span> <span class='ocrx_word' id='word_1_116' title='bbox 2576 500 2633 549; x_wconf 86' lang='lat' dir='ltr'><strong>ct</strong></span> <span class='ocrx_word' id='word_1_117' title='bbox 2652 493 2767 563; x_wconf 87' lang='lat' dir='ltr'><strong>ipse</strong></span> <span class='ocrx_word' id='word_1_118' title='bbox 2789 492 3039 547; x_wconf 83' lang='lat' dir='ltr'><strong>vitiorum</strong></span> <span class='ocrx_word' id='word_1_119' title='bbox 3068 492 3204 547; x_wconf 86' lang='lat' dir='ltr'><strong>bella</strong></span> <span class='ocrx_word' id='word_1_120' title='bbox 3236 492 3288 546; x_wconf 91' lang='lat' dir='ltr'><strong>in</strong></span> <span class='ocrx_word' id='word_1_121' title='bbox 3317 507 3377 547; x_wconf 85' lang='lat' dir='ltr'><strong>se</strong></span> <span class='ocrx_word' id='word_1_122' title='bbox 3404 492 3544 550; x_wconf 79' lang='lat' dir='ltr'><strong>bene</strong></span> 
     </span>
    </p>
   </div>
   <div class='ocr_carea' id='block_1_20' title="bbox 1958 582 3545 654">
    <p class='ocr_par' dir='ltr' id='par_1_20' title="bbox 1958 582 3545 654">
     <span class='ocr_line' id='line_1_20' title="bbox 1958 582 3545 654; baseline -0.002 -14"><span class='ocrx_word' id='word_1_123' title='bbox 1958 586 2178 640; x_wconf 83' lang='lat' dir='ltr'><strong>vincere</strong></span> <span class='ocrx_word' id='word_1_124' title='bbox 2223 586 2393 640; x_wconf 90' lang='lat' dir='ltr'><strong>novit.</strong></span> <span class='ocrx_word' id='word_1_125' title='bbox 2444 584 2596 640; x_wconf 87' lang='lat' dir='ltr'><strong>Sicut</strong></span> <span class='ocrx_word' id='word_1_126' title='bbox 2642 599 2773 654; x_wconf 83' lang='lat' dir='ltr'><strong>ergo</strong></span> <span class='ocrx_word' id='word_1_127' title='bbox 2814 584 2955 639; x_wconf 87' lang='lat' dir='ltr'><strong>Deus</strong></span> <span class='ocrx_word' id='word_1_128' title='bbox 2982 582 3283 638; x_wconf 79' lang='lat' dir='ltr'><strong>multifariis</strong></span> <span class='ocrx_word' id='word_1_129' title='bbox 3324 583 3545 637; x_wconf 84' lang='lat' dir='ltr'><strong>divisio-</strong></span> 
     </span>
    </p>
   </div>
   <div class='ocr_carea' id='block_1_21' title="bbox 1942 676 3541 748">
    <p class='ocr_par' dir='ltr' id='par_1_21' title="bbox 1942 676 3541 748">
     <span class='ocr_line' id='line_1_21' title="bbox 1942 676 3541 748; baseline -0.004 -11"><span class='ocrx_word' id='word_1_130' title='bbox 1942 677 2120 737; x_wconf 65' lang='lat' dir='ltr'><strong>nibus</strong></span> <span class='ocrx_word' id='word_1_131' title='bbox 2144 693 2431 748; x_wconf 71' lang='lat' dir='ltr'><strong>aquam,</strong></span> <span class='ocrx_word' id='word_1_132' title='bbox 2462 679 2573 735; x_wconf 79' lang='lat' dir='ltr'><strong>iste</strong></span> <span class='ocrx_word' id='word_1_133' title='bbox 2602 677 2737 735; x_wconf 81' lang='lat' dir='ltr'><strong>fines</strong></span> <span class='ocrx_word' id='word_1_134' title='bbox 2770 688 3037 733; x_wconf 80' lang='lat' dir='ltr'><strong>terrarum</strong></span> <span class='ocrx_word' id='word_1_135' title='bbox 3065 686 3122 732; x_wconf 88' lang='lat' dir='ltr'><strong>et</strong></span> <span class='ocrx_word' id='word_1_136' title='bbox 3150 678 3292 732; x_wconf 85' lang='lat' dir='ltr'><strong>aeris</strong></span> <span class='ocrx_word' id='word_1_137' title='bbox 3334 676 3541 746; x_wconf 87' lang='lat' dir='ltr'><strong>implet,</strong></span> 
     </span>
    </p>
   </div>
   <div class='ocr_carea' id='block_1_22' title="bbox 1961 767 3547 840">
    <p class='ocr_par' dir='ltr' id='par_1_22' title="bbox 1961 767 3547 840">
     <span class='ocr_line' id='line_1_22' title="bbox 1961 767 3547 840; baseline -0.002 -16"><span class='ocrx_word' id='word_1_138' title='bbox 1961 771 2035 825; x_wconf 89' lang='lat' dir='ltr'><strong>ita</strong></span> <span class='ocrx_word' id='word_1_139' title='bbox 2064 785 2162 827; x_wconf 85' lang='lat' dir='ltr'><strong>eor</strong></span> <span class='ocrx_word' id='word_1_140' title='bbox 2198 772 2341 839; x_wconf 73' lang='lat' dir='ltr'><strong>regis</strong></span> <span class='ocrx_word' id='word_1_141' title='bbox 2379 774 2704 840; x_wconf 76' lang='lat' dir='ltr'><strong>quocunque</strong></span> <span class='ocrx_word' id='word_1_142' title='bbox 2742 770 2992 831; x_wconf 71' lang='lat' dir='ltr'><strong>voluerit.</strong></span> <span class='ocrx_word' id='word_1_143' title='bbox 3044 769 3342 833; x_wconf 74' lang='lat' dir='ltr'><strong>inclinabit,</strong></span> <span class='ocrx_word' id='word_1_144' title='bbox 3380 767 3435 822; x_wconf 87' lang='lat' dir='ltr'><strong>id</strong></span> <span class='ocrx_word' id='word_1_145' title='bbox 3461 776 3547 822; x_wconf 88' lang='lat' dir='ltr'><strong>est</strong></span> 
     </span>
    </p>
   </div>
   <div class='ocr_carea' id='block_1_23' title="bbox 1963 858 3547 932">
    <p class='ocr_par' dir='ltr' id='par_1_23' title="bbox 1963 858 3547 932">
     <span class='ocr_line' id='line_1_23' title="bbox 1963 858 3547 932; baseline -0.006 -11"><span class='ocrx_word' id='word_1_146' title='bbox 1963 861 2030 921; x_wconf 83' lang='lat' dir='ltr'><strong>ad</strong></span> <span class='ocrx_word' id='word_1_147' title='bbox 2050 860 2409 932; x_wconf 83' lang='lat' dir='ltr'><strong>quodcunque</strong></span> <span class='ocrx_word' id='word_1_148' title='bbox 2436 861 2637 916; x_wconf 86' lang='lat' dir='ltr'><strong>bonum</strong></span> <span class='ocrx_word' id='word_1_149' title='bbox 2660 861 2907 923; x_wconf 84' lang='lat' dir='ltr'><strong>voluerit,</strong></span> <span class='ocrx_word' id='word_1_150' title='bbox 2937 866 3217 919; x_wconf 82' lang='lat' dir='ltr'><strong>convertet</strong></span> <span class='ocrx_word' id='word_1_151' title='bbox 3250 877 3261 911; x_wconf 90' lang='lat'><strong>:</strong></span> <span class='ocrx_word' id='word_1_152' title='bbox 3288 858 3547 928; x_wconf 85' lang='lat' dir='ltr'><strong>quoniam</strong></span> 
     </span>
    </p>
   </div>
   <div class='ocr_carea' id='block_1_24' title="bbox 1960 952 3549 1022">
    <p class='ocr_par' dir='ltr' id='par_1_24' title="bbox 1960 952 3549 1022">
     <span class='ocr_line' id='line_1_24' title="bbox 1960 952 3549 1022; baseline -0.003 -13"><span class='ocrx_word' id='word_1_153' title='bbox 1960 954 2103 1009; x_wconf 86' lang='lat' dir='ltr'><strong>sicut</strong></span> <span class='ocrx_word' id='word_1_154' title='bbox 2122 952 2414 1011; x_wconf 81' lang='lat' dir='ltr'><strong>divisiones</strong></span> <span class='ocrx_word' id='word_1_155' title='bbox 2431 954 2725 1021; x_wconf 71' lang='lat' dir='ltr'><strong>gratiarum</strong></span> <span class='ocrx_word' id='word_1_156' title='bbox 2754 955 2956 1022; x_wconf 75' lang='lat' dir='ltr'><strong>angelis</strong></span> <span class='ocrx_word' id='word_1_157' title='bbox 2985 962 3041 1009; x_wconf 83' lang='lat' dir='ltr'><strong>et</strong></span> <span class='ocrx_word' id='word_1_158' title='bbox 3067 953 3373 1010; x_wconf 78' lang='lat' dir='ltr'><strong>hominibus</strong></span> <span class='ocrx_word' id='word_1_159' title='bbox 3395 952 3549 1021; x_wconf 80' lang='lat' dir='ltr'><strong>juxta</strong></span> 
     </span>
    </p>
   </div>
   <div class='ocr_carea' id='block_1_25' title="bbox 1964 1043 3551 1114">
    <p class='ocr_par' dir='ltr' id='par_1_25' title="bbox 1964 1043 3551 1114">
     <span class='ocr_line' id='line_1_25' title="bbox 1964 1043 3551 1114; baseline -0.003 -13"><span class='ocrx_word' id='word_1_160' title='bbox 1964 1045 2297 1103; x_wconf 70' lang='lat' dir='ltr'><strong>voluntatem</strong></span> <span class='ocrx_word' id='word_1_161' title='bbox 2324 1060 2476 1103; x_wconf 86' lang='lat' dir='ltr'><strong>suam</strong></span> <span class='ocrx_word' id='word_1_162' title='bbox 2522 1044 2748 1110; x_wconf 86' lang='lat' dir='ltr'><strong>tribuit,</strong></span> <span class='ocrx_word' id='word_1_163' title='bbox 2780 1045 2854 1099; x_wconf 85' lang='lat' dir='ltr'><strong>ita</strong></span> <span class='ocrx_word' id='word_1_164' title='bbox 2892 1044 3056 1101; x_wconf 84' lang='lat' dir='ltr'><strong>corda</strong></span> <span class='ocrx_word' id='word_1_165' title='bbox 3104 1058 3291 1112; x_wconf 59' lang='lat' dir='ltr'><strong>regum</strong></span> <span class='ocrx_word' id='word_1_166' title='bbox 3341 1043 3426 1114; x_wconf 91' lang='lat' dir='ltr'><strong>(id</strong></span> <span class='ocrx_word' id='word_1_167' title='bbox 3466 1052 3551 1096; x_wconf 85' lang='lat' dir='ltr'><strong>est</strong></span> 
     </span>
    </p>
   </div>
   <div class='ocr_carea' id='block_1_26' title="bbox 1964 1137 3551 1209">
    <p class='ocr_par' dir='ltr' id='par_1_26' title="bbox 1964 1137 3551 1209">
     <span class='ocr_line' id='line_1_26' title="bbox 1964 1137 3551 1209; baseline -0.006 -12"><span class='ocrx_word' id='word_1_168' title='bbox 1964 1139 2300 1209; x_wconf 76' lang='lat' dir='ltr'><strong>sanctorum)</strong></span> <span class='ocrx_word' id='word_1_169' title='bbox 2330 1138 2491 1205; x_wconf 78' lang='lat' dir='ltr'><strong>var-iis</strong></span> <span class='ocrx_word' id='word_1_170' title='bbox 2516 1137 2677 1193; x_wconf 76' lang='lat' dir='ltr'><strong>donis</strong></span> <span class='ocrx_word' id='word_1_171' title='bbox 2701 1138 2897 1208; x_wconf 80' lang='lat' dir='ltr'><strong>replet,</strong></span> <span class='ocrx_word' id='word_1_172' title='bbox 2923 1145 2980 1193; x_wconf 85' lang='lat' dir='ltr'><strong>et</strong></span> <span class='ocrx_word' id='word_1_173' title='bbox 3004 1137 3229 1193; x_wconf 77' lang='lat' dir='ltr'><strong>diversis</strong></span> <span class='ocrx_word' id='word_1_174' title='bbox 3247 1142 3406 1191; x_wconf 86' lang='lat' dir='ltr'><strong>ornat</strong></span> <span class='ocrx_word' id='word_1_175' title='bbox 3434 1148 3551 1188; x_wconf 88' lang='lat' dir='ltr'><strong>mu-</strong></span> 
     </span>
    </p>
   </div>
   <div class='ocr_carea' id='block_1_27' title="bbox 1970 1229 2409 1285">
    <p class='ocr_par' dir='ltr' id='par_1_27' title="bbox 1970 1229 2409 1285">
     <span class='ocr_line' id='line_1_27' title="bbox 1970 1229 2409 1285; baseline -0.002 -2"><span class='ocrx_word' id='word_1_176' title='bbox 1970 1229 2204 1285; x_wconf 89' lang='lat' dir='ltr'><strong>neribus.</strong></span> <span class='ocrx_word' id='word_1_177' title='bbox 2402 1234 2409 1241; x_wconf 86' lang='lat'><strong><em>°</em></strong></span> 
     </span>
    </p>
   </div>
   <div class='ocr_carea' id='block_1_28' title="bbox 2034 1316 3554 1393">
    <p class='ocr_par' dir='ltr' id='par_1_28' title="bbox 2034 1316 3554 1393">
     <span class='ocr_line' id='line_1_28' title="bbox 2034 1316 3554 1393; baseline -0.003 -19"><span class='ocrx_word' id='word_1_178' title='bbox 2034 1320 2311 1381; x_wconf 66' lang='lat' dir='ltr'><strong>.Vuuauss.</strong></span> <span class='ocrx_word' id='word_1_179' title='bbox 2356 1322 2495 1389; x_wconf 79' lang='lat' dir='ltr'><strong>Quid</strong></span> <span class='ocrx_word' id='word_1_180' title='bbox 2518 1332 2601 1378; x_wconf 87' lang='lat' dir='ltr'><strong>est</strong></span> <span class='ocrx_word' id='word_1_181' title='bbox 2630 1321 2777 1391; x_wconf 87' lang='lat' dir='ltr'><strong>quod</strong></span> <span class='ocrx_word' id='word_1_182' title='bbox 2813 1322 2888 1377; x_wconf 83' lang='lat' dir='ltr'><strong>ait</strong></span> <span class='ocrx_word' id='word_1_183' title='bbox 2934 1338 2946 1373; x_wconf 87' lang='lat'><strong>:</strong></span> <span class='ocrx_word' id='word_1_184' title='bbox 3007 1320 3098 1375; x_wconf 78' lang='lat' dir='ltr'><strong>Vir</strong></span> <span class='ocrx_word' id='word_1_185' title='bbox 3120 1316 3217 1393; x_wconf 65' lang='lat' dir='ltr'><strong>qui</strong></span> <span class='ocrx_word' id='word_1_186' title='bbox 3246 1318 3493 1373; x_wconf 68' lang='lat' dir='ltr'><strong>errauerit</strong></span> <span class='ocrx_word' id='word_1_187' title='bbox 3520 1334 3554 1369; x_wconf 94' lang='lat' dir='ltr'><strong>a</strong></span> 
     </span>
    </p>
   </div>
   <div class='ocr_carea' id='block_1_29' title="bbox 1968 1408 3549 1486">
    <p class='ocr_par' dir='ltr' id='par_1_29' title="bbox 1968 1408 3549 1486">
     <span class='ocr_line' id='line_1_29' title="bbox 1968 1408 3549 1486; baseline -0.004 -17"><span class='ocrx_word' id='word_1_188' title='bbox 1968 1417 2055 1469; x_wconf 73' lang='lat' dir='ltr'><strong>eia</strong></span> <span class='ocrx_word' id='word_1_189' title='bbox 2091 1414 2343 1471; x_wconf 69' lang='lat' dir='ltr'><strong>doctrinis</strong></span> <span class='ocrx_word' id='word_1_190' title='bbox 2378 1417 2432 1469; x_wconf 88' lang='lat' dir='ltr'><strong>in</strong></span> <span class='ocrx_word' id='word_1_191' title='bbox 2454 1424 2584 1470; x_wconf 74' lang='lat' dir='ltr'><strong>satu</strong></span> <span class='ocrx_word' id='word_1_192' title='bbox 2624 1417 2892 1486; x_wconf 70' lang='lat' dir='ltr'><strong>gigantum</strong></span> <span class='ocrx_word' id='word_1_193' title='bbox 2918 1412 3318 1469; x_wconf 75' lang='lat' dir='ltr'><strong>commorabitur</strong></span> <span class='ocrx_word' id='word_1_194' title='bbox 3350 1412 3369 1482; x_wconf 92' lang='lat'><strong>(</strong></span> <span class='ocrx_word' id='word_1_195' title='bbox 3394 1408 3549 1464; x_wconf 76' lang='lat' dir='ltr'><strong>Prov.</strong></span> 
     </span>
    </p>
   </div>
   <div class='ocr_carea' id='block_1_30' title="bbox 1973 1506 3556 1578">
    <p class='ocr_par' dir='ltr' id='par_1_30' title="bbox 1973 1506 3556 1578">
     <span class='ocr_line' id='line_1_30' title="bbox 1973 1506 3556 1578; baseline -0.003 -16"><span class='ocrx_word' id='word_1_196' title='bbox 1973 1506 2127 1578; x_wconf 76' lang='lat' dir='ltr'><strong>ut)?</strong></span> <span class='ocrx_word' id='word_1_197' title='bbox 2153 1506 2255 1574; x_wconf 86' lang='lat' dir='ltr'><strong>Qui</strong></span> <span class='ocrx_word' id='word_1_198' title='bbox 2277 1517 2403 1565; x_wconf 86' lang='lat' dir='ltr'><strong>sunt</strong></span> <span class='ocrx_word' id='word_1_199' title='bbox 2432 1508 2521 1563; x_wconf 84' lang='lat' dir='ltr'><strong>isti</strong></span> <span class='ocrx_word' id='word_1_200' title='bbox 2548 1508 2815 1577; x_wconf 74' lang='lat' dir='ltr'><strong>gigantes,</strong></span> <span class='ocrx_word' id='word_1_201' title='bbox 2862 1508 2915 1561; x_wconf 92' lang='lat' dir='ltr'><strong>in</strong></span> <span class='ocrx_word' id='word_1_202' title='bbox 2944 1523 3176 1577; x_wconf 90' lang='lat' dir='ltr'><strong>quorum</strong></span> <span class='ocrx_word' id='word_1_203' title='bbox 3205 1513 3349 1563; x_wconf 67' lang='lat' dir='ltr'><strong>creta</strong></span> <span class='ocrx_word' id='word_1_204' title='bbox 3375 1517 3556 1560; x_wconf 85' lang='lat' dir='ltr'><strong>mora-</strong></span> 
     </span>
    </p>
   </div>
   <div class='ocr_carea' id='block_1_31' title="bbox 1972 1599 3023 1670">
    <p class='ocr_par' dir='ltr' id='par_1_31' title="bbox 1972 1599 3023 1670">
     <span class='ocr_line' id='line_1_31' title="bbox 1972 1599 3023 1670; baseline -0.004 -14"><span class='ocrx_word' id='word_1_205' title='bbox 1972 1601 2119 1656; x_wconf 88' lang='lat' dir='ltr'><strong>bitur</strong></span> <span class='ocrx_word' id='word_1_206' title='bbox 2137 1601 2229 1670; x_wconf 90' lang='lat' dir='ltr'><strong>qui</strong></span> <span class='ocrx_word' id='word_1_207' title='bbox 2260 1600 2523 1655; x_wconf 81' lang='lat' dir='ltr'><strong>erraverit</strong></span> <span class='ocrx_word' id='word_1_208' title='bbox 2552 1616 2580 1654; x_wconf 90' lang='lat' dir='ltr'><strong>a</strong></span> <span class='ocrx_word' id='word_1_209' title='bbox 2611 1601 2696 1654; x_wconf 89' lang='lat' dir='ltr'><strong>via</strong></span> <span class='ocrx_word' id='word_1_210' title='bbox 2726 1599 3023 1654; x_wconf 51' lang='lat' dir='ltr'><strong>doctrinm”?</strong></span> 
     </span>
    </p>
   </div>
   <div class='ocr_carea' id='block_1_32' title="bbox 2044 1689 3564 1762">
    <p class='ocr_par' dir='ltr' id='par_1_32' title="bbox 2044 1689 3564 1762">
     <span class='ocr_line' id='line_1_32' title="bbox 2044 1689 3564 1762; baseline -0.003 -14"><span class='ocrx_word' id='word_1_211' title='bbox 2044 1693 2330 1749; x_wconf 69' lang='lat' dir='ltr'><strong>Suomus.</strong></span> <span class='ocrx_word' id='word_1_212' title='bbox 2355 1693 2612 1762; x_wconf 81' lang='lat' dir='ltr'><strong>Gigantes</strong></span> <span class='ocrx_word' id='word_1_213' title='bbox 2652 1691 2945 1761; x_wconf 86' lang='lat' dir='ltr'><strong>appellavit</strong></span> <span class='ocrx_word' id='word_1_214' title='bbox 2987 1690 3289 1745; x_wconf 82' lang='lat' dir='ltr'><strong>immundos</strong></span> <span class='ocrx_word' id='word_1_215' title='bbox 3316 1689 3564 1759; x_wconf 70' lang='lat' dir='ltr'><strong>spiritus,</strong></span> 
     </span>
    </p>
   </div>
   <div class='ocr_carea' id='block_1_33' title="bbox 346 1779 3561 1855">
    <p class='ocr_par' dir='ltr' id='par_1_33' title="bbox 346 1779 3561 1855">
     <span class='ocr_line' id='line_1_33' title="bbox 346 1779 3561 1855; baseline -0.003 -15"><span class='ocrx_word' id='word_1_216' title='bbox 346 1785 625 1840; x_wconf 65' lang='lat' dir='ltr'><strong>Suo-mus.</strong></span> <span class='ocrx_word' id='word_1_217' title='bbox 658 1783 953 1843; x_wconf 72' lang='lat' dir='ltr'><strong>Hmreditas</strong></span> <span class='ocrx_word' id='word_1_218' title='bbox 974 1782 1089 1839; x_wconf 77' lang='lat' dir='ltr'><strong>luec</strong></span> <span class='ocrx_word' id='word_1_219' title='bbox 1109 1781 1395 1852; x_wconf 85' lang='lat' dir='ltr'><strong>acquisitio</strong></span> <span class='ocrx_word' id='word_1_220' title='bbox 1424 1779 1663 1837; x_wconf 67' lang='lat' dir='ltr'><strong>avaritize</strong></span> <span class='ocrx_word' id='word_1_221' title='bbox 1688 1785 1869 1849; x_wconf 83' lang='lat' dir='ltr'><strong>potest</strong></span> <span class='ocrx_word' id='word_1_222' title='bbox 1899 1787 1944 1849; x_wconf 70' lang='grc' dir='ltr'><strong>Β</strong></span> <span class='ocrx_word' id='word_1_223' title='bbox 1975 1788 2028 1843; x_wconf 80' lang='lat' dir='ltr'><strong>id</strong></span> <span class='ocrx_word' id='word_1_224' title='bbox 2051 1795 2135 1843; x_wconf 68' lang='lat' dir='ltr'><strong>est</strong></span> <span class='ocrx_word' id='word_1_225' title='bbox 2154 1788 2458 1853; x_wconf 63' lang='lat' dir='ltr'><strong>dmoms,</strong></span> <span class='ocrx_word' id='word_1_226' title='bbox 2500 1785 2569 1841; x_wconf 76' lang='lat' dir='ltr'><strong>de</strong></span> <span class='ocrx_word' id='word_1_227' title='bbox 2608 1784 2801 1855; x_wconf 77' lang='lat' dir='ltr'><strong>quibus</strong></span> <span class='ocrx_word' id='word_1_228' title='bbox 2843 1784 3036 1838; x_wconf 76' lang='lat' dir='ltr'><strong>beatus</strong></span> <span class='ocrx_word' id='word_1_229' title='bbox 3072 1781 3175 1836; x_wconf 81' lang='lat' dir='ltr'><strong>Job</strong></span> <span class='ocrx_word' id='word_1_230' title='bbox 3210 1780 3340 1837; x_wconf 81' lang='lat' dir='ltr'><strong>dicit</strong></span> <span class='ocrx_word' id='word_1_231' title='bbox 3372 1800 3385 1834; x_wconf 89' lang='lat'><strong>:</strong></span> <span class='ocrx_word' id='word_1_232' title='bbox 3426 1780 3561 1834; x_wconf 76' lang='lat' dir='ltr'><strong>Ecce</strong></span> 
     </span>
    </p>
   </div>
   <div class='ocr_carea' id='block_1_34' title="bbox 277 1871 1869 1947">
    <p class='ocr_par' dir='ltr' id='par_1_34' title="bbox 277 1871 1869 1947">
     <span class='ocr_line' id='line_1_34' title="bbox 277 1871 1869 1947; baseline -0.006 -13"><span class='ocrx_word' id='word_1_233' title='bbox 277 1877 500 1947; x_wconf 84' lang='lat' dir='ltr'><strong>intelligi</strong></span> <span class='ocrx_word' id='word_1_234' title='bbox 530 1895 541 1929; x_wconf 90' lang='lat'>:</span> <span class='ocrx_word' id='word_1_235' title='bbox 575 1890 704 1946; x_wconf 81' lang='lat' dir='ltr'><strong>ergo</strong></span> <span class='ocrx_word' id='word_1_236' title='bbox 744 1876 1052 1946; x_wconf 89' lang='lat' dir='ltr'><strong>quicunque</strong></span> <span class='ocrx_word' id='word_1_237' title='bbox 1088 1889 1186 1946; x_wconf 89' lang='lat' dir='ltr'><strong>per</strong></span> <span class='ocrx_word' id='word_1_238' title='bbox 1214 1873 1452 1929; x_wconf 81' lang='lat' dir='ltr'><strong>avaritim</strong></span> <span class='ocrx_word' id='word_1_239' title='bbox 1493 1871 1869 1941; x_wconf 80' lang='lat' dir='ltr'><strong>noquitiamin</strong></span> 
     </span>
    </p>
   </div>
   <div class='ocr_carea' id='block_1_35' title="bbox 276 1966 1871 2037">
    <p class='ocr_par' dir='ltr' id='par_1_35' title="bbox 276 1966 1871 2037">
     <span class='ocr_line' id='line_1_35' title="bbox 276 1966 1871 2037; baseline -0.003 -12"><span class='ocrx_word' id='word_1_240' title='bbox 276 1974 376 2026; x_wconf 84' lang='lat' dir='ltr'><strong>hac</strong></span> <span class='ocrx_word' id='word_1_241' title='bbox 405 1971 513 2025; x_wconf 89' lang='lat' dir='ltr'><strong>vita</strong></span> <span class='ocrx_word' id='word_1_242' title='bbox 541 1969 642 2024; x_wconf 88' lang='lat' dir='ltr'><strong>sibi</strong></span> <span class='ocrx_word' id='word_1_243' title='bbox 670 1968 884 2023; x_wconf 84' lang='lat' dir='ltr'><strong>divitias</strong></span> <span class='ocrx_word' id='word_1_244' title='bbox 912 1966 1270 2037; x_wconf 87' lang='lat' dir='ltr'><strong>multiplicare</strong></span> <span class='ocrx_word' id='word_1_245' title='bbox 1284 1966 1615 2030; x_wconf 86' lang='lat' dir='ltr'><strong>desiderant,</strong></span> <span class='ocrx_word' id='word_1_246' title='bbox 1648 1979 1871 2021; x_wconf 81' lang='lat' dir='ltr'><strong>necesse</strong></span> 
     </span>
    </p>
   </div>
   <div class='ocr_carea' id='block_1_36' title="bbox 273 2056 1869 2121">
    <p class='ocr_par' dir='ltr' id='par_1_36' title="bbox 273 2056 1869 2121">
     <span class='ocr_line' id='line_1_36' title="bbox 273 2056 1869 2121; baseline -0.005 -4"><span class='ocrx_word' id='word_1_247' title='bbox 273 2070 358 2117; x_wconf 90' lang='lat' dir='ltr'><strong>est</strong></span> <span class='ocrx_word' id='word_1_248' title='bbox 406 2068 467 2116; x_wconf 91' lang='lat' dir='ltr'><strong>ut</strong></span> <span class='ocrx_word' id='word_1_249' title='bbox 518 2061 570 2115; x_wconf 92' lang='lat' dir='ltr'><strong>in</strong></span> <span class='ocrx_word' id='word_1_250' title='bbox 615 2058 795 2115; x_wconf 83' lang='lat' dir='ltr'><strong>futuro</strong></span> <span class='ocrx_word' id='word_1_251' title='bbox 837 2067 1056 2115; x_wconf 74' lang='lat' dir='ltr'><strong>mterna:</strong></span> <span class='ocrx_word' id='word_1_252' title='bbox 1105 2057 1434 2114; x_wconf 73' lang='lat' dir='ltr'><strong>hmrcditatis</strong></span> <span class='ocrx_word' id='word_1_253' title='bbox 1476 2056 1869 2121; x_wconf 84' lang='lat' dir='ltr'><strong>beatitudinem</strong></span> 
     </span>
    </p>
   </div>
   <div class='ocr_carea' id='block_1_37' title="bbox 275 2148 1871 2220">
    <p class='ocr_par' dir='ltr' id='par_1_37' title="bbox 275 2148 1871 2220">
     <span class='ocr_line' id='line_1_37' title="bbox 275 2148 1871 2220; baseline -0.004 -12"><span class='ocrx_word' id='word_1_254' title='bbox 275 2154 544 2209; x_wconf 77' lang='lat' dir='ltr'><strong>amittant.</strong></span> <span class='ocrx_word' id='word_1_255' title='bbox 576 2152 745 2206; x_wconf 83' lang='lat' dir='ltr'><strong>Aliter</strong></span> <span class='ocrx_word' id='word_1_256' title='bbox 774 2169 787 2203; x_wconf 89' lang='lat'><strong>:</strong></span> <span class='ocrx_word' id='word_1_257' title='bbox 819 2150 1135 2220; x_wconf 86' lang='lat' dir='ltr'><strong>Quicunque</strong></span> <span class='ocrx_word' id='word_1_258' title='bbox 1177 2166 1276 2220; x_wconf 80' lang='lat' dir='ltr'><strong>pro</strong></span> <span class='ocrx_word' id='word_1_259' title='bbox 1302 2148 1461 2205; x_wconf 86' lang='lat' dir='ltr'><strong>bonis</strong></span> <span class='ocrx_word' id='word_1_260' title='bbox 1489 2148 1745 2219; x_wconf 87' lang='lat' dir='ltr'><strong>operibus</strong></span> <span class='ocrx_word' id='word_1_261' title='bbox 1771 2148 1871 2203; x_wconf 70' lang='lat' dir='ltr'><strong>Itu~</strong></span> 
     </span>
    </p>
   </div>
   <div class='ocr_carea' id='block_1_38' title="bbox 276 2234 1871 2313">
    <p class='ocr_par' dir='ltr' id='par_1_38' title="bbox 276 2234 1871 2313">
     <span class='ocr_line' id='line_1_38' title="bbox 276 2234 1871 2313; baseline -0.004 -13"><span class='ocrx_word' id='word_1_262' title='bbox 276 2261 491 2303; x_wconf 75' lang='lat' dir='ltr'><strong>manant</strong></span> <span class='ocrx_word' id='word_1_263' title='bbox 545 2243 757 2300; x_wconf 87' lang='lat' dir='ltr'><strong>laudem</strong></span> <span class='ocrx_word' id='word_1_264' title='bbox 804 2234 1049 2313; x_wconf 58' lang='lat' dir='ltr'><strong>quaerere</strong></span> <span class='ocrx_word' id='word_1_265' title='bbox 1100 2240 1450 2306; x_wconf 87' lang='lat' dir='ltr'><strong>desiderant,</strong></span> <span class='ocrx_word' id='word_1_266' title='bbox 1503 2241 1557 2294; x_wconf 88' lang='lat' dir='ltr'><strong>in</strong></span> <span class='ocrx_word' id='word_1_267' title='bbox 1606 2239 1871 2310; x_wconf 88' lang='lat' dir='ltr'><strong>principio</strong></span> 
     </span>
    </p>
   </div>
   <div class='ocr_carea' id='block_1_39' title="bbox 276 2329 1873 2408">
    <p class='ocr_par' dir='ltr' id='par_1_39' title="bbox 276 2329 1873 2408">
     <span class='ocr_line' id='line_1_39' title="bbox 276 2329 1873 2408; baseline -0.006 -15"><span class='ocrx_word' id='word_1_268' title='bbox 276 2338 429 2408; x_wconf 84' lang='lat' dir='ltr'><strong>quasi</strong></span> <span class='ocrx_word' id='word_1_269' title='bbox 458 2335 527 2391; x_wconf 87' lang='lat' dir='ltr'><strong>ad</strong></span> <span class='ocrx_word' id='word_1_270' title='bbox 557 2333 927 2391; x_wconf 77' lang='lat' dir='ltr'><strong>hmreditatem</strong></span> <span class='ocrx_word' id='word_1_271' title='bbox 975 2331 1230 2388; x_wconf 82' lang='lat' dir='ltr'><strong>festinant</strong></span> <span class='ocrx_word' id='word_1_272' title='bbox 1263 2350 1275 2384; x_wconf 89' lang='lat'><strong>:</strong></span> <span class='ocrx_word' id='word_1_273' title='bbox 1320 2330 1572 2400; x_wconf 83' lang='lat' dir='ltr'><strong>ideoque,</strong></span> <span class='ocrx_word' id='word_1_274' title='bbox 1606 2331 1658 2384; x_wconf 88' lang='lat' dir='ltr'><strong>in</strong></span> <span class='ocrx_word' id='word_1_275' title='bbox 1688 2329 1873 2385; x_wconf 81' lang='lat' dir='ltr'><strong>novis-</strong></span> 
     </span>
    </p>
   </div>
   <div class='ocr_carea' id='block_1_40' title="bbox 276 2423 1872 2494">
    <p class='ocr_par' dir='ltr' id='par_1_40' title="bbox 276 2423 1872 2494">
     <span class='ocr_line' id='line_1_40' title="bbox 276 2423 1872 2494; baseline -0.006 -10"><span class='ocrx_word' id='word_1_276' title='bbox 276 2430 414 2484; x_wconf 85' lang='lat' dir='ltr'><strong>simo</strong></span> <span class='ocrx_word' id='word_1_277' title='bbox 444 2425 820 2482; x_wconf 84' lang='lat' dir='ltr'><strong>benedictione</strong></span> <span class='ocrx_word' id='word_1_278' title='bbox 848 2426 1139 2488; x_wconf 88' lang='lat' dir='ltr'><strong>carebunt,</strong></span> <span class='ocrx_word' id='word_1_279' title='bbox 1169 2423 1295 2494; x_wconf 90' lang='lat' dir='ltr'><strong>quia</strong></span> <span class='ocrx_word' id='word_1_280' title='bbox 1325 2423 1525 2478; x_wconf 87' lang='lat' dir='ltr'><strong>nullam</strong></span> <span class='ocrx_word' id='word_1_281' title='bbox 1553 2435 1872 2477; x_wconf 83' lang='lat' dir='ltr'><strong>remunera-</strong></span> 
     </span>
    </p>
   </div>
   <div class='ocr_carea' id='block_1_41' title="bbox 194 2513 1868 2589">
    <p class='ocr_par' dir='ltr' id='par_1_41' title="bbox 194 2513 1868 2589">
     <span class='ocr_line' id='line_1_41' title="bbox 194 2513 1868 2589; baseline -0.007 -12"><span class='ocrx_word' id='word_1_282' title='bbox 194 2545 203 2552; x_wconf 85' lang='lat'><em>-</em></span> <span class='ocrx_word' id='word_1_283' title='bbox 279 2520 481 2577; x_wconf 87' lang='lat' dir='ltr'><strong>tionem</strong></span> <span class='ocrx_word' id='word_1_284' title='bbox 509 2517 809 2589; x_wconf 83' lang='lat' dir='ltr'><strong>percipient</strong></span> <span class='ocrx_word' id='word_1_285' title='bbox 834 2531 865 2571; x_wconf 93' lang='lat' dir='ltr'><strong>a</strong></span> <span class='ocrx_word' id='word_1_286' title='bbox 896 2516 1007 2571; x_wconf 86' lang='lat' dir='ltr'><strong>Deo</strong></span> <span class='ocrx_word' id='word_1_287' title='bbox 1037 2534 1050 2569; x_wconf 90' lang='lat'><strong>:</strong></span> <span class='ocrx_word' id='word_1_288' title='bbox 1075 2515 1143 2571; x_wconf 90' lang='lat' dir='ltr'><strong>de</strong></span> <span class='ocrx_word' id='word_1_289' title='bbox 1190 2514 1385 2570; x_wconf 83' lang='lat' dir='ltr'><strong>talibus</strong></span> <span class='ocrx_word' id='word_1_290' title='bbox 1425 2513 1569 2569; x_wconf 91' lang='lat' dir='ltr'><strong>enim</strong></span> <span class='ocrx_word' id='word_1_291' title='bbox 1609 2513 1868 2583; x_wconf 88' lang='lat' dir='ltr'><strong>scriptum</strong></span> 
     </span>
    </p>
   </div>
   <div class='ocr_carea' id='block_1_42' title="bbox 279 2604 1872 2679">
    <p class='ocr_par' dir='ltr' id='par_1_42' title="bbox 279 2604 1872 2679">
     <span class='ocr_line' id='line_1_42' title="bbox 279 2604 1872 2679; baseline -0.006 -12"><span class='ocrx_word' id='word_1_292' title='bbox 279 2619 393 2667; x_wconf 88' lang='lat' dir='ltr'><strong>est:</strong></span> <span class='ocrx_word' id='word_1_293' title='bbox 425 2612 587 2665; x_wconf 81' lang='lat' dir='ltr'><strong>Amen</strong></span> <span class='ocrx_word' id='word_1_294' title='bbox 611 2609 728 2664; x_wconf 84' lang='lat' dir='ltr'><strong>dico</strong></span> <span class='ocrx_word' id='word_1_295' title='bbox 757 2606 916 2676; x_wconf 76' lang='lat' dir='ltr'><strong>vobis,</strong></span> <span class='ocrx_word' id='word_1_296' title='bbox 938 2608 1060 2679; x_wconf 81' lang='lat' dir='ltr'><strong>quia</strong></span> <span class='ocrx_word' id='word_1_297' title='bbox 1082 2614 1382 2677; x_wconf 80' lang='lat' dir='ltr'><strong>receperunt</strong></span> <span class='ocrx_word' id='word_1_298' title='bbox 1409 2604 1699 2660; x_wconf 84' lang='lat' dir='ltr'><strong>mercedem</strong></span> <span class='ocrx_word' id='word_1_299' title='bbox 1719 2620 1872 2658; x_wconf 73' lang='lat' dir='ltr'><strong>suam</strong></span> 
     </span>
    </p>
   </div>
   <div class='ocr_carea' id='block_1_43' title="bbox 281 2701 740 2773">
    <p class='ocr_par' dir='ltr' id='par_1_43' title="bbox 281 2701 740 2773">
     <span class='ocr_line' id='line_1_43' title="bbox 281 2701 740 2773; baseline -0.002 -17"><span class='ocrx_word' id='word_1_300' title='bbox 281 2702 496 2773; x_wconf 79' lang='lat' dir='ltr'><strong>(Matth.</strong></span> <span class='ocrx_word' id='word_1_301' title='bbox 528 2719 579 2757; x_wconf 82' lang='lat' dir='ltr'><strong>VI</strong></span> <span class='ocrx_word' id='word_1_302' title='bbox 608 2713 656 2756; x_wconf 88' lang='lat' dir='ltr'><strong>el</strong></span> <span class='ocrx_word' id='word_1_303' title='bbox 683 2701 740 2773; x_wconf 67' lang='grc' dir='ltr'><strong>χ)</strong></span> 
     </span>
    </p>
   </div>
   <div class='ocr_carea' id='block_1_44' title="bbox 350 2791 1867 2863">
    <p class='ocr_par' dir='ltr' id='par_1_44' title="bbox 350 2791 1867 2863">
     <span class='ocr_line' id='line_1_44' title="bbox 350 2791 1867 2863; baseline -0.005 -11"><span class='ocrx_word' id='word_1_304' title='bbox 350 2797 618 2852; x_wconf 65' lang='lat' dir='ltr'><strong>Vsa/tuus.</strong></span> <span class='ocrx_word' id='word_1_305' title='bbox 651 2793 788 2862; x_wconf 86' lang='lat' dir='ltr'><strong>Quid</strong></span> <span class='ocrx_word' id='word_1_306' title='bbox 808 2802 891 2849; x_wconf 88' lang='lat' dir='ltr'><strong>est</strong></span> <span class='ocrx_word' id='word_1_307' title='bbox 914 2797 1060 2863; x_wconf 90' lang='lat' dir='ltr'><strong>quod</strong></span> <span class='ocrx_word' id='word_1_308' title='bbox 1088 2793 1158 2849; x_wconf 86' lang='lat' dir='ltr'><strong>ait</strong></span> <span class='ocrx_word' id='word_1_309' title='bbox 1182 2812 1194 2845; x_wconf 90' lang='lat'><strong>:</strong></span> <span class='ocrx_word' id='word_1_310' title='bbox 1216 2792 1390 2847; x_wconf 79' lang='lat' dir='ltr'><strong>Ruina</strong></span> <span class='ocrx_word' id='word_1_311' title='bbox 1420 2793 1645 2848; x_wconf 78' lang='lat' dir='ltr'><strong>hominis</strong></span> <span class='ocrx_word' id='word_1_312' title='bbox 1668 2801 1746 2847; x_wconf 78' lang='lat' dir='ltr'><strong>est</strong></span> <span class='ocrx_word' id='word_1_313' title='bbox 1777 2791 1867 2846; x_wconf 64' lang='grc' dir='ltr'><strong>ἀει</strong></span> 
     </span>
    </p>
   </div>
   <div class='ocr_carea' id='block_1_45' title="bbox 280 2880 1873 2955">
    <p class='ocr_par' dir='ltr' id='par_1_45' title="bbox 280 2880 1873 2955">
     <span class='ocr_line' id='line_1_45' title="bbox 280 2880 1873 2955; baseline -0.005 -14"><span class='ocrx_word' id='word_1_314' title='bbox 280 2903 463 2941; x_wconf 81' lang='lat' dir='ltr'><strong>rorare</strong></span> <span class='ocrx_word' id='word_1_315' title='bbox 500 2897 731 2955; x_wconf 84' lang='lat' dir='ltr'><strong>sanctos,</strong></span> <span class='ocrx_word' id='word_1_316' title='bbox 779 2893 828 2940; x_wconf 82' lang='lat' dir='ltr'><strong>et</strong></span> <span class='ocrx_word' id='word_1_317' title='bbox 876 2893 991 2955; x_wconf 83' lang='lat' dir='ltr'><strong>post</strong></span> <span class='ocrx_word' id='word_1_318' title='bbox 1031 2893 1149 2939; x_wconf 77' lang='lat' dir='ltr'><strong>rota</strong></span> <span class='ocrx_word' id='word_1_319' title='bbox 1182 2892 1409 2939; x_wconf 83' lang='lat' dir='ltr'><strong>tractare</strong></span> <span class='ocrx_word' id='word_1_320' title='bbox 1438 2880 1629 2951; x_wconf 83' lang='lat' dir='ltr'><strong>(Prov.</strong></span> <span class='ocrx_word' id='word_1_321' title='bbox 1680 2881 1873 2949; x_wconf 76' lang='lat' dir='ltr'><strong>xxvr)?</strong></span> 
     </span>
    </p>
   </div>
   <div class='ocr_carea' id='block_1_46' title="bbox 280 2976 1222 3047">
    <p class='ocr_par' dir='ltr' id='par_1_46' title="bbox 280 2976 1222 3047">
     <span class='ocr_line' id='line_1_46' title="bbox 280 2976 1222 3047; baseline -0.006 -14"><span class='ocrx_word' id='word_1_322' title='bbox 280 2978 415 3047; x_wconf 84' lang='lat' dir='ltr'><strong>Quid</strong></span> <span class='ocrx_word' id='word_1_323' title='bbox 445 2984 529 3033; x_wconf 86' lang='lat' dir='ltr'><strong>est</strong></span> <span class='ocrx_word' id='word_1_324' title='bbox 556 2978 679 3042; x_wconf 89' lang='lat' dir='ltr'><strong>hoc,</strong></span> <span class='ocrx_word' id='word_1_325' title='bbox 703 2977 953 3032; x_wconf 74' lang='lat' dir='ltr'><strong>devorare</strong></span> <span class='ocrx_word' id='word_1_326' title='bbox 978 2976 1222 3032; x_wconf 77' lang='lat' dir='ltr'><strong>sanctos?</strong></span> 
     </span>
    </p>
   </div>
   <div class='ocr_carea' id='block_1_47' title="bbox 350 3061 1870 3131">
    <p class='ocr_par' dir='ltr' id='par_1_47' title="bbox 350 3061 1870 3131">
     <span class='ocr_line' id='line_1_47' title="bbox 350 3061 1870 3131; baseline -0.005 -7"><span class='ocrx_word' id='word_1_327' title='bbox 350 3068 631 3124; x_wconf 70' lang='lat' dir='ltr'><strong>Suculas.</strong></span> <span class='ocrx_word' id='word_1_328' title='bbox 664 3068 937 3123; x_wconf 87' lang='lat' dir='ltr'><strong>Devorare</strong></span> <span class='ocrx_word' id='word_1_329' title='bbox 980 3073 1202 3127; x_wconf 65' lang='lat' dir='ltr'><strong>sanctos</strong></span> <span class='ocrx_word' id='word_1_330' title='bbox 1228 3074 1314 3121; x_wconf 86' lang='lat' dir='ltr'><strong>est</strong></span> <span class='ocrx_word' id='word_1_331' title='bbox 1345 3072 1474 3121; x_wconf 83' lang='lat' dir='ltr'><strong>vctu</strong></span> <span class='ocrx_word' id='word_1_332' title='bbox 1503 3079 1562 3121; x_wconf 84' lang='lat' dir='ltr'><strong>sc</strong></span> <span class='ocrx_word' id='word_1_333' title='bbox 1607 3061 1870 3131; x_wconf 81' lang='lat' dir='ltr'><strong>obligare.</strong></span> 
     </span>
    </p>
   </div>
   <div class='ocr_carea' id='block_1_48' title="bbox 1976 1874 3561 1952">
    <p class='ocr_par' dir='ltr' id='par_1_48' title="bbox 1976 1874 3561 1952">
     <span class='ocr_line' id='line_1_48' title="bbox 1976 1874 3561 1952; baseline -0.006 -18"><span class='ocrx_word' id='word_1_334' title='bbox 1976 1882 2212 1952; x_wconf 79' lang='lat' dir='ltr'><strong>gigantes</strong></span> <span class='ocrx_word' id='word_1_335' title='bbox 2253 1886 2460 1949; x_wconf 81' lang='lat' dir='ltr'><strong>gemunt</strong></span> <span class='ocrx_word' id='word_1_336' title='bbox 2505 1876 2597 1931; x_wconf 85' lang='lat' dir='ltr'><strong>sub</strong></span> <span class='ocrx_word' id='word_1_337' title='bbox 2636 1878 2804 1948; x_wconf 84' lang='lat' dir='ltr'><strong>aquis,</strong></span> <span class='ocrx_word' id='word_1_338' title='bbox 2833 1883 2881 1929; x_wconf 86' lang='lat' dir='ltr'><strong>et</strong></span> <span class='ocrx_word' id='word_1_339' title='bbox 2921 1875 3007 1946; x_wconf 85' lang='lat' dir='ltr'><strong>qui</strong></span> <span class='ocrx_word' id='word_1_340' title='bbox 3059 1874 3295 1927; x_wconf 85' lang='lat' dir='ltr'><strong>habitant</strong></span> <span class='ocrx_word' id='word_1_341' title='bbox 3332 1889 3446 1926; x_wconf 75' lang='lat' dir='ltr'><strong>cum</strong></span> <span class='ocrx_word' id='word_1_342' title='bbox 3484 1874 3561 1926; x_wconf 83' lang='lat' dir='ltr'><strong>eis</strong></span> 
     </span>
    </p>
   </div>
   <div class='ocr_carea' id='block_1_49' title="bbox 1975 1960 3559 2041">
    <p class='ocr_par' dir='ltr' id='par_1_49' title="bbox 1975 1960 3559 2041">
     <span class='ocr_line' id='line_1_49' title="bbox 1975 1960 3559 2041; baseline -0.004 -17"><span class='ocrx_word' id='word_1_343' title='bbox 1975 1969 2117 2041; x_wconf 78' lang='lat' dir='ltr'><strong>(Job.</strong></span> <span class='ocrx_word' id='word_1_344' title='bbox 2146 1966 2316 2037; x_wconf 67' lang='lat' dir='ltr'><strong>sivi),</strong></span> <span class='ocrx_word' id='word_1_345' title='bbox 2355 1968 2409 2022; x_wconf 93' lang='lat' dir='ltr'><strong>id</strong></span> <span class='ocrx_word' id='word_1_346' title='bbox 2445 1976 2529 2023; x_wconf 86' lang='lat' dir='ltr'><strong>est</strong></span> <span class='ocrx_word' id='word_1_347' title='bbox 2556 1967 2829 2021; x_wconf 70' lang='lat' dir='ltr'><strong>daemones</strong></span> <span class='ocrx_word' id='word_1_348' title='bbox 2856 1974 2912 2019; x_wconf 91' lang='lat' dir='ltr'><strong>et</strong></span> <span class='ocrx_word' id='word_1_349' title='bbox 2948 1978 3138 2019; x_wconf 77' lang='lat' dir='ltr'><strong>omnes</strong></span> <span class='ocrx_word' id='word_1_350' title='bbox 3166 1978 3304 2032; x_wconf 85' lang='lat' dir='ltr'><strong>quos</strong></span> <span class='ocrx_word' id='word_1_351' title='bbox 3332 1963 3431 2033; x_wconf 85' lang='lat' dir='ltr'><strong>ipsi</strong></span> <span class='ocrx_word' id='word_1_352' title='bbox 3461 1960 3559 2018; x_wconf 87' lang='lat' dir='ltr'><strong>de-</strong></span> 
     </span>
    </p>
   </div>
   <div class='ocr_carea' id='block_1_50' title="bbox 1972 2054 3564 2133">
    <p class='ocr_par' dir='ltr' id='par_1_50' title="bbox 1972 2054 3564 2133">
     <span class='ocr_line' id='line_1_50' title="bbox 1972 2054 3564 2133; baseline -0.007 -15"><span class='ocrx_word' id='word_1_353' title='bbox 1972 2069 2253 2133; x_wconf 82' lang='lat' dir='ltr'><strong>ceperuut,</strong></span> <span class='ocrx_word' id='word_1_354' title='bbox 2287 2068 2343 2115; x_wconf 87' lang='lat' dir='ltr'><strong>et</strong></span> <span class='ocrx_word' id='word_1_355' title='bbox 2375 2060 2466 2129; x_wconf 90' lang='lat' dir='ltr'><strong>qui</strong></span> <span class='ocrx_word' id='word_1_356' title='bbox 2509 2059 2612 2114; x_wconf 81' lang='lat' dir='ltr'><strong>illis</strong></span> <span class='ocrx_word' id='word_1_357' title='bbox 2653 2063 3064 2120; x_wconf 86' lang='lat' dir='ltr'><strong>consenserunt,</strong></span> <span class='ocrx_word' id='word_1_358' title='bbox 3097 2056 3203 2110; x_wconf 77' lang='lat' dir='ltr'><strong>sub</strong></span> <span class='ocrx_word' id='word_1_359' title='bbox 3227 2054 3403 2125; x_wconf 60' lang='grc' dir='ltr'><strong>ρατηερ</strong></span> <span class='ocrx_word' id='word_1_360' title='bbox 3447 2062 3564 2108; x_wconf 65' lang='lat' dir='ltr'><strong>tor~</strong></span> 
     </span>
    </p>
   </div>
   <div class='ocr_carea' id='block_1_51' title="bbox 1972 2160 2799 2223">
    <p class='ocr_par' dir='ltr' id='par_1_51' title="bbox 1972 2160 2799 2223">
     <span class='ocr_line' id='line_1_51' title="bbox 1972 2160 2799 2223; baseline 0 -16"><span class='ocrx_word' id='word_1_361' title='bbox 1972 2160 2224 2223; x_wconf 84' lang='lat' dir='ltr'><strong>quentur.</strong></span> <span class='ocrx_word' id='word_1_362' title='bbox 2796 2206 2799 2207; x_wconf 30' lang='grc' dir='ltr'><em>ν</em></span> 
     </span>
    </p>
   </div>
   <div class='ocr_carea' id='block_1_52' title="bbox 2046 2239 3490 2311">
    <p class='ocr_par' dir='ltr' id='par_1_52' title="bbox 2046 2239 3490 2311">
     <span class='ocr_line' id='line_1_52' title="bbox 2046 2239 3490 2311; baseline -0.005 -12"><span class='ocrx_word' id='word_1_363' title='bbox 2046 2243 2316 2299; x_wconf 74' lang='lat' dir='ltr'><strong>Vsaosus.</strong></span> <span class='ocrx_word' id='word_1_364' title='bbox 2348 2242 2526 2310; x_wconf 83' lang='lat' dir='ltr'><strong>Quare</strong></span> <span class='ocrx_word' id='word_1_365' title='bbox 2551 2243 2826 2298; x_wconf 78' lang='lat' dir='ltr'><strong>daemones</strong></span> <span class='ocrx_word' id='word_1_366' title='bbox 2846 2239 3187 2311; x_wconf 82' lang='lat' dir='ltr'><strong>appellantur</strong></span> <span class='ocrx_word' id='word_1_367' title='bbox 3210 2240 3490 2309; x_wconf 67' lang='lat' dir='ltr'><strong>gigantes?</strong></span> 
     </span>
    </p>
   </div>
   <div class='ocr_carea' id='block_1_53' title="bbox 2044 2331 3563 2405">
    <p class='ocr_par' dir='ltr' id='par_1_53' title="bbox 2044 2331 3563 2405">
     <span class='ocr_line' id='line_1_53' title="bbox 2044 2331 3563 2405; baseline -0.003 -16"><span class='ocrx_word' id='word_1_368' title='bbox 2044 2335 2324 2405; x_wconf 69' lang='lat' dir='ltr'><strong>Sasoutus.</strong></span> <span class='ocrx_word' id='word_1_369' title='bbox 2359 2334 2497 2400; x_wconf 82' lang='lat' dir='ltr'><strong>Quia</strong></span> <span class='ocrx_word' id='word_1_370' title='bbox 2526 2333 2799 2390; x_wconf 63' lang='lat' dir='ltr'><strong>daamones</strong></span> <span class='ocrx_word' id='word_1_371' title='bbox 2825 2332 3042 2403; x_wconf 83' lang='lat' dir='ltr'><strong>superbi</strong></span> <span class='ocrx_word' id='word_1_372' title='bbox 3070 2340 3128 2387; x_wconf 89' lang='lat' dir='ltr'><strong>et</strong></span> <span class='ocrx_word' id='word_1_373' title='bbox 3163 2331 3290 2386; x_wconf 86' lang='lat' dir='ltr'><strong>elati</strong></span> <span class='ocrx_word' id='word_1_374' title='bbox 3319 2339 3462 2393; x_wconf 87' lang='lat' dir='ltr'><strong>sunt,</strong></span> <span class='ocrx_word' id='word_1_375' title='bbox 3506 2337 3563 2386; x_wconf 86' lang='lat' dir='ltr'><strong>et</strong></span> 
     </span>
    </p>
   </div>
   <div class='ocr_carea' id='block_1_54' title="bbox 1974 2415 3562 2495">
    <p class='ocr_par' dir='ltr' id='par_1_54' title="bbox 1974 2415 3562 2495">
     <span class='ocr_line' id='line_1_54' title="bbox 1974 2415 3562 2495; baseline -0.004 -12"><span class='ocrx_word' id='word_1_376' title='bbox 1974 2429 2101 2483; x_wconf 86' lang='lat' dir='ltr'><strong>mali</strong></span> <span class='ocrx_word' id='word_1_377' title='bbox 2132 2443 2195 2483; x_wconf 93' lang='lat' dir='ltr'><strong>ac</strong></span> <span class='ocrx_word' id='word_1_378' title='bbox 2224 2426 2408 2492; x_wconf 85' lang='lat' dir='ltr'><strong>fortes,</strong></span> <span class='ocrx_word' id='word_1_379' title='bbox 2441 2428 2580 2482; x_wconf 85' lang='lat' dir='ltr'><strong>sicut</strong></span> <span class='ocrx_word' id='word_1_380' title='bbox 2622 2426 2748 2480; x_wconf 92' lang='lat' dir='ltr'><strong>olim</strong></span> <span class='ocrx_word' id='word_1_381' title='bbox 2794 2426 3010 2479; x_wconf 87' lang='lat' dir='ltr'><strong>fuerunt</strong></span> <span class='ocrx_word' id='word_1_382' title='bbox 3034 2415 3298 2495; x_wconf 75' lang='lat' dir='ltr'><strong>gigantes.</strong></span> <span class='ocrx_word' id='word_1_383' title='bbox 3331 2424 3390 2478; x_wconf 88' lang='lat' dir='ltr'><strong>In</strong></span> <span class='ocrx_word' id='word_1_384' title='bbox 3419 2430 3562 2479; x_wconf 76' lang='lat' dir='ltr'><strong>cmtu</strong></span> 
     </span>
    </p>
   </div>
   <div class='ocr_carea' id='block_1_55' title="bbox 1973 2516 3563 2591">
    <p class='ocr_par' dir='ltr' id='par_1_55' title="bbox 1973 2516 3563 2591">
     <span class='ocr_line' id='line_1_55' title="bbox 1973 2516 3563 2591; baseline -0.006 -12"><span class='ocrx_word' id='word_1_385' title='bbox 1973 2516 2105 2591; x_wconf 85' lang='lat' dir='ltr'><strong>ergo</strong></span> <span class='ocrx_word' id='word_1_386' title='bbox 2131 2522 2359 2577; x_wconf 87' lang='lat' dir='ltr'><strong>istorum</strong></span> <span class='ocrx_word' id='word_1_387' title='bbox 2383 2520 2680 2589; x_wconf 81' lang='lat' dir='ltr'><strong>gigantum,</strong></span> <span class='ocrx_word' id='word_1_388' title='bbox 2703 2519 2756 2574; x_wconf 89' lang='lat' dir='ltr'><strong>id</strong></span> <span class='ocrx_word' id='word_1_389' title='bbox 2784 2527 2868 2574; x_wconf 86' lang='lat' dir='ltr'><strong>est</strong></span> <span class='ocrx_word' id='word_1_390' title='bbox 2908 2518 3234 2582; x_wconf 70' lang='lat' dir='ltr'><strong>daemonum,</strong></span> <span class='ocrx_word' id='word_1_391' title='bbox 3255 2532 3563 2572; x_wconf 83' lang='lat' dir='ltr'><strong>commora—</strong></span> 
     </span>
    </p>
   </div>
   <div class='ocr_carea' id='block_1_56' title="bbox 1968 2608 3563 2682">
    <p class='ocr_par' dir='ltr' id='par_1_56' title="bbox 1968 2608 3563 2682">
     <span class='ocr_line' id='line_1_56' title="bbox 1968 2608 3563 2682; baseline -0.003 -12"><span class='ocrx_word' id='word_1_392' title='bbox 1968 2616 2173 2672; x_wconf 75' lang='lat' dir='ltr'><strong>buntur</strong></span> <span class='ocrx_word' id='word_1_393' title='bbox 2196 2628 2386 2668; x_wconf 79' lang='lat' dir='ltr'><strong>comes</strong></span> <span class='ocrx_word' id='word_1_394' title='bbox 2413 2614 2507 2682; x_wconf 91' lang='lat' dir='ltr'><strong>qui</strong></span> <span class='ocrx_word' id='word_1_395' title='bbox 2532 2608 2851 2666; x_wconf 70' lang='lat' dir='ltr'><strong>erraverunt</strong></span> <span class='ocrx_word' id='word_1_396' title='bbox 2872 2626 2902 2665; x_wconf 90' lang='lat' dir='ltr'><strong>a</strong></span> <span class='ocrx_word' id='word_1_397' title='bbox 2929 2612 3017 2665; x_wconf 86' lang='lat' dir='ltr'><strong>via</strong></span> <span class='ocrx_word' id='word_1_398' title='bbox 3043 2610 3322 2677; x_wconf 65' lang='lat' dir='ltr'><strong>doctrinae,</strong></span> <span class='ocrx_word' id='word_1_399' title='bbox 3355 2609 3406 2664; x_wconf 90' lang='lat' dir='ltr'><strong>id</strong></span> <span class='ocrx_word' id='word_1_400' title='bbox 3429 2612 3512 2664; x_wconf 74' lang='lat' dir='ltr'><strong>eSt</strong></span> <span class='ocrx_word' id='word_1_401' title='bbox 3532 2626 3563 2665; x_wconf 86' lang='lat' dir='ltr'><strong>a</strong></span> 
     </span>
    </p>
   </div>
   <div class='ocr_carea' id='block_1_57' title="bbox 1972 2700 3564 2772">
    <p class='ocr_par' dir='ltr' id='par_1_57' title="bbox 1972 2700 3564 2772">
     <span class='ocr_line' id='line_1_57' title="bbox 1972 2700 3564 2772; baseline -0.004 -11"><span class='ocrx_word' id='word_1_402' title='bbox 1972 2706 2060 2761; x_wconf 86' lang='lat' dir='ltr'><strong>via</strong></span> <span class='ocrx_word' id='word_1_403' title='bbox 2087 2704 2363 2770; x_wconf 85' lang='lat' dir='ltr'><strong>veritatis;</strong></span> <span class='ocrx_word' id='word_1_404' title='bbox 2387 2704 2513 2772; x_wconf 87' lang='lat' dir='ltr'><strong>quia</strong></span> <span class='ocrx_word' id='word_1_405' title='bbox 2542 2703 2699 2757; x_wconf 84' lang='lat' dir='ltr'><strong>simul</strong></span> <span class='ocrx_word' id='word_1_406' title='bbox 2726 2718 2848 2758; x_wconf 93' lang='lat' dir='ltr'><strong>cum</strong></span> <span class='ocrx_word' id='word_1_407' title='bbox 2873 2701 3206 2758; x_wconf 58' lang='lat' dir='ltr'><strong>daemonibus</strong></span> <span class='ocrx_word' id='word_1_408' title='bbox 3234 2700 3564 2770; x_wconf 90' lang='lat' dir='ltr'><strong>torquebun-</strong></span> 
     </span>
    </p>
   </div>
   <div class='ocr_carea' id='block_1_58' title="bbox 1976 2794 2983 2868">
    <p class='ocr_par' dir='ltr' id='par_1_58' title="bbox 1976 2794 2983 2868">
     <span class='ocr_line' id='line_1_58' title="bbox 1976 2794 2983 2868; baseline -0.008 -14"><span class='ocrx_word' id='word_1_409' title='bbox 1976 2809 2063 2854; x_wconf 85' lang='lat' dir='ltr'><strong>tur</strong></span> <span class='ocrx_word' id='word_1_410' title='bbox 2102 2800 2154 2852; x_wconf 91' lang='lat' dir='ltr'><strong>in</strong></span> <span class='ocrx_word' id='word_1_411' title='bbox 2182 2812 2341 2868; x_wconf 76' lang='lat' dir='ltr'><strong>poma</strong></span> <span class='ocrx_word' id='word_1_412' title='bbox 2370 2804 2587 2850; x_wconf 70' lang='lat' dir='ltr'><strong>:eternae</strong></span> <span class='ocrx_word' id='word_1_413' title='bbox 2607 2794 2983 2849; x_wconf 83' lang='lat' dir='ltr'><strong>damnationis.</strong></span> 
     </span>
    </p>
   </div>
   <div class='ocr_carea' id='block_1_59' title="bbox 2046 2882 3564 2952">
    <p class='ocr_par' dir='ltr' id='par_1_59' title="bbox 2046 2882 3564 2952">
     <span class='ocr_line' id='line_1_59' title="bbox 2046 2882 3564 2952; baseline -0.005 -9"><span class='ocrx_word' id='word_1_414' title='bbox 2046 2890 2316 2943; x_wconf 67' lang='lat' dir='ltr'><strong>Vesanus.</strong></span> <span class='ocrx_word' id='word_1_415' title='bbox 2350 2885 2480 2952; x_wconf 62' lang='lat' dir='ltr'><strong>Quae</strong></span> <span class='ocrx_word' id='word_1_416' title='bbox 2526 2892 2609 2940; x_wconf 83' lang='lat' dir='ltr'><strong>est</strong></span> <span class='ocrx_word' id='word_1_417' title='bbox 2636 2885 2827 2940; x_wconf 89' lang='lat' dir='ltr'><strong>civitas</strong></span> <span class='ocrx_word' id='word_1_418' title='bbox 2854 2884 3092 2949; x_wconf 78' lang='lat' dir='ltr'><strong>fortium,</strong></span> <span class='ocrx_word' id='word_1_419' title='bbox 3124 2884 3209 2938; x_wconf 92' lang='lat' dir='ltr'><strong>vel</strong></span> <span class='ocrx_word' id='word_1_420' title='bbox 3235 2882 3357 2952; x_wconf 88' lang='lat' dir='ltr'><strong>quis</strong></span> <span class='ocrx_word' id='word_1_421' title='bbox 3375 2890 3458 2937; x_wconf 89' lang='lat' dir='ltr'><strong>est</strong></span> <span class='ocrx_word' id='word_1_422' title='bbox 3477 2897 3564 2937; x_wconf 89' lang='lat' dir='ltr'><strong>sa-</strong></span> 
     </span>
    </p>
   </div>
   <div class='ocr_carea' id='block_1_60' title="bbox 1976 2975 3566 3052">
    <p class='ocr_par' dir='ltr' id='par_1_60' title="bbox 1976 2975 3566 3052">
     <span class='ocr_line' id='line_1_60' title="bbox 1976 2975 3566 3052; baseline -0.004 -17"><span class='ocrx_word' id='word_1_423' title='bbox 1976 2982 2131 3052; x_wconf 81' lang='lat' dir='ltr'><strong>piens</strong></span> <span class='ocrx_word' id='word_1_424' title='bbox 2176 2980 2245 3035; x_wconf 83' lang='lat' dir='ltr'><strong>de</strong></span> <span class='ocrx_word' id='word_1_425' title='bbox 2290 2994 2400 3048; x_wconf 91' lang='lat' dir='ltr'><strong>quo</strong></span> <span class='ocrx_word' id='word_1_426' title='bbox 2443 2977 2575 3033; x_wconf 85' lang='lat' dir='ltr'><strong>dicit</strong></span> <span class='ocrx_word' id='word_1_427' title='bbox 2606 2995 2618 3029; x_wconf 90' lang='lat'>:</span> <span class='ocrx_word' id='word_1_428' title='bbox 2651 2975 2921 3030; x_wconf 62' lang='lat' dir='ltr'><strong>Cititatsm</strong></span> <span class='ocrx_word' id='word_1_429' title='bbox 2968 2978 3179 3047; x_wconf 73' lang='lat' dir='ltr'><strong>fortium</strong></span> <span class='ocrx_word' id='word_1_430' title='bbox 3218 2975 3452 3030; x_wconf 79' lang='lat' dir='ltr'><strong>ascendit</strong></span> <span class='ocrx_word' id='word_1_431' title='bbox 3477 2991 3566 3031; x_wconf 81' lang='lat' dir='ltr'><strong>sa-</strong></span> 
     </span>
    </p>
   </div>
   <div class='ocr_carea' id='block_1_61' title="bbox 1975 3065 3423 3142">
    <p class='ocr_par' dir='ltr' id='par_1_61' title="bbox 1975 3065 3423 3142">
     <span class='ocr_line' id='line_1_61' title="bbox 1975 3065 3423 3142; baseline -0.003 -17"><span class='ocrx_word' id='word_1_432' title='bbox 1975 3073 2143 3142; x_wconf 78' lang='lat' dir='ltr'><strong>piens,</strong></span> <span class='ocrx_word' id='word_1_433' title='bbox 2171 3077 2223 3124; x_wconf 84' lang='lat' dir='ltr'><strong>et</strong></span> <span class='ocrx_word' id='word_1_434' title='bbox 2250 3069 2477 3123; x_wconf 60' lang='lat' dir='ltr'><strong>detraxit</strong></span> <span class='ocrx_word' id='word_1_435' title='bbox 2504 3068 2661 3123; x_wconf 75' lang='lat' dir='ltr'><strong>robur</strong></span> <span class='ocrx_word' id='word_1_436' title='bbox 2687 3067 2896 3137; x_wconf 72' lang='lat' dir='ltr'><strong>ﬁduciae</strong></span> <span class='ocrx_word' id='word_1_437' title='bbox 2914 3067 3027 3139; x_wconf 65' lang='lat' dir='ltr'><strong>ejus</strong></span> <span class='ocrx_word' id='word_1_438' title='bbox 3057 3065 3239 3139; x_wconf 76' lang='lat' dir='ltr'><strong>(Prov.</strong></span> <span class='ocrx_word' id='word_1_439' title='bbox 3273 3066 3423 3135; x_wconf 75' lang='lat' dir='ltr'><strong>XXI)?</strong></span> 
     </span>
    </p>
   </div>
   <div class='ocr_carea' id='block_1_62' title="bbox 281 3153 3565 3232">
    <p class='ocr_par' dir='ltr' id='par_1_62' title="bbox 281 3153 3565 3232">
     <span class='ocr_line' id='line_1_62' title="bbox 281 3153 3565 3232; baseline -0 -16"><span class='ocrx_word' id='word_1_440' title='bbox 281 3159 434 3232; x_wconf 81' lang='lat' dir='ltr'><strong>Itnpii</strong></span> <span class='ocrx_word' id='word_1_441' title='bbox 483 3168 665 3217; x_wconf 87' lang='lat' dir='ltr'><strong>autem</strong></span> <span class='ocrx_word' id='word_1_442' title='bbox 708 3158 1043 3214; x_wconf 71' lang='lat' dir='ltr'><strong>devorabam</strong></span> <span class='ocrx_word' id='word_1_443' title='bbox 1098 3164 1347 3221; x_wconf 74' lang='lat' dir='ltr'><strong>sanetOS.</strong></span> <span class='ocrx_word' id='word_1_444' title='bbox 1398 3154 1616 3225; x_wconf 79' lang='lat' dir='ltr'><strong>quando</strong></span> <span class='ocrx_word' id='word_1_445' title='bbox 1636 3162 1774 3209; x_wconf 64' lang='grc' dir='ltr'><strong>»νοιο</strong></span> <span class='ocrx_word' id='word_1_446' title='bbox 1814 3168 1872 3209; x_wconf 68' lang='lat' dir='ltr'><strong>se</strong></span> <span class='ocrx_word' id='word_1_447' title='bbox 1901 3153 1947 3216; x_wconf 90' lang='lat' dir='ltr'><strong><em>C</em></strong></span> <span class='ocrx_word' id='word_1_448' title='bbox 2048 3163 2330 3218; x_wconf 73' lang='lat' dir='ltr'><strong>SALONIUS.</strong></span> <span class='ocrx_word' id='word_1_449' title='bbox 2354 3160 2643 3215; x_wconf 85' lang='lat' dir='ltr'><strong>Civitatem</strong></span> <span class='ocrx_word' id='word_1_450' title='bbox 2669 3160 2907 3231; x_wconf 90' lang='lat' dir='ltr'><strong>appellat</strong></span> <span class='ocrx_word' id='word_1_451' title='bbox 2934 3160 3220 3225; x_wconf 89' lang='lat' dir='ltr'><strong>mundum;</strong></span> <span class='ocrx_word' id='word_1_452' title='bbox 3252 3160 3438 3226; x_wconf 79' lang='lat' dir='ltr'><strong>fortes,</strong></span> <span class='ocrx_word' id='word_1_453' title='bbox 3463 3160 3565 3215; x_wconf 74' lang='lat' dir='ltr'><strong>da:-</strong></span> 
     </span>
    </p>
   </div>
   <div class='ocr_carea' id='block_1_63' title="bbox 282 3244 1878 3321">
    <p class='ocr_par' dir='ltr' id='par_1_63' title="bbox 282 3244 1878 3321">
     <span class='ocr_line' id='line_1_63' title="bbox 282 3244 1878 3321; baseline -0.005 -15"><span class='ocrx_word' id='word_1_454' title='bbox 282 3252 592 3321; x_wconf 86' lang='lat' dir='ltr'><strong>obligabant</strong></span> <span class='ocrx_word' id='word_1_455' title='bbox 613 3251 702 3307; x_wconf 88' lang='lat' dir='ltr'><strong>ubi</strong></span> <span class='ocrx_word' id='word_1_456' title='bbox 733 3256 1188 3321; x_wconf 84' lang='lat' dir='ltr'><strong>persequerentur</strong></span> <span class='ocrx_word' id='word_1_457' title='bbox 1211 3255 1449 3310; x_wconf 87' lang='lat' dir='ltr'><strong>sanctos,</strong></span> <span class='ocrx_word' id='word_1_458' title='bbox 1481 3254 1536 3301; x_wconf 87' lang='lat' dir='ltr'><strong>et</strong></span> <span class='ocrx_word' id='word_1_459' title='bbox 1563 3244 1878 3301; x_wconf 84' lang='lat' dir='ltr'><strong>occiderent</strong></span> 
     </span>
    </p>
   </div>
   <div class='ocr_carea' id='block_1_64' title="bbox 284 3336 1876 3421">
    <p class='ocr_par' dir='ltr' id='par_1_64' title="bbox 284 3336 1876 3421">
     <span class='ocr_line' id='line_1_64' title="bbox 284 3336 1876 3421; baseline -0.006 -21"><span class='ocrx_word' id='word_1_460' title='bbox 284 3361 398 3421; x_wconf 87' lang='lat' dir='ltr'><strong>eos,</strong></span> <span class='ocrx_word' id='word_1_461' title='bbox 428 3342 878 3415; x_wconf 87' lang='lat' dir='ltr'><strong>quemadmodum</strong></span> <span class='ocrx_word' id='word_1_462' title='bbox 900 3340 1255 3411; x_wconf 80' lang='lat' dir='ltr'><strong>quadraginta</strong></span> <span class='ocrx_word' id='word_1_463' title='bbox 1286 3339 1385 3395; x_wconf 88' lang='lat' dir='ltr'><strong>viri</strong></span> <span class='ocrx_word' id='word_1_464' title='bbox 1422 3337 1611 3402; x_wconf 75' lang='lat' dir='ltr'><strong>Judmi,</strong></span> <span class='ocrx_word' id='word_1_465' title='bbox 1654 3337 1792 3392; x_wconf 89' lang='lat' dir='ltr'><strong>sicut</strong></span> <span class='ocrx_word' id='word_1_466' title='bbox 1820 3336 1876 3391; x_wconf 92' lang='lat' dir='ltr'><strong>in</strong></span> 
     </span>
    </p>
   </div>
   <div class='ocr_carea' id='block_1_65' title="bbox 286 3431 1876 3506">
    <p class='ocr_par' dir='ltr' id='par_1_65' title="bbox 286 3431 1876 3506">
     <span class='ocr_line' id='line_1_65' title="bbox 286 3431 1876 3506; baseline -0.006 -13"><span class='ocrx_word' id='word_1_467' title='bbox 286 3438 508 3494; x_wconf 83' lang='lat' dir='ltr'><strong>Actibus</strong></span> <span class='ocrx_word' id='word_1_468' title='bbox 561 3435 928 3506; x_wconf 83' lang='lat' dir='ltr'><strong>apostolorum</strong></span> <span class='ocrx_word' id='word_1_469' title='bbox 988 3434 1267 3504; x_wconf 88' lang='lat' dir='ltr'><strong>loquitur:</strong></span> <span class='ocrx_word' id='word_1_470' title='bbox 1298 3431 1621 3487; x_wconf 73' lang='lat' dir='ltr'><strong>Donauerunt</strong></span> <span class='ocrx_word' id='word_1_471' title='bbox 1666 3448 1721 3484; x_wconf 87' lang='lat' dir='ltr'><strong>se</strong></span> <span class='ocrx_word' id='word_1_472' title='bbox 1770 3446 1876 3484; x_wconf 87' lang='lat' dir='ltr'><strong>non</strong></span> 
     </span>
    </p>
   </div>
   <div class='ocr_carea' id='block_1_66' title="bbox 284 3521 1874 3599">
    <p class='ocr_par' dir='ltr' id='par_1_66' title="bbox 284 3521 1874 3599">
     <span class='ocr_line' id='line_1_66' title="bbox 284 3521 1874 3599; baseline -0.006 -15"><span class='ocrx_word' id='word_1_473' title='bbox 284 3530 707 3594; x_wconf 82' lang='lat' dir='ltr'><strong>utanducaturas,</strong></span> <span class='ocrx_word' id='word_1_474' title='bbox 732 3544 892 3599; x_wconf 73' lang='lat' dir='ltr'><strong>neque</strong></span> <span class='ocrx_word' id='word_1_475' title='bbox 919 3526 1188 3591; x_wconf 82' lang='lat' dir='ltr'><strong>bibituros,</strong></span> <span class='ocrx_word' id='word_1_476' title='bbox 1220 3526 1379 3580; x_wconf 76' lang='lat' dir='ltr'><strong>donec</strong></span> <span class='ocrx_word' id='word_1_477' title='bbox 1408 3523 1697 3579; x_wconf 76' lang='lat' dir='ltr'><strong>occiderent</strong></span> <span class='ocrx_word' id='word_1_478' title='bbox 1725 3521 1874 3576; x_wconf 82' lang='lat' dir='ltr'><strong>Pau-</strong></span> 
     </span>
    </p>
   </div>
   <div class='ocr_carea' id='block_1_67' title="bbox 285 3614 1877 3692">
    <p class='ocr_par' dir='ltr' id='par_1_67' title="bbox 285 3614 1877 3692">
     <span class='ocr_line' id='line_1_67' title="bbox 285 3614 1877 3692; baseline -0.004 -16"><span class='ocrx_word' id='word_1_479' title='bbox 285 3625 391 3677; x_wconf 87' lang='lat' dir='ltr'><strong>lum</strong></span> <span class='ocrx_word' id='word_1_480' title='bbox 414 3622 553 3692; x_wconf 82' lang='lat' dir='ltr'><strong>(Act.</strong></span> <span class='ocrx_word' id='word_1_481' title='bbox 586 3621 757 3690; x_wconf 69' lang='lat' dir='ltr'><strong>uin).</strong></span> <span class='ocrx_word' id='word_1_482' title='bbox 783 3618 852 3674; x_wconf 87' lang='lat' dir='ltr'><strong>Et</strong></span> <span class='ocrx_word' id='word_1_483' title='bbox 877 3619 1089 3690; x_wconf 88' lang='lat' dir='ltr'><strong>pagani,</strong></span> <span class='ocrx_word' id='word_1_484' title='bbox 1116 3626 1176 3673; x_wconf 86' lang='lat' dir='ltr'><strong>ut</strong></span> <span class='ocrx_word' id='word_1_485' title='bbox 1202 3634 1345 3689; x_wconf 67' lang='lat' dir='ltr'><strong>saepe</strong></span> <span class='ocrx_word' id='word_1_486' title='bbox 1368 3617 1614 3688; x_wconf 82' lang='lat' dir='ltr'><strong>legimus,</strong></span> <span class='ocrx_word' id='word_1_487' title='bbox 1646 3614 1748 3671; x_wconf 90' lang='lat' dir='ltr'><strong>diis</strong></span> <span class='ocrx_word' id='word_1_488' title='bbox 1767 3614 1877 3670; x_wconf 86' lang='lat' dir='ltr'><strong>suis</strong></span> 
     </span>
    </p>
   </div>
   <div class='ocr_carea' id='block_1_68' title="bbox 285 3711 1445 3783">
    <p class='ocr_par' dir='ltr' id='par_1_68' title="bbox 285 3711 1445 3783">
     <span class='ocr_line' id='line_1_68' title="bbox 285 3711 1445 3783; baseline -0.005 -14"><span class='ocrx_word' id='word_1_489' title='bbox 285 3716 618 3770; x_wconf 74' lang='lat' dir='ltr'><strong>devovcruut</strong></span> <span class='ocrx_word' id='word_1_490' title='bbox 655 3713 969 3783; x_wconf 80' lang='lat' dir='ltr'><strong>sanguinem</strong></span> <span class='ocrx_word' id='word_1_491' title='bbox 998 3711 1445 3769; x_wconf 82' lang='lat' dir='ltr'><strong>Christianorum.</strong></span> 
     </span>
    </p>
   </div>
   <div class='ocr_carea' id='block_1_69' title="bbox 362 3800 1880 3873">
    <p class='ocr_par' dir='ltr' id='par_1_69' title="bbox 362 3800 1880 3873">
     <span class='ocr_line' id='line_1_69' title="bbox 362 3800 1880 3873; baseline -0.003 -14"><span class='ocrx_word' id='word_1_492' title='bbox 362 3806 629 3861; x_wconf 66' lang='lat' dir='ltr'><strong>VtiltANUS.</strong></span> <span class='ocrx_word' id='word_1_493' title='bbox 665 3804 805 3872; x_wconf 87' lang='lat' dir='ltr'><strong>Quid</strong></span> <span class='ocrx_word' id='word_1_494' title='bbox 835 3813 917 3859; x_wconf 84' lang='lat' dir='ltr'><strong>est</strong></span> <span class='ocrx_word' id='word_1_495' title='bbox 944 3803 1088 3873; x_wconf 89' lang='lat' dir='ltr'><strong>quod</strong></span> <span class='ocrx_word' id='word_1_496' title='bbox 1117 3802 1222 3856; x_wconf 92' lang='lat' dir='ltr'><strong>ait:</strong></span> <span class='ocrx_word' id='word_1_497' title='bbox 1257 3800 1329 3855; x_wconf 87' lang='lat' dir='ltr'><strong>Et</strong></span> <span class='ocrx_word' id='word_1_498' title='bbox 1364 3812 1479 3872; x_wconf 82' lang='lat' dir='ltr'><strong>post</strong></span> <span class='ocrx_word' id='word_1_499' title='bbox 1510 3810 1627 3856; x_wconf 80' lang='lat' dir='ltr'><strong>uota</strong></span> <span class='ocrx_word' id='word_1_500' title='bbox 1655 3811 1880 3855; x_wconf 81' lang='lat' dir='ltr'><strong>tractare</strong></span> 
     </span>
    </p>
   </div>
   <div class='ocr_carea' id='block_1_70' title="bbox 290 3899 994 3971">
    <p class='ocr_par' dir='ltr' id='par_1_70' title="bbox 290 3899 994 3971">
     <span class='ocr_line' id='line_1_70' title="bbox 290 3899 994 3971; baseline 0 -19"><span class='ocrx_word' id='word_1_501' title='bbox 290 3900 469 3971; x_wconf 76' lang='lat' dir='ltr'><strong>(Prov.</strong></span> <span class='ocrx_word' id='word_1_502' title='bbox 500 3899 629 3968; x_wconf 80' lang='lat' dir='ltr'><strong>xx)?</strong></span> <span class='ocrx_word' id='word_1_503' title='bbox 984 3908 994 3918; x_wconf 86' lang='lat'>&#39;</span> 
     </span>
    </p>
   </div>
   <div class='ocr_carea' id='block_1_71' title="bbox 358 3987 1880 4061">
    <p class='ocr_par' dir='ltr' id='par_1_71' title="bbox 358 3987 1880 4061">
     <span class='ocr_line' id='line_1_71' title="bbox 358 3987 1880 4061; baseline -0.002 -15"><span class='ocrx_word' id='word_1_504' title='bbox 358 3992 639 4048; x_wconf 71' lang='lat' dir='ltr'><strong>SALOMIJS.</strong></span> <span class='ocrx_word' id='word_1_505' title='bbox 675 3990 728 4043; x_wconf 82' lang='lat' dir='ltr'><strong>I’.</strong></span> <span class='ocrx_word' id='word_1_506' title='bbox 752 3998 801 4047; x_wconf 85' lang='lat' dir='ltr'><strong>st</strong></span> <span class='ocrx_word' id='word_1_507' title='bbox 828 3997 953 4053; x_wconf 81' lang='lat' dir='ltr'><strong>vcta</strong></span> <span class='ocrx_word' id='word_1_508' title='bbox 978 3987 1243 4061; x_wconf 85' lang='lat' dir='ltr'><strong>promissa</strong></span> <span class='ocrx_word' id='word_1_509' title='bbox 1268 3996 1525 4057; x_wconf 81' lang='lat' dir='ltr'><strong>tractare,</strong></span> <span class='ocrx_word' id='word_1_510' title='bbox 1555 4000 1637 4049; x_wconf 81' lang='lat' dir='ltr'><strong>est</strong></span> <span class='ocrx_word' id='word_1_511' title='bbox 1664 3997 1880 4047; x_wconf 86' lang='lat' dir='ltr'><strong>sanctos</strong></span> 
     </span>
    </p>
   </div>
   <div class='ocr_carea' id='block_1_72' title="bbox 287 4081 1877 4157">
    <p class='ocr_par' dir='ltr' id='par_1_72' title="bbox 287 4081 1877 4157">
     <span class='ocr_line' id='line_1_72' title="bbox 287 4081 1877 4157; baseline -0.003 -17"><span class='ocrx_word' id='word_1_512' title='bbox 287 4084 540 4157; x_wconf 88' lang='lat' dir='ltr'><strong>persequi</strong></span> <span class='ocrx_word' id='word_1_513' title='bbox 569 4092 623 4137; x_wconf 84' lang='lat' dir='ltr'><strong>et</strong></span> <span class='ocrx_word' id='word_1_514' title='bbox 644 4083 965 4148; x_wconf 86' lang='lat' dir='ltr'><strong>distrahere,</strong></span> <span class='ocrx_word' id='word_1_515' title='bbox 996 4091 1050 4137; x_wconf 90' lang='lat' dir='ltr'><strong>et</strong></span> <span class='ocrx_word' id='word_1_516' title='bbox 1076 4081 1229 4151; x_wconf 89' lang='lat' dir='ltr'><strong>quasi</strong></span> <span class='ocrx_word' id='word_1_517' title='bbox 1258 4082 1365 4137; x_wconf 86' lang='lat' dir='ltr'><strong>vile</strong></span> <span class='ocrx_word' id='word_1_518' title='bbox 1392 4082 1718 4153; x_wconf 85' lang='lat' dir='ltr'><strong>mancipium</strong></span> <span class='ocrx_word' id='word_1_519' title='bbox 1744 4097 1877 4138; x_wconf 88' lang='lat' dir='ltr'><strong>con-</strong></span> 
     </span>
    </p>
   </div>
   <div class='ocr_carea' id='block_1_73' title="bbox 290 4187 548 4234">
    <p class='ocr_par' dir='ltr' id='par_1_73' title="bbox 290 4187 548 4234">
     <span class='ocr_line' id='line_1_73' title="bbox 290 4187 548 4234; baseline -0.019 0"><span class='ocrx_word' id='word_1_520' title='bbox 290 4187 548 4234; x_wconf 79' lang='lat' dir='ltr'><strong>temnere.</strong></span> 
     </span>
    </p>
   </div>
   <div class='ocr_carea' id='block_1_74' title="bbox 365 4266 1882 4340">
    <p class='ocr_par' dir='ltr' id='par_1_74' title="bbox 365 4266 1882 4340">
     <span class='ocr_line' id='line_1_74' title="bbox 365 4266 1882 4340; baseline -0.005 -12"><span class='ocrx_word' id='word_1_521' title='bbox 365 4273 631 4333; x_wconf 57' lang='lat' dir='ltr'><strong>Venimus.</strong></span> <span class='ocrx_word' id='word_1_522' title='bbox 674 4269 960 4339; x_wconf 77' lang='lat' dir='ltr'><strong>Quomodo</strong></span> <span class='ocrx_word' id='word_1_523' title='bbox 986 4282 1118 4340; x_wconf 86' lang='lat' dir='ltr'><strong>ergo</strong></span> <span class='ocrx_word' id='word_1_524' title='bbox 1136 4269 1294 4326; x_wconf 75' lang='lat' dir='ltr'><strong>ruina</strong></span> <span class='ocrx_word' id='word_1_525' title='bbox 1329 4276 1407 4322; x_wconf 85' lang='lat' dir='ltr'><strong>est</strong></span> <span class='ocrx_word' id='word_1_526' title='bbox 1444 4267 1689 4333; x_wconf 71' lang='lat' dir='ltr'><strong>lacrumis,</strong></span> <span class='ocrx_word' id='word_1_527' title='bbox 1727 4266 1882 4321; x_wconf 80' lang='lat' dir='ltr'><strong>devo-</strong></span> 
     </span>
    </p>
   </div>
   <div class='ocr_carea' id='block_1_75' title="bbox 290 4360 1320 4434">
    <p class='ocr_par' dir='ltr' id='par_1_75' title="bbox 290 4360 1320 4434">
     <span class='ocr_line' id='line_1_75' title="bbox 290 4360 1320 4434; baseline -0.007 -13"><span class='ocrx_word' id='word_1_528' title='bbox 290 4383 408 4421; x_wconf 80' lang='lat' dir='ltr'><strong>rare</strong></span> <span class='ocrx_word' id='word_1_529' title='bbox 434 4375 665 4434; x_wconf 78' lang='lat' dir='ltr'><strong>sanctos,</strong></span> <span class='ocrx_word' id='word_1_530' title='bbox 686 4372 737 4419; x_wconf 86' lang='lat' dir='ltr'><strong>et</strong></span> <span class='ocrx_word' id='word_1_531' title='bbox 756 4369 872 4434; x_wconf 87' lang='lat' dir='ltr'><strong>post</strong></span> <span class='ocrx_word' id='word_1_532' title='bbox 896 4368 1016 4421; x_wconf 81' lang='lat' dir='ltr'><strong>uota</strong></span> <span class='ocrx_word' id='word_1_533' title='bbox 1052 4360 1320 4417; x_wconf 76' lang='lat' dir='ltr'><strong>tractare?</strong></span> 
     </span>
    </p>
   </div>
   <div class='ocr_carea' id='block_1_76' title="bbox 361 4448 1881 4524">
    <p class='ocr_par' dir='ltr' id='par_1_76' title="bbox 361 4448 1881 4524">
     <span class='ocr_line' id='line_1_76' title="bbox 361 4448 1881 4524; baseline -0.008 -9"><span class='ocrx_word' id='word_1_534' title='bbox 361 4460 643 4523; x_wconf 58' lang='lat' dir='ltr'><strong>sinemus.</strong></span> <span class='ocrx_word' id='word_1_535' title='bbox 671 4455 731 4512; x_wconf 89' lang='lat' dir='ltr'><strong>Si</strong></span> <span class='ocrx_word' id='word_1_536' title='bbox 758 4455 903 4511; x_wconf 86' lang='lat' dir='ltr'><strong>enim</strong></span> <span class='ocrx_word' id='word_1_537' title='bbox 931 4460 1215 4524; x_wconf 81' lang='lat' dir='ltr'><strong>peccatum</strong></span> <span class='ocrx_word' id='word_1_538' title='bbox 1243 4460 1328 4509; x_wconf 85' lang='lat' dir='ltr'><strong>est</strong></span> <span class='ocrx_word' id='word_1_539' title='bbox 1353 4450 1512 4507; x_wconf 73' lang='lat' dir='ltr'><strong>alicui</strong></span> <span class='ocrx_word' id='word_1_540' title='bbox 1552 4448 1756 4505; x_wconf 86' lang='lat' dir='ltr'><strong>homini</strong></span> <span class='ocrx_word' id='word_1_541' title='bbox 1783 4464 1881 4504; x_wconf 90' lang='lat' dir='ltr'><strong>no-</strong></span> 
     </span>
    </p>
   </div>
   <div class='ocr_carea' id='block_1_77' title="bbox 1979 3249 3559 3320">
    <p class='ocr_par' dir='ltr' id='par_1_77' title="bbox 1979 3249 3559 3320">
     <span class='ocr_line' id='line_1_77' title="bbox 1979 3249 3559 3320; baseline -0.003 -11"><span class='ocrx_word' id='word_1_542' title='bbox 1979 3268 2187 3309; x_wconf 82' lang='lat' dir='ltr'><strong>mones.</strong></span> <span class='ocrx_word' id='word_1_543' title='bbox 2220 3251 2446 3307; x_wconf 66' lang='lat' dir='ltr'><strong>litamus</strong></span> <span class='ocrx_word' id='word_1_544' title='bbox 2474 3252 2578 3307; x_wconf 82' lang='lat' dir='ltr'><strong>iste</strong></span> <span class='ocrx_word' id='word_1_545' title='bbox 2604 3250 2878 3320; x_wconf 83' lang='lat' dir='ltr'><strong>quondam</strong></span> <span class='ocrx_word' id='word_1_546' title='bbox 2920 3251 3113 3305; x_wconf 81' lang='lat' dir='ltr'><strong>civitas</strong></span> <span class='ocrx_word' id='word_1_547' title='bbox 3158 3249 3377 3306; x_wconf 79' lang='lat' dir='ltr'><strong>fortium</strong></span> <span class='ocrx_word' id='word_1_548' title='bbox 3418 3260 3559 3316; x_wconf 88' lang='lat' dir='ltr'><strong>erat,</strong></span> 
     </span>
    </p>
   </div>
   <div class='ocr_carea' id='block_1_78' title="bbox 1977 3342 3561 3415">
    <p class='ocr_par' dir='ltr' id='par_1_78' title="bbox 1977 3342 3561 3415">
     <span class='ocr_line' id='line_1_78' title="bbox 1977 3342 3561 3415; baseline -0.003 -14"><span class='ocrx_word' id='word_1_549' title='bbox 1977 3346 2105 3415; x_wconf 85' lang='lat' dir='ltr'><strong>quia</strong></span> <span class='ocrx_word' id='word_1_550' title='bbox 2151 3344 2419 3401; x_wconf 78' lang='lat' dir='ltr'><strong>idolorum</strong></span> <span class='ocrx_word' id='word_1_551' title='bbox 2443 3343 2613 3399; x_wconf 88' lang='lat' dir='ltr'><strong>cultui</strong></span> <span class='ocrx_word' id='word_1_552' title='bbox 2649 3343 2881 3410; x_wconf 86' lang='lat' dir='ltr'><strong>deditus,</strong></span> <span class='ocrx_word' id='word_1_553' title='bbox 2911 3342 3244 3398; x_wconf 58' lang='lat' dir='ltr'><strong>immunibus</strong></span> <span class='ocrx_word' id='word_1_554' title='bbox 3270 3342 3561 3408; x_wconf 84' lang='lat' dir='ltr'><strong>serviebat,</strong></span> 
     </span>
    </p>
   </div>
   <div class='ocr_carea' id='block_1_79' title="bbox 1979 3434 3583 3506">
    <p class='ocr_par' dir='ltr' id='par_1_79' title="bbox 1979 3434 3583 3506">
     <span class='ocr_line' id='line_1_79' title="bbox 1979 3434 3583 3506; baseline -0.001 -13"><span class='ocrx_word' id='word_1_555' title='bbox 1979 3449 2036 3493; x_wconf 86' lang='lat' dir='ltr'><strong>et</strong></span> <span class='ocrx_word' id='word_1_556' title='bbox 2080 3436 2327 3493; x_wconf 66' lang='lat' dir='ltr'><strong>[Idumam</strong></span> <span class='ocrx_word' id='word_1_557' title='bbox 2369 3438 2495 3491; x_wconf 72' lang='lat' dir='ltr'><strong>vita:</strong></span> <span class='ocrx_word' id='word_1_558' title='bbox 2526 3434 2762 3491; x_wconf 77' lang='lat' dir='ltr'><strong>habebat</strong></span> <span class='ocrx_word' id='word_1_559' title='bbox 2806 3436 2860 3489; x_wconf 87' lang='lat' dir='ltr'><strong>in</strong></span> <span class='ocrx_word' id='word_1_560' title='bbox 2899 3435 3047 3491; x_wconf 66' lang='lat' dir='ltr'><strong>estita</strong></span> <span class='ocrx_word' id='word_1_561' title='bbox 3083 3448 3273 3491; x_wconf 85' lang='lat' dir='ltr'><strong>eorum</strong></span> <span class='ocrx_word' id='word_1_562' title='bbox 3319 3436 3412 3506; x_wconf 88' lang='lat' dir='ltr'><strong>qui</strong></span> <span class='ocrx_word' id='word_1_563' title='bbox 3454 3452 3583 3491; x_wconf 48' lang='lat' dir='ltr'><strong>nonv</strong></span> 
     </span>
    </p>
   </div>
   <div class='ocr_carea' id='block_1_80' title="bbox 1980 3525 3148 3598">
    <p class='ocr_par' dir='ltr' id='par_1_80' title="bbox 1980 3525 3148 3598">
     <span class='ocr_line' id='line_1_80' title="bbox 1980 3525 3148 3598; baseline -0.003 -15"><span class='ocrx_word' id='word_1_564' title='bbox 1980 3537 2106 3583; x_wconf 84' lang='lat' dir='ltr'><strong>sunt</strong></span> <span class='ocrx_word' id='word_1_565' title='bbox 2131 3528 2225 3594; x_wconf 88' lang='lat' dir='ltr'><strong>dii,</strong></span> <span class='ocrx_word' id='word_1_566' title='bbox 2253 3528 2349 3584; x_wconf 82' lang='lat' dir='ltr'><strong>sed</strong></span> <span class='ocrx_word' id='word_1_567' title='bbox 2376 3542 2542 3598; x_wconf 83' lang='lat' dir='ltr'><strong>opera</strong></span> <span class='ocrx_word' id='word_1_568' title='bbox 2572 3541 2835 3581; x_wconf 75' lang='lat' dir='ltr'><strong>manuum</strong></span> <span class='ocrx_word' id='word_1_569' title='bbox 2852 3525 3148 3582; x_wconf 84' lang='lat' dir='ltr'><strong>hominum.</strong></span> 
     </span>
    </p>
   </div>
   <div class='ocr_carea' id='block_1_81' title="bbox 2051 3616 3566 3688">
    <p class='ocr_par' dir='ltr' id='par_1_81' title="bbox 2051 3616 3566 3688">
     <span class='ocr_line' id='line_1_81' title="bbox 2051 3616 3566 3688; baseline -0.001 -15"><span class='ocrx_word' id='word_1_570' title='bbox 2051 3619 2321 3676; x_wconf 64' lang='lat' dir='ltr'><strong>Vesanus.</strong></span> <span class='ocrx_word' id='word_1_571' title='bbox 2352 3618 2484 3686; x_wconf 88' lang='lat' dir='ltr'><strong>Quis</strong></span> <span class='ocrx_word' id='word_1_572' title='bbox 2525 3627 2609 3674; x_wconf 90' lang='lat' dir='ltr'><strong>est</strong></span> <span class='ocrx_word' id='word_1_573' title='bbox 2634 3631 2763 3688; x_wconf 83' lang='lat' dir='ltr'><strong>ergo</strong></span> <span class='ocrx_word' id='word_1_574' title='bbox 2792 3617 2881 3673; x_wconf 93' lang='lat' dir='ltr'><strong>ille</strong></span> <span class='ocrx_word' id='word_1_575' title='bbox 2906 3617 3121 3688; x_wconf 87' lang='lat' dir='ltr'><strong>sapiens</strong></span> <span class='ocrx_word' id='word_1_576' title='bbox 3152 3617 3243 3688; x_wconf 91' lang='lat' dir='ltr'><strong>qui</strong></span> <span class='ocrx_word' id='word_1_577' title='bbox 3266 3616 3409 3673; x_wconf 84' lang='lat' dir='ltr'><strong>hanc</strong></span> <span class='ocrx_word' id='word_1_578' title='bbox 3433 3617 3566 3673; x_wconf 88' lang='lat' dir='ltr'><strong>civi-</strong></span> 
     </span>
    </p>
   </div>
   <div class='ocr_carea' id='block_1_82' title="bbox 1981 3708 2699 3769">
    <p class='ocr_par' dir='ltr' id='par_1_82' title="bbox 1981 3708 2699 3769">
     <span class='ocr_line' id='line_1_82' title="bbox 1981 3708 2699 3769; baseline -0.003 -4"><span class='ocrx_word' id='word_1_579' title='bbox 1981 3718 2147 3769; x_wconf 84' lang='lat' dir='ltr'><strong>tatem</strong></span> <span class='ocrx_word' id='word_1_580' title='bbox 2174 3708 2395 3766; x_wconf 72' lang='lat' dir='ltr'><strong>fortium</strong></span> <span class='ocrx_word' id='word_1_581' title='bbox 2420 3709 2699 3765; x_wconf 78' lang='lat' dir='ltr'><strong>ascendit?</strong></span> 
     </span>
    </p>
   </div>
   <div class='ocr_carea' id='block_1_83' title="bbox 2053 3801 3568 3871">
    <p class='ocr_par' dir='ltr' id='par_1_83' title="bbox 2053 3801 3568 3871">
     <span class='ocr_line' id='line_1_83' title="bbox 2053 3801 3568 3871; baseline -0.001 -14"><span class='ocrx_word' id='word_1_582' title='bbox 2053 3802 2333 3858; x_wconf 63' lang='lat' dir='ltr'><strong>Sasernam.</strong></span> <span class='ocrx_word' id='word_1_583' title='bbox 2375 3802 2469 3857; x_wconf 79' lang='lat' dir='ltr'><strong>Ille</strong></span> <span class='ocrx_word' id='word_1_584' title='bbox 2515 3802 2684 3857; x_wconf 81' lang='lat' dir='ltr'><strong>Filius</strong></span> <span class='ocrx_word' id='word_1_585' title='bbox 2729 3802 2980 3871; x_wconf 81' lang='lat' dir='ltr'><strong>Virginis,</strong></span> <span class='ocrx_word' id='word_1_586' title='bbox 3012 3801 3108 3858; x_wconf 85' lang='lat' dir='ltr'><strong>Dei</strong></span> <span class='ocrx_word' id='word_1_587' title='bbox 3137 3803 3329 3871; x_wconf 79' lang='lat' dir='ltr'><strong>virtus,</strong></span> <span class='ocrx_word' id='word_1_588' title='bbox 3375 3811 3430 3856; x_wconf 82' lang='lat' dir='ltr'><strong>et</strong></span> <span class='ocrx_word' id='word_1_589' title='bbox 3470 3801 3568 3858; x_wconf 88' lang='lat' dir='ltr'><strong>Dei</strong></span> 
     </span>
    </p>
   </div>
   <div class='ocr_carea' id='block_1_84' title="bbox 1982 3893 3583 3969">
    <p class='ocr_par' dir='ltr' id='par_1_84' title="bbox 1982 3893 3583 3969">
     <span class='ocr_line' id='line_1_84' title="bbox 1982 3893 3583 3969; baseline -0.002 -15"><span class='ocrx_word' id='word_1_590' title='bbox 1982 3899 2267 3969; x_wconf 82' lang='lat' dir='ltr'><strong>sapientia,</strong></span> <span class='ocrx_word' id='word_1_591' title='bbox 2299 3897 2393 3966; x_wconf 90' lang='lat' dir='ltr'><strong>qui</strong></span> <span class='ocrx_word' id='word_1_592' title='bbox 2426 3905 2555 3951; x_wconf 82' lang='lat' dir='ltr'><strong>tunc</strong></span> <span class='ocrx_word' id='word_1_593' title='bbox 2582 3895 2859 3950; x_wconf 81' lang='lat' dir='ltr'><strong>civitatem</strong></span> <span class='ocrx_word' id='word_1_594' title='bbox 2894 3895 3033 3950; x_wconf 73' lang='lat' dir='ltr'><strong>hanc</strong></span> <span class='ocrx_word' id='word_1_595' title='bbox 3060 3894 3321 3963; x_wconf 81' lang='lat' dir='ltr'><strong>ascendit,</strong></span> <span class='ocrx_word' id='word_1_596' title='bbox 3351 3893 3583 3964; x_wconf 77' lang='lat' dir='ltr'><strong>quando</strong></span> 
     </span>
    </p>
   </div>
   <div class='ocr_carea' id='block_1_85' title="bbox 1984 3980 3568 4056">
    <p class='ocr_par' dir='ltr' id='par_1_85' title="bbox 1984 3980 3568 4056">
     <span class='ocr_line' id='line_1_85' title="bbox 1984 3980 3568 4056; baseline -0.007 -11"><span class='ocrx_word' id='word_1_597' title='bbox 1984 3999 2143 4045; x_wconf 80' lang='lat' dir='ltr'><strong>natus</strong></span> <span class='ocrx_word' id='word_1_598' title='bbox 2172 3990 2225 4043; x_wconf 76' lang='lat' dir='ltr'><strong>in</strong></span> <span class='ocrx_word' id='word_1_599' title='bbox 2253 4002 2441 4054; x_wconf 80' lang='lat' dir='ltr'><strong>carne,</strong></span> <span class='ocrx_word' id='word_1_600' title='bbox 2486 3985 2710 4040; x_wconf 74' lang='lat' dir='ltr'><strong>visibilis</strong></span> <span class='ocrx_word' id='word_1_601' title='bbox 2736 3985 2936 4040; x_wconf 84' lang='lat' dir='ltr'><strong>qundu</strong></span> <span class='ocrx_word' id='word_1_602' title='bbox 2963 3986 3234 4056; x_wconf 77' lang='lat' dir='ltr'><strong>apparuit.</strong></span> <span class='ocrx_word' id='word_1_603' title='bbox 3258 3985 3379 4055; x_wconf 88' lang='lat' dir='ltr'><strong>Ipse</strong></span> <span class='ocrx_word' id='word_1_604' title='bbox 3409 3980 3568 4039; x_wconf 85' lang='lat' dir='ltr'><strong>nimi-</strong></span> 
     </span>
    </p>
   </div>
   <div class='ocr_carea' id='block_1_86' title="bbox 1983 4074 3571 4146">
    <p class='ocr_par' dir='ltr' id='par_1_86' title="bbox 1983 4074 3571 4146">
     <span class='ocr_line' id='line_1_86' title="bbox 1983 4074 3571 4146; baseline -0.006 -9"><span class='ocrx_word' id='word_1_605' title='bbox 1983 4098 2101 4137; x_wconf 87' lang='lat' dir='ltr'><strong>rum</strong></span> <span class='ocrx_word' id='word_1_606' title='bbox 2139 4080 2404 4136; x_wconf 73' lang='lat' dir='ltr'><strong>destruxit</strong></span> <span class='ocrx_word' id='word_1_607' title='bbox 2442 4081 2608 4134; x_wconf 86' lang='lat' dir='ltr'><strong>robur</strong></span> <span class='ocrx_word' id='word_1_608' title='bbox 2648 4074 2855 4132; x_wconf 71' lang='lat' dir='ltr'><strong>ﬁducia:</strong></span> <span class='ocrx_word' id='word_1_609' title='bbox 2893 4076 3029 4146; x_wconf 79' lang='lat' dir='ltr'><strong>ejus,</strong></span> <span class='ocrx_word' id='word_1_610' title='bbox 3070 4078 3196 4146; x_wconf 81' lang='lat' dir='ltr'><strong>quia</strong></span> <span class='ocrx_word' id='word_1_611' title='bbox 3224 4076 3486 4135; x_wconf 86' lang='lat' dir='ltr'><strong>subvertit</strong></span> <span class='ocrx_word' id='word_1_612' title='bbox 3514 4082 3571 4130; x_wconf 89' lang='lat' dir='ltr'><strong>et</strong></span> 
     </span>
    </p>
   </div>
   <div class='ocr_carea' id='block_1_87' title="bbox 1986 4165 3571 4238">
    <p class='ocr_par' dir='ltr' id='par_1_87' title="bbox 1986 4165 3571 4238">
     <span class='ocr_line' id='line_1_87' title="bbox 1986 4165 3571 4238; baseline -0.006 -9"><span class='ocrx_word' id='word_1_613' title='bbox 1986 4173 2207 4230; x_wconf 83' lang='lat' dir='ltr'><strong>abstulit</strong></span> <span class='ocrx_word' id='word_1_614' title='bbox 2239 4172 2308 4227; x_wconf 83' lang='lat' dir='ltr'><strong>de</strong></span> <span class='ocrx_word' id='word_1_615' title='bbox 2337 4170 2537 4225; x_wconf 88' lang='lat' dir='ltr'><strong>mundo</strong></span> <span class='ocrx_word' id='word_1_616' title='bbox 2565 4170 2766 4225; x_wconf 86' lang='lat' dir='ltr'><strong>cultum</strong></span> <span class='ocrx_word' id='word_1_617' title='bbox 2794 4169 3041 4236; x_wconf 70' lang='lat' dir='ltr'><strong>deorum,</strong></span> <span class='ocrx_word' id='word_1_618' title='bbox 3086 4170 3140 4223; x_wconf 91' lang='lat' dir='ltr'><strong>in</strong></span> <span class='ocrx_word' id='word_1_619' title='bbox 3178 4168 3373 4238; x_wconf 81' lang='lat' dir='ltr'><strong>quibus</strong></span> <span class='ocrx_word' id='word_1_620' title='bbox 3400 4165 3571 4223; x_wconf 79' lang='lat' dir='ltr'><strong>confl-</strong></span> 
     </span>
    </p>
   </div>
   <div class='ocr_carea' id='block_1_88' title="bbox 1985 4268 3211 4338">
    <p class='ocr_par' dir='ltr' id='par_1_88' title="bbox 1985 4268 3211 4338">
     <span class='ocr_line' id='line_1_88' title="bbox 1985 4268 3211 4338; baseline -0.009 -14"><span class='ocrx_word' id='word_1_621' title='bbox 1985 4270 2185 4326; x_wconf 89' lang='lat' dir='ltr'><strong>debant</strong></span> <span class='ocrx_word' id='word_1_622' title='bbox 2205 4268 2453 4338; x_wconf 88' lang='lat' dir='ltr'><strong>gentiles.</strong></span> <span class='ocrx_word' id='word_1_623' title='bbox 2476 4330 2481 4335; x_wconf 95' lang='lat'><em>_</em></span> <span class='ocrx_word' id='word_1_624' title='bbox 3208 4282 3211 4287; x_wconf 89' lang='grc'>·</span> 
     </span>
    </p>
   </div>
   <div class='ocr_carea' id='block_1_89' title="bbox 2057 4354 3572 4430">
    <p class='ocr_par' dir='ltr' id='par_1_89' title="bbox 2057 4354 3572 4430">
     <span class='ocr_line' id='line_1_89' title="bbox 2057 4354 3572 4430; baseline -0.007 -11"><span class='ocrx_word' id='word_1_625' title='bbox 2057 4364 2327 4420; x_wconf 67' lang='lat' dir='ltr'><strong>Vesanus.</strong></span> <span class='ocrx_word' id='word_1_626' title='bbox 2367 4361 2505 4429; x_wconf 87' lang='lat' dir='ltr'><strong>Quid</strong></span> <span class='ocrx_word' id='word_1_627' title='bbox 2540 4368 2623 4416; x_wconf 85' lang='lat' dir='ltr'><strong>est</strong></span> <span class='ocrx_word' id='word_1_628' title='bbox 2651 4358 2798 4430; x_wconf 88' lang='lat' dir='ltr'><strong>quod</strong></span> <span class='ocrx_word' id='word_1_629' title='bbox 2836 4359 2912 4413; x_wconf 87' lang='lat' dir='ltr'><strong>ait</strong></span> <span class='ocrx_word' id='word_1_630' title='bbox 2944 4357 3286 4429; x_wconf 84' lang='lat' dir='ltr'><strong>proverbium</strong></span> <span class='ocrx_word' id='word_1_631' title='bbox 3326 4376 3337 4409; x_wconf 92' lang='lat'><strong>:</strong></span> <span class='ocrx_word' id='word_1_632' title='bbox 3382 4354 3572 4410; x_wconf 79' lang='lat' dir='ltr'><strong>Adole-</strong></span> 
     </span>
    </p>
   </div>
   <div class='ocr_carea' id='block_1_90' title="bbox 1986 4453 3574 4529">
    <p class='ocr_par' dir='ltr' id='par_1_90' title="bbox 1986 4453 3574 4529">
     <span class='ocr_line' id='line_1_90' title="bbox 1986 4453 3574 4529; baseline -0.008 -16"><span class='ocrx_word' id='word_1_633' title='bbox 1986 4474 2135 4513; x_wconf 74' lang='lat' dir='ltr'><strong>scens</strong></span> <span class='ocrx_word' id='word_1_634' title='bbox 2156 4458 2310 4529; x_wconf 67' lang='lat' dir='ltr'><strong>juxta</strong></span> <span class='ocrx_word' id='word_1_635' title='bbox 2334 4456 2469 4509; x_wconf 80' lang='lat' dir='ltr'><strong>aiant</strong></span> <span class='ocrx_word' id='word_1_636' title='bbox 2501 4469 2668 4519; x_wconf 74' lang='lat' dir='ltr'><strong>suam,</strong></span> <span class='ocrx_word' id='word_1_637' title='bbox 2699 4453 2857 4506; x_wconf 74' lang='lat' dir='ltr'><strong>etiam</strong></span> <span class='ocrx_word' id='word_1_638' title='bbox 2883 4466 2996 4505; x_wconf 85' lang='lat' dir='ltr'><strong>cum</strong></span> <span class='ocrx_word' id='word_1_639' title='bbox 3026 4453 3253 4505; x_wconf 77' lang='lat' dir='ltr'><strong>senuerit</strong></span> <span class='ocrx_word' id='word_1_640' title='bbox 3282 4465 3387 4502; x_wconf 87' lang='lat' dir='ltr'><strong>non</strong></span> <span class='ocrx_word' id='word_1_641' title='bbox 3433 4462 3574 4501; x_wconf 81' lang='lat' dir='ltr'><strong>rece-</strong></span> 
     </span>
    </p>
   </div>
   <div class='ocr_carea' id='block_1_91' title="bbox 289 4538 1898 4625">
    <p class='ocr_par' dir='ltr' id='par_1_91' title="bbox 289 4540 1879 4625">
     <span class='ocr_line' id='line_1_91' title="bbox 289 4540 1879 4625; baseline -0.008 -16"><span class='ocrx_word' id='word_1_642' title='bbox 289 4566 435 4620; x_wconf 70' lang='lat' dir='ltr'><strong>crre,</strong></span> <span class='ocrx_word' id='word_1_643' title='bbox 465 4550 635 4606; x_wconf 82' lang='lat' dir='ltr'><strong>multo</strong></span> <span class='ocrx_word' id='word_1_644' title='bbox 659 4547 831 4618; x_wconf 82' lang='lat' dir='ltr'><strong>magis</strong></span> <span class='ocrx_word' id='word_1_645' title='bbox 854 4554 1137 4625; x_wconf 79' lang='lat' dir='ltr'><strong>peccatum</strong></span> <span class='ocrx_word' id='word_1_646' title='bbox 1166 4552 1267 4609; x_wconf 87' lang='lat' dir='ltr'><strong>est,</strong></span> <span class='ocrx_word' id='word_1_647' title='bbox 1296 4558 1418 4598; x_wconf 89' lang='lat' dir='ltr'><strong>cum</strong></span> <span class='ocrx_word' id='word_1_648' title='bbox 1438 4540 1631 4611; x_wconf 88' lang='lat' dir='ltr'><strong>aliquis</strong></span> <span class='ocrx_word' id='word_1_649' title='bbox 1658 4548 1879 4597; x_wconf 85' lang='lat' dir='ltr'><strong>sanctos</strong></span> 
     </span>
    </p>
   </div>
   <div class='ocr_carea' id='block_1_92' title="bbox 1977 4538 3574 4625">
    <p class='ocr_par' dir='ltr' id='par_1_92' title="bbox 1987 4538 3574 4620">
     <span class='ocr_line' id='line_1_92' title="bbox 1987 4538 3574 4620; baseline -0.009 -15"><span class='ocrx_word' id='word_1_650' title='bbox 1987 4552 2072 4605; x_wconf 80' lang='lat' dir='ltr'><strong>det</strong></span> <span class='ocrx_word' id='word_1_651' title='bbox 2101 4550 2165 4604; x_wconf 87' lang='lat' dir='ltr'><strong>ab</strong></span> <span class='ocrx_word' id='word_1_652' title='bbox 2194 4566 2257 4603; x_wconf 87' lang='lat' dir='ltr'><strong>ea</strong></span> <span class='ocrx_word' id='word_1_653' title='bbox 2303 4546 2485 4620; x_wconf 87' lang='lat' dir='ltr'><strong>(Prov.</strong></span> <span class='ocrx_word' id='word_1_654' title='bbox 2516 4545 2684 4613; x_wconf 72' lang='lat' dir='ltr'><strong>san)?</strong></span> <span class='ocrx_word' id='word_1_655' title='bbox 2706 4542 2958 4612; x_wconf 86' lang='lat' dir='ltr'><strong>Nunquid</strong></span> <span class='ocrx_word' id='word_1_656' title='bbox 2992 4557 3101 4596; x_wconf 87' lang='lat' dir='ltr'><strong>non</strong></span> <span class='ocrx_word' id='word_1_657' title='bbox 3130 4540 3283 4594; x_wconf 88' lang='lat' dir='ltr'><strong>multi</strong></span> <span class='ocrx_word' id='word_1_658' title='bbox 3312 4538 3574 4593; x_wconf 83' lang='lat' dir='ltr'><strong>recedunt</strong></span> 
     </span>
    </p>
   </div>
   <div class='ocr_carea' id='block_1_93' title="bbox 292 4632 1879 4715">
    <p class='ocr_par' dir='ltr' id='par_1_93' title="bbox 292 4632 1879 4715">
     <span class='ocr_line' id='line_1_93' title="bbox 292 4632 1879 4715; baseline -0.006 -14"><span class='ocrx_word' id='word_1_659' title='bbox 292 4647 385 4701; x_wconf 86' lang='lat' dir='ltr'><strong>Dei</strong></span> <span class='ocrx_word' id='word_1_660' title='bbox 413 4643 781 4715; x_wconf 73' lang='lat' dir='ltr'><strong>persequitur;</strong></span> <span class='ocrx_word' id='word_1_661' title='bbox 804 4646 898 4697; x_wconf 86' lang='lat' dir='ltr'><strong>aut</strong></span> <span class='ocrx_word' id='word_1_662' title='bbox 940 4638 1183 4703; x_wconf 80' lang='lat' dir='ltr'><strong>offendit,</strong></span> <span class='ocrx_word' id='word_1_663' title='bbox 1213 4644 1308 4692; x_wconf 88' lang='lat' dir='ltr'><strong>aut</strong></span> <span class='ocrx_word' id='word_1_664' title='bbox 1355 4634 1533 4700; x_wconf 60' lang='lat' dir='ltr'><strong>laedit;</strong></span> <span class='ocrx_word' id='word_1_665' title='bbox 1578 4641 1635 4690; x_wconf 89' lang='lat' dir='ltr'><strong>et</strong></span> <span class='ocrx_word' id='word_1_666' title='bbox 1679 4632 1879 4691; x_wconf 87' lang='lat' dir='ltr'><strong>idcirco</strong></span> 
     </span>
    </p>
   </div>
   <div class='ocr_carea' id='block_1_94' title="bbox 292 4725 1881 4804">
    <p class='ocr_par' dir='ltr' id='par_1_94' title="bbox 292 4725 1881 4804">
     <span class='ocr_line' id='line_1_94' title="bbox 292 4725 1881 4804; baseline -0.008 -12"><span class='ocrx_word' id='word_1_667' title='bbox 292 4739 444 4792; x_wconf 88' lang='lat' dir='ltr'><strong>ruina</strong></span> <span class='ocrx_word' id='word_1_668' title='bbox 474 4746 556 4794; x_wconf 79' lang='lat' dir='ltr'><strong>est</strong></span> <span class='ocrx_word' id='word_1_669' title='bbox 584 4735 659 4790; x_wconf 88' lang='lat' dir='ltr'><strong>illi</strong></span> <span class='ocrx_word' id='word_1_670' title='bbox 694 4734 789 4804; x_wconf 89' lang='lat' dir='ltr'><strong>qui</strong></span> <span class='ocrx_word' id='word_1_671' title='bbox 815 4729 1195 4803; x_wconf 75' lang='lat' dir='ltr'><strong>persequendo</strong></span> <span class='ocrx_word' id='word_1_672' title='bbox 1217 4736 1454 4793; x_wconf 89' lang='lat' dir='ltr'><strong>sanctos,</strong></span> <span class='ocrx_word' id='word_1_673' title='bbox 1486 4735 1702 4782; x_wconf 69' lang='lat' dir='ltr'><strong>reterns:</strong></span> <span class='ocrx_word' id='word_1_674' title='bbox 1728 4725 1881 4781; x_wconf 88' lang='lat' dir='ltr'><strong>dam-</strong></span> 
     </span>
    </p>
   </div>
   <div class='ocr_carea' id='block_1_95' title="bbox 292 4811 1264 4899">
    <p class='ocr_par' dir='ltr' id='par_1_95' title="bbox 292 4811 1264 4899">
     <span class='ocr_line' id='line_1_95' title="bbox 292 4811 1264 4899; baseline -0.007 -14"><span class='ocrx_word' id='word_1_675' title='bbox 292 4831 528 4886; x_wconf 87' lang='lat' dir='ltr'><strong>nationis</strong></span> <span class='ocrx_word' id='word_1_676' title='bbox 553 4829 653 4884; x_wconf 84' lang='lat' dir='ltr'><strong>sibi</strong></span> <span class='ocrx_word' id='word_1_677' title='bbox 678 4830 951 4899; x_wconf 69' lang='lat' dir='ltr'><strong>pmparat</strong></span> <span class='ocrx_word' id='word_1_678' title='bbox 971 4811 1264 4880; x_wconf 79' lang='lat' dir='ltr'><strong>interitum.</strong></span> 
     </span>
    </p>
   </div>
   <div class='ocr_carea' id='block_1_96' title="bbox 368 4910 1875 4986">
    <p class='ocr_par' dir='ltr' id='par_1_96' title="bbox 368 4910 1875 4986">
     <span class='ocr_line' id='line_1_96' title="bbox 368 4910 1875 4986; baseline -0.009 -10"><span class='ocrx_word' id='word_1_679' title='bbox 368 4923 635 4976; x_wconf 65' lang='lat' dir='ltr'><strong>VERANUS.</strong></span> <span class='ocrx_word' id='word_1_680' title='bbox 661 4920 945 4986; x_wconf 76' lang='lat' dir='ltr'><strong>Quomodo</strong></span> <span class='ocrx_word' id='word_1_681' title='bbox 980 4915 1384 4985; x_wconf 61' lang='lat' dir='ltr'><strong>intelligendum</strong></span> <span class='ocrx_word' id='word_1_682' title='bbox 1434 4921 1517 4967; x_wconf 89' lang='lat' dir='ltr'><strong>cst</strong></span> <span class='ocrx_word' id='word_1_683' title='bbox 1562 4911 1710 4980; x_wconf 85' lang='lat' dir='ltr'><strong>quod</strong></span> <span class='ocrx_word' id='word_1_684' title='bbox 1756 4910 1830 4964; x_wconf 87' lang='lat' dir='ltr'><strong>ait</strong></span> <span class='ocrx_word' id='word_1_685' title='bbox 1863 4928 1875 4960; x_wconf 90' lang='lat'><strong>:</strong></span> 
     </span>
    </p>
   </div>
   <div class='ocr_carea' id='block_1_97' title="bbox 294 5000 1883 5080">
    <p class='ocr_par' dir='ltr' id='par_1_97' title="bbox 294 5000 1883 5080">
     <span class='ocr_line' id='line_1_97' title="bbox 294 5000 1883 5080; baseline -0.011 -10"><span class='ocrx_word' id='word_1_686' title='bbox 294 5018 439 5071; x_wconf 85' lang='lat' dir='ltr'><strong>Sicut</strong></span> <span class='ocrx_word' id='word_1_687' title='bbox 458 5015 746 5069; x_wconf 70' lang='lat' dir='ltr'><strong>divisiones</strong></span> <span class='ocrx_word' id='word_1_688' title='bbox 775 5026 1047 5080; x_wconf 70' lang='lat' dir='ltr'><strong>castarum,</strong></span> <span class='ocrx_word' id='word_1_689' title='bbox 1077 5009 1153 5062; x_wconf 85' lang='lat' dir='ltr'><strong>ita</strong></span> <span class='ocrx_word' id='word_1_690' title='bbox 1185 5023 1276 5060; x_wconf 88' lang='lat' dir='ltr'><strong>cor</strong></span> <span class='ocrx_word' id='word_1_691' title='bbox 1303 5007 1440 5076; x_wconf 86' lang='lat' dir='ltr'><strong>regis</strong></span> <span class='ocrx_word' id='word_1_692' title='bbox 1467 5006 1523 5057; x_wconf 85' lang='lat' dir='ltr'><strong>in</strong></span> <span class='ocrx_word' id='word_1_693' title='bbox 1556 5019 1714 5057; x_wconf 83' lang='lat' dir='ltr'><strong>manu</strong></span> <span class='ocrx_word' id='word_1_694' title='bbox 1745 5000 1883 5055; x_wconf 76' lang='lat' dir='ltr'><strong>Dei?</strong></span> 
     </span>
    </p>
   </div>
   <div class='ocr_carea' id='block_1_98' title="bbox 293 5092 1888 5176">
    <p class='ocr_par' dir='ltr' id='par_1_98' title="bbox 293 5092 1888 5176">
     <span class='ocr_line' id='line_1_98' title="bbox 293 5092 1888 5176; baseline -0.011 -14"><span class='ocrx_word' id='word_1_695' title='bbox 293 5109 472 5176; x_wconf 85' lang='lat' dir='ltr'><strong>Quare</strong></span> <span class='ocrx_word' id='word_1_696' title='bbox 501 5104 636 5159; x_wconf 72' lang='lat' dir='ltr'><strong>dixit</strong></span> <span class='ocrx_word' id='word_1_697' title='bbox 675 5117 770 5158; x_wconf 85' lang='lat' dir='ltr'><strong>cur</strong></span> <span class='ocrx_word' id='word_1_698' title='bbox 797 5101 939 5170; x_wconf 82' lang='lat' dir='ltr'><strong>regis</strong></span> <span class='ocrx_word' id='word_1_699' title='bbox 966 5107 1175 5154; x_wconf 86' lang='lat' dir='ltr'><strong>tantum</strong></span> <span class='ocrx_word' id='word_1_700' title='bbox 1219 5112 1340 5152; x_wconf 87' lang='lat' dir='ltr'><strong>esse</strong></span> <span class='ocrx_word' id='word_1_701' title='bbox 1388 5095 1443 5149; x_wconf 93' lang='lat' dir='ltr'><strong>in</strong></span> <span class='ocrx_word' id='word_1_702' title='bbox 1474 5109 1634 5148; x_wconf 90' lang='lat' dir='ltr'><strong>manu</strong></span> <span class='ocrx_word' id='word_1_703' title='bbox 1663 5092 1761 5153; x_wconf 83' lang='lat' dir='ltr'><strong>Dei</strong></span> <span class='ocrx_word' id='word_1_704' title='bbox 1786 5134 1802 5165; x_wconf 83' lang='lat'><strong>,</strong></span> <span class='ocrx_word' id='word_1_705' title='bbox 1832 5099 1888 5147; x_wconf 88' lang='lat' dir='ltr'><strong>et</strong></span> 
     </span>
    </p>
   </div>
   <div class='ocr_carea' id='block_1_99' title="bbox 297 5182 1885 5257">
    <p class='ocr_par' dir='ltr' id='par_1_99' title="bbox 297 5182 1885 5257">
     <span class='ocr_line' id='line_1_99' title="bbox 297 5182 1885 5257; baseline -0.011 -2"><span class='ocrx_word' id='word_1_706' title='bbox 297 5216 405 5255; x_wconf 90' lang='lat' dir='ltr'><strong>non</strong></span> <span class='ocrx_word' id='word_1_707' title='bbox 438 5197 678 5253; x_wconf 87' lang='lat' dir='ltr'><strong>omnium</strong></span> <span class='ocrx_word' id='word_1_708' title='bbox 710 5194 1010 5257; x_wconf 69' lang='lat' dir='ltr'><strong>hominum,</strong></span> <span class='ocrx_word' id='word_1_709' title='bbox 1051 5205 1177 5245; x_wconf 85' lang='lat' dir='ltr'><strong>cum</strong></span> <span class='ocrx_word' id='word_1_710' title='bbox 1209 5187 1341 5242; x_wconf 85' lang='lat' dir='ltr'><strong>alibi</strong></span> <span class='ocrx_word' id='word_1_711' title='bbox 1381 5186 1639 5255; x_wconf 83' lang='lat' dir='ltr'><strong>scriptum</strong></span> <span class='ocrx_word' id='word_1_712' title='bbox 1677 5185 1784 5241; x_wconf 83' lang='lat' dir='ltr'><strong>sit:</strong></span> <span class='ocrx_word' id='word_1_713' title='bbox 1819 5182 1885 5238; x_wconf 87' lang='lat' dir='ltr'><strong>In</strong></span> 
     </span>
    </p>
   </div>
   <div class='ocr_carea' id='block_1_100' title="bbox 298 5278 1887 5363">
    <p class='ocr_par' dir='ltr' id='par_1_100' title="bbox 298 5278 1887 5363">
     <span class='ocr_line' id='line_1_100' title="bbox 298 5278 1887 5363; baseline -0.013 -13"><span class='ocrx_word' id='word_1_714' title='bbox 298 5310 455 5349; x_wconf 85' lang='lat' dir='ltr'><strong>manu</strong></span> <span class='ocrx_word' id='word_1_715' title='bbox 475 5293 588 5363; x_wconf 86' lang='lat' dir='ltr'><strong>ejus</strong></span> <span class='ocrx_word' id='word_1_716' title='bbox 618 5298 737 5344; x_wconf 85' lang='lat' dir='ltr'><strong>sunt</strong></span> <span class='ocrx_word' id='word_1_717' title='bbox 756 5296 931 5343; x_wconf 84' lang='lat' dir='ltr'><strong>omnes</strong></span> <span class='ocrx_word' id='word_1_718' title='bbox 961 5287 1092 5356; x_wconf 86' lang='lat' dir='ltr'><strong>ﬁnes</strong></span> <span class='ocrx_word' id='word_1_719' title='bbox 1122 5294 1275 5338; x_wconf 73' lang='lat' dir='ltr'><strong>terrm</strong></span> <span class='ocrx_word' id='word_1_720' title='bbox 1308 5279 1482 5352; x_wconf 81' lang='lat' dir='ltr'><strong>(Psal.</strong></span> <span class='ocrx_word' id='word_1_721' title='bbox 1508 5280 1673 5349; x_wconf 70' lang='grc' dir='ltr'><strong>χειν),</strong></span> <span class='ocrx_word' id='word_1_722' title='bbox 1697 5278 1741 5332; x_wconf 90' lang='lat' dir='ltr'><strong>si</strong></span> <span class='ocrx_word' id='word_1_723' title='bbox 1771 5292 1887 5331; x_wconf 77' lang='lat' dir='ltr'><strong>om-</strong></span> 
     </span>
    </p>
   </div>
   <div class='ocr_carea' id='block_1_101' title="bbox 302 5369 1884 5449">
    <p class='ocr_par' dir='ltr' id='par_1_101' title="bbox 302 5369 1884 5449">
     <span class='ocr_line' id='line_1_101' title="bbox 302 5369 1884 5449; baseline -0.013 -7"><span class='ocrx_word' id='word_1_724' title='bbox 302 5401 398 5442; x_wconf 77' lang='lat' dir='ltr'><strong>nes</strong></span> <span class='ocrx_word' id='word_1_725' title='bbox 427 5385 560 5440; x_wconf 78' lang='lat' dir='ltr'><strong>fines</strong></span> <span class='ocrx_word' id='word_1_726' title='bbox 586 5392 743 5437; x_wconf 68' lang='lat' dir='ltr'><strong>terra:</strong></span> <span class='ocrx_word' id='word_1_727' title='bbox 773 5382 825 5435; x_wconf 89' lang='lat' dir='ltr'><strong>in</strong></span> <span class='ocrx_word' id='word_1_728' title='bbox 865 5384 1135 5449; x_wconf 79' lang='lat' dir='ltr'><strong>potestate</strong></span> <span class='ocrx_word' id='word_1_729' title='bbox 1163 5375 1257 5431; x_wconf 89' lang='lat' dir='ltr'><strong>Dei</strong></span> <span class='ocrx_word' id='word_1_730' title='bbox 1295 5379 1442 5435; x_wconf 86' lang='lat' dir='ltr'><strong>sunt,</strong></span> <span class='ocrx_word' id='word_1_731' title='bbox 1473 5380 1528 5427; x_wconf 85' lang='lat' dir='ltr'><strong>et</strong></span> <span class='ocrx_word' id='word_1_732' title='bbox 1571 5369 1736 5426; x_wconf 81' lang='lat' dir='ltr'><strong>corda</strong></span> <span class='ocrx_word' id='word_1_733' title='bbox 1765 5385 1884 5424; x_wconf 90' lang='lat' dir='ltr'><strong>om-</strong></span> 
     </span>
    </p>
   </div>
   <div class='ocr_carea' id='block_1_102' title="bbox 302 5466 1384 5535">
    <p class='ocr_par' dir='ltr' id='par_1_102' title="bbox 302 5466 1384 5535">
     <span class='ocr_line' id='line_1_102' title="bbox 302 5466 1384 5535; baseline -0.012 -3"><span class='ocrx_word' id='word_1_734' title='bbox 302 5478 450 5532; x_wconf 89' lang='lat' dir='ltr'><strong>nium</strong></span> <span class='ocrx_word' id='word_1_735' title='bbox 488 5475 763 5531; x_wconf 83' lang='lat' dir='ltr'><strong>hominum</strong></span> <span class='ocrx_word' id='word_1_736' title='bbox 792 5480 919 5527; x_wconf 88' lang='lat' dir='ltr'><strong>sunt</strong></span> <span class='ocrx_word' id='word_1_737' title='bbox 946 5471 1001 5524; x_wconf 90' lang='lat' dir='ltr'><strong>in</strong></span> <span class='ocrx_word' id='word_1_738' title='bbox 1032 5484 1191 5525; x_wconf 90' lang='lat' dir='ltr'><strong>manu</strong></span> <span class='ocrx_word' id='word_1_739' title='bbox 1221 5466 1384 5535; x_wconf 79' lang='lat' dir='ltr'><strong>ejus?</strong></span> 
     </span>
    </p>
   </div>
   <div class='ocr_carea' id='block_1_103' title="bbox 371 5556 1889 5635">
    <p class='ocr_par' dir='ltr' id='par_1_103' title="bbox 371 5556 1889 5635">
     <span class='ocr_line' id='line_1_103' title="bbox 371 5556 1889 5635; baseline -0.012 -9"><span class='ocrx_word' id='word_1_740' title='bbox 371 5569 650 5625; x_wconf 65' lang='lat' dir='ltr'><strong>SALOMUS.</strong></span> <span class='ocrx_word' id='word_1_741' title='bbox 684 5567 884 5635; x_wconf 74' lang='lat' dir='ltr'><strong>Regem</strong></span> <span class='ocrx_word' id='word_1_742' title='bbox 920 5565 971 5618; x_wconf 91' lang='lat' dir='ltr'><strong>in</strong></span> <span class='ocrx_word' id='word_1_743' title='bbox 1004 5565 1106 5619; x_wconf 88' lang='lat' dir='ltr'><strong>hoc</strong></span> <span class='ocrx_word' id='word_1_744' title='bbox 1134 5563 1255 5617; x_wconf 88' lang='lat' dir='ltr'><strong>loco</strong></span> <span class='ocrx_word' id='word_1_745' title='bbox 1285 5575 1395 5616; x_wconf 92' lang='lat' dir='ltr'><strong>non</strong></span> <span class='ocrx_word' id='word_1_746' title='bbox 1438 5559 1584 5619; x_wconf 73' lang='lat' dir='ltr'><strong>illum</strong></span> <span class='ocrx_word' id='word_1_747' title='bbox 1631 5556 1889 5611; x_wconf 85' lang='lat' dir='ltr'><strong>debemus</strong></span> 
     </span>
    </p>
   </div>
   <div class='ocr_carea' id='block_1_104' title="bbox 306 5648 1889 5732">
    <p class='ocr_par' dir='ltr' id='par_1_104' title="bbox 306 5648 1889 5732">
     <span class='ocr_line' id='line_1_104' title="bbox 306 5648 1889 5732; baseline -0.011 -13"><span class='ocrx_word' id='word_1_748' title='bbox 306 5663 624 5731; x_wconf 72' lang='lat' dir='ltr'><strong>intelligam,</strong></span> <span class='ocrx_word' id='word_1_749' title='bbox 652 5661 743 5732; x_wconf 89' lang='lat' dir='ltr'><strong>qui</strong></span> <span class='ocrx_word' id='word_1_750' title='bbox 775 5675 867 5715; x_wconf 75' lang='lat' dir='ltr'><strong>rex</strong></span> <span class='ocrx_word' id='word_1_751' title='bbox 900 5666 979 5714; x_wconf 90' lang='lat' dir='ltr'><strong>est</strong></span> <span class='ocrx_word' id='word_1_752' title='bbox 1003 5658 1120 5714; x_wconf 87' lang='lat' dir='ltr'><strong>solo</strong></span> <span class='ocrx_word' id='word_1_753' title='bbox 1151 5655 1390 5720; x_wconf 77' lang='lat' dir='ltr'><strong>iiutnine,</strong></span> <span class='ocrx_word' id='word_1_754' title='bbox 1435 5659 1492 5708; x_wconf 87' lang='lat' dir='ltr'><strong>et</strong></span> <span class='ocrx_word' id='word_1_755' title='bbox 1522 5648 1889 5721; x_wconf 75' lang='lat' dir='ltr'><strong>teiuporaiiter</strong></span> 
     </span>
    </p>
   </div>
   <div class='ocr_carea' id='block_1_105' title="bbox 308 5742 1886 5828">
    <p class='ocr_par' dir='ltr' id='par_1_105' title="bbox 308 5742 1886 5828">
     <span class='ocr_line' id='line_1_105' title="bbox 308 5742 1886 5828; baseline -0.013 -14"><span class='ocrx_word' id='word_1_756' title='bbox 308 5759 425 5816; x_wconf 87' lang='lat' dir='ltr'><strong>aliis</strong></span> <span class='ocrx_word' id='word_1_757' title='bbox 444 5759 700 5828; x_wconf 87' lang='lat' dir='ltr'><strong>imperat,</strong></span> <span class='ocrx_word' id='word_1_758' title='bbox 732 5754 826 5810; x_wconf 81' lang='lat' dir='ltr'><strong>sed</strong></span> <span class='ocrx_word' id='word_1_759' title='bbox 859 5765 1295 5821; x_wconf 73' lang='lat' dir='ltr'><strong>nuinnquexmpte</strong></span> <span class='ocrx_word' id='word_1_760' title='bbox 1322 5749 1497 5803; x_wconf 82' lang='lat' dir='ltr'><strong>virum</strong></span> <span class='ocrx_word' id='word_1_761' title='bbox 1520 5751 1787 5808; x_wconf 81' lang='lat' dir='ltr'><strong>sanctum,</strong></span> <span class='ocrx_word' id='word_1_762' title='bbox 1822 5742 1886 5793; x_wconf 78' lang='lat' dir='ltr'><strong>Ii-</strong></span> 
     </span>
    </p>
   </div>
   <div class='ocr_carea' id='block_1_106' title="bbox 1988 4629 3572 4705">
    <p class='ocr_par' dir='ltr' id='par_1_106' title="bbox 1988 4629 3572 4705">
     <span class='ocr_line' id='line_1_106' title="bbox 1988 4629 3572 4705; baseline -0.012 -7"><span class='ocrx_word' id='word_1_763' title='bbox 1988 4658 2018 4698; x_wconf 89' lang='lat' dir='ltr'><strong>a</strong></span> <span class='ocrx_word' id='word_1_764' title='bbox 2059 4642 2145 4697; x_wconf 88' lang='lat' dir='ltr'><strong>via</strong></span> <span class='ocrx_word' id='word_1_765' title='bbox 2176 4654 2275 4695; x_wconf 74' lang='lat' dir='ltr'><strong>sua</strong></span> <span class='ocrx_word' id='word_1_766' title='bbox 2318 4638 2479 4702; x_wconf 78' lang='lat' dir='ltr'><strong>mola,</strong></span> <span class='ocrx_word' id='word_1_767' title='bbox 2524 4650 2689 4705; x_wconf 89' lang='lat' dir='ltr'><strong>quam</strong></span> <span class='ocrx_word' id='word_1_768' title='bbox 2734 4634 3145 4689; x_wconf 85' lang='lat' dir='ltr'><strong>ambulaverunt</strong></span> <span class='ocrx_word' id='word_1_769' title='bbox 3174 4631 3225 4684; x_wconf 94' lang='lat' dir='ltr'><strong>in</strong></span> <span class='ocrx_word' id='word_1_770' title='bbox 3256 4629 3572 4684; x_wconf 77' lang='lat' dir='ltr'><strong>adolescen-</strong></span> 
     </span>
    </p>
   </div>
   <div class='ocr_carea' id='block_1_107' title="bbox 1989 4736 2097 4789">
    <p class='ocr_par' dir='ltr' id='par_1_107' title="bbox 1989 4736 2097 4789">
     <span class='ocr_line' id='line_1_107' title="bbox 1989 4736 2097 4789; baseline -0.009 0"><span class='ocrx_word' id='word_1_771' title='bbox 1989 4736 2097 4789; x_wconf 82' lang='lat' dir='ltr'><strong>tia?</strong></span> 
     </span>
    </p>
   </div>
   <div class='ocr_carea' id='block_1_108' title="bbox 2058 4813 3573 4888">
    <p class='ocr_par' dir='ltr' id='par_1_108' title="bbox 2058 4813 3573 4888">
     <span class='ocr_line' id='line_1_108' title="bbox 2058 4813 3573 4888; baseline -0.007 -9"><span class='ocrx_word' id='word_1_772' title='bbox 2058 4826 2340 4879; x_wconf 66' lang='lat' dir='ltr'><strong>Summus.</strong></span> <span class='ocrx_word' id='word_1_773' title='bbox 2370 4820 2510 4874; x_wconf 84' lang='lat' dir='ltr'><strong>Vere</strong></span> <span class='ocrx_word' id='word_1_774' title='bbox 2549 4817 2785 4888; x_wconf 84' lang='lat' dir='ltr'><strong>plurimi,</strong></span> <span class='ocrx_word' id='word_1_775' title='bbox 2814 4814 3110 4885; x_wconf 84' lang='lat' dir='ltr'><strong>inspirante</strong></span> <span class='ocrx_word' id='word_1_776' title='bbox 3152 4813 3333 4867; x_wconf 78' lang='lat' dir='ltr'><strong>divina</strong></span> <span class='ocrx_word' id='word_1_777' title='bbox 3376 4814 3573 4882; x_wconf 81' lang='lat' dir='ltr'><strong>gratia,</strong></span> 
     </span>
    </p>
   </div>
   <div class='ocr_carea' id='block_1_109' title="bbox 1990 4904 3569 4975">
    <p class='ocr_par' dir='ltr' id='par_1_109' title="bbox 1990 4904 3569 4975">
     <span class='ocr_line' id='line_1_109' title="bbox 1990 4904 3569 4975; baseline -0.008 -4"><span class='ocrx_word' id='word_1_778' title='bbox 1990 4919 2041 4971; x_wconf 92' lang='lat' dir='ltr'><strong>in</strong></span> <span class='ocrx_word' id='word_1_779' title='bbox 2065 4921 2345 4970; x_wconf 89' lang='lat' dir='ltr'><strong>senectute</strong></span> <span class='ocrx_word' id='word_1_780' title='bbox 2372 4915 2762 4965; x_wconf 90' lang='lat' dir='ltr'><strong>convertuntur</strong></span> <span class='ocrx_word' id='word_1_781' title='bbox 2791 4923 2820 4960; x_wconf 88' lang='lat' dir='ltr'><strong>a</strong></span> <span class='ocrx_word' id='word_1_782' title='bbox 2850 4906 2995 4961; x_wconf 87' lang='lat' dir='ltr'><strong>vitiis</strong></span> <span class='ocrx_word' id='word_1_783' title='bbox 3029 4921 3149 4975; x_wconf 70' lang='lat' dir='ltr'><strong>qum</strong></span> <span class='ocrx_word' id='word_1_784' title='bbox 3180 4904 3485 4959; x_wconf 87' lang='lat' dir='ltr'><strong>habuerunt</strong></span> <span class='ocrx_word' id='word_1_785' title='bbox 3514 4906 3569 4958; x_wconf 89' lang='lat' dir='ltr'><strong>in</strong></span> 
     </span>
    </p>
   </div>
   <div class='ocr_carea' id='block_1_110' title="bbox 1992 4995 3576 5067">
    <p class='ocr_par' dir='ltr' id='par_1_110' title="bbox 1992 4995 3576 5067">
     <span class='ocr_line' id='line_1_110' title="bbox 1992 4995 3576 5067; baseline -0.009 -6"><span class='ocrx_word' id='word_1_786' title='bbox 1992 5003 2380 5067; x_wconf 68' lang='lat' dir='ltr'><strong>adolescentia;</strong></span> <span class='ocrx_word' id='word_1_787' title='bbox 2406 5014 2507 5055; x_wconf 87' lang='lat' dir='ltr'><strong>nec</strong></span> <span class='ocrx_word' id='word_1_788' title='bbox 2525 4998 2783 5054; x_wconf 81' lang='lat' dir='ltr'><strong>Salomon</strong></span> <span class='ocrx_word' id='word_1_789' title='bbox 2806 4998 2911 5053; x_wconf 87' lang='lat' dir='ltr'><strong>hoc</strong></span> <span class='ocrx_word' id='word_1_790' title='bbox 2931 4995 3051 5052; x_wconf 79' lang='lat' dir='ltr'><strong>fieri</strong></span> <span class='ocrx_word' id='word_1_791' title='bbox 3066 5011 3228 5066; x_wconf 77' lang='lat' dir='ltr'><strong>posse</strong></span> <span class='ocrx_word' id='word_1_792' title='bbox 3256 5004 3415 5064; x_wconf 81' lang='lat' dir='ltr'><strong>negat</strong></span> <span class='ocrx_word' id='word_1_793' title='bbox 3443 5012 3454 5047; x_wconf 92' lang='lat'>:</span> <span class='ocrx_word' id='word_1_794' title='bbox 3481 4996 3576 5049; x_wconf 81' lang='lat' dir='ltr'><strong>sed</strong></span> 
     </span>
    </p>
   </div>
   <div class='ocr_carea' id='block_1_111' title="bbox 1991 5085 3577 5167">
    <p class='ocr_par' dir='ltr' id='par_1_111' title="bbox 1991 5085 3577 5167">
     <span class='ocr_line' id='line_1_111' title="bbox 1991 5085 3577 5167; baseline -0.009 -16"><span class='ocrx_word' id='word_1_795' title='bbox 1991 5095 2324 5167; x_wconf 82' lang='lat' dir='ltr'><strong>frequentius</strong></span> <span class='ocrx_word' id='word_1_796' title='bbox 2354 5095 2458 5149; x_wconf 89' lang='lat' dir='ltr'><strong>hoc</strong></span> <span class='ocrx_word' id='word_1_797' title='bbox 2484 5091 2799 5159; x_wconf 80' lang='lat' dir='ltr'><strong>contingere</strong></span> <span class='ocrx_word' id='word_1_798' title='bbox 2819 5089 2981 5155; x_wconf 82' lang='lat' dir='ltr'><strong>solet,</strong></span> <span class='ocrx_word' id='word_1_799' title='bbox 3012 5096 3075 5143; x_wconf 85' lang='lat' dir='ltr'><strong>ut</strong></span> <span class='ocrx_word' id='word_1_800' title='bbox 3100 5101 3281 5145; x_wconf 83' lang='lat' dir='ltr'><strong>mores</strong></span> <span class='ocrx_word' id='word_1_801' title='bbox 3306 5099 3443 5154; x_wconf 76' lang='lat' dir='ltr'><strong>quos</strong></span> <span class='ocrx_word' id='word_1_802' title='bbox 3472 5085 3547 5137; x_wconf 80' lang='lat' dir='ltr'><strong>bo</strong></span> <span class='ocrx_word' id='word_1_803' title='bbox 3563 5115 3577 5125; x_wconf 88' lang='lat'><strong><em>-</em></strong></span> 
     </span>
    </p>
   </div>
   <div class='ocr_carea' id='block_1_112' title="bbox 1989 5178 3580 5249">
    <p class='ocr_par' dir='ltr' id='par_1_112' title="bbox 1989 5178 3580 5249">
     <span class='ocr_line' id='line_1_112' title="bbox 1989 5178 3580 5249; baseline -0.011 -3"><span class='ocrx_word' id='word_1_804' title='bbox 1989 5206 2078 5245; x_wconf 89' lang='lat' dir='ltr'><strong>mo</strong></span> <span class='ocrx_word' id='word_1_805' title='bbox 2108 5187 2267 5243; x_wconf 91' lang='lat' dir='ltr'><strong>discit</strong></span> <span class='ocrx_word' id='word_1_806' title='bbox 2295 5187 2348 5240; x_wconf 91' lang='lat' dir='ltr'><strong>in</strong></span> <span class='ocrx_word' id='word_1_807' title='bbox 2378 5178 2771 5249; x_wconf 85' lang='lat' dir='ltr'><strong>adolescentia,</strong></span> <span class='ocrx_word' id='word_1_808' title='bbox 2800 5198 2907 5238; x_wconf 91' lang='lat' dir='ltr'><strong>non</strong></span> <span class='ocrx_word' id='word_1_809' title='bbox 2939 5194 3041 5236; x_wconf 86' lang='lat' dir='ltr'><strong>eos</strong></span> <span class='ocrx_word' id='word_1_810' title='bbox 3058 5187 3230 5234; x_wconf 81' lang='lat' dir='ltr'><strong>mutet</strong></span> <span class='ocrx_word' id='word_1_811' title='bbox 3260 5179 3311 5231; x_wconf 80' lang='lat' dir='ltr'><strong>in</strong></span> <span class='ocrx_word' id='word_1_812' title='bbox 3334 5182 3580 5231; x_wconf 71' lang='lat' dir='ltr'><strong>senectu-</strong></span> 
     </span>
    </p>
   </div>
   <div class='ocr_carea' id='block_1_113' title="bbox 1994 5266 3580 5347">
    <p class='ocr_par' dir='ltr' id='par_1_113' title="bbox 1994 5266 3580 5347">
     <span class='ocr_line' id='line_1_113' title="bbox 1994 5266 3580 5347; baseline -0.011 -11"><span class='ocrx_word' id='word_1_813' title='bbox 1994 5291 2067 5347; x_wconf 89' lang='lat' dir='ltr'><strong>te,</strong></span> <span class='ocrx_word' id='word_1_814' title='bbox 2100 5287 2337 5335; x_wconf 76' lang='lat' dir='ltr'><strong>attamen</strong></span> <span class='ocrx_word' id='word_1_815' title='bbox 2379 5292 2489 5332; x_wconf 85' lang='lat' dir='ltr'><strong>non</strong></span> <span class='ocrx_word' id='word_1_816' title='bbox 2535 5289 2751 5345; x_wconf 73' lang='lat' dir='ltr'><strong>semper</strong></span> <span class='ocrx_word' id='word_1_817' title='bbox 2789 5274 2861 5328; x_wconf 88' lang='lat' dir='ltr'><strong>ita</strong></span> <span class='ocrx_word' id='word_1_818' title='bbox 2905 5272 3123 5326; x_wconf 80' lang='lat' dir='ltr'><strong>evenire</strong></span> <span class='ocrx_word' id='word_1_819' title='bbox 3166 5266 3455 5323; x_wconf 64' lang='lat' dir='ltr'><strong>conﬁrmat</strong></span> <span class='ocrx_word' id='word_1_820' title='bbox 3483 5284 3494 5317; x_wconf 88' lang='lat'><strong>:</strong></span> <span class='ocrx_word' id='word_1_821' title='bbox 3525 5274 3580 5319; x_wconf 88' lang='lat' dir='ltr'><strong>ct</strong></span> 
     </span>
    </p>
   </div>
   <div class='ocr_carea' id='block_1_114' title="bbox 1994 5359 3582 5440">
    <p class='ocr_par' dir='ltr' id='par_1_114' title="bbox 1994 5359 3582 5440">
     <span class='ocr_line' id='line_1_114' title="bbox 1994 5359 3582 5440; baseline -0.013 -12"><span class='ocrx_word' id='word_1_822' title='bbox 1994 5372 2197 5428; x_wconf 85' lang='lat' dir='ltr'><strong>idcirco</strong></span> <span class='ocrx_word' id='word_1_823' title='bbox 2241 5368 2395 5440; x_wconf 85' lang='lat' dir='ltr'><strong>ponit</strong></span> <span class='ocrx_word' id='word_1_824' title='bbox 2442 5364 2813 5436; x_wconf 85' lang='lat' dir='ltr'><strong>hujuscemodi</strong></span> <span class='ocrx_word' id='word_1_825' title='bbox 2866 5359 3231 5432; x_wconf 84' lang='lat' dir='ltr'><strong>proverbium,</strong></span> <span class='ocrx_word' id='word_1_826' title='bbox 3282 5366 3341 5419; x_wconf 83' lang='lat' dir='ltr'><strong>ut</strong></span> <span class='ocrx_word' id='word_1_827' title='bbox 3391 5370 3582 5410; x_wconf 85' lang='lat' dir='ltr'><strong>omnes</strong></span> 
     </span>
    </p>
   </div>
   <div class='ocr_carea' id='block_1_115' title="bbox 1996 5446 3581 5529">
    <p class='ocr_par' dir='ltr' id='par_1_115' title="bbox 1996 5446 3581 5529">
     <span class='ocr_line' id='line_1_115' title="bbox 1996 5446 3581 5529; baseline -0.013 -11"><span class='ocrx_word' id='word_1_828' title='bbox 1996 5462 2303 5526; x_wconf 86' lang='lat' dir='ltr'><strong>admoneat,</strong></span> <span class='ocrx_word' id='word_1_829' title='bbox 2334 5467 2601 5529; x_wconf 88' lang='lat' dir='ltr'><strong>quatenus</strong></span> <span class='ocrx_word' id='word_1_830' title='bbox 2630 5472 2661 5511; x_wconf 91' lang='lat' dir='ltr'><strong>a</strong></span> <span class='ocrx_word' id='word_1_831' title='bbox 2688 5455 2858 5525; x_wconf 87' lang='lat' dir='ltr'><strong>primo</strong></span> <span class='ocrx_word' id='word_1_832' title='bbox 2888 5460 3068 5507; x_wconf 80' lang='lat' dir='ltr'><strong>astate.</strong></span> <span class='ocrx_word' id='word_1_833' title='bbox 3102 5450 3389 5504; x_wconf 84' lang='lat' dir='ltr'><strong>virtutibus</strong></span> <span class='ocrx_word' id='word_1_834' title='bbox 3405 5455 3461 5501; x_wconf 87' lang='lat' dir='ltr'><strong>et</strong></span> <span class='ocrx_word' id='word_1_835' title='bbox 3484 5446 3581 5501; x_wconf 83' lang='lat' dir='ltr'><strong>bo—</strong></span> 
     </span>
    </p>
   </div>
   <div class='ocr_carea' id='block_1_116' title="bbox 2000 5541 3582 5625">
    <p class='ocr_par' dir='ltr' id='par_1_116' title="bbox 2000 5541 3582 5625">
     <span class='ocr_line' id='line_1_116' title="bbox 2000 5541 3582 5625; baseline -0.013 -14"><span class='ocrx_word' id='word_1_836' title='bbox 2000 5557 2083 5611; x_wconf 88' lang='lat' dir='ltr'><strong>nis</strong></span> <span class='ocrx_word' id='word_1_837' title='bbox 2112 5553 2366 5625; x_wconf 85' lang='lat' dir='ltr'><strong>operibus</strong></span> <span class='ocrx_word' id='word_1_838' title='bbox 2386 5551 2639 5607; x_wconf 82' lang='lat' dir='ltr'><strong>studeant</strong></span> <span class='ocrx_word' id='word_1_839' title='bbox 2662 5545 2933 5608; x_wconf 86' lang='lat' dir='ltr'><strong>insudare,</strong></span> <span class='ocrx_word' id='word_1_840' title='bbox 2967 5558 3034 5597; x_wconf 85' lang='lat' dir='ltr'><strong>ne</strong></span> <span class='ocrx_word' id='word_1_841' title='bbox 3061 5543 3196 5597; x_wconf 81' lang='lat' dir='ltr'><strong>forte</strong></span> <span class='ocrx_word' id='word_1_842' title='bbox 3222 5541 3279 5595; x_wconf 86' lang='lat' dir='ltr'><strong>in</strong></span> <span class='ocrx_word' id='word_1_843' title='bbox 3304 5546 3582 5594; x_wconf 81' lang='lat' dir='ltr'><strong>senectute</strong></span> 
     </span>
    </p>
   </div>
   <div class='ocr_carea' id='block_1_117' title="bbox 2001 5635 3583 5718">
    <p class='ocr_par' dir='ltr' id='par_1_117' title="bbox 2001 5635 3583 5718">
     <span class='ocr_line' id='line_1_117' title="bbox 2001 5635 3583 5718; baseline -0.013 -14"><span class='ocrx_word' id='word_1_844' title='bbox 2001 5665 2107 5704; x_wconf 90' lang='lat' dir='ltr'><strong>non</strong></span> <span class='ocrx_word' id='word_1_845' title='bbox 2136 5646 2347 5718; x_wconf 86' lang='lat' dir='ltr'><strong>possint</strong></span> <span class='ocrx_word' id='word_1_846' title='bbox 2370 5642 2547 5699; x_wconf 91' lang='lat' dir='ltr'><strong>studia</strong></span> <span class='ocrx_word' id='word_1_847' title='bbox 2576 5641 2839 5695; x_wconf 87' lang='lat' dir='ltr'><strong>bonorum</strong></span> <span class='ocrx_word' id='word_1_848' title='bbox 2862 5651 3086 5709; x_wconf 82' lang='lat' dir='ltr'><strong>onerum</strong></span> <span class='ocrx_word' id='word_1_849' title='bbox 3113 5635 3323 5690; x_wconf 85' lang='lat' dir='ltr'><strong>discere</strong></span> <span class='ocrx_word' id='word_1_850' title='bbox 3346 5647 3466 5701; x_wconf 74' lang='lat' dir='ltr'><strong>qum</strong></span> <span class='ocrx_word' id='word_1_851' title='bbox 3490 5646 3583 5686; x_wconf 84' lang='lat' dir='ltr'><strong>nc-</strong></span> 
     </span>
    </p>
   </div>
   <div class='ocr_carea' id='block_1_118' title="bbox 2000 5737 2763 5812">
    <p class='ocr_par' dir='ltr' id='par_1_118' title="bbox 2000 5737 2763 5812">
     <span class='ocr_line' id='line_1_118' title="bbox 2000 5737 2763 5812; baseline -0.01 -19"><span class='ocrx_word' id='word_1_852' title='bbox 2000 5739 2263 5812; x_wconf 81' lang='lat' dir='ltr'><strong>glexerint</strong></span> <span class='ocrx_word' id='word_1_853' title='bbox 2286 5737 2339 5790; x_wconf 93' lang='lat' dir='ltr'><strong>in</strong></span> <span class='ocrx_word' id='word_1_854' title='bbox 2370 5743 2556 5789; x_wconf 89' lang='lat' dir='ltr'><strong>tenera</strong></span> <span class='ocrx_word' id='word_1_855' title='bbox 2584 5738 2763 5787; x_wconf 70' lang='lat' dir='ltr'><strong>astate.</strong></span> 
     </span>
    </p>
   </div>
  </div>
