4110 6336
540 291 641 349 983

1817 279 2081 337 SALONII
2119 281 2518 343 VIENNENSIS
2573 304 2584 317 ·

3704 272 3817 339 9M

612 404 879 460 Vesanus.
915 404 1052 469 Quid
1082 410 1164 455 est
1204 400 1347 470 quod
1377 401 1507 456 dicit
1542 418 1553 453 :
1580 399 1754 455 Fovea
1780 401 2040 472 profunda
2067 418 2125 456 os
2152 410 2201 469 Α
2230 403 2386 458 cadet
2411 404 2608 472 justus,
2639 412 2693 457 et
2718 419 2860 475 saepe
2889 408 3132 469 resurget
3159 419 3169 452 :
3203 409 3295 455 aut
3322 370 3468 455 certe
3495 399 3646 454 omni
3674 409 3814 456 tem-

538 486 725 553 alienae
754 494 933 575 (Prov.
965 509 1037 548 xx
1064 503 1113 547 et
1143 492 1314 564 χχιιι).
1360 490 1489 559 Qua:
1510 500 1593 548 est
1612 491 1727 547 hzec
1750 491 1946 561 aliena,
1970 491 2119 561 cujus

541 606 603 646 os
631 598 714 644 est
740 602 933 657 magna
964 585 1159 642 fovea?

605 682 885 737 SaLomus.
915 677 988 735 Os
1016 678 1206 735 aliena
1232 680 1361 737 dicit
1397 696 1461 737 os
1488 681 1790 738 meretricis
1822 699 1835 735 :
1861 680 1955 751 qui
1982 694 2116 749 ergo

534 774 697 829 verba
725 771 1024 828 meretricis
1060 770 1291 828 libenter
1317 771 1488 842 audit,
1515 780 1572 828 et
1597 772 1781 828 oscula
1821 770 1939 841 ejus
1967 770 2117 826 dele-

531 864 804 921 ctabiliter
829 864 1073 935 suscipit,
1101 864 1254 935 quasi
1270 864 1492 935 januam
1512 865 1692 935 pulsat
1721 862 2000 935 profundae
2038 862 2121 920 fo-

532 956 667 1023 vete,
700 954 753 1010 id
774 962 860 1010 est
886 954 1099 1021 interni,
1132 963 1189 1009 et
1218 954 1321 1009 nisi
1361 955 1475 1010 cito
1507 970 1567 1011 se
1595 954 1664 1010 ab
1700 954 1817 1025 ejus
1846 954 2119 1025 colloquio

530 1046 619 1101 vel
643 1046 830 1101 osculo
870 1045 1170 1111 subtrahat,
1195 1045 1482 1101 deserente
1508 1060 1568 1101 se
1590 1044 1724 1112 Deo,
1747 1045 1893 1102 illico
1915 1045 2117 1115 mergi-

531 1145 620 1191 tur
646 1136 699 1191 in
728 1136 940 1191 foveam
965 1136 1157 1192 mortis
1204 1154 1217 1189 :
1267 1144 1323 1191 et
1366 1136 1473 1192 hoc
1516 1143 1602 1192 est
1646 1135 1791 1206 quod
1819 1135 1986 1193 dicit:
2025 1133 2119 1192 Cui

425 1297 436 1306 _
528 1228 695 1281 iratus
723 1236 801 1281 est
826 1226 1102 1293 Dominus,
1134 1227 1328 1281 incidet
1359 1228 1416 1281 in
1446 1228 1629 1283 illam?

604 1318 870 1373 Vesanus.
900 1316 1039 1385 Quid
1064 1324 1147 1373 est
1174 1318 1317 1389 quod
1337 1318 1448 1373 ait:
1481 1318 1697 1389 Appone
1723 1336 1812 1375 cor
1839 1320 1908 1374 ad
1936 1320 2123 1376 doctri-

528 1425 652 1462 nam
691 1410 899 1463 meam?
926 1406 995 1462 Et
1014 1408 1176 1478 paulo
1202 1415 1325 1477 post
1348 1408 1622 1478 subjungit
1654 1428 1667 1462 :
1708 1407 1844 1464 Ecce
1871 1409 2120 1482 descripsi

526 1516 643 1553 eam
671 1499 764 1554 tibi
788 1499 1061 1569 tripliciter
1086 1501 1141 1553 in
1182 1497 1580 1571 cogitationibus
1608 1511 1657 1554 et
1685 1503 1923 1569 scientia,
1948 1511 2003 1556 ut
2032 1519 2119 1558 os-

529 1591 791 1646 tenderem
808 1591 895 1647 tibi
909 1592 1207 1663 firmitatem
1220 1601 1269 1645 et
1282 1592 1485 1664 eloquia
1506 1594 1737 1646 veritatis
1759 1592 1940 1664 (Prov.
1958 1594 2111 1664 χχιι).

530 1683 813 1749 Quomodo
853 1684 1139 1755 tripliciter
1178 1684 1463 1754 descripsit
1507 1685 1809 1740 doctrinam
1856 1701 2008 1741 suam
2062 1694 2117 1741 et

2223 510 2356 565 pore
2384 495 2528 550 cadit
2567 502 2624 549 et
2646 495 2896 563 resurgit,
2928 492 3134 549 scilicet
3161 492 3330 562 gratia
3369 492 3571 557 divina,
3619 506 3818 546 secun-

2221 586 2349 644 dum
2375 588 2519 658 quod
2544 603 2703 658 supra
2731 587 2934 644 dictum
2960 593 3063 642 est.

2292 678 2562 734 Vesanus.
2594 677 2877 745 Quomodo
2923 677 3327 747 intelligendum
3369 686 3454 733 est
3494 695 3509 733 :
3553 676 3815 751 Prcpara

2221 787 2348 842 opus
2388 780 2529 825 tuum
2569 773 2721 843 foris,
2752 781 2802 827 et
2828 772 3104 844 diligenter
3127 787 3307 827 exerce
3348 788 3534 844 agrum
3564 781 3728 836 Mm,
3754 782 3815 828 ut

2221 871 2398 935 postea
2444 864 2670 935 tedi/ices
2708 864 2914 920 domum
2959 865 3134 919 tuam?
3160 863 3317 932 Quod
3360 874 3445 922 est
3482 865 3652 921 homo
3678 865 3817 922 foris

2222 951 2313 1026 [F.
2344 955 2446 1027 leg.
2476 954 2602 1026 quid
2631 962 2717 1011 est
2740 955 2887 1026 quod
2915 953 3067 1029 foris]
3100 971 3403 1027 praeparare
3429 956 3741 1013 debemus?

2292 1044 2574 1102 SaLomus.
2620 1044 2767 1119 Opus
2807 1055 2965 1103 vocat
3005 1048 3205 1104 bonam
3248 1048 3546 1111 actionem,
3580 1047 3818 1118 ideoque

2221 1135 2443 1204 addidit,
2477 1146 2648 1203 tuum;
2693 1138 2799 1195 hoc
2842 1146 2925 1193 est
2975 1138 3073 1193 tibi
3117 1138 3252 1194 utile
3296 1147 3353 1194 et
3393 1138 3812 1194 necessarium:

2220 1227 2366 1302 Opus
2385 1244 2515 1300 ergo
2543 1239 2786 1288 nostrum
2813 1231 2946 1288 foris
2972 1247 3355 1303 praeparemus,
3385 1246 3510 1287 omn
3538 1231 3816 1287 actionem

2220 1328 2462 1377 nostram
2487 1324 2628 1379 bene
2656 1322 2895 1380 exterius
2921 1322 3299 1394 componimus
3333 1341 3347 1378 :
3378 1330 3436 1379 et
3461 1329 3523 1377 ut
3549 1321 3666 1377 Deo
3697 1322 3821 1393 pla-

2222 1421 2371 1480 oeat,
2401 1415 2737 1472 ordinamus.

2290 1505 2560 1561 Vesanus.
2584 1504 2870 1572 Quomodo
2891 1520 3077 1576 agrum
3090 1512 3334 1561 nostrum
3353 1502 3644 1575 diligenter
3663 1518 3817 1559 exer-

2220 1598 2435 1652 cemus?

2288 1686 2570 1744 SaLomus.
2598 1688 2797 1758 Agrum
2822 1688 3110 1759 diligenter
3126 1702 3466 1751 exercemus,
3504 1687 3609 1742 sia
3630 1684 3804 1757 spinis

528 1775 855 1830 scientiam?
895 1784 988 1830 aut
1015 1775 1146 1845 quid
1174 1784 1257 1831 est
1284 1790 1558 1846 apponere
1600 1784 1654 1830 et
1691 1775 1989 1844 intelligere
2017 1775 2113 1831 do-
2144 1794 2194 1854 Β
2218 1779 2469 1836 vitiorum
2490 1794 2689 1850 corpus
2719 1788 2963 1861 nostrum
2987 1793 3302 1851 purgamus.

527 1865 758 1922 ctrinam
782 1867 807 1921 ?

595 1960 878 2015 Saeomus.
911 1958 1214 2030 Tripliciter
1242 1975 1370 2016 vero
1389 1960 1691 2017 doctrinam
1719 1975 1873 2016 suam
1898 1960 2106 2016 descri-

524 2049 632 2111 bit,
663 2049 758 2121 qui
791 2050 1082 2120 unicuique
1127 2050 1370 2122 praecipit
1411 2066 1533 2106 eam
1560 2060 1621 2106 ut
1647 2048 1860 2107 studeat
1887 2050 2114 2120 implere

524 2142 871 2209 cogitatione,
904 2142 1179 2198 locutione
1208 2152 1264 2198 et
1292 2158 1479 2214 Opere.

600 2233 869 2291 Vesanus.
910 2235 987 2291 De
1016 2235 1211 2306 quibus
1242 2236 1486 2292 terminis
1530 2236 1660 2293 dicit
1697 2235 1820 2293 :Ne
1853 2247 2120 2311 transgre-

523 2329 689 2382 diaris
734 2329 979 2384 terminos
1018 2331 1290 2399 antiquos,
1340 2346 1465 2399 quos
1511 2339 1789 2401 posuerunt
1831 2339 2004 2402 patres
2043 2332 2117 2385 tui

529 2418 714 2489 (Prov.
749 2436 877 2474 χχιιι
895 2419 957 2488 )?

593 2510 877 2566 Saeomus.
910 2510 1193 2568 Terminos
1227 2513 1479 2582 antiquos
1507 2512 1643 2568 dicit
1680 2514 1944 2569 terminos
1972 2515 2115 2570 veri-

525 2601 650 2654 tatis
677 2610 731 2655 et
762 2600 901 2668 ﬁdei,
933 2617 1071 2671 quos
1105 2612 1411 2658 statuerunt
1449 2605 1517 2658 ab
1557 2604 1709 2659 initio
1736 2605 1986 2660 catholici
2014 2605 2116 2661 do-

526 2699 728 2747 ctores.
764 2690 879 2748 Hoc
904 2708 1036 2762 ergo
1066 2695 1355 2765 praecepit,
1401 2704 1461 2749 ut
1482 2696 1768 2750 veritatem
1796 2711 1964 2751 sacrae
1990 2694 2116 2753 ﬁdei

523 2793 579 2838 et
606 2784 930 2853 evangelica:
957 2785 1218 2841 doctrina:
1240 2801 1402 2841 nemo
1429 2786 1586 2841 aliter
1612 2786 1868 2857 suscipiat
1891 2802 2055 2856 quam
2081 2804 2112 2842 a

522 2877 727 2934 sanctis
756 2875 1006 2933 Patribus
1054 2886 1137 2933 est
1179 2876 1396 2933 tradita.
1448 2877 1573 2934 Sive
1616 2878 1722 2933 hoc
1750 2879 2024 2950 praecepit,
2055 2888 2114 2934 ut

520 2971 736 3040 eloquia
774 2981 1082 3027 sanctarum
1127 2971 1526 3041 Scripturarum
1557 2986 1718 3027 nemo
1757 2973 1916 3027 aliter
1945 2973 2114 3029 inter-

521 3071 783 3132 pretetur,
826 3063 929 3119 nisi
965 3062 1115 3132 juxta
1160 3046 1579 3131 uniuscujusque
1607 3064 1894 3119 scribentis
1934 3065 2110 3120 inten-

522 3154 747 3209 tionem.

594 3248 862 3303 Vesauus.
894 3247 1025 3314 Qua:
1051 3254 1179 3303 sunt
1206 3261 1339 3317 opes
1378 3246 1482 3301 illa:
1516 3247 1584 3302 de
1605 3247 1800 3317 quibus
1825 3247 1914 3302 ille
1936 3247 2066 3303 dicit
2092 3267 2103 3302 ε

520 3339 605 3394 Νε
632 3341 804 3412 erigas
830 3338 1005 3394 oculos
1035 3348 1147 3393 tuos
1175 3336 1245 3392 ad
1279 3355 1400 3410 opes
1440 3354 1568 3411 quas
1595 3336 1784 3391 habere
1808 3354 1913 3392 non
1942 3348 2105 3409 potes,

519 3433 639 3503 quia
670 3431 865 3501 facient
890 3428 988 3485 sibi
1015 3446 1211 3499 pennas
1228 3469 1244 3495 ,
1273 3438 1325 3484 et
1351 3427 1595 3484 volabunt
1632 3429 1687 3483 in
1716 3428 1936 3483 calum?
1964 3427 2110 3496 Quas

523 3539 729 3594 pennas
757 3523 855 3579 sibi
903 3536 1058 3593 opes,
1105 3521 1158 3576 id
1203 3529 1287 3577 est
1326 3520 1526 3575 divitiae
1554 3535 1648 3576 seu
1678 3521 1879 3592 copim,
1906 3519 2107 3577 ‘t‘acere

559 3618 779 3671 essunt?

559 3632 779 3671 essunt!
1312 3632 1317 3635 '

519 3632 556 3687 Ρ
588 3708 870 3762 Saeomus.
912 3706 1054 3777 Opes
1099 3684 1229 3762 istm.
1260 3716 1385 3762 sunt
1432 3722 1628 3763 arcana
1678 3707 2003 3774 Divinitatis,
2051 3715 2109 3762 et

407 3845 413 3851 .
517 3809 724 3855 secreta
752 3800 1053 3855 antestium
1099 3798 1497 3871 mysteriorum,
1546 3807 1602 3854 et
1650 3807 1734 3856 est
1772 3815 1996 3857 sensus:
2028 3798 2107 3853 Ne

518 3890 693 3958 erigas
713 3890 900 3946 oculos
930 3898 1032 3947 tuze
1062 3892 1259 3947 mentis
1284 3890 1354 3946 ad
1380 3890 1770 3961 perscrutanda
1800 3890 2107 3947 Divinitatis

519 3986 715 4038 arca'na
737 3991 792 4038 et
816 3983 1191 4054 mysteriorum
1211 3982 1511 4039 cmlestium
1538 3992 1768 4052 secreta,
1790 3998 1911 4053 qua:
1935 3997 2104 4053 pene-

520 4081 662 4129 trare
691 4089 798 4128 non
840 4083 1017 4145 potes,
1043 4089 1144 4130 nec
1171 4073 1470 4143 intelligere
1497 4074 1663 4142 vales,
1688 4074 1942 4145 quoniam
1974 4075 2107 4131 solis

521 4166 713 4234 aquilis
741 4166 856 4222 haec
883 4174 1087 4237 patent,
1120 4166 1174 4220 id
1220 4176 1302 4221 est
1345 4167 1592 4237 supernis
1638 4168 1845 4223 civibus
1894 4176 2102 4223 tantum

521 4259 803 4313 manifesta
833 4269 974 4314 sunt.

597 4351 862 4408 Vesanus.
894 4350 1023 4418 Quae
1065 4360 1189 4407 sunt
1230 4353 1449 4407 cellaria
1501 4354 1570 4409 de
1597 4355 1794 4423 quibus
1839 4356 2009 4429 dicit:
2040 4355 2102 4410 In

522 4444 758 4497 doctrina
802 4442 1129 4513 replebantur
1176 4441 1385 4497 cellaria
1405 4484 1421 4509 ,
1461 4444 1697 4499 universa
1740 4446 2027 4500 substantia
2056 4456 2105 4500 et

519 4535 767 4605 pretioso,
789 4542 838 4587 et
859 4532 1203 4604 pulcherrima
1228 4531 1408 4601 (Prov.
1438 4533 1603 4601 χιιι).

590 4626 870 4682 Saeost.
903 4623 1134 4679 Cellaria
1180 4629 1308 4679 sunt
1354 4622 1521 4680 corda
1560 4623 1860 4694 justorum,
1889 4626 1982 4697 qui
2011 4642 2107 4696 per

518 4720 820 4775 doctrinam
846 4717 1124 4789 sapientia:
1151 4715 1431 4787 replentur
1455 4715 1751 4771 substantia
1781 4716 2020 4786 pretiosa
2053 4725 2110 4772 et

519 4810 915 4881 pulcherrima,
958 4807 1013 4862 id
1041 4817 1124 4864 est
1152 4808 1308 4864 donis
1351 4808 1611 4861 virtutum
1637 4815 1797 4875 atque
1838 4806 2104 4862 bonorum

519 4917 767 4972 operum.
1028 4964 1035 4973 ,

590 4992 862 5047 Vesanus.
892 4990 1031 5058 Quid
1050 4999 1136 5046 est
1165 4991 1309 5062 quod
1336 4992 1464 5048 dicit
1492 5010 1505 5045 :
1538 4991 1739 5062 Septies
1779 4993 1917 5047 enim
1956 4994 2105 5047 cadet

516 5086 704 5158 justus,
727 5090 776 5138 et
796 5084 1070 5154 resurget?
1096 5083 1141 5137 si
1174 5083 1353 5151 justus
1380 5092 1485 5152 est,
1510 5082 1787 5153 quomodo
1809 5083 2024 5149 cadere,
2051 5084 2102 5137 id

514 5187 598 5233 est
628 5191 876 5249 peccare,
908 5176 1140 5234 dicitur?
1628 5178 1633 5183 ’

587 5272 868 5327 Saeouws.
900 5270 1166 5340 Loquitur
1192 5272 1279 5327 hic
1298 5271 1555 5327 Salomon
1575 5271 1643 5326 de
1674 5271 1881 5328 levibus
1901 5280 1956 5326 et
1971 5268 2117 5339 quo?

518 5365 732 5421 tidianis
760 5366 1016 5436 peccatis,
1047 5366 1165 5421 sine
1184 5365 1380 5435 quibus
1409 5364 1586 5420 nullus
1607 5364 1877 5433 justorum
1908 5364 1961 5419 in
1999 5364 2100 5419 hac

516 5460 626 5514 vita
647 5474 766 5515 esse
786 5460 983 5529 potuit,
1004 5474 1107 5514 nec
1126 5474 1244 5515 esse
1269 5466 1478 5528 potest;
1512 5464 1571 5512 ut
1592 5457 1718 5513 alibi
1746 5456 1875 5513 dicit
1898 5475 1910 5509 :
1939 5455 2101 5511 Bene-

520 5552 686 5608 dicam
707 5550 983 5606 Dominum
1003 5552 1056 5605 in
1076 5552 1217 5606 omni
1239 5560 1464 5622 tempore
1481 5550 1664 5620 septies
1687 5546 1856 5619 (Psal.
1878 5546 2062 5617 χχχιιι)
2083 5565 2095 5599 :

517 5643 678 5698 etiam
704 5642 970 5712 significat
996 5640 1313 5712 aliquando,
1351 5656 1495 5712 saepe
1532 5648 1589 5695 et
1617 5638 1929 5709 frequenter
1955 5637 2099 5707 quod

500 5736 788 5801 aptissime
826 5736 913 5791 bic
956 5735 1174 5801 intelligi
1198 5743 1412 5804 potest:
1446 5735 1648 5805 septies,
1678 5731 1784 5788 ltoc
1818 5739 1922 5795 est,
1957 5744 2098 5803 saepe

2291 1870 2562 1928 Vesanus.
2605 1869 2738 1926 Post
2760 1872 2874 1940 agri
2904 1870 3252 1936 exercitium,
3303 1869 3524 1926 domum
3562 1878 3799 1926 nostram

2220 1962 2490 2031 quamodo
2518 1962 2935 2019 :ediﬁcabimus?

2288 2052 2571 2110 SaLomus.
2613 2054 2672 2110 Si
2708 2054 3164 2125 primo-exterius
3211 2062 3365 2111 actus
3406 2062 3627 2109 nostros
3662 2053 3805 2110 bene

2216 2146 2617 2217 componimus,
2666 2144 2884 2200 domum
2922 2144 3078 2200 nobis
3109 2145 3250 2223 bene
3276 2131 3635 2213 aediﬁcamus:
3681 2151 3818 2200 cunt

2217 2238 2504 2309 puritatem
2547 2237 2672 2292 vita:
2720 2245 2777 2292 et
2827 2235 3143 2291 munditiam
3192 2236 3354 2292 etiam
3404 2237 3803 2305 cogitationum

2215 2344 2522 2394 servamus,
2554 2336 2610 2385 et
2638 2328 2999 2385 habitaculum
3022 2337 3222 2384 nostra:
3250 2328 3448 2384 mentis
3466 2329 3569 2400 piis
3596 2329 3809 2396 cogita-

2216 2421 2453 2477 tionibus
2480 2436 2821 2477 exornamus.

2288 2513 2559 2568 Vesanus.
2592 2512 2724 2579 Quis
2748 2521 2831 2567 est
2852 2512 3108 2569 Dominus
3125 2556 3141 2583 ,
3166 2523 3259 2568 aut
3285 2513 3378 2583 qui
3401 2521 3531 2569 sunt
3550 2504 3712 2583 reges
3739 2514 3812 2570 de

2215 2605 2410 2674 quibus
2438 2603 2598 2658 dicit:
2628 2600 2805 2658 Gloria
2828 2599 3036 2660 Domini
3056 2616 3156 2671 est,
3181 2607 3349 2659 celare
3368 2603 3610 2669 verbum;
3633 2606 3809 2677 gloria

2216 2688 2415 2767 regum,
2439 2696 2746 2766 investigare
2771 2711 3064 2749 sermonem
3090 2693 3271 2767 (Prov.
3298 2695 3430 2765 xv)?

2286 2787 2567 2843 SaLomus.
2610 2787 2869 2843 Dominus
2890 2788 3021 2856 iste,
3070 2786 3166 2843 Dei
3196 2786 3360 2841 Filius
3386 2795 3501 2851 est,
3553 2786 3800 2841 videlicet

2216 2878 2475 2934 Dominus
2497 2876 2680 2944 Iesus,
2727 2878 2882 2949 cujus
2907 2879 3079 2949 gloria
3108 2877 3206 2933 fuit
3230 2878 3412 2933 celare
3440 2878 3689 2940 verbum,
3741 2878 3796 2932 id

2214 2981 2298 3028 est
2324 2988 2383 3027 se
2411 2987 2530 3028 esse
2557 2972 2653 3027 Dei
2678 2971 2872 3026 Filium
2896 2989 2909 3024 :
2940 2971 3066 3041 quia
3095 2970 3221 3026 dum
3250 2970 3301 3024 in
3332 2985 3499 3025 carne
3527 2970 3795 3040 apparuit,

2214 3064 2383 3133 magis
2404 3078 2463 3119 se
2487 3064 2760 3119 hominem
2785 3077 2945 3134 quam
2966 3062 3063 3117 Dei
3082 3061 3274 3117 Filium
3304 3062 3553 3117 confiteri
3583 3062 3754 3117 voluit
3784 3080 3796 3116 :

2133 3169 2181 3235 ο
2214 3166 2272 3213 ιιι
2296 3156 2544 3213 diabolus
2565 3172 2687 3213 eum
2712 3172 2820 3213 non
2844 3163 3212 3225 cognosceret,
3243 3163 3299 3210 et
3320 3155 3394 3209 ita
3416 3155 3673 3225 passione
3700 3170 3799 3210 sua

2214 3264 2384 3319 genus
2404 3250 2700 3305 humanum
2725 3248 3016 3305 redimeret
3040 3267 3052 3302 :
3096 3247 3355 3318 quoniam
3378 3248 3423 3302 si
3447 3262 3574 3302 eum
3603 3247 3797 3302 diabo-

2215 3343 2297 3398 lus
2334 3343 2674 3413 cognovisset
2720 3341 2815 3398 Dei
2852 3341 3049 3397 Filium
3098 3356 3245 3407 esse,
3301 3354 3571 3409 nunquam
3624 3340 3797 3395 cruci-

2212 3435 2432 3491 tixisset.
2463 3435 2648 3490 Gloria
2676 3435 2858 3505 itaque
2881 3434 3095 3490 Domini
3123 3432 3223 3488 fuit
3250 3432 3425 3488 celare
3453 3426 3711 3499 verbﬁm,
3744 3433 3796 3488 id

2210 3537 2293 3585 est
2315 3530 2371 3584 in
2397 3528 2567 3584 forma
2608 3529 2871 3595 hominis,
2919 3527 3217 3583 divinitatis
3263 3541 3373 3581 suae
3402 3525 3795 3595 occultarepo-

2210 3622 2452 3687 tentiam,
2486 3629 2546 3675 ut
2571 3620 2698 3675 dum
2726 3619 3088 3674 inﬁrmitatem
3116 3618 3295 3674 carnis
3323 3618 3648 3679 ostenderet,
3680 3616 3790 3674 dia-

2209 3715 2364 3771 bolus
2386 3729 2510 3769 cum
2539 3728 2568 3767 a
2599 3712 2849 3783 passione
2875 3711 3151 3767 retrahere
3180 3696 3287 3765 non
3313 3709 3608 3770 festinaret,
3646 3722 3779 3777 qua-

2212 3815 2369 3861 tenus
2395 3821 2493 3876 per
2528 3803 2883 3874 ignorantiam
2929 3802 3194 3872 passionis
3241 3800 3539 3871 perveniret
3563 3796 3632 3853 ad
3660 3797 3781 3864 glo-

2211 3896 2346 3951 riam
2374 3894 2806 3952 resurrectionis.

2281 3989 2553 4044 Vesanus.
2579 3985 2680 4054 Qui
2720 3993 2847 4041 sunt
2889 3997 3018 4055 ergo
3041 3996 3220 4053 reges,
3248 3997 3478 4054 quorum
3507 3981 3677 4050 gloria
3707 3990 3786 4038 est

2210 4080 2537 4149 investigare
2560 4077 2901 4135 sermonem?
2998 4118 2999 4121 η

2278 4170 2559 4227 Saeosws.
2593 4169 2768 4238 Reges
2810 4168 2897 4224 isti
2931 4168 3102 4225 sancti
3146 4170 3363 4224 fuerunt
3402 4167 3667 4239 apostoli,
3696 4166 3784 4236 qui

2208 4264 2495 4333 diligenter
2527 4276 2833 4317 sermonem
2873 4260 3083 4316 Domini
3124 4259 3447 4328 investigare
3478 4257 3785 4325 studebant,

2206 4371 2315 4427 quo
2337 4371 2395 4411 se
2414 4354 2626 4410 Domini
2648 4352 2765 4408 fore
2783 4350 3174 4420 signiﬁcabant.
3207 4349 3341 4424 Nam
3361 4349 3451 4404 ubi
3472 4364 3585 4404 non
3604 4355 3787 4418 aperte

2206 4464 2267 4505 se
2291 4448 2577 4503 Dominum
2614 4459 2736 4501 esse
2770 4441 3137 4508 monstrabat,
3190 4440 3284 4497 sed
3312 4439 3541 4512 mystice
3571 4438 3786 4496 volebat

2134 4560 2186 4619 ι)
2212 4538 2451 4606 intelligi,
2485 4536 2602 4605 ejus
2630 4550 2934 4591 sermonem
2954 4549 3160 4609 summa
3182 4531 3661 4604 pet-scrutabantur
3677 4530 3787 4585 dili-

2209 4630 2422 4698 gentia,
2471 4628 2632 4698 quale
2660 4635 2741 4682 est
2787 4626 2942 4690 illud,
2970 4634 3074 4681 etc.
3121 4643 3133 4677 :
3189 4622 3301 4695 Ego
3338 4633 3388 4677 et
3431 4622 3592 4677 Pater
3628 4637 3786 4675 unum

2207 4736 2382 4775 sumus
2405 4718 2582 4789 (Joan.
2600 4715 2845 4793 7x).'Nam
2870 4730 2991 4771 cum
3020 4714 3223 4771 celaret
3236 4711 3400 4768 Verbi
3423 4712 3784 4776 divinitatem,

2206 4822 2261 4867 et
2289 4800 2599 4867 ostenderet
2636 4809 2812 4863 carnis
2848 4805 3240 4870 inﬁrmitatem,
3292 4804 3643 4871 interrogavit
3683 4804 3783 4856 bos

2206 4917 2363 4971 reges
2383 4901 2567 4957 dicens
2592 4918 2605 4953 :
2642 4898 2804 4964 Quem
2835 4897 3011 4952 dicunt
3031 4897 3263 4951 homines
3293 4900 3404 4950 esse
3433 4895 3600 4965 ﬁlium
3630 4895 3789 4948 hom:-

2211 4996 2292 5048 uis
2313 4995 2338 5047 ?
2363 4990 2460 5046 Cui
2491 5006 2678 5060 regum
2703 4988 2953 5054 eximius,
2994 4986 3240 5041 videlicet
3266 4984 3327 5039 B.
3353 4983 3546 5040 Petrus
3564 4992 3786 5055 aposto-

2207 5088 2328 5157 lus,
2357 5084 2680 5152 investigans
2715 5095 3020 5137 sermonem
3049 5079 3227 5146 illius,
3258 5092 3422 5148 quem
3444 5086 3604 5132 antea
3633 5092 3780 5145 same

2208 5179 2439 5241 audivit,
2484 5176 2740 5232 continuo
2776 5172 3053 5244 respondit
3086 5191 3098 5224 :
3151 5170 3226 5225 Tu
3258 5188 3313 5225 es
3344 5169 3581 5226 Christus
3620 5168 3787 5223 Filia:

2205 5268 2305 5324 Dei
2332 5270 2447 5323 vivi.

2284 5360 2554 5415 Vesanus.
2611 5357 2751 5425 Quid
2791 5364 2875 5412 est
2910 5354 3056 5425 quod
3097 5356 3343 5425 sequitur
3378 5372 3391 5407 :
3439 5351 3636 5407 Caelum
3677 5366 3785 5404 sur-

2206 5470 2320 5508 sum
2338 5493 2353 5518 ,
2398 5462 2445 5506 et
2476 5460 2614 5506 terra
2642 5451 2909 5510 deorsum,
2942 5458 2990 5502 et
3014 5464 3103 5503 cor
3129 5466 3307 5518 regum
3326 5443 3663 5503 iusmtabile
3681 5454 3786 5494 esse

2205 5544 2379 5599 dicunt
2408 5543 2587 5615 (Prov.
2620 5541 2785 5610 xxv)?
3040 5580 3047 5584 .

2276 5636 2557 5691 Satomus.
2589 5634 2765 5702 Reges
2790 5638 2951 5687 vocat
2972 5630 3263 5700 prophetas
3288 5638 3345 5684 et
3371 5628 3672 5700 apostolos,
3696 5622 3788 5694 qui

2205 5728 2479 5785 revelante
2493 5732 2681 5783 sancto
2700 5720 2903 5796 Spiritu
2924 5734 3121 5776 arcana
3139 5720 3430 5776 divinitatis
3458 5727 3787 5788 cognoscere

3077 5893 3085 5899 ‘
3103 5890 3227 5908 θ’,
