4110 6336
292 324 396 380 985

1077 320 1143 377 IN
1182 319 1586 377 PARABOIAS
1625 316 2009 374 SALOMONIS
2046 318 2406 375 EXPOSITIO
2445 318 2761 377 MYSTICA.

3461 328 3569 391 986

288 444 617 496 meruerunt.
679 434 781 492 Per
820 451 915 491 cor
942 448 1127 503 regum
1157 434 1469 502 designatur
1511 431 1736 488 scientia
1761 475 1773 497 ,
1822 422 1878 485 et
1904 433 1950 493 Α
1983 429 2036 484 in
2066 431 2316 500 praesenti
2352 431 2457 486 vita
2488 432 2689 487 habent
2736 434 3165 492 consolationem
3210 454 3381 504 suam,
3428 457 3568 512 quo-

270 530 589 586 intellectus
613 528 1001 599 prophetarum
1031 534 1087 581 et
1115 526 1504 598 apostolorum.

1979 520 2122 576 niam
2149 537 2329 577 rerum
2359 522 2738 594 temporalium
2759 526 2931 597 copiis
2951 527 3245 585 abundant.
3272 528 3423 587 Unde
3452 533 3563 590 Do-

355 620 625 676 Vsnsuus.
673 617 957 686 Quomodo
998 630 1126 687 ergo
1167 616 1591 687 intelligendum,
1625 624 1710 671 est
1727 612 1872 684 quod
1976 613 2153 669 minus
2192 614 2244 668 in
2276 612 2568 683 Evangelio
2599 616 2675 670 ait
2707 632 2722 670 :
2763 614 2856 672 Vw
2880 617 3021 674 vobis
3054 621 3393 693 qui-saturati
3419 625 3565 696 estis,

199 736 219 755 ν
284 712 385 764 ait:
411 709 603 765 Culum
624 725 845 776 sursum,
868 717 919 763 et
937 716 1079 763 terra
1118 708 1373 774 deorsum,
1407 716 1457 763 et
1476 723 1567 762 cor
1593 721 1771 778 regum
1788 705 1870 759 in-

282 800 577 863 scrutabile.

352 891 632 949 Suomus.
668 891 819 949 Sicut
853 890 1082 948 altitudo
1111 890 1235 948 οωιί
1260 897 1317 947 et
1334 888 1675 962 profunditas
1705 896 1865 944 terra:

281 982 668 1055 comprehendi
703 1000 812 1040 non
844 990 1026 1056 potest
1060 984 1129 1039 ab
1165 982 1503 1049 hominibus,
1551 981 1625 1036 ita
1665 988 1869 1036 nostra:

278 1072 585 1144 fragilitatis
611 1074 889 1146 capacitas
918 1090 1027 1130 non
1059 1071 1203 1128 valet
1224 1070 1683 1143 comprehendere
1700 1111 1716 1137 ,
1767 1084 1867 1125 ne-

278 1180 387 1235 que
443 1173 732 1236 penetrare
786 1164 1125 1220 altitudinem
1168 1163 1408 1221 scientia:
1458 1169 1514 1218 et
1561 1159 1866 1217 intellectus

278 1255 664 1327 prophetarum
692 1263 749 1311 et
775 1255 1167 1327 apostolorum.

348 1346 619 1403 Venimus.
655 1345 938 1414 Quomodo
968 1347 1070 1404 sibi
1098 1349 1449 1413 concordant,
1470 1353 1564 1401 aut
1582 1343 1859 1415 quomodo

279 1437 380 1492 sibi
403 1438 695 1493 convenire
708 1447 948 1508 .possunt
976 1454 1040 1494 ea
1064 1453 1185 1509 qua:
1211 1438 1341 1495 dicit
1368 1456 1380 1492 :
1438 1434 1518 1492 Ne
1553 1436 1865 1508 respondeas

275 1529 434 1584 stulto
459 1530 619 1601 juxta
655 1520 930 1584 stultitiam
966 1547 1142 1594 suam,
1189 1547 1255 1585 ne
1291 1529 1533 1601 ejiciaris
1573 1529 1620 1582 ei
1652 1525 1861 1593 similis,

275 1629 354 1689 et,
379 1620 648 1693 Responde
671 1621 827 1677 stulto
848 1622 1003 1693 juxta
1028 1622 1305 1677 stultitiam
1337 1637 1515 1689 suam,
1544 1636 1608 1673 ne
1651 1618 1748 1672 sibi
1775 1634 1863 1673 sa-

275 1712 422 1782 piens
451 1728 562 1766 esse
591 1712 820 1766 videatur
850 1711 1029 1783 (Prov.
1063 1712 1254 1782 xxvr)?
1298 1711 1418 1766 Istae
1450 1709 1702 1765 nimirum
1736 1722 1861 1762 sen-

275 1802 455 1857 tentiae
477 1802 632 1858 valde
654 1803 754 1859 sibi
783 1802 1035 1858 videntur
1061 1817 1181 1859 esse
1217 1801 1524 1858 contrariae.
1672 1869 1683 1881 ,

342 1891 621 1950 8Αιοιιιυε.
681 1893 823 1950 Vere
849 1893 990 1949 bene
1016 1894 1118 1948 sibi
1143 1892 1505 1960 concordant,
1547 1890 1593 1946 si
1616 1905 1710 1946 eas
1735 1889 1859 1946 dili-

272 1992 459 2056 genter
493 1982 912 2039 consideremus.
976 1983 1078 2039 Per
1117 1984 1220 2038 hoc
1245 1983 1395 2037 enim
1431 1981 1577 2051 quod
1617 1982 1729 2037 ait:
1773 1979 1865 2037 Ne‘

271 2077 585 2149 respondeas
606 2078 760 2132 stulto
774 2078 929 2148 juxta
950 2077 1225 2130 stultitiam
1249 2092 1396 2137 suam
1411 2114 1426 2140 ,
1454 2091 1553 2132 nos
1580 2074 1857 2145 admonet,

273 2176 332 2223 ut
365 2169 492 2239 quia
528 2168 726 2223 stultus
772 2167 1098 2238 sapientiam
1150 2182 1259 2223 non
1296 2167 1556 2237 percipit,
1605 2183 1707 2223 nos
1742 2166 1859 2237 ejus

271 2262 552 2317 stultitiam
579 2277 685 2318 non
716 2261 1008 2328 imitemur,
1033 2261 1130 2317 sed
1158 2261 1339 2333 potius
1367 2271 1779 2319 contemnamus
1803 2272 1859 2319 et
1884 2265 1903 2279 '

271 2358 665 2429 despiciamus?
710 2366 765 2414 et
789 2358 1003 2429 quoties
1030 2358 1081 2413 ei
1109 2357 1409 2427 loquimur,
1469 2372 1577 2413 non
1606 2358 1856 2429 turpiter,

271 2466 382 2507 non
412 2452 645 2519 furiose,
694 2467 803 2506 non
831 2450 1093 2522 superbe,
1144 2450 1241 2506 sed
1264 2449 1495 2507 honeste
1518 2492 1533 2519 ,
1590 2450 1860 2522 patienter

272 2549 434 2612 atque
473 2542 749 2599 humiliter
776 2542 881 2599 hoc
920 2542 1204 2613 loquamur
1230 2550 1286 2597 et
1322 2543 1625 2614 sapienter,
1676 2558 1744 2598 ne
1780 2543 1881 2619 illi

270 2633 470 2688 similes
498 2631 813 2689 efﬁciamur.
846 2631 952 2689 Per
977 2634 1083 2689 hoc
1110 2649 1241 2690 vero
1276 2633 1422 2704 quod
1466 2635 1734 2704 sequitur,
1761 2633 1860 2688 Re-

271 2723 465 2796 sponde
498 2725 653 2779 stulto
684 2725 840 2796 juxta
860 2724 1134 2779 stultitiam
1172 2742 1339 2790 suam,
1382 2740 1481 2781 nos
1509 2725 1766 2782 admonet
1792 2731 1852 2781 ut

269 2819 538 2889 sapienter
585 2819 922 2888 increpemus
976 2827 1033 2873 et
1071 2816 1460 2889 redarguamus
1503 2818 1747 2884 stultum,
1797 2826 1855 2873 et

268 2905 546 2964 manifeste
582 2907 1007 2964 demonstremus
1033 2917 1234 2979 quanta
1251 2909 1343 2985 .sit
1389 2910 1442 2963 in
1483 2924 1550 2964 eo
1594 2910 1847 2974 stultitia,

269 3011 337 3054 ne
364 2997 501 3054 forte
520 3016 567 3055 St
588 3016 694 3056 non
716 3013 972 3072 agnoscat
993 3002 1276 3057 stultitiam
1299 3017 1451 3057 suam
1472 3017 1532 3058 se
1559 3011 1713 3073 putet
1732 3017 1853 3059 esse

270 3090 587 3163 sapientem.

340 3180 609 3237 VBRANUS.
641 3181 772 3249 Quis
797 3191 882 3239 est
900 3183 990 3240 ille
1012 3199 1235 3241 susurro
1260 3174 1460 3256 dequ‘o
1479 3184 1609 3241 dicit
1635 3202 1648 3237 :
1682 3183 1853 3239 Verba

270 3274 567 3328 susurronis
593 3276 740 3346 quasi
770 3275 1046 3346 simplicia,
1072 3285 1121 3331 et
1147 3278 1262 3348 ipsa
1290 3279 1589 3347 perveniunt
1613 3276 1684 3331 ad
1716 3277 1852 3331 inte-

148 3400 165 3411 -
270 3366 413 3421 riora
436 3367 662 3421 ventris?

342 3457 622 3515 SALONIUS.
655 3459 1006 3517 Susurrorem
1034 3461 1271 3534 appellat
1302 3463 1636 3520 incentorem
1666 3463 1775 3519 litis
1802 3470 1860 3517 et

275 3552 580 3623 bilinguem,
632 3553 725 3623 qui
771 3553 953 3610 laudes
999 3555 1287 3612 verborum
1333 3557 1577 3621 simulat,
1631 3563 1689 3611 et
1735 3556 1857 3611 ideo

271 3646 425 3716 quasi
445 3646 707 3716 simplicia
729 3662 849 3702 esse
869 3646 1118 3703 videntur
1141 3649 1303 3704 verba
1325 3648 1514 3719 ipsius.
1537 3646 1646 3703 Sed
1667 3661 1858 3717 perve-

275 3736 427 3791 niunt
440 3735 507 3791 ad
532 3736 784 3792 interiora
807 3739 1027 3805 ventris,
1046 3739 1171 3808 quia
1190 3754 1413 3795 susurro
1426 3752 1644 3809 semper
1664 3738 1858 3808 quaerit

275 3829 460 3885 audire
515 3830 654 3885 unde
711 3832 878 3901 possit
919 3832 1094 3901 jurgia
1149 3832 1446 3899 seminare,
1502 3831 1696 3903 quibus
1738 3839 1855 3886 sto-

276 3920 497 3977 machus
520 3920 844 3989 indignetur,
866 3929 923 3976 et
948 3921 1129 3977 omnia
1160 3921 1417 3977 interiora
1447 3920 1851 3991 perturbentur.

337 4010 614 4067 'Vzmuus.
644 4010 775 4078 Quis
812 4021 898 4068 est
936 4012 1026 4068 ille
1054 4027 1209 4069 amor
1237 4011 1606 4079 absconditus,
1637 4010 1707 4067 de
1746 4025 1855 4081 quo

273 4105 401 4160 dicit
426 4123 437 4158 :
464 4104 649 4160 Melior
672 4115 750 4159 est
778 4107 1058 4179 manifesta
1085 4109 1362 4178 correptio,
1391 4122 1544 4177 quam
1574 4122 1721 4160 amor
1758 4106 1856 4160 ab-

272 4197 535 4253 sconditus
559 4195 738 4269 (Prov.
772 4197 981 4267 xxvn)?

325 4287 623 4343 'SALONIUS.
651 4288 904 4344 Amorem
930 4288 1304 4359 absconditum
1333 4290 1386 4347 in
1410 4291 1517 4347 hoc
1546 4292 1687 4356 loco,
1712 4307 1856 4349 amo-

270 4370 384 4436 rem
412 4390 570 4435 vocat
602 4379 868 4449 illicitum,
897 4381 950 4435 id
979 4389 1062 4437 est
1091 4382 1436 4439 libidinosum
1456 4425 1471 4450 ,
1503 4392 1563 4440 ut
1591 4393 1673 4442 est
1701 4400 1855 4441 amor

266 4471 623 4540 adulterinus,
652 4472 743 4541 qui
772 4487 871 4542 pro
897 4488 995 4529 sua
1030 4473 1360 4544 turpitudine
1389 4474 1752 4541 absconditur,
1782 4491 1852 4532 ne

1973 707 2094 779 quia
2120 707 2356 762 esurietis
2388 705 2539 779 (Luc.
2583 708 2680 780 γι).
2725 709 2917 766 Anima
2953 726 3085 783 ergo
3124 712 3359 770 divitum
3389 717 3565 773 calcat

1972 798 2171 865 favum,
2202 799 2328 868 quia
2367 814 2467 869 pro
2508 800 2735 857 terrenis
2780 801 2939 859 bonis
2979 804 3186 874 spernit
3224 805 3563 863 dulcedinem

1972 889 2128 958 regni
2156 888 2413 946 caelestis.
2445 888 2637 945 Anima
2661 906 2794 948 vero
2840 894 3086 950 esuriens
3124 896 3287 952 etiam
3319 912 3560 954 amarunt

1969 996 2072 1053 pro
2095 980 2240 1038 dulci
2266 989 2465 1047 sumet,
2501 983 2758 1053 quoniam
2788 987 2874 1057 qui
2905 989 3066 1041 esurit
3092 995 3143 1042 et
3174 990 3285 1043 sitit
3302 990 3561 1061 justitiam

1971 1074 2189 1148 (Matth.
2220 1073 2544 1144 v),'omnem
2572 1075 2986 1133 amaritudinem
3023 1094 3123 1150 pro
3154 1079 3438 1136 dulcedine
3465 1097 3560 1137 su-

1969 1167 2087 1233 mit,
2125 1165 2251 1236 quia
2291 1165 2562 1236 patienter
2608 1167 2840 1223 sustinet
2867 1183 3084 1226 omnem
3131 1172 3412 1242 praesentis
3439 1172 3562 1228 vit:e

1971 1256 2354 1312 adversitatem
2394 1271 2496 1326 pro
2541 1271 2727 1313 amore
2765 1272 3002 1330 superne
3046 1260 3364 1327 dulcedinis,
3397 1263 3452 1318 id
3477 1272 3561 1319 est

1966 1357 2182 1406 aeternae
2220 1347 2589 1404 beatitudinis.

2039 1441 2309 1497 Vesanus.
2350 1438 2449 1496 Cui
2479 1440 2719 1511 loquitur
2745 1442 3023 1513 Salomon,
3053 1461 3178 1502 cum
3208 1446 3337 1504 dicit
3372 1465 3385 1501 :
3426 1447 3561 1502 Dili-

1966 1542 2143 1606 genter
2170 1548 2394 1605 agnosce
2419 1531 2613 1587 vultum
2641 1537 2846 1604 pecoris
2873 1538 2969 1601 tui,
2998 1546 3210 1610 tuosque
3227 1553 3409 1610 greges
3435 1555 3562 1593 con-

1922 1674 1935 1685 .
1967 1626 2142 1681 sidera
2173 1624 2354 1696 (Prov.
2384 1624 2553 1696 xxvn)
2573 1626 2599 1679 ?
2635 1624 2885 1696 Nunquid
2930 1628 3199 1698 lanigeros
3241 1630 3401 1687 docet
3428 1646 3561 1687 con-

1963 1719 2203 1775 siderare
2230 1718 2460 1789 greges?

2032 1809 2311 1868 SALONIUS.
2346 1811 2463 1868 Non
2488 1829 2503 1867 :
2531 1810 2772 1881 loquitur
2796 1808 2941 1868 enim
2965 1813 3171 1884 pastori
3201 1808 3471 1879 Ecclesia,
3501 1821 3559 1870 et

1964 1913 2047 1960 est
2093 1920 2281 1963 sensus
2324 1926 2338 1960 :
2390 1907 2909 1979 Diligenter'curam
2958 1904 3208 1977 impende
3254 1904 3319 1960 iis
3363 1905 3558 1975 quibus

1963 2000 2282 2071 praepositus
2309 2017 2389 2067 es,
2417 2011 2473 2058 et
2500 2016 2732 2073 agnosce
2773 1999 2983 2057 animos
3028 2009 3085 2057 et
3122 2007 3275 2057 actus
3315 2000 3556 2070 singulo-

1963 2106 2121 2157 rum;
2154 2092 2282 2147 etsi
2321 2092 2556 2163 aliquam
2604 2092 2917 2149 sorditatem
2965 2092 3218 2149 vitiorum
3267 2091 3553 2159 inveneris,

1962 2184 2119 2239 citius
2145 2185 2410 2254 castigare
2438 2194 2496 2241 et
2515 2184 2810 2243 emundare
2837 2184 3015 2242 stude.

2031 2275 2301 2334 VBRANUS.
2341 2277 2520 2345 Quare
2546 2293 2674 2334 mox
2693 2274 2997 2348 subiungit:
3033 2275 3156 2334 Non
3186 2279 3325 2333 enim
3345 2277 3555 2333 habebis

1952 2370 2151 2442 jugiter
2174 2378 2501 2443 potestatem,
2533 2371 2626 2427 sed
2654 2387 2850 2427 corona
2887 2370 3139 2425 tribuetur
3162 2371 3219 2425 in
3268 2370 3555 2442 gateratio~

1961 2479 2081 2543 nem
2110 2465 2501 2535 generqtionum
2516 2465 2542 2519 ν

2030 2552 2311 2611 SALONIUS.
2359 2554 2429 2611 Ut
2462 2563 2648 2627 pastor
2678 2552 2928 2612 Ecclesia:
2955 2555 3146 2611 ovibus
3169 2554 3272 2611 sibi
3297 2552 3552 2611 commis-

1958 2646 2032 2700 sis
2062 2647 2396 2702 incessanter
2423 2661 2610 2702 curam
2653 2646 2944 2714 adhibeat;
2972 2655 3029 2703 et
3056 2654 3139 2702 est
3175 2661 3365 2702 sensus
3393 2665 3407 2700 :
3438 2645 3553 2703 Non

1957 2737 2100 2792 enim
2128 2746 2185 2792 tu
2230 2753 2444 2809 semper
2490 2737 2715 2795 habebis
2751 2746 3075 2809 potestatem
3123 2738 3373 2810 pascendi
3425 2752 3553 2793 oves

1956 2826 2277 2897 dominicas,
2306 2828 2401 2885 sed
2423 2845 2625 2886 corona
2648 2831 2912 2887 tribuetur
2940 2833 2993 2886 in
3012 2832 3361 2900 generatione
3387 2843 3552 2899 gene-

1957 2918 2251 2978 rationum,
2285 2919 2337 2973 id
2366 2927 2450 2974 est
2470 2927 2673 2974 aeterna
2703 2927 3004 2989 praeparata
3026 2929 3112 2974 est
3138 2935 3336 2975 corona
3353 2960 3367 2985 ,
3393 2933 3554 2990 quam

1956 3019 2011 3064 et
2040 3019 2096 3064 tu
2119 3011 2384 3081 percipies
2408 3012 2453 3067 si
2481 3012 2624 3067 bene
2645 3011 2861 3091 paveris
2893 3009 3194 3068 dominicas
3222 3025 3372 3067 oves.

2031 3102 2294 3159 Vsnauus.
2318 3102 2456 3171 Quid
2480 3117 2701 3161 necesse
2720 3104 2821 3159 fuit
2842 3102 3118 3160 Salomoni
3136 3104 3345 3160 dicere:
3363 3105 3553 3174 Aperta

1956 3206 2075 3251 sunt
2103 3206 2278 3268 prata,
2310 3206 2360 3251 et
2388 3206 2743 3268 apparuerunt
2770 3194 2951 3252 herba:
2984 3197 3233 3258 virentes,
3262 3205 3313 3250 et
3339 3195 3555 3249 collecta

1958 3298 2079 3343 sunt
2107 3291 2228 3360 fena
2255 3289 2318 3344 de
2344 3280 2645 3344 montibus?
2668 3286 2799 3355 Quis
2825 3289 2970 3344 enim
2990 3288 3099 3344 hoc
3124 3287 3256 3343 dicit
3282 3294 3374 3343 aut
3395 3276 3550 3354 igno-

1961 3381 2082 3435 rat?

2028 3473 2310 3530 Suouws.
2348 3475 2493 3533 Vere
2536 3475 2735 3541 nullus,
2763 3476 2809 3531 si
2839 3475 2955 3531 haec
2983 3474 3144 3530 verba
3170 3481 3376 3528 tantum
3402 3471 3551 3541 juxta

1960 3566 2192 3622 litteram
2219 3567 2528 3639 accipimus.

2036 3657 2309 3713 VERANUS.
2343 3655 2627 3726 Quomodo
2646 3673 2775 3729 ergo
2804 3659 3145 3728 intelligenda
3166 3661 3325 3715 sunt?

2029 3750 2310 3805 SALONIUS.
2337 3749 2480 3806 Vere
2510 3752 2718 3805 tantum
2743 3750 3113 3822 spiritualiter.
3281 3736 3288 3741 ’

2030 3841 2305 3897 Vesanus.
2337 3840 2476 3909 Quid
2501 3824 2631 3911 ergo
2656 3851 2810 3913 prata
2838 3842 3183 3912 significant?

2027 3933 2306 3989 SALOSIUS.
2338 3931 2444 3988 Per
2464 3942 2617 4003 prata
2638 3932 2989 4002 designantur
3008 3933 3245 3990 cmlestia
3273 3933 3546 4005 mysteria,

1957 4039 2075 4094 qua:
2103 4023 2224 4080 ideo
2252 4032 2406 4095 prata
2428 4023 2700 4094 dicuntur,
2721 4025 2846 4096 quia
2876 4040 3078 4096 pascua
3106 4033 3232 4081 sunt
3252 4024 3549 4083 animarum

1960 4112 2219 4170 lldelium.
2252 4113 2379 4171 Hazc
2409 4116 2550 4171 enim
2599 4124 2774 4187 prata,
2802 4116 2905 4173 hoc
2948 4125 3032 4173 est
3075 4118 3252 4173 divina
3294 4117 3549 4190 mysteria

1957 4207 2049 4263 diu
2078 4224 2240 4263 causa
2270 4208 2486 4265 fuerunt
2505 4210 2605 4265 sub
2628 4210 2768 4283 typis
2790 4226 2855 4266 ac
2884 4210 3067 4282 ﬁguris
3092 4212 3352 4281 legalibus

2030 4300 2299 4358 VEIANUS.
2357 4300 2639 4370 Quomodo
2685 4312 2741 4359 et
2784 4303 3000 4375 quando
3047 4312 3231 4375 aperta
3272 4298 3549 4359 sunthaec

1955 4405 2109 4467 prata
2126 4398 2149 4450 ?

2026 4485 2309 4547 SALONIUS.
2346 4491 2545 4563 Aperta
2574 4491 2775 4562 quippe
2800 4500 2925 4547 sunt
2947 4500 3119 4562 prata,
3144 4493 3267 4563 quia
3298 4506 3396 4562 per
3422 4504 3547 4559 gra-

269 4582 302 4619 a
338 4563 669 4635 sapientibus
696 4563 1067 4633 redarguatur.
1092 4564 1281 4621 Melior
1303 4573 1386 4621 est
1413 4580 1542 4638 ergo
1570 4567 1853 4624 manifesta

1960 4581 2086 4636 tiam
2112 4582 2324 4639 Domini
2353 4583 2651 4639 Salvatoris
2679 4584 2912 4639 revelata
2953 4591 3078 4639 sunt
3098 4584 3334 4639 cmlestia
3362 4598 3545 4638 sacra—

263 4656 559 4726 correptio,
588 4671 749 4727 quam
788 4671 942 4712 amor
969 4657 1342 4723 absconditus,
1375 4658 1499 4730 quia
1530 4659 1698 4717 multo
1745 4656 1885 4716 me-‘

1960 4684 2157 4742 menta,
2199 4677 2414 4746 quando
2443 4678 2645 4745 aperuit
2671 4675 2946 4746 discipulis
2973 4677 3084 4731 suis
3112 4692 3336 4742 sensum,
3366 4683 3422 4728 ut
3458 4678 3544 4730 iu-

266 4748 369 4805 lius
408 4756 492 4803 cst
530 4749 761 4820 aliquem
804 4761 861 4805 ut
915 4752 1215 4822 corrigatur
1241 4752 1522 4810 manifeste
1549 4754 1846 4826 increpare,

263 4857 425 4913 quam
448 4842 625 4898 studio
654 4844 809 4899 simul
837 4844 1094 4914 peccandi
1115 4846 1324 4902 occulte
1352 4846 1593 4916 diligere.

338 4953 600 5008 VBBANUS.
626 4955 763 5021 Quid
808 4965 890 5011 est
916 4957 1061 5026 quod
1090 4958 1168 5012 ait
1200 4976 1212 5009 :
1244 4959 1433 5011 Anima
1470 4967 1705 5013 saturata
1745 4957 1848 5013 cal-

240 5050 399 5103 -rabit
428 5049 638 5119 favum;
668 5048 843 5101 anima
879 5049 1132 5113 esuriens,
1178 5066 1413 5103 amarum
1451 5067 1545 5119 pro
1574 5050 1711 5104 dulci
1758 5066 1846 5105 su-

258 5144 401 5200 met?
427 5139 707 5208 Quomodo
736 5140 913 5195 anima
938 5148 1181 5195 saturata
1209 5139 1388 5194 favum
1413 5141 1631 5207 calcat?

328 5234 609 5287 Sscouws.
660 5230 819 5287 Juxta
859 5232 1112 5299 litteram,
1160 5232 1337 5287 anima
1379 5240 1621 5289 saturata
1666 5231 1843 5288 favum

258 5323 448 5389 calcat,
470 5323 597 5392 quia
617 5323 922 5393 quicunque
941 5323 1075 5378 cibis
1100 5322 1335 5394 repletus
1357 5332 1458 5390 est,
1481 5323 1691 5378 dulcem
1719 5338 1844 5377 con-

260 5415 448 5470 temnit
472 5430 536 5469 ac
561 5415 789 5485 despicit
815 5431 995 5471 escam
1027 5434 1039 5468 :
1077 5415 1170 5485 qui
1197 5430 1329 5470 vero
1360 5415 1547 5479 esurit,
1578 5415 1704 5469 licet
1736 5414 1837 5469 ali-

257 5521 420 5576 quam
452 5506 503 5560 in
531 5506 663 5561 cibis
688 5506 1099 5561 amaritudinem
1126 5514 1321 5571 sumat,
1354 5504 1709 5576 parvipendit.

333 5595 593 5654 VERANUS.
651 5597 1012 5669 Spiritualiter
1058 5606 1258 5663 autem,
1307 5595 1580 5664 quomodo
1635 5596 1834 5652 intelli-

256 5678 426 5762 genda
455 5699 536 5747 est
575 5692 685 5747 haec
714 5690 1017 5747 sententia?
1352 5744 1359 5749 ,

326 5785 603 5842 Sttomus.
642 5786 828 5839 Anima
858 5792 1099 5839 saturata
1139 5793 1219 5840 est
1251 5782 1427 5839 anima
1460 5781 1703 5846 divitum,
1739 5781 1832 5854 qui

1956 4768 2243 4839 telligerent
2263 4768 2565 4838 Srripturas
2598 4764 2749 4837 (Luc.
2782 4765 2962 4836 xnv).
2993 4764 3142 4819 Tunc
3182 4774 3544 4836 apparuerunt

1951 4868 2007 4912 et
2034 4851 2214 4912 herbae
2244 4859 2514 4926 virentes,
2544 4858 2648 4911 hoc
2676 4864 2760 4911 est
2798 4862 2949 4911 nova:
2996 4856 3277 4911 sementim
3313 4871 3543 4928 evange-

1952 4948 2066 5004 lica:
2094 4949 2337 5004 veritatis
2365 4956 2419 5003 et
2446 4948 2648 5017 gloriae.
2750 4974 2755 4983 -

2021 5040 2297 5095 Venauus.
2329 5040 2467 5108 Quid
2496 5041 2799 5111 significant
2828 5042 2965 5099 \fena
2993 5059 3112 5115 qua?
3161 5042 3386 5100 collecta
3417 5047 3540 5095 sunt

1947 5136 2015 5192 de
2046 5135 2355 5191 montibus?

2016 5230 2303 5285 Suosws.
2337 5228 2441 5286 Per
2489 5239 2701 5288 montes
2747 5233 3095 5303 designantur
3138 5230 3307 5285 sancti
3351 5226 3539 5282 Patres

1946 5322 2157 5377 Veteris
2184 5322 2514 5380 Testamenti
2556 5326 2876 5397 scriptores;
2902 5341 2996 5396 per
3023 5323 3167 5385 lena.
3207 5322 3406 5392 scripta
3437 5335 3536 5373 co-

1947 5428 2086 5470 rum.
2128 5412 2369 5472 Collecta
2413 5425 2536 5472 sunt
2565 5417 2685 5471 lena
2730 5417 2796 5471 de
2835 5416 3137 5481 mo’ntibus,
3168 5415 3291 5483 quia
3337 5411 3534 5481 scripta

1945 5516 2257 5563 sanctorum
2281 5517 2521 5564 veterum
2543 5506 2761 5561 Patrum
2784 5505 3008 5562 collecta
3030 5514 3156 5562 sunt
3184 5504 3250 5559 ad
3278 5502 3533 5574 pabulum

1945 5608 2001 5654 et
2028 5600 2096 5656 ad
2126 5600 2471 5656 refectionem
2501 5599 2684 5654 ovium
2711 5597 3119 5666 dominicarum,
3146 5595 3198 5651 id
3215 5604 3296 5649 est
3322 5593 3530 5647 anima-

1943 5707 2061 5745 rum
2093 5688 2347 5745 ﬁdelium.

2013 5782 2278 5837 Vsasscs.
2305 5779 2442 5847 Quid
2465 5789 2547 5836 cst
2569 5781 2713 5852 quod
2741 5780 2817 5835 ait
2848 5797 2861 5834 :
2889 5777 3096 5849 Pauper
3115 5788 3163 5835 et
3186 5778 3409 5835 creditor
3437 5778 3527 5834 ob-
3570 5830 3573 5833 .
