  <div class='ocr_page' id='page_1' title='image "/cluster/home/n/w/nwhite01/storage/ocr_20150623/53/hvd.32044015471576/499.png"; bbox 0 0 4110 6336; ppageno 0'>
   <div class='ocr_carea' id='block_1_1' title="bbox 522 249 620 314">
    <p class='ocr_par' dir='ltr' id='par_1_1' title="bbox 522 249 620 314">
     <span class='ocr_line' id='line_1_1' title="bbox 522 249 620 314; baseline -0.041 0"><span class='ocrx_word' id='word_1_1' title='bbox 522 249 620 314; x_wconf 70' lang='lat'><strong>987</strong></span> 
     </span>
    </p>
   </div>
   <div class='ocr_carea' id='block_1_2' title="bbox 1803 235 2505 298">
    <p class='ocr_par' dir='ltr' id='par_1_2' title="bbox 1803 235 2505 298">
     <span class='ocr_line' id='line_1_2' title="bbox 1803 235 2505 298; baseline -0.01 0"><span class='ocrx_word' id='word_1_2' title='bbox 1803 239 2066 298; x_wconf 69' lang='lat' dir='ltr'><strong>SALONII</strong></span> <span class='ocrx_word' id='word_1_3' title='bbox 2109 235 2505 296; x_wconf 67' lang='lat' dir='ltr'><strong>VIENNENSIS</strong></span> 
     </span>
    </p>
   </div>
   <div class='ocr_carea' id='block_1_3' title="bbox 3703 229 3829 292">
    <p class='ocr_par' dir='ltr' id='par_1_3' title="bbox 3703 229 3829 292">
     <span class='ocr_line' id='line_1_3' title="bbox 3703 229 3829 292; baseline -0.032 -1"><span class='ocrx_word' id='word_1_4' title='bbox 3703 229 3829 292; x_wconf 79' lang='lat'><strong>988</strong></span> 
     </span>
    </p>
   </div>
   <div class='ocr_carea' id='block_1_4' title="bbox 519 351 3830 434">
    <p class='ocr_par' dir='ltr' id='par_1_4' title="bbox 519 351 3830 434">
     <span class='ocr_line' id='line_1_4' title="bbox 519 351 3830 434; baseline -0.006 -11"><span class='ocrx_word' id='word_1_5' title='bbox 519 370 784 428; x_wconf 61' lang='lat' dir='ltr'><strong>minuerunt</strong></span> <span class='ocrx_word' id='word_1_6' title='bbox 835 365 967 432; x_wconf 77' lang='lat' dir='ltr'><strong>sibi,</strong></span> <span class='ocrx_word' id='word_1_7' title='bbox 1024 373 1288 434; x_wconf 71' lang='lat' dir='ltr'><strong>utriusque</strong></span> <span class='ocrx_word' id='word_1_8' title='bbox 1343 361 1666 420; x_wconf 77' lang='lat' dir='ltr'><strong>ittumiuator</strong></span> <span class='ocrx_word' id='word_1_9' title='bbox 1721 371 1796 412; x_wconf 71' lang='lat' dir='ltr'><strong>est</strong></span> <span class='ocrx_word' id='word_1_10' title='bbox 1861 360 2112 414; x_wconf 75' lang='lat' dir='ltr'><strong>Dominus</strong></span> <span class='ocrx_word' id='word_1_11' title='bbox 2139 359 2186 420; x_wconf 81' lang='grc' dir='ltr'><strong>Α</strong></span> <span class='ocrx_word' id='word_1_12' title='bbox 2217 369 2324 426; x_wconf 84' lang='lat' dir='ltr'><strong>gno</strong></span> <span class='ocrx_word' id='word_1_13' title='bbox 2351 355 2534 410; x_wconf 87' lang='lat' dir='ltr'><strong>labore</strong></span> <span class='ocrx_word' id='word_1_14' title='bbox 2575 353 2643 412; x_wconf 87' lang='lat' dir='ltr'><strong>ad</strong></span> <span class='ocrx_word' id='word_1_15' title='bbox 2673 353 2922 410; x_wconf 85' lang='lat' dir='ltr'><strong>notitiam</strong></span> <span class='ocrx_word' id='word_1_16' title='bbox 2952 367 3223 428; x_wconf 70' lang='lat' dir='ltr'><strong>sacprum</strong></span> <span class='ocrx_word' id='word_1_17' title='bbox 3249 351 3654 426; x_wconf 72' lang='lat' dir='ltr'><strong>Scripturarma</strong></span> <span class='ocrx_word' id='word_1_18' title='bbox 3693 368 3830 422; x_wconf 81' lang='lat' dir='ltr'><strong>per-</strong></span> 
     </span>
    </p>
   </div>
   <div class='ocr_carea' id='block_1_5' title="bbox 524 453 2104 533">
    <p class='ocr_par' dir='ltr' id='par_1_5' title="bbox 524 453 2104 533">
     <span class='ocr_line' id='line_1_5' title="bbox 524 453 2104 533; baseline -0.008 -15"><span class='ocrx_word' id='word_1_19' title='bbox 524 460 720 533; x_wconf 78' lang='lat' dir='ltr'><strong>(Prou.</strong></span> <span class='ocrx_word' id='word_1_20' title='bbox 758 460 924 526; x_wconf 73' lang='lat' dir='ltr'><strong>uti)?</strong></span> <span class='ocrx_word' id='word_1_21' title='bbox 951 457 1084 526; x_wconf 73' lang='lat' dir='ltr'><strong>Quis</strong></span> <span class='ocrx_word' id='word_1_22' title='bbox 1109 465 1192 518; x_wconf 78' lang='lat' dir='ltr'><strong>est</strong></span> <span class='ocrx_word' id='word_1_23' title='bbox 1221 457 1322 518; x_wconf 83' lang='lat' dir='ltr'><strong>iste</strong></span> <span class='ocrx_word' id='word_1_24' title='bbox 1363 469 1571 526; x_wconf 78' lang='lat' dir='ltr'><strong>pauper</strong></span> <span class='ocrx_word' id='word_1_25' title='bbox 1608 463 1664 508; x_wconf 87' lang='lat' dir='ltr'><strong>et</strong></span> <span class='ocrx_word' id='word_1_26' title='bbox 1704 453 1804 510; x_wconf 87' lang='lat' dir='ltr'><strong>iste</strong></span> <span class='ocrx_word' id='word_1_27' title='bbox 1833 453 2104 518; x_wconf 77' lang='lat' dir='ltr'><strong>creditor,</strong></span> 
     </span>
    </p>
   </div>
   <div class='ocr_carea' id='block_1_6' title="bbox 521 549 1158 628">
    <p class='ocr_par' dir='ltr' id='par_1_6' title="bbox 521 549 1158 628">
     <span class='ocr_line' id='line_1_6' title="bbox 521 549 1158 628; baseline -0.005 -15"><span class='ocrx_word' id='word_1_28' title='bbox 521 553 614 628; x_wconf 80' lang='lat' dir='ltr'><strong>qui</strong></span> <span class='ocrx_word' id='word_1_29' title='bbox 635 551 740 614; x_wconf 77' lang='lat' dir='ltr'><strong>sibi</strong></span> <span class='ocrx_word' id='word_1_30' title='bbox 765 549 1158 616; x_wconf 70' lang='lat' dir='ltr'><strong>abviavenunt?</strong></span> 
     </span>
    </p>
   </div>
   <div class='ocr_carea' id='block_1_7' title="bbox 591 633 2106 710">
    <p class='ocr_par' dir='ltr' id='par_1_7' title="bbox 591 633 2106 710">
     <span class='ocr_line' id='line_1_7' title="bbox 591 633 2106 710; baseline -0.007 -12"><span class='ocrx_word' id='word_1_31' title='bbox 591 640 874 698; x_wconf 66' lang='lat' dir='ltr'><strong>SALmJUB.</strong></span> <span class='ocrx_word' id='word_1_32' title='bbox 923 639 1136 710; x_wconf 72' lang='lat' dir='ltr'><strong>Pauper.</strong></span> <span class='ocrx_word' id='word_1_33' title='bbox 1181 645 1266 706; x_wconf 76' lang='lat' dir='ltr'><strong>est</strong></span> <span class='ocrx_word' id='word_1_34' title='bbox 1315 636 1534 700; x_wconf 80' lang='lat' dir='ltr'><strong>humilis</strong></span> <span class='ocrx_word' id='word_1_35' title='bbox 1559 677 1576 704; x_wconf 88' lang='lat'><strong>,</strong></span> <span class='ocrx_word' id='word_1_36' title='bbox 1635 635 1783 706; x_wconf 81' lang='lat' dir='ltr'><strong>verbi</strong></span> <span class='ocrx_word' id='word_1_37' title='bbox 1837 633 2048 696; x_wconf 80' lang='lat' dir='ltr'><strong>auditor</strong></span> <span class='ocrx_word' id='word_1_38' title='bbox 2090 649 2106 688; x_wconf 87' lang='lat'><strong>:</strong></span> 
     </span>
    </p>
   </div>
   <div class='ocr_carea' id='block_1_8' title="bbox 517 724 2110 802">
    <p class='ocr_par' dir='ltr' id='par_1_8' title="bbox 517 724 2110 802">
     <span class='ocr_line' id='line_1_8' title="bbox 517 724 2110 802; baseline -0.009 -12"><span class='ocrx_word' id='word_1_39' title='bbox 517 733 755 802; x_wconf 82' lang='lat' dir='ltr'><strong>creditor</strong></span> <span class='ocrx_word' id='word_1_40' title='bbox 782 740 960 800; x_wconf 75' lang='lat' dir='ltr'><strong>autem</strong></span> <span class='ocrx_word' id='word_1_41' title='bbox 987 739 1072 788; x_wconf 81' lang='lat' dir='ltr'><strong>est</strong></span> <span class='ocrx_word' id='word_1_42' title='bbox 1113 730 1208 800; x_wconf 84' lang='lat' dir='ltr'><strong>qui</strong></span> <span class='ocrx_word' id='word_1_43' title='bbox 1251 729 1496 800; x_wconf 78' lang='lat' dir='ltr'><strong>pauperi,</strong></span> <span class='ocrx_word' id='word_1_44' title='bbox 1545 726 1598 784; x_wconf 85' lang='lat' dir='ltr'><strong>id</strong></span> <span class='ocrx_word' id='word_1_45' title='bbox 1643 733 1730 798; x_wconf 84' lang='lat' dir='ltr'><strong>est</strong></span> <span class='ocrx_word' id='word_1_46' title='bbox 1777 724 1962 780; x_wconf 86' lang='lat' dir='ltr'><strong>humili</strong></span> <span class='ocrx_word' id='word_1_47' title='bbox 2010 737 2110 786; x_wconf 78' lang='lat' dir='ltr'><strong>au-</strong></span> 
     </span>
    </p>
   </div>
   <div class='ocr_carea' id='block_1_9' title="bbox 523 816 2036 896">
    <p class='ocr_par' dir='ltr' id='par_1_9' title="bbox 523 816 2036 896">
     <span class='ocr_line' id='line_1_9' title="bbox 523 816 2036 896; baseline -0.009 -12"><span class='ocrx_word' id='word_1_48' title='bbox 523 824 708 890; x_wconf 85' lang='lat' dir='ltr'><strong>ditori,</strong></span> <span class='ocrx_word' id='word_1_49' title='bbox 739 823 1022 896; x_wconf 68' lang='lat' dir='ltr'><strong>pecuniam</strong></span> <span class='ocrx_word' id='word_1_50' title='bbox 1059 821 1208 886; x_wconf 76' lang='lat' dir='ltr'><strong>rei-bi</strong></span> <span class='ocrx_word' id='word_1_51' title='bbox 1233 821 1332 880; x_wconf 84' lang='lat' dir='ltr'><strong>Dei</strong></span> <span class='ocrx_word' id='word_1_52' title='bbox 1359 818 1701 891; x_wconf 68' lang='lat' dir='ltr'><strong>pmtmdo</strong></span> <span class='ocrx_word' id='word_1_53' title='bbox 1729 816 2036 878; x_wconf 73' lang='lat' dir='ltr'><strong>committit.</strong></span> 
     </span>
    </p>
   </div>
   <div class='ocr_carea' id='block_1_10' title="bbox 596 907 2112 985">
    <p class='ocr_par' dir='ltr' id='par_1_10' title="bbox 596 907 2112 985">
     <span class='ocr_line' id='line_1_10' title="bbox 596 907 2112 985; baseline -0.005 -13"><span class='ocrx_word' id='word_1_54' title='bbox 596 917 866 980; x_wconf 56' lang='lat' dir='ltr'><strong>Venimus.</strong></span> <span class='ocrx_word' id='word_1_55' title='bbox 911 913 1142 982; x_wconf 76' lang='lat' dir='ltr'><strong>Quando</strong></span> <span class='ocrx_word' id='word_1_56' title='bbox 1205 927 1410 985; x_wconf 81' lang='lat' dir='ltr'><strong>pauper</strong></span> <span class='ocrx_word' id='word_1_57' title='bbox 1435 967 1446 978; x_wconf 86' lang='lat'>_</span> <span class='ocrx_word' id='word_1_58' title='bbox 1469 919 1526 968; x_wconf 89' lang='lat' dir='ltr'><strong>et</strong></span> <span class='ocrx_word' id='word_1_59' title='bbox 1596 909 1827 970; x_wconf 87' lang='lat' dir='ltr'><strong>creditor</strong></span> <span class='ocrx_word' id='word_1_60' title='bbox 1891 907 2112 968; x_wconf 84' lang='lat' dir='ltr'><strong>obviaut</strong></span> 
     </span>
    </p>
   </div>
   <div class='ocr_carea' id='block_1_11' title="bbox 519 1007 1788 1064">
    <p class='ocr_par' dir='ltr' id='par_1_11' title="bbox 519 1007 1788 1064">
     <span class='ocr_line' id='line_1_11' title="bbox 519 1007 1788 1064; baseline 0 -2"><span class='ocrx_word' id='word_1_61' title='bbox 519 1007 662 1064; x_wconf 82' lang='lat' dir='ltr'><strong>sibi?</strong></span> <span class='ocrx_word' id='word_1_62' title='bbox 1693 1023 1702 1030; x_wconf 82' lang='lat'>&#39;</span> <span class='ocrx_word' id='word_1_63' title='bbox 1783 1025 1788 1030; x_wconf 94' lang='grc'><strong>·</strong></span> 
     </span>
    </p>
   </div>
   <div class='ocr_carea' id='block_1_12' title="bbox 589 1091 2112 1168">
    <p class='ocr_par' dir='ltr' id='par_1_12' title="bbox 589 1091 2112 1168">
     <span class='ocr_line' id='line_1_12' title="bbox 589 1091 2112 1168; baseline -0.005 -12"><span class='ocrx_word' id='word_1_64' title='bbox 589 1100 870 1166; x_wconf 52' lang='grc' dir='ltr'>διιοιιιυδ,</span> <span class='ocrx_word' id='word_1_65' title='bbox 901 1098 1132 1168; x_wconf 74' lang='lat' dir='ltr'><strong>Quando</strong></span> <span class='ocrx_word' id='word_1_66' title='bbox 1177 1098 1232 1158; x_wconf 81' lang='lat' dir='ltr'><strong>in</strong></span> <span class='ocrx_word' id='word_1_67' title='bbox 1283 1112 1444 1162; x_wconf 80' lang='lat' dir='ltr'><strong>unam</strong></span> <span class='ocrx_word' id='word_1_68' title='bbox 1494 1094 1845 1164; x_wconf 74' lang='lat' dir='ltr'><strong>eamdemque</strong></span> <span class='ocrx_word' id='word_1_69' title='bbox 1899 1091 2112 1152; x_wconf 85' lang='lat' dir='ltr'><strong>auditor</strong></span> 
     </span>
    </p>
   </div>
   <div class='ocr_carea' id='block_1_13' title="bbox 518 1185 2112 1260">
    <p class='ocr_par' dir='ltr' id='par_1_13' title="bbox 518 1185 2112 1260">
     <span class='ocr_line' id='line_1_13' title="bbox 518 1185 2112 1260; baseline -0.008 -12"><span class='ocrx_word' id='word_1_70' title='bbox 518 1192 678 1250; x_wconf 83' lang='lat' dir='ltr'><strong>simul</strong></span> <span class='ocrx_word' id='word_1_71' title='bbox 706 1199 764 1248; x_wconf 88' lang='lat' dir='ltr'><strong>et</strong></span> <span class='ocrx_word' id='word_1_72' title='bbox 791 1191 1113 1260; x_wconf 75' lang='lat' dir='ltr'><strong>praedicator</strong></span> <span class='ocrx_word' id='word_1_73' title='bbox 1139 1189 1336 1254; x_wconf 70' lang='lat' dir='ltr'><strong>divinat</strong></span> <span class='ocrx_word' id='word_1_74' title='bbox 1377 1186 1598 1257; x_wconf 78' lang='lat' dir='ltr'><strong>pietatis</strong></span> <span class='ocrx_word' id='word_1_75' title='bbox 1637 1185 1868 1256; x_wconf 82' lang='lat' dir='ltr'><strong>gratiam</strong></span> <span class='ocrx_word' id='word_1_76' title='bbox 1909 1197 2112 1238; x_wconf 84' lang='lat' dir='ltr'><strong>conve-</strong></span> 
     </span>
    </p>
   </div>
   <div class='ocr_carea' id='block_1_14' title="bbox 519 1275 2112 1352">
    <p class='ocr_par' dir='ltr' id='par_1_14' title="bbox 519 1275 2112 1352">
     <span class='ocr_line' id='line_1_14' title="bbox 519 1275 2112 1352; baseline -0.006 -15"><span class='ocrx_word' id='word_1_77' title='bbox 519 1283 672 1337; x_wconf 88' lang='lat' dir='ltr'><strong>niunt</strong></span> <span class='ocrx_word' id='word_1_78' title='bbox 704 1301 716 1334; x_wconf 90' lang='lat'><strong>:</strong></span> <span class='ocrx_word' id='word_1_79' title='bbox 750 1282 890 1338; x_wconf 90' lang='lat' dir='ltr'><strong>unde</strong></span> <span class='ocrx_word' id='word_1_80' title='bbox 919 1281 1142 1352; x_wconf 80' lang='lat' dir='ltr'><strong>pulchre</strong></span> <span class='ocrx_word' id='word_1_81' title='bbox 1163 1281 1404 1349; x_wconf 73' lang='lat' dir='ltr'><strong>sequitur</strong></span> <span class='ocrx_word' id='word_1_82' title='bbox 1438 1297 1449 1332; x_wconf 93' lang='lat'><strong>:</strong></span> <span class='ocrx_word' id='word_1_83' title='bbox 1487 1277 1761 1348; x_wconf 71' lang='lat' dir='ltr'><strong>Utriusque</strong></span> <span class='ocrx_word' id='word_1_84' title='bbox 1788 1275 2112 1330; x_wconf 66' lang='lat' dir='ltr'><strong>itteminator</strong></span> 
     </span>
    </p>
   </div>
   <div class='ocr_carea' id='block_1_15' title="bbox 517 1367 2112 1446">
    <p class='ocr_par' dir='ltr' id='par_1_15' title="bbox 517 1367 2112 1446">
     <span class='ocr_line' id='line_1_15' title="bbox 517 1367 2112 1446; baseline -0.006 -16"><span class='ocrx_word' id='word_1_85' title='bbox 517 1386 592 1430; x_wconf 75' lang='lat' dir='ltr'><strong>eu</strong></span> <span class='ocrx_word' id='word_1_86' title='bbox 615 1375 870 1438; x_wconf 71' lang='lat' dir='ltr'><strong>Dominus</strong></span> <span class='ocrx_word' id='word_1_87' title='bbox 903 1373 1092 1446; x_wconf 80' lang='lat' dir='ltr'><strong>(Prov.</strong></span> <span class='ocrx_word' id='word_1_88' title='bbox 1121 1371 1318 1444; x_wconf 72' lang='lat' dir='ltr'><strong>xxix);</strong></span> <span class='ocrx_word' id='word_1_89' title='bbox 1347 1371 1474 1442; x_wconf 72' lang='lat' dir='ltr'><strong>quia</strong></span> <span class='ocrx_word' id='word_1_90' title='bbox 1525 1371 1642 1428; x_wconf 85' lang='lat' dir='ltr'><strong>sine</strong></span> <span class='ocrx_word' id='word_1_91' title='bbox 1697 1368 1870 1438; x_wconf 83' lang='lat' dir='ltr'><strong>gratia</strong></span> <span class='ocrx_word' id='word_1_92' title='bbox 1921 1367 2112 1422; x_wconf 81' lang='lat' dir='ltr'><strong>divinae</strong></span> 
     </span>
    </p>
   </div>
   <div class='ocr_carea' id='block_1_16' title="bbox 517 1459 2110 1538">
    <p class='ocr_par' dir='ltr' id='par_1_16' title="bbox 517 1459 2110 1538">
     <span class='ocr_line' id='line_1_16' title="bbox 517 1459 2110 1538; baseline -0.006 -16"><span class='ocrx_word' id='word_1_93' title='bbox 517 1467 754 1538; x_wconf 74' lang='lat' dir='ltr'><strong>pietatis,</strong></span> <span class='ocrx_word' id='word_1_94' title='bbox 787 1481 890 1532; x_wconf 70' lang='lat' dir='ltr'><strong>nec</strong></span> <span class='ocrx_word' id='word_1_95' title='bbox 915 1467 1006 1532; x_wconf 60' lang='lat' dir='ltr'><strong>ille</strong></span> <span class='ocrx_word' id='word_1_96' title='bbox 1033 1466 1208 1536; x_wconf 66' lang='lat' dir='ltr'><strong>mtuit</strong></span> <span class='ocrx_word' id='word_1_97' title='bbox 1240 1465 1558 1536; x_wconf 58' lang='lat' dir='ltr'><strong>eradicare,</strong></span> <span class='ocrx_word' id='word_1_98' title='bbox 1587 1477 1689 1520; x_wconf 86' lang='lat' dir='ltr'><strong>nec</strong></span> <span class='ocrx_word' id='word_1_99' title='bbox 1729 1463 1832 1526; x_wconf 85' lang='lat' dir='ltr'><strong>iste</strong></span> <span class='ocrx_word' id='word_1_100' title='bbox 1867 1459 2110 1520; x_wconf 76' lang='lat' dir='ltr'><strong>credere.</strong></span> 
     </span>
    </p>
   </div>
   <div class='ocr_carea' id='block_1_17' title="bbox 593 1553 2113 1628">
    <p class='ocr_par' dir='ltr' id='par_1_17' title="bbox 593 1553 2113 1628">
     <span class='ocr_line' id='line_1_17' title="bbox 593 1553 2113 1628; baseline -0.004 -14"><span class='ocrx_word' id='word_1_101' title='bbox 593 1559 862 1624; x_wconf 67' lang='lat' dir='ltr'><strong>Vannius.</strong></span> <span class='ocrx_word' id='word_1_102' title='bbox 895 1558 1034 1626; x_wconf 80' lang='lat' dir='ltr'><strong>Quid</strong></span> <span class='ocrx_word' id='word_1_103' title='bbox 1063 1565 1148 1624; x_wconf 73' lang='lat' dir='ltr'><strong>est</strong></span> <span class='ocrx_word' id='word_1_104' title='bbox 1191 1557 1336 1628; x_wconf 84' lang='lat' dir='ltr'><strong>quod</strong></span> <span class='ocrx_word' id='word_1_105' title='bbox 1364 1557 1440 1622; x_wconf 80' lang='lat' dir='ltr'><strong>ait</strong></span> <span class='ocrx_word' id='word_1_106' title='bbox 1473 1575 1485 1608; x_wconf 88' lang='lat'><strong>:</strong></span> <span class='ocrx_word' id='word_1_107' title='bbox 1517 1555 1648 1612; x_wconf 76' lang='lat' dir='ltr'><strong>Cum</strong></span> <span class='ocrx_word' id='word_1_108' title='bbox 1674 1554 1942 1627; x_wconf 79' lang='lat' dir='ltr'><strong>prophetia</strong></span> <span class='ocrx_word' id='word_1_109' title='bbox 1971 1553 2113 1622; x_wconf 69' lang='lat' dir='ltr'><strong>defe-</strong></span> 
     </span>
    </p>
   </div>
   <div class='ocr_carea' id='block_1_18' title="bbox 519 1643 2106 1720">
    <p class='ocr_par' dir='ltr' id='par_1_18' title="bbox 519 1643 2106 1720">
     <span class='ocr_line' id='line_1_18' title="bbox 519 1643 2106 1720; baseline -0.003 -17"><span class='ocrx_word' id='word_1_110' title='bbox 519 1651 664 1717; x_wconf 78' lang='lat' dir='ltr'><strong>cerit,</strong></span> <span class='ocrx_word' id='word_1_111' title='bbox 698 1648 1033 1720; x_wconf 79' lang='lat' dir='ltr'><strong>dissipabit-ur</strong></span> <span class='ocrx_word' id='word_1_112' title='bbox 1059 1648 1312 1720; x_wconf 80' lang='lat' dir='ltr'><strong>populus?</strong></span> <span class='ocrx_word' id='word_1_113' title='bbox 1347 1647 1478 1714; x_wconf 66' lang='lat' dir='ltr'><strong>Quae</strong></span> <span class='ocrx_word' id='word_1_114' title='bbox 1523 1653 1604 1701; x_wconf 88' lang='lat' dir='ltr'><strong>est</strong></span> <span class='ocrx_word' id='word_1_115' title='bbox 1635 1647 1749 1716; x_wconf 63' lang='lat' dir='ltr'><strong>haec</strong></span> <span class='ocrx_word' id='word_1_116' title='bbox 1793 1643 2106 1714; x_wconf 77' lang='lat' dir='ltr'><strong>prophetia,</strong></span> 
     </span>
    </p>
   </div>
   <div class='ocr_carea' id='block_1_19' title="bbox 518 1737 1594 1810">
    <p class='ocr_par' dir='ltr' id='par_1_19' title="bbox 518 1737 1594 1810">
     <span class='ocr_line' id='line_1_19' title="bbox 518 1737 1594 1810; baseline -0.011 0"><span class='ocrx_word' id='word_1_117' title='bbox 518 1753 622 1810; x_wconf 68' lang='lat' dir='ltr'><strong>qua</strong></span> <span class='ocrx_word' id='word_1_118' title='bbox 649 1737 948 1810; x_wconf 65' lang='lat' dir='ltr'><strong>deﬁciente,</strong></span> <span class='ocrx_word' id='word_1_119' title='bbox 966 1739 1198 1810; x_wconf 68' lang='lat' dir='ltr'><strong>repulus</strong></span> <span class='ocrx_word' id='word_1_120' title='bbox 1217 1738 1594 1810; x_wconf 68' lang='lat' dir='ltr'><strong>dissipabitur?</strong></span> 
     </span>
    </p>
   </div>
   <div class='ocr_carea' id='block_1_20' title="bbox 587 1829 2114 1902">
    <p class='ocr_par' dir='ltr' id='par_1_20' title="bbox 587 1829 2114 1902">
     <span class='ocr_line' id='line_1_20' title="bbox 587 1829 2114 1902; baseline -0.003 -16"><span class='ocrx_word' id='word_1_121' title='bbox 587 1831 867 1900; x_wconf 63' lang='lat' dir='ltr'><strong>Saturnus.</strong></span> <span class='ocrx_word' id='word_1_122' title='bbox 897 1831 1188 1902; x_wconf 79' lang='lat' dir='ltr'><strong>Prophetia</strong></span> <span class='ocrx_word' id='word_1_123' title='bbox 1209 1840 1294 1888; x_wconf 87' lang='lat' dir='ltr'><strong>est</strong></span> <span class='ocrx_word' id='word_1_124' title='bbox 1315 1829 1670 1902; x_wconf 73' lang='lat' dir='ltr'><strong>sacerdotalis</strong></span> <span class='ocrx_word' id='word_1_125' title='bbox 1689 1829 1920 1886; x_wconf 89' lang='lat' dir='ltr'><strong>eruditio</strong></span> <span class='ocrx_word' id='word_1_126' title='bbox 1949 1839 2114 1896; x_wconf 86' lang='lat' dir='ltr'><strong>atque</strong></span> 
     </span>
    </p>
   </div>
   <div class='ocr_carea' id='block_1_21' title="bbox 519 1917 2114 1996">
    <p class='ocr_par' dir='ltr' id='par_1_21' title="bbox 519 1917 2114 1996">
     <span class='ocr_line' id='line_1_21' title="bbox 519 1917 2114 1996; baseline -0.003 -18"><span class='ocrx_word' id='word_1_127' title='bbox 519 1921 805 1982; x_wconf 81' lang='lat' dir='ltr'><strong>doctrina:</strong></span> <span class='ocrx_word' id='word_1_128' title='bbox 836 1937 964 1992; x_wconf 79' lang='lat' dir='ltr'><strong>ergo</strong></span> <span class='ocrx_word' id='word_1_129' title='bbox 992 1938 1116 1988; x_wconf 83' lang='lat' dir='ltr'><strong>cum</strong></span> <span class='ocrx_word' id='word_1_130' title='bbox 1164 1921 1454 1996; x_wconf 71' lang='lat' dir='ltr'><strong>cessaverit</strong></span> <span class='ocrx_word' id='word_1_131' title='bbox 1496 1920 1740 1980; x_wconf 81' lang='lat' dir='ltr'><strong>doctrina</strong></span> <span class='ocrx_word' id='word_1_132' title='bbox 1783 1930 1836 1976; x_wconf 88' lang='lat' dir='ltr'><strong>ct</strong></span> <span class='ocrx_word' id='word_1_133' title='bbox 1885 1917 2114 1982; x_wconf 82' lang='lat' dir='ltr'><strong>eruditio</strong></span> 
     </span>
    </p>
   </div>
   <div class='ocr_carea' id='block_1_22' title="bbox 519 2010 2115 2090">
    <p class='ocr_par' dir='ltr' id='par_1_22' title="bbox 519 2010 2115 2090">
     <span class='ocr_line' id='line_1_22' title="bbox 519 2010 2115 2090; baseline -0.004 -20"><span class='ocrx_word' id='word_1_134' title='bbox 519 2013 882 2078; x_wconf 67' lang='lat' dir='ltr'><strong>satcrdotum,</strong></span> <span class='ocrx_word' id='word_1_135' title='bbox 911 2013 1140 2088; x_wconf 76' lang='lat' dir='ltr'><strong>populus</strong></span> <span class='ocrx_word' id='word_1_136' title='bbox 1188 2012 1564 2090; x_wconf 71' lang='lat' dir='ltr'><strong>dissipabitur;</strong></span> <span class='ocrx_word' id='word_1_137' title='bbox 1608 2011 1732 2084; x_wconf 84' lang='lat' dir='ltr'><strong>quia</strong></span> <span class='ocrx_word' id='word_1_138' title='bbox 1788 2026 1908 2066; x_wconf 86' lang='lat' dir='ltr'><strong>cum</strong></span> <span class='ocrx_word' id='word_1_139' title='bbox 1962 2010 2115 2066; x_wconf 87' lang='lat' dir='ltr'><strong>deest</strong></span> 
     </span>
    </p>
   </div>
   <div class='ocr_carea' id='block_1_23' title="bbox 519 2103 2114 2178">
    <p class='ocr_par' dir='ltr' id='par_1_23' title="bbox 519 2103 2114 2178">
     <span class='ocr_line' id='line_1_23' title="bbox 519 2103 2114 2178; baseline -0.002 -18"><span class='ocrx_word' id='word_1_140' title='bbox 519 2106 816 2174; x_wconf 76' lang='lat' dir='ltr'><strong>admonitio</strong></span> <span class='ocrx_word' id='word_1_141' title='bbox 837 2115 891 2162; x_wconf 88' lang='lat' dir='ltr'><strong>et</strong></span> <span class='ocrx_word' id='word_1_142' title='bbox 911 2106 1207 2178; x_wconf 79' lang='lat' dir='ltr'><strong>increpatio</strong></span> <span class='ocrx_word' id='word_1_143' title='bbox 1247 2104 1612 2170; x_wconf 80' lang='lat' dir='ltr'><strong>sacerdotum,</strong></span> <span class='ocrx_word' id='word_1_144' title='bbox 1636 2121 1745 2178; x_wconf 74' lang='lat' dir='ltr'><strong>sua:</strong></span> <span class='ocrx_word' id='word_1_145' title='bbox 1771 2103 2034 2164; x_wconf 78' lang='lat' dir='ltr'><strong>voluntati</strong></span> <span class='ocrx_word' id='word_1_146' title='bbox 2059 2111 2114 2158; x_wconf 92' lang='lat' dir='ltr'><strong>et</strong></span> 
     </span>
    </p>
   </div>
   <div class='ocr_carea' id='block_1_24' title="bbox 519 2194 2112 2272">
    <p class='ocr_par' dir='ltr' id='par_1_24' title="bbox 519 2194 2112 2272">
     <span class='ocr_line' id='line_1_24' title="bbox 519 2194 2112 2272; baseline 0 -22"><span class='ocrx_word' id='word_1_147' title='bbox 519 2197 744 2272; x_wconf 84' lang='lat' dir='ltr'><strong>arbitrio</strong></span> <span class='ocrx_word' id='word_1_148' title='bbox 765 2197 1106 2272; x_wconf 67' lang='lat' dir='ltr'><strong>relinquitur,</strong></span> <span class='ocrx_word' id='word_1_149' title='bbox 1133 2205 1190 2262; x_wconf 82' lang='lat' dir='ltr'><strong>et</strong></span> <span class='ocrx_word' id='word_1_150' title='bbox 1208 2197 1468 2272; x_wconf 69' lang='lat' dir='ltr'><strong>continuo.</strong></span> <span class='ocrx_word' id='word_1_151' title='bbox 1488 2196 1652 2262; x_wconf 82' lang='lat' dir='ltr'><strong>variis</strong></span> <span class='ocrx_word' id='word_1_152' title='bbox 1673 2195 1908 2270; x_wconf 79' lang='lat' dir='ltr'><strong>peccatis</strong></span> <span class='ocrx_word' id='word_1_153' title='bbox 1937 2194 2112 2252; x_wconf 86' lang='lat' dir='ltr'><strong>vitiis-</strong></span> 
     </span>
    </p>
   </div>
   <div class='ocr_carea' id='block_1_25' title="bbox 519 2289 1036 2362">
    <p class='ocr_par' dir='ltr' id='par_1_25' title="bbox 519 2289 1036 2362">
     <span class='ocr_line' id='line_1_25' title="bbox 519 2289 1036 2362; baseline -0.002 -18"><span class='ocrx_word' id='word_1_154' title='bbox 519 2305 628 2358; x_wconf 88' lang='lat' dir='ltr'><strong>que</strong></span> <span class='ocrx_word' id='word_1_155' title='bbox 656 2289 1036 2362; x_wconf 78' lang='lat' dir='ltr'><strong>corrumpitur.</strong></span> 
     </span>
    </p>
   </div>
   <div class='ocr_carea' id='block_1_26' title="bbox 593 2381 2112 2456">
    <p class='ocr_par' dir='ltr' id='par_1_26' title="bbox 593 2381 2112 2456">
     <span class='ocr_line' id='line_1_26' title="bbox 593 2381 2112 2456; baseline 0 -20"><span class='ocrx_word' id='word_1_156' title='bbox 593 2382 860 2438; x_wconf 67' lang='grc' dir='ltr'><strong>νειυικυε.</strong></span> <span class='ocrx_word' id='word_1_157' title='bbox 888 2381 1172 2450; x_wconf 82' lang='lat' dir='ltr'><strong>Quomodo</strong></span> <span class='ocrx_word' id='word_1_158' title='bbox 1189 2383 1384 2451; x_wconf 77' lang='lat' dir='ltr'><strong>ignitus</strong></span> <span class='ocrx_word' id='word_1_159' title='bbox 1403 2383 1622 2454; x_wconf 84' lang='lat' dir='ltr'><strong>clypens</strong></span> <span class='ocrx_word' id='word_1_160' title='bbox 1638 2391 1721 2456; x_wconf 82' lang='lat' dir='ltr'><strong>est</strong></span> <span class='ocrx_word' id='word_1_161' title='bbox 1737 2383 1912 2440; x_wconf 70' lang='lat' dir='ltr'><strong>annuis</strong></span> <span class='ocrx_word' id='word_1_162' title='bbox 1933 2397 2112 2440; x_wconf 87' lang='lat' dir='ltr'><strong>sermo</strong></span> 
     </span>
    </p>
   </div>
   <div class='ocr_carea' id='block_1_27' title="bbox 415 2464 2116 2548">
    <p class='ocr_par' dir='ltr' id='par_1_27' title="bbox 415 2464 2116 2548">
     <span class='ocr_line' id='line_1_27' title="bbox 415 2464 2116 2548; baseline 0 -20"><span class='ocrx_word' id='word_1_163' title='bbox 415 2464 426 2474; x_wconf 46' lang='grc'>⁸</span> <span class='ocrx_word' id='word_1_164' title='bbox 521 2470 616 2538; x_wconf 82' lang='lat' dir='ltr'><strong>Dei</strong></span> <span class='ocrx_word' id='word_1_165' title='bbox 645 2492 658 2526; x_wconf 90' lang='lat'><strong>:</strong></span> <span class='ocrx_word' id='word_1_166' title='bbox 692 2474 930 2538; x_wconf 78' lang='lat' dir='ltr'><strong>siceitim</strong></span> <span class='ocrx_word' id='word_1_167' title='bbox 959 2473 1092 2530; x_wconf 80' lang='lat' dir='ltr'><strong>dicit</strong></span> <span class='ocrx_word' id='word_1_168' title='bbox 1113 2474 1406 2538; x_wconf 74' lang='lat' dir='ltr'><strong>Salomon:</strong></span> <span class='ocrx_word' id='word_1_169' title='bbox 1433 2475 1616 2538; x_wconf 79' lang='lat' dir='ltr'><strong>Omnis</strong></span> <span class='ocrx_word' id='word_1_170' title='bbox 1637 2493 1806 2530; x_wconf 81' lang='lat' dir='ltr'><strong>sermo</strong></span> <span class='ocrx_word' id='word_1_171' title='bbox 1835 2474 1956 2544; x_wconf 67' lang='lat' dir='ltr'><strong>Dei,</strong></span> <span class='ocrx_word' id='word_1_172' title='bbox 1979 2476 2116 2548; x_wconf 83' lang='lat' dir='ltr'><strong>igui-</strong></span> 
     </span>
    </p>
   </div>
   <div class='ocr_carea' id='block_1_28' title="bbox 523 2564 1909 2638">
    <p class='ocr_par' dir='ltr' id='par_1_28' title="bbox 523 2564 1909 2638">
     <span class='ocr_line' id='line_1_28' title="bbox 523 2564 1909 2638; baseline 0.001 -21"><span class='ocrx_word' id='word_1_173' title='bbox 523 2573 604 2624; x_wconf 80' lang='lat' dir='ltr'><strong>tus</strong></span> <span class='ocrx_word' id='word_1_174' title='bbox 631 2565 839 2638; x_wconf 71' lang='lat' dir='ltr'><strong>ctypeus</strong></span> <span class='ocrx_word' id='word_1_175' title='bbox 868 2573 944 2620; x_wconf 70' lang='lat' dir='ltr'><strong>est</strong></span> <span class='ocrx_word' id='word_1_176' title='bbox 973 2564 1302 2636; x_wconf 74' lang='lat' dir='ltr'><strong>sperantibus</strong></span> <span class='ocrx_word' id='word_1_177' title='bbox 1327 2566 1382 2624; x_wconf 84' lang='lat' dir='ltr'><strong>in</strong></span> <span class='ocrx_word' id='word_1_178' title='bbox 1411 2582 1466 2624; x_wconf 76' lang='lat' dir='ltr'><strong>se</strong></span> <span class='ocrx_word' id='word_1_179' title='bbox 1510 2565 1699 2636; x_wconf 84' lang='lat' dir='ltr'><strong>(Prov.</strong></span> <span class='ocrx_word' id='word_1_180' title='bbox 1741 2566 1909 2634; x_wconf 76' lang='lat' dir='ltr'><strong>xxx)?</strong></span> 
     </span>
    </p>
   </div>
   <div class='ocr_carea' id='block_1_29' title="bbox 593 2651 2116 2722">
    <p class='ocr_par' dir='ltr' id='par_1_29' title="bbox 593 2651 2116 2722">
     <span class='ocr_line' id='line_1_29' title="bbox 593 2651 2116 2722; baseline 0.001 -12"><span class='ocrx_word' id='word_1_181' title='bbox 593 2653 870 2720; x_wconf 59' lang='lat' dir='ltr'><strong>SALONIUS.</strong></span> <span class='ocrx_word' id='word_1_182' title='bbox 904 2651 1088 2722; x_wconf 76' lang='lat' dir='ltr'><strong>Qtnnis</strong></span> <span class='ocrx_word' id='word_1_183' title='bbox 1107 2671 1292 2720; x_wconf 82' lang='lat' dir='ltr'><strong>sermo</strong></span> <span class='ocrx_word' id='word_1_184' title='bbox 1311 2655 1506 2712; x_wconf 73' lang='lat' dir='ltr'><strong>divina:</strong></span> <span class='ocrx_word' id='word_1_185' title='bbox 1533 2655 1886 2720; x_wconf 83' lang='lat' dir='ltr'><strong>auctoritatis,</strong></span> <span class='ocrx_word' id='word_1_186' title='bbox 1921 2655 2116 2722; x_wconf 87' lang='lat' dir='ltr'><strong>idcirco</strong></span> 
     </span>
    </p>
   </div>
   <div class='ocr_carea' id='block_1_30' title="bbox 523 2746 2115 2818">
    <p class='ocr_par' dir='ltr' id='par_1_30' title="bbox 523 2746 2115 2818">
     <span class='ocr_line' id='line_1_30' title="bbox 523 2746 2115 2818; baseline 0.001 -17"><span class='ocrx_word' id='word_1_187' title='bbox 523 2746 722 2816; x_wconf 81' lang='lat' dir='ltr'><strong>ignitus</strong></span> <span class='ocrx_word' id='word_1_188' title='bbox 741 2746 959 2818; x_wconf 70' lang='lat' dir='ltr'><strong>clypeus</strong></span> <span class='ocrx_word' id='word_1_189' title='bbox 980 2746 1192 2814; x_wconf 83' lang='lat' dir='ltr'><strong>dicitur,</strong></span> <span class='ocrx_word' id='word_1_190' title='bbox 1211 2747 1334 2818; x_wconf 84' lang='lat' dir='ltr'><strong>quia</strong></span> <span class='ocrx_word' id='word_1_191' title='bbox 1356 2747 1520 2812; x_wconf 84' lang='lat' dir='ltr'><strong>corda</strong></span> <span class='ocrx_word' id='word_1_192' title='bbox 1535 2747 1830 2806; x_wconf 86' lang='lat' dir='ltr'><strong>electorum</strong></span> <span class='ocrx_word' id='word_1_193' title='bbox 1853 2747 1944 2818; x_wconf 88' lang='lat' dir='ltr'><strong>qui</strong></span> <span class='ocrx_word' id='word_1_194' title='bbox 1965 2763 2115 2818; x_wconf 86' lang='lat' dir='ltr'><strong>spem</strong></span> 
     </span>
    </p>
   </div>
   <div class='ocr_carea' id='block_1_31' title="bbox 523 2837 2119 2918">
    <p class='ocr_par' dir='ltr' id='par_1_31' title="bbox 523 2837 2119 2918">
     <span class='ocr_line' id='line_1_31' title="bbox 523 2837 2119 2918; baseline 0.002 -24"><span class='ocrx_word' id='word_1_195' title='bbox 523 2853 676 2894; x_wconf 86' lang='lat' dir='ltr'><strong>suam</strong></span> <span class='ocrx_word' id='word_1_196' title='bbox 705 2837 758 2894; x_wconf 89' lang='lat' dir='ltr'><strong>in</strong></span> <span class='ocrx_word' id='word_1_197' title='bbox 806 2837 924 2904; x_wconf 76' lang='lat' dir='ltr'><strong>Deo</strong></span> <span class='ocrx_word' id='word_1_198' title='bbox 965 2846 1190 2910; x_wconf 74' lang='lat' dir='ltr'><strong>ponunt,</strong></span> <span class='ocrx_word' id='word_1_199' title='bbox 1223 2846 1278 2898; x_wconf 89' lang='lat' dir='ltr'><strong>et</strong></span> <span class='ocrx_word' id='word_1_200' title='bbox 1307 2839 1432 2918; x_wconf 84' lang='lat' dir='ltr'><strong>igne</strong></span> <span class='ocrx_word' id='word_1_201' title='bbox 1460 2839 1721 2900; x_wconf 84' lang='lat' dir='ltr'><strong>claritatis</strong></span> <span class='ocrx_word' id='word_1_202' title='bbox 1747 2840 2010 2906; x_wconf 88' lang='lat' dir='ltr'><strong>accendit,</strong></span> <span class='ocrx_word' id='word_1_203' title='bbox 2064 2848 2119 2898; x_wconf 91' lang='lat' dir='ltr'><strong>et</strong></span> 
     </span>
    </p>
   </div>
   <div class='ocr_carea' id='block_1_32' title="bbox 522 2929 2114 3004">
    <p class='ocr_par' dir='ltr' id='par_1_32' title="bbox 522 2929 2114 3004">
     <span class='ocr_line' id='line_1_32' title="bbox 522 2929 2114 3004; baseline 0.001 -18"><span class='ocrx_word' id='word_1_204' title='bbox 522 2929 747 3004; x_wconf 83' lang='lat' dir='ltr'><strong>scientia</strong></span> <span class='ocrx_word' id='word_1_205' title='bbox 775 2929 1016 2988; x_wconf 82' lang='lat' dir='ltr'><strong>veritatis</strong></span> <span class='ocrx_word' id='word_1_206' title='bbox 1043 2929 1342 3000; x_wconf 82' lang='lat' dir='ltr'><strong>illuminat,</strong></span> <span class='ocrx_word' id='word_1_207' title='bbox 1389 2939 1444 2988; x_wconf 85' lang='lat' dir='ltr'><strong>et</strong></span> <span class='ocrx_word' id='word_1_208' title='bbox 1472 2930 1660 2988; x_wconf 78' lang='lat' dir='ltr'><strong>sordes</strong></span> <span class='ocrx_word' id='word_1_209' title='bbox 1700 2931 1952 2992; x_wconf 87' lang='lat' dir='ltr'><strong>vitiorum</strong></span> <span class='ocrx_word' id='word_1_210' title='bbox 1980 2946 2114 3002; x_wconf 85' lang='lat' dir='ltr'><strong>quas</strong></span> 
     </span>
    </p>
   </div>
   <div class='ocr_carea' id='block_1_33' title="bbox 523 3027 2112 3104">
    <p class='ocr_par' dir='ltr' id='par_1_33' title="bbox 523 3027 2112 3104">
     <span class='ocr_line' id='line_1_33' title="bbox 523 3027 2112 3104; baseline 0 -22"><span class='ocrx_word' id='word_1_211' title='bbox 523 3027 580 3094; x_wconf 78' lang='lat' dir='ltr'><strong>in</strong></span> <span class='ocrx_word' id='word_1_212' title='bbox 607 3028 686 3084; x_wconf 84' lang='lat' dir='ltr'><strong>eis</strong></span> <span class='ocrx_word' id='word_1_213' title='bbox 713 3028 934 3100; x_wconf 75' lang='lat' dir='ltr'><strong>reperit,</strong></span> <span class='ocrx_word' id='word_1_214' title='bbox 967 3028 1238 3092; x_wconf 72' lang='lat' dir='ltr'><strong>consumit</strong></span> <span class='ocrx_word' id='word_1_215' title='bbox 1263 3036 1320 3092; x_wconf 80' lang='lat' dir='ltr'><strong>et</strong></span> <span class='ocrx_word' id='word_1_216' title='bbox 1341 3035 1556 3100; x_wconf 76' lang='lat' dir='ltr'><strong>purgat,</strong></span> <span class='ocrx_word' id='word_1_217' title='bbox 1602 3035 1657 3084; x_wconf 89' lang='lat' dir='ltr'><strong>et</strong></span> <span class='ocrx_word' id='word_1_218' title='bbox 1683 3028 1752 3084; x_wconf 84' lang='lat' dir='ltr'><strong>ab</strong></span> <span class='ocrx_word' id='word_1_219' title='bbox 1783 3028 1986 3104; x_wconf 83' lang='lat' dir='ltr'><strong>insidiis</strong></span> <span class='ocrx_word' id='word_1_220' title='bbox 2011 3028 2112 3084; x_wconf 89' lang='lat' dir='ltr'><strong>bo-</strong></span> 
     </span>
    </p>
   </div>
   <div class='ocr_carea' id='block_1_34' title="bbox 525 3119 1774 3198">
    <p class='ocr_par' dir='ltr' id='par_1_34' title="bbox 525 3119 1774 3198">
     <span class='ocr_line' id='line_1_34' title="bbox 525 3119 1774 3198; baseline 0.001 -24"><span class='ocrx_word' id='word_1_221' title='bbox 525 3119 712 3188; x_wconf 79' lang='lat' dir='ltr'><strong>stiurn,</strong></span> <span class='ocrx_word' id='word_1_222' title='bbox 739 3120 1058 3190; x_wconf 81' lang='lat' dir='ltr'><strong>cunctisque</strong></span> <span class='ocrx_word' id='word_1_223' title='bbox 1083 3119 1318 3186; x_wconf 74' lang='lat' dir='ltr'><strong>defendit</strong></span> <span class='ocrx_word' id='word_1_224' title='bbox 1346 3119 1774 3198; x_wconf 64' lang='lat' dir='ltr'><strong>adversantibus.</strong></span> 
     </span>
    </p>
   </div>
   <div class='ocr_carea' id='block_1_35' title="bbox 599 3203 2116 3282">
    <p class='ocr_par' dir='ltr' id='par_1_35' title="bbox 599 3203 2116 3282">
     <span class='ocr_line' id='line_1_35' title="bbox 599 3203 2116 3282; baseline 0.001 -16"><span class='ocrx_word' id='word_1_225' title='bbox 599 3209 862 3276; x_wconf 68' lang='lat' dir='ltr'><strong>Vannius.</strong></span> <span class='ocrx_word' id='word_1_226' title='bbox 889 3209 1019 3282; x_wconf 74' lang='lat' dir='ltr'><strong>Qua:</strong></span> <span class='ocrx_word' id='word_1_227' title='bbox 1045 3217 1128 3268; x_wconf 84' lang='lat' dir='ltr'><strong>est</strong></span> <span class='ocrx_word' id='word_1_228' title='bbox 1145 3203 1488 3280; x_wconf 63' lang='lat' dir='ltr'><strong>sanguisuga,</strong></span> <span class='ocrx_word' id='word_1_229' title='bbox 1514 3211 1665 3280; x_wconf 71' lang='lat' dir='ltr'><strong>cuius</strong></span> <span class='ocrx_word' id='word_1_230' title='bbox 1688 3211 1822 3268; x_wconf 87' lang='lat' dir='ltr'><strong>duas</strong></span> <span class='ocrx_word' id='word_1_231' title='bbox 1849 3211 1978 3270; x_wconf 85' lang='lat' dir='ltr'><strong>dicit</strong></span> <span class='ocrx_word' id='word_1_232' title='bbox 1997 3227 2116 3270; x_wconf 88' lang='lat' dir='ltr'><strong>esse</strong></span> 
     </span>
    </p>
   </div>
   <div class='ocr_carea' id='block_1_36' title="bbox 527 3300 2116 3375">
    <p class='ocr_par' dir='ltr' id='par_1_36' title="bbox 527 3300 2116 3375">
     <span class='ocr_line' id='line_1_36' title="bbox 527 3300 2116 3375; baseline 0.003 -21"><span class='ocrx_word' id='word_1_233' title='bbox 527 3300 702 3368; x_wconf 72' lang='lat' dir='ltr'><strong>tilias?</strong></span> <span class='ocrx_word' id='word_1_234' title='bbox 729 3301 806 3356; x_wconf 90' lang='lat' dir='ltr'><strong>sic</strong></span> <span class='ocrx_word' id='word_1_235' title='bbox 836 3300 980 3356; x_wconf 91' lang='lat' dir='ltr'><strong>enim</strong></span> <span class='ocrx_word' id='word_1_236' title='bbox 1019 3302 1095 3355; x_wconf 89' lang='lat' dir='ltr'><strong>ait</strong></span> <span class='ocrx_word' id='word_1_237' title='bbox 1129 3319 1140 3354; x_wconf 89' lang='lat'><strong>:</strong></span> <span class='ocrx_word' id='word_1_238' title='bbox 1173 3301 1540 3375; x_wconf 74' lang='lat' dir='ltr'><strong>Sanguisugw,</strong></span> <span class='ocrx_word' id='word_1_239' title='bbox 1570 3303 1687 3358; x_wconf 74' lang='lat' dir='ltr'><strong>duo:</strong></span> <span class='ocrx_word' id='word_1_240' title='bbox 1730 3313 1849 3356; x_wconf 78' lang='lat' dir='ltr'><strong>sunt</strong></span> <span class='ocrx_word' id='word_1_241' title='bbox 1884 3304 2010 3372; x_wconf 72' lang='lat' dir='ltr'><strong>ﬁlia:</strong></span> <span class='ocrx_word' id='word_1_242' title='bbox 2035 3304 2116 3358; x_wconf 86' lang='lat' dir='ltr'><strong>di-</strong></span> 
     </span>
    </p>
   </div>
   <div class='ocr_carea' id='block_1_37' title="bbox 526 3390 1574 3464">
    <p class='ocr_par' dir='ltr' id='par_1_37' title="bbox 526 3390 1574 3464">
     <span class='ocr_line' id='line_1_37' title="bbox 526 3390 1574 3464; baseline 0.002 -20"><span class='ocrx_word' id='word_1_243' title='bbox 526 3399 696 3456; x_wconf 69' lang='lat' dir='ltr'><strong>centes</strong></span> <span class='ocrx_word' id='word_1_244' title='bbox 711 3407 729 3444; x_wconf 85' lang='lat'><em>:</em></span> <span class='ocrx_word' id='word_1_245' title='bbox 759 3390 920 3460; x_wconf 52' lang='lat' dir='ltr'><strong>Afer,</strong></span> <span class='ocrx_word' id='word_1_246' title='bbox 943 3400 994 3448; x_wconf 86' lang='lat' dir='ltr'><strong>et</strong></span> <span class='ocrx_word' id='word_1_247' title='bbox 1017 3407 1276 3464; x_wconf 79' lang='lat' dir='ltr'><strong>nunquam</strong></span> <span class='ocrx_word' id='word_1_248' title='bbox 1297 3392 1574 3454; x_wconf 73' lang='lat' dir='ltr'><strong>satiantur.</strong></span> 
     </span>
    </p>
   </div>
   <div class='ocr_carea' id='block_1_38' title="bbox 597 3480 2116 3555">
    <p class='ocr_par' dir='ltr' id='par_1_38' title="bbox 597 3480 2116 3555">
     <span class='ocr_line' id='line_1_38' title="bbox 597 3480 2116 3555; baseline 0.003 -19"><span class='ocrx_word' id='word_1_249' title='bbox 597 3480 876 3537; x_wconf 80' lang='lat' dir='ltr'><strong>SALONIUS.</strong></span> <span class='ocrx_word' id='word_1_250' title='bbox 908 3480 1238 3550; x_wconf 84' lang='lat' dir='ltr'><strong>Sanguisuga</strong></span> <span class='ocrx_word' id='word_1_251' title='bbox 1261 3482 1506 3538; x_wconf 87' lang='lat' dir='ltr'><strong>diabolus</strong></span> <span class='ocrx_word' id='word_1_252' title='bbox 1527 3491 1609 3538; x_wconf 87' lang='lat' dir='ltr'><strong>est</strong></span> <span class='ocrx_word' id='word_1_253' title='bbox 1629 3483 1720 3554; x_wconf 88' lang='lat' dir='ltr'><strong>qui</strong></span> <span class='ocrx_word' id='word_1_254' title='bbox 1750 3499 1963 3555; x_wconf 80' lang='lat' dir='ltr'><strong>semper</strong></span> <span class='ocrx_word' id='word_1_255' title='bbox 1989 3499 2116 3542; x_wconf 85' lang='lat' dir='ltr'><strong>san-</strong></span> 
     </span>
    </p>
   </div>
   <div class='ocr_carea' id='block_1_39' title="bbox 529 3565 2116 3650">
    <p class='ocr_par' dir='ltr' id='par_1_39' title="bbox 529 3565 2116 3650">
     <span class='ocr_line' id='line_1_39' title="bbox 529 3565 2116 3650; baseline 0.003 -24"><span class='ocrx_word' id='word_1_256' title='bbox 529 3571 742 3640; x_wconf 86' lang='lat' dir='ltr'><strong>guinem</strong></span> <span class='ocrx_word' id='word_1_257' title='bbox 769 3572 902 3638; x_wconf 81' lang='lat' dir='ltr'><strong>sitit,</strong></span> <span class='ocrx_word' id='word_1_258' title='bbox 924 3572 978 3636; x_wconf 78' lang='lat' dir='ltr'><strong>id</strong></span> <span class='ocrx_word' id='word_1_259' title='bbox 1005 3573 1168 3640; x_wconf 73' lang='lat' dir='ltr'><strong>cStad</strong></span> <span class='ocrx_word' id='word_1_260' title='bbox 1195 3582 1416 3646; x_wconf 74' lang='lat' dir='ltr'><strong>peccata</strong></span> <span class='ocrx_word' id='word_1_261' title='bbox 1439 3565 1684 3634; x_wconf 83' lang='lat' dir='ltr'><strong>homines</strong></span> <span class='ocrx_word' id='word_1_262' title='bbox 1707 3577 1919 3634; x_wconf 85' lang='lat' dir='ltr'><strong>trahere</strong></span> <span class='ocrx_word' id='word_1_263' title='bbox 1948 3577 2116 3650; x_wconf 86' lang='lat' dir='ltr'><strong>cupit,</strong></span> 
     </span>
    </p>
   </div>
   <div class='ocr_carea' id='block_1_40' title="bbox 529 3664 1691 3736">
    <p class='ocr_par' dir='ltr' id='par_1_40' title="bbox 529 3664 1691 3736">
     <span class='ocr_line' id='line_1_40' title="bbox 529 3664 1691 3736; baseline 0.003 -18"><span class='ocrx_word' id='word_1_264' title='bbox 529 3671 586 3718; x_wconf 84' lang='lat' dir='ltr'><strong>et</strong></span> <span class='ocrx_word' id='word_1_265' title='bbox 613 3664 757 3718; x_wconf 88' lang='lat' dir='ltr'><strong>sitim</strong></span> <span class='ocrx_word' id='word_1_266' title='bbox 782 3665 1041 3736; x_wconf 78' lang='lat' dir='ltr'><strong>peccandi</strong></span> <span class='ocrx_word' id='word_1_267' title='bbox 1069 3667 1404 3736; x_wconf 68' lang='lat' dir='ltr'><strong>incessanter</strong></span> <span class='ocrx_word' id='word_1_268' title='bbox 1426 3670 1691 3730; x_wconf 86' lang='lat' dir='ltr'><strong>accendit.</strong></span> 
     </span>
    </p>
   </div>
   <div class='ocr_carea' id='block_1_41' title="bbox 601 3747 2116 3836">
    <p class='ocr_par' dir='ltr' id='par_1_41' title="bbox 601 3747 2116 3836">
     <span class='ocr_line' id='line_1_41' title="bbox 601 3747 2116 3836; baseline 0.003 -26"><span class='ocrx_word' id='word_1_269' title='bbox 601 3755 870 3811; x_wconf 77' lang='lat' dir='ltr'><strong>VERANUS.</strong></span> <span class='ocrx_word' id='word_1_270' title='bbox 903 3755 1034 3824; x_wconf 74' lang='lat' dir='ltr'><strong>Quae</strong></span> <span class='ocrx_word' id='word_1_271' title='bbox 1060 3764 1184 3820; x_wconf 83' lang='lat' dir='ltr'><strong>sunt</strong></span> <span class='ocrx_word' id='word_1_272' title='bbox 1213 3747 1318 3814; x_wconf 72' lang='lat' dir='ltr'><strong>illa:</strong></span> <span class='ocrx_word' id='word_1_273' title='bbox 1343 3757 1462 3826; x_wconf 75' lang='lat' dir='ltr'><strong>dum</strong></span> <span class='ocrx_word' id='word_1_274' title='bbox 1491 3759 1614 3816; x_wconf 66' lang='lat' dir='ltr'><strong>tili&#39;e</strong></span> <span class='ocrx_word' id='word_1_275' title='bbox 1640 3761 1992 3836; x_wconf 71' lang='lat' dir='ltr'><strong>sanguisuga&#39;,</strong></span> <span class='ocrx_word' id='word_1_276' title='bbox 2033 3761 2116 3815; x_wconf 86' lang='lat' dir='ltr'><strong>di—</strong></span> 
     </span>
    </p>
   </div>
   <div class='ocr_carea' id='block_1_42' title="bbox 529 3849 1835 3922">
    <p class='ocr_par' dir='ltr' id='par_1_42' title="bbox 529 3849 1835 3922">
     <span class='ocr_line' id='line_1_42' title="bbox 529 3849 1835 3922; baseline 0 -16"><span class='ocrx_word' id='word_1_277' title='bbox 529 3851 752 3906; x_wconf 76' lang='lat' dir='ltr'><strong>centes?</strong></span> <span class='ocrx_word' id='word_1_278' title='bbox 779 3849 950 3920; x_wconf 61' lang='lat' dir='ltr'><strong>Afer,</strong></span> <span class='ocrx_word' id='word_1_279' title='bbox 975 3849 1126 3922; x_wconf 57' lang='lat' dir='ltr'><strong>afer,</strong></span> <span class='ocrx_word' id='word_1_280' title='bbox 1158 3858 1212 3914; x_wconf 79' lang='lat' dir='ltr'><strong>et</strong></span> <span class='ocrx_word' id='word_1_281' title='bbox 1236 3865 1512 3920; x_wconf 82' lang='lat' dir='ltr'><strong>nunquam</strong></span> <span class='ocrx_word' id='word_1_282' title='bbox 1531 3851 1835 3916; x_wconf 77' lang='lat' dir='ltr'><strong>satiantur?</strong></span> 
     </span>
    </p>
   </div>
   <div class='ocr_carea' id='block_1_43' title="bbox 601 3938 2114 4018">
    <p class='ocr_par' dir='ltr' id='par_1_43' title="bbox 601 3938 2114 4018">
     <span class='ocr_line' id='line_1_43' title="bbox 601 3938 2114 4018; baseline 0.004 -22"><span class='ocrx_word' id='word_1_283' title='bbox 601 3938 882 4018; x_wconf 64' lang='lat' dir='ltr'><strong>Simulus.</strong></span> <span class='ocrx_word' id='word_1_284' title='bbox 923 3939 1160 4008; x_wconf 71' lang='lat' dir='ltr'><strong>Luxuria</strong></span> <span class='ocrx_word' id='word_1_285' title='bbox 1187 3941 1436 4006; x_wconf 77' lang='lat' dir='ltr'><strong>videlicet</strong></span> <span class='ocrx_word' id='word_1_286' title='bbox 1475 3953 1530 4000; x_wconf 89' lang='lat' dir='ltr'><strong>et</strong></span> <span class='ocrx_word' id='word_1_287' title='bbox 1571 3945 1794 4010; x_wconf 84' lang='lat' dir='ltr'><strong>avaritia</strong></span> <span class='ocrx_word' id='word_1_288' title='bbox 1829 3964 1842 3998; x_wconf 89' lang='lat'><strong>:</strong></span> <span class='ocrx_word' id='word_1_289' title='bbox 1885 3945 2002 4002; x_wconf 68' lang='lat' dir='ltr'><strong>istae</strong></span> <span class='ocrx_word' id='word_1_290' title='bbox 2031 3947 2114 4002; x_wconf 88' lang='lat' dir='ltr'><strong>ni-</strong></span> 
     </span>
    </p>
   </div>
   <div class='ocr_carea' id='block_1_44' title="bbox 532 4032 2118 4106">
    <p class='ocr_par' dir='ltr' id='par_1_44' title="bbox 532 4032 2118 4106">
     <span class='ocr_line' id='line_1_44' title="bbox 532 4032 2118 4106; baseline 0.006 -20"><span class='ocrx_word' id='word_1_291' title='bbox 532 4032 726 4094; x_wconf 81' lang='lat' dir='ltr'><strong>mirum</strong></span> <span class='ocrx_word' id='word_1_292' title='bbox 755 4033 1107 4103; x_wconf 78' lang='lat' dir='ltr'><strong>spirituaiiter</strong></span> <span class='ocrx_word' id='word_1_293' title='bbox 1131 4033 1328 4106; x_wconf 85' lang='lat' dir='ltr'><strong>diaboli</strong></span> <span class='ocrx_word' id='word_1_294' title='bbox 1358 4035 1500 4098; x_wconf 82' lang='lat' dir='ltr'><strong>sitim</strong></span> <span class='ocrx_word' id='word_1_295' title='bbox 1531 4045 1585 4092; x_wconf 89' lang='lat' dir='ltr'><strong>et</strong></span> <span class='ocrx_word' id='word_1_296' title='bbox 1609 4037 1856 4098; x_wconf 85' lang='lat' dir='ltr'><strong>ardorem</strong></span> <span class='ocrx_word' id='word_1_297' title='bbox 1905 4039 2118 4094; x_wconf 86' lang='lat' dir='ltr'><strong>imitan-</strong></span> 
     </span>
    </p>
   </div>
   <div class='ocr_carea' id='block_1_45' title="bbox 531 4124 2118 4208">
    <p class='ocr_par' dir='ltr' id='par_1_45' title="bbox 531 4124 2118 4208">
     <span class='ocr_line' id='line_1_45' title="bbox 531 4124 2118 4208; baseline 0.006 -31"><span class='ocrx_word' id='word_1_298' title='bbox 531 4131 640 4192; x_wconf 86' lang='lat' dir='ltr'><strong>tur,</strong></span> <span class='ocrx_word' id='word_1_299' title='bbox 669 4124 798 4193; x_wconf 82' lang='lat' dir='ltr'><strong>quia</strong></span> <span class='ocrx_word' id='word_1_300' title='bbox 841 4127 982 4192; x_wconf 81' lang='lat' dir='ltr'><strong>sicut</strong></span> <span class='ocrx_word' id='word_1_301' title='bbox 1007 4141 1280 4208; x_wconf 77' lang='lat' dir='ltr'><strong>nunquam</strong></span> <span class='ocrx_word' id='word_1_302' title='bbox 1322 4129 1599 4198; x_wconf 85' lang='lat' dir='ltr'><strong>peccando</strong></span> <span class='ocrx_word' id='word_1_303' title='bbox 1629 4130 1876 4199; x_wconf 82' lang='lat' dir='ltr'><strong>satiatur,</strong></span> <span class='ocrx_word' id='word_1_304' title='bbox 1907 4131 1984 4190; x_wconf 89' lang='lat' dir='ltr'><strong>sic</strong></span> <span class='ocrx_word' id='word_1_305' title='bbox 2019 4147 2118 4192; x_wconf 86' lang='lat' dir='ltr'><strong>nec</strong></span> 
     </span>
    </p>
   </div>
   <div class='ocr_carea' id='block_1_46' title="bbox 531 4213 2118 4302">
    <p class='ocr_par' dir='ltr' id='par_1_46' title="bbox 531 4213 2118 4302">
     <span class='ocr_line' id='line_1_46' title="bbox 531 4213 2118 4302; baseline 0.008 -34"><span class='ocrx_word' id='word_1_306' title='bbox 531 4215 758 4276; x_wconf 75' lang='lat' dir='ltr'><strong>avaritia</strong></span> <span class='ocrx_word' id='word_1_307' title='bbox 789 4231 894 4278; x_wconf 83' lang='lat' dir='ltr'><strong>nec</strong></span> <span class='ocrx_word' id='word_1_308' title='bbox 916 4213 1146 4280; x_wconf 77' lang='lat' dir='ltr'><strong>luxuria.</strong></span> <span class='ocrx_word' id='word_1_309' title='bbox 1175 4217 1308 4290; x_wconf 80' lang='lat' dir='ltr'><strong>Nam</strong></span> <span class='ocrx_word' id='word_1_310' title='bbox 1336 4231 1539 4292; x_wconf 72' lang='lat' dir='ltr'><strong>quanto</strong></span> <span class='ocrx_word' id='word_1_311' title='bbox 1568 4224 1792 4294; x_wconf 85' lang='lat' dir='ltr'><strong>quisque</strong></span> <span class='ocrx_word' id='word_1_312' title='bbox 1834 4225 2005 4302; x_wconf 77' lang='lat' dir='ltr'><strong>magis</strong></span> <span class='ocrx_word' id='word_1_313' title='bbox 2033 4225 2118 4280; x_wconf 90' lang='lat' dir='ltr'><strong>lu-</strong></span> 
     </span>
    </p>
   </div>
   <div class='ocr_carea' id='block_1_47' title="bbox 535 4303 2116 4382">
    <p class='ocr_par' dir='ltr' id='par_1_47' title="bbox 535 4303 2116 4382">
     <span class='ocr_line' id='line_1_47' title="bbox 535 4303 2116 4382; baseline 0.01 -28"><span class='ocrx_word' id='word_1_314' title='bbox 535 4303 780 4358; x_wconf 83' lang='lat' dir='ltr'><strong>xuriatur</strong></span> <span class='ocrx_word' id='word_1_315' title='bbox 806 4313 860 4358; x_wconf 90' lang='lat' dir='ltr'><strong>et</strong></span> <span class='ocrx_word' id='word_1_316' title='bbox 887 4303 1210 4374; x_wconf 81' lang='lat' dir='ltr'><strong>fornicatur,</strong></span> <span class='ocrx_word' id='word_1_317' title='bbox 1243 4317 1392 4365; x_wconf 87' lang='lat' dir='ltr'><strong>tanto</strong></span> <span class='ocrx_word' id='word_1_318' title='bbox 1421 4312 1654 4382; x_wconf 86' lang='lat' dir='ltr'><strong>amplius</strong></span> <span class='ocrx_word' id='word_1_319' title='bbox 1679 4311 1995 4370; x_wconf 87' lang='lat' dir='ltr'><strong>delectatur.</strong></span> <span class='ocrx_word' id='word_1_320' title='bbox 2030 4314 2116 4372; x_wconf 88' lang='lat' dir='ltr'><strong>Si—</strong></span> 
     </span>
    </p>
   </div>
   <div class='ocr_carea' id='block_1_48' title="bbox 535 4393 2115 4474">
    <p class='ocr_par' dir='ltr' id='par_1_48' title="bbox 535 4393 2115 4474">
     <span class='ocr_line' id='line_1_48' title="bbox 535 4393 2115 4474; baseline 0.011 -28"><span class='ocrx_word' id='word_1_321' title='bbox 535 4393 732 4458; x_wconf 81' lang='lat' dir='ltr'><strong>militer</strong></span> <span class='ocrx_word' id='word_1_322' title='bbox 751 4404 956 4466; x_wconf 85' lang='lat' dir='ltr'><strong>quanto</strong></span> <span class='ocrx_word' id='word_1_323' title='bbox 982 4399 1207 4468; x_wconf 78' lang='lat' dir='ltr'><strong>quisque</strong></span> <span class='ocrx_word' id='word_1_324' title='bbox 1235 4401 1334 4460; x_wconf 84' lang='lat' dir='ltr'><strong>sibi</strong></span> <span class='ocrx_word' id='word_1_325' title='bbox 1364 4401 1580 4466; x_wconf 81' lang='lat' dir='ltr'><strong>divitias</strong></span> <span class='ocrx_word' id='word_1_326' title='bbox 1599 4407 1900 4472; x_wconf 82' lang='lat' dir='ltr'><strong>accumulat</strong></span> <span class='ocrx_word' id='word_1_327' title='bbox 1925 4425 1938 4460; x_wconf 90' lang='lat'><strong>:</strong></span> <span class='ocrx_word' id='word_1_328' title='bbox 1967 4416 2115 4474; x_wconf 84' lang='lat' dir='ltr'><strong>tanto</strong></span> 
     </span>
    </p>
   </div>
   <div class='ocr_carea' id='block_1_49' title="bbox 533 4487 1751 4564">
    <p class='ocr_par' dir='ltr' id='par_1_49' title="bbox 533 4487 1751 4564">
     <span class='ocr_line' id='line_1_49' title="bbox 533 4487 1751 4564; baseline 0.011 -25"><span class='ocrx_word' id='word_1_329' title='bbox 533 4487 702 4556; x_wconf 79' lang='lat' dir='ltr'><strong>magis</strong></span> <span class='ocrx_word' id='word_1_330' title='bbox 730 4503 821 4548; x_wconf 87' lang='lat' dir='ltr'><strong>eas</strong></span> <span class='ocrx_word' id='word_1_331' title='bbox 850 4505 1062 4562; x_wconf 81' lang='lat' dir='ltr'><strong>semper</strong></span> <span class='ocrx_word' id='word_1_332' title='bbox 1091 4503 1436 4564; x_wconf 81' lang='lat' dir='ltr'><strong>augmentare</strong></span> <span class='ocrx_word' id='word_1_333' title='bbox 1465 4495 1751 4560; x_wconf 77' lang='lat' dir='ltr'><strong>desiderat.</strong></span> 
     </span>
    </p>
   </div>
   <div class='ocr_carea' id='block_1_50' title="bbox 604 4577 2116 4660">
    <p class='ocr_par' dir='ltr' id='par_1_50' title="bbox 604 4577 2116 4660">
     <span class='ocr_line' id='line_1_50' title="bbox 604 4577 2116 4660; baseline 0.009 -28"><span class='ocrx_word' id='word_1_334' title='bbox 604 4577 872 4648; x_wconf 62' lang='lat' dir='ltr'><strong>Vesanus.</strong></span> <span class='ocrx_word' id='word_1_335' title='bbox 899 4579 1077 4654; x_wconf 81' lang='lat' dir='ltr'><strong>Quare</strong></span> <span class='ocrx_word' id='word_1_336' title='bbox 1097 4583 1278 4652; x_wconf 87' lang='lat' dir='ltr'><strong>posuit</strong></span> <span class='ocrx_word' id='word_1_337' title='bbox 1305 4583 1557 4660; x_wconf 62' lang='lat' dir='ltr'><strong>Salomon</strong></span> <span class='ocrx_word' id='word_1_338' title='bbox 1581 4589 1885 4658; x_wconf 80' lang='lat' dir='ltr'><strong>exemplum</strong></span> <span class='ocrx_word' id='word_1_339' title='bbox 1915 4589 2116 4660; x_wconf 77' lang='lat' dir='ltr'><strong>stellio-</strong></span> 
     </span>
    </p>
   </div>
   <div class='ocr_carea' id='block_1_51' title="bbox 537 4671 2120 4748">
    <p class='ocr_par' dir='ltr' id='par_1_51' title="bbox 537 4671 2120 4748">
     <span class='ocr_line' id='line_1_51' title="bbox 537 4671 2120 4748; baseline 0.006 -18"><span class='ocrx_word' id='word_1_340' title='bbox 537 4671 636 4740; x_wconf 86' lang='lat' dir='ltr'><strong>uis,</strong></span> <span class='ocrx_word' id='word_1_341' title='bbox 669 4671 850 4738; x_wconf 88' lang='lat' dir='ltr'><strong>dicens</strong></span> <span class='ocrx_word' id='word_1_342' title='bbox 884 4694 896 4728; x_wconf 90' lang='lat'><strong>:</strong></span> <span class='ocrx_word' id='word_1_343' title='bbox 931 4675 1116 4730; x_wconf 71' lang='lat' dir='ltr'><strong>Stellio</strong></span> <span class='ocrx_word' id='word_1_344' title='bbox 1141 4679 1366 4742; x_wconf 77' lang='lat' dir='ltr'><strong>nutritur</strong></span> <span class='ocrx_word' id='word_1_345' title='bbox 1394 4679 1660 4748; x_wconf 78' lang='lat' dir='ltr'><strong>manibus,</strong></span> <span class='ocrx_word' id='word_1_346' title='bbox 1695 4691 1745 4736; x_wconf 85' lang='lat' dir='ltr'><strong>et</strong></span> <span class='ocrx_word' id='word_1_347' title='bbox 1773 4693 2120 4746; x_wconf 78' lang='lat' dir='ltr'><strong>commoratur</strong></span> 
     </span>
    </p>
   </div>
   <div class='ocr_carea' id='block_1_52' title="bbox 539 4765 1245 4840">
    <p class='ocr_par' dir='ltr' id='par_1_52' title="bbox 539 4765 1245 4840">
     <span class='ocr_line' id='line_1_52' title="bbox 539 4765 1245 4840; baseline 0.01 -22"><span class='ocrx_word' id='word_1_348' title='bbox 539 4766 594 4820; x_wconf 81' lang='lat' dir='ltr'><strong>in</strong></span> <span class='ocrx_word' id='word_1_349' title='bbox 625 4765 820 4830; x_wconf 63' lang='lat' dir='ltr'><strong>(edibus</strong></span> <span class='ocrx_word' id='word_1_350' title='bbox 848 4769 983 4840; x_wconf 75' lang='lat' dir='ltr'><strong>regis</strong></span> <span class='ocrx_word' id='word_1_351' title='bbox 1014 4767 1245 4840; x_wconf 86' lang='lat' dir='ltr'><strong>(Ibid.)?</strong></span> 
     </span>
    </p>
   </div>
   <div class='ocr_carea' id='block_1_53' title="bbox 608 4851 2122 4940">
    <p class='ocr_par' dir='ltr' id='par_1_53' title="bbox 608 4851 2122 4940">
     <span class='ocr_line' id='line_1_53' title="bbox 608 4851 2122 4940; baseline 0.012 -31"><span class='ocrx_word' id='word_1_352' title='bbox 608 4851 886 4911; x_wconf 72' lang='lat' dir='ltr'><strong>SALO‘SIUS.</strong></span> <span class='ocrx_word' id='word_1_353' title='bbox 919 4855 987 4911; x_wconf 88' lang='lat' dir='ltr'><strong>Ut</strong></span> <span class='ocrx_word' id='word_1_354' title='bbox 1015 4859 1196 4928; x_wconf 86' lang='lat' dir='ltr'><strong>pigros</strong></span> <span class='ocrx_word' id='word_1_355' title='bbox 1224 4869 1278 4916; x_wconf 89' lang='lat' dir='ltr'><strong>et</strong></span> <span class='ocrx_word' id='word_1_356' title='bbox 1307 4863 1521 4932; x_wconf 84' lang='lat' dir='ltr'><strong>ingenio</strong></span> <span class='ocrx_word' id='word_1_357' title='bbox 1557 4865 1758 4936; x_wconf 87' lang='lat' dir='ltr'><strong>tardos,</strong></span> <span class='ocrx_word' id='word_1_358' title='bbox 1803 4864 1872 4938; x_wconf 83' lang='lat' dir='ltr'><strong>ad</strong></span> <span class='ocrx_word' id='word_1_359' title='bbox 1897 4882 2122 4940; x_wconf 83' lang='lat' dir='ltr'><strong>operan-</strong></span> 
     </span>
    </p>
   </div>
   <div class='ocr_carea' id='block_1_54' title="bbox 534 4948 1580 5032">
    <p class='ocr_par' dir='ltr' id='par_1_54' title="bbox 534 4948 1580 5032">
     <span class='ocr_line' id='line_1_54' title="bbox 534 4948 1580 5032; baseline 0.011 -28"><span class='ocrx_word' id='word_1_360' title='bbox 534 4948 666 5012; x_wconf 87' lang='lat' dir='ltr'><strong>dum</strong></span> <span class='ocrx_word' id='word_1_361' title='bbox 694 4956 749 5014; x_wconf 88' lang='lat' dir='ltr'><strong>ct</strong></span> <span class='ocrx_word' id='word_1_362' title='bbox 787 4949 1212 5032; x_wconf 84' lang='lat' dir='ltr'><strong>benedicendum</strong></span> <span class='ocrx_word' id='word_1_363' title='bbox 1239 4966 1580 5024; x_wconf 81' lang='lat' dir='ltr'><strong>provocaret.</strong></span> 
     </span>
    </p>
   </div>
   <div class='ocr_carea' id='block_1_55' title="bbox 605 5037 1872 5116">
    <p class='ocr_par' dir='ltr' id='par_1_55' title="bbox 605 5037 1872 5116">
     <span class='ocr_line' id='line_1_55' title="bbox 605 5037 1872 5116; baseline 0.01 -22"><span class='ocrx_word' id='word_1_364' title='bbox 605 5037 874 5094; x_wconf 72' lang='lat' dir='ltr'><strong>VERANUS.</strong></span> <span class='ocrx_word' id='word_1_365' title='bbox 908 5039 1062 5106; x_wconf 88' lang='lat' dir='ltr'><strong>Quod</strong></span> <span class='ocrx_word' id='word_1_366' title='bbox 1085 5057 1252 5111; x_wconf 85' lang='lat' dir='ltr'><strong>genus</strong></span> <span class='ocrx_word' id='word_1_367' title='bbox 1280 5045 1526 5104; x_wconf 87' lang='lat' dir='ltr'><strong>animalis</strong></span> <span class='ocrx_word' id='word_1_368' title='bbox 1554 5057 1636 5105; x_wconf 89' lang='lat' dir='ltr'><strong>est</strong></span> <span class='ocrx_word' id='word_1_369' title='bbox 1660 5051 1872 5116; x_wconf 78' lang='lat' dir='ltr'><strong>stellio?</strong></span> 
     </span>
    </p>
   </div>
   <div class='ocr_carea' id='block_1_56' title="bbox 603 5129 2118 5216">
    <p class='ocr_par' dir='ltr' id='par_1_56' title="bbox 603 5129 2118 5216">
     <span class='ocr_line' id='line_1_56' title="bbox 603 5129 2118 5216; baseline 0.011 -32"><span class='ocrx_word' id='word_1_370' title='bbox 603 5130 880 5190; x_wconf 74' lang='lat' dir='ltr'><strong>SALONIUS.</strong></span> <span class='ocrx_word' id='word_1_371' title='bbox 911 5129 1090 5216; x_wconf 85' lang='lat' dir='ltr'><strong>Genus</strong></span> <span class='ocrx_word' id='word_1_372' title='bbox 1119 5133 1347 5206; x_wconf 77' lang='lat' dir='ltr'><strong>lacertze,</strong></span> <span class='ocrx_word' id='word_1_373' title='bbox 1399 5140 1552 5206; x_wconf 88' lang='lat' dir='ltr'><strong>valde</strong></span> <span class='ocrx_word' id='word_1_374' title='bbox 1603 5142 1810 5212; x_wconf 86' lang='lat' dir='ltr'><strong>pigrum</strong></span> <span class='ocrx_word' id='word_1_375' title='bbox 1842 5153 1898 5216; x_wconf 81' lang='lat' dir='ltr'><strong>ct</strong></span> <span class='ocrx_word' id='word_1_376' title='bbox 1936 5145 2118 5200; x_wconf 90' lang='lat' dir='ltr'><strong>colore</strong></span> 
     </span>
    </p>
   </div>
   <div class='ocr_carea' id='block_1_57' title="bbox 2143 4507 2192 4568">
    <p class='ocr_par' dir='ltr' id='par_1_57' title="bbox 2143 4507 2192 4568">
     <span class='ocr_line' id='line_1_57' title="bbox 2143 4507 2192 4568; baseline 0 0"><span class='ocrx_word' id='word_1_377' title='bbox 2143 4507 2192 4568; x_wconf 83' lang='grc' dir='ltr'><strong>Ι)</strong></span> 
     </span>
    </p>
   </div>
   <div class='ocr_carea' id='block_1_58' title="bbox 2175 4553 3814 4628">
    <p class='ocr_par' dir='ltr' id='par_1_58' title="bbox 2175 4553 3814 4628">
     <span class='ocr_line' id='line_1_58' title="bbox 2175 4553 3814 4628; baseline 0.001 -18"><span class='ocrx_word' id='word_1_378' title='bbox 2175 4553 2189 4574; x_wconf 81' lang='lat'><em>&quot;</em></span> <span class='ocrx_word' id='word_1_379' title='bbox 2227 4553 2281 4611; x_wconf 72' lang='lat' dir='ltr'><strong>et</strong></span> <span class='ocrx_word' id='word_1_380' title='bbox 2303 4563 2449 4611; x_wconf 89' lang='lat' dir='ltr'><strong>recte</strong></span> <span class='ocrx_word' id='word_1_381' title='bbox 2469 4556 2672 4628; x_wconf 84' lang='lat' dir='ltr'><strong>vivant.)</strong></span> <span class='ocrx_word' id='word_1_382' title='bbox 2701 4557 2877 4612; x_wconf 91' lang='lat' dir='ltr'><strong>nullus</strong></span> <span class='ocrx_word' id='word_1_383' title='bbox 2897 4565 2980 4612; x_wconf 85' lang='lat' dir='ltr'><strong>est</strong></span> <span class='ocrx_word' id='word_1_384' title='bbox 3009 4571 3102 4612; x_wconf 81' lang='lat' dir='ltr'><strong>rex</strong></span> <span class='ocrx_word' id='word_1_385' title='bbox 3125 4559 3215 4627; x_wconf 88' lang='lat' dir='ltr'><strong>qui</strong></span> <span class='ocrx_word' id='word_1_386' title='bbox 3237 4559 3316 4614; x_wconf 88' lang='lat' dir='ltr'><strong>eis</strong></span> <span class='ocrx_word' id='word_1_387' title='bbox 3339 4559 3593 4614; x_wconf 84' lang='lat' dir='ltr'><strong>resistere</strong></span> <span class='ocrx_word' id='word_1_388' title='bbox 3611 4559 3814 4619; x_wconf 73' lang='lat' dir='ltr'><strong>valeat;</strong></span> 
     </span>
    </p>
   </div>
   <div class='ocr_carea' id='block_1_59' title="bbox 2221 441 3830 515">
    <p class='ocr_par' dir='ltr' id='par_1_59' title="bbox 2221 441 3830 515">
     <span class='ocr_line' id='line_1_59' title="bbox 2221 441 3830 515; baseline -0.001 -18"><span class='ocrx_word' id='word_1_389' title='bbox 2221 445 2464 510; x_wconf 86' lang='lat' dir='ltr'><strong>veniunt,</strong></span> <span class='ocrx_word' id='word_1_390' title='bbox 2491 452 2546 499; x_wconf 92' lang='lat' dir='ltr'><strong>et</strong></span> <span class='ocrx_word' id='word_1_391' title='bbox 2575 451 2860 514; x_wconf 88' lang='lat' dir='ltr'><strong>penetrare</strong></span> <span class='ocrx_word' id='word_1_392' title='bbox 2903 443 3080 498; x_wconf 86' lang='lat' dir='ltr'><strong>valent</strong></span> <span class='ocrx_word' id='word_1_393' title='bbox 3109 451 3316 498; x_wconf 85' lang='lat' dir='ltr'><strong>secreta</strong></span> <span class='ocrx_word' id='word_1_394' title='bbox 3357 441 3658 496; x_wconf 77' lang='lat' dir='ltr'><strong>etrlcstinm</strong></span> <span class='ocrx_word' id='word_1_395' title='bbox 3703 459 3830 515; x_wconf 82' lang='lat' dir='ltr'><strong>my-</strong></span> 
     </span>
    </p>
   </div>
   <div class='ocr_carea' id='block_1_60' title="bbox 2213 532 3831 608">
    <p class='ocr_par' dir='ltr' id='par_1_60' title="bbox 2213 532 3831 608">
     <span class='ocr_line' id='line_1_60' title="bbox 2213 532 3831 608; baseline -0.002 -16"><span class='ocrx_word' id='word_1_396' title='bbox 2213 537 2516 594; x_wconf 81' lang='lat' dir='ltr'><strong>steriorum.</strong></span> <span class='ocrx_word' id='word_1_397' title='bbox 2537 537 2614 594; x_wconf 87' lang='lat' dir='ltr'><strong>De</strong></span> <span class='ocrx_word' id='word_1_398' title='bbox 2643 536 2838 598; x_wconf 82' lang='lat' dir='ltr'><strong>talibus</strong></span> <span class='ocrx_word' id='word_1_399' title='bbox 2867 535 3125 608; x_wconf 84' lang='lat' dir='ltr'><strong>scriptum</strong></span> <span class='ocrx_word' id='word_1_400' title='bbox 3149 543 3232 590; x_wconf 88' lang='lat' dir='ltr'><strong>cst</strong></span> <span class='ocrx_word' id='word_1_401' title='bbox 3261 533 3312 588; x_wconf 91' lang='lat' dir='ltr'><strong>in</strong></span> <span class='ocrx_word' id='word_1_402' title='bbox 3343 533 3638 602; x_wconf 73' lang='lat' dir='ltr'><strong>Evangelia</strong></span> <span class='ocrx_word' id='word_1_403' title='bbox 3667 553 3678 585; x_wconf 95' lang='lat'>:</span> <span class='ocrx_word' id='word_1_404' title='bbox 3717 532 3831 598; x_wconf 81' lang='lat' dir='ltr'><strong>Qui</strong></span> 
     </span>
    </p>
   </div>
   <div class='ocr_carea' id='block_1_61' title="bbox 2217 623 3824 698">
    <p class='ocr_par' dir='ltr' id='par_1_61' title="bbox 2217 623 3824 698">
     <span class='ocr_line' id='line_1_61' title="bbox 2217 623 3824 698; baseline -0.001 -18"><span class='ocrx_word' id='word_1_405' title='bbox 2217 629 2366 684; x_wconf 74' lang='lat' dir='ltr'><strong>habet</strong></span> <span class='ocrx_word' id='word_1_406' title='bbox 2407 627 2612 688; x_wconf 82' lang='lat' dir='ltr'><strong>dabitur</strong></span> <span class='ocrx_word' id='word_1_407' title='bbox 2638 630 2706 692; x_wconf 81' lang='lat' dir='ltr'><strong>ei,</strong></span> <span class='ocrx_word' id='word_1_408' title='bbox 2735 637 2784 690; x_wconf 83' lang='lat' dir='ltr'><strong>et</strong></span> <span class='ocrx_word' id='word_1_409' title='bbox 2813 625 3092 690; x_wconf 66' lang='lat' dir='ltr'><strong>abundabit</strong></span> <span class='ocrx_word' id='word_1_410' title='bbox 3119 623 3332 698; x_wconf 75' lang='lat' dir='ltr'><strong>(Matth.</strong></span> <span class='ocrx_word' id='word_1_411' title='bbox 3369 625 3482 696; x_wconf 74' lang='lat' dir='ltr'><strong>xm)</strong></span> <span class='ocrx_word' id='word_1_412' title='bbox 3511 643 3523 678; x_wconf 94' lang='lat'>:</span> <span class='ocrx_word' id='word_1_413' title='bbox 3557 626 3824 694; x_wconf 80' lang='lat' dir='ltr'><strong>quoniam</strong></span> 
     </span>
    </p>
   </div>
   <div class='ocr_carea' id='block_1_62' title="bbox 2213 715 3828 788">
    <p class='ocr_par' dir='ltr' id='par_1_62' title="bbox 2213 715 3828 788">
     <span class='ocr_line' id='line_1_62' title="bbox 2213 715 3828 788; baseline -0.001 -17"><span class='ocrx_word' id='word_1_414' title='bbox 2213 719 2304 788; x_wconf 87' lang='lat' dir='ltr'><strong>qui</strong></span> <span class='ocrx_word' id='word_1_415' title='bbox 2335 718 2584 773; x_wconf 82' lang='lat' dir='ltr'><strong>habuerit</strong></span> <span class='ocrx_word' id='word_1_416' title='bbox 2611 717 2846 774; x_wconf 88' lang='lat' dir='ltr'><strong>studium</strong></span> <span class='ocrx_word' id='word_1_417' title='bbox 2875 717 3106 788; x_wconf 79' lang='lat' dir='ltr'><strong>legendi,</strong></span> <span class='ocrx_word' id='word_1_418' title='bbox 3145 715 3362 772; x_wconf 87' lang='lat' dir='ltr'><strong>dabitur</strong></span> <span class='ocrx_word' id='word_1_419' title='bbox 3390 717 3438 771; x_wconf 89' lang='lat' dir='ltr'><strong>ei</strong></span> <span class='ocrx_word' id='word_1_420' title='bbox 3471 715 3704 772; x_wconf 74' lang='lat' dir='ltr'><strong>facultas</strong></span> <span class='ocrx_word' id='word_1_421' title='bbox 3735 717 3828 770; x_wconf 87' lang='lat' dir='ltr'><strong>in-</strong></span> 
     </span>
    </p>
   </div>
   <div class='ocr_carea' id='block_1_63' title="bbox 2219 809 2509 882">
    <p class='ocr_par' dir='ltr' id='par_1_63' title="bbox 2219 809 2509 882">
     <span class='ocr_line' id='line_1_63' title="bbox 2219 809 2509 882; baseline 0 -18"><span class='ocrx_word' id='word_1_422' title='bbox 2219 809 2509 882; x_wconf 82' lang='lat' dir='ltr'><strong>telligcndi.</strong></span> 
     </span>
    </p>
   </div>
   <div class='ocr_carea' id='block_1_64' title="bbox 2287 897 3826 972">
    <p class='ocr_par' dir='ltr' id='par_1_64' title="bbox 2287 897 3826 972">
     <span class='ocr_line' id='line_1_64' title="bbox 2287 897 3826 972; baseline -0.001 -18"><span class='ocrx_word' id='word_1_423' title='bbox 2287 899 2557 960; x_wconf 69' lang='lat' dir='ltr'><strong>VERASUS.</strong></span> <span class='ocrx_word' id='word_1_424' title='bbox 2594 902 2724 968; x_wconf 75' lang='lat' dir='ltr'><strong>Quat</strong></span> <span class='ocrx_word' id='word_1_425' title='bbox 2763 909 2890 960; x_wconf 85' lang='lat' dir='ltr'><strong>sunt</strong></span> <span class='ocrx_word' id='word_1_426' title='bbox 2937 901 3026 958; x_wconf 87' lang='lat' dir='ltr'><strong>illa</strong></span> <span class='ocrx_word' id='word_1_427' title='bbox 3077 901 3180 964; x_wconf 82' lang='lat' dir='ltr'><strong>tria</strong></span> <span class='ocrx_word' id='word_1_428' title='bbox 3227 899 3295 956; x_wconf 88' lang='lat' dir='ltr'><strong>de</strong></span> <span class='ocrx_word' id='word_1_429' title='bbox 3322 899 3517 972; x_wconf 83' lang='lat' dir='ltr'><strong>quibus</strong></span> <span class='ocrx_word' id='word_1_430' title='bbox 3554 897 3826 954; x_wconf 82' lang='lat' dir='ltr'><strong>Salomon</strong></span> 
     </span>
    </p>
   </div>
   <div class='ocr_carea' id='block_1_65' title="bbox 2216 991 3828 1066">
    <p class='ocr_par' dir='ltr' id='par_1_65' title="bbox 2216 991 3828 1066">
     <span class='ocr_line' id='line_1_65' title="bbox 2216 991 3828 1066; baseline -0.001 -20"><span class='ocrx_word' id='word_1_431' title='bbox 2216 991 2348 1048; x_wconf 89' lang='lat' dir='ltr'><strong>dicit</strong></span> <span class='ocrx_word' id='word_1_432' title='bbox 2381 1010 2394 1044; x_wconf 91' lang='lat'><strong>:</strong></span> <span class='ocrx_word' id='word_1_433' title='bbox 2430 991 2552 1048; x_wconf 84' lang='lat' dir='ltr'><strong>Tria</strong></span> <span class='ocrx_word' id='word_1_434' title='bbox 2582 1001 2702 1054; x_wconf 81' lang='lat' dir='ltr'><strong>sunt</strong></span> <span class='ocrx_word' id='word_1_435' title='bbox 2731 1011 2844 1066; x_wconf 74' lang='lat' dir='ltr'><strong>qua:</strong></span> <span class='ocrx_word' id='word_1_436' title='bbox 2878 993 3004 1054; x_wconf 76' lang='lat' dir='ltr'><strong>bene</strong></span> <span class='ocrx_word' id='word_1_437' title='bbox 3027 993 3358 1065; x_wconf 81' lang='lat' dir='ltr'><strong>gradiuntur,</strong></span> <span class='ocrx_word' id='word_1_438' title='bbox 3388 1001 3436 1046; x_wconf 86' lang='lat' dir='ltr'><strong>et</strong></span> <span class='ocrx_word' id='word_1_439' title='bbox 3465 1003 3709 1064; x_wconf 81' lang='lat' dir='ltr'><strong>quartum</strong></span> <span class='ocrx_word' id='word_1_440' title='bbox 3737 995 3828 1045; x_wconf 82' lang='lat' dir='ltr'><strong>in-</strong></span> 
     </span>
    </p>
   </div>
   <div class='ocr_carea' id='block_1_66' title="bbox 2217 1085 2632 1158">
    <p class='ocr_par' dir='ltr' id='par_1_66' title="bbox 2217 1085 2632 1158">
     <span class='ocr_line' id='line_1_66' title="bbox 2217 1085 2632 1158; baseline 0.005 -20"><span class='ocrx_word' id='word_1_441' title='bbox 2217 1085 2350 1140; x_wconf 82' lang='lat' dir='ltr'><strong>cedit</strong></span> <span class='ocrx_word' id='word_1_442' title='bbox 2379 1085 2632 1158; x_wconf 73' lang='lat' dir='ltr'><strong>feliciter?</strong></span> 
     </span>
    </p>
   </div>
   <div class='ocr_carea' id='block_1_67' title="bbox 2237 1177 3828 1250">
    <p class='ocr_par' dir='ltr' id='par_1_67' title="bbox 2237 1177 3828 1250">
     <span class='ocr_line' id='line_1_67' title="bbox 2237 1177 3828 1250; baseline 0.001 -18"><span class='ocrx_word' id='word_1_443' title='bbox 2237 1231 2244 1238; x_wconf 86' lang='grc'><strong>,</strong></span> <span class='ocrx_word' id='word_1_444' title='bbox 2287 1177 2565 1234; x_wconf 71' lang='lat' dir='ltr'><strong>SALONIUS.</strong></span> <span class='ocrx_word' id='word_1_445' title='bbox 2587 1177 2697 1234; x_wconf 90' lang='lat' dir='ltr'><strong>Leo</strong></span> <span class='ocrx_word' id='word_1_446' title='bbox 2717 1179 3042 1246; x_wconf 81' lang='lat' dir='ltr'><strong>fortissimus</strong></span> <span class='ocrx_word' id='word_1_447' title='bbox 3061 1181 3374 1246; x_wconf 81' lang='lat' dir='ltr'><strong>bestiarum,</strong></span> <span class='ocrx_word' id='word_1_448' title='bbox 3404 1180 3496 1250; x_wconf 90' lang='lat' dir='ltr'><strong>qui</strong></span> <span class='ocrx_word' id='word_1_449' title='bbox 3527 1179 3596 1242; x_wconf 85' lang='lat' dir='ltr'><strong>ad</strong></span> <span class='ocrx_word' id='word_1_450' title='bbox 3621 1179 3828 1234; x_wconf 85' lang='lat' dir='ltr'><strong>nullius</strong></span> 
     </span>
    </p>
   </div>
   <div class='ocr_carea' id='block_1_68' title="bbox 2217 1271 3826 1344">
    <p class='ocr_par' dir='ltr' id='par_1_68' title="bbox 2217 1271 3826 1344">
     <span class='ocr_line' id='line_1_68' title="bbox 2217 1271 3826 1344; baseline 0.001 -22"><span class='ocrx_word' id='word_1_451' title='bbox 2217 1276 2380 1338; x_wconf 87' lang='lat' dir='ltr'><strong>pavet</strong></span> <span class='ocrx_word' id='word_1_452' title='bbox 2415 1285 2698 1328; x_wconf 85' lang='lat' dir='ltr'><strong>occursum</strong></span> <span class='ocrx_word' id='word_1_453' title='bbox 2732 1290 2744 1326; x_wconf 89' lang='lat'><strong>:</strong></span> <span class='ocrx_word' id='word_1_454' title='bbox 2773 1271 2946 1344; x_wconf 85' lang='lat' dir='ltr'><strong>gallus</strong></span> <span class='ocrx_word' id='word_1_455' title='bbox 2970 1273 3274 1344; x_wconf 82' lang='lat' dir='ltr'><strong>succinctus</strong></span> <span class='ocrx_word' id='word_1_456' title='bbox 3301 1272 3546 1328; x_wconf 85' lang='lat' dir='ltr'><strong>lumbos:</strong></span> <span class='ocrx_word' id='word_1_457' title='bbox 3577 1279 3636 1326; x_wconf 88' lang='lat' dir='ltr'><strong>et</strong></span> <span class='ocrx_word' id='word_1_458' title='bbox 3657 1272 3826 1338; x_wconf 86' lang='lat' dir='ltr'><strong>aries,</strong></span> 
     </span>
    </p>
   </div>
   <div class='ocr_carea' id='block_1_69' title="bbox 2225 1363 3824 1434">
    <p class='ocr_par' dir='ltr' id='par_1_69' title="bbox 2225 1363 3824 1434">
     <span class='ocr_line' id='line_1_69' title="bbox 2225 1363 3824 1434; baseline 0.001 -18"><span class='ocrx_word' id='word_1_459' title='bbox 2225 1377 2326 1430; x_wconf 80' lang='lat' dir='ltr'><strong>nec</strong></span> <span class='ocrx_word' id='word_1_460' title='bbox 2352 1371 2435 1422; x_wconf 81' lang='lat' dir='ltr'><strong>est</strong></span> <span class='ocrx_word' id='word_1_461' title='bbox 2485 1379 2578 1418; x_wconf 82' lang='lat' dir='ltr'><strong>rex</strong></span> <span class='ocrx_word' id='word_1_462' title='bbox 2605 1365 2700 1434; x_wconf 86' lang='lat' dir='ltr'><strong>qui</strong></span> <span class='ocrx_word' id='word_1_463' title='bbox 2729 1365 2944 1422; x_wconf 82' lang='lat' dir='ltr'><strong>resistat</strong></span> <span class='ocrx_word' id='word_1_464' title='bbox 2973 1365 3040 1422; x_wconf 88' lang='lat' dir='ltr'><strong>ei.</strong></span> <span class='ocrx_word' id='word_1_465' title='bbox 3085 1364 3191 1420; x_wconf 86' lang='lat' dir='ltr'><strong>Ista</strong></span> <span class='ocrx_word' id='word_1_466' title='bbox 3219 1372 3341 1422; x_wconf 87' lang='lat' dir='ltr'><strong>sunt</strong></span> <span class='ocrx_word' id='word_1_467' title='bbox 3369 1379 3488 1434; x_wconf 76' lang='lat' dir='ltr'><strong>qua:</strong></span> <span class='ocrx_word' id='word_1_468' title='bbox 3517 1363 3660 1418; x_wconf 87' lang='lat' dir='ltr'><strong>bene</strong></span> <span class='ocrx_word' id='word_1_469' title='bbox 3692 1377 3824 1432; x_wconf 78' lang='lat' dir='ltr'><strong>gra-</strong></span> 
     </span>
    </p>
   </div>
   <div class='ocr_carea' id='block_1_70' title="bbox 2218 1453 2454 1510">
    <p class='ocr_par' dir='ltr' id='par_1_70' title="bbox 2218 1453 2454 1510">
     <span class='ocr_line' id='line_1_70' title="bbox 2218 1453 2454 1510; baseline 0 -2"><span class='ocrx_word' id='word_1_470' title='bbox 2218 1453 2454 1510; x_wconf 83' lang='lat' dir='ltr'><strong>diuntur.</strong></span> 
     </span>
    </p>
   </div>
   <div class='ocr_carea' id='block_1_71' title="bbox 2292 1546 3334 1626">
    <p class='ocr_par' dir='ltr' id='par_1_71' title="bbox 2292 1546 3334 1626">
     <span class='ocr_line' id='line_1_71' title="bbox 2292 1546 3334 1626; baseline 0.002 -26"><span class='ocrx_word' id='word_1_471' title='bbox 2292 1546 2558 1608; x_wconf 58' lang='lat' dir='ltr'><strong>Vesanus.</strong></span> <span class='ocrx_word' id='word_1_472' title='bbox 2591 1549 2762 1618; x_wconf 87' lang='lat' dir='ltr'><strong>Quem</strong></span> <span class='ocrx_word' id='word_1_473' title='bbox 2792 1549 3056 1626; x_wconf 74' lang='lat' dir='ltr'><strong>significat</strong></span> <span class='ocrx_word' id='word_1_474' title='bbox 3078 1551 3180 1606; x_wconf 89' lang='lat' dir='ltr'><strong>istc</strong></span> <span class='ocrx_word' id='word_1_475' title='bbox 3209 1550 3334 1606; x_wconf 80' lang='lat' dir='ltr'><strong>leo?</strong></span> 
     </span>
    </p>
   </div>
   <div class='ocr_carea' id='block_1_72' title="bbox 2289 1637 3824 1714">
    <p class='ocr_par' dir='ltr' id='par_1_72' title="bbox 2289 1637 3824 1714">
     <span class='ocr_line' id='line_1_72' title="bbox 2289 1637 3824 1714; baseline 0.001 -22"><span class='ocrx_word' id='word_1_476' title='bbox 2289 1637 2571 1696; x_wconf 59' lang='grc' dir='ltr'><strong>δλιολωδ.</strong></span> <span class='ocrx_word' id='word_1_477' title='bbox 2603 1639 2754 1696; x_wconf 83' lang='lat' dir='ltr'><strong>Illum</strong></span> <span class='ocrx_word' id='word_1_478' title='bbox 2783 1641 2850 1696; x_wconf 88' lang='lat' dir='ltr'><strong>de</strong></span> <span class='ocrx_word' id='word_1_479' title='bbox 2877 1657 2988 1712; x_wconf 88' lang='lat' dir='ltr'><strong>quo</strong></span> <span class='ocrx_word' id='word_1_480' title='bbox 3025 1643 3286 1714; x_wconf 87' lang='lat' dir='ltr'><strong>scriptum</strong></span> <span class='ocrx_word' id='word_1_481' title='bbox 3315 1649 3400 1698; x_wconf 89' lang='lat' dir='ltr'><strong>est</strong></span> <span class='ocrx_word' id='word_1_482' title='bbox 3427 1659 3440 1694; x_wconf 91' lang='lat'>:</span> <span class='ocrx_word' id='word_1_483' title='bbox 3485 1641 3623 1696; x_wconf 77' lang='lat' dir='ltr'><strong>Vicit</strong></span> <span class='ocrx_word' id='word_1_484' title='bbox 3643 1641 3726 1694; x_wconf 82' lang='lat' dir='ltr'><strong>leo</strong></span> <span class='ocrx_word' id='word_1_485' title='bbox 3753 1641 3824 1696; x_wconf 81' lang='lat' dir='ltr'><strong>de</strong></span> 
     </span>
    </p>
   </div>
   <div class='ocr_carea' id='block_1_73' title="bbox 2143 1728 3824 1812">
    <p class='ocr_par' dir='ltr' id='par_1_73' title="bbox 2143 1728 3824 1812">
     <span class='ocr_line' id='line_1_73' title="bbox 2143 1728 3824 1812; baseline 0.005 -30"><span class='ocrx_word' id='word_1_486' title='bbox 2143 1745 2188 1812; x_wconf 74' lang='grc' dir='ltr'><strong><em>Β</em></strong></span> <span class='ocrx_word' id='word_1_487' title='bbox 2217 1728 2350 1783; x_wconf 81' lang='lat' dir='ltr'><strong>tribu</strong></span> <span class='ocrx_word' id='word_1_488' title='bbox 2381 1729 2544 1800; x_wconf 73' lang='lat' dir='ltr'><strong>Iuda,</strong></span> <span class='ocrx_word' id='word_1_489' title='bbox 2577 1742 2680 1792; x_wconf 87' lang='lat' dir='ltr'><strong>etc.</strong></span> <span class='ocrx_word' id='word_1_490' title='bbox 2713 1735 2896 1806; x_wconf 77' lang='lat' dir='ltr'><strong>(Apoc.</strong></span> <span class='ocrx_word' id='word_1_491' title='bbox 2929 1736 3019 1806; x_wconf 90' lang='lat' dir='ltr'><strong>v),</strong></span> <span class='ocrx_word' id='word_1_492' title='bbox 3069 1735 3352 1792; x_wconf 87' lang='lat' dir='ltr'><strong>Dominum</strong></span> <span class='ocrx_word' id='word_1_493' title='bbox 3381 1735 3596 1790; x_wconf 86' lang='lat' dir='ltr'><strong>scilicet</strong></span> <span class='ocrx_word' id='word_1_494' title='bbox 3633 1735 3824 1790; x_wconf 82' lang='lat' dir='ltr'><strong>Jesum</strong></span> 
     </span>
    </p>
   </div>
   <div class='ocr_carea' id='block_1_74' title="bbox 2215 1819 3820 1900">
    <p class='ocr_par' dir='ltr' id='par_1_74' title="bbox 2215 1819 3820 1900">
     <span class='ocr_line' id='line_1_74' title="bbox 2215 1819 3820 1900; baseline 0.002 -22"><span class='ocrx_word' id='word_1_495' title='bbox 2215 1819 2506 1890; x_wconf 79' lang='lat' dir='ltr'><strong>Christum,</strong></span> <span class='ocrx_word' id='word_1_496' title='bbox 2527 1826 2616 1894; x_wconf 87' lang='lat' dir='ltr'><strong>qui</strong></span> <span class='ocrx_word' id='word_1_497' title='bbox 2643 1825 2966 1886; x_wconf 81' lang='lat' dir='ltr'><strong>fortissimus</strong></span> <span class='ocrx_word' id='word_1_498' title='bbox 2987 1829 3280 1886; x_wconf 83' lang='lat' dir='ltr'><strong>bestiarum</strong></span> <span class='ocrx_word' id='word_1_499' title='bbox 3295 1828 3514 1894; x_wconf 86' lang='lat' dir='ltr'><strong>dicitur,</strong></span> <span class='ocrx_word' id='word_1_500' title='bbox 3533 1829 3658 1898; x_wconf 88' lang='lat' dir='ltr'><strong>quia</strong></span> <span class='ocrx_word' id='word_1_501' title='bbox 3677 1828 3820 1900; x_wconf 79' lang='lat' dir='ltr'><strong>quod</strong></span> 
     </span>
    </p>
   </div>
   <div class='ocr_carea' id='block_1_75' title="bbox 2213 1909 3668 1990">
    <p class='ocr_par' dir='ltr' id='par_1_75' title="bbox 2213 1909 3668 1990">
     <span class='ocr_line' id='line_1_75' title="bbox 2213 1909 3668 1990; baseline 0.01 -27"><span class='ocrx_word' id='word_1_502' title='bbox 2213 1909 2482 1982; x_wconf 68' lang='lat' dir='ltr'><strong>inﬁrmum</strong></span> <span class='ocrx_word' id='word_1_503' title='bbox 2509 1925 2585 1970; x_wconf 75' lang='lat' dir='ltr'><strong>est</strong></span> <span class='ocrx_word' id='word_1_504' title='bbox 2605 1916 2702 1990; x_wconf 83' lang='lat' dir='ltr'><strong>Dei</strong></span> <span class='ocrx_word' id='word_1_505' title='bbox 2733 1921 2918 1990; x_wconf 79' lang='lat' dir='ltr'><strong>fortius</strong></span> <span class='ocrx_word' id='word_1_506' title='bbox 2947 1931 3024 1976; x_wconf 76' lang='lat' dir='ltr'><strong>est</strong></span> <span class='ocrx_word' id='word_1_507' title='bbox 3051 1913 3342 1974; x_wconf 72' lang='lat' dir='ltr'><strong>hominibus</strong></span> <span class='ocrx_word' id='word_1_508' title='bbox 3373 1920 3428 1990; x_wconf 75' lang='grc' dir='ltr'><strong>(Ι</strong></span> <span class='ocrx_word' id='word_1_509' title='bbox 3457 1919 3580 1976; x_wconf 84' lang='lat' dir='ltr'><strong>Cor.</strong></span> <span class='ocrx_word' id='word_1_510' title='bbox 3609 1923 3668 1990; x_wconf 78' lang='grc' dir='ltr'><strong>ι).</strong></span> 
     </span>
    </p>
   </div>
   <div class='ocr_carea' id='block_1_76' title="bbox 2291 2003 3490 2076">
    <p class='ocr_par' dir='ltr' id='par_1_76' title="bbox 2291 2003 3490 2076">
     <span class='ocr_line' id='line_1_76' title="bbox 2291 2003 3490 2076; baseline 0.007 -18"><span class='ocrx_word' id='word_1_511' title='bbox 2291 2003 2562 2064; x_wconf 60' lang='grc' dir='ltr'><strong>νειιλκυε.</strong></span> <span class='ocrx_word' id='word_1_512' title='bbox 2593 2009 2749 2076; x_wconf 84' lang='lat' dir='ltr'><strong>Quod</strong></span> <span class='ocrx_word' id='word_1_513' title='bbox 2775 2019 2859 2068; x_wconf 84' lang='lat' dir='ltr'><strong>est</strong></span> <span class='ocrx_word' id='word_1_514' title='bbox 2887 2012 3016 2070; x_wconf 86' lang='lat' dir='ltr'><strong>illud</strong></span> <span class='ocrx_word' id='word_1_515' title='bbox 3047 2013 3318 2070; x_wconf 81' lang='lat' dir='ltr'><strong>inﬁrmum</strong></span> <span class='ocrx_word' id='word_1_516' title='bbox 3347 2013 3444 2072; x_wconf 83' lang='lat' dir='ltr'><strong>Dei</strong></span> <span class='ocrx_word' id='word_1_517' title='bbox 3467 2015 3490 2054; x_wconf 67' lang='grc'>7</span> 
     </span>
    </p>
   </div>
   <div class='ocr_carea' id='block_1_77' title="bbox 2289 2095 3826 2170">
    <p class='ocr_par' dir='ltr' id='par_1_77' title="bbox 2289 2095 3826 2170">
     <span class='ocr_line' id='line_1_77' title="bbox 2289 2095 3826 2170; baseline 0.005 -18"><span class='ocrx_word' id='word_1_518' title='bbox 2289 2095 2570 2156; x_wconf 66' lang='lat' dir='ltr'><strong>SALONIUS.</strong></span> <span class='ocrx_word' id='word_1_519' title='bbox 2595 2101 2870 2158; x_wconf 76' lang='lat' dir='ltr'><strong>lniirmum</strong></span> <span class='ocrx_word' id='word_1_520' title='bbox 2899 2105 2998 2162; x_wconf 88' lang='lat' dir='ltr'><strong>fuit</strong></span> <span class='ocrx_word' id='word_1_521' title='bbox 3037 2105 3152 2170; x_wconf 87' lang='lat' dir='ltr'><strong>Dei,</strong></span> <span class='ocrx_word' id='word_1_522' title='bbox 3179 2119 3406 2160; x_wconf 84' lang='lat' dir='ltr'><strong>carnem</strong></span> <span class='ocrx_word' id='word_1_523' title='bbox 3435 2113 3636 2160; x_wconf 71' lang='lat' dir='ltr'><strong>nostra:</strong></span> <span class='ocrx_word' id='word_1_524' title='bbox 3673 2121 3826 2160; x_wconf 85' lang='lat' dir='ltr'><strong>mor-</strong></span> 
     </span>
    </p>
   </div>
   <div class='ocr_carea' id='block_1_78' title="bbox 2190 2191 3826 2266">
    <p class='ocr_par' dir='ltr' id='par_1_78' title="bbox 2190 2191 3826 2266">
     <span class='ocr_line' id='line_1_78' title="bbox 2190 2191 3826 2266; baseline 0.004 -20"><span class='ocrx_word' id='word_1_525' title='bbox 2190 2219 2204 2232; x_wconf 89' lang='lat'><strong>-</strong></span> <span class='ocrx_word' id='word_1_526' title='bbox 2219 2191 2440 2252; x_wconf 87' lang='lat' dir='ltr'><strong>talitatis</strong></span> <span class='ocrx_word' id='word_1_527' title='bbox 2461 2209 2736 2256; x_wconf 83' lang='lat' dir='ltr'><strong>assumere</strong></span> <span class='ocrx_word' id='word_1_528' title='bbox 2756 2215 2768 2250; x_wconf 89' lang='lat'><strong>:</strong></span> <span class='ocrx_word' id='word_1_529' title='bbox 2791 2197 2886 2256; x_wconf 87' lang='lat' dir='ltr'><strong>sed</strong></span> <span class='ocrx_word' id='word_1_530' title='bbox 2909 2198 3014 2254; x_wconf 85' lang='lat' dir='ltr'><strong>hoc</strong></span> <span class='ocrx_word' id='word_1_531' title='bbox 3041 2196 3234 2254; x_wconf 87' lang='lat' dir='ltr'><strong>fortius</strong></span> <span class='ocrx_word' id='word_1_532' title='bbox 3251 2205 3340 2252; x_wconf 81' lang='lat' dir='ltr'><strong>est</strong></span> <span class='ocrx_word' id='word_1_533' title='bbox 3357 2198 3672 2254; x_wconf 86' lang='lat' dir='ltr'><strong>hominibus</strong></span> <span class='ocrx_word' id='word_1_534' title='bbox 3689 2198 3826 2266; x_wconf 84' lang='lat' dir='ltr'><strong>quia</strong></span> 
     </span>
    </p>
   </div>
   <div class='ocr_carea' id='block_1_79' title="bbox 2219 2283 3824 2364">
    <p class='ocr_par' dir='ltr' id='par_1_79' title="bbox 2219 2283 3824 2364">
     <span class='ocr_line' id='line_1_79' title="bbox 2219 2283 3824 2364; baseline 0.003 -27"><span class='ocrx_word' id='word_1_535' title='bbox 2219 2283 2335 2364; x_wconf 82' lang='lat' dir='ltr'><strong>ipse</strong></span> <span class='ocrx_word' id='word_1_536' title='bbox 2357 2285 2518 2342; x_wconf 87' lang='lat' dir='ltr'><strong>homo</strong></span> <span class='ocrx_word' id='word_1_537' title='bbox 2565 2297 2725 2344; x_wconf 87' lang='lat' dir='ltr'><strong>natus</strong></span> <span class='ocrx_word' id='word_1_538' title='bbox 2763 2304 2828 2346; x_wconf 75' lang='lat' dir='ltr'><strong>ex</strong></span> <span class='ocrx_word' id='word_1_539' title='bbox 2853 2289 3094 2360; x_wconf 73' lang='lat' dir='ltr'><strong>Virgine,</strong></span> <span class='ocrx_word' id='word_1_540' title='bbox 3115 2287 3386 2360; x_wconf 83' lang='lat' dir='ltr'><strong>perfectus</strong></span> <span class='ocrx_word' id='word_1_541' title='bbox 3415 2289 3628 2346; x_wconf 76' lang='lat' dir='ltr'><strong>exstitit</strong></span> <span class='ocrx_word' id='word_1_542' title='bbox 3653 2288 3824 2344; x_wconf 86' lang='lat' dir='ltr'><strong>Deus.</strong></span> 
     </span>
    </p>
   </div>
   <div class='ocr_carea' id='block_1_80' title="bbox 2292 2374 3828 2451">
    <p class='ocr_par' dir='ltr' id='par_1_80' title="bbox 2292 2374 3828 2451">
     <span class='ocr_line' id='line_1_80' title="bbox 2292 2374 3828 2451; baseline 0.005 -21"><span class='ocrx_word' id='word_1_543' title='bbox 2292 2374 2562 2436; x_wconf 69' lang='lat' dir='ltr'><strong>VERANUS.</strong></span> <span class='ocrx_word' id='word_1_544' title='bbox 2596 2379 2776 2448; x_wconf 81' lang='lat' dir='ltr'><strong>Quare</strong></span> <span class='ocrx_word' id='word_1_545' title='bbox 2805 2381 2906 2436; x_wconf 87' lang='lat' dir='ltr'><strong>iste</strong></span> <span class='ocrx_word' id='word_1_546' title='bbox 2953 2380 3040 2436; x_wconf 87' lang='lat' dir='ltr'><strong>leo</strong></span> <span class='ocrx_word' id='word_1_547' title='bbox 3069 2379 3138 2436; x_wconf 87' lang='lat' dir='ltr'><strong>ad</strong></span> <span class='ocrx_word' id='word_1_548' title='bbox 3177 2381 3376 2438; x_wconf 83' lang='lat' dir='ltr'><strong>nullius</strong></span> <span class='ocrx_word' id='word_1_549' title='bbox 3421 2389 3584 2451; x_wconf 72' lang='lat' dir='ltr'><strong>pavet</strong></span> <span class='ocrx_word' id='word_1_550' title='bbox 3631 2396 3828 2438; x_wconf 86' lang='lat' dir='ltr'><strong>occur-</strong></span> 
     </span>
    </p>
   </div>
   <div class='ocr_carea' id='block_1_81' title="bbox 2219 2471 2828 2536">
    <p class='ocr_par' dir='ltr' id='par_1_81' title="bbox 2219 2471 2828 2536">
     <span class='ocr_line' id='line_1_81' title="bbox 2219 2471 2828 2536; baseline 0.003 -14"><span class='ocrx_word' id='word_1_551' title='bbox 2219 2481 2336 2524; x_wconf 86' lang='lat' dir='ltr'><strong>sum</strong></span> <span class='ocrx_word' id='word_1_552' title='bbox 2359 2471 2382 2524; x_wconf 87' lang='lat'><strong>?</strong></span> <span class='ocrx_word' id='word_1_553' title='bbox 2625 2491 2631 2498; x_wconf 88' lang='grc'>·</span> <span class='ocrx_word' id='word_1_554' title='bbox 2825 2531 2828 2536; x_wconf 96' lang='lat'><em>_</em></span> 
     </span>
    </p>
   </div>
   <div class='ocr_carea' id='block_1_82' title="bbox 2287 2565 3828 2640">
    <p class='ocr_par' dir='ltr' id='par_1_82' title="bbox 2287 2565 3828 2640">
     <span class='ocr_line' id='line_1_82' title="bbox 2287 2565 3828 2640; baseline -0.003 -16"><span class='ocrx_word' id='word_1_555' title='bbox 2287 2569 2568 2626; x_wconf 68' lang='lat' dir='ltr'><strong>SALONIUS.</strong></span> <span class='ocrx_word' id='word_1_556' title='bbox 2592 2565 2726 2632; x_wconf 87' lang='lat' dir='ltr'><strong>Quia</strong></span> <span class='ocrx_word' id='word_1_557' title='bbox 2751 2575 3018 2636; x_wconf 80' lang='lat' dir='ltr'><strong>peccatum</strong></span> <span class='ocrx_word' id='word_1_558' title='bbox 3045 2583 3150 2622; x_wconf 79' lang='lat' dir='ltr'><strong>non</strong></span> <span class='ocrx_word' id='word_1_559' title='bbox 3179 2569 3324 2640; x_wconf 75' lang='lat' dir='ltr'><strong>fecit,</strong></span> <span class='ocrx_word' id='word_1_560' title='bbox 3351 2584 3444 2622; x_wconf 76' lang='lat' dir='ltr'><strong>nec</strong></span> <span class='ocrx_word' id='word_1_561' title='bbox 3481 2575 3557 2620; x_wconf 74' lang='lat' dir='ltr'><strong>cst</strong></span> <span class='ocrx_word' id='word_1_562' title='bbox 3585 2567 3828 2620; x_wconf 72' lang='lat' dir='ltr'><strong>intentus</strong></span> 
     </span>
    </p>
   </div>
   <div class='ocr_carea' id='block_1_83' title="bbox 2218 2655 3824 2730">
    <p class='ocr_par' dir='ltr' id='par_1_83' title="bbox 2218 2655 3824 2730">
     <span class='ocr_line' id='line_1_83' title="bbox 2218 2655 3824 2730; baseline -0.004 -12"><span class='ocrx_word' id='word_1_563' title='bbox 2218 2660 2366 2718; x_wconf 77' lang='lat' dir='ltr'><strong>dolus</strong></span> <span class='ocrx_word' id='word_1_564' title='bbox 2393 2661 2448 2712; x_wconf 82' lang='lat' dir='ltr'><strong>iu</strong></span> <span class='ocrx_word' id='word_1_565' title='bbox 2477 2675 2566 2714; x_wconf 80' lang='lat' dir='ltr'><strong>ore</strong></span> <span class='ocrx_word' id='word_1_566' title='bbox 2585 2659 2698 2730; x_wconf 72' lang='lat' dir='ltr'><strong>ejus</strong></span> <span class='ocrx_word' id='word_1_567' title='bbox 2729 2655 2784 2730; x_wconf 83' lang='lat' dir='ltr'><strong>(I</strong></span> <span class='ocrx_word' id='word_1_568' title='bbox 2807 2657 2953 2718; x_wconf 80' lang='lat' dir='ltr'><strong>Petr.</strong></span> <span class='ocrx_word' id='word_1_569' title='bbox 2983 2658 3066 2728; x_wconf 85' lang='lat' dir='ltr'><strong>u);</strong></span> <span class='ocrx_word' id='word_1_570' title='bbox 3096 2657 3239 2714; x_wconf 84' lang='lat' dir='ltr'><strong>unde</strong></span> <span class='ocrx_word' id='word_1_571' title='bbox 3267 2659 3386 2730; x_wconf 86' lang='lat' dir='ltr'><strong>ipse</strong></span> <span class='ocrx_word' id='word_1_572' title='bbox 3405 2657 3540 2714; x_wconf 89' lang='lat' dir='ltr'><strong>dicit</strong></span> <span class='ocrx_word' id='word_1_573' title='bbox 3565 2659 3619 2712; x_wconf 87' lang='lat' dir='ltr'><strong>in</strong></span> <span class='ocrx_word' id='word_1_574' title='bbox 3643 2658 3824 2714; x_wconf 49' lang='lat' dir='ltr'><strong>Erant-</strong></span> 
     </span>
    </p>
   </div>
   <div class='ocr_carea' id='block_1_84' title="bbox 2217 2751 3822 2826">
    <p class='ocr_par' dir='ltr' id='par_1_84' title="bbox 2217 2751 3822 2826">
     <span class='ocr_line' id='line_1_84' title="bbox 2217 2751 3822 2826; baseline -0.004 -16"><span class='ocrx_word' id='word_1_575' title='bbox 2217 2756 2360 2826; x_wconf 80' lang='lat' dir='ltr'><strong>gelio</strong></span> <span class='ocrx_word' id='word_1_576' title='bbox 2387 2772 2398 2806; x_wconf 90' lang='lat'><strong>:</strong></span> <span class='ocrx_word' id='word_1_577' title='bbox 2433 2751 2569 2806; x_wconf 81' lang='lat' dir='ltr'><strong>Ecce</strong></span> <span class='ocrx_word' id='word_1_578' title='bbox 2591 2751 2726 2806; x_wconf 77' lang='lat' dir='ltr'><strong>venit</strong></span> <span class='ocrx_word' id='word_1_579' title='bbox 2751 2753 2996 2824; x_wconf 76' lang='lat' dir='ltr'><strong>princeps</strong></span> <span class='ocrx_word' id='word_1_580' title='bbox 3017 2752 3216 2820; x_wconf 81' lang='lat' dir='ltr'><strong>mundi,</strong></span> <span class='ocrx_word' id='word_1_581' title='bbox 3239 2761 3288 2808; x_wconf 84' lang='lat' dir='ltr'><strong>et</strong></span> <span class='ocrx_word' id='word_1_582' title='bbox 3315 2754 3370 2808; x_wconf 81' lang='lat' dir='ltr'><strong>iu</strong></span> <span class='ocrx_word' id='word_1_583' title='bbox 3391 2769 3473 2808; x_wconf 82' lang='lat' dir='ltr'><strong>me</strong></span> <span class='ocrx_word' id='word_1_584' title='bbox 3497 2770 3602 2806; x_wconf 85' lang='lat' dir='ltr'><strong>non</strong></span> <span class='ocrx_word' id='word_1_585' title='bbox 3629 2753 3822 2816; x_wconf 65' lang='lat' dir='ltr'><strong>inverti;</strong></span> 
     </span>
    </p>
   </div>
   <div class='ocr_carea' id='block_1_85' title="bbox 2217 2849 2514 2921">
    <p class='ocr_par' dir='ltr' id='par_1_85' title="bbox 2217 2849 2514 2921">
     <span class='ocr_line' id='line_1_85' title="bbox 2217 2849 2514 2921; baseline -0.013 -17"><span class='ocrx_word' id='word_1_586' title='bbox 2217 2849 2514 2921; x_wconf 77' lang='lat' dir='ltr'><strong>quidquam.</strong></span> 
     </span>
    </p>
   </div>
   <div class='ocr_carea' id='block_1_86' title="bbox 2289 2923 3822 3010">
    <p class='ocr_par' dir='ltr' id='par_1_86' title="bbox 2289 2923 3822 3010">
     <span class='ocr_line' id='line_1_86' title="bbox 2289 2923 3822 3010; baseline -0.003 -16"><span class='ocrx_word' id='word_1_587' title='bbox 2289 2940 2556 3004; x_wconf 49' lang='lat' dir='ltr'><strong>Vcennos.</strong></span> <span class='ocrx_word' id='word_1_588' title='bbox 2589 2936 2730 3004; x_wconf 82' lang='lat' dir='ltr'><strong>Quid</strong></span> <span class='ocrx_word' id='word_1_589' title='bbox 2775 2923 3040 3010; x_wconf 66' lang='lat' dir='ltr'><strong>signiﬁcat</strong></span> <span class='ocrx_word' id='word_1_590' title='bbox 3085 2939 3259 3010; x_wconf 80' lang='lat' dir='ltr'><strong>gallus</strong></span> <span class='ocrx_word' id='word_1_591' title='bbox 3319 2940 3630 2998; x_wconf 83' lang='lat' dir='ltr'><strong>succinctus</strong></span> <span class='ocrx_word' id='word_1_592' title='bbox 3677 2938 3822 2992; x_wconf 83' lang='lat' dir='ltr'><strong>lum-</strong></span> 
     </span>
    </p>
   </div>
   <div class='ocr_carea' id='block_1_87' title="bbox 2215 3035 2348 3088">
    <p class='ocr_par' dir='ltr' id='par_1_87' title="bbox 2215 3035 2348 3088">
     <span class='ocr_line' id='line_1_87' title="bbox 2215 3035 2348 3088; baseline -0.015 0"><span class='ocrx_word' id='word_1_593' title='bbox 2215 3035 2348 3088; x_wconf 87' lang='lat' dir='ltr'><strong>bos?</strong></span> 
     </span>
    </p>
   </div>
   <div class='ocr_carea' id='block_1_88' title="bbox 2139 3119 3260 3196">
    <p class='ocr_par' dir='ltr' id='par_1_88' title="bbox 2139 3119 3260 3196">
     <span class='ocr_line' id='line_1_88' title="bbox 2139 3119 3260 3196; baseline -0.002 -14"><span class='ocrx_word' id='word_1_594' title='bbox 2139 3119 2186 3182; x_wconf 88' lang='lat' dir='ltr'><strong><em>C</em></strong></span> <span class='ocrx_word' id='word_1_595' title='bbox 2293 3124 2580 3186; x_wconf 68' lang='lat' dir='ltr'><strong>Suculas.</strong></span> <span class='ocrx_word' id='word_1_596' title='bbox 2613 3123 2844 3188; x_wconf 73' lang='lat' dir='ltr'><strong>Sanctus</strong></span> <span class='ocrx_word' id='word_1_597' title='bbox 2863 3125 3260 3196; x_wconf 68' lang='lat' dir='ltr'><strong>pratdicatorcs.</strong></span> 
     </span>
    </p>
   </div>
   <div class='ocr_carea' id='block_1_89' title="bbox 2289 3224 3618 3296">
    <p class='ocr_par' dir='ltr' id='par_1_89' title="bbox 2289 3224 3618 3296">
     <span class='ocr_line' id='line_1_89' title="bbox 2289 3224 3618 3296; baseline -0.002 -14"><span class='ocrx_word' id='word_1_598' title='bbox 2289 3226 2562 3284; x_wconf 66' lang='lat' dir='ltr'><strong>Venimus.</strong></span> <span class='ocrx_word' id='word_1_599' title='bbox 2593 3224 2772 3292; x_wconf 81' lang='lat' dir='ltr'><strong>Quare</strong></span> <span class='ocrx_word' id='word_1_600' title='bbox 2799 3226 2924 3294; x_wconf 67' lang='lat' dir='ltr'><strong>galli</strong></span> <span class='ocrx_word' id='word_1_601' title='bbox 2955 3225 3336 3296; x_wconf 63' lang='lat' dir='ltr'><strong>praidicatores</strong></span> <span class='ocrx_word' id='word_1_602' title='bbox 3367 3226 3618 3282; x_wconf 72' lang='lat' dir='ltr'><strong>dicuntur</strong></span> 
     </span>
    </p>
   </div>
   <div class='ocr_carea' id='block_1_90' title="bbox 2290 3307 3828 3388">
    <p class='ocr_par' dir='ltr' id='par_1_90' title="bbox 2290 3307 3828 3388">
     <span class='ocr_line' id='line_1_90' title="bbox 2290 3307 3828 3388; baseline 0 -16"><span class='ocrx_word' id='word_1_603' title='bbox 2290 3317 2572 3373; x_wconf 64' lang='lat' dir='ltr'><strong>SALONIUS.</strong></span> <span class='ocrx_word' id='word_1_604' title='bbox 2603 3317 2740 3384; x_wconf 84' lang='lat' dir='ltr'><strong>Quia</strong></span> <span class='ocrx_word' id='word_1_605' title='bbox 2771 3317 2913 3371; x_wconf 85' lang='lat' dir='ltr'><strong>inter</strong></span> <span class='ocrx_word' id='word_1_606' title='bbox 2951 3307 3232 3388; x_wconf 61' lang='lat' dir='ltr'><strong>praesentis</strong></span> <span class='ocrx_word' id='word_1_607' title='bbox 3267 3318 3390 3372; x_wconf 70' lang='lat' dir='ltr'><strong>vitm.</strong></span> <span class='ocrx_word' id='word_1_608' title='bbox 3419 3317 3698 3383; x_wconf 77' lang='lat' dir='ltr'><strong>tenebras,</strong></span> <span class='ocrx_word' id='word_1_609' title='bbox 3731 3332 3828 3372; x_wconf 70' lang='grc' dir='ltr'><strong>νε-</strong></span> 
     </span>
    </p>
   </div>
   <div class='ocr_carea' id='block_1_91' title="bbox 2221 3405 3808 3476">
    <p class='ocr_par' dir='ltr' id='par_1_91' title="bbox 2221 3405 3808 3476">
     <span class='ocr_line' id='line_1_91' title="bbox 2221 3405 3808 3476; baseline -0.003 -14"><span class='ocrx_word' id='word_1_610' title='bbox 2221 3423 2338 3462; x_wconf 87' lang='lat' dir='ltr'><strong>rum</strong></span> <span class='ocrx_word' id='word_1_611' title='bbox 2363 3422 2542 3471; x_wconf 80' lang='lat' dir='ltr'><strong>tuane,</strong></span> <span class='ocrx_word' id='word_1_612' title='bbox 2575 3407 2678 3462; x_wconf 86' lang='lat' dir='ltr'><strong>hoc</strong></span> <span class='ocrx_word' id='word_1_613' title='bbox 2705 3413 2786 3462; x_wconf 87' lang='lat' dir='ltr'><strong>est</strong></span> <span class='ocrx_word' id='word_1_614' title='bbox 2807 3421 2991 3472; x_wconf 80' lang='lat' dir='ltr'><strong>veram</strong></span> <span class='ocrx_word' id='word_1_615' title='bbox 3020 3405 3218 3474; x_wconf 83' lang='lat' dir='ltr'><strong>lucem,</strong></span> <span class='ocrx_word' id='word_1_616' title='bbox 3247 3405 3592 3476; x_wconf 75' lang='lat' dir='ltr'><strong>prmdicando</strong></span> <span class='ocrx_word' id='word_1_617' title='bbox 3615 3422 3808 3460; x_wconf 81' lang='lat' dir='ltr'><strong>aruum</strong></span> 
     </span>
    </p>
   </div>
   <div class='ocr_carea' id='block_1_92' title="bbox 2222 3496 3536 3568">
    <p class='ocr_par' dir='ltr' id='par_1_92' title="bbox 2222 3496 3536 3568">
     <span class='ocr_line' id='line_1_92' title="bbox 2222 3496 3536 3568; baseline -0.001 -15"><span class='ocrx_word' id='word_1_618' title='bbox 2222 3499 2382 3566; x_wconf 86' lang='lat' dir='ltr'><strong>tiant,</strong></span> <span class='ocrx_word' id='word_1_619' title='bbox 2403 3497 2630 3568; x_wconf 75' lang='lat' dir='ltr'><strong>gloriam</strong></span> <span class='ocrx_word' id='word_1_620' title='bbox 2659 3496 2912 3558; x_wconf 84' lang='lat' dir='ltr'><strong>videlicet</strong></span> <span class='ocrx_word' id='word_1_621' title='bbox 2929 3505 3144 3552; x_wconf 72' lang='lat' dir='ltr'><strong>teter-nte</strong></span> <span class='ocrx_word' id='word_1_622' title='bbox 3173 3497 3536 3554; x_wconf 87' lang='lat' dir='ltr'><strong>beatitudinis.</strong></span> 
     </span>
    </p>
   </div>
   <div class='ocr_carea' id='block_1_93' title="bbox 2293 3609 3812 3680">
    <p class='ocr_par' dir='ltr' id='par_1_93' title="bbox 2293 3609 3812 3680">
     <span class='ocr_line' id='line_1_93' title="bbox 2293 3609 3812 3680; baseline 0.001 -15"><span class='ocrx_word' id='word_1_623' title='bbox 2293 3611 2572 3666; x_wconf 70' lang='lat' dir='ltr'><strong>Vesanus.</strong></span> <span class='ocrx_word' id='word_1_624' title='bbox 2603 3609 2798 3676; x_wconf 79' lang='lat' dir='ltr'><strong>Quare</strong></span> <span class='ocrx_word' id='word_1_625' title='bbox 2816 3611 2902 3664; x_wconf 86' lang='lat' dir='ltr'><strong>isti</strong></span> <span class='ocrx_word' id='word_1_626' title='bbox 2931 3611 3052 3680; x_wconf 84' lang='lat' dir='ltr'><strong>galli</strong></span> <span class='ocrx_word' id='word_1_627' title='bbox 3096 3613 3355 3668; x_wconf 81' lang='lat' dir='ltr'><strong>succincti</strong></span> <span class='ocrx_word' id='word_1_628' title='bbox 3388 3613 3598 3668; x_wconf 77' lang='lat' dir='ltr'><strong>hnnbos</strong></span> <span class='ocrx_word' id='word_1_629' title='bbox 3623 3613 3812 3667; x_wconf 65' lang='lat' dir='ltr'><strong>(Ecurr-</strong></span> 
     </span>
    </p>
   </div>
   <div class='ocr_carea' id='block_1_94' title="bbox 2225 3706 2358 3759">
    <p class='ocr_par' dir='ltr' id='par_1_94' title="bbox 2225 3706 2358 3759">
     <span class='ocr_line' id='line_1_94' title="bbox 2225 3706 2358 3759; baseline 0.008 -2"><span class='ocrx_word' id='word_1_630' title='bbox 2225 3709 2314 3759; x_wconf 84' lang='lat' dir='ltr'><strong>tur</strong></span> <span class='ocrx_word' id='word_1_631' title='bbox 2334 3706 2358 3758; x_wconf 73' lang='lat' dir='ltr'><strong>‘i</strong></span> 
     </span>
    </p>
   </div>
   <div class='ocr_carea' id='block_1_95' title="bbox 2297 3797 3816 3870">
    <p class='ocr_par' dir='ltr' id='par_1_95' title="bbox 2297 3797 3816 3870">
     <span class='ocr_line' id='line_1_95' title="bbox 2297 3797 3816 3870; baseline 0.003 -20"><span class='ocrx_word' id='word_1_632' title='bbox 2297 3797 2578 3856; x_wconf 67' lang='lat' dir='ltr'><strong>SALosws.</strong></span> <span class='ocrx_word' id='word_1_633' title='bbox 2621 3799 2756 3866; x_wconf 84' lang='lat' dir='ltr'><strong>Quia</strong></span> <span class='ocrx_word' id='word_1_634' title='bbox 2803 3801 2976 3854; x_wconf 85' lang='lat' dir='ltr'><strong>sancti</strong></span> <span class='ocrx_word' id='word_1_635' title='bbox 3029 3799 3414 3870; x_wconf 70' lang='lat' dir='ltr'><strong>pmdieatorcs</strong></span> <span class='ocrx_word' id='word_1_636' title='bbox 3459 3799 3512 3854; x_wconf 85' lang='lat' dir='ltr'><strong>in</strong></span> <span class='ocrx_word' id='word_1_637' title='bbox 3559 3799 3816 3855; x_wconf 76' lang='lat' dir='ltr'><strong>membris</strong></span> 
     </span>
    </p>
   </div>
   <div class='ocr_carea' id='block_1_96' title="bbox 2227 3889 3406 3960">
    <p class='ocr_par' dir='ltr' id='par_1_96' title="bbox 2227 3889 3406 3960">
     <span class='ocr_line' id='line_1_96' title="bbox 2227 3889 3406 3960; baseline 0.002 -16"><span class='ocrx_word' id='word_1_638' title='bbox 2227 3891 2336 3945; x_wconf 85' lang='lat' dir='ltr'><strong>suis</strong></span> <span class='ocrx_word' id='word_1_639' title='bbox 2365 3889 2626 3944; x_wconf 72' lang='lat' dir='ltr'><strong>luxuriam</strong></span> <span class='ocrx_word' id='word_1_640' title='bbox 2657 3897 2712 3944; x_wconf 83' lang='lat' dir='ltr'><strong>et</strong></span> <span class='ocrx_word' id='word_1_641' title='bbox 2737 3889 3012 3946; x_wconf 73' lang='lat' dir='ltr'><strong>libidinem</strong></span> <span class='ocrx_word' id='word_1_642' title='bbox 3045 3891 3406 3960; x_wconf 80' lang='lat' dir='ltr'><strong>restinguunt.</strong></span> 
     </span>
    </p>
   </div>
   <div class='ocr_carea' id='block_1_97' title="bbox 2301 3981 3818 4052">
    <p class='ocr_par' dir='ltr' id='par_1_97' title="bbox 2301 3981 3818 4052">
     <span class='ocr_line' id='line_1_97' title="bbox 2301 3981 3818 4052; baseline 0.001 -16"><span class='ocrx_word' id='word_1_643' title='bbox 2301 3981 2569 4038; x_wconf 59' lang='lat' dir='ltr'><strong>Vesanus.</strong></span> <span class='ocrx_word' id='word_1_644' title='bbox 2600 3981 2739 4048; x_wconf 74' lang='lat' dir='ltr'><strong>Quid</strong></span> <span class='ocrx_word' id='word_1_645' title='bbox 2768 3981 3033 4051; x_wconf 79' lang='lat' dir='ltr'><strong>signiﬁcat</strong></span> <span class='ocrx_word' id='word_1_646' title='bbox 3052 3981 3214 4046; x_wconf 84' lang='lat' dir='ltr'><strong>aries,</strong></span> <span class='ocrx_word' id='word_1_647' title='bbox 3248 3985 3334 4038; x_wconf 89' lang='lat' dir='ltr'><strong>cui</strong></span> <span class='ocrx_word' id='word_1_648' title='bbox 3361 3999 3470 4038; x_wconf 84' lang='lat' dir='ltr'><strong>non</strong></span> <span class='ocrx_word' id='word_1_649' title='bbox 3489 3991 3574 4038; x_wconf 78' lang='lat' dir='ltr'><strong>est</strong></span> <span class='ocrx_word' id='word_1_650' title='bbox 3613 3997 3706 4037; x_wconf 73' lang='lat' dir='ltr'><strong>re:</strong></span> <span class='ocrx_word' id='word_1_651' title='bbox 3729 3983 3818 4052; x_wconf 87' lang='lat' dir='ltr'><strong>qui</strong></span> 
     </span>
    </p>
   </div>
   <div class='ocr_carea' id='block_1_98' title="bbox 2227 4077 2480 4132">
    <p class='ocr_par' dir='ltr' id='par_1_98' title="bbox 2227 4077 2480 4132">
     <span class='ocr_line' id='line_1_98' title="bbox 2227 4077 2480 4132; baseline 0 -2"><span class='ocrx_word' id='word_1_652' title='bbox 2227 4077 2446 4132; x_wconf 79' lang='lat' dir='ltr'><strong>resistat</strong></span> <span class='ocrx_word' id='word_1_653' title='bbox 2457 4078 2480 4130; x_wconf 86' lang='lat'><strong>?</strong></span> 
     </span>
    </p>
   </div>
   <div class='ocr_carea' id='block_1_99' title="bbox 2294 4187 3816 4258">
    <p class='ocr_par' dir='ltr' id='par_1_99' title="bbox 2294 4187 3816 4258">
     <span class='ocr_line' id='line_1_99' title="bbox 2294 4187 3816 4258; baseline -0.001 -14"><span class='ocrx_word' id='word_1_654' title='bbox 2294 4190 2572 4244; x_wconf 69' lang='lat' dir='ltr'><strong>SALONIUS.</strong></span> <span class='ocrx_word' id='word_1_655' title='bbox 2607 4188 2711 4244; x_wconf 84' lang='lat' dir='ltr'><strong>Per</strong></span> <span class='ocrx_word' id='word_1_656' title='bbox 2750 4191 2994 4256; x_wconf 90' lang='lat' dir='ltr'><strong>arietem,</strong></span> <span class='ocrx_word' id='word_1_657' title='bbox 3021 4191 3192 4246; x_wconf 87' lang='lat' dir='ltr'><strong>sancti</strong></span> <span class='ocrx_word' id='word_1_658' title='bbox 3220 4191 3576 4258; x_wconf 80' lang='lat' dir='ltr'><strong>designantur</strong></span> <span class='ocrx_word' id='word_1_659' title='bbox 3608 4187 3816 4244; x_wconf 83' lang='lat' dir='ltr'><strong>confes-</strong></span> 
     </span>
    </p>
   </div>
   <div class='ocr_carea' id='block_1_100' title="bbox 2223 4259 3816 4354">
    <p class='ocr_par' dir='ltr' id='par_1_100' title="bbox 2223 4259 3816 4354">
     <span class='ocr_line' id='line_1_100' title="bbox 2223 4259 3816 4354; baseline -0.001 -16"><span class='ocrx_word' id='word_1_660' title='bbox 2223 4297 2374 4338; x_wconf 87' lang='lat' dir='ltr'><strong>sorcs</strong></span> <span class='ocrx_word' id='word_1_661' title='bbox 2402 4289 2456 4336; x_wconf 91' lang='lat' dir='ltr'><strong>et</strong></span> <span class='ocrx_word' id='word_1_662' title='bbox 2475 4259 2804 4348; x_wconf 57' lang='lat' dir='ltr'><strong>sdecrdotes,</strong></span> <span class='ocrx_word' id='word_1_663' title='bbox 2829 4283 2920 4354; x_wconf 86' lang='lat' dir='ltr'><strong>qui</strong></span> <span class='ocrx_word' id='word_1_664' title='bbox 2943 4281 3110 4338; x_wconf 85' lang='lat' dir='ltr'><strong>veluti</strong></span> <span class='ocrx_word' id='word_1_665' title='bbox 3141 4283 3338 4338; x_wconf 87' lang='lat' dir='ltr'><strong>arietes</strong></span> <span class='ocrx_word' id='word_1_666' title='bbox 3365 4295 3586 4352; x_wconf 84' lang='lat' dir='ltr'><strong>gregem</strong></span> <span class='ocrx_word' id='word_1_667' title='bbox 3617 4297 3816 4353; x_wconf 68' lang='lat' dir='ltr'><strong>[mece—</strong></span> 
     </span>
    </p>
   </div>
   <div class='ocr_carea' id='block_1_101' title="bbox 2222 4373 3818 4446">
    <p class='ocr_par' dir='ltr' id='par_1_101' title="bbox 2222 4373 3818 4446">
     <span class='ocr_line' id='line_1_101' title="bbox 2222 4373 3818 4446; baseline -0.001 -18"><span class='ocrx_word' id='word_1_668' title='bbox 2222 4373 2375 4440; x_wconf 89' lang='lat' dir='ltr'><strong>dunt,</strong></span> <span class='ocrx_word' id='word_1_669' title='bbox 2406 4374 2530 4444; x_wconf 85' lang='lat' dir='ltr'><strong>quia</strong></span> <span class='ocrx_word' id='word_1_670' title='bbox 2561 4373 2816 4446; x_wconf 87' lang='lat' dir='ltr'><strong>populum</strong></span> <span class='ocrx_word' id='word_1_671' title='bbox 2871 4373 3080 4428; x_wconf 78' lang='lat' dir='ltr'><strong>fidelem</strong></span> <span class='ocrx_word' id='word_1_672' title='bbox 3131 4389 3228 4444; x_wconf 87' lang='lat' dir='ltr'><strong>per</strong></span> <span class='ocrx_word' id='word_1_673' title='bbox 3255 4375 3502 4445; x_wconf 78' lang='lat' dir='ltr'><strong>exempla</strong></span> <span class='ocrx_word' id='word_1_674' title='bbox 3553 4389 3652 4429; x_wconf 90' lang='lat' dir='ltr'><strong>sua</strong></span> <span class='ocrx_word' id='word_1_675' title='bbox 3701 4387 3818 4442; x_wconf 80' lang='lat' dir='ltr'><strong>grn-</strong></span> 
     </span>
    </p>
   </div>
   <div class='ocr_carea' id='block_1_102' title="bbox 2222 4461 3820 4538">
    <p class='ocr_par' dir='ltr' id='par_1_102' title="bbox 2222 4461 3820 4538">
     <span class='ocr_line' id='line_1_102' title="bbox 2222 4461 3820 4538; baseline 0.001 -20"><span class='ocrx_word' id='word_1_676' title='bbox 2222 4461 2456 4518; x_wconf 87' lang='lat' dir='ltr'><strong>dlentcm</strong></span> <span class='ocrx_word' id='word_1_677' title='bbox 2479 4463 2700 4519; x_wconf 90' lang='lat' dir='ltr'><strong>ducunt.</strong></span> <span class='ocrx_word' id='word_1_678' title='bbox 2735 4463 2826 4518; x_wconf 84' lang='lat' dir='ltr'><strong>isti</strong></span> <span class='ocrx_word' id='word_1_679' title='bbox 2858 4465 3107 4520; x_wconf 88' lang='lat' dir='ltr'><strong>nimirum</strong></span> <span class='ocrx_word' id='word_1_680' title='bbox 3137 4465 3337 4522; x_wconf 90' lang='lat' dir='ltr'><strong>arietes</strong></span> <span class='ocrx_word' id='word_1_681' title='bbox 3361 4465 3428 4538; x_wconf 88' lang='lat' dir='ltr'><strong>(si</strong></span> <span class='ocrx_word' id='word_1_682' title='bbox 3467 4467 3820 4538; x_wconf 83' lang='lat' dir='ltr'><strong>spiritualiter</strong></span> 
     </span>
    </p>
   </div>
   <div class='ocr_carea' id='block_1_103' title="bbox 2228 4645 3818 4719">
    <p class='ocr_par' dir='ltr' id='par_1_103' title="bbox 2228 4645 3818 4719">
     <span class='ocr_line' id='line_1_103' title="bbox 2228 4645 3818 4719; baseline 0.002 -18"><span class='ocrx_word' id='word_1_683' title='bbox 2228 4648 2351 4718; x_wconf 88' lang='lat' dir='ltr'><strong>quia</strong></span> <span class='ocrx_word' id='word_1_684' title='bbox 2383 4645 2557 4701; x_wconf 89' lang='lat' dir='ltr'><strong>nullus</strong></span> <span class='ocrx_word' id='word_1_685' title='bbox 2585 4657 2668 4702; x_wconf 90' lang='lat' dir='ltr'><strong>est</strong></span> <span class='ocrx_word' id='word_1_686' title='bbox 2695 4656 2802 4702; x_wconf 81' lang='lat' dir='ltr'><strong>tam</strong></span> <span class='ocrx_word' id='word_1_687' title='bbox 2826 4661 2997 4704; x_wconf 75' lang='lat' dir='ltr'><strong>Stevus</strong></span> <span class='ocrx_word' id='word_1_688' title='bbox 3025 4657 3366 4719; x_wconf 88' lang='lat' dir='ltr'><strong>persecutor,</strong></span> <span class='ocrx_word' id='word_1_689' title='bbox 3399 4650 3490 4719; x_wconf 88' lang='lat' dir='ltr'><strong>qui</strong></span> <span class='ocrx_word' id='word_1_690' title='bbox 3517 4666 3706 4704; x_wconf 87' lang='lat' dir='ltr'><strong>eorum</strong></span> <span class='ocrx_word' id='word_1_691' title='bbox 3737 4651 3818 4704; x_wconf 88' lang='lat' dir='ltr'><strong>in-</strong></span> 
     </span>
    </p>
   </div>
   <div class='ocr_carea' id='block_1_104' title="bbox 2229 4739 3818 4813">
    <p class='ocr_par' dir='ltr' id='par_1_104' title="bbox 2229 4739 3818 4813">
     <span class='ocr_line' id='line_1_104' title="bbox 2229 4739 3818 4813; baseline 0.003 -20"><span class='ocrx_word' id='word_1_692' title='bbox 2229 4739 2526 4794; x_wconf 87' lang='lat' dir='ltr'><strong>tentionem</strong></span> <span class='ocrx_word' id='word_1_693' title='bbox 2558 4739 2734 4795; x_wconf 86' lang='lat' dir='ltr'><strong>valeat</strong></span> <span class='ocrx_word' id='word_1_694' title='bbox 2760 4741 3052 4812; x_wconf 87' lang='lat' dir='ltr'><strong>impedire,</strong></span> <span class='ocrx_word' id='word_1_695' title='bbox 3090 4743 3212 4813; x_wconf 87' lang='lat' dir='ltr'><strong>quia</strong></span> <span class='ocrx_word' id='word_1_696' title='bbox 3239 4744 3340 4800; x_wconf 88' lang='lat' dir='ltr'><strong>etsi</strong></span> <span class='ocrx_word' id='word_1_697' title='bbox 3367 4745 3446 4800; x_wconf 88' lang='lat' dir='ltr'><strong>eis</strong></span> <span class='ocrx_word' id='word_1_698' title='bbox 3473 4745 3614 4798; x_wconf 86' lang='lat' dir='ltr'><strong>mala</strong></span> <span class='ocrx_word' id='word_1_699' title='bbox 3667 4745 3818 4812; x_wconf 77' lang='lat' dir='ltr'><strong>inge-</strong></span> 
     </span>
    </p>
   </div>
   <div class='ocr_carea' id='block_1_105' title="bbox 2227 4833 3642 4906">
    <p class='ocr_par' dir='ltr' id='par_1_105' title="bbox 2227 4833 3642 4906">
     <span class='ocr_line' id='line_1_105' title="bbox 2227 4833 3642 4906; baseline 0.003 -20"><span class='ocrx_word' id='word_1_700' title='bbox 2227 4840 2436 4896; x_wconf 89' lang='lat' dir='ltr'><strong>rnntur,</strong></span> <span class='ocrx_word' id='word_1_701' title='bbox 2461 4833 2642 4888; x_wconf 87' lang='lat' dir='ltr'><strong>omnia</strong></span> <span class='ocrx_word' id='word_1_702' title='bbox 2690 4833 2957 4902; x_wconf 86' lang='lat' dir='ltr'><strong>patienter</strong></span> <span class='ocrx_word' id='word_1_703' title='bbox 2985 4835 3253 4890; x_wconf 87' lang='lat' dir='ltr'><strong>sustinent</strong></span> <span class='ocrx_word' id='word_1_704' title='bbox 3281 4851 3378 4906; x_wconf 90' lang='lat' dir='ltr'><strong>pro</strong></span> <span class='ocrx_word' id='word_1_705' title='bbox 3405 4835 3642 4891; x_wconf 88' lang='lat' dir='ltr'><strong>Christo.</strong></span> 
     </span>
    </p>
   </div>
   <div class='ocr_carea' id='block_1_106' title="bbox 2293 4938 3814 5018">
    <p class='ocr_par' dir='ltr' id='par_1_106' title="bbox 2293 4938 3814 5018">
     <span class='ocr_line' id='line_1_106' title="bbox 2293 4938 3814 5018; baseline 0.001 -18"><span class='ocrx_word' id='word_1_706' title='bbox 2293 4945 2563 5001; x_wconf 68' lang='lat' dir='ltr'><strong>Vsa/tuus.</strong></span> <span class='ocrx_word' id='word_1_707' title='bbox 2593 4944 2731 5012; x_wconf 88' lang='lat' dir='ltr'><strong>Quid</strong></span> <span class='ocrx_word' id='word_1_708' title='bbox 2763 4938 2844 5000; x_wconf 79' lang='lat' dir='ltr'><strong>est</strong></span> <span class='ocrx_word' id='word_1_709' title='bbox 2871 4945 2998 5000; x_wconf 86' lang='lat' dir='ltr'><strong>illud</strong></span> <span class='ocrx_word' id='word_1_710' title='bbox 3028 4955 3278 5016; x_wconf 87' lang='lat' dir='ltr'><strong>quartum</strong></span> <span class='ocrx_word' id='word_1_711' title='bbox 3319 4949 3460 5018; x_wconf 80' lang='lat' dir='ltr'><strong>qunti</strong></span> <span class='ocrx_word' id='word_1_712' title='bbox 3511 4947 3712 5002; x_wconf 81' lang='lat' dir='ltr'><strong>incedit</strong></span> <span class='ocrx_word' id='word_1_713' title='bbox 3741 4949 3814 5002; x_wconf 89' lang='lat' dir='ltr'><strong>fe-</strong></span> 
     </span>
    </p>
   </div>
   <div class='ocr_carea' id='block_1_107' title="bbox 2221 5037 2442 5092">
    <p class='ocr_par' dir='ltr' id='par_1_107' title="bbox 2221 5037 2442 5092">
     <span class='ocr_line' id='line_1_107' title="bbox 2221 5037 2442 5092; baseline 0 0"><span class='ocrx_word' id='word_1_714' title='bbox 2221 5037 2400 5092; x_wconf 86' lang='lat' dir='ltr'><strong>liciter</strong></span> <span class='ocrx_word' id='word_1_715' title='bbox 2415 5039 2442 5092; x_wconf 86' lang='lat'><strong>?</strong></span> 
     </span>
    </p>
   </div>
   <div class='ocr_carea' id='block_1_108' title="bbox 2293 5129 3814 5202">
    <p class='ocr_par' dir='ltr' id='par_1_108' title="bbox 2293 5129 3814 5202">
     <span class='ocr_line' id='line_1_108' title="bbox 2293 5129 3814 5202; baseline 0.003 -18"><span class='ocrx_word' id='word_1_716' title='bbox 2293 5129 2572 5185; x_wconf 67' lang='lat' dir='ltr'><strong>SALONIUS.</strong></span> <span class='ocrx_word' id='word_1_717' title='bbox 2605 5129 2698 5184; x_wconf 89' lang='lat' dir='ltr'><strong>llle</strong></span> <span class='ocrx_word' id='word_1_718' title='bbox 2725 5129 2816 5199; x_wconf 88' lang='lat' dir='ltr'><strong>qui</strong></span> <span class='ocrx_word' id='word_1_719' title='bbox 2853 5130 3048 5184; x_wconf 88' lang='lat' dir='ltr'><strong>stultus</strong></span> <span class='ocrx_word' id='word_1_720' title='bbox 3084 5131 3332 5202; x_wconf 87' lang='lat' dir='ltr'><strong>apparuit</strong></span> <span class='ocrx_word' id='word_1_721' title='bbox 3367 5131 3652 5202; x_wconf 77' lang='lat' dir='ltr'><strong>postquam</strong></span> <span class='ocrx_word' id='word_1_722' title='bbox 3697 5149 3814 5188; x_wconf 84' lang='lat' dir='ltr'><strong>cre-</strong></span> 
     </span>
    </p>
   </div>
   <div class='ocr_carea' id='block_1_109' title="bbox 532 5213 2792 5308">
    <p class='ocr_par' dir='ltr' id='par_1_109' title="bbox 532 5213 2792 5308">
     <span class='ocr_line' id='line_1_109' title="bbox 532 5213 2792 5308; baseline 0.006 -33"><span class='ocrx_word' id='word_1_723' title='bbox 532 5221 710 5290; x_wconf 87' lang='lat' dir='ltr'><strong>vario;</strong></span> <span class='ocrx_word' id='word_1_724' title='bbox 735 5223 873 5294; x_wconf 89' lang='lat' dir='ltr'><strong>unde</strong></span> <span class='ocrx_word' id='word_1_725' title='bbox 915 5213 1112 5282; x_wconf 81' lang='lat' dir='ltr'><strong>nomen</strong></span> <span class='ocrx_word' id='word_1_726' title='bbox 1155 5229 1362 5300; x_wconf 89' lang='lat' dir='ltr'><strong>accepit</strong></span> <span class='ocrx_word' id='word_1_727' title='bbox 1388 5231 1585 5304; x_wconf 83' lang='lat' dir='ltr'><strong>stellio,</strong></span> <span class='ocrx_word' id='word_1_728' title='bbox 1618 5235 1743 5304; x_wconf 89' lang='lat' dir='ltr'><strong>quia</strong></span> <span class='ocrx_word' id='word_1_729' title='bbox 1770 5213 1920 5308; x_wconf 80' lang='lat' dir='ltr'><strong>quasi</strong></span> <span class='ocrx_word' id='word_1_730' title='bbox 1949 5237 2119 5296; x_wconf 88' lang='lat' dir='ltr'><strong>stellis</strong></span> <span class='ocrx_word' id='word_1_731' title='bbox 2220 5227 2336 5275; x_wconf 69' lang='grc' dir='ltr'><strong>οῐυδ</strong></span> <span class='ocrx_word' id='word_1_732' title='bbox 2357 5229 2439 5274; x_wconf 71' lang='grc' dir='ltr'><strong>εει</strong></span> <span class='ocrx_word' id='word_1_733' title='bbox 2467 5219 2518 5272; x_wconf 78' lang='grc' dir='ltr'><strong>ίη</strong></span> <span class='ocrx_word' id='word_1_734' title='bbox 2543 5219 2792 5275; x_wconf 67' lang='lat' dir='ltr'><strong>sublime-</strong></span> 
     </span>
    </p>
   </div>
   <div class='ocr_carea' id='block_1_110' title="bbox 535 5313 1701 5392">
    <p class='ocr_par' dir='ltr' id='par_1_110' title="bbox 535 5313 1701 5392">
     <span class='ocr_line' id='line_1_110' title="bbox 535 5313 1701 5392; baseline 0.01 -24"><span class='ocrx_word' id='word_1_735' title='bbox 535 5313 610 5392; x_wconf 83' lang='lat' dir='ltr'><strong>(id</strong></span> <span class='ocrx_word' id='word_1_736' title='bbox 637 5323 718 5370; x_wconf 87' lang='lat' dir='ltr'><strong>est</strong></span> <span class='ocrx_word' id='word_1_737' title='bbox 745 5315 926 5388; x_wconf 88' lang='lat' dir='ltr'><strong>guttis)</strong></span> <span class='ocrx_word' id='word_1_738' title='bbox 950 5317 1231 5388; x_wconf 79' lang='lat' dir='ltr'><strong>distinctus</strong></span> <span class='ocrx_word' id='word_1_739' title='bbox 1256 5327 1310 5374; x_wconf 91' lang='lat' dir='ltr'><strong>et</strong></span> <span class='ocrx_word' id='word_1_740' title='bbox 1338 5321 1572 5386; x_wconf 81' lang='lat' dir='ltr'><strong>variatus</strong></span> <span class='ocrx_word' id='word_1_741' title='bbox 1600 5333 1701 5392; x_wconf 84' lang='lat' dir='ltr'><strong>est.</strong></span> 
     </span>
    </p>
   </div>
   <div class='ocr_carea' id='block_1_111' title="bbox 604 5403 1726 5484">
    <p class='ocr_par' dir='ltr' id='par_1_111' title="bbox 604 5403 1726 5484">
     <span class='ocr_line' id='line_1_111' title="bbox 604 5403 1726 5484; baseline 0.007 -20"><span class='ocrx_word' id='word_1_742' title='bbox 604 5403 870 5464; x_wconf 65' lang='lat' dir='ltr'><strong>Venasus.</strong></span> <span class='ocrx_word' id='word_1_743' title='bbox 904 5408 1041 5476; x_wconf 86' lang='lat' dir='ltr'><strong>Quid</strong></span> <span class='ocrx_word' id='word_1_744' title='bbox 1067 5427 1194 5479; x_wconf 88' lang='lat' dir='ltr'><strong>ergo</strong></span> <span class='ocrx_word' id='word_1_745' title='bbox 1228 5411 1726 5484; x_wconf 77' lang='lat' dir='ltr'><strong>significatstellio?</strong></span> 
     </span>
    </p>
   </div>
   <div class='ocr_carea' id='block_1_112' title="bbox 603 5495 2118 5578">
    <p class='ocr_par' dir='ltr' id='par_1_112' title="bbox 603 5495 2118 5578">
     <span class='ocr_line' id='line_1_112' title="bbox 603 5495 2118 5578; baseline 0.007 -24"><span class='ocrx_word' id='word_1_746' title='bbox 603 5495 884 5564; x_wconf 72' lang='lat' dir='ltr'><strong>SALONIUS.</strong></span> <span class='ocrx_word' id='word_1_747' title='bbox 915 5499 1039 5555; x_wconf 90' lang='lat' dir='ltr'><strong>lllos</strong></span> <span class='ocrx_word' id='word_1_748' title='bbox 1067 5503 1332 5576; x_wconf 75' lang='lat' dir='ltr'><strong>signiﬁcat</strong></span> <span class='ocrx_word' id='word_1_749' title='bbox 1355 5505 1445 5578; x_wconf 86' lang='lat' dir='ltr'><strong>qui</strong></span> <span class='ocrx_word' id='word_1_750' title='bbox 1475 5507 1609 5561; x_wconf 90' lang='lat' dir='ltr'><strong>tardi</strong></span> <span class='ocrx_word' id='word_1_751' title='bbox 1641 5517 1766 5562; x_wconf 88' lang='lat' dir='ltr'><strong>sunt</strong></span> <span class='ocrx_word' id='word_1_752' title='bbox 1787 5509 2030 5578; x_wconf 81' lang='lat' dir='ltr'><strong>ingenio;</strong></span> <span class='ocrx_word' id='word_1_753' title='bbox 2063 5519 2118 5566; x_wconf 89' lang='lat' dir='ltr'><strong>et</strong></span> 
     </span>
    </p>
   </div>
   <div class='ocr_carea' id='block_1_113' title="bbox 539 5591 2120 5667">
    <p class='ocr_par' dir='ltr' id='par_1_113' title="bbox 539 5591 2120 5667">
     <span class='ocr_line' id='line_1_113' title="bbox 539 5591 2120 5667; baseline 0.009 -23"><span class='ocrx_word' id='word_1_754' title='bbox 539 5599 714 5645; x_wconf 78' lang='lat' dir='ltr'><strong>tamen</strong></span> <span class='ocrx_word' id='word_1_755' title='bbox 743 5591 1053 5658; x_wconf 86' lang='lat' dir='ltr'><strong>quotidiano</strong></span> <span class='ocrx_word' id='word_1_756' title='bbox 1076 5593 1259 5648; x_wconf 86' lang='lat' dir='ltr'><strong>studio</strong></span> <span class='ocrx_word' id='word_1_757' title='bbox 1289 5605 1343 5650; x_wconf 91' lang='lat' dir='ltr'><strong>et</strong></span> <span class='ocrx_word' id='word_1_758' title='bbox 1364 5595 1660 5667; x_wconf 86' lang='lat' dir='ltr'><strong>diligentia,</strong></span> <span class='ocrx_word' id='word_1_759' title='bbox 1698 5603 1942 5660; x_wconf 88' lang='lat' dir='ltr'><strong>manibus</strong></span> <span class='ocrx_word' id='word_1_760' title='bbox 1962 5613 2120 5658; x_wconf 64' lang='lat' dir='ltr'><strong>icter-</strong></span> 
     </span>
    </p>
   </div>
   <div class='ocr_carea' id='block_1_114' title="bbox 541 5683 2118 5761">
    <p class='ocr_par' dir='ltr' id='par_1_114' title="bbox 541 5683 2118 5761">
     <span class='ocr_line' id='line_1_114' title="bbox 541 5683 2118 5761; baseline 0.013 -31"><span class='ocrx_word' id='word_1_761' title='bbox 541 5693 658 5734; x_wconf 84' lang='lat' dir='ltr'><strong>uam</strong></span> <span class='ocrx_word' id='word_1_762' title='bbox 691 5683 864 5746; x_wconf 84' lang='lat' dir='ltr'><strong>aulam</strong></span> <span class='ocrx_word' id='word_1_763' title='bbox 895 5685 1290 5754; x_wconf 83' lang='lat' dir='ltr'><strong>conscendunt;</strong></span> <span class='ocrx_word' id='word_1_764' title='bbox 1325 5686 1432 5743; x_wconf 90' lang='lat' dir='ltr'><strong>hoc</strong></span> <span class='ocrx_word' id='word_1_765' title='bbox 1453 5699 1554 5756; x_wconf 88' lang='lat' dir='ltr'><strong>est,</strong></span> <span class='ocrx_word' id='word_1_766' title='bbox 1587 5696 1831 5761; x_wconf 87' lang='lat' dir='ltr'><strong>quamvis</strong></span> <span class='ocrx_word' id='word_1_767' title='bbox 1859 5712 1980 5754; x_wconf 88' lang='lat' dir='ltr'><strong>cum</strong></span> <span class='ocrx_word' id='word_1_768' title='bbox 2004 5711 2118 5750; x_wconf 87' lang='lat' dir='ltr'><strong>ma-</strong></span> 
     </span>
    </p>
   </div>
   <div class='ocr_carea' id='block_1_115' title="bbox 2295 5297 2994 5392">
    <p class='ocr_par' dir='ltr' id='par_1_115' title="bbox 2295 5297 2994 5392">
     <span class='ocr_line' id='line_1_115' title="bbox 2295 5297 2994 5392; baseline -0.001 -25"><span class='ocrx_word' id='word_1_769' title='bbox 2295 5311 2565 5368; x_wconf 65' lang='lat' dir='ltr'><strong>Vsaanns.</strong></span> <span class='ocrx_word' id='word_1_770' title='bbox 2592 5311 2723 5378; x_wconf 86' lang='lat' dir='ltr'><strong>Quis</strong></span> <span class='ocrx_word' id='word_1_771' title='bbox 2771 5297 2994 5392; x_wconf 50' lang='lat' dir='ltr'><strong>est&#39;illc?</strong></span> 
     </span>
    </p>
   </div>
   <div class='ocr_carea' id='block_1_116' title="bbox 2296 5425 3808 5496">
    <p class='ocr_par' dir='ltr' id='par_1_116' title="bbox 2296 5425 3808 5496">
     <span class='ocr_line' id='line_1_116' title="bbox 2296 5425 3808 5496; baseline 0.001 -16"><span class='ocrx_word' id='word_1_772' title='bbox 2296 5425 2579 5482; x_wconf 75' lang='lat' dir='ltr'><strong>SALONIUS.</strong></span> <span class='ocrx_word' id='word_1_773' title='bbox 2611 5425 2977 5482; x_wconf 83' lang='lat' dir='ltr'><strong>Antichristus</strong></span> <span class='ocrx_word' id='word_1_774' title='bbox 2997 5427 3086 5496; x_wconf 88' lang='lat' dir='ltr'><strong>qui</strong></span> <span class='ocrx_word' id='word_1_775' title='bbox 3117 5429 3442 5484; x_wconf 82' lang='lat' dir='ltr'><strong>revelabitur</strong></span> <span class='ocrx_word' id='word_1_776' title='bbox 3473 5429 3523 5484; x_wconf 88' lang='lat' dir='ltr'><strong>in</strong></span> <span class='ocrx_word' id='word_1_777' title='bbox 3555 5431 3808 5485; x_wconf 84' lang='lat' dir='ltr'><strong>sublime:</strong></span> 
     </span>
    </p>
   </div>
   <div class='ocr_carea' id='block_1_117' title="bbox 2225 5517 3812 5593">
    <p class='ocr_par' dir='ltr' id='par_1_117' title="bbox 2225 5517 3812 5593">
     <span class='ocr_line' id='line_1_117' title="bbox 2225 5517 3812 5593; baseline 0.003 -21"><span class='ocrx_word' id='word_1_778' title='bbox 2225 5517 2327 5574; x_wconf 88' lang='lat' dir='ltr'><strong>hoc</strong></span> <span class='ocrx_word' id='word_1_779' title='bbox 2355 5525 2436 5574; x_wconf 87' lang='lat' dir='ltr'><strong>est</strong></span> <span class='ocrx_word' id='word_1_780' title='bbox 2467 5517 2518 5570; x_wconf 87' lang='lat' dir='ltr'><strong>in</strong></span> <span class='ocrx_word' id='word_1_781' title='bbox 2541 5519 2814 5572; x_wconf 87' lang='lat' dir='ltr'><strong>excelsum</strong></span> <span class='ocrx_word' id='word_1_782' title='bbox 2851 5538 2862 5570; x_wconf 88' lang='lat'><strong>:</strong></span> <span class='ocrx_word' id='word_1_783' title='bbox 2897 5517 2984 5588; x_wconf 88' lang='lat' dir='ltr'><strong>qui</strong></span> <span class='ocrx_word' id='word_1_784' title='bbox 3018 5535 3138 5573; x_wconf 88' lang='lat' dir='ltr'><strong>cmn</strong></span> <span class='ocrx_word' id='word_1_785' title='bbox 3169 5519 3328 5576; x_wconf 87' lang='lat' dir='ltr'><strong>fuerit</strong></span> <span class='ocrx_word' id='word_1_786' title='bbox 3357 5521 3520 5578; x_wconf 86' lang='lat' dir='ltr'><strong>homo</strong></span> <span class='ocrx_word' id='word_1_787' title='bbox 3549 5523 3812 5593; x_wconf 83' lang='lat' dir='ltr'><strong>nequissi-</strong></span> 
     </span>
    </p>
   </div>
   <div class='ocr_carea' id='block_1_118' title="bbox 2223 5605 3792 5678">
    <p class='ocr_par' dir='ltr' id='par_1_118' title="bbox 2223 5605 3792 5678">
     <span class='ocr_line' id='line_1_118' title="bbox 2223 5605 3792 5678; baseline 0.008 -18"><span class='ocrx_word' id='word_1_788' title='bbox 2223 5623 2362 5672; x_wconf 87' lang='lat' dir='ltr'><strong>mus,</strong></span> <span class='ocrx_word' id='word_1_789' title='bbox 2391 5605 2697 5676; x_wconf 83' lang='lat' dir='ltr'><strong>dignabitnr</strong></span> <span class='ocrx_word' id='word_1_790' title='bbox 2721 5623 2780 5664; x_wconf 86' lang='lat' dir='ltr'><strong>se</strong></span> <span class='ocrx_word' id='word_1_791' title='bbox 2805 5605 2995 5663; x_wconf 85' lang='lat' dir='ltr'><strong>Filium</strong></span> <span class='ocrx_word' id='word_1_792' title='bbox 3045 5609 3138 5666; x_wconf 85' lang='lat' dir='ltr'><strong>Dei</strong></span> <span class='ocrx_word' id='word_1_793' title='bbox 3171 5613 3468 5678; x_wconf 87' lang='lat' dir='ltr'><strong>nominare,</strong></span> <span class='ocrx_word' id='word_1_794' title='bbox 3501 5625 3556 5670; x_wconf 88' lang='lat' dir='ltr'><strong>et</strong></span> <span class='ocrx_word' id='word_1_795' title='bbox 3585 5617 3792 5672; x_wconf 77' lang='lat' dir='ltr'><strong>mentie-</strong></span> 
     </span>
    </p>
   </div>
   <div class='ocr_carea' id='block_1_119' title="bbox 2225 5681 3754 5753">
    <p class='ocr_par' dir='ltr' id='par_1_119' title="bbox 2225 5681 3754 5753">
     <span class='ocr_line' id='line_1_119' title="bbox 2225 5681 3754 5753; baseline 0.002 -3"><span class='ocrx_word' id='word_1_796' title='bbox 2225 5704 2312 5750; x_wconf 88' lang='lat' dir='ltr'><strong>tur</strong></span> <span class='ocrx_word' id='word_1_797' title='bbox 2340 5711 2399 5752; x_wconf 89' lang='lat' dir='ltr'><strong>se</strong></span> <span class='ocrx_word' id='word_1_798' title='bbox 2428 5713 2546 5752; x_wconf 88' lang='lat' dir='ltr'><strong>esse</strong></span> <span class='ocrx_word' id='word_1_799' title='bbox 2575 5699 2763 5753; x_wconf 89' lang='lat' dir='ltr'><strong>Deum.</strong></span> <span class='ocrx_word' id='word_1_800' title='bbox 2888 5681 2912 5691; x_wconf 67' lang='grc'><strong>”</strong></span> <span class='ocrx_word' id='word_1_801' title='bbox 3739 5701 3754 5706; x_wconf 86' lang='grc'><em>’</em></span> 
     </span>
    </p>
   </div>
  </div>
