4110 6336
483 331 583 392 991

1765 311 2031 369 SALONII
2071 306 2470 365 VlENNENSIS

3649 296 3771 362 992

490 449 668 518 regina
712 462 741 498 (ι
769 443 964 497 dextris
1010 442 1107 494 tuis
1134 437 1185 492 in
1230 436 1403 493 vestitu
1452 436 1720 498 deaurato,
1753 426 2071 485 circumdata
2104 427 2155 486 Α
2251 428 2527 483 Summus.
2552 394 2754 482 ‘Multas
2788 425 2930 480 lilias
2959 422 3194 495 appellat
3229 420 3497 476 Ecclestas
3552 417 3772 479 haereti-

491 540 740 596 varietate
768 535 938 607 (Psal.
976 535 1140 604 κων).

563 628 833 683 νειιληυε.
866 627 1062 699 Byssus
1082 632 1137 680 et
1157 638 1389 695 purpura
1416 617 1689 692 quomodo
1708 615 2075 673 indumentum

494 718 613 790 ejus
638 718 894 781 mulieris,
928 716 980 772 id
1001 724 1084 771 est
1103 721 1301 770 sanctae
1329 712 1582 769 Ecclesia:
1603 710 1724 766 est?

567 806 844 863 SALONIUS.
870 806 1176 883 Byssusest
1194 818 1362 873 genus
1385 804 1483 859 lini
1502 798 1863 860 candidissimi
1899 815 1911 850 :
1938 794 2082 869 unde

499 898 724 972 pulchre
750 913 848 969 per
874 896 1089 969 byssum
1118 896 1425 965 designatur
1471 893 1716 964 corporis
1743 890 1963 946 castitas
1981 931 1997 955 ,
2025 895 2084 942 et

504 999 704 1047 sach
748 988 1171 1045 conversationis
1198 988 1436 1059 puritas;
1468 1002 1564 1058 per
1589 999 1881 1057 purpuram
1928 996 2079 1045 vero,

506 1082 777 1150 sanguinis
804 1079 994 1136 ell'usio
1037 1078 1362 1147 designatur.
1394 1077 1571 1133 Fortis
1606 1091 1736 1144 ergo
1790 1073 1999 1137 mulier,
2032 1070 2084 1127 id

509 1180 592 1227 est
618 1180 803 1227 sancta
824 1170 1086 1237 Ecclesia,
1117 1169 1287 1225 induit
1306 1184 1364 1225 se
1385 1169 1544 1241 bysso
1572 1166 1689 1232 Dei,
1723 1165 1774 1221 id
1797 1173 1879 1221 est
1906 1172 2086 1219 servat

511 1265 757 1333 corporis
777 1265 1101 1330 castitatem,
1127 1271 1182 1319 et
1206 1271 1405 1319 sancta:
1440 1258 1866 1319 conversationis
1905 1256 2093 1311 rutilat

512 1354 708 1410 nitore.
744 1354 929 1411 vlnduit
976 1364 1031 1409 et
1077 1370 1136 1411 se
1163 1370 1417 1426 purpura,
1448 1352 1662 1423 quando
1710 1352 1763 1406 in
1806 1366 1872 1406 eo
1919 1347 2093 1405 sancti

516 1454 781 1517 martyres
811 1462 908 1517 pro
932 1446 1129 1501 Christi
1158 1446 1372 1501 nomine
1396 1444 1710 1514 sanguinem
1740 1441 1986 1497 fundunt.

592 1536 857 1593 Vesanus.
889 1537 947 1593 Si
976 1540 1167 1611 hyssus
1213 1547 1269 1594 et
1311 1553 1545 1609 purpura
1597 1536 1967 1591 indumentum
2014 1540 2097 1589 est

520 1636 719 1683 sancta:
745 1628 1013 1696 Ecclesize,
1038 1645 1134 1685 cur
1161 1644 1289 1700 ergo
1311 1630 1443 1685 dicit
1471 1628 1893 1698 insequentibus
1925 1646 1938 1680 :
1972 1624 2104 1680 For-

523 1722 686 1776 titudo
710 1732 758 1775 et
786 1723 937 1777 decor
959 1723 1312 1778 indumentum
1339 1723 1470 1794 ejus,
1501 1730 1550 1776 et
1590 1720 1774 1775 ridebit
1800 1722 1853 1774 iu
1901 1719 1983 1773 die
2012 1733 2101 1773 no-

525 1814 729 1866 vissima
761 1811 939 1883 (Prov.
969 1798 1155 1885 xxii)?

595 1904 872 1958 SALONIUS.
902 1903 1056 1958 Nulla
1086 1914 1168 1958 est
1188 1903 1568 1968 contrarietas,
1599 1901 1724 1971 quia
1752 1898 2008 1955 fortitudo
2030 1913 2110 1953 re-

527 1993 695 2047 fertur
723 1992 791 2046 ad
822 2008 1133 2063 purpuram,
1157 1993 1323 2049 decor
1345 2009 1475 2049 vero
1503 1992 1571 2047 ad
1606 1992 1750 2064 byssi
1797 1990 2106 2064 candorem.

528 2084 621 2139 Est
635 2099 778 2153 'ergo
800 2084 1057 2139 fortitudo
1081 2084 1448 2140 indumentum
1472 2063 1725 2139 Ecclesia:
1746 2090 1961 2147 sanctae,
1976 2063 2110 2151 'quia

528 2188 750 2250 pr0pter
779 2177 931 2233 fidem
962 2178 1159 2234 Christi
1190 2187 1245 2234 et
1260 2178 1544 2247 justitiam,
1589 2177 1858 2248 patienter
1882 2175 2113 2229 sustinet

530 2272 793 2327 malorum
820 2271 1095 2325 hominum
1136 2270 1535 2342 improbitatem
1572 2277 1628 2323 et
1657 2267 2110 2339 persecutionem.

534 2363 627 2419 Est
655 2373 711 2418 et
754 2363 919 2419 decor
944 2363 1312 2418 indumentum
1350 2360 1485 2431 ejus,
1516 2360 1640 2430 quia
1687 2366 1942 2429 operatur
1966 2354 2118 2426 justi-

535 2456 683 2521 tiam,
715 2463 771 2510 et
796 2469 855 2509 se
875 2456 1134 2508 virtutium
1156 2453 1327 2522 gratia
1362 2462 1538 2507 ornat.

544 2557 552 2565 ‘
609 2545 876 2600 VERANUS.
900 2543 1077 2610 Quare
1097 2552 1275 2597 autem
1304 2541 1431 2597 dicit
1460 2561 1473 2595 :
1512 2542 1715 2595 liidebit
1736 2542 1787 2593 in
1822 2540 1907 2593 die
1947 2539 2118 2592 novis-

540 2638 693 2704 sima,
722 2651 835 2688 cum
858 2633 1110 2689 Dominus
1138 2634 1278 2686 dicat
1301 2635 1353 2686 in
1387 2631 1668 2703 Evangelia
1701 2648 1718 2685 :
1748 2632 1840 2685 Va:
1868 2629 2006 2684 vobis
2034 2627 2119 2701 qui

508 2743 517 2750 ο
543 2728 741 2797 ridetis,
768 2728 888 2799 quia
918 2725 1153 2798 lugebitis
1180 2734 1230 2779 et
1256 2724 1442 2795 ﬂebitis
1466 2708 1628 2793 (Luc.
1656 2723 1764 2794 Vl)?

490 2808 501 2818 ’
612 2819 889 2873 SALONIUS.
908 2818 965 2872 in
985 2816 1277 2888 Scripturis
1304 2815 1491 2881 sacris,
1506 2815 1643 2868 risus
1664 2812 1915 2883 gaudium
1930 2808 2125 2881 signiﬁ-

544 2927 668 2967 care
689 2911 854 2966 solet:
881 2909 1022 2963 unde
1042 2908 1298 2963 Dominus
1319 2906 1371 2961 in
1390 2905 1705 2974 Evangelio:
1728 2903 1872 2959 Beati
1887 2905 1977 2976 qui
1990 2919 2125 2957 nunc

506 3039 512 3045 ς
547 3006 704 3075 fletis,
724 3005 844 3076 quia
866 3002 1119 3067 ridebitis,
1137 3000 1189 3055 id
1209 3007 1309 3067 est,
1333 2998 1646 3069 gaudebitis.
1666 2996 1733 3051 Et
1755 2998 1814 3051 Β.
1834 2996 1935 3052 Job
1962 2994 2120 3050 dicit:

2180 538 2384 585 eorum,
2415 530 2471 577 et
2501 521 2683 576 turbas
2708 521 2969 576 malorum
2990 521 3398 578 catholicorum.

2253 613 2521 668 VEBANUS.
2549 612 2680 679 Qua:
2709 613 2828 667 lilia:
2856 612 3105 668 dicuntur
3126 612 3322 670 Christi
3351 615 3436 670 vel
3465 614 3725 671 Ecclesia:
3743 610 3776 670 ἳ

2184 715 2209 744 ι
2236 720 2403 775 quare
2430 704 2680 760 dicuntur
2708 703 2801 758 ﬁlii
2829 703 3031 760 Christi
3058 705 3156 760 aut
3173 704 3464 762 Ecclesiae?

2254 798 2532 854 Summus.
2565 793 2791 866 Propter
2818 794 2940 851 ﬁdei
2967 811 3033 851 ac
3058 796 3308 867 baptismi
3333 806 3773 868 sacramentum,

2185 900 2241 946 et
2265 889 2607 961 adoptionem
2633 885 2882 954 ﬁliorum,
2906 902 3071 958 quam
3092 888 3147 943 in
3174 888 3498 959 baptismate
3519 904 3785 963 percepe-

2184 991 2331 1039 runt.

2257 1076 2529 1135 Vesanus.
2560 1074 2680 1130 Istae
2710 1072 2832 1129 tiliae
2868 1088 3005 1145 quas
3037 1073 3251 1129 divitias
3272 1075 3783 1144 congregaverant?

2261 1169 2540 1227 Summus.
2572 1169 2879 1245 Orationes,
2924 1169 3160 1239 jejunia,
3205 1170 3607 1243 eleemosynas,
3640 1170 3786 1227 al’lli-

2191 1264 2425 1319 ctionem
2441 1262 2882 1318 et‘castimoniam
2897 1263 3093 1326 carnis,
3114 1262 3305 1333 linguae
3316 1263 3739 1321 refrenationem
3754 1282 3775 1332 ;

2192 1354 2599 1436 meditationem
2629 1352 3052 1424 Scripturarum,
3080 1362 3136 1409 et
3161 1363 3481 1411 cancrorum
3509 1356 3784 1413 bonorum

2195 1464 2421 1520 operum
2452 1448 2668 1503 divitias
2692 1466 2705 1501 :
2730 1462 2851 1517 qua:
2871 1463 3014 1503 verte
3042 1446 3242 1503 divitke
3268 1457 3415 1512 sunt,
3444 1450 3489 1505 si
3516 1450 3789 1519 spirituali

2200 1540 2332 1594 liant
2359 1540 2682 1606 intentione,
2724 1538 2979 1594 vidblicet
3015 1547 3237 1609 propter
3264 1541 3415 1608 regni
3443 1542 3679 1596 omlestis
3707 1558 3793 1596 re-

2202 1634 2549 1689 tributionem
2594 1633 2795 1688 :aliter
2842 1633 2974 1687 nihil
3028 1641 3258 1704 prosunt
3290 1635 3591 1701 agentibus.
3618 1616 3794 1689 Unde

2132 1772 2181 1835 Β
2210 1725 2356 1795 ﬁlice,
2377 1724 2632 1780 videlicet
2658 1724 3060 1790 lucreticorum,
3088 1734 3182 1779 aut
3206 1726 3471 1780 malorum
3497 1725 3796 1781 catholico-

2209 1834 2327 1872 rum
2349 1817 2517 1872 turbae
2544 1815 2739 1871 frustra
2768 1825 3233 1885 congregaverant
3252 1817 3354 1872 sibi
3376 1811 3626 1880 divitias;
3661 1818 3791 1887 quia

2209 1908 2297 1962 vel
2345 1908 2399 1963 in
2430 1906 2532 1961 lide
2579 1915 2917 1970 erraverunt,
2961 1906 3047 1960 vel
3098 1915 3247 1963 certe
3295 1906 3598 1974 huiusmodi
3642 1908 3786 1961 bona

2210 2013 2375 2069 opera
2425 2014 2534 2052 non
2576 1997 2842 2067 spirituali
2880 1996 3122 2052 fecerunt
3151 1997 3451 2051 intentione
3485 1997 3555 2051 de
3597 1996 3797 2065 quibus

2214 2091 2267 2144 in
2298 2088 2587 2157 Evangelio
2616 2088 2875 2143 Dominus
2908 2106 2919 2139 :
2956 2088 3110 2141 Multi
3140 2088 3308 2142 dicent
3328 2088 3456 2142 mihi
3475 2089 3527 2142 in
3556 2089 3648 2142 illa
3678 2089 3765 2141 die
3784 2130 3801 2155 ,

2213 2179 2453 2247 Domine,
2482 2179 2720 2244 Domine,
2744 2194 2917 2233 nonne
2942 2180 2996 2233 in
3026 2180 3235 2234 nomine
3254 2190 3340 2233 tuo
3362 2180 3807 2250 prophetarinsus,

2214 2283 2263 2329 et
2291 2276 2344 2328 in
2367 2274 2576 2328 nomine
2605 2282 2688 2325 tuo
2715 2271 2971 2325 daemonia
2996 2272 3261 2341 cjen’nms,
3292 2279 3341 2323 et
3370 2271 3580 2324 virtutes
3609 2270 3810 2324 multas

2217 2366 2446 2436 fecimus.
2480 2361 2549 2416 Et
2591 2372 2709 2416 tunc
2741 2360 3022 2432 confitebor
3060 2361 3185 2427 illis,
3214 2362 3334 2433 quia
3377 2377 3637 2431 nunquam
3690 2361 3812 2414 noti

2217 2476 2305 2513 eos
2345 2457 2557 2530 (Matth.
2592 2456 2707 2524 vn).
2741 2454 2936 2511 Sancta
2965 2470 3096 2509 vero
3143 2452 3381 2508 Ecclesia
3419 2452 3691 2507 catholica
3721 2468 3813 2505 su-

2219 2564 2490 2620 pergressa
2512 2555 2594 2602 est
2625 2566 2636 2600 :
2660 2547 2767 2601 hoc
2788 2553 2893 2613 est,
2918 2542 3246 2599 transcendit
3274 2557 3461 2598 omnes
3486 2535 3605 2596 illas
3635 2560 3649 2595 :
3683 2540 3813 2609 quia

2221 2638 2475 2709 quidquid
2502 2639 2631 2706 agit,
2663 2637 2715 2691 in
2748 2635 2851 2691 (ide
2881 2643 3087 2690 tantum
3117 2642 3264 2690 recta
3291 2642 3347 2689 et
3372 2631 3643 2703 spirituali
3672 2646 3811 2701 ope-

2223 2740 2373 2788 ratur
2392 2731 2705 2785 intentione.

2297 2823 2675 2880 Vsninus.-De
2706 2838 2810 2892 qua
2840 2822 3011 2891 gratia
3056 2829 3113 2876 et
3155 2819 3224 2875 de
3267 2835 3372 2890 qua
3414 2818 3808 2890 pulchritudine

2226 2918 2482 2989 loquitur,
2512 2932 2633 2971 cum
2662 2915 2791 2971 dicit
2815 2932 2827 2967 :
2853 2913 3049 2968 Fallax
3077 2913 3249 2985 gratia
3267 2950 3282 2975 ,
3329 2919 3378 2965 et
3420 2926 3561 2964 uana
3586 2908 3809 2979 pulchri-

2231 3009 2354 3065 tudo
2381 3010 2564 3064 mulier
2593 3009 2774 3062 timens
2800 3005 3076 3061 Dominum
3099 3022 3118 3071 ;
3153 3004 3267 3074 ipsa
3301 3000 3603 3057 laudabitur
3631 2998 3814 3071 (Prov.

551 3089 623 3153 03
649 3110 816 3153 autem
838 3099 1086 3154 veracium
1105 3096 1378 3166 replebitur
1398 3096 1522 3160 risu,
1540 3093 1590 3147 id
1605 3099 1689 3148 est
1701 3090 1918 3160 gaudio.
1936 3088 2127 3143 Mulier
2153 3136 2202 3202 Ω
2230 3117 2357 3156 χχχι
2374 3101 2414 3172 ),

553 3204 681 3259 ergo
696 3190 866 3255 fortis,
886 3188 936 3243 id
959 3196 1043 3243 est
1066 3195 1252 3241 sancta
1273 3185 1532 3249 Ecclesia,
1554 3184 1749 3239 ridebit
1765 3183 1815 3237 in
1838 3182 1926 3237 die
1955 3180 2130 3235 novis-

554 3284 711 3350 simo,
731 3282 782 3338 id
803 3292 885 3338 est
904 3280 1155 3351 gaudebit
1175 3282 1228 3334 in
1255 3278 1606 3335 retributione
1628 3277 1777 3343 regni
1799 3275 2053 3331 caelestis.

624 3377 891 3432 Vesanus.
924 3373 1025 3441 Qui
1070 3379 1193 3428 sunt
1223 3369 1315 3425 lilii
1364 3370 1602 3425 mulieris
1624 3369 1715 3438 qui
1736 3383 1855 3423 eam
1880 3366 2130 3423 beatissi-

557 3481 699 3522 mam
727 3464 1182 3537 prtedicaverunt?
1209 3471 1300 3517 aut
1327 3462 1448 3531 quis
1493 3469 1576 3516 est
1597 3460 1681 3514 vir
1698 3459 1858 3527 ejus,
1896 3459 1986 3529 qui
2016 3458 2132 3512 lau-

555 3561 702 3616 davit
732 3560 887 3615 eam?
913 3558 1002 3613 Sic
1024 3558 1167 3612 enim
1196 3556 1324 3610 dicit
1354 3573 1366 3608 :
1412 3554 1759 3610 Surrexerunt
1796 3552 1895 3623 ﬁlii
1924 3552 2057 3622 ejus,
2087 3561 2137 3606 et

559 3652 907 3706 beatissimam
930 3648 1334 3718 prtedicarerunt
1363 3645 1461 3716 ﬁlii
1481 3645 1611 3714 ejus,
1634 3653 1682 3698 et
1708 3644 1782 3698 vir
1810 3644 1921 3714 ejus
1950 3643 2138 3697 lauda-

562 3745 632 3797 iit
657 3758 773 3797 eam
802 3738 979 3811 (Prov.
1014 3736 1185 3806 xxxx).

631 3834 910 3887 SALONIUS.
947 3829 1068 3885 Filii
1110 3828 1269 3899 hujus
1296 3826 1562 3894 mulieris,
1612 3826 1666 3882 id
1705 3834 1788 3882 est
1816 3833 2013 3881 sanctae
2042 3823 2142 3880 Ec-

453 3923 467 3938 ⁵
564 3926 767 3989 clesizc,
817 3931 944 3978 sunt
979 3936 1170 3977 omnes
1215 3918 1418 3975 electi:
1470 3919 1554 3973 vir
1596 3918 1712 3988 ejus
1762 3917 2018 3973 Dominus
2063 3925 2145 3971 est

566 4015 722 4072 Jesus
757 4013 1020 4069 Christus.
1066 4011 1300 4081 Surgent
1345 4009 1491 4066 enim
1538 4010 1632 4065 lilii
1668 4009 1919 4065 Ecclesiae
1943 4049 1958 4074 ,
1998 4008 2146 4063 vidc-

571 4109 696 4164 licet
734 4120 922 4163 omnes
961 4105 1150 4173 electi,
1194 4104 1263 4159 de
1299 4103 1520 4174 pulvere
1552 4110 1708 4157 teme
1752 4102 1805 4155 in
1855 4100 2148 4154 novissimo

570 4199 657 4253 die
674 4197 880 4267 judicii,
910 4204 967 4250 et
993 4194 1413 4249 immortalitatis
1440 4192 1610 4261 gloria
1632 4191 1891 4257 decorati,
1922 4198 2150 4245 matrem

573 4302 725 4343 suam
751 4288 1114 4340 beatissimam
1137 4285 1519 4355 prtedicabunt,
1544 4284 1595 4338 id
1618 4292 1701 4338 est
1721 4282 2013 4337 laudalmnt
2038 4297 2157 4335 san-

575 4387 719 4433 ctam
747 4376 1062 4443 Ecelesiam,
1093 4391 1212 4444 qua:
1261 4376 1379 4430 illos
1407 4376 1592 4443 genuit
1645 4374 1774 4438 Deo,
1807 4389 1872 4429 ex
1919 4389 2056 4443 aqua
2102 4383 2157 4429 et

580 4468 789 4539 Spiritu
816 4475 1027 4522 sancto.
1050 4465 1245 4534 Surget
1273 4473 1328 4521 et
1355 4466 1438 4520 vir
1459 4464 1595 4534 ejus,
1630 4465 1885 4520 Dominus
1911 4465 2158 4520 videlicet

528 4572 529 4575 ‘
577 4559 734 4615 Jesus
760 4557 1023 4624 Christus,
1055 4573 1175 4613 cum
1224 4558 1277 4611 in
1302 4556 1390 4612 die
1426 4556 1611 4626 judicii
1640 4555 1955 4611 manifestus
1994 4571 2159 4625 appa-

583 4652 748 4705 ruerit
777 4650 829 4704 in
852 4649 1091 4719 potentia
1121 4647 1438 4714 divinitatis,
1467 4655 1524 4702 et
1562 4647 1801 4702 laudabit
1828 4662 1947 4701 eam
1976 4646 2160 4701 dicens

586 4760 637 4795 .n
672 4741 871 4809 judicio
898 4760 909 4793 :
946 4740 1127 4795 Venite
1151 4734 1402 4793 benedicti
1446 4737 1623 4793 Patris
1652 4740 1772 4805 mei,
1802 4739 2057 4811 possidete
2074 4756 2164 4809 pa-

589 4843 755 4885 .atum
776 4833 912 4886 vobis
939 4849 1151 4903 regnum
1179 4833 1242 4887 ab
1269 4824 1418 4887 initio
1445 4832 1664 4887 mundi:
1696 4831 1921 4888 Esurlri.
1946 4842 1995 4887 et
2028 4831 2164 4886 dedi-

588 4924 681 4976 stis
706 4923 831 4977 mihi
859 4925 1171 4978 manducare
1199 4908 1414 4995 (Matth.
1446 4924 1595 4995 xxv),
1626 4934 1733 4980 etc.
2087 4936 2093 4940 '

581 5014 593 5037 '
659 5013 932 5070 Vsa/tuus.
967 5014 1075 5070 Cur
1120 5030 1248 5085 ergo
1294 5018 1476 5087 posuit
1521 5019 1876 5088 pneteritum,
1931 5017 2160 5074 dicens:

593 5106 941 5163 Surrea'erunt
955 5109 980 5160 γ
998 5104 1180 5160 debuit
1201 5109 1343 5162 enim
1365 5108 1567 5176 dicere,
1598 5120 1829 5180 surgent.

662 5200 938 5256 SALONIUS.
971 5199 1123 5268 Quod
1169 5214 1298 5269 ergo
1343 5201 1599 5256 Salomon
1648 5202 1886 5259 futurum
1928 5209 2170 5268 noverat,

594 5293 951 5348 certissimum
978 5293 1195 5348 tenebat
1220 5310 1232 5345 :
1265 5300 1322 5348 et
1348 5293 1470 5347 ideo
1498 5308 1649 5347 more
1670 5296 2007 5364 prophetic'o,
2032 5307 2172 5364 prte-

598 5387 811 5440 teritum
838 5387 1017 5456 posuit
1043 5403 1142 5457 pro
1174 5386 1373 5442 futuro.

668 5483 934 5539 VEBANUS.
967 5482 1043 5538 De
1093 5483 1285 5553 quibus
1326 5483 1459 5539 dicit
1497 5482 1642 5553 quod
1679 5483 1919 5551 sequitur
1951 5501 1963 5535 :
1994 5482 2177 5537 Multa:

600 5577 726 5648 ﬁlia:
769 5584 1202 5647 congregaverant
1231 5575 1468 5643 divitias,
1501 5585 1553 5630 tu
1598 5591 1929 5647 supergressa
1971 5591 2024 5628 es
2051 5575 2174 5628 uni-

599 5686 771 5724 versas
802 5668 982 5739 (Prov.
1015 5669 1185 5739 xui).

2302 3193 2577 3249 SALONIUS.
2598 3191 2781 3247 Fallax
2798 3189 2967 3259 gratia
2989 3190 3233 3244 humana:
3257 3184 3446 3249 laudis,
3464 3199 3628 3256 quam
3647 3183 3825 3254 hypo-

2232 3284 2379 3339 crita:
2416 3283 2484 3337 ab
2528 3283 2774 3336 omnibus
2820 3281 3125 3348 exquirunt.
3158 3275 3505 3332 Pulchritudo
3533 3288 3712 3335 vana,
3743 3280 3829 3327 est

2234 3373 2573 3445 pulchritudo
2616 3371 2878 3427 castitatis
2924 3370 3008 3426 vel
3050 3370 3205 3424 bona:
3246 3365 3611 3439 operationis,
3659 3377 3828 3432 quam

2236 3465 2528 3537 hypocrita:
2556 3463 2858 3518 hominibus
2902 3460 3188 3517 ostendere
3234 3457 3475 3528 cupiunt,
3527 3463 3585 3509 ut
3627 3453 3697 3508 ab
3746 3451 3829 3506 eis

2239 3558 2526 3612 laudentur

2311 3650 2579 3715 Venimus.
2626 3649 2803 3715 Quare
2848 3648 2959 3702 lucc
3004 3645 3174 3716 gratia
3223 3652 3279 3699 et
3326 3643 3439 3697 hmo
3482 3634 3817 3710 pulchritudo

2243 3741 2402 3796 fallax
2429 3740 2623 3794 dicitur
2644 3749 2699 3795 et
2726 3741 2900 3793 vana?

2315 3833 2594 3886 δλιοκιιῖε.
2648 3828 2782 3897 Quia
2832 3829 2982 3895 fallit,
3042 3830 3147 3884 hoc
3201 3835 3283 3882 est
3337 3823 3550 3894 decipit,
3596 3819 3829 3875 simula-

2249 3937 2394 3981 tores
2420 3945 2431 3978 :
2455 3924 2707 3993 quoniam
2735 3925 2863 3976 dum
2894 3923 2945 3976 in
2972 3922 3075 3977 hac
3100 3920 3209 3974 vita
3228 3924 3478 3988 quaerunt
3504 3911 3829 3975 mercedem,

2251 4019 2301 4072 in
2333 4017 2509 4071 futuro
2555 4015 2754 4069 nullam
2794 4014 3057 4083 rcripient
3104 4009 3631 4071 remunerationem;
3679 4012 3756 4064 et.
3785 4004 3834 4057 si

2250 4107 2549 4161 castitatem
2577 4113 2826 4167 servant,
2860 4102 2943 4156 vel
2971 4102 3148 4169 aliqua
3177 4101 3318 4154 bona
3347 4105 3665 4169 operantur,
3696 4107 3835 4147 vana

2251 4207 2377 4253 sunt
2403 4198 2580 4252 omnia
2608 4212 2725 4266 quae
2753 4195 2969 4250 faciunt.

2327 4289 2600 4343 VEIMNl‘S.
2634 4286 2762 4353 Qua:
2785 4294 2866 4339 est
2893 4285 3076 4338 mulier
3097 4285 3280 4337 timens
3310 4278 3624 4335 Dominum?

2328 4380 2609 4434 SALONIUS.
2643 4370 2836 4433 Sancta
2863 4376 3130 4438 videlicet,
3159 4389 3278 4443 qua:
3300 4374 3353 4427 in
3374 4373 3475 4426 hac
3497 4371 3608 4424 vita
3628 4381 3839 4436 semper

2264 4482 2444 4528 manet
2490 4471 2723 4527 Ecclesia
2755 4470 2805 4523 in
2837 4470 3031 4523 timore
3062 4466 3294 4530 Domini,
3324 4480 3444 4534 qua:
3470 4477 3689 4533 semper
3728 4460 3845 4528 ejus

2262 4565 2529 4620 desiderat
2559 4570 2823 4633 prmcepta
2854 4560 3095 4631 implere.

2333 4657 2602 4709 VERANUS.
2636 4650 2915 4719 Quomodo
2940 4666 3069 4719 ergo
3090 4648 3394 4703 laudabitur
3419 4646 3531 4701 luce
3559 4643 3792 4698 mulier?

2279 4733 2282 4736 i
2336 4748 2617 4802 SALONIITS.
2650 4743 2797 4798 idem
2823 4742 3077 4797 Salomon
3121 4739 3173 4793 in
3203 4738 3308 4794 line
3335 4737 3492 4807 hujus
3521 4735 3645 4789 libri
3675 4734 3852 4788 mani-

2265 4838 2396 4894 leste
2415 4837 2767 4897 demonstrat,
2785 4848 2906 4887 eum
2928 4830 3057 4885 dicit
3078 4851 3089 4884 :
3110 4829 3244 4884 Date
3263 4831 3309 4883 ei
3328 4829 3392 4881 de
3413 4832 3579 4899 [ructu
3604 4841 3860 4878 manuum

2265 4947 2502 4994 suarum,
2532 4938 2579 4984 et
2609 4925 2818 4981 laudent
2860 4942 2973 4979 eam
3001 4926 3053 4978 in
3102 4924 3263 4997 portis
3309 4938 3465 4992 opera
3511 4920 3625 4989 ejus
3671 4916 3853 4983 (Pror.

2277 5042 2397 5098 iis}!
2416 5027 2453 5094 ).

2347 5118 2613 5174 Vesanus.
2647 5115 2809 5185 Cujus
2836 5122 2960 5170 sunt
2989 5113 3100 5167 hinc
3129 5109 3323 5164 verba?

2349 5211 2629 5267 SALONIUS.
2673 5209 2785 5264 Viri
2824 5208 2963 5262 illius
3003 5204 3205 5259 Domini
3252 5212 3306 5257 et
3351 5200 3647 5255 Salvatoris
3691 5200 3863 5252 ιιίειιτί

2280 5302 2404 5358 Iesu
2425 5302 2639 5356 Christi.

2352 5393 2624 5449 Vesanus.
2661 5390 2885 5457 Quando
2916 5390 3027 5443 lucc
3053 5388 3211 5442 verba
3240 5385 3478 5439 dicturus
3505 5384 3616 5437 est?

2351 5485 2630 5541 SALONIUS.
2673 5482 2728 5537 In
2758 5484 2843 5537 die
2867 5482 3048 5551 judicii
3093 5479 3309 5549 quando
3338 5476 3611 5548 pm‘cipiet
3638 5471 3865 5536 angelis,

2282 5586 2339 5633 ut
2360 5586 2480 5648 post
2502 5576 2659 5630 linem
2683 5572 2980 5649 hujnsvita'
3001 5570 3289 5624 Ecclesium
3334 5566 3398 5620 ad
3440 5565 3590 5632 regni
3632 5559 3871 5617 caelestis

2280 5670 2471 5739 gaudia
2503 5666 2847 5724 introducunt
2876 5684 2887 5718 :
2913 5666 2988 5719 sic
3010 5665 3151 5718 enim
3175 5658 3443 5733 praecipiet
3466 5654 3673 5724 angelis
3697 5671 3710 5706 :
3736 5652 3873 5707 Date

598 5780 603 5785 ”
666 5787 692 5815 ⁸
719 5782 922 5835 Videtur
945 5784 1024 5835 hic
1045 5785 1222 5851 deesse
1246 5784 1433 5838 Salonii
1456 5797 1744 5847 responsum
1768 5782 1827 5833 ad
1853 5780 1978 5832 illam
2003 5783 2351 5841 quastiouem.

1020 5986 1045 6015 ⁸
1372 5987 1432 6050 δ
