4110 6336
244 362 350 423 993

1190 357 1257 415 IN
1294 357 1798 415 ECCLESIASTEN
1847 354 2203 412 EXPOSITIO
2241 355 2562 413 MYSTICA.

3407 359 3519 421 994

241 479 288 533 ei
312 476 378 532 de
403 478 571 548 [ructu
598 491 842 531 manuum
881 489 1123 539 suarum,
1150 472 1254 527 hoc
1282 479 1365 527 est
1398 470 1666 526 bonorum
1697 482 1827 539 ope-
1851 465 2088 534 Atiam;
2117 467 2221 521 hoc
2244 466 2419 523 fructu
2468 469 2681 538 dignam
2730 470 2802 525 illi
2845 471 3051 527 reddite
3093 473 3412 553 mercedem.
3446 474 3518 534 Et

240 583 384 623 rum.
413 566 545 621 Nam
572 582 671 639 per
696 583 914 633 manus,
947 581 1113 636 opera
1141 563 1516 631 designantur;
1547 577 1613 618 ac
1641 562 1688 617 si
1722 576 1820 631 pa-

156 618 167 711 ί
242 667 419 715 tenter
458 618 632 723 dicai,
675 659 799 730 quia
834 618 1100 715 bonoi'um
1144 670 1369 727 operum
1389 654 1567 710 facere
1595 654 1820 718 curavit,

241 751 346 805 hoc
389 758 473 806 est
516 750 812 815 caritatem,
862 750 1133 820 gaudium,
1174 762 1384 819 pacem,
1411 746 1821 817 benignitatem,

240 843 558 909 bonitatem,
586 842 931 910 modestiam,
963 839 1369 906 continentiam,
1404 837 1581 903 Iidem,
1611 838 1825 909 patien-

1927 559 2138 613 taudent
2163 574 2281 612 eam
2309 560 2360 613 in
2388 562 2551 631 portis
2580 554 2735 633 opera
2778 563 2889 632 ejus
2912 580 2930 616 :
2960 563 3063 618 hoc
3091 572 3173 618 est
3203 564 3255 620 in
3290 565 3513 635 judicio,

1928 652 2042 708 sive
2070 650 2122 705 in
2154 650 2394 720 ingressu
2440 653 2628 722 patria:
2669 653 2901 709 caelestis
2944 655 3164 710 laudent
3190 673 3310 712 eam
3350 675 3517 730 opera

1930 744 2047 815 ipsa
2070 760 2191 815 quae
2218 743 2375 811 fecit;
2405 738 2509 800 hoc
2537 753 2621 800 est
2647 755 3023 802 remuneretur
3061 764 3159 819 pro
3189 749 3344 807 bonis
3379 767 3513 822 ope-

1933 835 2083 892 ribus
2111 850 2230 905 qua:
2249 836 2433 905 gessit.

1175 1087 1817 1197 SALONII
1866 1074 2566 1194 EPISCOPI

1087 1308 1249 1413 1N
1385 1300 2659 1414 ECCLESIASTEN

1341 1496 1879 1584 EXPOSITIO,
1927 1497 2392 1580 MYSTICA.

682 1747 1331 1801 ικτειωουτοιει
1368 1757 1383 1794 :

614 1853 898 1897 VBRANUS
967 1851 1047 1894 ET
1112 1849 1411 1893 σλιοιυυε
1423 1876 1435 1891 ο

313 1962 581 2019 Vesanus.
611 1957 754 2024 Quot
780 1956 1086 2011 nominibus
1112 1960 1339 2009 vocatus
1359 1961 1444 2010 est
1463 1953 1758 2010 Salomon?

310 2051 590 2108 SALONIUS.
609 2048 819 2111 Tribus,
840 2047 980 2102 sicut
999 2045 1291 2115 Scriptura:
1313 2060 1482 2099 sacrae
1503 2032 1832 2102 manifestis-

241 2145 378 2202 sime
403 2143 617 2205 docent,
642 2139 692 2194 id
722 2145 806 2194 est
844 2133 1125 2201 Salomon;
1156 2136 1347 2205 Ydida,
1372 2144 1428 2192 et
1454 2136 1826 2194 Ecclesiastes.

314 2233 586 2288 VERANUS.
619 2228 800 2296 Quare
830 2227 915 2283 bis
942 2226 1248 2281 nominibus
1279 2226 1578 2297 appellatus
1607 2228 1725 2283 est?

313 2322 593 2378 SALONIUS.
621 2318 896 2384 Salomon,
924 2315 977 2370 id
1005 2323 1088 2372 est
1114 2314 1399 2387 paciﬁcus,
1432 2315 1610 2372 dictus
1649 2324 1732 2371 est
1767 2331 1834 2372 eo

175 2491 188 2501 _
243 2413 389 2485 quod
440 2412 493 2467 in
520 2425 687 2481 regno
731 2408 847 2478 ejus
873 2422 979 2479 pax
1026 2406 1143 2461 fuit.
1177 2405 1346 2461 Ydida
1373 2414 1600 2462 vocatus
1627 2414 1739 2472 est,
1782 2405 1867 2461 id.

246 2513 331 2562 est
356 2505 582 2561 dilectus
606 2500 851 2567 Domini,
880 2499 1007 2569 quia
1035 2497 1223 2553 dilexit
1250 2513 1373 2553 eum
1402 2497 1679 2553 Dominus.

188 2595 193 2599 ’
318 2596 591 2652 Venimus.
623 2587 1108 2660 Ecclesiastes'qua
1135 2589 1315 2658 lingua
1344 2588 1573 2644 dicitur?
1665 2637 1671 2643 .

319 2686 596 2742 Summus.
628 2681 811 2737 Graeca
836 2699 851 2749 ;
879 2696 1005 2736 nam
1034 2679 1296 2736 Hebraice
1314 2678 1583 2735 Coheleeh
1616 2680 1828 2734 dicitur.

326 2778 589 2832 VERANDS.
621 2772 903 2840 Quomodo
924 2778 1082 2827 sonat
1100 2771 1153 2825 in
1183 2770 1374 2825 Latino
1394 2784 1644 2825 sermone
1662 2770 1837 2827 Colle-

251 2868 389 2932 lech,
420 2875 513 2920 aut
538 2864 923 2920 Ecclesiastes?
1775 2911 1782 2918 .

322 2955 602 3011 SALONIUS.
633 2954 726 3009 ille
752 2952 971 3024 proprie
997 2952 1191 3008 dicitur
1214 2952 1587 3017 Ecclesiastes,
1614 2954 1705 3023 qui
1726 2969 1836 3008 coe-

255 3056 367 3102 tum
385 3087 399 3105 ,
433 3045 483 3100 id
512 3053 595 3101 est
622 3044 937 3107 Ecclesiam,
985 3050 1296 3112 congregat.
1328 3042 1481 3098 Unde
1511 3042 1699 3098 Latino
1727 3057 1840 3098 ser-

1863 1745 1912 1807 B
1938 1757 1985 1809 l;
2010 1740 2138 1796 Luc.
2163 1742 2261 1812 Ill).
2285 1742 2405 1813 Ipse
2433 1742 2686 1799 nimirum
2708 1754 2794 1801 est
2811 1745 3176 1815 Ecclesiastes,
3212 1753 3262 1807 id
3288 1763 3371 1809 est
3398 1771 3519 1813 con-

1935 1832 2185 1888 cionator
2213 1841 2399 1889 noster
2424 1834 2517 1904 qui
2546 1846 2839 1906 congregat
2865 1847 3084 1904 emtum,
3117 1841 3365 1899 videlicet
3392 1861 3518 1901 san-

1934 1933 2075 1981 ctam
2105 1924 2401 1982 Ecclesiam
2430 1926 2499 1983 de
2527 1928 2780 1984 universo
2802 1931 2932 1985 orbe
2960 1939 3244 2000 terrarum,
3269 1935 3335 1991 ad
3358 1951 3519 2006 quem

1935 2015 2188 2087 loquitur,
2211 2016 2394 2073 dicens
2414 2036 2427 2070 :
2445 2016 2644 2072 Discite
2663 2037 2695 2073 a
2715 2037 2796 2074 me
2814 2022 2934 2091 quia
2953 2024 3093 2078 mitis
3116 2042 3226 2079 sum
3245 2036 3295 2079 et
3315 2027 3521 2083 humilis

1934 2108 2104 2173 corde,
2153 2115 2202 2162 et
2229 2109 2495 2164 invenietis
2522 2112 2745 2182 requiem
2786 2113 3058 2168 animabus
3091 2119 3268 2171 vestris
3299 2116 3513 2187 (Matth.

1934 2200 2042 2271 xl).
2072 2200 2171 2256 Hic
2197 2209 2281 2261 est
2306 2201 2447 2258 ﬁlius
2472 2201 2662 2267 David,
2692 2205 2761 2260 ad
2789 2221 2948 2277 quem
2975 2209 3103 2263 cmci
3142 2209 3193 2264 in
3224 2209 3516 2280 Evangelia

1935 2291 2243 2363 clamabant
2261 2291 2501 2349 dicentes
2520 2312 2532 2347 :
2555 2292 2803 2350 Miserere
2821 2299 3002 2362 nostri,
3021 2298 3099 2368 ﬁli
3119 2298 3291 2353 Dauid
3305 2300 3516 2372 (Matth.

1936 2400 2014 2453 IX,
2034 2401 2104 2440 xv
2136 2394 2186 2439 et
2218 2384 2335 2457 xx).
2364 2384 2463 2442 Hic
2487 2395 2569 2443 est
2596 2388 2758 2443 etiam
2785 2388 2903 2445 Rex
2928 2389 3244 2459 Jerusalem,
3274 2410 3381 2450 non
3411 2403 3521 2450 ter-

1935 2476 2143 2543 restris,
2191 2477 2284 2532 sed
2331 2477 2474 2533 illius
2520 2479 2778 2549 ctelestis,
2804 2497 2928 2552 quas
2967 2491 3050 2539 est
3094 2494 3259 2541 mater
3285 2487 3523 2542 omnium

1938 2575 2202 2624 nostrum.

2007 2657 2278 2715 VEBANUS.
2308 2658 2447 2726 Quid
2473 2670 2555 2717 est
2574 2661 2720 2732 quod
2739 2661 2868 2718 dicit
2886 2661 3238 2721 Ecclesiastes
3265 2684 3277 2719 :
3310 2666 3529 2723 Vanitas

1938 2750 2238 2817 sanitatum,
2269 2760 2318 2805 et
2346 2755 2521 2806 omnia
2547 2755 2751 2808 vanitas
2780 2753 2975 2825 (Eccle.
3009 2755 3089 2827 1);
3121 2773 3240 2812 cum
3269 2759 3526 2828 scriptum

1938 2841 2009 2897 sit
2052 2843 2107 2896 in
2148 2843 2287 2898 libro
2314 2842 2538 2899 Genesis
2566 2862 2578 2897 :
2619 2843 2761 2899 Vidit
2809 2844 2951 2900 Deus
2977 2856 3161 2901 cuncta
3190 2865 3305 2918 qua:
3332 2850 3452 2920 fecit
3478 2858 3531 2905 et

1939 2944 2089 2988 erant
2116 2934 2264 2989 valde
2304 2935 2436 2990 bona
2465 2934 2617 3007 (Gen.
2642 2936 2728 3006 I)?
2755 2933 2813 2991 Si
2852 2946 3043 2993 cuncta
3064 2953 3184 3007 qua:
3211 2939 3338 2994 fecit
3364 2939 3527 3007 Deus,

1945 3027 2103 3083 valde
2122 3028 2263 3083 bona
2284 3036 2427 3095 sunt,
2452 3029 2724 3098 quomodo
2743 3043 2873 3099 ergo
2894 3032 3068 3084 omnia
3089 3032 3288 3085 vanitas
3300 3048 3320 3098 ;
3348 3040 3401 3086 et
3423 3048 3529 3087 non

252 3153 414 3194 mone
458 3143 605 3193 recte
645 3135 995 3190 Ecclesiastes
1035 3134 1232 3189 dicitur
1273 3133 1670 3199 Concionator,
1716 3134 1842 3202 quia
1866 3118 1915 3181 ο
1946 3117 2121 3173 δοῙυηι
2149 3119 2375 3183 "anius,
2408 3119 2500 3174 58d
2531 3120 2693 3173 etiam
2721 3122 2922 3175 υιιηίιαδ
2943 3122 3258 3175 Minimum?

257 3232 631 3295 concinnatur,
672 3228 725 3283 id
765 3234 848 3283 est
874 3226 1111 3296 loquitur
1151 3224 1219 3280 ad
1257 3226 1549 3297 populum;
1580 3233 1637 3282 et
1662 3241 1841 3281 sermo

257 3322 374 3391 ejus
393 3324 499 3376 non
522 3321 589 3375 ad
610 3334 772 3375 unum
790 3317 1113 3389 specialiter,
1139 3316 1232 3373 sed
1255 3317 1579 3386 generaliter
1597 3317 1843 3387 dirigitur

260 3410 328 3465 ad
356 3426 562 3467 omnes.
594 3408 957 3465 Concionator
983 3421 1114 3477 ergo
1140 3407 1195 3462 in
1239 3405 1494 3463 Ecclesia
1522 3416 1709 3465 sancta
1735 3409 1843 3465 dici

259 3508 437 3574 potest
463 3500 798 3572 praedicator.
1059 3568 1067 3576 .

331 3596 600 3650 VERANUS.
630 3593 773 3660 Quot
799 3593 966 3648 libros
992 3590 1160 3647 edidit
1186 3590 1484 3648 Salomon?

335 3686 614 3742 Sasernas.
648 3684 783 3739 Tres
812 3690 1018 3738 tantum
1040 3682 1194 3753 juxta
1236 3695 1520 3737 numerum
1548 3681 1843 3737 vocabulo-

264 3796 383 3836 rum
441 3794 658 3834 suorum
692 3795 704 3830 :
737 3775 1028 3832 Proverbia
1056 3814 1072 3841 ,
1117 3773 1477 3830 Ecclesiasten
1524 3780 1578 3828 et
1625 3771 1846 3829 Cantica

264 3873 627 3928 Canticorum.
1529 3921 1533 3925 ,

331 3965 600 4019 Venimus.
629 3961 764 4030 Quid
795 3961 869 4016 ait
894 3960 1148 4015 Salomon
1176 3959 1229 4013 in
1257 3957 1582 4022 Proverbiis,
1606 3963 1698 4011 aut
1720 3955 1849 4027 quid

261 4056 423 4111 docet
445 4055 498 4109 in
529 4052 867 4115 Ecclesiaste,
896 4050 981 4105 vel
1007 4049 1230 4104 Cantico
1250 4048 1638 4116 Canticorum?

335 4145 614 4202 SALONIUS.
664 4143 722 4197 In
768 4140 1073 4197 Proverbiis
1122 4139 1282 4195 docet
1330 4139 1635 4209 parvulum,
1664 4146 1721 4192 et
1752 4151 1850 4207 per

264 4239 443 4294 varias
465 4236 778 4299 sententias,
802 4233 1016 4289 instruit
1039 4231 1191 4301 quasi
1221 4231 1406 4285 ﬁlium.
1438 4230 1496 4284 In
1528 4229 1851 4285 Ecclesiaste

264 4347 396 4387 vero
420 4329 529 4400 jam
560 4328 809 4400 perlecta:
841 4325 1016 4381 anatis
1054 4324 1227 4378 virum
1256 4322 1465 4387 imbuit,
1492 4329 1552 4377 ut
1590 4320 1852 4390 intelligat

265 4423 391 4491 quia
421 4422 473 4475 in
502 4419 661 4489 hujus
679 4418 864 4473 mundi
882 4417 1045 4472 rebus
1075 4416 1206 4470 nihil
1235 4424 1318 4470 est
1344 4422 1685 4485 perpetuum,
1716 4413 1847 4468 nihil

2016 3207 2297 3264 SALONlUS.
2329 3208 2535 3266 Caelum
2562 3219 2619 3266 et
2645 3206 2811 3278 terra,
2845 3212 3011 3266 maria
3041 3220 3097 3268 et
3124 3214 3305 3269 omnia
3333 3230 3453 3284 qua:
3478 3194 3561 3271 in.

1946 3302 2050 3357 hoc
2093 3301 2298 3357 circulo
2326 3302 2691 3371 continuentur,
2721 3317 2817 3373 per
2856 3318 2914 3358 se
2956 3303 3169 3373 quidem
3213 3306 3354 3360 bona
3381 3316 3527 3370 sunt,

1945 3393 2199 3463 quoniam
2220 3408 2248 3445 a
2271 3393 2414 3446 bono
2435 3392 2546 3448 Deo
2570 3401 2752 3448 creata
2780 3403 2922 3459 sunt,
2947 3394 3039 3448 sed
3061 3404 3371 3465 comparata
3396 3396 3527 3463 Deo,

1947 3483 2131 3554 utique
2173 3498 2273 3553 pro
2320 3482 2486 3537 nihilo
2514 3482 2761 3539 habenda
2790 3492 2943 3550 sunt,
2975 3486 3100 3555 quia
3146 3500 3358 3557 semper
3387 3486 3531 3544 Deus

1949 3576 2286 3648 permanebit
2314 3576 2365 3630 id
2390 3576 2536 3645 quod
2575 3585 2686 3642 est,
2720 3577 2811 3631 illa
2838 3593 2968 3633 vero
2997 3580 3175 3632 omnia
3206 3580 3527 3636 transibunt.

1947 3666 2080 3721 Nam
2110 3682 2227 3737 qua:
2249 3667 2499 3722 videntur
2518 3664 2833 3739 temporalia
2862 3677 3003 3735 sunt,
3034 3671 3158 3740 quia
3189 3674 3530 3742 transitoria;

1949 3772 2069 3826 qua:
2098 3766 2277 3813 autem
2306 3774 2415 3813 non
2437 3758 2688 3814 videntur
2713 3767 2912 3815 :eterna
2940 3770 3083 3817 sunt.

2018 3850 2289 3907 Vsmsus.
2336 3851 2514 3917 Quare
2557 3852 2640 3907 bis
2688 3854 2967 3923 replicavit
3013 3855 3332 3910 sententiam
3378 3872 3531 3914 suam

1949 3942 2169 3999 dicens:
2201 3942 2419 3997 Vanitas
2440 3944 2744 4011 vanitatum,
2768 3944 2900 3999 dixit
2923 3943 3261 4001 Ecclesiastes
3284 3964 3303 4013 ;
3330 3949 3531 4003 vanitas

1949 4038 2234 4091 vanitatum
2260 4045 2309 4091 et
2333 4039 2506 4092 omnia
2533 4040 2771 4093 vanitas?

2020 4127 2302 4184 SALONIUS.
2333 4127 2415 4183 Ad
2434 4118 2858 4198 exaggerandam
2887 4130 3307 4199 magnitudinem
3329 4132 3534 4187 vanita-

1955 4226 2065 4274 tum
2095 4218 2314 4275 iteravit
2358 4220 2681 4275 sententiam
2709 4236 2877 4277 suam
2898 4264 2912 4290 ,
2965 4229 3024 4276 ut
3052 4237 3148 4293 per
3174 4222 3279 4279 hoc
3306 4223 3530 4293 demon—

1950 4317 2149 4366 straret
2174 4310 2299 4380 quia
2321 4310 2497 4367 omnis
2522 4311 2709 4366 mundi
2736 4311 2906 4381 gloria
2950 4313 3089 4369 sicut
3114 4313 3213 4370 ﬂos
3243 4313 3347 4369 leni
3389 4292 3535 4371 mar-

1953 4412 2155 4470 cescet,
2185 4412 2242 4459 et
2267 4404 2406 4460 sicut
2433 4403 2609 4460 fumus
2635 4405 3001 4476 pertransibit.

265 4474 558 4584 gloriosum
573 4474 678 4567 'aut
705 4525 987 4580 magnum;
1017 4508 1111 4563 sed
1142 4507 1321 4563 omnia
1338 4474 1485 4561 ’nsunt
1513 4474 1714 4571 brevia,
1751 4521 1844 4560 ca-
1872 4503 1928 4565 D
2021 4494 2292 4552 VERANUS.
2318 4496 2394 4552 De
2407 4497 2603 4567 quibus
2621 4474 3056 4575 generationibus
3077 4497 3232 4554 dicit:
3259 4474 3535 4555 Ceneratio

266 4606 401 4660 duca
431 4611 487 4657 et
516 4618 673 4667 vana,
702 4616 823 4672 qua:
856 4600 1144 4656 cernimus.
1170 4597 1231 4653 In
1257 4597 1482 4653 Cantico
1501 4596 1845 4652 Canticorum

262 4694 374 4763 jam
403 4700 831 4748 consummatum
856 4691 1030 4745 virum
1072 4696 1233 4759 atque
1260 4688 1555 4759 perfectum
1597 4688 1650 4742 iu
1675 4687 1850 4747 omni-

267 4791 392 4855 bus,
425 4797 480 4844 et
506 4789 671 4843 variis
703 4795 1022 4843 exornatum
1066 4786 1391 4853 virtutibus;
1423 4785 1635 4856 sponsi,
1668 4784 1720 4839 id
1748 4792 1850 4849 est,

270 4882 478 4937 Domini
508 4880 676 4935 nostri
704 4879 831 4934 Jesu
871 4879 1070 4959 Christi
1098 4876 1434 4948 amplexibus
1475 4875 1669 4945 jungit.

338 4976 609 5029 VERANUS.
658 4971 1021 5041 Spiritualiter
1066 4977 1244 5024 autem
1286 4968 1413 5038 quid
1461 4967 1725 5037 signiﬁcat
1767 4967 1855 5023 ille

269 5069 543 5130 Salomon,
575 5062 742 5119 Ydida
771 5070 826 5117 et
858 5059 1244 5117 Ecclesiastes?
1700 5066 1705 5071 ‘

340 5159 623 5214 SALONIUS.
646 5152 927 5208 Dominum
941 5149 1121 5205 Iesum
1137 5149 1429 5216 Christum,
1446 5149 1537 5219 qui
1561 5155 1645 5204 est
1670 5156 1855 5204 noster

271 5249 547 5311 Salomon,
578 5245 632 5300 id
660 5250 745 5299 est
764 5242 1051 5315 paciﬁcans
1071 5240 1246 5295 omnia
1268 5256 1360 5310 per
1380 5240 1681 5312 sanguinem
1709 5254 1855 5292 suum

275 5343 396 5417 fecit
420 5350 635 5412 utraque
659 5354 815 5392 unum
846 5334 1060 5407 (Ephes.
1094 5332 1177 5402 ιι),
1210 5331 1261 5387 id
1289 5340 1393 5399 est,
1423 5332 1491 5388 de
1518 5332 1728 5387 duobus
1753 5347 1853 5402 po-

274 5436 412 5508 pulis
430 5449 590 5491 unam
609 5432 708 5488 sibi
727 5428 1026 5487 construxit
1043 5426 1351 5483 Ecclesiam.
1373 5425 1525 5481 Unde
1545 5425 1851 5496 Apostolus:

276 5527 528 5590 Christus,
559 5524 746 5593 inquit,
778 5539 881 5593 pax
911 5531 1119 5578 nostra.
1153 5522 1237 5590 qui
1276 5521 1397 5591 fecit
1438 5530 1651 5591 utraque
1678 5535 1851 5573 unum.

277 5618 394 5689 Ipse
431 5625 513 5671 est
540 5613 730 5681 Ydida,
760 5612 812 5667 id
838 5619 937 5676 est,
968 5610 1347 5665 dilectissimus
1392 5609 1560 5679 patris
1600 5606 1759 5670 lilius,
1790 5608 1857 5662 de

277 5723 387 5778 quo
417 5707 527 5777 ipse
556 5704 715 5759 Pater
742 5704 805 5759 ad
835 5701 1121 5771 discipulos
1150 5700 1217 5753 ait
1250 5718 1260 5752 :
1289 5699 1389 5752 llic
1411 5707 1487 5752 est
1516 5698 1684 5751 Filius
1718 5713 1854 5750 mens

278 5797 489 5851 dilectus
518 5798 568 5850 in
599 5814 693 5864 quo
718 5795 838 5849 mihi
867 5794 989 5848 bene
1009 5791 1291 5860 complacui
1319 5787 1530 5859 (Matth.
1558 5804 1647 5853 ut;
1675 5787 1845 5842 Marc.

1953 4589 2199 4659 printer-it,
2231 4596 2280 4643 et
2309 4590 2572 4662 generatio
2601 4584 2836 4644 adveniet
2869 4588 3063 4659 (Eccle.
3094 4589 3179 4660 l)?

2023 4678 2304 4736 SALONIUS.
2324 4679 2401 4735 De
2415 4680 2764 4749 generatione
2784 4679 3090 4734 Iudaeorum
3114 4688 3170 4734 et
3192 4682 3539 4749 generatione

1952 4772 2211 4840 gentium.
2258 4771 2485 4825 Recedit
2523 4771 2668 4824 enim
2699 4771 2975 4838 generatio
3005 4771 3175 4840 prima
3212 4770 3537 4839 Judmorum,

1954 4861 2206 4932 quoniam
2252 4860 2411 4930 periit
2470 4868 2692 4930 propter
2738 4859 3148 4925 inﬁdelitatem,
3199 4871 3254 4916 et
3298 4856 3540 4918 succedit

1952 4952 2231 5021 generatio
2269 4951 2338 5006 de
2384 4950 2661 5019 gentibus,
2692 4958 3014 5019 congregata
3057 4951 3307 5008 videlicet
3353 4961 3539 5009 sancta

1956 5043 2191 5098 ﬁdelium
2235 5041 2507 5106 Ecclesia,
2553 5056 2671 5111 quae
2699 5059 2798 5113 per
2840 5040 2999 5097 ﬁdem
3043 5041 3240 5098 Christi
3280 5043 3536 5098 salvatur.

1956 5131 2143 5189 Potest
2169 5141 2224 5188 et
2251 5133 2328 5188 sic
2366 5132 2592 5201 intelligi
2618 5150 2631 5184 :
2660 5130 2937 5187 Ceneratio
2982 5134 3141 5198 vadit,
3186 5141 3235 5186 et
3279 5134 3540 5204 generatio

1956 5226 2108 5292 venit,
2128 5224 2179 5280 id
2199 5223 2447 5288 esu-aliis
2466 5224 2840 5291 morientibus,
2872 5224 2961 5278 alii
2991 5231 3301 5287 nascuntur,
3324 5232 3379 5277 et
3406 5238 3542 5293 quos
3587 5224 3611 5234 “

1958 5318 2104 5387 prius
2139 5315 2380 5384 videras,
2423 5316 2535 5386 jam
2587 5331 2692 5371 non
2723 5314 2869 5371 vides
2888 5357 2901 5381 ,
2934 5322 2989 5367 et
3019 5313 3209 5383 incipis
3236 5313 3419 5368 videre
3446 5327 3541 5368 eos

1957 5410 2048 5478 qui
2076 5419 2200 5464 ante
2230 5426 2336 5465 non
2365 5408 2593 5464 fuerant.

2004 5515 2295 5571 Vesanus.
2314 5508 2502 5582 'Quare
2527 5513 2780 5567 Salomon
2810 5511 2938 5566 dicit
2964 5530 2974 5563 :
3011 5511 3173 5565 Terra
3205 5513 3258 5565 in
3292 5520 3539 5566 Met-num

1960 5615 2059 5660 stat
2084 5605 2291 5678 (Ibid),
2323 5621 2445 5660 cum
2470 5603 2725 5658 Dominus
2754 5602 2806 5655 in
2825 5600 3115 5671 Evangelia
3144 5601 3317 5656 dicat:
3346 5600 3538 5655 Caelum

1961 5708 2007 5751 et
2031 5706 2167 5751 terra
2200 5695 2485 5749 transibunt
2511 5692 2725 5764 (Matth.
2750 5710 2780 5747 v
2811 5701 2860 5747 et
2889 5709 3043 5758 xxnv;
3073 5691 3240 5747 Marc.
3266 5708 3384 5757 xui;
3411 5690 3537 5744 Luc.

1962 5772 2109 5855 ut)?

2763 5976 2789 6005 ιη
