  <div class='ocr_page' id='page_1' title='image "/cluster/home/n/w/nwhite01/storage/ocr_20150623/53/hvd.32044015471576/503.png"; bbox 0 0 4110 6336; ppageno 0'>
   <div class='ocr_carea' id='block_1_1' title="bbox 561 403 667 482">
    <p class='ocr_par' dir='ltr' id='par_1_1' title="bbox 561 403 667 482">
     <span class='ocr_line' id='line_1_1' title="bbox 561 403 667 482; baseline -0.019 -1"><span class='ocrx_word' id='word_1_1' title='bbox 561 403 667 482; x_wconf 69' lang='grc' dir='ltr'><strong>ῡθε</strong></span> 
     </span>
    </p>
   </div>
   <div class='ocr_carea' id='block_1_2' title="bbox 1833 417 2536 478">
    <p class='ocr_par' dir='ltr' id='par_1_2' title="bbox 1833 417 2536 478">
     <span class='ocr_line' id='line_1_2' title="bbox 1833 417 2536 478; baseline 0.009 -6"><span class='ocrx_word' id='word_1_2' title='bbox 1833 417 2098 474; x_wconf 80' lang='lat' dir='ltr'><strong>SALONll</strong></span> <span class='ocrx_word' id='word_1_3' title='bbox 2139 417 2536 478; x_wconf 82' lang='lat' dir='ltr'><strong>VlENNENSlS</strong></span> 
     </span>
    </p>
   </div>
   <div class='ocr_carea' id='block_1_3' title="bbox 3723 417 3832 474">
    <p class='ocr_par' dir='ltr' id='par_1_3' title="bbox 3723 417 3832 474">
     <span class='ocr_line' id='line_1_3' title="bbox 3723 417 3832 474; baseline 0 0"><span class='ocrx_word' id='word_1_4' title='bbox 3723 417 3832 474; x_wconf 78' lang='lat'><strong>996</strong></span> 
     </span>
    </p>
   </div>
   <div class='ocr_carea' id='block_1_4' title="bbox 629 532 3838 604">
    <p class='ocr_par' dir='ltr' id='par_1_4' title="bbox 629 532 3838 604">
     <span class='ocr_line' id='line_1_4' title="bbox 629 532 3838 604; baseline 0 -12"><span class='ocrx_word' id='word_1_5' title='bbox 629 535 905 592; x_wconf 58' lang='lat' dir='ltr'><strong>Saeuus.</strong></span> <span class='ocrx_word' id='word_1_6' title='bbox 939 535 1076 590; x_wconf 85' lang='lat' dir='ltr'><strong>Vere</strong></span> <span class='ocrx_word' id='word_1_7' title='bbox 1100 535 1255 604; x_wconf 80' lang='lat' dir='ltr'><strong>juxta</strong></span> <span class='ocrx_word' id='word_1_8' title='bbox 1299 533 1511 590; x_wconf 86' lang='lat' dir='ltr'><strong>Domini</strong></span> <span class='ocrx_word' id='word_1_9' title='bbox 1557 532 1912 596; x_wconf 83' lang='lat' dir='ltr'><strong>sententiam,</strong></span> <span class='ocrx_word' id='word_1_10' title='bbox 1943 532 2140 588; x_wconf 69' lang='lat' dir='ltr'><strong>Cretum</strong></span> <span class='ocrx_word' id='word_1_11' title='bbox 2169 537 2218 598; x_wconf 79' lang='grc' dir='ltr'>Α</span> <span class='ocrx_word' id='word_1_12' title='bbox 2245 541 2302 586; x_wconf 91' lang='lat' dir='ltr'><strong>et</strong></span> <span class='ocrx_word' id='word_1_13' title='bbox 2323 547 2488 602; x_wconf 88' lang='lat' dir='ltr'><strong>opere</strong></span> <span class='ocrx_word' id='word_1_14' title='bbox 2507 534 2652 602; x_wconf 83' lang='lat' dir='ltr'><strong>quod</strong></span> <span class='ocrx_word' id='word_1_15' title='bbox 2673 532 2894 600; x_wconf 79' lang='lat' dir='ltr'><strong>iaciunt,</strong></span> <span class='ocrx_word' id='word_1_16' title='bbox 2917 533 2986 592; x_wconf 85' lang='lat' dir='ltr'><strong>ad</strong></span> <span class='ocrx_word' id='word_1_17' title='bbox 3003 535 3220 594; x_wconf 77' lang='lat' dir='ltr'><strong>laudern</strong></span> <span class='ocrx_word' id='word_1_18' title='bbox 3243 535 3326 592; x_wconf 80' lang='lat' dir='ltr'><strong>sui</strong></span> <span class='ocrx_word' id='word_1_19' title='bbox 3347 533 3620 594; x_wconf 82' lang='lat' dir='ltr'><strong>Creatoris</strong></span> <span class='ocrx_word' id='word_1_20' title='bbox 3643 545 3838 592; x_wconf 71' lang='lat' dir='ltr'><strong>recur—</strong></span> 
     </span>
    </p>
   </div>
   <div class='ocr_carea' id='block_1_5' title="bbox 557 625 2136 700">
    <p class='ocr_par' dir='ltr' id='par_1_5' title="bbox 557 625 2136 700">
     <span class='ocr_line' id='line_1_5' title="bbox 557 625 2136 700; baseline -0.002 -15"><span class='ocrx_word' id='word_1_21' title='bbox 557 640 606 686; x_wconf 81' lang='lat' dir='ltr'><strong>et</strong></span> <span class='ocrx_word' id='word_1_22' title='bbox 637 639 774 684; x_wconf 87' lang='lat' dir='ltr'><strong>terra</strong></span> <span class='ocrx_word' id='word_1_23' title='bbox 803 629 1090 684; x_wconf 83' lang='lat' dir='ltr'><strong>transibunt</strong></span> <span class='ocrx_word' id='word_1_24' title='bbox 1119 644 1216 700; x_wconf 86' lang='lat' dir='ltr'><strong>per</strong></span> <span class='ocrx_word' id='word_1_25' title='bbox 1253 626 1703 694; x_wconf 86' lang='lat' dir='ltr'><strong>meliorationem,</strong></span> <span class='ocrx_word' id='word_1_26' title='bbox 1747 625 1840 680; x_wconf 83' lang='lat' dir='ltr'><strong>sed</strong></span> <span class='ocrx_word' id='word_1_27' title='bbox 1885 641 1991 680; x_wconf 88' lang='lat' dir='ltr'><strong>non</strong></span> <span class='ocrx_word' id='word_1_28' title='bbox 2038 641 2136 695; x_wconf 86' lang='lat' dir='ltr'><strong>per</strong></span> 
     </span>
    </p>
   </div>
   <div class='ocr_carea' id='block_1_6' title="bbox 557 716 2136 794">
    <p class='ocr_par' dir='ltr' id='par_1_6' title="bbox 557 716 2136 794">
     <span class='ocr_line' id='line_1_6' title="bbox 557 716 2136 794; baseline -0.003 -16"><span class='ocrx_word' id='word_1_29' title='bbox 557 723 912 786; x_wconf 74' lang='lat' dir='ltr'><strong>ablutionem;</strong></span> <span class='ocrx_word' id='word_1_30' title='bbox 945 722 1066 794; x_wconf 84' lang='lat' dir='ltr'><strong>quia</strong></span> <span class='ocrx_word' id='word_1_31' title='bbox 1090 721 1209 788; x_wconf 73' lang='lat' dir='ltr'><strong>igne</strong></span> <span class='ocrx_word' id='word_1_32' title='bbox 1233 719 1420 788; x_wconf 88' lang='lat' dir='ltr'><strong>judicii</strong></span> <span class='ocrx_word' id='word_1_33' title='bbox 1449 727 1672 788; x_wconf 80' lang='lat' dir='ltr'><strong>purgata</strong></span> <span class='ocrx_word' id='word_1_34' title='bbox 1695 716 2136 782; x_wconf 78' lang='lat' dir='ltr'><strong>meliorabuntur,</strong></span> 
     </span>
    </p>
   </div>
   <div class='ocr_carea' id='block_1_7' title="bbox 555 807 2134 884">
    <p class='ocr_par' dir='ltr' id='par_1_7' title="bbox 555 807 2134 884">
     <span class='ocr_line' id='line_1_7' title="bbox 555 807 2134 884; baseline -0.005 -16"><span class='ocrx_word' id='word_1_35' title='bbox 555 815 807 884; x_wconf 74' lang='lat' dir='ltr'><strong>quoniam</strong></span> <span class='ocrx_word' id='word_1_36' title='bbox 839 811 1251 876; x_wconf 86' lang='lat' dir='ltr'><strong>rcuovabunlur,</strong></span> <span class='ocrx_word' id='word_1_37' title='bbox 1277 809 1372 864; x_wconf 89' lang='lat' dir='ltr'><strong>sed</strong></span> <span class='ocrx_word' id='word_1_38' title='bbox 1401 810 1611 880; x_wconf 90' lang='lat' dir='ltr'><strong>penitus</strong></span> <span class='ocrx_word' id='word_1_39' title='bbox 1639 823 1748 868; x_wconf 85' lang='lat' dir='ltr'><strong>non</strong></span> <span class='ocrx_word' id='word_1_40' title='bbox 1773 807 2134 866; x_wconf 75' lang='lat' dir='ltr'><strong>destruantur.</strong></span> 
     </span>
    </p>
   </div>
   <div class='ocr_carea' id='block_1_8' title="bbox 557 891 2139 972">
    <p class='ocr_par' dir='ltr' id='par_1_8' title="bbox 557 891 2139 972">
     <span class='ocr_line' id='line_1_8' title="bbox 557 891 2139 972; baseline -0.004 -15"><span class='ocrx_word' id='word_1_41' title='bbox 557 905 786 958; x_wconf 87' lang='lat' dir='ltr'><strong>Tantum</strong></span> <span class='ocrx_word' id='word_1_42' title='bbox 817 903 1010 972; x_wconf 82' lang='lat' dir='ltr'><strong>quippe</strong></span> <span class='ocrx_word' id='word_1_43' title='bbox 1035 903 1241 956; x_wconf 87' lang='lat' dir='ltr'><strong>ardebit</strong></span> <span class='ocrx_word' id='word_1_44' title='bbox 1271 901 1467 957; x_wconf 88' lang='lat' dir='ltr'><strong>coelum</strong></span> <span class='ocrx_word' id='word_1_45' title='bbox 1493 916 1706 954; x_wconf 83' lang='lat' dir='ltr'><strong>sursum</strong></span> <span class='ocrx_word' id='word_1_46' title='bbox 1731 907 1784 953; x_wconf 89' lang='lat' dir='ltr'><strong>et</strong></span> <span class='ocrx_word' id='word_1_47' title='bbox 1811 891 1952 952; x_wconf 86' lang='lat' dir='ltr'><strong>terra</strong></span> <span class='ocrx_word' id='word_1_48' title='bbox 1981 897 2139 952; x_wconf 90' lang='lat' dir='ltr'><strong>deor—</strong></span> 
     </span>
    </p>
   </div>
   <div class='ocr_carea' id='block_1_9' title="bbox 555 991 2138 1065">
    <p class='ocr_par' dir='ltr' id='par_1_9' title="bbox 555 991 2138 1065">
     <span class='ocr_line' id='line_1_9' title="bbox 555 991 2138 1065; baseline -0.004 -15"><span class='ocrx_word' id='word_1_49' title='bbox 555 1012 697 1063; x_wconf 86' lang='lat' dir='ltr'><strong>sum,</strong></span> <span class='ocrx_word' id='word_1_50' title='bbox 730 1005 984 1065; x_wconf 79' lang='lat' dir='ltr'><strong>quantuui</strong></span> <span class='ocrx_word' id='word_1_51' title='bbox 1025 994 1224 1048; x_wconf 85' lang='lat' dir='ltr'><strong>malitia</strong></span> <span class='ocrx_word' id='word_1_52' title='bbox 1255 993 1534 1047; x_wconf 82' lang='lat' dir='ltr'><strong>hominum</strong></span> <span class='ocrx_word' id='word_1_53' title='bbox 1558 991 1716 1046; x_wconf 80' lang='lat' dir='ltr'><strong>simul</strong></span> <span class='ocrx_word' id='word_1_54' title='bbox 1747 998 1802 1046; x_wconf 91' lang='lat' dir='ltr'><strong>et</strong></span> <span class='ocrx_word' id='word_1_55' title='bbox 1830 991 2138 1044; x_wconf 74' lang='lat' dir='ltr'><strong>dmmonum</strong></span> 
     </span>
    </p>
   </div>
   <div class='ocr_carea' id='block_1_10' title="bbox 556 1067 2135 1156">
    <p class='ocr_par' dir='ltr' id='par_1_10' title="bbox 556 1067 2135 1156">
     <span class='ocr_line' id='line_1_10' title="bbox 556 1067 2135 1156; baseline -0.003 -14"><span class='ocrx_word' id='word_1_56' title='bbox 556 1088 890 1156; x_wconf 74' lang='lat' dir='ltr'><strong>coinquinari</strong></span> <span class='ocrx_word' id='word_1_57' title='bbox 917 1087 1108 1156; x_wconf 90' lang='lat' dir='ltr'><strong>potuit.</strong></span> <span class='ocrx_word' id='word_1_58' title='bbox 1129 1084 1268 1152; x_wconf 84' lang='lat' dir='ltr'><strong>Ergo</strong></span> <span class='ocrx_word' id='word_1_59' title='bbox 1289 1085 1440 1154; x_wconf 83' lang='lat' dir='ltr'><strong>juxta</strong></span> <span class='ocrx_word' id='word_1_60' title='bbox 1461 1067 1786 1142; x_wconf 64' lang='lat' dir='ltr'><strong>semittiam</strong></span> <span class='ocrx_word' id='word_1_61' title='bbox 1809 1080 2135 1144; x_wconf 71' lang='lat' dir='ltr'><strong>autumnus,</strong></span> 
     </span>
    </p>
   </div>
   <div class='ocr_carea' id='block_1_11' title="bbox 559 1169 2136 1246">
    <p class='ocr_par' dir='ltr' id='par_1_11' title="bbox 559 1169 2136 1246">
     <span class='ocr_line' id='line_1_11' title="bbox 559 1169 2136 1246; baseline -0.004 -16"><span class='ocrx_word' id='word_1_62' title='bbox 559 1187 695 1230; x_wconf 84' lang='lat' dir='ltr'><strong>terra</strong></span> <span class='ocrx_word' id='word_1_63' title='bbox 726 1179 776 1228; x_wconf 89' lang='lat' dir='ltr'><strong>in</strong></span> <span class='ocrx_word' id='word_1_64' title='bbox 808 1185 1052 1230; x_wconf 55' lang='lat' dir='ltr'><strong>aeternam</strong></span> <span class='ocrx_word' id='word_1_65' title='bbox 1075 1175 1228 1230; x_wconf 78' lang='lat' dir='ltr'><strong>stabit</strong></span> <span class='ocrx_word' id='word_1_66' title='bbox 1259 1174 1455 1246; x_wconf 84' lang='lat' dir='ltr'><strong>(Eccle.</strong></span> <span class='ocrx_word' id='word_1_67' title='bbox 1479 1177 1549 1244; x_wconf 85' lang='grc' dir='ltr'><strong>ι),</strong></span> <span class='ocrx_word' id='word_1_68' title='bbox 1583 1169 1835 1241; x_wconf 70' lang='lat' dir='ltr'><strong>quoniam</strong></span> <span class='ocrx_word' id='word_1_69' title='bbox 1867 1187 2136 1240; x_wconf 83' lang='lat' dir='ltr'><strong>nunquam</strong></span> 
     </span>
    </p>
   </div>
   <div class='ocr_carea' id='block_1_12' title="bbox 558 1263 2134 1332">
    <p class='ocr_par' dir='ltr' id='par_1_12' title="bbox 558 1263 2134 1332">
     <span class='ocr_line' id='line_1_12' title="bbox 558 1263 2134 1332; baseline -0.005 -8"><span class='ocrx_word' id='word_1_70' title='bbox 558 1271 892 1332; x_wconf 82' lang='lat' dir='ltr'><strong>destruetur;</strong></span> <span class='ocrx_word' id='word_1_71' title='bbox 915 1279 1285 1322; x_wconf 84' lang='lat' dir='ltr'><strong>verumtamen</strong></span> <span class='ocrx_word' id='word_1_72' title='bbox 1307 1265 1652 1324; x_wconf 73' lang='lat' dir='ltr'><strong>renovabitur</strong></span> <span class='ocrx_word' id='word_1_73' title='bbox 1671 1275 1728 1318; x_wconf 86' lang='lat' dir='ltr'><strong>et</strong></span> <span class='ocrx_word' id='word_1_74' title='bbox 1745 1263 2134 1322; x_wconf 83' lang='lat' dir='ltr'><strong>meliorabitur.</strong></span> 
     </span>
    </p>
   </div>
   <div class='ocr_carea' id='block_1_13' title="bbox 631 1353 2138 1428">
    <p class='ocr_par' dir='ltr' id='par_1_13' title="bbox 631 1353 2138 1428">
     <span class='ocr_line' id='line_1_13' title="bbox 631 1353 2138 1428; baseline -0.004 -14"><span class='ocrx_word' id='word_1_75' title='bbox 631 1361 897 1414; x_wconf 67' lang='lat' dir='ltr'><strong>Vl-ZRANUS.</strong></span> <span class='ocrx_word' id='word_1_76' title='bbox 930 1353 1064 1426; x_wconf 46' lang='lat' dir='ltr'><strong>Quid</strong></span> <span class='ocrx_word' id='word_1_77' title='bbox 1111 1359 1412 1428; x_wconf 78' lang='lat' dir='ltr'><strong>signiﬁcare</strong></span> <span class='ocrx_word' id='word_1_78' title='bbox 1459 1353 1629 1410; x_wconf 73' lang='lat' dir='ltr'><strong>voluit</strong></span> <span class='ocrx_word' id='word_1_79' title='bbox 1673 1355 1964 1417; x_wconf 70' lang='lat' dir='ltr'><strong>Salernon,</strong></span> <span class='ocrx_word' id='word_1_80' title='bbox 2015 1361 2138 1410; x_wconf 74' lang='lat' dir='ltr'><strong>eum</strong></span> 
     </span>
    </p>
   </div>
   <div class='ocr_carea' id='block_1_14' title="bbox 559 1449 2134 1514">
    <p class='ocr_par' dir='ltr' id='par_1_14' title="bbox 559 1449 2134 1514">
     <span class='ocr_line' id='line_1_14' title="bbox 559 1449 2134 1514; baseline -0.004 -5"><span class='ocrx_word' id='word_1_81' title='bbox 559 1455 632 1509; x_wconf 87' lang='lat' dir='ltr'><strong>ait</strong></span> <span class='ocrx_word' id='word_1_82' title='bbox 659 1474 670 1506; x_wconf 91' lang='lat'>:</span> <span class='ocrx_word' id='word_1_83' title='bbox 700 1453 882 1507; x_wconf 81' lang='lat' dir='ltr'><strong>Oritur</strong></span> <span class='ocrx_word' id='word_1_84' title='bbox 900 1453 976 1508; x_wconf 79' lang='lat' dir='ltr'><strong>sol</strong></span> <span class='ocrx_word' id='word_1_85' title='bbox 1005 1462 1052 1505; x_wconf 86' lang='lat' dir='ltr'><strong>et</strong></span> <span class='ocrx_word' id='word_1_86' title='bbox 1081 1453 1284 1514; x_wconf 84' lang='lat' dir='ltr'><strong>occidit,</strong></span> <span class='ocrx_word' id='word_1_87' title='bbox 1319 1459 1366 1503; x_wconf 84' lang='lat' dir='ltr'><strong>et</strong></span> <span class='ocrx_word' id='word_1_88' title='bbox 1396 1451 1460 1502; x_wconf 85' lang='lat' dir='ltr'><strong>ad</strong></span> <span class='ocrx_word' id='word_1_89' title='bbox 1483 1451 1648 1504; x_wconf 84' lang='lat' dir='ltr'><strong>locum</strong></span> <span class='ocrx_word' id='word_1_90' title='bbox 1677 1465 1823 1502; x_wconf 87' lang='lat' dir='ltr'><strong>suum</strong></span> <span class='ocrx_word' id='word_1_91' title='bbox 1847 1449 2134 1512; x_wconf 84' lang='lat' dir='ltr'><strong>rerertitur,</strong></span> 
     </span>
    </p>
   </div>
   <div class='ocr_carea' id='block_1_15' title="bbox 558 1525 2138 1617">
    <p class='ocr_par' dir='ltr' id='par_1_15' title="bbox 558 1525 2138 1617">
     <span class='ocr_line' id='line_1_15' title="bbox 558 1525 2138 1617; baseline -0.006 -18"><span class='ocrx_word' id='word_1_92' title='bbox 558 1547 726 1617; x_wconf 81' lang='lat' dir='ltr'><strong>ibique</strong></span> <span class='ocrx_word' id='word_1_93' title='bbox 767 1559 1036 1598; x_wconf 83' lang='lat' dir='ltr'><strong>renascens</strong></span> <span class='ocrx_word' id='word_1_94' title='bbox 1081 1551 1229 1613; x_wconf 81' lang='lat' dir='ltr'><strong>gyrat</strong></span> <span class='ocrx_word' id='word_1_95' title='bbox 1276 1557 1366 1611; x_wconf 79' lang='lat' dir='ltr'><strong>per</strong></span> <span class='ocrx_word' id='word_1_96' title='bbox 1413 1541 1703 1602; x_wconf 75' lang='lat' dir='ltr'><strong>meridiem,</strong></span> <span class='ocrx_word' id='word_1_97' title='bbox 1733 1547 1782 1592; x_wconf 79' lang='lat' dir='ltr'><strong>et</strong></span> <span class='ocrx_word' id='word_1_98' title='bbox 1813 1533 2032 1604; x_wconf 58' lang='lat' dir='ltr'><strong>ﬂectitur</strong></span> <span class='ocrx_word' id='word_1_99' title='bbox 2070 1525 2138 1590; x_wconf 72' lang='lat' dir='ltr'><strong>ml</strong></span> 
     </span>
    </p>
   </div>
   <div class='ocr_carea' id='block_1_16' title="bbox 560 1627 2138 1708">
    <p class='ocr_par' dir='ltr' id='par_1_16' title="bbox 560 1627 2138 1708">
     <span class='ocr_line' id='line_1_16' title="bbox 560 1627 2138 1708; baseline -0.006 -18"><span class='ocrx_word' id='word_1_100' title='bbox 560 1636 849 1708; x_wconf 81' lang='lat' dir='ltr'><strong>aquilonem</strong></span> <span class='ocrx_word' id='word_1_101' title='bbox 875 1633 1095 1704; x_wconf 65' lang='lat' dir='ltr'><strong>(Ibid)?</strong></span> <span class='ocrx_word' id='word_1_102' title='bbox 1125 1631 1254 1698; x_wconf 84' lang='lat' dir='ltr'><strong>Quis</strong></span> <span class='ocrx_word' id='word_1_103' title='bbox 1298 1631 1440 1684; x_wconf 88' lang='lat' dir='ltr'><strong>enim</strong></span> <span class='ocrx_word' id='word_1_104' title='bbox 1475 1631 1642 1684; x_wconf 78' lang='lat' dir='ltr'><strong>nescit</strong></span> <span class='ocrx_word' id='word_1_105' title='bbox 1672 1627 1814 1697; x_wconf 91' lang='lat' dir='ltr'><strong>quod</strong></span> <span class='ocrx_word' id='word_1_106' title='bbox 1859 1628 2030 1680; x_wconf 78' lang='lat' dir='ltr'><strong>oritur</strong></span> <span class='ocrx_word' id='word_1_107' title='bbox 2055 1627 2138 1681; x_wconf 69' lang='lat' dir='ltr'><strong>sol</strong></span> 
     </span>
    </p>
   </div>
   <div class='ocr_carea' id='block_1_17' title="bbox 562 1715 2138 1796">
    <p class='ocr_par' dir='ltr' id='par_1_17' title="bbox 562 1715 2138 1796">
     <span class='ocr_line' id='line_1_17' title="bbox 562 1715 2138 1796; baseline -0.008 -14"><span class='ocrx_word' id='word_1_108' title='bbox 562 1735 616 1782; x_wconf 90' lang='lat' dir='ltr'><strong>et</strong></span> <span class='ocrx_word' id='word_1_109' title='bbox 643 1725 868 1790; x_wconf 87' lang='lat' dir='ltr'><strong>occidit,</strong></span> <span class='ocrx_word' id='word_1_110' title='bbox 893 1733 947 1780; x_wconf 91' lang='lat' dir='ltr'><strong>et</strong></span> <span class='ocrx_word' id='word_1_111' title='bbox 975 1738 1069 1796; x_wconf 87' lang='lat' dir='ltr'><strong>per</strong></span> <span class='ocrx_word' id='word_1_112' title='bbox 1095 1722 1394 1790; x_wconf 68' lang='lat' dir='ltr'><strong>incognitas</strong></span> <span class='ocrx_word' id='word_1_113' title='bbox 1415 1719 1574 1778; x_wconf 76' lang='lat' dir='ltr'><strong>nobis</strong></span> <span class='ocrx_word' id='word_1_114' title='bbox 1602 1720 1714 1772; x_wconf 80' lang='lat' dir='ltr'><strong>vias</strong></span> <span class='ocrx_word' id='word_1_115' title='bbox 1741 1717 2042 1786; x_wconf 80' lang='lat' dir='ltr'><strong>regreditur</strong></span> <span class='ocrx_word' id='word_1_116' title='bbox 2067 1715 2138 1770; x_wconf 87' lang='lat' dir='ltr'><strong>ad</strong></span> 
     </span>
    </p>
   </div>
   <div class='ocr_carea' id='block_1_18' title="bbox 559 1809 1969 1874">
    <p class='ocr_par' dir='ltr' id='par_1_18' title="bbox 559 1809 1969 1874">
     <span class='ocr_line' id='line_1_18' title="bbox 559 1809 1969 1874; baseline -0.008 -4"><span class='ocrx_word' id='word_1_117' title='bbox 559 1818 738 1874; x_wconf 88' lang='lat' dir='ltr'><strong>locum</strong></span> <span class='ocrx_word' id='word_1_118' title='bbox 761 1833 916 1874; x_wconf 86' lang='lat' dir='ltr'><strong>suum</strong></span> <span class='ocrx_word' id='word_1_119' title='bbox 947 1815 1086 1870; x_wconf 87' lang='lat' dir='ltr'><strong>unde</strong></span> <span class='ocrx_word' id='word_1_120' title='bbox 1115 1821 1266 1868; x_wconf 83' lang='lat' dir='ltr'><strong>ortus</strong></span> <span class='ocrx_word' id='word_1_121' title='bbox 1287 1820 1386 1874; x_wconf 86' lang='lat' dir='ltr'><strong>est,</strong></span> <span class='ocrx_word' id='word_1_122' title='bbox 1423 1821 1479 1866; x_wconf 88' lang='lat' dir='ltr'><strong>ut</strong></span> <span class='ocrx_word' id='word_1_123' title='bbox 1509 1811 1702 1872; x_wconf 82' lang='lat' dir='ltr'><strong>iterum</strong></span> <span class='ocrx_word' id='word_1_124' title='bbox 1721 1809 1969 1864; x_wconf 85' lang='lat' dir='ltr'><strong>oriatur?</strong></span> 
     </span>
    </p>
   </div>
   <div class='ocr_carea' id='block_1_19' title="bbox 2239 625 3834 696">
    <p class='ocr_par' dir='ltr' id='par_1_19' title="bbox 2239 625 3834 696">
     <span class='ocr_line' id='line_1_19' title="bbox 2239 625 3834 696; baseline 0.004 -18"><span class='ocrx_word' id='word_1_125' title='bbox 2239 633 2384 688; x_wconf 89' lang='lat' dir='ltr'><strong>runt,</strong></span> <span class='ocrx_word' id='word_1_126' title='bbox 2419 633 2478 680; x_wconf 87' lang='lat' dir='ltr'><strong>ut</strong></span> <span class='ocrx_word' id='word_1_127' title='bbox 2506 625 2732 684; x_wconf 69' lang='lat' dir='ltr'><strong>Domino</strong></span> <span class='ocrx_word' id='word_1_128' title='bbox 2759 625 2969 684; x_wconf 88' lang='lat' dir='ltr'><strong>auctori</strong></span> <span class='ocrx_word' id='word_1_129' title='bbox 2997 641 3098 686; x_wconf 77' lang='lat' dir='ltr'><strong>suo</strong></span> <span class='ocrx_word' id='word_1_130' title='bbox 3124 627 3312 686; x_wconf 71' lang='lat' dir='ltr'><strong>inrides</strong></span> <span class='ocrx_word' id='word_1_131' title='bbox 3349 635 3410 684; x_wconf 85' lang='lat' dir='ltr'><strong>et</strong></span> <span class='ocrx_word' id='word_1_132' title='bbox 3451 627 3656 696; x_wconf 70' lang='lat' dir='ltr'><strong>gratias</strong></span> <span class='ocrx_word' id='word_1_133' title='bbox 3681 629 3834 684; x_wconf 73' lang='lat' dir='ltr'><strong>rele-</strong></span> 
     </span>
    </p>
   </div>
   <div class='ocr_carea' id='block_1_20' title="bbox 2237 717 3836 786">
    <p class='ocr_par' dir='ltr' id='par_1_20' title="bbox 2237 717 3836 786">
     <span class='ocr_line' id='line_1_20' title="bbox 2237 717 3836 786; baseline 0.004 -18"><span class='ocrx_word' id='word_1_134' title='bbox 2237 723 2392 780; x_wconf 88' lang='lat' dir='ltr'><strong>rant,</strong></span> <span class='ocrx_word' id='word_1_135' title='bbox 2420 730 2516 784; x_wconf 85' lang='lat' dir='ltr'><strong>per</strong></span> <span class='ocrx_word' id='word_1_136' title='bbox 2539 729 2696 784; x_wconf 69' lang='lat' dir='ltr'><strong>quem</strong></span> <span class='ocrx_word' id='word_1_137' title='bbox 2715 751 2730 782; x_wconf 85' lang='lat'><strong>,</strong></span> <span class='ocrx_word' id='word_1_138' title='bbox 2759 725 2817 772; x_wconf 87' lang='lat' dir='ltr'><strong>ut</strong></span> <span class='ocrx_word' id='word_1_139' title='bbox 2859 717 2984 776; x_wconf 87' lang='lat' dir='ltr'><strong>talia</strong></span> <span class='ocrx_word' id='word_1_140' title='bbox 3029 717 3304 786; x_wconf 71' lang='lat' dir='ltr'><strong>facerent,</strong></span> <span class='ocrx_word' id='word_1_141' title='bbox 3335 727 3394 776; x_wconf 84' lang='lat' dir='ltr'><strong>et</strong></span> <span class='ocrx_word' id='word_1_142' title='bbox 3435 733 3598 776; x_wconf 70' lang='lat' dir='ltr'><strong>autne</strong></span> <span class='ocrx_word' id='word_1_143' title='bbox 3621 719 3836 776; x_wconf 85' lang='lat' dir='ltr'><strong>bon</strong></span> 
     </span>
    </p>
   </div>
   <div class='ocr_carea' id='block_1_21' title="bbox 2237 805 3838 878">
    <p class='ocr_par' dir='ltr' id='par_1_21' title="bbox 2237 805 3838 878">
     <span class='ocr_line' id='line_1_21' title="bbox 2237 805 3838 878; baseline 0.006 -21"><span class='ocrx_word' id='word_1_144' title='bbox 2237 817 2392 858; x_wconf 86' lang='lat' dir='ltr'><strong>suum</strong></span> <span class='ocrx_word' id='word_1_145' title='bbox 2437 814 2779 874; x_wconf 81' lang='lat' dir='ltr'><strong>acceperunt.</strong></span> <span class='ocrx_word' id='word_1_146' title='bbox 2825 805 3052 878; x_wconf 78' lang='lat' dir='ltr'><strong>Semper</strong></span> <span class='ocrx_word' id='word_1_147' title='bbox 3093 808 3296 866; x_wconf 75' lang='lat' dir='ltr'><strong>etenim</strong></span> <span class='ocrx_word' id='word_1_148' title='bbox 3345 807 3413 862; x_wconf 83' lang='lat' dir='ltr'><strong>ad</strong></span> <span class='ocrx_word' id='word_1_149' title='bbox 3459 809 3668 868; x_wconf 65' lang='lat' dir='ltr'><strong>fama</strong></span> <span class='ocrx_word' id='word_1_150' title='bbox 3713 811 3838 866; x_wconf 77' lang='lat' dir='ltr'><strong>veri</strong></span> 
     </span>
    </p>
   </div>
   <div class='ocr_carea' id='block_1_22' title="bbox 2241 895 3834 966">
    <p class='ocr_par' dir='ltr' id='par_1_22' title="bbox 2241 895 3834 966">
     <span class='ocr_line' id='line_1_22' title="bbox 2241 895 3834 966; baseline 0.004 -18"><span class='ocrx_word' id='word_1_151' title='bbox 2241 895 2453 951; x_wconf 87' lang='lat' dir='ltr'><strong>luminis</strong></span> <span class='ocrx_word' id='word_1_152' title='bbox 2485 906 2826 954; x_wconf 84' lang='lat' dir='ltr'><strong>revertuntur</strong></span> <span class='ocrx_word' id='word_1_153' title='bbox 2855 915 2922 954; x_wconf 89' lang='lat' dir='ltr'><strong>ne</strong></span> <span class='ocrx_word' id='word_1_154' title='bbox 2945 899 3084 956; x_wconf 84' lang='lat' dir='ltr'><strong>forte</strong></span> <span class='ocrx_word' id='word_1_155' title='bbox 3103 909 3353 956; x_wconf 90' lang='lat' dir='ltr'><strong>arescant</strong></span> <span class='ocrx_word' id='word_1_156' title='bbox 3379 909 3435 957; x_wconf 89' lang='lat' dir='ltr'><strong>ct</strong></span> <span class='ocrx_word' id='word_1_157' title='bbox 3461 901 3834 966; x_wconf 78' lang='lat' dir='ltr'><strong>exsiccentur,</strong></span> 
     </span>
    </p>
   </div>
   <div class='ocr_carea' id='block_1_23' title="bbox 2239 991 3840 1062">
    <p class='ocr_par' dir='ltr' id='par_1_23' title="bbox 2239 991 3840 1062">
     <span class='ocr_line' id='line_1_23' title="bbox 2239 991 3840 1062; baseline 0.004 -21"><span class='ocrx_word' id='word_1_158' title='bbox 2239 995 2298 1041; x_wconf 92' lang='lat' dir='ltr'><strong>ut</strong></span> <span class='ocrx_word' id='word_1_159' title='bbox 2325 1003 2392 1042; x_wconf 87' lang='lat' dir='ltr'><strong>ex</strong></span> <span class='ocrx_word' id='word_1_160' title='bbox 2418 1004 2484 1044; x_wconf 90' lang='lat' dir='ltr'><strong>eo</strong></span> <span class='ocrx_word' id='word_1_161' title='bbox 2511 1006 2704 1060; x_wconf 87' lang='lat' dir='ltr'><strong>aquam</strong></span> <span class='ocrx_word' id='word_1_162' title='bbox 2754 991 2992 1046; x_wconf 73' lang='lat' dir='ltr'><strong>scientim</strong></span> <span class='ocrx_word' id='word_1_163' title='bbox 3038 1001 3094 1047; x_wconf 89' lang='lat' dir='ltr'><strong>et</strong></span> <span class='ocrx_word' id='word_1_164' title='bbox 3129 993 3358 1062; x_wconf 76' lang='lat' dir='ltr'><strong>gratiam</strong></span> <span class='ocrx_word' id='word_1_165' title='bbox 3387 997 3650 1049; x_wconf 88' lang='lat' dir='ltr'><strong>virtutum</strong></span> <span class='ocrx_word' id='word_1_166' title='bbox 3688 995 3840 1048; x_wconf 84' lang='lat' dir='ltr'><strong>acci-</strong></span> 
     </span>
    </p>
   </div>
   <div class='ocr_carea' id='block_1_24' title="bbox 2239 1079 3842 1160">
    <p class='ocr_par' dir='ltr' id='par_1_24' title="bbox 2239 1079 3842 1160">
     <span class='ocr_line' id='line_1_24' title="bbox 2239 1079 3842 1160; baseline 0.002 -24"><span class='ocrx_word' id='word_1_167' title='bbox 2239 1079 2406 1148; x_wconf 75' lang='lat' dir='ltr'><strong>phut,</strong></span> <span class='ocrx_word' id='word_1_168' title='bbox 2439 1081 2498 1138; x_wconf 84' lang='grc' dir='ltr'><strong>(η</strong></span> <span class='ocrx_word' id='word_1_169' title='bbox 2541 1081 2731 1160; x_wconf 77' lang='lat' dir='ltr'><strong>lterum</strong></span> <span class='ocrx_word' id='word_1_170' title='bbox 2779 1081 2965 1148; x_wconf 74' lang='lat' dir='ltr'><strong>ﬂuunt,</strong></span> <span class='ocrx_word' id='word_1_171' title='bbox 3015 1083 3119 1140; x_wconf 89' lang='lat' dir='ltr'><strong>hoc</strong></span> <span class='ocrx_word' id='word_1_172' title='bbox 3165 1093 3274 1153; x_wconf 90' lang='lat' dir='ltr'><strong>est,</strong></span> <span class='ocrx_word' id='word_1_173' title='bbox 3325 1095 3466 1142; x_wconf 89' lang='lat' dir='ltr'><strong>utet</strong></span> <span class='ocrx_word' id='word_1_174' title='bbox 3507 1087 3842 1156; x_wconf 84' lang='lat' dir='ltr'><strong>semetipsos</strong></span> 
     </span>
    </p>
   </div>
   <div class='ocr_carea' id='block_1_25' title="bbox 2238 1163 3838 1243">
    <p class='ocr_par' dir='ltr' id='par_1_25' title="bbox 2238 1163 3838 1243">
     <span class='ocr_line' id='line_1_25' title="bbox 2238 1163 3838 1243; baseline 0.003 -19"><span class='ocrx_word' id='word_1_175' title='bbox 2238 1163 2394 1226; x_wconf 90' lang='lat' dir='ltr'><strong>bouis</strong></span> <span class='ocrx_word' id='word_1_176' title='bbox 2425 1169 2678 1241; x_wconf 82' lang='lat' dir='ltr'><strong>operibus</strong></span> <span class='ocrx_word' id='word_1_177' title='bbox 2707 1165 2980 1243; x_wconf 82' lang='lat' dir='ltr'><strong>repleam,</strong></span> <span class='ocrx_word' id='word_1_178' title='bbox 3011 1183 3068 1228; x_wconf 88' lang='lat' dir='ltr'><strong>et</strong></span> <span class='ocrx_word' id='word_1_179' title='bbox 3093 1175 3320 1229; x_wconf 89' lang='lat' dir='ltr'><strong>aliorum</strong></span> <span class='ocrx_word' id='word_1_180' title='bbox 3349 1175 3600 1230; x_wconf 88' lang='lat' dir='ltr'><strong>cordibus</strong></span> <span class='ocrx_word' id='word_1_181' title='bbox 3631 1173 3838 1230; x_wconf 79' lang='lat' dir='ltr'><strong>ﬂuenta</strong></span> 
     </span>
    </p>
   </div>
   <div class='ocr_carea' id='block_1_26' title="bbox 2237 1261 3842 1334">
    <p class='ocr_par' dir='ltr' id='par_1_26' title="bbox 2237 1261 3842 1334">
     <span class='ocr_line' id='line_1_26' title="bbox 2237 1261 3842 1334; baseline 0.003 -20"><span class='ocrx_word' id='word_1_182' title='bbox 2237 1261 2498 1318; x_wconf 70' lang='lat' dir='ltr'><strong>doctrina:</strong></span> <span class='ocrx_word' id='word_1_183' title='bbox 2535 1263 2830 1334; x_wconf 84' lang='lat' dir='ltr'><strong>spiritualis</strong></span> <span class='ocrx_word' id='word_1_184' title='bbox 2873 1263 3172 1322; x_wconf 70' lang='lat' dir='ltr'><strong>infundant.</strong></span> <span class='ocrx_word' id='word_1_185' title='bbox 3215 1265 3413 1320; x_wconf 84' lang='lat' dir='ltr'><strong>Omnes</strong></span> <span class='ocrx_word' id='word_1_186' title='bbox 3441 1267 3604 1321; x_wconf 88' lang='lat' dir='ltr'><strong>etiam</strong></span> <span class='ocrx_word' id='word_1_187' title='bbox 3643 1267 3842 1320; x_wconf 84' lang='lat' dir='ltr'><strong>tideles</strong></span> 
     </span>
    </p>
   </div>
   <div class='ocr_carea' id='block_1_27' title="bbox 2237 1345 3836 1432">
    <p class='ocr_par' dir='ltr' id='par_1_27' title="bbox 2237 1345 3836 1432">
     <span class='ocr_line' id='line_1_27' title="bbox 2237 1345 3836 1432; baseline 0.003 -26"><span class='ocrx_word' id='word_1_188' title='bbox 2237 1349 2454 1408; x_wconf 75' lang='lat' dir='ltr'><strong>ﬂumina</strong></span> <span class='ocrx_word' id='word_1_189' title='bbox 2493 1361 2638 1424; x_wconf 77' lang='lat' dir='ltr'><strong>sunt,</strong></span> <span class='ocrx_word' id='word_1_190' title='bbox 2663 1357 2721 1410; x_wconf 64' lang='grc' dir='ltr'><strong>-δι</strong></span> <span class='ocrx_word' id='word_1_191' title='bbox 2743 1345 3107 1432; x_wconf 59' lang='lat' dir='ltr'><strong>haecﬁumiua</strong></span> <span class='ocrx_word' id='word_1_192' title='bbox 3137 1359 3202 1413; x_wconf 88' lang='lat' dir='ltr'><strong>ad</strong></span> <span class='ocrx_word' id='word_1_193' title='bbox 3233 1359 3410 1414; x_wconf 90' lang='lat' dir='ltr'><strong>locum</strong></span> <span class='ocrx_word' id='word_1_194' title='bbox 3433 1359 3573 1414; x_wconf 90' lang='lat' dir='ltr'><strong>unde</strong></span> <span class='ocrx_word' id='word_1_195' title='bbox 3601 1367 3836 1424; x_wconf 75' lang='lat' dir='ltr'><strong>exeunt,</strong></span> 
     </span>
    </p>
   </div>
   <div class='ocr_carea' id='block_1_28' title="bbox 2238 1447 3836 1518">
    <p class='ocr_par' dir='ltr' id='par_1_28' title="bbox 2238 1447 3836 1518">
     <span class='ocr_line' id='line_1_28' title="bbox 2238 1447 3836 1518; baseline 0.001 -20"><span class='ocrx_word' id='word_1_196' title='bbox 2238 1453 2602 1514; x_wconf 84' lang='lat' dir='ltr'><strong>revertuntur,</strong></span> <span class='ocrx_word' id='word_1_197' title='bbox 2616 1447 2868 1516; x_wconf 87' lang='lat' dir='ltr'><strong>quoniam</strong></span> <span class='ocrx_word' id='word_1_198' title='bbox 2891 1463 2988 1518; x_wconf 92' lang='lat' dir='ltr'><strong>per</strong></span> <span class='ocrx_word' id='word_1_199' title='bbox 3007 1455 3189 1504; x_wconf 85' lang='lat' dir='ltr'><strong>sancta</strong></span> <span class='ocrx_word' id='word_1_200' title='bbox 3211 1447 3476 1504; x_wconf 87' lang='lat' dir='ltr'><strong>desideria</strong></span> <span class='ocrx_word' id='word_1_201' title='bbox 3497 1448 3564 1502; x_wconf 88' lang='lat' dir='ltr'><strong>ad</strong></span> <span class='ocrx_word' id='word_1_202' title='bbox 3585 1463 3836 1504; x_wconf 86' lang='lat' dir='ltr'><strong>amorem</strong></span> 
     </span>
    </p>
   </div>
   <div class='ocr_carea' id='block_1_29' title="bbox 2239 1525 3836 1604">
    <p class='ocr_par' dir='ltr' id='par_1_29' title="bbox 2239 1525 3836 1604">
     <span class='ocr_line' id='line_1_29' title="bbox 2239 1525 3836 1604; baseline 0.001 -14"><span class='ocrx_word' id='word_1_203' title='bbox 2239 1537 2320 1590; x_wconf 77' lang='lat' dir='ltr'><strong>sui</strong></span> <span class='ocrx_word' id='word_1_204' title='bbox 2347 1525 2658 1592; x_wconf 67' lang='lat' dir='ltr'><strong>Conditoris</strong></span> <span class='ocrx_word' id='word_1_205' title='bbox 2697 1539 2950 1604; x_wconf 80' lang='lat' dir='ltr'><strong>redeunt,</strong></span> <span class='ocrx_word' id='word_1_206' title='bbox 2995 1548 3050 1595; x_wconf 91' lang='lat' dir='ltr'><strong>et</strong></span> <span class='ocrx_word' id='word_1_207' title='bbox 3077 1539 3146 1596; x_wconf 88' lang='lat' dir='ltr'><strong>de</strong></span> <span class='ocrx_word' id='word_1_208' title='bbox 3187 1541 3436 1596; x_wconf 89' lang='lat' dir='ltr'><strong>omnibus</strong></span> <span class='ocrx_word' id='word_1_209' title='bbox 3461 1541 3616 1595; x_wconf 84' lang='lat' dir='ltr'><strong>bonis</strong></span> <span class='ocrx_word' id='word_1_210' title='bbox 3644 1539 3836 1594; x_wconf 82' lang='lat' dir='ltr'><strong>laudes</strong></span> 
     </span>
    </p>
   </div>
   <div class='ocr_carea' id='block_1_30' title="bbox 2235 1630 3564 1702">
    <p class='ocr_par' dir='ltr' id='par_1_30' title="bbox 2235 1630 3564 1702">
     <span class='ocr_line' id='line_1_30' title="bbox 2235 1630 3564 1702; baseline 0.001 -18"><span class='ocrx_word' id='word_1_211' title='bbox 2235 1637 2293 1684; x_wconf 82' lang='lat' dir='ltr'><strong>et</strong></span> <span class='ocrx_word' id='word_1_212' title='bbox 2315 1630 2512 1698; x_wconf 73' lang='lat' dir='ltr'><strong>gratias</strong></span> <span class='ocrx_word' id='word_1_213' title='bbox 2535 1630 2608 1684; x_wconf 89' lang='lat' dir='ltr'><strong>illi</strong></span> <span class='ocrx_word' id='word_1_214' title='bbox 2636 1631 2874 1686; x_wconf 81' lang='lat' dir='ltr'><strong>referunt</strong></span> <span class='ocrx_word' id='word_1_215' title='bbox 2899 1647 2930 1685; x_wconf 87' lang='lat' dir='ltr'><strong>a</strong></span> <span class='ocrx_word' id='word_1_216' title='bbox 2959 1647 3066 1701; x_wconf 90' lang='lat' dir='ltr'><strong>quo</strong></span> <span class='ocrx_word' id='word_1_217' title='bbox 3095 1647 3159 1687; x_wconf 89' lang='lat' dir='ltr'><strong>ea</strong></span> <span class='ocrx_word' id='word_1_218' title='bbox 3189 1641 3564 1702; x_wconf 88' lang='lat' dir='ltr'><strong>perceperunt.</strong></span> 
     </span>
    </p>
   </div>
   <div class='ocr_carea' id='block_1_31' title="bbox 2313 1721 3830 1802">
    <p class='ocr_par' dir='ltr' id='par_1_31' title="bbox 2313 1721 3830 1802">
     <span class='ocr_line' id='line_1_31' title="bbox 2313 1721 3830 1802; baseline 0.002 -27"><span class='ocrx_word' id='word_1_219' title='bbox 2313 1721 2584 1778; x_wconf 73' lang='lat' dir='ltr'><strong>VERANUS.</strong></span> <span class='ocrx_word' id='word_1_220' title='bbox 2617 1723 2795 1788; x_wconf 81' lang='lat' dir='ltr'><strong>Quare</strong></span> <span class='ocrx_word' id='word_1_221' title='bbox 2823 1723 2966 1778; x_wconf 66' lang='lat' dir='ltr'><strong>aut:</strong></span> <span class='ocrx_word' id='word_1_222' title='bbox 2993 1724 3244 1779; x_wconf 62' lang='grc' dir='ltr'><strong>δάκω</strong></span> <span class='ocrx_word' id='word_1_223' title='bbox 3267 1731 3358 1778; x_wconf 70' lang='lat' dir='ltr'><strong>ar</strong></span> <span class='ocrx_word' id='word_1_224' title='bbox 3386 1733 3554 1788; x_wconf 78' lang='lat' dir='ltr'><strong>suum,</strong></span> <span class='ocrx_word' id='word_1_225' title='bbox 3587 1725 3696 1802; x_wconf 74' lang='lat' dir='ltr'><strong>hoc</strong></span> <span class='ocrx_word' id='word_1_226' title='bbox 3720 1733 3830 1792; x_wconf 87' lang='lat' dir='ltr'><strong>est,</strong></span> 
     </span>
    </p>
   </div>
   <div class='ocr_carea' id='block_1_32' title="bbox 2238 1815 3830 1888">
    <p class='ocr_par' dir='ltr' id='par_1_32' title="bbox 2238 1815 3830 1888">
     <span class='ocr_line' id='line_1_32' title="bbox 2238 1815 3830 1888; baseline -0.001 -19"><span class='ocrx_word' id='word_1_227' title='bbox 2238 1815 2468 1870; x_wconf 90' lang='lat' dir='ltr'><strong>sollicito</strong></span> <span class='ocrx_word' id='word_1_228' title='bbox 2499 1815 2666 1870; x_wconf 90' lang='lat' dir='ltr'><strong>corde</strong></span> <span class='ocrx_word' id='word_1_229' title='bbox 2691 1815 2914 1882; x_wconf 69' lang='lat' dir='ltr'><strong>studuit,</strong></span> <span class='ocrx_word' id='word_1_230' title='bbox 2945 1817 3078 1870; x_wconf 70' lang='lat' dir='ltr'><strong>scire</strong></span> <span class='ocrx_word' id='word_1_231' title='bbox 3105 1816 3432 1887; x_wconf 67' lang='lat' dir='ltr'><strong>prudentiam</strong></span> <span class='ocrx_word' id='word_1_232' title='bbox 3451 1827 3604 1888; x_wconf 76' lang='lat' dir='ltr'><strong>atque</strong></span> <span class='ocrx_word' id='word_1_233' title='bbox 3629 1817 3830 1870; x_wconf 82' lang='lat' dir='ltr'><strong>doctri-</strong></span> 
     </span>
    </p>
   </div>
   <div class='ocr_carea' id='block_1_33' title="bbox 630 1885 3827 1978">
    <p class='ocr_par' dir='ltr' id='par_1_33' title="bbox 630 1885 3827 1978">
     <span class='ocr_line' id='line_1_33' title="bbox 630 1885 3827 1978; baseline -0.001 -14"><span class='ocrx_word' id='word_1_234' title='bbox 630 1909 910 1964; x_wconf 68' lang='lat' dir='ltr'><strong>Saronws.</strong></span> <span class='ocrx_word' id='word_1_235' title='bbox 949 1906 1064 1960; x_wconf 89' lang='lat' dir='ltr'><strong>lloc</strong></span> <span class='ocrx_word' id='word_1_236' title='bbox 1093 1904 1214 1958; x_wconf 88' lang='lat' dir='ltr'><strong>ideo</strong></span> <span class='ocrx_word' id='word_1_237' title='bbox 1240 1885 1493 1958; x_wconf 83' lang='lat' dir='ltr'><strong>Salomon</strong></span> <span class='ocrx_word' id='word_1_238' title='bbox 1523 1889 1681 1967; x_wconf 84' lang='lat' dir='ltr'><strong>dicit,</strong></span> <span class='ocrx_word' id='word_1_239' title='bbox 1721 1909 1778 1954; x_wconf 81' lang='lat' dir='ltr'><strong>ut</strong></span> <span class='ocrx_word' id='word_1_240' title='bbox 1804 1897 2132 1962; x_wconf 76' lang='lat' dir='ltr'><strong>ostenderet,</strong></span> <span class='ocrx_word' id='word_1_241' title='bbox 2163 1909 2212 1970; x_wconf 85' lang='grc' dir='ltr'><strong>Β</strong></span> <span class='ocrx_word' id='word_1_242' title='bbox 2239 1922 2380 1972; x_wconf 87' lang='lat' dir='ltr'><strong>nam,</strong></span> <span class='ocrx_word' id='word_1_243' title='bbox 2406 1922 2704 1976; x_wconf 68' lang='lat' dir='ltr'><strong>erroresque</strong></span> <span class='ocrx_word' id='word_1_244' title='bbox 2723 1915 2772 1960; x_wconf 87' lang='lat' dir='ltr'><strong>et</strong></span> <span class='ocrx_word' id='word_1_245' title='bbox 2793 1908 3066 1964; x_wconf 74' lang='lat' dir='ltr'><strong>stultitiam</strong></span> <span class='ocrx_word' id='word_1_246' title='bbox 3083 1885 3278 1976; x_wconf 78' lang='lat' dir='ltr'><strong>(Eccle.</strong></span> <span class='ocrx_word' id='word_1_247' title='bbox 3299 1907 3374 1976; x_wconf 84' lang='lat' dir='ltr'><strong>t)?</strong></span> <span class='ocrx_word' id='word_1_248' title='bbox 3399 1885 3608 1962; x_wconf 82' lang='lat' dir='ltr'><strong>Bonum</strong></span> <span class='ocrx_word' id='word_1_249' title='bbox 3625 1907 3827 1978; x_wconf 73' lang='lat' dir='ltr'><strong>quippe</strong></span> 
     </span>
    </p>
   </div>
   <div class='ocr_carea' id='block_1_34' title="bbox 561 1989 2130 2074">
    <p class='ocr_par' dir='ltr' id='par_1_34' title="bbox 561 1989 2130 2074">
     <span class='ocr_line' id='line_1_34' title="bbox 561 1989 2130 2074; baseline -0.01 -17"><span class='ocrx_word' id='word_1_250' title='bbox 561 2001 684 2070; x_wconf 89' lang='lat' dir='ltr'><strong>quia</strong></span> <span class='ocrx_word' id='word_1_251' title='bbox 713 1999 794 2055; x_wconf 91' lang='lat' dir='ltr'><strong>sol</strong></span> <span class='ocrx_word' id='word_1_252' title='bbox 825 1999 937 2074; x_wconf 88' lang='lat' dir='ltr'><strong>ipse</strong></span> <span class='ocrx_word' id='word_1_253' title='bbox 965 1997 1054 2066; x_wconf 88' lang='lat' dir='ltr'><strong>qui</strong></span> <span class='ocrx_word' id='word_1_254' title='bbox 1079 1994 1384 2052; x_wconf 88' lang='lat' dir='ltr'><strong>hominibus</strong></span> <span class='ocrx_word' id='word_1_255' title='bbox 1421 1993 1473 2048; x_wconf 87' lang='lat' dir='ltr'><strong>in</strong></span> <span class='ocrx_word' id='word_1_256' title='bbox 1507 1993 1680 2052; x_wconf 81' lang='lat' dir='ltr'><strong>lucem</strong></span> <span class='ocrx_word' id='word_1_257' title='bbox 1709 1990 1814 2048; x_wconf 84' lang='lat' dir='ltr'><strong>diei</strong></span> <span class='ocrx_word' id='word_1_258' title='bbox 1843 1989 1998 2044; x_wconf 78' lang='lat' dir='ltr'><strong>datus</strong></span> <span class='ocrx_word' id='word_1_259' title='bbox 2025 1996 2130 2074; x_wconf 81' lang='lat' dir='ltr'><strong>est,</strong></span> 
     </span>
    </p>
   </div>
   <div class='ocr_carea' id='block_1_35' title="bbox 560 2069 2134 2150">
    <p class='ocr_par' dir='ltr' id='par_1_35' title="bbox 560 2069 2134 2150">
     <span class='ocr_line' id='line_1_35' title="bbox 560 2069 2134 2150; baseline -0.007 -5"><span class='ocrx_word' id='word_1_260' title='bbox 560 2069 654 2146; x_wconf 78' lang='lat' dir='ltr'><strong>sua</strong></span> <span class='ocrx_word' id='word_1_261' title='bbox 684 2071 1068 2150; x_wconf 72' lang='lat' dir='ltr'><strong>intutabihtate,</strong></span> <span class='ocrx_word' id='word_1_262' title='bbox 1097 2085 1150 2140; x_wconf 89' lang='lat' dir='ltr'><strong>id</strong></span> <span class='ocrx_word' id='word_1_263' title='bbox 1175 2093 1258 2140; x_wconf 84' lang='lat' dir='ltr'><strong>est</strong></span> <span class='ocrx_word' id='word_1_264' title='bbox 1281 2093 1402 2144; x_wconf 86' lang='lat' dir='ltr'><strong>ortu</strong></span> <span class='ocrx_word' id='word_1_265' title='bbox 1426 2099 1525 2140; x_wconf 89' lang='lat' dir='ltr'><strong>suo</strong></span> <span class='ocrx_word' id='word_1_266' title='bbox 1553 2091 1610 2136; x_wconf 87' lang='lat' dir='ltr'><strong>et</strong></span> <span class='ocrx_word' id='word_1_267' title='bbox 1635 2097 1830 2140; x_wconf 69' lang='lat' dir='ltr'><strong>omaso</strong></span> <span class='ocrx_word' id='word_1_268' title='bbox 1851 2121 1866 2150; x_wconf 84' lang='lat'><strong>,</strong></span> <span class='ocrx_word' id='word_1_269' title='bbox 1893 2069 2134 2150; x_wconf 82' lang='lat' dir='ltr'><strong>quotidie</strong></span> 
     </span>
    </p>
   </div>
   <div class='ocr_carea' id='block_1_36' title="bbox 559 2171 2134 2252">
    <p class='ocr_par' dir='ltr' id='par_1_36' title="bbox 559 2171 2134 2252">
     <span class='ocr_line' id='line_1_36' title="bbox 559 2171 2134 2252; baseline -0.008 -16"><span class='ocrx_word' id='word_1_270' title='bbox 559 2182 715 2252; x_wconf 92' lang='lat' dir='ltr'><strong>hujus</strong></span> <span class='ocrx_word' id='word_1_271' title='bbox 738 2181 917 2236; x_wconf 64' lang='lat' dir='ltr'><strong>saeculi</strong></span> <span class='ocrx_word' id='word_1_272' title='bbox 947 2185 1273 2238; x_wconf 81' lang='lat' dir='ltr'><strong>monstraret</strong></span> <span class='ocrx_word' id='word_1_273' title='bbox 1299 2175 1592 2230; x_wconf 86' lang='lat' dir='ltr'><strong>interitum.</strong></span> <span class='ocrx_word' id='word_1_274' title='bbox 1647 2171 1750 2228; x_wconf 87' lang='lat' dir='ltr'><strong>Per</strong></span> <span class='ocrx_word' id='word_1_275' title='bbox 1777 2173 1875 2226; x_wconf 85' lang='lat' dir='ltr'><strong>has</strong></span> <span class='ocrx_word' id='word_1_276' title='bbox 1901 2183 2134 2238; x_wconf 76' lang='lat' dir='ltr'><strong>namque</strong></span> 
     </span>
    </p>
   </div>
   <div class='ocr_carea' id='block_1_37' title="bbox 559 2262 2132 2348">
    <p class='ocr_par' dir='ltr' id='par_1_37' title="bbox 559 2262 2132 2348">
     <span class='ocr_line' id='line_1_37' title="bbox 559 2262 2132 2348; baseline -0.008 -20"><span class='ocrx_word' id='word_1_277' title='bbox 559 2273 882 2328; x_wconf 87' lang='lat' dir='ltr'><strong>mutationes</strong></span> <span class='ocrx_word' id='word_1_278' title='bbox 903 2279 1224 2348; x_wconf 83' lang='lat' dir='ltr'><strong>temporum,</strong></span> <span class='ocrx_word' id='word_1_279' title='bbox 1251 2276 1305 2324; x_wconf 90' lang='lat' dir='ltr'><strong>et</strong></span> <span class='ocrx_word' id='word_1_280' title='bbox 1325 2283 1422 2338; x_wconf 86' lang='lat' dir='ltr'><strong>per</strong></span> <span class='ocrx_word' id='word_1_281' title='bbox 1447 2274 1622 2320; x_wconf 85' lang='lat' dir='ltr'><strong>ortum</strong></span> <span class='ocrx_word' id='word_1_282' title='bbox 1643 2262 1880 2322; x_wconf 76' lang='lat' dir='ltr'><strong>siderum</strong></span> <span class='ocrx_word' id='word_1_283' title='bbox 1901 2273 1956 2316; x_wconf 84' lang='lat' dir='ltr'><strong>et</strong></span> <span class='ocrx_word' id='word_1_284' title='bbox 1975 2277 2132 2318; x_wconf 86' lang='lat' dir='ltr'><strong>occa-</strong></span> 
     </span>
    </p>
   </div>
   <div class='ocr_carea' id='block_1_38' title="bbox 555 2351 2134 2428">
    <p class='ocr_par' dir='ltr' id='par_1_38' title="bbox 555 2351 2134 2428">
     <span class='ocr_line' id='line_1_38' title="bbox 555 2351 2134 2428; baseline -0.009 -8"><span class='ocrx_word' id='word_1_285' title='bbox 555 2380 702 2428; x_wconf 86' lang='lat' dir='ltr'><strong>sum,</strong></span> <span class='ocrx_word' id='word_1_286' title='bbox 759 2361 919 2416; x_wconf 87' lang='lat' dir='ltr'><strong>docet</strong></span> <span class='ocrx_word' id='word_1_287' title='bbox 946 2361 1236 2426; x_wconf 78' lang='lat' dir='ltr'><strong>Salomon,</strong></span> <span class='ocrx_word' id='word_1_288' title='bbox 1283 2357 1428 2428; x_wconf 77' lang='lat' dir='ltr'><strong>quod</strong></span> <span class='ocrx_word' id='word_1_289' title='bbox 1463 2357 1698 2416; x_wconf 71' lang='lat' dir='ltr'><strong>humana</strong></span> <span class='ocrx_word' id='word_1_290' title='bbox 1729 2363 1860 2416; x_wconf 71' lang='lat' dir='ltr'><strong>mtas</strong></span> <span class='ocrx_word' id='word_1_291' title='bbox 1888 2351 2134 2424; x_wconf 84' lang='lat' dir='ltr'><strong>quotidie</strong></span> 
     </span>
    </p>
   </div>
   <div class='ocr_carea' id='block_1_39' title="bbox 557 2455 1049 2512">
    <p class='ocr_par' dir='ltr' id='par_1_39' title="bbox 557 2455 1049 2512">
     <span class='ocr_line' id='line_1_39' title="bbox 557 2455 1049 2512; baseline -0.012 -1"><span class='ocrx_word' id='word_1_292' title='bbox 557 2457 728 2512; x_wconf 87' lang='lat' dir='ltr'><strong>oritur</strong></span> <span class='ocrx_word' id='word_1_293' title='bbox 757 2465 810 2510; x_wconf 91' lang='lat' dir='ltr'><strong>et</strong></span> <span class='ocrx_word' id='word_1_294' title='bbox 835 2455 1049 2512; x_wconf 85' lang='lat' dir='ltr'><strong>occidit.</strong></span> 
     </span>
    </p>
   </div>
   <div class='ocr_carea' id='block_1_40' title="bbox 627 2529 2133 2611">
    <p class='ocr_par' dir='ltr' id='par_1_40' title="bbox 627 2529 2133 2611">
     <span class='ocr_line' id='line_1_40' title="bbox 627 2529 2133 2611; baseline -0.006 -9"><span class='ocrx_word' id='word_1_295' title='bbox 627 2550 897 2602; x_wconf 62' lang='lat' dir='ltr'><strong>V’snsaes.</strong></span> <span class='ocrx_word' id='word_1_296' title='bbox 927 2529 1070 2611; x_wconf 82' lang='lat' dir='ltr'><strong>Quid</strong></span> <span class='ocrx_word' id='word_1_297' title='bbox 1096 2544 1178 2599; x_wconf 90' lang='lat' dir='ltr'><strong>sol</strong></span> <span class='ocrx_word' id='word_1_298' title='bbox 1211 2545 1262 2596; x_wconf 90' lang='lat' dir='ltr'><strong>in</strong></span> <span class='ocrx_word' id='word_1_299' title='bbox 1293 2543 1400 2597; x_wconf 88' lang='lat' dir='ltr'><strong>hoc</strong></span> <span class='ocrx_word' id='word_1_300' title='bbox 1429 2542 1546 2596; x_wconf 92' lang='lat' dir='ltr'><strong>loco</strong></span> <span class='ocrx_word' id='word_1_301' title='bbox 1585 2539 1932 2609; x_wconf 88' lang='lat' dir='ltr'><strong>spiritualiter</strong></span> <span class='ocrx_word' id='word_1_302' title='bbox 1967 2537 2133 2604; x_wconf 74' lang='lat' dir='ltr'><strong>signi-</strong></span> 
     </span>
    </p>
   </div>
   <div class='ocr_carea' id='block_1_41' title="bbox 557 2639 725 2696">
    <p class='ocr_par' dir='ltr' id='par_1_41' title="bbox 557 2639 725 2696">
     <span class='ocr_line' id='line_1_41' title="bbox 557 2639 725 2696; baseline -0.006 -4"><span class='ocrx_word' id='word_1_303' title='bbox 557 2639 680 2696; x_wconf 81' lang='lat' dir='ltr'><strong>ﬁcat</strong></span> <span class='ocrx_word' id='word_1_304' title='bbox 703 2640 725 2692; x_wconf 76' lang='lat' dir='ltr'><strong>‘t</strong></span> 
     </span>
    </p>
   </div>
   <div class='ocr_carea' id='block_1_42' title="bbox 625 2719 2134 2786">
    <p class='ocr_par' dir='ltr' id='par_1_42' title="bbox 625 2719 2134 2786">
     <span class='ocr_line' id='line_1_42' title="bbox 625 2719 2134 2786; baseline -0.007 -1"><span class='ocrx_word' id='word_1_305' title='bbox 625 2729 904 2784; x_wconf 63' lang='lat' dir='ltr'><strong>Suosws.</strong></span> <span class='ocrx_word' id='word_1_306' title='bbox 949 2727 1101 2782; x_wconf 86' lang='lat' dir='ltr'><strong>Illum</strong></span> <span class='ocrx_word' id='word_1_307' title='bbox 1127 2739 1314 2782; x_wconf 88' lang='lat' dir='ltr'><strong>verum</strong></span> <span class='ocrx_word' id='word_1_308' title='bbox 1343 2723 1548 2786; x_wconf 87' lang='lat' dir='ltr'><strong>solem,</strong></span> <span class='ocrx_word' id='word_1_309' title='bbox 1575 2721 1858 2782; x_wconf 87' lang='lat' dir='ltr'><strong>Dominum</strong></span> <span class='ocrx_word' id='word_1_310' title='bbox 1887 2719 2134 2776; x_wconf 74' lang='lat' dir='ltr'><strong>videlicet</strong></span> 
     </span>
    </p>
   </div>
   <div class='ocr_carea' id='block_1_43' title="bbox 553 2810 2133 2885">
    <p class='ocr_par' dir='ltr' id='par_1_43' title="bbox 553 2810 2133 2885">
     <span class='ocr_line' id='line_1_43' title="bbox 553 2810 2133 2885; baseline -0.008 -9"><span class='ocrx_word' id='word_1_311' title='bbox 553 2821 736 2876; x_wconf 80' lang='lat' dir='ltr'><strong>Jesum</strong></span> <span class='ocrx_word' id='word_1_312' title='bbox 765 2819 1034 2876; x_wconf 76' lang='lat' dir='ltr'><strong>Christum</strong></span> <span class='ocrx_word' id='word_1_313' title='bbox 1053 2859 1068 2884; x_wconf 94' lang='lat'><strong>,</strong></span> <span class='ocrx_word' id='word_1_314' title='bbox 1119 2815 1210 2885; x_wconf 89' lang='lat' dir='ltr'><strong>qui</strong></span> <span class='ocrx_word' id='word_1_315' title='bbox 1251 2821 1337 2870; x_wconf 90' lang='lat' dir='ltr'><strong>est</strong></span> <span class='ocrx_word' id='word_1_316' title='bbox 1369 2814 1452 2868; x_wconf 87' lang='lat' dir='ltr'><strong>sol</strong></span> <span class='ocrx_word' id='word_1_317' title='bbox 1475 2813 1728 2882; x_wconf 69' lang='lat' dir='ltr'><strong>justitiaa,</strong></span> <span class='ocrx_word' id='word_1_318' title='bbox 1779 2811 1846 2866; x_wconf 87' lang='lat' dir='ltr'><strong>de</strong></span> <span class='ocrx_word' id='word_1_319' title='bbox 1873 2826 1982 2882; x_wconf 81' lang='lat' dir='ltr'><strong>quo</strong></span> <span class='ocrx_word' id='word_1_320' title='bbox 2004 2810 2133 2868; x_wconf 80' lang='lat' dir='ltr'><strong>dicit</strong></span> 
     </span>
    </p>
   </div>
   <div class='ocr_carea' id='block_1_44' title="bbox 552 2899 2132 2982">
    <p class='ocr_par' dir='ltr' id='par_1_44' title="bbox 552 2899 2132 2982">
     <span class='ocr_line' id='line_1_44' title="bbox 552 2899 2132 2982; baseline -0.007 -15"><span class='ocrx_word' id='word_1_321' title='bbox 552 2913 848 2982; x_wconf 86' lang='lat' dir='ltr'><strong>propheta:</strong></span> <span class='ocrx_word' id='word_1_322' title='bbox 891 2899 1044 2966; x_wconf 78' lang='lat' dir='ltr'><strong>Vobis</strong></span> <span class='ocrx_word' id='word_1_323' title='bbox 1083 2908 1167 2980; x_wconf 84' lang='lat' dir='ltr'><strong>qui</strong></span> <span class='ocrx_word' id='word_1_324' title='bbox 1217 2905 1404 2960; x_wconf 84' lang='lat' dir='ltr'><strong>timetis</strong></span> <span class='ocrx_word' id='word_1_325' title='bbox 1431 2903 1626 2963; x_wconf 84' lang='lat' dir='ltr'><strong>Deum.</strong></span> <span class='ocrx_word' id='word_1_326' title='bbox 1671 2904 1862 2962; x_wconf 79' lang='lat' dir='ltr'><strong>orietur</strong></span> <span class='ocrx_word' id='word_1_327' title='bbox 1881 2901 2132 2972; x_wconf 79' lang='lat' dir='ltr'><strong>salju&#39;sti-</strong></span> 
     </span>
    </p>
   </div>
   <div class='ocr_carea' id='block_1_45' title="bbox 553 2996 2130 3074">
    <p class='ocr_par' dir='ltr' id='par_1_45' title="bbox 553 2996 2130 3074">
     <span class='ocr_line' id='line_1_45' title="bbox 553 2996 2130 3074; baseline -0.006 -17"><span class='ocrx_word' id='word_1_328' title='bbox 553 3004 636 3058; x_wconf 78' lang='lat' dir='ltr'><strong>tia:</strong></span> <span class='ocrx_word' id='word_1_329' title='bbox 659 3001 811 3074; x_wconf 82' lang='lat' dir='ltr'><strong>(Mal.</strong></span> <span class='ocrx_word' id='word_1_330' title='bbox 837 3001 930 3071; x_wconf 83' lang='lat' dir='ltr'><strong>tv).</strong></span> <span class='ocrx_word' id='word_1_331' title='bbox 977 2999 1080 3053; x_wconf 85' lang='lat' dir='ltr'><strong>lste</strong></span> <span class='ocrx_word' id='word_1_332' title='bbox 1103 2998 1184 3054; x_wconf 91' lang='lat' dir='ltr'><strong>sol</strong></span> <span class='ocrx_word' id='word_1_333' title='bbox 1208 2996 1432 3066; x_wconf 72' lang='lat' dir='ltr'><strong>iustitiae</strong></span> <span class='ocrx_word' id='word_1_334' title='bbox 1459 2996 1702 3066; x_wconf 83' lang='lat' dir='ltr'><strong>quotidie</strong></span> <span class='ocrx_word' id='word_1_335' title='bbox 1737 2996 1908 3050; x_wconf 90' lang='lat' dir='ltr'><strong>oritur</strong></span> <span class='ocrx_word' id='word_1_336' title='bbox 1938 2996 2130 3050; x_wconf 86' lang='lat' dir='ltr'><strong>timen-</strong></span> 
     </span>
    </p>
   </div>
   <div class='ocr_carea' id='block_1_46' title="bbox 553 3083 2130 3166">
    <p class='ocr_par' dir='ltr' id='par_1_46' title="bbox 553 3083 2130 3166">
     <span class='ocr_line' id='line_1_46' title="bbox 553 3083 2130 3166; baseline -0.006 -19"><span class='ocrx_word' id='word_1_337' title='bbox 553 3094 692 3147; x_wconf 85' lang='lat' dir='ltr'><strong>tibus</strong></span> <span class='ocrx_word' id='word_1_338' title='bbox 712 3106 791 3156; x_wconf 88' lang='lat' dir='ltr'><strong>se,</strong></span> <span class='ocrx_word' id='word_1_339' title='bbox 825 3089 878 3144; x_wconf 93' lang='lat' dir='ltr'><strong>id</strong></span> <span class='ocrx_word' id='word_1_340' title='bbox 898 3100 982 3144; x_wconf 88' lang='lat' dir='ltr'><strong>est</strong></span> <span class='ocrx_word' id='word_1_341' title='bbox 1012 3087 1256 3142; x_wconf 86' lang='lat' dir='ltr'><strong>lidelibus</strong></span> <span class='ocrx_word' id='word_1_342' title='bbox 1285 3085 1412 3151; x_wconf 86' lang='lat' dir='ltr'><strong>suis,</strong></span> <span class='ocrx_word' id='word_1_343' title='bbox 1445 3087 1645 3144; x_wconf 84' lang='lat' dir='ltr'><strong>sanctis</strong></span> <span class='ocrx_word' id='word_1_344' title='bbox 1674 3085 1922 3166; x_wconf 84' lang='lat' dir='ltr'><strong>videlicet</strong></span> <span class='ocrx_word' id='word_1_345' title='bbox 1953 3091 2007 3138; x_wconf 92' lang='lat' dir='ltr'><strong>et</strong></span> <span class='ocrx_word' id='word_1_346' title='bbox 2028 3083 2130 3152; x_wconf 81' lang='lat' dir='ltr'><strong>piis</strong></span> 
     </span>
    </p>
   </div>
   <div class='ocr_carea' id='block_1_47' title="bbox 552 3175 2123 3248">
    <p class='ocr_par' dir='ltr' id='par_1_47' title="bbox 552 3175 2123 3248">
     <span class='ocr_line' id='line_1_47' title="bbox 552 3175 2123 3248; baseline -0.007 -9"><span class='ocrx_word' id='word_1_347' title='bbox 552 3183 872 3240; x_wconf 82' lang='lat' dir='ltr'><strong>horninibus.</strong></span> <span class='ocrx_word' id='word_1_348' title='bbox 915 3181 1118 3236; x_wconf 88' lang='lat' dir='ltr'><strong>Occidit</strong></span> <span class='ocrx_word' id='word_1_349' title='bbox 1143 3183 1304 3236; x_wconf 87' lang='lat' dir='ltr'><strong>etiam</strong></span> <span class='ocrx_word' id='word_1_350' title='bbox 1335 3180 1558 3242; x_wconf 85' lang='lat' dir='ltr'><strong>meridie</strong></span> <span class='ocrx_word' id='word_1_351' title='bbox 1577 3219 1592 3242; x_wconf 93' lang='lat'><strong>,</strong></span> <span class='ocrx_word' id='word_1_352' title='bbox 1619 3175 2123 3248; x_wconf 85' lang='lat' dir='ltr'><strong>pseudoprophetis,</strong></span> 
     </span>
    </p>
   </div>
   <div class='ocr_carea' id='block_1_48' title="bbox 2235 1991 3826 2068">
    <p class='ocr_par' dir='ltr' id='par_1_48' title="bbox 2235 1991 3826 2068">
     <span class='ocr_line' id='line_1_48' title="bbox 2235 1991 3826 2068; baseline 0 -16"><span class='ocrx_word' id='word_1_353' title='bbox 2235 2005 2320 2052; x_wconf 89' lang='lat' dir='ltr'><strong>est</strong></span> <span class='ocrx_word' id='word_1_354' title='bbox 2349 1997 2488 2054; x_wconf 80' lang='lat' dir='ltr'><strong>seire</strong></span> <span class='ocrx_word' id='word_1_355' title='bbox 2527 1997 2866 2067; x_wconf 87' lang='lat' dir='ltr'><strong>prudentiam</strong></span> <span class='ocrx_word' id='word_1_356' title='bbox 2911 1991 3078 2066; x_wconf 75' lang='lat' dir='ltr'><strong>atque</strong></span> <span class='ocrx_word' id='word_1_357' title='bbox 3117 1997 3450 2066; x_wconf 85' lang='lat' dir='ltr'><strong>doctrinam,</strong></span> <span class='ocrx_word' id='word_1_358' title='bbox 3479 1997 3612 2068; x_wconf 89' lang='lat' dir='ltr'><strong>quid</strong></span> <span class='ocrx_word' id='word_1_359' title='bbox 3640 2005 3826 2052; x_wconf 67' lang='lat' dir='ltr'><strong>autem</strong></span> 
     </span>
    </p>
   </div>
   <div class='ocr_carea' id='block_1_49' title="bbox 2233 2089 3448 2158">
    <p class='ocr_par' dir='ltr' id='par_1_49' title="bbox 2233 2089 3448 2158">
     <span class='ocr_line' id='line_1_49' title="bbox 2233 2089 3448 2158; baseline 0.001 -15"><span class='ocrx_word' id='word_1_360' title='bbox 2233 2089 2361 2143; x_wconf 90' lang='lat' dir='ltr'><strong>boui</strong></span> <span class='ocrx_word' id='word_1_361' title='bbox 2391 2096 2472 2144; x_wconf 85' lang='lat' dir='ltr'><strong>est</strong></span> <span class='ocrx_word' id='word_1_362' title='bbox 2500 2089 2640 2144; x_wconf 84' lang='lat' dir='ltr'><strong>scire</strong></span> <span class='ocrx_word' id='word_1_363' title='bbox 2667 2103 2880 2144; x_wconf 84' lang='lat' dir='ltr'><strong>errores</strong></span> <span class='ocrx_word' id='word_1_364' title='bbox 2907 2098 3069 2158; x_wconf 82' lang='lat' dir='ltr'><strong>atque</strong></span> <span class='ocrx_word' id='word_1_365' title='bbox 3097 2089 3414 2146; x_wconf 83' lang='lat' dir='ltr'><strong>stultitiam?</strong></span> <span class='ocrx_word' id='word_1_366' title='bbox 3445 2115 3448 2120; x_wconf 93' lang='lat'><strong><em>-</em></strong></span> 
     </span>
    </p>
   </div>
   <div class='ocr_carea' id='block_1_50' title="bbox 2309 2169 3832 2252">
    <p class='ocr_par' dir='ltr' id='par_1_50' title="bbox 2309 2169 3832 2252">
     <span class='ocr_line' id='line_1_50' title="bbox 2309 2169 3832 2252; baseline 0.003 -18"><span class='ocrx_word' id='word_1_367' title='bbox 2309 2179 2590 2236; x_wconf 76' lang='lat' dir='ltr'><strong>SALONIUS.</strong></span> <span class='ocrx_word' id='word_1_368' title='bbox 2621 2169 2772 2238; x_wconf 83' lang='lat' dir='ltr'><strong>Sicut</strong></span> <span class='ocrx_word' id='word_1_369' title='bbox 2791 2182 2990 2240; x_wconf 83' lang='lat' dir='ltr'><strong>bonum</strong></span> <span class='ocrx_word' id='word_1_370' title='bbox 3015 2190 3101 2238; x_wconf 86' lang='lat' dir='ltr'><strong>est</strong></span> <span class='ocrx_word' id='word_1_371' title='bbox 3119 2182 3258 2240; x_wconf 84' lang='lat' dir='ltr'><strong>scire</strong></span> <span class='ocrx_word' id='word_1_372' title='bbox 3279 2181 3618 2252; x_wconf 80' lang='lat' dir='ltr'><strong>prudentiam</strong></span> <span class='ocrx_word' id='word_1_373' title='bbox 3640 2193 3698 2240; x_wconf 89' lang='lat' dir='ltr'><strong>et</strong></span> <span class='ocrx_word' id='word_1_374' title='bbox 3715 2183 3832 2238; x_wconf 82' lang='lat' dir='ltr'><strong>do—</strong></span> 
     </span>
    </p>
   </div>
   <div class='ocr_carea' id='block_1_51' title="bbox 2233 2267 3832 2348">
    <p class='ocr_par' dir='ltr' id='par_1_51' title="bbox 2233 2267 3832 2348">
     <span class='ocr_line' id='line_1_51' title="bbox 2233 2267 3832 2348; baseline 0.004 -22"><span class='ocrx_word' id='word_1_375' title='bbox 2233 2272 2484 2340; x_wconf 88' lang='lat' dir='ltr'><strong>ctrinam,</strong></span> <span class='ocrx_word' id='word_1_376' title='bbox 2509 2273 2582 2330; x_wconf 83' lang='lat' dir='ltr'><strong>ita</strong></span> <span class='ocrx_word' id='word_1_377' title='bbox 2612 2273 2738 2330; x_wconf 83' lang='lat' dir='ltr'><strong>vere</strong></span> <span class='ocrx_word' id='word_1_378' title='bbox 2763 2267 2962 2330; x_wconf 87' lang='lat' dir='ltr'><strong>bonum</strong></span> <span class='ocrx_word' id='word_1_379' title='bbox 2991 2283 3092 2342; x_wconf 87' lang='lat' dir='ltr'><strong>est,</strong></span> <span class='ocrx_word' id='word_1_380' title='bbox 3123 2289 3340 2334; x_wconf 82' lang='lat' dir='ltr'><strong>errores</strong></span> <span class='ocrx_word' id='word_1_381' title='bbox 3365 2275 3504 2332; x_wconf 74' lang='lat' dir='ltr'><strong>scire</strong></span> <span class='ocrx_word' id='word_1_382' title='bbox 3545 2285 3604 2332; x_wconf 83' lang='lat' dir='ltr'><strong>et</strong></span> <span class='ocrx_word' id='word_1_383' title='bbox 3641 2279 3832 2348; x_wconf 80' lang='lat' dir='ltr'><strong>stulti—</strong></span> 
     </span>
    </p>
   </div>
   <div class='ocr_carea' id='block_1_52' title="bbox 2232 2364 3832 2444">
    <p class='ocr_par' dir='ltr' id='par_1_52' title="bbox 2232 2364 3832 2444">
     <span class='ocr_line' id='line_1_52' title="bbox 2232 2364 3832 2444; baseline 0.001 -26"><span class='ocrx_word' id='word_1_384' title='bbox 2232 2364 2382 2444; x_wconf 83' lang='lat' dir='ltr'><strong>tiam,</strong></span> <span class='ocrx_word' id='word_1_385' title='bbox 2427 2365 2678 2434; x_wconf 85' lang='lat' dir='ltr'><strong>quoniam</strong></span> <span class='ocrx_word' id='word_1_386' title='bbox 2705 2366 2879 2436; x_wconf 84' lang='lat' dir='ltr'><strong>prima</strong></span> <span class='ocrx_word' id='word_1_387' title='bbox 2919 2365 3183 2438; x_wconf 83' lang='lat' dir='ltr'><strong>sapientia</strong></span> <span class='ocrx_word' id='word_1_388' title='bbox 3213 2374 3296 2428; x_wconf 85' lang='lat' dir='ltr'><strong>est</strong></span> <span class='ocrx_word' id='word_1_389' title='bbox 3321 2381 3508 2424; x_wconf 84' lang='lat' dir='ltr'><strong>carere</strong></span> <span class='ocrx_word' id='word_1_390' title='bbox 3551 2368 3788 2426; x_wconf 78' lang='lat' dir='ltr'><strong>stultitia</strong></span> <span class='ocrx_word' id='word_1_391' title='bbox 3815 2387 3832 2419; x_wconf 89' lang='lat'><strong>:</strong></span> 
     </span>
    </p>
   </div>
   <div class='ocr_carea' id='block_1_53' title="bbox 2233 2455 3838 2528">
    <p class='ocr_par' dir='ltr' id='par_1_53' title="bbox 2233 2455 3838 2528">
     <span class='ocr_line' id='line_1_53' title="bbox 2233 2455 3838 2528; baseline 0.002 -18"><span class='ocrx_word' id='word_1_392' title='bbox 2233 2469 2417 2510; x_wconf 87' lang='lat' dir='ltr'><strong>carere</strong></span> <span class='ocrx_word' id='word_1_393' title='bbox 2437 2470 2565 2512; x_wconf 84' lang='lat' dir='ltr'><strong>vero</strong></span> <span class='ocrx_word' id='word_1_394' title='bbox 2589 2456 2812 2514; x_wconf 84' lang='lat' dir='ltr'><strong>stultitia</strong></span> <span class='ocrx_word' id='word_1_395' title='bbox 2839 2471 3002 2514; x_wconf 85' lang='lat' dir='ltr'><strong>nemo</strong></span> <span class='ocrx_word' id='word_1_396' title='bbox 3025 2465 3223 2528; x_wconf 79' lang='lat' dir='ltr'><strong>potest,</strong></span> <span class='ocrx_word' id='word_1_397' title='bbox 3248 2455 3350 2512; x_wconf 81' lang='lat' dir='ltr'><strong>nisi</strong></span> <span class='ocrx_word' id='word_1_398' title='bbox 3373 2457 3466 2528; x_wconf 86' lang='lat' dir='ltr'><strong>qui</strong></span> <span class='ocrx_word' id='word_1_399' title='bbox 3491 2455 3838 2514; x_wconf 65' lang='lat' dir='ltr'><strong>intellexerit</strong></span> 
     </span>
    </p>
   </div>
   <div class='ocr_carea' id='block_1_54' title="bbox 2237 2541 3834 2622">
    <p class='ocr_par' dir='ltr' id='par_1_54' title="bbox 2237 2541 3834 2622">
     <span class='ocr_line' id='line_1_54' title="bbox 2237 2541 3834 2622; baseline 0.001 -16"><span class='ocrx_word' id='word_1_400' title='bbox 2237 2567 2380 2606; x_wconf 90' lang='lat' dir='ltr'><strong>eam.</strong></span> <span class='ocrx_word' id='word_1_401' title='bbox 2414 2551 2671 2610; x_wconf 76' lang='lat' dir='ltr'><strong>Similiter</strong></span> <span class='ocrx_word' id='word_1_402' title='bbox 2699 2566 2862 2608; x_wconf 85' lang='lat' dir='ltr'><strong>nemo</strong></span> <span class='ocrx_word' id='word_1_403' title='bbox 2887 2565 3100 2608; x_wconf 85' lang='lat' dir='ltr'><strong>errores</strong></span> <span class='ocrx_word' id='word_1_404' title='bbox 3144 2541 3316 2610; x_wconf 80' lang='lat' dir='ltr'><strong>vitare</strong></span> <span class='ocrx_word' id='word_1_405' title='bbox 3351 2559 3554 2622; x_wconf 78' lang='lat' dir='ltr'><strong>potest,</strong></span> <span class='ocrx_word' id='word_1_406' title='bbox 3605 2551 3710 2608; x_wconf 82' lang='lat' dir='ltr'><strong>nisi</strong></span> <span class='ocrx_word' id='word_1_407' title='bbox 3737 2554 3834 2622; x_wconf 76' lang='lat' dir='ltr'><strong>qui</strong></span> 
     </span>
    </p>
   </div>
   <div class='ocr_carea' id='block_1_55' title="bbox 2233 2640 3824 2714">
    <p class='ocr_par' dir='ltr' id='par_1_55' title="bbox 2233 2640 3824 2714">
     <span class='ocr_line' id='line_1_55' title="bbox 2233 2640 3824 2714; baseline 0.001 -20"><span class='ocrx_word' id='word_1_408' title='bbox 2233 2655 2327 2695; x_wconf 85' lang='lat' dir='ltr'><strong>eos</strong></span> <span class='ocrx_word' id='word_1_409' title='bbox 2369 2641 2615 2710; x_wconf 73' lang='lat' dir='ltr'><strong>intelligit</strong></span> <span class='ocrx_word' id='word_1_410' title='bbox 2641 2660 2653 2694; x_wconf 92' lang='lat'><strong>:</strong></span> <span class='ocrx_word' id='word_1_411' title='bbox 2679 2650 2966 2714; x_wconf 77' lang='lat' dir='ltr'><strong>propterea</strong></span> <span class='ocrx_word' id='word_1_412' title='bbox 3011 2641 3066 2696; x_wconf 83' lang='lat' dir='ltr'><strong>in</strong></span> <span class='ocrx_word' id='word_1_413' title='bbox 3107 2640 3270 2698; x_wconf 85' lang='lat' dir='ltr'><strong>rebus</strong></span> <span class='ocrx_word' id='word_1_414' title='bbox 3319 2641 3550 2700; x_wconf 68' lang='lat' dir='ltr'><strong>terrentis</strong></span> <span class='ocrx_word' id='word_1_415' title='bbox 3589 2643 3824 2712; x_wconf 82' lang='lat' dir='ltr'><strong>plurima</strong></span> 
     </span>
    </p>
   </div>
   <div class='ocr_carea' id='block_1_56' title="bbox 2233 2733 3826 2802">
    <p class='ocr_par' dir='ltr' id='par_1_56' title="bbox 2233 2733 3826 2802">
     <span class='ocr_line' id='line_1_56' title="bbox 2233 2733 3826 2802; baseline 0.003 -16"><span class='ocrx_word' id='word_1_416' title='bbox 2233 2741 2358 2786; x_wconf 89' lang='lat' dir='ltr'><strong>sunt</strong></span> <span class='ocrx_word' id='word_1_417' title='bbox 2385 2735 2544 2790; x_wconf 83' lang='lat' dir='ltr'><strong>noxia</strong></span> <span class='ocrx_word' id='word_1_418' title='bbox 2575 2742 2786 2802; x_wconf 82' lang='lat' dir='ltr'><strong>creata,</strong></span> <span class='ocrx_word' id='word_1_419' title='bbox 2819 2742 2878 2796; x_wconf 74' lang='lat' dir='ltr'><strong>ut</strong></span> <span class='ocrx_word' id='word_1_420' title='bbox 2905 2733 3034 2790; x_wconf 89' lang='lat' dir='ltr'><strong>dum</strong></span> <span class='ocrx_word' id='word_1_421' title='bbox 3061 2747 3126 2790; x_wconf 86' lang='lat' dir='ltr'><strong>ea</strong></span> <span class='ocrx_word' id='word_1_422' title='bbox 3151 2734 3384 2792; x_wconf 77' lang='lat' dir='ltr'><strong>vitamus</strong></span> <span class='ocrx_word' id='word_1_423' title='bbox 3411 2733 3730 2792; x_wconf 69' lang='lat' dir='ltr'><strong>erutiiamur</strong></span> <span class='ocrx_word' id='word_1_424' title='bbox 3755 2736 3826 2790; x_wconf 82' lang='lat' dir='ltr'><strong>ad</strong></span> 
     </span>
    </p>
   </div>
   <div class='ocr_carea' id='block_1_57' title="bbox 2234 2825 2574 2894">
    <p class='ocr_par' dir='ltr' id='par_1_57' title="bbox 2234 2825 2574 2894">
     <span class='ocr_line' id='line_1_57' title="bbox 2234 2825 2574 2894; baseline 0 -14"><span class='ocrx_word' id='word_1_425' title='bbox 2234 2825 2550 2894; x_wconf 85' lang='lat' dir='ltr'><strong>sapientiam</strong></span> <span class='ocrx_word' id='word_1_426' title='bbox 2561 2866 2574 2880; x_wconf 90' lang='lat'><strong>.</strong></span> 
     </span>
    </p>
   </div>
   <div class='ocr_carea' id='block_1_58' title="bbox 2303 2898 3816 2986">
    <p class='ocr_par' dir='ltr' id='par_1_58' title="bbox 2303 2898 3816 2986">
     <span class='ocr_line' id='line_1_58' title="bbox 2303 2898 3816 2986; baseline 0.001 -15"><span class='ocrx_word' id='word_1_427' title='bbox 2303 2898 2571 2972; x_wconf 60' lang='lat' dir='ltr'><strong>Venturis.</strong></span> <span class='ocrx_word' id='word_1_428' title='bbox 2621 2909 2798 2984; x_wconf 82' lang='lat' dir='ltr'><strong>Quare</strong></span> <span class='ocrx_word' id='word_1_429' title='bbox 2851 2917 2951 2972; x_wconf 71' lang='lat' dir='ltr'><strong>fuit</strong></span> <span class='ocrx_word' id='word_1_430' title='bbox 3001 2916 3208 2986; x_wconf 65' lang='lat' dir='ltr'><strong>aequale</strong></span> <span class='ocrx_word' id='word_1_431' title='bbox 3259 2915 3496 2974; x_wconf 75' lang='lat' dir='ltr'><strong>studium</strong></span> <span class='ocrx_word' id='word_1_432' title='bbox 3543 2916 3816 2972; x_wconf 67' lang='grc' dir='ltr'><strong>δαιοωωί</strong></span> 
     </span>
    </p>
   </div>
   <div class='ocr_carea' id='block_1_59' title="bbox 2231 3007 3826 3077">
    <p class='ocr_par' dir='ltr' id='par_1_59' title="bbox 2231 3007 3826 3077">
     <span class='ocr_line' id='line_1_59' title="bbox 2231 3007 3826 3077; baseline 0.001 -15"><span class='ocrx_word' id='word_1_433' title='bbox 2231 3008 2369 3062; x_wconf 85' lang='lat' dir='ltr'><strong>scire</strong></span> <span class='ocrx_word' id='word_1_434' title='bbox 2395 3007 2734 3077; x_wconf 87' lang='lat' dir='ltr'><strong>prudentiam</strong></span> <span class='ocrx_word' id='word_1_435' title='bbox 2755 3015 2810 3062; x_wconf 86' lang='lat' dir='ltr'><strong>et</strong></span> <span class='ocrx_word' id='word_1_436' title='bbox 2829 3007 3151 3072; x_wconf 83' lang='lat' dir='ltr'><strong>doctrinam,</strong></span> <span class='ocrx_word' id='word_1_437' title='bbox 3171 3013 3226 3062; x_wconf 91' lang='lat' dir='ltr'><strong>et</strong></span> <span class='ocrx_word' id='word_1_438' title='bbox 3251 3007 3584 3072; x_wconf 75' lang='lat' dir='ltr'><strong>econtrario,</strong></span> <span class='ocrx_word' id='word_1_439' title='bbox 3611 3023 3826 3064; x_wconf 76' lang='lat' dir='ltr'><strong>errores</strong></span> 
     </span>
    </p>
   </div>
   <div class='ocr_carea' id='block_1_60' title="bbox 2229 3104 2626 3160">
    <p class='ocr_par' dir='ltr' id='par_1_60' title="bbox 2229 3104 2626 3160">
     <span class='ocr_line' id='line_1_60' title="bbox 2229 3104 2626 3160; baseline 0.003 -3"><span class='ocrx_word' id='word_1_440' title='bbox 2229 3113 2286 3158; x_wconf 88' lang='lat' dir='ltr'><strong>et</strong></span> <span class='ocrx_word' id='word_1_441' title='bbox 2311 3104 2626 3160; x_wconf 79' lang='lat' dir='ltr'><strong>stultitiam?</strong></span> 
     </span>
    </p>
   </div>
   <div class='ocr_carea' id='block_1_61' title="bbox 2301 3191 3826 3264">
    <p class='ocr_par' dir='ltr' id='par_1_61' title="bbox 2301 3191 3826 3264">
     <span class='ocr_line' id='line_1_61' title="bbox 2301 3191 3826 3264; baseline 0 -18"><span class='ocrx_word' id='word_1_442' title='bbox 2301 3192 2578 3254; x_wconf 70' lang='lat' dir='ltr'><strong>SALONIUS.</strong></span> <span class='ocrx_word' id='word_1_443' title='bbox 2617 3192 2656 3250; x_wconf 76' lang='grc' dir='ltr'>υ</span> <span class='ocrx_word' id='word_1_444' title='bbox 2665 3201 2684 3248; x_wconf 88' lang='grc' dir='ltr'>ι</span> <span class='ocrx_word' id='word_1_445' title='bbox 2703 3192 2828 3250; x_wconf 88' lang='lat' dir='ltr'><strong>dum</strong></span> <span class='ocrx_word' id='word_1_446' title='bbox 2853 3201 3132 3264; x_wconf 85' lang='lat' dir='ltr'><strong>appeteret</strong></span> <span class='ocrx_word' id='word_1_447' title='bbox 3155 3193 3279 3256; x_wconf 84' lang='lat' dir='ltr'><strong>alia,</strong></span> <span class='ocrx_word' id='word_1_448' title='bbox 3301 3200 3358 3246; x_wconf 90' lang='lat' dir='ltr'><strong>et</strong></span> <span class='ocrx_word' id='word_1_449' title='bbox 3378 3192 3482 3246; x_wconf 87' lang='lat' dir='ltr'><strong>alia</strong></span> <span class='ocrx_word' id='word_1_450' title='bbox 3503 3191 3826 3256; x_wconf 80' lang='lat' dir='ltr'><strong>declinaret,</strong></span> 
     </span>
    </p>
   </div>
   <div class='ocr_carea' id='block_1_62' title="bbox 552 3267 2130 3356">
    <p class='ocr_par' dir='ltr' id='par_1_62' title="bbox 552 3267 2130 3338">
     <span class='ocr_line' id='line_1_62' title="bbox 552 3267 2130 3338; baseline -0.004 -10"><span class='ocrx_word' id='word_1_451' title='bbox 552 3273 604 3328; x_wconf 90' lang='lat' dir='ltr'><strong>id</strong></span> <span class='ocrx_word' id='word_1_452' title='bbox 626 3281 709 3330; x_wconf 87' lang='lat' dir='ltr'><strong>est</strong></span> <span class='ocrx_word' id='word_1_453' title='bbox 735 3267 1000 3330; x_wconf 65' lang='lat' dir='ltr'><strong>haereticis</strong></span> <span class='ocrx_word' id='word_1_454' title='bbox 1029 3279 1084 3326; x_wconf 90' lang='lat' dir='ltr'><strong>et</strong></span> <span class='ocrx_word' id='word_1_455' title='bbox 1107 3271 1262 3328; x_wconf 83' lang='lat' dir='ltr'><strong>malis</strong></span> <span class='ocrx_word' id='word_1_456' title='bbox 1283 3269 1582 3334; x_wconf 81' lang='lat' dir='ltr'><strong>catholicis,</strong></span> <span class='ocrx_word' id='word_1_457' title='bbox 1612 3268 1734 3338; x_wconf 85' lang='lat' dir='ltr'><strong>quia</strong></span> <span class='ocrx_word' id='word_1_458' title='bbox 1765 3277 1986 3338; x_wconf 87' lang='lat' dir='ltr'><strong>propter</strong></span> <span class='ocrx_word' id='word_1_459' title='bbox 2007 3281 2130 3336; x_wconf 89' lang='lat' dir='ltr'><strong>pec-</strong></span> 
     </span>
    </p>
   </div>
   <div class='ocr_carea' id='block_1_63' title="bbox 2229 3267 3830 3356">
    <p class='ocr_par' dir='ltr' id='par_1_63' title="bbox 2229 3283 3830 3356">
     <span class='ocr_line' id='line_1_63' title="bbox 2229 3283 3830 3356; baseline 0.002 -18"><span class='ocrx_word' id='word_1_460' title='bbox 2229 3284 2286 3340; x_wconf 87' lang='lat' dir='ltr'><strong>‘id</strong></span> <span class='ocrx_word' id='word_1_461' title='bbox 2317 3293 2402 3338; x_wconf 83' lang='lat' dir='ltr'><strong>est</strong></span> <span class='ocrx_word' id='word_1_462' title='bbox 2437 3285 2866 3356; x_wconf 76' lang='lat' dir='ltr'><strong>apprehenderat</strong></span> <span class='ocrx_word' id='word_1_463' title='bbox 2893 3285 3034 3342; x_wconf 85' lang='lat' dir='ltr'><strong>bona</strong></span> <span class='ocrx_word' id='word_1_464' title='bbox 3053 3325 3069 3342; x_wconf 93' lang='lat'><strong>.</strong></span> <span class='ocrx_word' id='word_1_465' title='bbox 3099 3292 3158 3344; x_wconf 81' lang='lat' dir='ltr'><strong>et</strong></span> <span class='ocrx_word' id='word_1_466' title='bbox 3185 3283 3452 3340; x_wconf 85' lang='lat' dir='ltr'><strong>devitaret</strong></span> <span class='ocrx_word' id='word_1_467' title='bbox 3487 3284 3654 3348; x_wconf 78' lang='lat' dir='ltr'><strong>Inala,</strong></span> <span class='ocrx_word' id='word_1_468' title='bbox 3699 3299 3830 3341; x_wconf 75' lang='lat' dir='ltr'><strong>vera</strong></span> 
     </span>
    </p>
   </div>
   <div class='ocr_carea' id='block_1_64' title="bbox 551 3355 2130 3431">
    <p class='ocr_par' dir='ltr' id='par_1_64' title="bbox 551 3355 2130 3431">
     <span class='ocr_line' id='line_1_64' title="bbox 551 3355 2130 3431; baseline -0.006 -11"><span class='ocrx_word' id='word_1_469' title='bbox 551 3373 669 3420; x_wconf 87' lang='lat' dir='ltr'><strong>cata</strong></span> <span class='ocrx_word' id='word_1_470' title='bbox 697 3380 822 3430; x_wconf 84' lang='lat' dir='ltr'><strong>sua,</strong></span> <span class='ocrx_word' id='word_1_471' title='bbox 863 3364 1041 3420; x_wconf 89' lang='lat' dir='ltr'><strong>lumen</strong></span> <span class='ocrx_word' id='word_1_472' title='bbox 1083 3363 1267 3430; x_wconf 75' lang='lat' dir='ltr'><strong>gratiae</strong></span> <span class='ocrx_word' id='word_1_473' title='bbox 1323 3359 1488 3431; x_wconf 86' lang='lat' dir='ltr'><strong>ipsius</strong></span> <span class='ocrx_word' id='word_1_474' title='bbox 1527 3359 1794 3414; x_wconf 86' lang='lat' dir='ltr'><strong>amittunt.</strong></span> <span class='ocrx_word' id='word_1_475' title='bbox 1841 3355 2048 3412; x_wconf 87' lang='lat' dir='ltr'><strong>Occidit</strong></span> <span class='ocrx_word' id='word_1_476' title='bbox 2075 3363 2130 3412; x_wconf 90' lang='lat' dir='ltr'><strong>et</strong></span> 
     </span>
    </p>
   </div>
   <div class='ocr_carea' id='block_1_65' title="bbox 551 3439 2062 3528">
    <p class='ocr_par' dir='ltr' id='par_1_65' title="bbox 551 3439 2062 3528">
     <span class='ocr_line' id='line_1_65' title="bbox 551 3439 2062 3528; baseline -0.008 -14"><span class='ocrx_word' id='word_1_477' title='bbox 551 3459 879 3526; x_wconf 82' lang='lat' dir='ltr'><strong>inﬁdelibus,</strong></span> <span class='ocrx_word' id='word_1_478' title='bbox 909 3459 1032 3528; x_wconf 84' lang='lat' dir='ltr'><strong>quia</strong></span> <span class='ocrx_word' id='word_1_479' title='bbox 1063 3457 1180 3512; x_wconf 89' lang='lat' dir='ltr'><strong>luce</strong></span> <span class='ocrx_word' id='word_1_480' title='bbox 1207 3439 1334 3520; x_wconf 70' lang='lat' dir='ltr'><strong>fidei</strong></span> <span class='ocrx_word' id='word_1_481' title='bbox 1359 3470 1468 3510; x_wconf 90' lang='lat' dir='ltr'><strong>non</strong></span> <span class='ocrx_word' id='word_1_482' title='bbox 1489 3459 1764 3514; x_wconf 87' lang='lat' dir='ltr'><strong>merentur</strong></span> <span class='ocrx_word' id='word_1_483' title='bbox 1793 3449 2062 3506; x_wconf 86' lang='lat' dir='ltr'><strong>illustrari.</strong></span> 
     </span>
    </p>
   </div>
   <div class='ocr_carea' id='block_1_66' title="bbox 621 3544 2128 3620">
    <p class='ocr_par' dir='ltr' id='par_1_66' title="bbox 621 3544 2128 3620">
     <span class='ocr_line' id='line_1_66' title="bbox 621 3544 2128 3620; baseline -0.009 -12"><span class='ocrx_word' id='word_1_484' title='bbox 621 3552 890 3616; x_wconf 65' lang='lat' dir='ltr'><strong>Ynnsnus.</strong></span> <span class='ocrx_word' id='word_1_485' title='bbox 913 3549 1050 3616; x_wconf 84' lang='lat' dir='ltr'><strong>Quid</strong></span> <span class='ocrx_word' id='word_1_486' title='bbox 1067 3555 1150 3604; x_wconf 86' lang='lat' dir='ltr'><strong>est</strong></span> <span class='ocrx_word' id='word_1_487' title='bbox 1170 3547 1312 3620; x_wconf 86' lang='lat' dir='ltr'><strong>quod</strong></span> <span class='ocrx_word' id='word_1_488' title='bbox 1332 3548 1407 3606; x_wconf 82' lang='lat' dir='ltr'><strong>ait</strong></span> <span class='ocrx_word' id='word_1_489' title='bbox 1427 3565 1439 3597; x_wconf 88' lang='lat'><strong>:</strong></span> <span class='ocrx_word' id='word_1_490' title='bbox 1461 3545 1652 3600; x_wconf 76' lang='lat' dir='ltr'><strong>Omnia</strong></span> <span class='ocrx_word' id='word_1_491' title='bbox 1677 3544 1894 3612; x_wconf 72' lang='lat' dir='ltr'><strong>[turnina</strong></span> <span class='ocrx_word' id='word_1_492' title='bbox 1918 3550 2128 3598; x_wconf 79' lang='lat' dir='ltr'><strong>currunt</strong></span> 
     </span>
    </p>
   </div>
   <div class='ocr_carea' id='block_1_67' title="bbox 550 3635 2126 3710">
    <p class='ocr_par' dir='ltr' id='par_1_67' title="bbox 550 3635 2126 3710">
     <span class='ocr_line' id='line_1_67' title="bbox 550 3635 2126 3710; baseline -0.007 -11"><span class='ocrx_word' id='word_1_493' title='bbox 550 3648 603 3700; x_wconf 87' lang='lat' dir='ltr'><strong>in</strong></span> <span class='ocrx_word' id='word_1_494' title='bbox 627 3660 792 3710; x_wconf 79' lang='lat' dir='ltr'><strong>mare,</strong></span> <span class='ocrx_word' id='word_1_495' title='bbox 818 3651 864 3698; x_wconf 87' lang='lat' dir='ltr'><strong>et</strong></span> <span class='ocrx_word' id='word_1_496' title='bbox 888 3659 1031 3696; x_wconf 85' lang='lat' dir='ltr'><strong>mare</strong></span> <span class='ocrx_word' id='word_1_497' title='bbox 1051 3659 1152 3695; x_wconf 86' lang='lat' dir='ltr'><strong>non</strong></span> <span class='ocrx_word' id='word_1_498' title='bbox 1174 3639 1461 3704; x_wconf 82' lang='lat' dir='ltr'><strong>redundat;</strong></span> <span class='ocrx_word' id='word_1_499' title='bbox 1491 3637 1558 3691; x_wconf 88' lang='lat' dir='ltr'><strong>ad</strong></span> <span class='ocrx_word' id='word_1_500' title='bbox 1579 3637 1741 3692; x_wconf 82' lang='lat' dir='ltr'><strong>locum</strong></span> <span class='ocrx_word' id='word_1_501' title='bbox 1762 3635 1898 3690; x_wconf 80' lang='lat' dir='ltr'><strong>unde</strong></span> <span class='ocrx_word' id='word_1_502' title='bbox 1917 3643 2126 3700; x_wconf 67' lang='lat' dir='ltr'><strong>exeunt,</strong></span> 
     </span>
    </p>
   </div>
   <div class='ocr_carea' id='block_1_68' title="bbox 549 3723 2130 3802">
    <p class='ocr_par' dir='ltr' id='par_1_68' title="bbox 549 3723 2130 3802">
     <span class='ocr_line' id='line_1_68' title="bbox 549 3723 2130 3802; baseline -0.008 -11"><span class='ocrx_word' id='word_1_503' title='bbox 549 3743 868 3790; x_wconf 78' lang='lat' dir='ltr'><strong>revertuntur</strong></span> <span class='ocrx_word' id='word_1_504' title='bbox 905 3743 962 3786; x_wconf 88' lang='lat' dir='ltr'><strong>ut</strong></span> <span class='ocrx_word' id='word_1_505' title='bbox 1005 3733 1190 3788; x_wconf 82' lang='lat' dir='ltr'><strong>iterum</strong></span> <span class='ocrx_word' id='word_1_506' title='bbox 1232 3731 1398 3802; x_wconf 78' lang='lat' dir='ltr'><strong>ﬂuant</strong></span> <span class='ocrx_word' id='word_1_507' title='bbox 1442 3727 1638 3800; x_wconf 78' lang='lat' dir='ltr'><strong>(Eccle.</strong></span> <span class='ocrx_word' id='word_1_508' title='bbox 1667 3727 1756 3794; x_wconf 81' lang='lat'><strong>1)?</strong></span> <span class='ocrx_word' id='word_1_509' title='bbox 1807 3724 1936 3792; x_wconf 88' lang='lat' dir='ltr'><strong>Quis</strong></span> <span class='ocrx_word' id='word_1_510' title='bbox 1984 3723 2130 3778; x_wconf 85' lang='lat' dir='ltr'><strong>enim</strong></span> 
     </span>
    </p>
   </div>
   <div class='ocr_carea' id='block_1_69' title="bbox 549 3817 2129 3896">
    <p class='ocr_par' dir='ltr' id='par_1_69' title="bbox 549 3817 2129 3896">
     <span class='ocr_line' id='line_1_69' title="bbox 549 3817 2129 3896; baseline -0.01 -14"><span class='ocrx_word' id='word_1_511' title='bbox 549 3827 728 3890; x_wconf 90' lang='lat' dir='ltr'><strong>novit,</strong></span> <span class='ocrx_word' id='word_1_512' title='bbox 773 3823 918 3896; x_wconf 85' lang='lat' dir='ltr'><strong>quod</strong></span> <span class='ocrx_word' id='word_1_513' title='bbox 946 3821 1012 3884; x_wconf 83' lang='lat' dir='ltr'><strong>ad</strong></span> <span class='ocrx_word' id='word_1_514' title='bbox 1041 3822 1218 3882; x_wconf 83' lang='lat' dir='ltr'><strong>locum</strong></span> <span class='ocrx_word' id='word_1_515' title='bbox 1243 3835 1396 3884; x_wconf 85' lang='lat' dir='ltr'><strong>suum</strong></span> <span class='ocrx_word' id='word_1_516' title='bbox 1425 3817 1646 3874; x_wconf 86' lang='lat' dir='ltr'><strong>ﬂumina</strong></span> <span class='ocrx_word' id='word_1_517' title='bbox 1673 3821 2042 3878; x_wconf 87' lang='lat' dir='ltr'><strong>revertuntur,</strong></span> <span class='ocrx_word' id='word_1_518' title='bbox 2071 3821 2129 3866; x_wconf 89' lang='lat' dir='ltr'><strong>ut</strong></span> 
     </span>
    </p>
   </div>
   <div class='ocr_carea' id='block_1_70' title="bbox 548 3915 1540 3986">
    <p class='ocr_par' dir='ltr' id='par_1_70' title="bbox 548 3915 1540 3986">
     <span class='ocr_line' id='line_1_70' title="bbox 548 3915 1540 3986; baseline -0.013 -11"><span class='ocrx_word' id='word_1_519' title='bbox 548 3920 744 3976; x_wconf 89' lang='lat' dir='ltr'><strong>iterum</strong></span> <span class='ocrx_word' id='word_1_520' title='bbox 772 3915 973 3972; x_wconf 83' lang='lat' dir='ltr'><strong>ﬂuant?</strong></span> <span class='ocrx_word' id='word_1_521' title='bbox 1537 3983 1540 3986; x_wconf 13' lang='grc' dir='ltr'><strong>λ</strong></span> 
     </span>
    </p>
   </div>
   <div class='ocr_carea' id='block_1_71' title="bbox 618 3996 2122 4065">
    <p class='ocr_par' dir='ltr' id='par_1_71' title="bbox 618 3996 2122 4065">
     <span class='ocr_line' id='line_1_71' title="bbox 618 3996 2122 4065; baseline -0.009 -1"><span class='ocrx_word' id='word_1_522' title='bbox 618 4009 898 4064; x_wconf 76' lang='lat' dir='ltr'><strong>SALONIUS.</strong></span> <span class='ocrx_word' id='word_1_523' title='bbox 931 4006 1090 4061; x_wconf 86' lang='lat' dir='ltr'><strong>Novit</strong></span> <span class='ocrx_word' id='word_1_524' title='bbox 1115 4003 1470 4060; x_wconf 85' lang='lat' dir='ltr'><strong>Ecclesiastes</strong></span> <span class='ocrx_word' id='word_1_525' title='bbox 1493 4001 1600 4065; x_wconf 89' lang='lat' dir='ltr'><strong>ille,</strong></span> <span class='ocrx_word' id='word_1_526' title='bbox 1624 3999 1829 4056; x_wconf 89' lang='lat' dir='ltr'><strong>scilicet</strong></span> <span class='ocrx_word' id='word_1_527' title='bbox 1849 3996 2122 4060; x_wconf 83' lang='lat' dir='ltr'><strong>Salomon,</strong></span> 
     </span>
    </p>
   </div>
   <div class='ocr_carea' id='block_1_72' title="bbox 549 4081 2125 4174">
    <p class='ocr_par' dir='ltr' id='par_1_72' title="bbox 549 4081 2125 4174">
     <span class='ocr_line' id='line_1_72' title="bbox 549 4081 2125 4174; baseline -0.01 -15"><span class='ocrx_word' id='word_1_528' title='bbox 549 4118 646 4174; x_wconf 90' lang='lat' dir='ltr'><strong>per</strong></span> <span class='ocrx_word' id='word_1_529' title='bbox 664 4101 893 4170; x_wconf 78' lang='lat' dir='ltr'><strong>gratiam</strong></span> <span class='ocrx_word' id='word_1_530' title='bbox 937 4098 1110 4154; x_wconf 88' lang='lat' dir='ltr'><strong>sancti</strong></span> <span class='ocrx_word' id='word_1_531' title='bbox 1137 4097 1387 4168; x_wconf 88' lang='lat' dir='ltr'><strong>Spiritus.</strong></span> <span class='ocrx_word' id='word_1_532' title='bbox 1439 4081 1544 4150; x_wconf 87' lang='lat' dir='ltr'><strong>Sed</strong></span> <span class='ocrx_word' id='word_1_533' title='bbox 1577 4095 1678 4154; x_wconf 77' lang='lat' dir='ltr'><strong>iste</strong></span> <span class='ocrx_word' id='word_1_534' title='bbox 1713 4099 1898 4152; x_wconf 87' lang='lat' dir='ltr'><strong>noster</strong></span> <span class='ocrx_word' id='word_1_535' title='bbox 1936 4088 2125 4150; x_wconf 77' lang='lat' dir='ltr'><strong>Eccle-</strong></span> 
     </span>
    </p>
   </div>
   <div class='ocr_carea' id='block_1_73' title="bbox 549 4183 2126 4258">
    <p class='ocr_par' dir='ltr' id='par_1_73' title="bbox 549 4183 2126 4258">
     <span class='ocr_line' id='line_1_73' title="bbox 549 4183 2126 4258; baseline -0.009 -9"><span class='ocrx_word' id='word_1_536' title='bbox 549 4195 756 4258; x_wconf 85' lang='lat' dir='ltr'><strong>siastes,</strong></span> <span class='ocrx_word' id='word_1_537' title='bbox 777 4187 1191 4246; x_wconf 76' lang='lat' dir='ltr'><strong>videlicetiesus</strong></span> <span class='ocrx_word' id='word_1_538' title='bbox 1212 4187 1476 4250; x_wconf 87' lang='lat' dir='ltr'><strong>Christus,</strong></span> <span class='ocrx_word' id='word_1_539' title='bbox 1493 4185 1582 4254; x_wconf 85' lang='lat' dir='ltr'><strong>qui</strong></span> <span class='ocrx_word' id='word_1_540' title='bbox 1600 4191 1684 4238; x_wconf 88' lang='lat' dir='ltr'><strong>est</strong></span> <span class='ocrx_word' id='word_1_541' title='bbox 1705 4183 1938 4254; x_wconf 82' lang='lat' dir='ltr'><strong>ipsarum</strong></span> <span class='ocrx_word' id='word_1_542' title='bbox 1961 4195 2126 4248; x_wconf 82' lang='lat' dir='ltr'><strong>aqua-</strong></span> 
     </span>
    </p>
   </div>
   <div class='ocr_carea' id='block_1_74' title="bbox 550 4273 2126 4360">
    <p class='ocr_par' dir='ltr' id='par_1_74' title="bbox 550 4273 2126 4360">
     <span class='ocr_line' id='line_1_74' title="bbox 550 4273 2126 4360; baseline -0.008 -22"><span class='ocrx_word' id='word_1_543' title='bbox 550 4301 668 4344; x_wconf 88' lang='lat' dir='ltr'><strong>rum</strong></span> <span class='ocrx_word' id='word_1_544' title='bbox 697 4283 974 4346; x_wconf 78' lang='lat' dir='ltr'><strong>conditor;</strong></span> <span class='ocrx_word' id='word_1_545' title='bbox 1005 4296 1100 4360; x_wconf 87' lang='lat' dir='ltr'><strong>per</strong></span> <span class='ocrx_word' id='word_1_546' title='bbox 1129 4280 1428 4360; x_wconf 84' lang='lat' dir='ltr'><strong>potentiam</strong></span> <span class='ocrx_word' id='word_1_547' title='bbox 1457 4276 1752 4358; x_wconf 71' lang='lat' dir='ltr'><strong>divinitatis</strong></span> <span class='ocrx_word' id='word_1_548' title='bbox 1774 4289 1878 4342; x_wconf 81' lang='lat' dir='ltr'><strong>qua</strong></span> <span class='ocrx_word' id='word_1_549' title='bbox 1907 4273 2126 4342; x_wconf 78' lang='lat' dir='ltr'><strong>aequalis</strong></span> 
     </span>
    </p>
   </div>
   <div class='ocr_carea' id='block_1_75' title="bbox 550 4363 2124 4440">
    <p class='ocr_par' dir='ltr' id='par_1_75' title="bbox 550 4363 2124 4440">
     <span class='ocr_line' id='line_1_75' title="bbox 550 4363 2124 4440; baseline -0.006 -12"><span class='ocrx_word' id='word_1_550' title='bbox 550 4381 634 4429; x_wconf 88' lang='lat' dir='ltr'><strong>est</strong></span> <span class='ocrx_word' id='word_1_551' title='bbox 663 4373 772 4426; x_wconf 89' lang='lat' dir='ltr'><strong>Deo</strong></span> <span class='ocrx_word' id='word_1_552' title='bbox 795 4369 964 4434; x_wconf 88' lang='lat' dir='ltr'><strong>Patri,</strong></span> <span class='ocrx_word' id='word_1_553' title='bbox 1007 4369 1315 4440; x_wconf 87' lang='lat' dir='ltr'><strong>plenissime</strong></span> <span class='ocrx_word' id='word_1_554' title='bbox 1341 4368 1519 4432; x_wconf 86' lang='lat' dir='ltr'><strong>novit,</strong></span> <span class='ocrx_word' id='word_1_555' title='bbox 1558 4379 1677 4438; x_wconf 68' lang='lat' dir='ltr'><strong>qum</strong></span> <span class='ocrx_word' id='word_1_556' title='bbox 1717 4363 1934 4420; x_wconf 75' lang='lat' dir='ltr'><strong>illirniua</strong></span> <span class='ocrx_word' id='word_1_557' title='bbox 1978 4363 2124 4438; x_wconf 83' lang='lat' dir='ltr'><strong>(quia</strong></span> 
     </span>
    </p>
   </div>
   <div class='ocr_carea' id='block_1_76' title="bbox 551 4443 2122 4538">
    <p class='ocr_par' dir='ltr' id='par_1_76' title="bbox 551 4443 2122 4538">
     <span class='ocr_line' id='line_1_76' title="bbox 551 4443 2122 4538; baseline -0.008 -18"><span class='ocrx_word' id='word_1_558' title='bbox 551 4466 604 4520; x_wconf 88' lang='lat' dir='ltr'><strong>in</strong></span> <span class='ocrx_word' id='word_1_559' title='bbox 632 4480 778 4524; x_wconf 84' lang='lat' dir='ltr'><strong>mare</strong></span> <span class='ocrx_word' id='word_1_560' title='bbox 806 4463 1048 4532; x_wconf 81' lang='lat' dir='ltr'><strong>currunt)</strong></span> <span class='ocrx_word' id='word_1_561' title='bbox 1078 4461 1133 4518; x_wconf 91' lang='lat' dir='ltr'><strong>in</strong></span> <span class='ocrx_word' id='word_1_562' title='bbox 1162 4459 1409 4532; x_wconf 85' lang='lat' dir='ltr'><strong>abyssum</strong></span> <span class='ocrx_word' id='word_1_563' title='bbox 1437 4445 1704 4530; x_wconf 78' lang='lat' dir='ltr'><strong>deﬂuunt,</strong></span> <span class='ocrx_word' id='word_1_564' title='bbox 1736 4465 1790 4516; x_wconf 91' lang='lat' dir='ltr'><strong>et</strong></span> <span class='ocrx_word' id='word_1_565' title='bbox 1817 4472 1912 4538; x_wconf 77' lang='lat' dir='ltr'><strong>per</strong></span> <span class='ocrx_word' id='word_1_566' title='bbox 1939 4443 2122 4512; x_wconf 84' lang='lat' dir='ltr'><strong>occul-</strong></span> 
     </span>
    </p>
   </div>
   <div class='ocr_carea' id='block_1_77' title="bbox 551 4548 2120 4630">
    <p class='ocr_par' dir='ltr' id='par_1_77' title="bbox 551 4548 2120 4630">
     <span class='ocr_line' id='line_1_77' title="bbox 551 4548 2120 4630; baseline -0.009 -17"><span class='ocrx_word' id='word_1_567' title='bbox 551 4567 632 4613; x_wconf 87' lang='lat' dir='ltr'><strong>tas</strong></span> <span class='ocrx_word' id='word_1_568' title='bbox 659 4573 820 4612; x_wconf 86' lang='lat' dir='ltr'><strong>venas</strong></span> <span class='ocrx_word' id='word_1_569' title='bbox 849 4556 913 4610; x_wconf 86' lang='lat' dir='ltr'><strong>ad</strong></span> <span class='ocrx_word' id='word_1_570' title='bbox 945 4554 1122 4625; x_wconf 82' lang='lat' dir='ltr'><strong>capita</strong></span> <span class='ocrx_word' id='word_1_571' title='bbox 1154 4553 1380 4608; x_wconf 75' lang='lat' dir='ltr'><strong>fontium</strong></span> <span class='ocrx_word' id='word_1_572' title='bbox 1415 4555 1788 4630; x_wconf 82' lang='lat' dir='ltr'><strong>revertuntur,</strong></span> <span class='ocrx_word' id='word_1_573' title='bbox 1829 4557 1884 4604; x_wconf 90' lang='lat' dir='ltr'><strong>et</strong></span> <span class='ocrx_word' id='word_1_574' title='bbox 1913 4548 1977 4606; x_wconf 84' lang='lat' dir='ltr'><strong>de</strong></span> <span class='ocrx_word' id='word_1_575' title='bbox 2005 4563 2120 4608; x_wconf 82' lang='lat' dir='ltr'><strong>uta-</strong></span> 
     </span>
    </p>
   </div>
   <div class='ocr_carea' id='block_1_78' title="bbox 549 4640 1632 4720">
    <p class='ocr_par' dir='ltr' id='par_1_78' title="bbox 549 4640 1632 4720">
     <span class='ocr_line' id='line_1_78' title="bbox 549 4640 1632 4720; baseline -0.011 -16"><span class='ocrx_word' id='word_1_576' title='bbox 549 4661 628 4706; x_wconf 89' lang='lat' dir='ltr'><strong>tre</strong></span> <span class='ocrx_word' id='word_1_577' title='bbox 657 4649 848 4720; x_wconf 82' lang='lat' dir='ltr'><strong>abysso</strong></span> <span class='ocrx_word' id='word_1_578' title='bbox 877 4647 1070 4708; x_wconf 89' lang='lat' dir='ltr'><strong>iterum</strong></span> <span class='ocrx_word' id='word_1_579' title='bbox 1097 4642 1322 4698; x_wconf 80' lang='lat' dir='ltr'><strong>ebullire</strong></span> <span class='ocrx_word' id='word_1_580' title='bbox 1352 4640 1632 4710; x_wconf 84' lang='lat' dir='ltr'><strong>incipiunt.</strong></span> 
     </span>
    </p>
   </div>
   <div class='ocr_carea' id='block_1_79' title="bbox 619 4719 2120 4808">
    <p class='ocr_par' dir='ltr' id='par_1_79' title="bbox 619 4719 2120 4808">
     <span class='ocr_line' id='line_1_79' title="bbox 619 4719 2120 4808; baseline -0.005 -18"><span class='ocrx_word' id='word_1_581' title='bbox 619 4719 886 4800; x_wconf 55' lang='lat' dir='ltr'><strong>Vesanus.</strong></span> <span class='ocrx_word' id='word_1_582' title='bbox 923 4734 1288 4808; x_wconf 87' lang='lat' dir='ltr'><strong>Spiritualiter</strong></span> <span class='ocrx_word' id='word_1_583' title='bbox 1326 4741 1512 4792; x_wconf 82' lang='lat' dir='ltr'><strong>autem.</strong></span> <span class='ocrx_word' id='word_1_584' title='bbox 1535 4729 1660 4802; x_wconf 90' lang='lat' dir='ltr'><strong>quid</strong></span> <span class='ocrx_word' id='word_1_585' title='bbox 1681 4719 1981 4800; x_wconf 65' lang='lat' dir='ltr'><strong>signiﬁcant</strong></span> <span class='ocrx_word' id='word_1_586' title='bbox 2009 4728 2120 4786; x_wconf 66' lang='lat' dir='ltr'><strong>bace</strong></span> 
     </span>
    </p>
   </div>
   <div class='ocr_carea' id='block_1_80' title="bbox 549 4829 797 4886">
    <p class='ocr_par' dir='ltr' id='par_1_80' title="bbox 549 4829 797 4886">
     <span class='ocr_line' id='line_1_80' title="bbox 549 4829 797 4886; baseline 0.004 -3"><span class='ocrx_word' id='word_1_587' title='bbox 549 4829 797 4886; x_wconf 78' lang='lat' dir='ltr'><strong>ilnniina?</strong></span> 
     </span>
    </p>
   </div>
   <div class='ocr_carea' id='block_1_81' title="bbox 617 4915 2121 4986">
    <p class='ocr_par' dir='ltr' id='par_1_81' title="bbox 617 4915 2121 4986">
     <span class='ocr_line' id='line_1_81' title="bbox 617 4915 2121 4986; baseline -0.004 -10"><span class='ocrx_word' id='word_1_588' title='bbox 617 4921 897 4978; x_wconf 73' lang='lat' dir='ltr'><strong>SALONIUS.</strong></span> <span class='ocrx_word' id='word_1_589' title='bbox 929 4919 1032 4976; x_wconf 88' lang='lat' dir='ltr'><strong>Per</strong></span> <span class='ocrx_word' id='word_1_590' title='bbox 1053 4919 1167 4976; x_wconf 78' lang='lat' dir='ltr'><strong>haec</strong></span> <span class='ocrx_word' id='word_1_591' title='bbox 1187 4915 1404 4980; x_wconf 76' lang='lat' dir='ltr'><strong>ﬂumina</strong></span> <span class='ocrx_word' id='word_1_592' title='bbox 1426 4915 1774 4986; x_wconf 67' lang='lat' dir='ltr'><strong>designantur</strong></span> <span class='ocrx_word' id='word_1_593' title='bbox 1795 4915 1964 4970; x_wconf 88' lang='lat' dir='ltr'><strong>sancti</strong></span> <span class='ocrx_word' id='word_1_594' title='bbox 1987 4929 2121 4984; x_wconf 76' lang='lat' dir='ltr'><strong>pra:-</strong></span> 
     </span>
    </p>
   </div>
   <div class='ocr_carea' id='block_1_82' title="bbox 544 5011 2124 5088">
    <p class='ocr_par' dir='ltr' id='par_1_82' title="bbox 544 5011 2124 5088">
     <span class='ocr_line' id='line_1_82' title="bbox 544 5011 2124 5088; baseline -0.005 -16"><span class='ocrx_word' id='word_1_595' title='bbox 544 5018 832 5080; x_wconf 86' lang='lat' dir='ltr'><strong>dicatores,</strong></span> <span class='ocrx_word' id='word_1_596' title='bbox 862 5015 976 5084; x_wconf 84' lang='lat' dir='ltr'><strong>qui,</strong></span> <span class='ocrx_word' id='word_1_597' title='bbox 1005 5029 1128 5070; x_wconf 88' lang='lat' dir='ltr'><strong>eum</strong></span> <span class='ocrx_word' id='word_1_598' title='bbox 1171 5012 1456 5068; x_wconf 81' lang='lat' dir='ltr'><strong>virtutibus</strong></span> <span class='ocrx_word' id='word_1_599' title='bbox 1493 5011 1726 5074; x_wconf 80' lang='lat' dir='ltr'><strong>emicant</strong></span> <span class='ocrx_word' id='word_1_600' title='bbox 1771 5018 1826 5088; x_wconf 82' lang='lat' dir='ltr'><strong>et.</strong></span> <span class='ocrx_word' id='word_1_601' title='bbox 1865 5011 2124 5066; x_wconf 86' lang='lat' dir='ltr'><strong>doctrinis</strong></span> 
     </span>
    </p>
   </div>
   <div class='ocr_carea' id='block_1_83' title="bbox 544 5089 2122 5170">
    <p class='ocr_par' dir='ltr' id='par_1_83' title="bbox 544 5089 2122 5170">
     <span class='ocr_line' id='line_1_83' title="bbox 544 5089 2122 5170; baseline -0.003 -10"><span class='ocrx_word' id='word_1_602' title='bbox 544 5113 829 5162; x_wconf 86' lang='lat' dir='ltr'><strong>coruscant</strong></span> <span class='ocrx_word' id='word_1_603' title='bbox 880 5118 1000 5160; x_wconf 70' lang='lat' dir='ltr'><strong>rere</strong></span> <span class='ocrx_word' id='word_1_604' title='bbox 1019 5091 1236 5158; x_wconf 78' lang='lat' dir='ltr'><strong>ﬂumina</strong></span> <span class='ocrx_word' id='word_1_605' title='bbox 1259 5110 1405 5170; x_wconf 86' lang='lat' dir='ltr'><strong>sunt,</strong></span> <span class='ocrx_word' id='word_1_606' title='bbox 1425 5101 1680 5170; x_wconf 83' lang='lat' dir='ltr'><strong>quoniam</strong></span> <span class='ocrx_word' id='word_1_607' title='bbox 1702 5089 1904 5156; x_wconf 86' lang='lat' dir='ltr'><strong>aridam</strong></span> <span class='ocrx_word' id='word_1_608' title='bbox 1925 5109 2122 5164; x_wconf 83' lang='lat' dir='ltr'><strong>terram</strong></span> 
     </span>
    </p>
   </div>
   <div class='ocr_carea' id='block_1_84' title="bbox 542 5193 2126 5264">
    <p class='ocr_par' dir='ltr' id='par_1_84' title="bbox 542 5193 2126 5264">
     <span class='ocr_line' id='line_1_84' title="bbox 542 5193 2126 5264; baseline -0.003 -10"><span class='ocrx_word' id='word_1_609' title='bbox 542 5199 836 5254; x_wconf 87' lang='lat' dir='ltr'><strong>carnalium</strong></span> <span class='ocrx_word' id='word_1_610' title='bbox 866 5196 1127 5262; x_wconf 87' lang='lat' dir='ltr'><strong>cordium,</strong></span> <span class='ocrx_word' id='word_1_611' title='bbox 1157 5203 1342 5254; x_wconf 78' lang='lat' dir='ltr'><strong>saneta</strong></span> <span class='ocrx_word' id='word_1_612' title='bbox 1363 5209 1456 5248; x_wconf 83' lang='lat' dir='ltr'><strong>sua</strong></span> <span class='ocrx_word' id='word_1_613' title='bbox 1479 5193 1860 5264; x_wconf 64' lang='lat' dir='ltr'><strong>praedicatione</strong></span> <span class='ocrx_word' id='word_1_614' title='bbox 1887 5194 2044 5250; x_wconf 80' lang='lat' dir='ltr'><strong>simul</strong></span> <span class='ocrx_word' id='word_1_615' title='bbox 2069 5201 2126 5256; x_wconf 76' lang='lat' dir='ltr'><strong>et.</strong></span> 
     </span>
    </p>
   </div>
   <div class='ocr_carea' id='block_1_85' title="bbox 542 5270 2120 5362">
    <p class='ocr_par' dir='ltr' id='par_1_85' title="bbox 542 5270 2120 5362">
     <span class='ocr_line' id='line_1_85' title="bbox 542 5270 2120 5362; baseline -0.003 -16"><span class='ocrx_word' id='word_1_616' title='bbox 542 5292 856 5362; x_wconf 88' lang='lat' dir='ltr'><strong>operatione</strong></span> <span class='ocrx_word' id='word_1_617' title='bbox 899 5290 1156 5358; x_wconf 77' lang='lat' dir='ltr'><strong>irrigant,</strong></span> <span class='ocrx_word' id='word_1_618' title='bbox 1209 5297 1267 5342; x_wconf 92' lang='lat' dir='ltr'><strong>ut</strong></span> <span class='ocrx_word' id='word_1_619' title='bbox 1313 5287 1536 5346; x_wconf 69' lang='lat' dir='ltr'><strong>aderant</strong></span> <span class='ocrx_word' id='word_1_620' title='bbox 1583 5287 1846 5342; x_wconf 87' lang='lat' dir='ltr'><strong>bonorum</strong></span> <span class='ocrx_word' id='word_1_621' title='bbox 1871 5270 2120 5356; x_wconf 69' lang='lat' dir='ltr'><strong>~operum</strong></span> 
     </span>
    </p>
   </div>
   <div class='ocr_carea' id='block_1_86' title="bbox 543 5381 758 5436">
    <p class='ocr_par' dir='ltr' id='par_1_86' title="bbox 543 5381 758 5436">
     <span class='ocr_line' id='line_1_86' title="bbox 543 5381 758 5436; baseline 0 -2"><span class='ocrx_word' id='word_1_622' title='bbox 543 5381 758 5436; x_wconf 80' lang='lat' dir='ltr'><strong>fructus.</strong></span> 
     </span>
    </p>
   </div>
   <div class='ocr_carea' id='block_1_87' title="bbox 609 5470 2120 5538">
    <p class='ocr_par' dir='ltr' id='par_1_87' title="bbox 609 5470 2120 5538">
     <span class='ocr_line' id='line_1_87' title="bbox 609 5470 2120 5538; baseline -0.001 -12"><span class='ocrx_word' id='word_1_623' title='bbox 609 5473 878 5526; x_wconf 73' lang='lat' dir='ltr'><strong>VERANUS.</strong></span> <span class='ocrx_word' id='word_1_624' title='bbox 897 5471 1178 5538; x_wconf 87' lang='lat' dir='ltr'><strong>Quomooo</strong></span> <span class='ocrx_word' id='word_1_625' title='bbox 1199 5483 1327 5536; x_wconf 84' lang='lat' dir='ltr'><strong>ergo</strong></span> <span class='ocrx_word' id='word_1_626' title='bbox 1354 5476 1410 5522; x_wconf 90' lang='lat' dir='ltr'><strong>ut</strong></span> <span class='ocrx_word' id='word_1_627' title='bbox 1433 5476 1628 5522; x_wconf 78' lang='lat' dir='ltr'><strong>iterum</strong></span> <span class='ocrx_word' id='word_1_628' title='bbox 1651 5477 1986 5522; x_wconf 83' lang='lat' dir='ltr'><strong>revertantur</strong></span> <span class='ocrx_word' id='word_1_629' title='bbox 2006 5470 2120 5526; x_wconf 67' lang='lat' dir='ltr'><strong>haec</strong></span> 
     </span>
    </p>
   </div>
   <div class='ocr_carea' id='block_1_88' title="bbox 544 5553 1762 5626">
    <p class='ocr_par' dir='ltr' id='par_1_88' title="bbox 544 5553 1762 5626">
     <span class='ocr_line' id='line_1_88' title="bbox 544 5553 1762 5626; baseline -0.004 -10"><span class='ocrx_word' id='word_1_630' title='bbox 544 5565 758 5618; x_wconf 83' lang='lat' dir='ltr'><strong>llurnina</strong></span> <span class='ocrx_word' id='word_1_631' title='bbox 787 5562 852 5616; x_wconf 90' lang='lat' dir='ltr'><strong>ad</strong></span> <span class='ocrx_word' id='word_1_632' title='bbox 881 5561 1056 5616; x_wconf 90' lang='lat' dir='ltr'><strong>locum</strong></span> <span class='ocrx_word' id='word_1_633' title='bbox 1087 5559 1225 5624; x_wconf 89' lang='lat' dir='ltr'><strong>unde</strong></span> <span class='ocrx_word' id='word_1_634' title='bbox 1248 5568 1467 5626; x_wconf 79' lang='lat' dir='ltr'><strong>exeunt,</strong></span> <span class='ocrx_word' id='word_1_635' title='bbox 1494 5553 1762 5612; x_wconf 81' lang='lat' dir='ltr'><strong>reﬂuunt?</strong></span> 
     </span>
    </p>
   </div>
   <div class='ocr_carea' id='block_1_89' title="bbox 613 5647 2114 5719">
    <p class='ocr_par' dir='ltr' id='par_1_89' title="bbox 613 5647 2114 5719">
     <span class='ocr_line' id='line_1_89' title="bbox 613 5647 2114 5719; baseline -0.001 -12"><span class='ocrx_word' id='word_1_636' title='bbox 613 5653 887 5710; x_wconf 57' lang='lat' dir='ltr'><strong>Suo-auus.</strong></span> <span class='ocrx_word' id='word_1_637' title='bbox 914 5649 1048 5718; x_wconf 82' lang='lat' dir='ltr'><strong>Quia</strong></span> <span class='ocrx_word' id='word_1_638' title='bbox 1063 5651 1230 5707; x_wconf 85' lang='lat' dir='ltr'><strong>sancti</strong></span> <span class='ocrx_word' id='word_1_639' title='bbox 1248 5651 1624 5719; x_wconf 69' lang='lat' dir='ltr'><strong>praedicatores</strong></span> <span class='ocrx_word' id='word_1_640' title='bbox 1643 5651 1694 5705; x_wconf 91' lang='lat' dir='ltr'><strong>iu</strong></span> <span class='ocrx_word' id='word_1_641' title='bbox 1711 5649 1856 5705; x_wconf 90' lang='lat' dir='ltr'><strong>omni</strong></span> <span class='ocrx_word' id='word_1_642' title='bbox 1874 5647 2114 5708; x_wconf 73' lang='lat' dir='ltr'><strong>doctrinm</strong></span> 
     </span>
    </p>
   </div>
   <div class='ocr_carea' id='block_1_90' title="bbox 613 5821 1431 5897">
    <p class='ocr_par' dir='ltr' id='par_1_90' title="bbox 613 5821 1431 5897">
     <span class='ocr_line' id='line_1_90' title="bbox 613 5821 1431 5897; baseline -0.012 -14"><span class='ocrx_word' id='word_1_643' title='bbox 613 5837 636 5864; x_wconf 80' lang='grc'><strong><em>⁸</em></strong></span> <span class='ocrx_word' id='word_1_644' title='bbox 667 5829 889 5897; x_wconf 80' lang='lat' dir='ltr'><strong>Vulgata</strong></span> <span class='ocrx_word' id='word_1_645' title='bbox 941 5827 1022 5880; x_wconf 69' lang='lat' dir='ltr'><strong>vix</strong></span> <span class='ocrx_word' id='word_1_646' title='bbox 1053 5825 1202 5876; x_wconf 75' lang='lat' dir='ltr'><strong>tacite</strong></span> <span class='ocrx_word' id='word_1_647' title='bbox 1232 5821 1431 5876; x_wconf 81' lang='lat' dir='ltr'><strong>ridebit.</strong></span> 
     </span>
    </p>
   </div>
   <div class='ocr_carea' id='block_1_91' title="bbox 2229 3375 2996 3446">
    <p class='ocr_par' dir='ltr' id='par_1_91' title="bbox 2229 3375 2996 3446">
     <span class='ocr_line' id='line_1_91' title="bbox 2229 3375 2996 3446; baseline 0.005 -18"><span class='ocrx_word' id='word_1_648' title='bbox 2229 3375 2346 3446; x_wconf 86' lang='lat' dir='ltr'><strong>ejus</strong></span> <span class='ocrx_word' id='word_1_649' title='bbox 2365 3378 2685 3445; x_wconf 86' lang='lat' dir='ltr'><strong>probaretur</strong></span> <span class='ocrx_word' id='word_1_650' title='bbox 2711 3378 2996 3446; x_wconf 76' lang='lat' dir='ltr'><strong>sapientia.</strong></span> 
     </span>
    </p>
   </div>
   <div class='ocr_carea' id='block_1_92' title="bbox 2305 3467 3822 3538">
    <p class='ocr_par' dir='ltr' id='par_1_92' title="bbox 2305 3467 3822 3538">
     <span class='ocr_line' id='line_1_92' title="bbox 2305 3467 3822 3538; baseline 0.003 -17"><span class='ocrx_word' id='word_1_651' title='bbox 2305 3467 2572 3522; x_wconf 74' lang='lat' dir='ltr'><strong>VERANUS.</strong></span> <span class='ocrx_word' id='word_1_652' title='bbox 2607 3467 2744 3534; x_wconf 83' lang='lat' dir='ltr'><strong>Quid</strong></span> <span class='ocrx_word' id='word_1_653' title='bbox 2795 3479 2878 3523; x_wconf 89' lang='lat' dir='ltr'><strong>est</strong></span> <span class='ocrx_word' id='word_1_654' title='bbox 2917 3471 3060 3538; x_wconf 88' lang='lat' dir='ltr'><strong>quod</strong></span> <span class='ocrx_word' id='word_1_655' title='bbox 3107 3468 3364 3524; x_wconf 84' lang='lat' dir='ltr'><strong>Salomon</strong></span> <span class='ocrx_word' id='word_1_656' title='bbox 3393 3469 3559 3524; x_wconf 86' lang='lat' dir='ltr'><strong>dicit:</strong></span> <span class='ocrx_word' id='word_1_657' title='bbox 3597 3469 3738 3534; x_wconf 77' lang='lat' dir='ltr'><strong>Quia</strong></span> <span class='ocrx_word' id='word_1_658' title='bbox 3765 3474 3822 3526; x_wconf 78' lang='lat' dir='ltr'><strong>iu</strong></span> 
     </span>
    </p>
   </div>
   <div class='ocr_carea' id='block_1_93' title="bbox 2237 3558 3822 3632">
    <p class='ocr_par' dir='ltr' id='par_1_93' title="bbox 2237 3558 3822 3632">
     <span class='ocr_line' id='line_1_93' title="bbox 2237 3558 3822 3632; baseline 0.004 -22"><span class='ocrx_word' id='word_1_659' title='bbox 2237 3563 2398 3610; x_wconf 80' lang='lat' dir='ltr'><strong>multa</strong></span> <span class='ocrx_word' id='word_1_660' title='bbox 2419 3558 2675 3628; x_wconf 80' lang='lat' dir='ltr'><strong>sapientia</strong></span> <span class='ocrx_word' id='word_1_661' title='bbox 2696 3559 2860 3618; x_wconf 78' lang='lat' dir='ltr'><strong>multa</strong></span> <span class='ocrx_word' id='word_1_662' title='bbox 2877 3561 2943 3618; x_wconf 85' lang='lat' dir='ltr'><strong>sit</strong></span> <span class='ocrx_word' id='word_1_663' title='bbox 2973 3559 3280 3632; x_wconf 77' lang='lat' dir='ltr'><strong>indignatio,</strong></span> <span class='ocrx_word' id='word_1_664' title='bbox 3305 3569 3356 3613; x_wconf 88' lang='lat' dir='ltr'><strong>et</strong></span> <span class='ocrx_word' id='word_1_665' title='bbox 3375 3561 3464 3630; x_wconf 77' lang='lat' dir='ltr'><strong>qui</strong></span> <span class='ocrx_word' id='word_1_666' title='bbox 3485 3561 3632 3618; x_wconf 77' lang='lat' dir='ltr'><strong>addit</strong></span> <span class='ocrx_word' id='word_1_667' title='bbox 3651 3563 3822 3616; x_wconf 78' lang='lat' dir='ltr'><strong>scien-</strong></span> 
     </span>
    </p>
   </div>
   <div class='ocr_carea' id='block_1_94' title="bbox 2233 3649 3814 3722">
    <p class='ocr_par' dir='ltr' id='par_1_94' title="bbox 2233 3649 3814 3722">
     <span class='ocr_line' id='line_1_94' title="bbox 2233 3649 3814 3722; baseline 0.005 -21"><span class='ocrx_word' id='word_1_668' title='bbox 2233 3650 2360 3704; x_wconf 82' lang='lat' dir='ltr'><strong>tiam</strong></span> <span class='ocrx_word' id='word_1_669' title='bbox 2390 3649 2536 3708; x_wconf 81' lang='lat' dir='ltr'><strong>addit</strong></span> <span class='ocrx_word' id='word_1_670' title='bbox 2557 3659 2604 3704; x_wconf 85' lang='lat' dir='ltr'><strong>et</strong></span> <span class='ocrx_word' id='word_1_671' title='bbox 2625 3650 2852 3710; x_wconf 69' lang='lat' dir='ltr'><strong>labarent</strong></span> <span class='ocrx_word' id='word_1_672' title='bbox 2877 3651 3103 3722; x_wconf 82' lang='lat' dir='ltr'><strong>(lbid.)&#39;t</strong></span> <span class='ocrx_word' id='word_1_673' title='bbox 3131 3651 3413 3718; x_wconf 81' lang='lat' dir='ltr'><strong>Quomodo</strong></span> <span class='ocrx_word' id='word_1_674' title='bbox 3433 3653 3600 3708; x_wconf 80' lang='lat' dir='ltr'><strong>multa</strong></span> <span class='ocrx_word' id='word_1_675' title='bbox 3621 3663 3702 3708; x_wconf 88' lang='lat' dir='ltr'><strong>est</strong></span> <span class='ocrx_word' id='word_1_676' title='bbox 3729 3654 3814 3708; x_wconf 83' lang='lat' dir='ltr'><strong>in-</strong></span> 
     </span>
    </p>
   </div>
   <div class='ocr_carea' id='block_1_95' title="bbox 2230 3739 3085 3812">
    <p class='ocr_par' dir='ltr' id='par_1_95' title="bbox 2230 3739 3085 3812">
     <span class='ocr_line' id='line_1_95' title="bbox 2230 3739 3085 3812; baseline 0.004 -18"><span class='ocrx_word' id='word_1_677' title='bbox 2230 3739 2474 3810; x_wconf 79' lang='lat' dir='ltr'><strong>dignatio</strong></span> <span class='ocrx_word' id='word_1_678' title='bbox 2504 3742 2556 3796; x_wconf 88' lang='lat' dir='ltr'><strong>iu</strong></span> <span class='ocrx_word' id='word_1_679' title='bbox 2587 3743 2753 3804; x_wconf 86' lang='lat' dir='ltr'><strong>multa</strong></span> <span class='ocrx_word' id='word_1_680' title='bbox 2785 3745 3085 3812; x_wconf 78' lang='lat' dir='ltr'><strong>sapientia?</strong></span> 
     </span>
    </p>
   </div>
   <div class='ocr_carea' id='block_1_96' title="bbox 2302 3835 3815 3907">
    <p class='ocr_par' dir='ltr' id='par_1_96' title="bbox 2302 3835 3815 3907">
     <span class='ocr_line' id='line_1_96' title="bbox 2302 3835 3815 3907; baseline 0.002 -17"><span class='ocrx_word' id='word_1_681' title='bbox 2302 3835 2582 3890; x_wconf 76' lang='lat' dir='ltr'><strong>SALONIUS.</strong></span> <span class='ocrx_word' id='word_1_682' title='bbox 2603 3836 2727 3890; x_wconf 86' lang='lat' dir='ltr'><strong>Ideo</strong></span> <span class='ocrx_word' id='word_1_683' title='bbox 2749 3838 2802 3890; x_wconf 91' lang='lat' dir='ltr'><strong>in</strong></span> <span class='ocrx_word' id='word_1_684' title='bbox 2825 3838 2988 3891; x_wconf 89' lang='lat' dir='ltr'><strong>multa</strong></span> <span class='ocrx_word' id='word_1_685' title='bbox 3010 3838 3270 3907; x_wconf 89' lang='lat' dir='ltr'><strong>sapientia</strong></span> <span class='ocrx_word' id='word_1_686' title='bbox 3295 3847 3378 3892; x_wconf 88' lang='lat' dir='ltr'><strong>est</strong></span> <span class='ocrx_word' id='word_1_687' title='bbox 3401 3837 3560 3892; x_wconf 85' lang='lat' dir='ltr'><strong>multa</strong></span> <span class='ocrx_word' id='word_1_688' title='bbox 3573 3835 3815 3906; x_wconf 69' lang='lat' dir='ltr'><strong>indigna-</strong></span> 
     </span>
    </p>
   </div>
   <div class='ocr_carea' id='block_1_97' title="bbox 2227 3928 3814 4000">
    <p class='ocr_par' dir='ltr' id='par_1_97' title="bbox 2227 3928 3814 4000">
     <span class='ocr_line' id='line_1_97' title="bbox 2227 3928 3814 4000; baseline 0.001 -20"><span class='ocrx_word' id='word_1_689' title='bbox 2227 3928 2326 3994; x_wconf 86' lang='lat' dir='ltr'><strong>tio,</strong></span> <span class='ocrx_word' id='word_1_690' title='bbox 2344 3929 2468 3998; x_wconf 81' lang='lat' dir='ltr'><strong>quia</strong></span> <span class='ocrx_word' id='word_1_691' title='bbox 2485 3937 2690 3997; x_wconf 85' lang='lat' dir='ltr'><strong>quanto</strong></span> <span class='ocrx_word' id='word_1_692' title='bbox 2709 3931 2935 3998; x_wconf 80' lang='lat' dir='ltr'><strong>quisque</strong></span> <span class='ocrx_word' id='word_1_693' title='bbox 2955 3929 3218 3999; x_wconf 82' lang='lat' dir='ltr'><strong>majorem</strong></span> <span class='ocrx_word' id='word_1_694' title='bbox 3234 3929 3550 3999; x_wconf 82' lang='lat' dir='ltr'><strong>sapientiam</strong></span> <span class='ocrx_word' id='word_1_695' title='bbox 3567 3929 3814 4000; x_wconf 85' lang='lat' dir='ltr'><strong>percipit,</strong></span> 
     </span>
    </p>
   </div>
   <div class='ocr_carea' id='block_1_98' title="bbox 2231 4019 3820 4089">
    <p class='ocr_par' dir='ltr' id='par_1_98' title="bbox 2231 4019 3820 4089">
     <span class='ocr_line' id='line_1_98' title="bbox 2231 4019 3820 4089; baseline 0.001 -17"><span class='ocrx_word' id='word_1_696' title='bbox 2231 4027 2383 4073; x_wconf 89' lang='lat' dir='ltr'><strong>tanto</strong></span> <span class='ocrx_word' id='word_1_697' title='bbox 2432 4020 2660 4089; x_wconf 81' lang='lat' dir='ltr'><strong>amplius</strong></span> <span class='ocrx_word' id='word_1_698' title='bbox 2705 4019 2808 4076; x_wconf 77' lang='lat' dir='ltr'><strong>sibi</strong></span> <span class='ocrx_word' id='word_1_699' title='bbox 2853 4019 3159 4088; x_wconf 72' lang='lat' dir='ltr'><strong>indignatur</strong></span> <span class='ocrx_word' id='word_1_700' title='bbox 3203 4030 3258 4076; x_wconf 90' lang='lat' dir='ltr'><strong>et</strong></span> <span class='ocrx_word' id='word_1_701' title='bbox 3303 4019 3450 4076; x_wconf 86' lang='lat' dir='ltr'><strong>dolet</strong></span> <span class='ocrx_word' id='word_1_702' title='bbox 3495 4033 3556 4078; x_wconf 84' lang='lat' dir='ltr'><strong>se</strong></span> <span class='ocrx_word' id='word_1_703' title='bbox 3591 4020 3738 4074; x_wconf 83' lang='lat' dir='ltr'><strong>vitiis</strong></span> <span class='ocrx_word' id='word_1_704' title='bbox 3763 4029 3820 4074; x_wconf 83' lang='lat' dir='ltr'><strong>et</strong></span> 
     </span>
    </p>
   </div>
   <div class='ocr_carea' id='block_1_99' title="bbox 2227 4109 3814 4182">
    <p class='ocr_par' dir='ltr' id='par_1_99' title="bbox 2227 4109 3814 4182">
     <span class='ocr_line' id='line_1_99' title="bbox 2227 4109 3814 4182; baseline -0.002 -16"><span class='ocrx_word' id='word_1_705' title='bbox 2227 4111 2462 4182; x_wconf 86' lang='lat' dir='ltr'><strong>peccatis</strong></span> <span class='ocrx_word' id='word_1_706' title='bbox 2479 4110 2756 4178; x_wconf 70' lang='lat' dir='ltr'><strong>subiacere</strong></span> <span class='ocrx_word' id='word_1_707' title='bbox 2773 4119 2828 4165; x_wconf 87' lang='lat' dir='ltr'><strong>et</strong></span> <span class='ocrx_word' id='word_1_708' title='bbox 2851 4125 2956 4168; x_wconf 85' lang='lat' dir='ltr'><strong>non</strong></span> <span class='ocrx_word' id='word_1_709' title='bbox 2977 4111 3176 4168; x_wconf 82' lang='lat' dir='ltr'><strong>habere</strong></span> <span class='ocrx_word' id='word_1_710' title='bbox 3195 4117 3440 4170; x_wconf 77' lang='lat' dir='ltr'><strong>virtutes.</strong></span> <span class='ocrx_word' id='word_1_711' title='bbox 3461 4109 3596 4166; x_wconf 85' lang='lat' dir='ltr'><strong>Nam</strong></span> <span class='ocrx_word' id='word_1_712' title='bbox 3611 4119 3814 4178; x_wconf 84' lang='lat' dir='ltr'><strong>quanto</strong></span> 
     </span>
    </p>
   </div>
   <div class='ocr_carea' id='block_1_100' title="bbox 2227 4199 3816 4270">
    <p class='ocr_par' dir='ltr' id='par_1_100' title="bbox 2227 4199 3816 4270">
     <span class='ocr_line' id='line_1_100' title="bbox 2227 4199 3816 4270; baseline -0.001 -14"><span class='ocrx_word' id='word_1_713' title='bbox 2227 4201 2454 4270; x_wconf 81' lang='lat' dir='ltr'><strong>quisque</strong></span> <span class='ocrx_word' id='word_1_714' title='bbox 2495 4201 2616 4270; x_wconf 81' lang='lat' dir='ltr'><strong>plus</strong></span> <span class='ocrx_word' id='word_1_715' title='bbox 2645 4201 2698 4256; x_wconf 87' lang='lat' dir='ltr'><strong>in</strong></span> <span class='ocrx_word' id='word_1_716' title='bbox 2745 4201 3009 4270; x_wconf 83' lang='lat' dir='ltr'><strong>sapientia</strong></span> <span class='ocrx_word' id='word_1_717' title='bbox 3057 4199 3286 4270; x_wconf 74' lang='lat' dir='ltr'><strong>proficit,</strong></span> <span class='ocrx_word' id='word_1_718' title='bbox 3333 4207 3488 4256; x_wconf 84' lang='lat' dir='ltr'><strong>tanto</strong></span> <span class='ocrx_word' id='word_1_719' title='bbox 3515 4202 3690 4270; x_wconf 75' lang='lat' dir='ltr'><strong>magis</strong></span> <span class='ocrx_word' id='word_1_720' title='bbox 3715 4201 3816 4254; x_wconf 84' lang='lat' dir='ltr'><strong>sibi</strong></span> 
     </span>
    </p>
   </div>
   <div class='ocr_carea' id='block_1_101' title="bbox 2227 4291 3814 4364">
    <p class='ocr_par' dir='ltr' id='par_1_101' title="bbox 2227 4291 3814 4364">
     <span class='ocr_line' id='line_1_101' title="bbox 2227 4291 3814 4364; baseline -0.001 -16"><span class='ocrx_word' id='word_1_721' title='bbox 2227 4293 2476 4350; x_wconf 84' lang='lat' dir='ltr'><strong>irascitur</strong></span> <span class='ocrx_word' id='word_1_722' title='bbox 2503 4293 2574 4350; x_wconf 85' lang='lat' dir='ltr'><strong>de</strong></span> <span class='ocrx_word' id='word_1_723' title='bbox 2598 4293 2754 4350; x_wconf 86' lang='lat' dir='ltr'><strong>malis</strong></span> <span class='ocrx_word' id='word_1_724' title='bbox 2797 4293 3054 4364; x_wconf 80' lang='lat' dir='ltr'><strong>operibus</strong></span> <span class='ocrx_word' id='word_1_725' title='bbox 3077 4307 3198 4364; x_wconf 67' lang='lat' dir='ltr'><strong>ante</strong></span> <span class='ocrx_word' id='word_1_726' title='bbox 3225 4292 3412 4362; x_wconf 74' lang='lat' dir='ltr'><strong>gessit,</strong></span> <span class='ocrx_word' id='word_1_727' title='bbox 3439 4299 3498 4346; x_wconf 88' lang='lat' dir='ltr'><strong>et</strong></span> <span class='ocrx_word' id='word_1_728' title='bbox 3525 4291 3814 4346; x_wconf 84' lang='lat' dir='ltr'><strong>contrista-</strong></span> 
     </span>
    </p>
   </div>
   <div class='ocr_carea' id='block_1_102' title="bbox 2225 4381 3814 4454">
    <p class='ocr_par' dir='ltr' id='par_1_102' title="bbox 2225 4381 3814 4454">
     <span class='ocr_line' id='line_1_102' title="bbox 2225 4381 3814 4454; baseline -0.001 -16"><span class='ocrx_word' id='word_1_729' title='bbox 2225 4392 2312 4442; x_wconf 87' lang='lat' dir='ltr'><strong>tur</strong></span> <span class='ocrx_word' id='word_1_730' title='bbox 2341 4393 2396 4440; x_wconf 84' lang='lat' dir='ltr'><strong>et</strong></span> <span class='ocrx_word' id='word_1_731' title='bbox 2439 4383 2588 4440; x_wconf 84' lang='lat' dir='ltr'><strong>dolet</strong></span> <span class='ocrx_word' id='word_1_732' title='bbox 2633 4399 2797 4454; x_wconf 84' lang='lat' dir='ltr'><strong>super</strong></span> <span class='ocrx_word' id='word_1_733' title='bbox 2842 4383 3076 4454; x_wconf 85' lang='lat' dir='ltr'><strong>peccatis</strong></span> <span class='ocrx_word' id='word_1_734' title='bbox 3121 4383 3261 4450; x_wconf 86' lang='lat' dir='ltr'><strong>suis,</strong></span> <span class='ocrx_word' id='word_1_735' title='bbox 3309 4381 3540 4452; x_wconf 84' lang='lat' dir='ltr'><strong>ideoque</strong></span> <span class='ocrx_word' id='word_1_736' title='bbox 3591 4381 3738 4434; x_wconf 84' lang='lat' dir='ltr'><strong>addit</strong></span> <span class='ocrx_word' id='word_1_737' title='bbox 3763 4389 3814 4436; x_wconf 84' lang='lat' dir='ltr'><strong>et</strong></span> 
     </span>
    </p>
   </div>
   <div class='ocr_carea' id='block_1_103' title="bbox 2225 4474 3816 4546">
    <p class='ocr_par' dir='ltr' id='par_1_103' title="bbox 2225 4474 3816 4546">
     <span class='ocr_line' id='line_1_103' title="bbox 2225 4474 3816 4546; baseline -0.001 -16"><span class='ocrx_word' id='word_1_738' title='bbox 2225 4476 2466 4532; x_wconf 88' lang='lat' dir='ltr'><strong>laborem</strong></span> <span class='ocrx_word' id='word_1_739' title='bbox 2486 4517 2504 4543; x_wconf 91' lang='lat'><strong>,</strong></span> <span class='ocrx_word' id='word_1_740' title='bbox 2549 4476 2676 4546; x_wconf 86' lang='lat' dir='ltr'><strong>quia</strong></span> <span class='ocrx_word' id='word_1_741' title='bbox 2723 4483 2926 4544; x_wconf 87' lang='lat' dir='ltr'><strong>quanto</strong></span> <span class='ocrx_word' id='word_1_742' title='bbox 2971 4475 3200 4546; x_wconf 86' lang='lat' dir='ltr'><strong>amplius</strong></span> <span class='ocrx_word' id='word_1_743' title='bbox 3239 4474 3480 4544; x_wconf 59' lang='lat' dir='ltr'><strong>coelestia</strong></span> <span class='ocrx_word' id='word_1_744' title='bbox 3525 4481 3584 4528; x_wconf 88' lang='lat' dir='ltr'><strong>et</strong></span> <span class='ocrx_word' id='word_1_745' title='bbox 3615 4481 3816 4528; x_wconf 57' lang='grc' dir='ltr'><strong>πῖθι-ιιι</strong></span> 
     </span>
    </p>
   </div>
   <div class='ocr_carea' id='block_1_104' title="bbox 2225 4559 3818 4634">
    <p class='ocr_par' dir='ltr' id='par_1_104' title="bbox 2225 4559 3818 4634">
     <span class='ocr_line' id='line_1_104' title="bbox 2225 4559 3818 4634; baseline -0.003 -14"><span class='ocrx_word' id='word_1_746' title='bbox 2225 4565 2522 4632; x_wconf 80' lang='lat' dir='ltr'><strong>cognoscit,</strong></span> <span class='ocrx_word' id='word_1_747' title='bbox 2555 4573 2706 4620; x_wconf 85' lang='lat' dir='ltr'><strong>tanto</strong></span> <span class='ocrx_word' id='word_1_748' title='bbox 2735 4564 2904 4634; x_wconf 70' lang='lat' dir='ltr'><strong>nugis</strong></span> <span class='ocrx_word' id='word_1_749' title='bbox 2931 4563 3164 4618; x_wconf 86' lang='lat' dir='ltr'><strong>dolendo</strong></span> <span class='ocrx_word' id='word_1_750' title='bbox 3199 4571 3252 4618; x_wconf 86' lang='lat' dir='ltr'><strong>et</strong></span> <span class='ocrx_word' id='word_1_751' title='bbox 3281 4559 3460 4618; x_wconf 82' lang='lat' dir='ltr'><strong>ﬂendo</strong></span> <span class='ocrx_word' id='word_1_752' title='bbox 3503 4562 3718 4616; x_wconf 83' lang='lat' dir='ltr'><strong>laborat</strong></span> <span class='ocrx_word' id='word_1_753' title='bbox 3761 4570 3818 4616; x_wconf 88' lang='lat' dir='ltr'><strong>ut</strong></span> 
     </span>
    </p>
   </div>
   <div class='ocr_carea' id='block_1_105' title="bbox 2149 4653 3816 4726">
    <p class='ocr_par' dir='ltr' id='par_1_105' title="bbox 2149 4653 3816 4726">
     <span class='ocr_line' id='line_1_105' title="bbox 2149 4653 3816 4726; baseline -0.005 -10"><span class='ocrx_word' id='word_1_754' title='bbox 2149 4653 2204 4716; x_wconf 89' lang='lat' dir='ltr'><strong><em>D</em></strong></span> <span class='ocrx_word' id='word_1_755' title='bbox 2227 4671 2468 4714; x_wconf 87' lang='lat' dir='ltr'><strong>errorum</strong></span> <span class='ocrx_word' id='word_1_756' title='bbox 2511 4657 2736 4725; x_wconf 82' lang='lat' dir='ltr'><strong>laqueos</strong></span> <span class='ocrx_word' id='word_1_757' title='bbox 2781 4655 3010 4712; x_wconf 83' lang='lat' dir='ltr'><strong>evadere</strong></span> <span class='ocrx_word' id='word_1_758' title='bbox 3061 4656 3264 4726; x_wconf 80' lang='lat' dir='ltr'><strong>possit,</strong></span> <span class='ocrx_word' id='word_1_759' title='bbox 3303 4663 3358 4710; x_wconf 86' lang='lat' dir='ltr'><strong>et</strong></span> <span class='ocrx_word' id='word_1_760' title='bbox 3393 4655 3614 4710; x_wconf 86' lang='lat' dir='ltr'><strong>liberari</strong></span> <span class='ocrx_word' id='word_1_761' title='bbox 3643 4655 3816 4710; x_wconf 79' lang='lat' dir='ltr'><strong>valeat</strong></span> 
     </span>
    </p>
   </div>
   <div class='ocr_carea' id='block_1_106' title="bbox 2227 4743 2940 4826">
    <p class='ocr_par' dir='ltr' id='par_1_106' title="bbox 2227 4743 2940 4826">
     <span class='ocr_line' id='line_1_106' title="bbox 2227 4743 2940 4826; baseline -0.003 -28"><span class='ocrx_word' id='word_1_762' title='bbox 2227 4743 2294 4798; x_wconf 88' lang='lat' dir='ltr'><strong>de</strong></span> <span class='ocrx_word' id='word_1_763' title='bbox 2313 4745 2480 4826; x_wconf 78' lang='lat' dir='ltr'><strong>hujus</strong></span> <span class='ocrx_word' id='word_1_764' title='bbox 2503 4745 2680 4802; x_wconf 63' lang='lat' dir='ltr'><strong>saeculi</strong></span> <span class='ocrx_word' id='word_1_765' title='bbox 2709 4745 2940 4802; x_wconf 85' lang='lat' dir='ltr'><strong>miseria.</strong></span> 
     </span>
    </p>
   </div>
   <div class='ocr_carea' id='block_1_107' title="bbox 2299 4835 3816 4910">
    <p class='ocr_par' dir='ltr' id='par_1_107' title="bbox 2299 4835 3816 4910">
     <span class='ocr_line' id='line_1_107' title="bbox 2299 4835 3816 4910; baseline -0.003 -20"><span class='ocrx_word' id='word_1_766' title='bbox 2299 4836 2566 4892; x_wconf 74' lang='lat' dir='ltr'><strong>VERANUS.</strong></span> <span class='ocrx_word' id='word_1_767' title='bbox 2599 4835 2776 4902; x_wconf 84' lang='lat' dir='ltr'><strong>Quare</strong></span> <span class='ocrx_word' id='word_1_768' title='bbox 2803 4835 2932 4892; x_wconf 89' lang='lat' dir='ltr'><strong>dicit</strong></span> <span class='ocrx_word' id='word_1_769' title='bbox 2956 4855 2968 4890; x_wconf 88' lang='lat'><strong>:</strong></span> <span class='ocrx_word' id='word_1_770' title='bbox 3004 4835 3190 4892; x_wconf 78' lang='lat' dir='ltr'><strong>Risum</strong></span> <span class='ocrx_word' id='word_1_771' title='bbox 3215 4835 3452 4910; x_wconf 70' lang='lat' dir='ltr'><strong>deputari</strong></span> <span class='ocrx_word' id='word_1_772' title='bbox 3479 4851 3734 4898; x_wconf 80' lang='lat' dir='ltr'><strong>errorem,</strong></span> <span class='ocrx_word' id='word_1_773' title='bbox 3765 4843 3816 4886; x_wconf 78' lang='lat' dir='ltr'><strong>et</strong></span> 
     </span>
    </p>
   </div>
   <div class='ocr_carea' id='block_1_108' title="bbox 2227 4925 3814 5004">
    <p class='ocr_par' dir='ltr' id='par_1_108' title="bbox 2227 4925 3814 5004">
     <span class='ocr_line' id='line_1_108' title="bbox 2227 4925 3814 5004; baseline -0.003 -22"><span class='ocrx_word' id='word_1_774' title='bbox 2227 4927 2415 5000; x_wconf 86' lang='lat' dir='ltr'><strong>gaudia</strong></span> <span class='ocrx_word' id='word_1_775' title='bbox 2436 4927 2546 4982; x_wconf 76' lang='lat' dir='ltr'><strong>dixi</strong></span> <span class='ocrx_word' id='word_1_776' title='bbox 2567 4945 2658 4982; x_wconf 86' lang='lat' dir='ltr'><strong>cur</strong></span> <span class='ocrx_word' id='word_1_777' title='bbox 2679 4929 2870 4997; x_wconf 74' lang='lat' dir='ltr'><strong>frustra</strong></span> <span class='ocrx_word' id='word_1_778' title='bbox 2893 4927 3144 5004; x_wconf 78' lang='lat' dir='ltr'><strong>deciperis</strong></span> <span class='ocrx_word' id='word_1_779' title='bbox 3170 4927 3362 5000; x_wconf 82' lang='lat' dir='ltr'><strong>(Eccle.</strong></span> <span class='ocrx_word' id='word_1_780' title='bbox 3389 4925 3468 4994; x_wconf 77' lang='grc' dir='ltr'><strong>ιι),</strong></span> <span class='ocrx_word' id='word_1_781' title='bbox 3502 4941 3626 4982; x_wconf 87' lang='lat' dir='ltr'><strong>cum</strong></span> <span class='ocrx_word' id='word_1_782' title='bbox 3649 4925 3814 4980; x_wconf 86' lang='lat' dir='ltr'><strong>homi-</strong></span> 
     </span>
    </p>
   </div>
   <div class='ocr_carea' id='block_1_109' title="bbox 2225 5015 3812 5084">
    <p class='ocr_par' dir='ltr' id='par_1_109' title="bbox 2225 5015 3812 5084">
     <span class='ocr_line' id='line_1_109' title="bbox 2225 5015 3812 5084; baseline -0.003 -12"><span class='ocrx_word' id='word_1_783' title='bbox 2225 5035 2352 5073; x_wconf 89' lang='lat' dir='ltr'><strong>num</strong></span> <span class='ocrx_word' id='word_1_784' title='bbox 2384 5018 2627 5073; x_wconf 89' lang='lat' dir='ltr'><strong>naturale</strong></span> <span class='ocrx_word' id='word_1_785' title='bbox 2667 5018 2736 5073; x_wconf 90' lang='lat' dir='ltr'><strong>sit</strong></span> <span class='ocrx_word' id='word_1_786' title='bbox 2781 5017 2978 5084; x_wconf 88' lang='lat' dir='ltr'><strong>ridere,</strong></span> <span class='ocrx_word' id='word_1_787' title='bbox 3020 5027 3076 5074; x_wconf 86' lang='lat' dir='ltr'><strong>et</strong></span> <span class='ocrx_word' id='word_1_788' title='bbox 3125 5019 3376 5074; x_wconf 84' lang='lat' dir='ltr'><strong>Dominus</strong></span> <span class='ocrx_word' id='word_1_789' title='bbox 3417 5018 3472 5074; x_wconf 89' lang='lat' dir='ltr'><strong>iu</strong></span> <span class='ocrx_word' id='word_1_790' title='bbox 3513 5015 3812 5084; x_wconf 78' lang='lat' dir='ltr'><strong>Evangelia</strong></span> 
     </span>
    </p>
   </div>
   <div class='ocr_carea' id='block_1_110' title="bbox 2225 5108 3811 5184">
    <p class='ocr_par' dir='ltr' id='par_1_110' title="bbox 2225 5108 3811 5184">
     <span class='ocr_line' id='line_1_110' title="bbox 2225 5108 3811 5184; baseline -0.004 -19"><span class='ocrx_word' id='word_1_791' title='bbox 2225 5109 2405 5168; x_wconf 88' lang='lat' dir='ltr'><strong>dicat:</strong></span> <span class='ocrx_word' id='word_1_792' title='bbox 2445 5108 2672 5164; x_wconf 84' lang='lat' dir='ltr'><strong>Gaudete</strong></span> <span class='ocrx_word' id='word_1_793' title='bbox 2714 5119 2762 5164; x_wconf 88' lang='lat' dir='ltr'><strong>et</strong></span> <span class='ocrx_word' id='word_1_794' title='bbox 2800 5109 3080 5176; x_wconf 67' lang='lat' dir='ltr'><strong>tenuitate,</strong></span> <span class='ocrx_word' id='word_1_795' title='bbox 3123 5108 3366 5184; x_wconf 73' lang='lat' dir='ltr'><strong>quoniam</strong></span> <span class='ocrx_word' id='word_1_796' title='bbox 3403 5123 3601 5164; x_wconf 79' lang='lat' dir='ltr'><strong>merces</strong></span> <span class='ocrx_word' id='word_1_797' title='bbox 3644 5117 3811 5162; x_wconf 68' lang='lat' dir='ltr'><strong>castra</strong></span> 
     </span>
    </p>
   </div>
   <div class='ocr_carea' id='block_1_111' title="bbox 2228 5189 3369 5274">
    <p class='ocr_par' dir='ltr' id='par_1_111' title="bbox 2228 5189 3369 5274">
     <span class='ocr_line' id='line_1_111' title="bbox 2228 5189 3369 5274; baseline -0.002 -20"><span class='ocrx_word' id='word_1_798' title='bbox 2228 5217 2417 5274; x_wconf 82' lang='lat' dir='ltr'><strong>magna</strong></span> <span class='ocrx_word' id='word_1_799' title='bbox 2445 5211 2520 5256; x_wconf 84' lang='lat' dir='ltr'><strong>est</strong></span> <span class='ocrx_word' id='word_1_800' title='bbox 2546 5201 2600 5256; x_wconf 84' lang='lat' dir='ltr'><strong>in</strong></span> <span class='ocrx_word' id='word_1_801' title='bbox 2629 5201 2750 5256; x_wconf 73' lang='lat' dir='ltr'><strong>creto</strong></span> <span class='ocrx_word' id='word_1_802' title='bbox 2774 5189 2983 5270; x_wconf 66' lang='lat' dir='ltr'><strong>(Matt/1.</strong></span> <span class='ocrx_word' id='word_1_803' title='bbox 3019 5217 3078 5266; x_wconf 87' lang='lat' dir='ltr'><strong>v;</strong></span> <span class='ocrx_word' id='word_1_804' title='bbox 3111 5199 3236 5260; x_wconf 80' lang='lat' dir='ltr'><strong>Luc.</strong></span> <span class='ocrx_word' id='word_1_805' title='bbox 3261 5198 3369 5270; x_wconf 79' lang='lat' dir='ltr'><strong>vr)?</strong></span> 
     </span>
    </p>
   </div>
   <div class='ocr_carea' id='block_1_112' title="bbox 2301 5287 3806 5362">
    <p class='ocr_par' dir='ltr' id='par_1_112' title="bbox 2301 5287 3806 5362">
     <span class='ocr_line' id='line_1_112' title="bbox 2301 5287 3806 5362; baseline 0 -16"><span class='ocrx_word' id='word_1_806' title='bbox 2301 5292 2580 5346; x_wconf 79' lang='lat' dir='ltr'><strong>SALONIUS.</strong></span> <span class='ocrx_word' id='word_1_807' title='bbox 2609 5287 2724 5346; x_wconf 82' lang='lat' dir='ltr'><strong>Non</strong></span> <span class='ocrx_word' id='word_1_808' title='bbox 2755 5291 3099 5362; x_wconf 88' lang='lat' dir='ltr'><strong>reprehendit</strong></span> <span class='ocrx_word' id='word_1_809' title='bbox 3127 5290 3382 5350; x_wconf 71' lang='lat' dir='ltr'><strong>Salonini:</strong></span> <span class='ocrx_word' id='word_1_810' title='bbox 3403 5290 3568 5346; x_wconf 88' lang='lat' dir='ltr'><strong>risum</strong></span> <span class='ocrx_word' id='word_1_811' title='bbox 3595 5299 3806 5350; x_wconf 73' lang='lat' dir='ltr'><strong>namra-</strong></span> 
     </span>
    </p>
   </div>
   <div class='ocr_carea' id='block_1_113' title="bbox 2225 5367 3800 5456">
    <p class='ocr_par' dir='ltr' id='par_1_113' title="bbox 2225 5367 3800 5456">
     <span class='ocr_line' id='line_1_113' title="bbox 2225 5367 3800 5456; baseline 0.001 -21"><span class='ocrx_word' id='word_1_812' title='bbox 2225 5383 2354 5449; x_wconf 90' lang='lat' dir='ltr'><strong>lem,</strong></span> <span class='ocrx_word' id='word_1_813' title='bbox 2375 5381 2426 5436; x_wconf 93' lang='lat' dir='ltr'><strong>id</strong></span> <span class='ocrx_word' id='word_1_814' title='bbox 2457 5389 2538 5436; x_wconf 89' lang='lat' dir='ltr'><strong>est</strong></span> <span class='ocrx_word' id='word_1_815' title='bbox 2567 5382 2866 5436; x_wconf 89' lang='lat' dir='ltr'><strong>modestum</strong></span> <span class='ocrx_word' id='word_1_816' title='bbox 2890 5393 2944 5436; x_wconf 88' lang='lat' dir='ltr'><strong>et</strong></span> <span class='ocrx_word' id='word_1_817' title='bbox 2967 5381 3285 5446; x_wconf 84' lang='lat' dir='ltr'><strong>honestum;</strong></span> <span class='ocrx_word' id='word_1_818' title='bbox 3311 5367 3452 5456; x_wconf 86' lang='lat' dir='ltr'><strong>unde</strong></span> <span class='ocrx_word' id='word_1_819' title='bbox 3483 5369 3609 5436; x_wconf 87' lang='lat' dir='ltr'><strong>alibi</strong></span> <span class='ocrx_word' id='word_1_820' title='bbox 3637 5367 3762 5442; x_wconf 86' lang='lat' dir='ltr'><strong>dicit</strong></span> <span class='ocrx_word' id='word_1_821' title='bbox 3787 5398 3800 5436; x_wconf 86' lang='lat'><strong>:</strong></span> 
     </span>
    </p>
   </div>
   <div class='ocr_carea' id='block_1_114' title="bbox 2235 5457 3804 5544">
    <p class='ocr_par' dir='ltr' id='par_1_114' title="bbox 2235 5457 3804 5544">
     <span class='ocr_line' id='line_1_114' title="bbox 2235 5457 3804 5544; baseline -0.001 -20"><span class='ocrx_word' id='word_1_822' title='bbox 2235 5471 2325 5525; x_wconf 83' lang='lat' dir='ltr'><strong>Vir</strong></span> <span class='ocrx_word' id='word_1_823' title='bbox 2348 5473 2555 5544; x_wconf 79' lang='lat' dir='ltr'><strong>sapiens</strong></span> <span class='ocrx_word' id='word_1_824' title='bbox 2587 5481 2608 5507; x_wconf 75' lang='grc' dir='ltr'>η</span> <span class='ocrx_word' id='word_1_825' title='bbox 2645 5473 2826 5524; x_wconf 84' lang='lat' dir='ltr'><strong>tacitus</strong></span> <span class='ocrx_word' id='word_1_826' title='bbox 2856 5469 3040 5526; x_wconf 82' lang='lat' dir='ltr'><strong>ridebit</strong></span> <span class='ocrx_word' id='word_1_827' title='bbox 3075 5459 3269 5541; x_wconf 77' lang='lat' dir='ltr'><strong>(Eccle.</strong></span> <span class='ocrx_word' id='word_1_828' title='bbox 3313 5457 3472 5544; x_wconf 68' lang='lat' dir='ltr'><strong>xxx);</strong></span> <span class='ocrx_word' id='word_1_829' title='bbox 3505 5472 3600 5532; x_wconf 73' lang='lat' dir='ltr'><strong>sed</strong></span> <span class='ocrx_word' id='word_1_830' title='bbox 3641 5471 3804 5534; x_wconf 81' lang='lat' dir='ltr'><strong>risum</strong></span> 
     </span>
    </p>
   </div>
   <div class='ocr_carea' id='block_1_115' title="bbox 2221 5561 3800 5634">
    <p class='ocr_par' dir='ltr' id='par_1_115' title="bbox 2221 5561 3800 5634">
     <span class='ocr_line' id='line_1_115' title="bbox 2221 5561 3800 5634; baseline -0.001 -18"><span class='ocrx_word' id='word_1_831' title='bbox 2221 5561 2546 5618; x_wconf 86' lang='lat' dir='ltr'><strong>dissolutum‘</strong></span> <span class='ocrx_word' id='word_1_832' title='bbox 2561 5571 2614 5617; x_wconf 90' lang='lat' dir='ltr'><strong>et</strong></span> <span class='ocrx_word' id='word_1_833' title='bbox 2639 5561 3048 5624; x_wconf 82' lang='lat' dir='ltr'><strong>immoderatum</strong></span> <span class='ocrx_word' id='word_1_834' title='bbox 3069 5571 3230 5632; x_wconf 85' lang='lat' dir='ltr'><strong>atque</strong></span> <span class='ocrx_word' id='word_1_835' title='bbox 3253 5561 3680 5634; x_wconf 76' lang='lat' dir='ltr'><strong>perstrepentem</strong></span> <span class='ocrx_word' id='word_1_836' title='bbox 3711 5577 3800 5630; x_wconf 88' lang='lat' dir='ltr'><strong>ap-</strong></span> 
     </span>
    </p>
   </div>
   <div class='ocr_carea' id='block_1_116' title="bbox 2221 5653 3794 5724">
    <p class='ocr_par' dir='ltr' id='par_1_116' title="bbox 2221 5653 3794 5724">
     <span class='ocr_line' id='line_1_116' title="bbox 2221 5653 3794 5724; baseline -0.002 -15"><span class='ocrx_word' id='word_1_837' title='bbox 2221 5655 2385 5724; x_wconf 87' lang='lat' dir='ltr'><strong>pellat</strong></span> <span class='ocrx_word' id='word_1_838' title='bbox 2414 5669 2671 5720; x_wconf 78' lang='lat' dir='ltr'><strong>erroreru,</strong></span> <span class='ocrx_word' id='word_1_839' title='bbox 2701 5653 2820 5710; x_wconf 87' lang='lat' dir='ltr'><strong>talis</strong></span> <span class='ocrx_word' id='word_1_840' title='bbox 2849 5669 3040 5724; x_wconf 87' lang='lat' dir='ltr'><strong>nempe</strong></span> <span class='ocrx_word' id='word_1_841' title='bbox 3071 5653 3207 5710; x_wconf 88' lang='lat' dir='ltr'><strong>risus</strong></span> <span class='ocrx_word' id='word_1_842' title='bbox 3231 5663 3454 5710; x_wconf 87' lang='lat' dir='ltr'><strong>vocatur</strong></span> <span class='ocrx_word' id='word_1_843' title='bbox 3480 5654 3794 5710; x_wconf 80' lang='lat' dir='ltr'><strong>cachinnus:</strong></span> 
     </span>
    </p>
   </div>
  </div>
