4110 6336
244 296 391 407 .997

1235 355 1304 411 1N
1339 344 1842 412 ECCLESIASTEN
1878 342 2233 413 Expesmo
2270 358 2587 418 ursum.

3400 323 3554 430 ‘99;

286 462 533 519 similiter
552 478 659 521 non
679 465 972 537 spirituale,
995 467 1091 523 sed
1116 468 1411 539 temporale
1429 469 1679 539 gaudium
1702 474 1866 527 vocat
1888 472 1944 536 Α
2038 470 2319 528 διιοιιιιιε.
2343 471 2733 549 Nonnunquam
2754 457 3024 536 saecularis
3040 472 3320 552 prudentia
3338 484 3552 544 inimica

287 554 679 627 deceptionem,
726 557 808 614 liii
835 572 968 616 vero
1011 561 1105 631 qui
1152 561 1425 632 praeterita
1465 562 1606 618 mala
1636 572 1732 619 sua
1760 580 1870 619 non

284 644 570 719 plangunt,
602 654 778 720 neque
807 650 1110 722 intelligunt
1136 653 1344 708 ruinam
1373 650 1718 723 peccatomm
1741 660 1869 711 suo-

286 752 427 806 rum,
451 745 509 793 et
525 739 845 798 cachinnant
867 748 921 797 et
941 740 1176 812 gaudent
1196 739 1248 798 in
1275 736 1436 799 rebus
1464 742 1869 815 temporalibus",

286 829 411 897 quia
432 840 570 885 nova
592 839 642 885 et
669 832 857 888 brevia
879 828 1071 907 putant
1090 840 1208 889 esse
1231 833 1375 889 bona
1400 836 1681 909 perpetua,
1712 843 1767 890 et
1788 835 1870 891 id-

287 919 432 975 circo
459 921 724 977 suavitate
751 925 1029 993 praisentis
1056 923 1181 979 Vitae
1214 918 1425 996 decepti
1448 918 1690 1001 quotidie
1714 920 1872 995 hujus

286 1012 470 1067 stecuii
495 1026 680 1069 errore
708 1020 990 1070 vetantur.

358 1102 627 1161 VERANUS.
660 1100 797 1173 Quid
826 1115 909 1162 est
928 1104 1069 1177 quod
1091 1107 1165 1163 ait
1191 1127 1203 1162 :
1244 1104 1365 1163 Vidi
1383 1110 1437 1163 tn
1461 1106 1694 1167 omnibus
1723 1110 1871 1165 vanis

288 1208 446 1253 tatem
474 1209 522 1253 et
542 1196 868 1271 aﬂlictionem
889 1203 1071 1272 animi,
1094 1212 1143 1257 et
1169 1203 1300 1257 nihil
1322 1208 1626 1275 permanere
1648 1200 1741 1259 sub
1764 1204 1874 1263 sole

289 1289 486 1360 (Eccte.
512 1305 568 1355 ιι,
590 1300 662 1360 iv,
682 1308 753 1357 v1,
781 1306 873 1348 vm
900 1303 950 1347 et
977 1290 1111 1364 xu)?
1139 1290 1419 1360 Quomodo
1440 1286 1571 1351 dicit
1593 1292 1727 1350 nihil
1749 1298 1873 1365 per-

287 1397 510 1437 manere
537 1384 635 1438 sub
661 1384 777 1440 sole
804 1394 925 1440 cum
961 1387 1208 1465 superius
1234 1386 1430 1443 diierit
1464 1407 1477 1443 :
1512 1377 1673 1443 Terra
1703 1398 1874 1444 autem

288 1472 342 1526 in
373 1480 621 1528 mternum
652 1482 755 1529 stat
782 1473 978 1546 (Ecde.
1012 1468 1100 1548 ην

358 1564 638 1624 Suomus.
673 1574 697 1604 ⁸
719 1560 859 1622 Nihil
897 1569 1038 1624 enim
1082 1570 1417 1640 permanebit
1439 1571 1540 1626 sub
1578 1570 1692 1628 sole
1730 1569 1874 1641 quod

289 1674 394 1717 non
425 1664 679 1728 transeat,
710 1662 961 1732 quoniam
1004 1665 1184 1719 omnia
1232 1681 1369 1721 vana
1420 1672 1545 1721 sunt
1588 1683 1601 1719 :
1648 1660 1789 1719 unde
1819 1664 1872 1719 in

288 1749 575 1822 Evangelio
600 1755 676 1808 ait
719 1752 1015 1811 Dominus:
1064 1748 1259 1810 Caium
1302 1764 1351 1810 et
1401 1766 1537 1810 terra
1586 1754 1876 1811 transibunt

1972 559 2085 617 Deo
2114 569 2227 627 est,
2259 569 2314 617 et
2361 565 2592 622 carnalis
2623 568 2918 639 sapientia,
2964 572 3206 642 quamvis
3234 573 3554 646 eloquentia:
3627 634 3643 649 ,

1972 644 2196 706 tioribus
2226 656 2538 737 exornetur,
2569 657 2771 713 nullum
2802 664 2977 715 tamen
3009 660 3063 715 in
3104 678 3162 718 se
3198 644 3551 737 spiritualem,
3627 644 3641 691 ἢ

1972 738 2176 795 nullum
2205 749 2477 819 perpetire
2505 732 2849 803 beatitudinis
2878 744 3110 807 fructum
3138 732 3377 809 continet
3401 774 3413 808 :

1973 824 2062 886 ille
2080 831 2343 886 veraciter
2356 838 2439 888 est
2459 833 2673 906 sapiens
2695 834 2787 910 qui
2809 838 3090 897 Dominum
3116 841 3306 915 diligit,
3327 846 3417 921 qui
3437 846 3555 921 ejus

1972 922 2222 977 mandata
2248 924 2502 995 custodit,
2533 932 2587 982 et
2615 930 2872 998 Quantum
2904 933 3157 1007 possibile
3186 944 3267 991 est
3307 934 3555 994 humana:

1971 1009 2263 1082 fragilitali,
2295 1014 2411 1084 ejus
2455 1016 2785 1077 voluntatem
2832 1021 2884 1078 in
2935 1026 3183 1082 omnibus
3224 1029 3403 1084 studet
3450 1030 3552 1085 im-

1973 1101 2141 1174 plere,
2175 1103 2242 1159 de
2283 1114 2390 1175 quo
2418 1106 2579 1177 paulo
2607 1104 2829 1167 inferius
2856 1112 2986 1171 dicit
3019 1134 3030 1169 :
3073 1115 3289 1174 Homini
3317 1116 3468 1186 bona,
3501 1126 3554 1178 in

1974 1204 2243 1267 conspectu
2272 1208 2365 1279 suo
2388 1199 2525 1254 dedit
2565 1199 2705 1258 Deus
2744 1207 3071 1279 sapientiam,
3095 1218 3144 1264 et
3183 1212 3471 1280 scientiam,
3507 1225 3556 1269 et

1975 1284 2210 1343 lwliliam
2234 1288 2445 1361 (Ibid).

2046 1368 2318 1434 Vanam.
2346 1378 2523 1453 Quare
2549 1386 2730 1440 statim
2753 1378 3023 1467 subiungit
3047 1406 3059 1444 :
3089 1388 3362 1449 Peccatari
3387 1396 3558 1452 autem

1976 1468 2115 1524 dedit
2141 1466 2468 1542 dﬂictionem
2495 1482 2542 1528 et
2571 1490 2746 1529 curam
2775 1478 3087 1551 superﬂuam
3113 1499 3130 1537 :
3161 1484 3207 1538 si
3245 1486 3388 1541 enim
3419 1484 3557 1545 Deus

1977 1559 2245 1649 peceatori
2268 1554 2471 1617 homini
2492 1550 2639 1621 dedit
2660 1550 2843 1621 curam
2867 1576 2920 1623 et
2940 1570 3355 1649 sollicitudinem
3376 1592 3557 1649 super-

1977 1638 2136 1703 liuam
2167 1644 2392 1719 habere;
2425 1646 2550 1722 quid
2579 1660 2708 1725 ergo
2736 1656 2851 1731 ipse
2879 1664 3087 1735 peccat,
3119 1648 3162 1718 si
3203 1663 3345 1721 curis
3371 1638 3558 1738 super-

1977 1741 2096 1798 lluis
2150 1754 2311 1815 atque
2366 1740 2725 1805 sollicitudine
2774 1750 2954 1807 rerum
3003 1757 3375 1828 temporalium
3424 1757 3557 1817 allii-

289 1843 502 1913 (Matth.
527 1846 673 1916 XXIV)
700 1863 714 1910 ;
737 1850 973 1902 attamen
1000 1850 1142 1902 terra
1172 1846 1225 1900 in
1248 1848 1506 1901 aeternum
1530 1842 1711 1913 stabit,
1743 1844 1868 1917 quia
1897 1830 1947 1908 Β
1976 1834 2163 1901 εῑιοιδῖ

288 1929 396 1989 non
436 1934 673 1992 funditus
702 1935 1028 2003 destruetur,
1060 1936 1157 1993 sed
1183 1926 1574 2004 meliorabitur,
1609 1937 1748 1997 sicut
1784 1936 1869 1993 di-
1910 1991 1927 2002 _

288 2036 432 2083 ctum
463 2037 547 2085 est
575 2030 841 2099 snperius.

356 2121 624 2177 VEBANUS.
652 2121 830 2189 Quare
845 2120 970 2178 dicit
996 2141 1007 2175 :
1034 2122 1301 2194 Sapientis
1322 2120 1458 2178 oculi
1476 2122 1529 2177 in
1552 2122 1717 2195 capite
1735 2124 1866 2195 ejus,

289 2213 473 2267 stultus
497 2220 666 2267 autem
692 2212 748 2266 in
778 2211 996 2268 tenebris
1021 2211 1249 2268 ambulat
1279 2202 1476 2284 (Eccita.
1500 2210 1596 2284 n)?
1622 2202 1871 2285 Nunquid

288 2304 430 2359 oculi
457 2303 604 2358 stulti
632 2318 739 2358 non
760 2311 884 2358 sunt
912 2304 965 2358 in
988 2291 1163 2373 capite
1191 2303 1360 2376 ipsius
1390 2304 1408 2359 Ι

358 2393 641 2449 8Αιιοκιυε.
669 2392 824 2450 Oculi
852 2393 906 2449 in
934 2393 1039 2449 hoc
1075 2393 1198 2450 loco
1227 2410 1335 2453 non
1365 2394 1591 2466 possunt
1614 2398 1871 2469 corpora-

288 2486 399 2551 les,
442 2484 537 2539 sed
564 2485 870 2555 spirituales
904 2484 1165 2553 intelligi:
1208 2485 1350 2541 oculi
1377 2484 1630 2542 videlicet
1649 2486 1865 2557 mentis,

288 2578 342 2632 id
371 2582 454 2632 est
482 2589 669 2632 sensus
709 2578 765 2632 et
792 2577 1117 2633 intentiones
1169 2578 1350 2633 animi.
1401 2578 1504 2633 Per
1549 2587 1710 2648 caput
1738 2578 1868 2643 vero

288 2668 604 2738 designatur
632 2668 901 2737 Christus,
933 2670 1074 2726 unde
1111 2666 1402 2741 Apostolus
1440 2670 1551 2727 ait:
1584 2666 1749 2741 Caput
1770 2669 1868 2725 viri

285 2758 519 2813 Christus
541 2757 597 2829 (Ι
617 2758 739 2813 Cor.
758 2759 856 2830 χι).
873 2758 1026 2815 Oculi
1046 2761 1143 2816 viri
1171 2760 1429 2832 sapientis
1449 2762 1501 2817 in
1523 2763 1698 2834 capite
1720 2770 1862 2832 sunt,

283 2850 410 2920 quia
433 2851 517 2905 vir
546 2851 762 2921 sapiens
792 2866 1006 2908 omnem
1035 2853 1389 2911 intentionem
1427 2868 1577 2910 suam
1617 2855 1685 2910 ad
1709 2852 1866 2911 Chri-

282 2950 423 2999 stum
453 2941 667 3012 dirigit,
723 2952 778 2999 et
814 2945 866 3000 in
890 2943 1103 3001 Christo
1136 2946 1393 3012 collocat,
1451 2954 1506 3001 et
1543 2946 1729 3002 oculos
1756 2958 1868 3002 Sua:

281 3032 479 3089 mentis
503 3046 717 3105 semper
736 3032 803 3089 ad
822 3036 1064 3091 calestia
1086 3037 1393 3092 meditanda
1417 3038 1662 3093 sublevat
1688 3058 1699 3093 :
1728 3036 1863 3093 stul-

282 3130 367 3177 tus
393 3137 527 3179 vero
556 3124 611 3178 in
632 3122 869 3180 tenebris
898 3125 1153 3189 ambulat,
1180 3128 1304 3196 quia
1334 3135 1388 3183 et
1415 3128 1654 3183 Stultitize
1681 3127 1861 3197 simul,

2046 1924 2327 1983 Summus.
2359 1928 2532 1987 Causa
2560 1924 2845 2007 superﬂuae
2871 1951 3012 1991 cura:
3042 1941 3203 2011 atque
3228 1938 3380 1995 mala:
3408 1938 3557 2007 solli-

1972 2018 2221 2077 citudinis
2250 2028 2356 2078 non
2385 2032 2471 2080 est
2499 2020 2553 2079 in
2581 2024 2716 2095 Deo,
2761 2027 2855 2083 sed
2886 2026 2940 2087 in
2970 2014 3061 2089 illo
3091 2031 3181 2100 qui
3212 2041 3337 2087 ante
3366 2042 3559 2105 sponte

1972 2120 2068 2164 sna
2091 2112 2352 2181 peccavit,
2372 2113 2496 2186 quia
2519 2114 2758 2187 peccatis
2779 2117 2890 2174 suis
2911 2118 3246 2195 exigentibus
3266 2124 3559 2193 promeruit

1973 2206 2033 2289 ut
2056 2200 2280 2261 haberet
2319 2222 2502 2262 curam
2550 2207 2871 2289 superfluam
2919 2210 2974 2267 et
3018 2210 3471 2270 sollicitudinem:
3505 2222 3559 2271 et

1972 2288 2094 2350 ideo
2125 2295 2268 2367 quod
2297 2298 2409 2353 ait:
2440 2288 2713 2355 Peccatori
2756 2311 2925 2359 autem
2975 2302 3115 2363 dedit
3160 2323 3336 2367 curant
3375 2326 3558 2380 super—

1971 2384 2167 2454 ﬂuam,
2199 2387 2601 2459 intelligendum
2650 2401 2761 2461 est,
2813 2393 2924 2450 suis
2970 2396 3179 2457 meritis
3220 2399 3559 2469 exigentibus

1971 2475 2085 2531 dari
2108 2478 2373 2555 permisit,
2399 2481 2650 2541 videlicet
2678 2480 2802 2555 quia
2832 2480 3084 2556 peccatbr
3116 2484 3233 2551 fuit.

2040 2562 2310 2627 VERANUS.
2341 2564 2478 2649 Quid
2500 2571 2613 2625 vult
2633 2570 3009 2631 demonstrare
3028 2592 3127 2647 per
3148 2574 3251 2639 hoc
3276 2570 3423 2649 quod
3446 2579 3553 2637 ait:

1972 2649 2161 2709 Omnia
2188 2662 2381 2729 tempus
2403 2644 2593 2714 habent
2618 2656 2814 2735 (Eccie.
2833 2654 2911 2735 ιιι)
2927 2662 2950 2718 ‘?
2969 2644 3123 2743 Quod
3145 2665 3190 2721 si
3218 2644 3395 2723 omnia
3425 2677 3558 2725 tem-

1969 2752 2069 2817 pus
2093 2747 2313 2815 habent,
2343 2762 2472 2819 ergo
2500 2764 2714 2810 mtemze
2736 2744 3039 2821 Divinitatis
3067 2756 3384 2827 substantia,
3418 2768 3556 2821 tem-

1974 2852 2075 2907 pus
2104 2836 2299 2893 habet?

2040 2926 2319 2983 SALONIUS.
2353 2928 2536 2999 Absit;
2568 2929 2656 2988 illa
2683 2933 2882 3007 quippe
2911 2928 3191 2993 ineli‘abilis
3210 2945 3412 2995 mterna
3443 2956 3554 2999 ma-

1963 3016 2177 3087 jestatis
2201 3016 2394 3077 divinae
2420 3023 2652 3079 essentia
2674 3041 2791 3096 qua:
2821 3027 2999 3082 omnia
3028 3028 3233 3091 creavit
3261 3046 3328 3089 ex
3364 3024 3550 3101 nihilo,

1968 3122 2076 3164 non
2122 3110 2241 3165 luco
2284 3111 2568 3183 clauditur,
2602 3131 2709 3171 non
2741 3126 2986 3197 tempore
3014 3116 3414 3190 coangustatur,
3446 3140 3553 3179 non

280 3226 337 3271 et
355 3225 699 3286 peccatorum
726 3233 944 3274 suorum
966 3218 1201 3273 tenebris
1228 3218 1565 3283 obscuratur,
1598 3228 1653 3275 et
1680 3222 1865 3277 amore

1968 3201 2078 3257 ullo
2105 3200 2281 3275 spatio
2312 3204 2627 3262 terminatur
2651 3227 2663 3261 :
2690 3217 2744 3263 et
2764 3209 2965 3271 idcirco
2987 3208 3261 3281 Salomon,
3286 3222 3345 3268 ut
3371 3220 3552 3273 esten-

282 3308 441 3379 hujus
468 3310 653 3365 mundi
682 3309 1025 3376 obscuratur;
1055 3308 1171 3366 odit
1200 3311 1343 3366 enim
1369 3308 1632 3380 etelestia,
1660 3319 1714 3369 et
1737 3312 1861 3368 ideo

278 3404 388 3454 hon
415 3402 615 3470 potest,
640 3399 779 3455 sicut
805 3398 887 3454 vir
914 3400 1126 3471 sapiens
1144 3444 1157 3469 ,
1193 3399 1260 3456 ad
1288 3400 1482 3457 etelum
1520 3401 1706 3458 oculos
1734 3403 1861 3458 suos

278 3490 518 3558 erigere,
549 3490 673 3560 quia
702 3498 810 3545 non
837 3492 1040 3560 cogitat
1063 3506 1127 3546 ea
1150 3506 1267 3562 qua:
1298 3490 1393 3547 Dei
1421 3500 1543 3547 Sunt
1560 3537 1574 3561 ,
1619 3493 1715 3548 sed
1742 3502 1861 3562 qua:

278 3578 438 3649 hujus
468 3579 669 3636 smculi.

348 3672 618 3730 VERANUS.
662 3668 799 3741 Quid
829 3688 959 3744 ergo
985 3673 1147 3730 distat
1181 3676 1318 3730 inter
1346 3675 1517 3730 virum
1557 3654 1860 3746 sapientem

274 3770 332 3816 et
358 3764 616 3819 stultum?

345 3855 627 3910 Summus.
661 3854 776 3912 lio'c
804 3852 998 3921 distat,
1042 3857 1167 3927 quia
1194 3856 1297 3912 iste
1326 3857 1588 3928 sapientia
1614 3866 1671 3914 et
1697 3859 1859 3915 clari-
1884 3866 1891 3869 '

274 3953 386 3999 tate
407 3945 702 3999 illustratur
718 3954 775 4001 et
798 3955 1116 4012 exornatur;
1145 3947 1234 4002 ille
1257 3963 1389 4002 vero
1412 3964 1597 4004 errore
1618 3949 1859 4005 stultitia:

274 4050 384 4090 sua:
443 4032 831 4090 obtenebratur
887 4043 943 4090 et
990 4036 1324 4092 deturbatur.
1384 4034 1615 4093 Tantum
1663 4040 1859 4111 quippe

274 4124 435 4179 distat
455 4125 596 4179 inter
614 4126 913 4196 sapientem
934 4135 988 4181 et
1007 4126 1252 4193 stultum,
1276 4130 1533 4196 quantum
1555 4127 1693 4184 inter
1714 4114 1858 4185 diem

274 4223 329 4270 et
358 4220 571 4271 noctem
592 4256 606 4281 ,
638 4216 812 4272 lucem
839 4222 895 4272 et
924 4216 1192 4273 tenebras.

346 4304 617 4360 νειιιικυε.
647 4304 930 4373 Quomodo
968 4314 1171 4362 tantum
1210 4307 1371 4364 distat
1402 4309 1538 4365 inter
1561 4312 1856 4382 sapientem

270 4404 331 4453 et
378 4398 633 4477 stultum,-
685 4410 807 4453 cum
854 4413 988 4453 unus
1036 4397 1103 4453 sit
1152 4400 1390 4455 interitus
1437 4403 1740 4479 utriusque:
1783 4406 1858 4461 sic

267 4489 410 4543 enim
441 4489 656 4543 moritur
676 4488 855 4543 doetus
883 4489 1222 4557 utindoctus,
1275 4492 1481 4564 sapiens
1512 4500 1569 4547 ut
1607 4495 1855 4568 insipiens

269 4578 471 4653 (Eccle.
510 4579 607 4650 1|)?

344 4666 627 4723 SALONIUS.
642 4667 897 4735 Quamvis
918 4686 1054 4727 unus
1072 4672 1143 4727 sit
1161 4682 1406 4742 occasus,
1428 4685 1484 4730 et
1505 4674 1694 4731 similis
1712 4686 1858 4734 mors

254 4758 534 4828 .sapientis
557 4767 611 4814 et
634 4761 803 4827 stulti,
836 4769 892 4817 et
910 4767 1054 4832 smpe
1082 4763 1137 4818 in
1159 4762 1261 4820 hac
1280 4764 1388 4820 vita
1408 4767 1576 4835 magis
1595 4766 1858 4836 aiiligatur

265 4850 496 4919 sapiens
527 4864 689 4919 quam
710 4851 935 4917 stultus;
971 4862 1147 4909 tamen
1176 4866 1283 4909 non
1306 4856 1411 4910 erit
1431 4854 1620 4911 similis
1642 4866 1851 4914 memo-

262 4942 350 4998 ria
390 4941 445 4995 in
481 4939 661 4996 mtnro
691 4952 792 4997 nec
818 4942 1079 5011 aqualem
1117 4944 1421 5014 percipient
1461 4947 1854 5004 remuneratio-

264 5036 425 5098 nem,‘
437 5032 692 5102 quoniam
719 5032 938 5102 sapiens
966 5032 1022 5087 in
1044 5031 1133 5088 die
1147 5032 1333 5103 judiéii
1355 5026 1426 5091 ad
1446 5039 1597 5106 regni
1619 5034 1855 5096 caelestis

265 5122 563 5191 elevabitur
582 5122 828 5193 gloriam,
847 5121 1041 5179 stultus
1057 5128 1187 5180 tero
1206 5120 1552 5194 demergetur
1572 5128 1626 5183 in
1648 5135 1852 5184 atterna

264 5214 627 5271 damnationis
654 5220 948 5270 tormenta.

340 5302 608 5359 Vesanus.
655 5303 787 5371 Quis
837 5312 922 5361 est
957 5319 1087 5375 ergo
1122 5306 1224 5362 iste
1262 5308 1479 5376 sapiens
1514 5310 1606 5378 qui
1645 5312 1854 5365 tantum

266 5395 432 5449 distat
470 5411 501 5450 a
529 5395 695 5451 stulto
717 5403 976 5465 quantum
1004 5396 1096 5451 lux
1131 5412 1162 5450 a
1193 5397 1462 5452 tenebris?
1488 5396 1737 5469 Nunquid
1764 5399 1855 5456 ille

269 5487 360 5557 qui
385 5487 767 5559 philosophicas
792 5494 1000 5545 tantum
1036 5488 1331 5560 disciplina:
1359 5488 1528 5560 pollet
1554 5488 1855 5558 affluentia,

270 5578 355 5633 vel
381 5578 676 5633 liberalium
705 5580 899 5634 artium
933 5579 1178 5649 splendet
1205 5579 1512 5649 eloquentia
1543 5582 1566 5636 ?

339 5771 368 5801 ει
398 5761 547 5818 Nihil
570 5748 705 5817 enim
733 5779 830 5844 pro
855 5763 988 5830 Quid
1010 5764 1153 5818 nihil.

1965 3290 2118 3351 deret
2146 3295 2212 3351 de
2250 3297 2442 3368 quibus
2470 3300 2575 3355 hoc
2595 3294 2817 3367 dixerit,
2842 3304 3021 3363 statim
3049 3298 3319 3377 subjungit
3346 3306 3548 3365 dicens;

1965 3380 2039 3439 Et
2063 3388 2168 3440 suis
2196 3390 2379 3458 spatiis
2412 3398 2678 3447 transeunt
2705 3392 2944 3447 universa
2964 3384 3055 3455 sub
3080 3392 3224 3451 caelo.
3250 3380 3376 3453 Vult
3405 3399 3548 3454 enim

1964 3475 2334 3535 demonstrare
2362 3478 2508 3551 quod
2543 3483 2812 3539 contraria
2843 3480 2944 3541 sibi
2973 3496 3099 3549 sunt
3138 3488 3319 3545 omnia
3345 3504 3466 3563 qua:
3494 3490 3549 3546 in

1963 3567 2165 3623 mundo
2194 3577 2338 3634 sunt,
2371 3574 2425 3625 et
2457 3571 2587 3626 nihil
2614 3578 3036 3653 estperpetuum
3061 3594 3127 3632 ex
3158 3566 3404 3635 omnibus
3431 3595 3551 3650 quae

1962 3654 2062 3715 sub
2089 3660 2228 3716 caelo
2254 3668 2399 3728 sunt,
2431 3668 2485 3717 et
2517 3663 2617 3719 ista
2642 3667 2855 3737 tempus
2886 3666 3184 3727 continent.

2033 3749 2303 3808 Ven/inus.
2334 3754 2409 3809 De
2437 3764 2539 3825 qua
2572 3756 2905 3837 plantatione
2933 3760 3029 3829 ait,
3052 3754 3144 3815 aut
3168 3756 3235 3817 de
3263 3777 3367 3831 qua
3395 3754 3556 3817 evuli

1962 3844 2114 3899 sione
2136 3838 2372 3916 loquitur
2398 3862 2518 3903 cum
2549 3840 2679 3903 dicit
2704 3867 2715 3901 :
2746 3846 2962 3921 Tempus
2982 3840 3241 3921 plantadi,
3263 3862 3311 3911 et
3351 3862 3545 3924 tempus

1960 3933 2206 3988 evellendi
2255 3935 2393 4006 quod
2425 3930 2719 4009 plumatum
2763 3947 2839 3993 est
2893 3926 3081 4019 (Ῑὸἰά.)
3126 3957 3143 3995 :
3188 3930 3436 4011 Nunquid
3476 3943 3547 4001 de

1961 4025 2294 4105 plantatione
2339 4036 2432 4081 aut
2484 4027 2762 4086 evulsione
2809 4024 3060 4098 arborum
3115 4041 3209 4091 aut
3258 4030 3548 4099 herbarum

1961 4115 2132 4173 dicit?
2804 4122 2807 4123 ⁷
2878 4171 2883 4175 ,

2032 4206 2311 4266 διιοκισε.
2343 4202 2460 4267 Non
2480 4251 2494 4276 ,
2526 4208 2620 4267 sed
2648 4206 2716 4279 de
2755 4210 3038 4270 nativitate
3080 4223 3138 4271 et
3162 4223 3339 4271 morte
3366 4210 3547 4281 homi-

1961 4319 2127 4361 num:
2162 4321 2283 4358 nam
2310 4302 2457 4379 quod
2502 4304 2748 4377 superius
2790 4300 2926 4371 dixit
2960 4325 2973 4360 :
3011 4296 3229 4380 Tempus
3277 4309 3548 4374 nascendi,

1961 4393 2066 4449 hoc
2094 4402 2175 4449 est
2204 4392 2348 4465 quod
2390 4398 2655 4467 sequitur,
2685 4407 2734 4451 et
2763 4405 2961 4473 tempus
2987 4398 3268 4469 plantandi
3287 4417 3305 4453 :
3336 4394 3440 4456 hoc
3466 4405 3549 4455 est

1960 4480 2103 4540 enim
2131 4485 2376 4557 plantare
2402 4482 2545 4558 quod
2574 4488 2833 4553 nascitur.
2864 4487 3019 4555 Quod
3050 4504 3210 4558 supra
3237 4484 3385 4553 dicit,
3417 4496 3545 4541 tem-

1883 4584 1935 4652 υ
1960 4584 2055 4645 pus
2083 4574 2355 4641 moriendi,
2385 4576 2489 4633 hoc
2516 4586 2597 4632 est
2626 4577 2770 4649 quod
2801 4578 2887 4633 hic
2914 4580 3173 4648 sequitur,
3198 4585 3395 4648 tempus
3414 4575 3547 4632 evel—

1967 4662 2103 4720 lendi
2132 4667 2187 4720 id
2212 4667 2347 4739 quod
2366 4668 2653 4739 plantatum
2682 4678 2756 4725 est
2781 4685 2798 4721 :
2824 4685 2946 4722 nam
2977 4661 3153 4734 evelli,
3178 4668 3280 4727 hoc
3303 4674 3387 4723 est
3403 4669 3547 4747 quod

1959 4760 2014 4810 et
2042 4757 2200 4811 mori.
2234 4757 2349 4811 Soli
2378 4758 2576 4829 quippe
2606 4756 2716 4813 Deo
2760 4766 2919 4812 notus
2948 4767 3029 4813 est
3057 4767 3210 4824 ortus
3238 4764 3294 4814 et
3320 4774 3547 4825 occasus

1957 4845 2235 4901 hominum
2255 4887 2270 4913 ,
2301 4844 2352 4902 id
2381 4850 2462 4903 est
2510 4857 2721 4919 tempus
2749 4849 3035 4916 nascendi,
3077 4858 3132 4906 et
3161 4858 3372 4921 tempus
3418 4866 3547 4925 per-

1956 4936 2138 5003 eundi,
2162 4944 2216 4992 et
2233 4945 2442 5009 tempus
2461 4936 2759 5009 plantandi,
2779 4942 2834 4996 et
2857 4938 3069 5014 tempus
3089 4938 3350 4998 evellendi
3370 4959 3386 4996 :
3409 4944 3545 5012 quo-

1959 5028 2104 5082 niam
2135 5029 2250 5098 ipse
2294 5030 2524 5085 instituit
2568 5039 2623 5087 et
2670 5040 2880 5103 tempus
2925 5026 2979 5093 in
3024 5048 3132 5105 quo
3177 5032 3544 5105 unusquisque

1956 5126 2266 5177 nasceretur
2286 5126 2341 5177 et
2362 5118 2701 5194 plantaretur
2728 5123 2794 5179 ad
2825 5125 3012 5194 vitam,
3039 5133 3093 5180 et
3122 5132 3331 5194 tempus
3358 5123 3411 5178 in
3432 5138 3541 5193 quo

1955 5220 2256 5269 moreretur
2283 5221 2339 5269 et
2363 5215 2430 5271 de
2470 5208 2573 5272 bac
2613 5217 2723 5274 vita
2770 5217 3120 5287 evelleretur;
3166 5217 3271 5273 hoc
3317 5224 3399 5281 est
3442 5232 3542 5289 per

1955 5304 2275 5359 sententiam
2305 5306 2495 5362 mortis
2522 5304 2909 5371 eradicaretur.
2994 5380 3000 5384 δ

2029 5396 2293 5454 νεηΑιηυε.
2324 5384 2462 5467 Quid
2481 5408 2563 5456 est
2582 5400 2724 5470 quod
2748 5401 2941 5455 iterum
2963 5398 3093 5459 dicit
3118 5417 3131 5454 :
3165 5398 3381 5479 Tempus
3402 5416 3539 5459 acet—

1957 5488 2113 5543 dendi
2140 5497 2188 5544 et
2210 5499 2404 5560 tempus
2423 5493 2649 5547 sanandi
2673 5490 2896 5566 (Ibid)?
2918 5490 3055 5549 Nulli
3075 5491 3273 5567 quippe
3294 5492 3536 5559 dubium,

1956 5584 2102 5655 quod
2132 5592 2342 5655 tempus
2362 5582 2588 5645 sanandi
2609 5600 2639 5640 a
2661 5576 2773 5643 Deo
2794 5572 3123 5655 conceditur,
3142 5584 3238 5641 sed
3259 5599 3535 5658 nunquam
