4110 6336
557 352 666 409 999

1825 339 2087 398 SALONII
2127 334 2514 398 VlENNENSl3

3683 314 3865 392 tooo'

485 458 491 473 ³
556 473 697 528 Deus
741 468 968 525 instituit
1025 474 1238 536 tempus
1290 463 1567 520 occidendi
1615 463 1774 516 alium
1821 479 1835 513 :
1867 468 1963 515 aut
2009 475 2131 516 eum
2160 464 2205 523 Α
2235 457 2319 513 lue
2348 456 2562 529 (Matth.
2594 458 2695 527 ιιι).
2729 457 2967 529 Tempus
2994 458 3138 514 enim
3165 457 3268 513 fuit
3292 457 3577 530 spargendi
3614 458 3835 531 lapides

553 577 711 634 quem
734 559 898 616 semel
928 556 1189 613 occiderit
1211 555 1395 621 homo,
1421 553 1623 625 poterit
1649 566 1881 620 unquam
1909 562 2122 604 sanare.

619 652 896 717 SALomus.
930 648 1049 703 Non
1078 646 1290 720 utique;
1314 645 1409 700 sed
1441 644 1517 698 illi
1548 643 1651 700 soli
1680 650 1762 697 est
1792 650 2005 710 tempus
2031 653 2128 695 oc-

550 742 761 800 cidendi
802 750 857 798 et
886 749 1096 811 tempus
1121 736 1376 803 sanandi,
1407 735 1500 806 qui
1528 750 1626 806 per
1653 732 1836 789 Mosen
1866 730 2124 801 loquitur,

547 836 733 891 dicens
757 851 770 886 :
802 831 915 904 Ego
936 829 1167 885 occidam
1199 836 1248 883 et
1275 843 1369 899 ego
1395 827 1560 882 uiuere
1588 825 1814 897 faciam,
1838 822 2122 896 percutiam

548 937 595 981 et
616 944 707 996 ego
730 924 927 980 sonabo
947 922 1125 993 (Deut.
1148 920 1337 992 mn).
1359 918 1482 990 Ipse
1500 917 1753 973 nimirum
1776 913 1967 971 statuit
1987 920 2126 968 tem-

547 1034 647 1089 pus
677 1018 728 1071 in
777 1031 886 1085 quo
938 1019 1252 1086 peccatores
1280 1009 1595 1067 occidantur
1617 1049 1634 1076 ,
1666 1015 1722 1063 et
1749 1013 2008 1062 sanentur
2037 1003 2122 1059 in-

549 1111 705 1175 tirmi,
738 1111 842 1165 hoc
867 1115 950 1164 est
974 1105 1211 1179 peccatis
1237 1101 1494 1173 languidi.
1527 1101 1677 1157 Tunc
1722 1100 1867 1155 enim
1902 1095 2123 1163 occidit,

549 1219 667 1258 cum
702 1202 783 1257 vel
810 1199 1055 1271 corporis
1082 1195 1392 1252 inﬁmitate
1419 1195 1506 1250 vel
1535 1193 1713 1262 aliqua
1741 1189 1924 1247 mundi
1967 1187 2128 1263 hujus

550 1291 875 1347 adversitate
902 1295 1217 1361 peccatores
1262 1282 1450 1354 afﬂigit
1474 1290 1534 1339 ut
1552 1282 1897 1352 corrigantur
1925 1287 1980 1335 et
2004 1293 2125 1334 mo-

549 1386 755 1439 riantur
778 1380 1035 1453 peccatis,
1064 1386 1119 1435 et
1157 1377 1341 1433 vivant
1368 1363 1687 1445 Deo.'S:epe
1724 1385 1955 1442 namque
1982 1369 2128 1429 Deus

550 1473 672 1529 ideo
700 1471 936 1543 ﬂagellat
964 1470 1273 1534 sceleratos,
1319 1474 1378 1521 ut
1405 1481 1501 1522 eos
1529 1464 1738 1521 occidat
1782 1471 1838 1519 et
1864 1469 2045 1529 sanet,
2076 1462 2129 1519 id

549 1573 633 1619 est
670 1571 727 1618 ut
749 1562 996 1617 desinant
1019 1574 1138 1616 esse
1157 1555 1468 1630 quodLsunt,
1489 1563 1545 1612 et
1570 1554 1827 1626 incipiant
1845 1568 1965 1609 esse
1985 1552 2126 1624 quod

552 1672 658 1711 non
684 1663 827 1710 sunt.
857 1651 954 1707 Est
983 1667 1112 1722 ergo
1143 1660 1339 1722 tempus
1359 1646 1609 1715 sanandi,
1632 1661 1755 1703 cum
1784 1646 1925 1701 Deus
1948 1644 2128 1701 omni-

551 1752 741 1819 potens
768 1761 862 1801 eos
886 1759 1022 1813 quos
1049 1740 1263 1809 occidit,
1291 1740 1347 1797 id
1372 1747 1459 1796 est
1484 1737 1896 1795 adversitatibus
1919 1735 2128 1792 miseri-

2232 557 2358 603 ante
2384 547 2672 604 adventum
2700 548 2930 613 Domini,
2962 549 3088 619 quia
3116 550 3345 618 gentiles
3366 566 3475 607 non
3497 566 3832 621 permanse-

2224 649 2354 721 runt
2382 640 2439 696 in
2485 640 2694 695 unitate
2742 638 2883 708 ﬁdei,
2914 640 3009 697 sed
3033 640 3348 697 recedentes
3373 635 3425 697 a'
3448 641 3563 698 Deo
3589 643 3835 714 dispersi

2229 738 2375 796 sunt,
2416 731 2541 802 quia
2591 731 2770 787 varios
2811 730 2945 788 deos
2986 731 3315 799 adorabant,
3347 742 3403 789 et
3430 734 3646 791 diversa
3674 735 3829 791 idola

2228 823 2481 879 colebant
2511 841 2524 875 :
2560 831 2771 894 tempus
2797 831 2979 880 autem
3006 822 3107 879 fuit
3133 823 3419 894 colligendi
3460 823 3677 897 lapides
3693 834 3833 898 post

2229 913 2517 969 adventum
2564 913 2798 981 Domini,
2828 913 2976 984 quia,
3005 914 3148 970 sicut
3173 898 3466 986 Apostolus
3501 916 3634 973 dicit
3666 934 3681 971 :
3717 916 3833 973 Ubi

2227 1006 2423 1059 venerit
2467 1003 2735 1076 plenitudo
2784 1005 3047 1077 temporis,
3077 1006 3220 1061 misit
3262 1005 3405 1061 Deus
3432 1005 3635 1062 Filium
3660 1024 3831 1062 suum

2228 1096 2429 1167 factum
2454 1112 2520 1150 ea:
2540 1095 2773 1163 muliere,
2795 1085 2993 1168 factum
3021 1096 3115 1152 sub
3143 1097 3274 1169 lege,
3296 1106 3354 1152 ut
3373 1114 3461 1154 eos
3480 1100 3571 1169 qui
3591 1098 3685 1153 sub
3706 1099 3833 1170 lege

2227 1194 2380 1241 eram
2407 1186 2709 1255 redimeret,
2739 1194 2796 1242 ut
2834 1186 3165 1259 adoptionem
3207 1188 3437 1257 ﬁliorum
3470 1190 3832 1258 reciperantis

2229 1276 2375 1351 (Gal.
2407 1278 2505 1351 tv).
2530 1277 2683 1336 Tunc
2708 1278 2910 1351 quippe
2933 1280 3098 1351 erepit
3124 1280 3379 1351 colligere
3406 1281 3634 1353 lapides,
3664 1281 3825 1352 quia,

2230 1376 2455 1440 peracto
2473 1368 2742 1440 passionis
2767 1384 2834 1424 ac
2857 1370 3271 1425 resurrectionis
3292 1377 3409 1452 suae
3432 1371 3717 1442 mysterio,
3742 1373 3831 1426 di~

2230 1461 2371 1517 rexit
2408 1460 2690 1533 apostolos
2714 1475 2843 1517 suos
2869 1461 2924 1516 in
2952 1460 3261 1519 universum
3300 1469 3572 1517 terrarum
3595 1462 3824 1527 orbem,

2228 1552 2412 1609 dicens
2444 1570 2459 1608 :
2492 1551 2595 1621 Ite,
2643 1552 2821 1608 docete
2874 1568 3049 1608 omnes
3101 1560 3311 1625 gentes,
3337 1551 3601 1623 baptizate
3644 1569 3733 1609 eos
3762 1555 3824 1607 in

2229 1645 2439 1700 nomine
2479 1642 2683 1715 Patris,
2711 1651 2763 1697 et
2806 1640 2968 1709 Filii,
2995 1652 3047 1696 et
3093 1642 3325 1712 Spiritus
3374 1645 3545 1698 sancti
3573 1642 3821 1715 (Hatth.

2231 1735 2442 1807 xxvm).
2471 1734 2679 1790 Deinde
2706 1734 2981 1791 celebrato
3007 1733 3420 1805 quadragesimo
3468 1734 3578 1802 die,
3609 1744 3823 1807 mystc-

551 1836 787 1892 corditer
813 1833 1022 1900 afﬂixit,
1054 1848 1150 1905 per
1195 1832 1467 1889 occultam
1514 1829 1926 1901 inspirationem
1973 1842 2127 1884 com-
2157 1846 2207 1910 Β
2231 1826 2314 1882 rio
2342 1825 2680 1883 ascensionis
2719 1825 2774 1880 in
2814 1824 3016 1892 cmlos;
3044 1839 3171 1881 mox
3199 1834 3258 1881 ut
3294 1826 3364 1880 ab
3389 1826 3649 1896 apostolis
3667 1825 3815 1881 fama

551 1930 757 2000 pungit,
781 1937 835 1984 et
863 1927 928 1983 ad
951 1925 1318 1997 paenitentiam
1348 1929 1630 1995 provocat.

620 2018 890 2073 VEnANUS.
921 2017 998 2072 De
1028 2031 1131 2086 qua
1159 2015 1525 2071 destructione
1550 2012 1635 2067 vel
1658 2008 2010 2067 aediﬁcatione
2046 2010 2131 2064 lo-

552 2109 749 2180 quitur,
782 2124 900 2163 cum
931 2106 1061 2163 dicit
1093 2124 1105 2159 :
1141 2104 1358 2178 Tempus
1379 2101 1677 2158 destruendi
1699 2110 1752 2157 et
1778 2110 1974 2171 tempus
2003 2098 2131 2154 tedi-

552 2200 746 2273 ﬁcandi
776 2197 1000 2271 (ιιιὶά.)ἳ
1028 2195 1275 2266 Nunquid
1314 2194 1383 2251 de
1407 2190 1765 2250 aediﬁcatione
1810 2206 1875 2246 ac
1916 2189 2129 2245 destru—

552 2292 732 2347 ctione
758 2289 1039 2345 domorum
1070 2286 1340 2358 loquitur?
1368 2283 1508 2354 Quid
1538 2284 1682 2340 enim
1710 2282 1870 2339 nobis
1904 2279 2131 2353 prodes-

552 2389 654 2445 set,
682 2382 727 2436 si
775 2381 880 2437 hoc
915 2379 1153 2439 diceret?
1190 2377 1321 2445 Quis
1349 2377 1493 2433 enim
1521 2375 1695 2432 nescit
1720 2374 1864 2445 quod
1904 2373 1995 2428 alii
2033 2372 2130 2428 dc—

554 2481 786 2541 struunt,
814 2480 872 2527 et
889 2471 977 2526 alii
1003 2470 1267 2526 aediﬁcant
1296 2468 1524 2525 domos?

623 2563 903 2618 SALONIUS.
927 2562 1047 2616 Non
1076 2561 1165 2616 hic
1189 2559 1425 2629 loquitur
1451 2557 1710 2614 Salomon
1738 2556 1805 2612 de
1824 2555 2130 2623 domorum,

558 2653 652 2710 sed
678 2653 746 2709 de
771 2653 1033 2708 malorum
1075 2650 1460 2716 destructione,
1492 2656 1548 2705 et
1570 2647 1927 2704 aediﬁcatione
1954 2647 2131 2703 bono-

563 2762 713 2813 rum;
743 2745 999 2817 quoniam
1027 2756 1249 2799 necesse
1275 2750 1361 2799 est
1383 2741 1532 2813 prius
1568 2739 1708 2795 mala
1738 2738 2047 2802 destruere,
2079 2745 2133 2792 et

558 2839 633 2895 sic
660 2839 800 2894 bona
822 2844 1007 2907 postea
1034 2833 1316 2899 aediﬁcare,
1337 2833 1491 2904 juxta
1519 2831 1648 2888 illud
1668 2828 1964 2886 Psalmistze
1989 2847 2002 2883 :
2029 2827 2134 2884 De-

559 2929 700 2984 clina
728 2945 760 2981 a
785 2928 942 2994 malo,
965 2935 1016 2982 et
1055 2928 1139 2997 {ac
1168 2923 1355 2979 bonum
1402 2922 1580 2998 (Psal.
1624 2923 1828 2993 xxxvi).
1860 2919 1976 2976 Hoc
2002 2932 2134 2989 ergo

559 3022 705 3086 dicit,
736 3019 861 3090 quia
885 3028 1094 3089 tempus
1116 3025 1196 3073 est
1224 3015 1537 3073 destruendi
1559 3016 1701 3070 mala
1730 3021 1787 3070 et
1810 3022 2024 3085 tempus
2051 3019 2137 3068 est

560 3109 850 3165 :ediﬁcandi
880 3109 1039 3174 bona,
1061 3107 1313 3177 quoniam
1333 3106 1387 3162 in
1417 3105 1664 3178 praesenti
1683 3105 1795 3161 vita
1816 3118 2133 3161 concessum

2232 1916 2467 1974 nominis
2486 1913 2603 1986 eius
2627 1914 2820 1973 diﬂ'usa
2846 1923 2951 1984 est,
2982 1915 3143 1987 longe
3165 1916 3380 1988 lateque
3405 1933 3506 1987 per
3531 1916 3813 1982 mundum,

2233 2006 2465 2079 lapides,
2503 2006 2557 2062 id
2582 2013 2666 2062 est
2709 2006 2955 2075 gentiles,
2984 2006 3079 2076 qui
3120 2016 3276 2063 erant
3321 2006 3551 2079 dispersi
3578 2023 3676 2079 per
3721 2024 3820 2062 va-

2240 2102 2380 2156 riam
2406 2099 2675 2156 idolorum
2702 2099 2996 2165 culturam,
3027 2099 3240 2156 collecti
3276 2109 3421 2169 sunt,
3464 2101 3591 2170 quia
3623 2102 3827 2174 resipi-

2231 2200 2443 2248 scentes
2478 2197 2533 2246 et
2560 2189 2936 2246 abominantes
2967 2189 3132 2257 idola,
3164 2190 3217 2245 in
3237 2191 3501 2247 unitatem
3522 2191 3649 2248 ﬁdei
3680 2208 3824 2249 con-

2235 2290 2516 2341 venerunt.

2304 2376 2576 2432 Vesanus.
2604 2374 2713 2431 Cur
2740 2375 2934 2431 iterum
2962 2374 3093 2431 dicit
3127 2393 3139 2428 :
3176 2374 3393 2448 Tempus
3442 2377 3746 2432 dilectionis
3773 2391 3827 2433 et

2236 2458 2430 2541 tempus
2456 2458 2605 2535 odii;
2626 2475 2809 2524 tamen
2828 2466 3063 2525 Joannes
3087 2470 3365 2540 apostolus
3392 2470 3547 2526 dicit:
3576 2470 3680 2535 Qui
3706 2473 3825 2527 ode-

2233 2565 2302 2616 rit
2333 2565 2551 2635 fratrem
2590 2578 2739 2616 suum
2765 2604 2780 2630 ,
2807 2561 3062 2616 homicida
3103 2569 3178 2617 est
3209 2561 3280 2633 (Ι
3306 2561 3469 2617 Joan.
3496 2564 3586 2634 ιιι)
3612 2582 3628 2629 ;
3661 2573 3722 2619 et
3761 2566 3817 2620 in

2235 2653 2531 2723 Evangelio
2556 2652 2756 2708 dictum
2781 2661 2862 2708 est
2886 2671 2899 2707 :
2932 2651 3031 2719 Qui
3060 2654 3168 2708 odit
3208 2655 3441 2708 animam
3468 2672 3618 2709 suam
3645 2657 3702 2709 in
3725 2657 3822 2712 hoc

2236 2747 2452 2815 mundo,
2481 2747 2537 2800 in
2558 2747 2717 2801 vitam
2742 2755 2994 2803 (sternam
3022 2747 3240 2802 custodit
3271 2739 3456 2817 (Joan.
3493 2751 3616 2819 ut);
3642 2750 3771 2804 item
3799 2768 3814 2802 :

2238 2840 2341 2907 Qui
2369 2858 2473 2896 non
2501 2841 2610 2897 odit
2634 2851 2837 2911 patrem
2858 2859 3006 2897 suum
3033 2853 3083 2897 et
3114 2853 3350 2908 matrem,
3382 2845 3576 2914 fratres
3594 2853 3638 2897 et
3655 2860 3811 2897 soro-

2233 2950 2338 2997 res,
2366 2950 2578 2988 uxorem
2618 2942 2668 2988 et
2696 2933 2856 3003 ﬁlios,
2886 2934 3056 2989 adhuc
3087 2943 3257 2989 autem
3286 2944 3336 2989 et
3366 2936 3603 2989 animam
3629 2951 3812 2995 suam,

2237 3042 2339 3080 non
2366 3034 2533 3097 potest
2561 3041 2702 3080 meus
2734 3042 2846 3081 esse
2886 3026 3168 3097 discipulus
3198 3024 3349 3096 (Luc.
3377 3027 3520 3097 xw)?
3546 3026 3644 3082 Dic
3666 3041 3820 3096 ergo,

2236 3118 2457 3188 quando
2504 3126 2717 3190 tempus
2760 3125 2844 3173 est
2892 3117 3217 3182 dilectionis,
3246 3125 3304 3174 et
3343 3118 3565 3188 quando
3607 3126 3826 3188 tempus

560 3210 642 3255 est
668 3198 824 3263 nobis
850 3205 1062 3268 tempus
1089 3212 1119 3251 a
1141 3196 1255 3251 Deo
1283 3204 1342 3251 ut
1364 3195 1705 3252 destruamus
1737 3195 1897 3262 mala,
1928 3201 1985 3250 et
2006 3193 2136 3249 aedi-
2160 3227 2210 3298 ο
2239 3213 2367 3269 odii.

561 3290 778 3346 licemus
805 3289 946 3344 bona
979 3306 992 3340 :
1026 3286 1079 3342 id
1124 3293 1225 3355 est,
1271 3288 1419 3358 prius
1460 3287 1515 3342 in
1563 3286 1719 3342 nobis
1740 3302 1838 3358 per
1865 3287 2133 3357 poeniten-

561 3382 689 3435 tiam
717 3379 991 3436 deleamus
1020 3385 1243 3449 peccata
1264 3396 1279 3445 ;
1309 3386 1498 3450 postea
1519 3393 1648 3434 vero
1668 3393 1766 3450 per
1786 3386 1971 3435 sancta
1990 3377 2134 3435 desi-

562 3473 729 3539 deria,
759 3472 1018 3527 virtutum
1043 3478 1414 3526 construamus
1439 3468 1680 3525 aediﬁcia.

630 3564 897 3620 νειυιιωδ.
928 3563 1106 3631 Quare
1128 3561 1260 3619 dicit
1284 3581 1297 3616 :
1333 3563 1551 3635 Tempus
1573 3564 1733 3633 ﬂendi
1770 3572 1819 3617 et
1849 3571 2042 3633 tempus
2068 3564 2136 3616 ri-

564 3657 735 3723 dendi,
752 3665 948 3727 tempus
973 3654 1257 3727 plangendi
1276 3663 1325 3709 et
1337 3663 1533 3726 tempus
1556 3654 1786 3708 saltandi
1805 3652 2003 3725 (Eccle.
2022 3652 2135 3723 tu)?

500 3756 505 3763 ‘
564 3747 694 3813 Quis
721 3745 864 3801 enim
910 3745 1149 3813 ignorat,
1193 3743 1317 3815 quia
1347 3743 1453 3799 alio
1503 3751 1745 3813 tempore
1769 3741 1959 3798 ﬂemus
1982 3784 1998 3811 ,
2030 3741 2136 3797 alio

564 3845 744 3891 autem
785 3835 1061 3890 ridemus?
1085 3840 1177 3889 aut
1196 3833 1323 3904 quid
1344 3832 1547 3905 profuit
1575 3834 1775 3901 dicere,
1806 3844 2003 3907 tempus
2022 3834 2138 3891 sal-

565 3927 749 3981 tondi?
773 3925 1019 3996 Nunquid
1049 3924 1270 3981 forsitan
1300 3924 1586 3981 ostendere
1614 3925 1801 3994 voluit,
1824 3926 1949 3998 quia
1972 3941 2137 3998 opor-

566 4027 644 4074 tet
672 4035 770 4074 nos
795 4017 1139 4074 saltationum
1168 4032 1423 4073 exercere
1449 4015 1689 4072 ludicra?

635 4110 916 4165 SALONIUS.
944 4106 1159 4174 'Absit;
1207 4107 1341 4163 nihil
1404 4116 1621 4178 oportet
1676 4124 1776 4163 nos
1843 4107 2140 4165 scurriliter

571 4208 731 4269 agere
764 4219 776 4253 :
807 4200 899 4255 sed
930 4207 1142 4270 tempus
1169 4199 1326 4254 ﬂendi
1354 4208 1438 4255 est
1466 4200 1518 4254 in
1558 4200 1668 4255 vita
1696 4201 1976 4271 praesenti;
2001 4208 2139 4256 tem-

572 4309 672 4362 pus
698 4291 907 4346 ridendi
938 4291 991 4345 in
1021 4291 1130 4345 vita
1151 4290 1343 4345 futura.
1370 4290 1471 4357 Qui
1493 4304 1620 4360 ergo
1651 4292 1703 4345 in
1731 4292 1981 4362 pnesenti
2010 4292 2137 4357 vita,

566 4381 894 4454 quotidianis
917 4380 1128 4436 ﬂetibus
1153 4388 1210 4437 et
1232 4382 1484 4453 lacrymis
1510 4397 1570 4437 se
1594 4397 1825 4453 purgare
1856 4383 2141 4453 studuerit,

569 4473 623 4527 in
647 4472 759 4527 vita
787 4471 962 4526 l'utura
986 4470 1200 4537 ridebit;
1233 4470 1286 4525 id
1314 4479 1397 4526 est
1421 4472 1694 4541 gaudebit.
1725 4473 1984 4530 Similiter
2012 4483 2141 4529 tem-

2305 3303 2585 3361 SALONIUS.
2617 3302 2685 3359 Et
2707 3318 2850 3359 nunc
2867 3303 3084 3375 quidem
3130 3311 3339 3375 tempus
3364 3311 3448 3359 est
3493 3304 3827 3373 dilectionis,

2233 3396 2490 3467 quoniam
2519 3402 2644 3467 post
2664 3395 2949 3451 Dominum
2972 3395 3194 3466 diligere
3214 3395 3470 3452 debemus
3508 3404 3724 3467 patrem
3770 3406 3829 3453 et

2234 3495 2461 3544 matrem
2480 3526 2495 3552 ,
2526 3502 2753 3543 uxorem
2780 3494 2836 3542 et
2878 3485 3017 3542 ﬁlios
3037 3493 3112 3558 _et
3157 3493 3386 3542 caeteros
3429 3487 3771 3557 propinquos
3806 3505 3822 3540 :

2237 3577 2347 3632 odii
2368 3592 2515 3645 vero,
2528 3586 2772 3649 tempus,
2793 3577 2920 3648 quia
2944 3592 3044 3648 pro
3070 3575 3271 3632 Christi
3301 3576 3640 3633 confessione
3680 3593 3819 3632 con-

2238 3677 2479 3725 temnere
2503 3669 2662 3725 simul
2689 3677 2745 3726 et
2782 3668 2962 3726 odisse
2988 3669 3245 3725 debemus
3272 3678 3327 3725 et
3380 3678 3583 3741 patrem
3611 3677 3664 3725 et
3692 3685 3813 3723 ma-

2239 3768 2399 3828 trem,
2430 3774 2724 3830 omnesque
2748 3760 3079 3837 propinquos
3109 3761 3177 3833 (si
3208 3761 3364 3816 nobis
3393 3761 3446 3817 in
3486 3759 3567 3816 via
3596 3760 3817 3816 Domini

2239 3850 2443 3906 fuerint
2468 3850 2770 3921 contrarii),
2802 3849 2939 3907 sicut
2962 3851 3134 3907 sancti
3159 3859 3427 3924 martyres
3449 3866 3589 3923 saepe
3627 3851 3821 3909 iecisse

2240 3942 2512 4011 leguntur.

2313 4032 2583 4089 Vesanus.
2633 4032 2771 4101 Quid
2820 4044 2904 4091 est
2942 4036 3085 4107 quod
3131 4051 3341 4092 rursum
3390 4036 3565 4092 dicit:
3602 4036 3822 4108 Tentpus

2243 4123 2362 4178 belli
2402 4133 2453 4178 et
2483 4132 2680 4195 tempus
2708 4126 2853 4197 pacis
2898 4124 3098 4199 (Eccle.
3150 4126 3228 4199 ιιι)
3251 4128 3275 4182 ?
3302 4127 3585 4194 Quomodo
3613 4135 3825 4200 tempus

2244 4222 2328 4269 est
2355 4213 2505 4281 belli,
2534 4230 2655 4271 cum
2678 4216 2936 4273 Dominus
2956 4219 3009 4272 in
3037 4215 3329 4287 Evangelio
3348 4219 3493 4276 dicat
3518 4237 3531 4273 :
3555 4219 3689 4276 Esto
3708 4240 3824 4277 cou-

2243 4305 2468 4360 sentiens
2490 4306 2785 4363 adversario
2816 4318 2899 4363 tuo
2927 4310 3050 4377 cito,
3081 4309 3204 4364 dum
3246 4327 3301 4365 es
3326 4327 3441 4365 cum
3469 4312 3565 4367 illo
3594 4314 3651 4366 in
3698 4314 3822 4377 vis;

2245 4396 2457 4450 etiitem
2486 4415 2499 4449 :
2533 4396 2594 4452 Si
2622 4399 2734 4468 quis
2772 4402 3078 4469 percusserit
3105 4409 3155 4457 te
3178 4403 3233 4456 in
3259 4402 3531 4458 dexteram
3552 4405 3825 4459 maxillam

2248 4495 2409 4550 tuam,
2430 4486 2602 4557 prwbe
2630 4487 2707 4542 illi
2736 4496 2787 4543 et
2814 4489 3053 4557 alteram,
3076 4501 3125 4545 et
3146 4494 3230 4564 qui
3260 4492 3476 4549 voluerit
3502 4497 3718 4566 auferre
3745 4504 3827 4549 tu-

567 4580 660 4665 pas
690 4561 969 4670 plangendi
995 4569 1076 4616 est
1108 4561 1213 4670 vita
1243 4577 1507 4632 praesens;
1535 4572 1731 4670 tempus
1751 4564 2012 4670 .saltandi
2057 4574 2143 4622 est
2171 4609 2223 4670 Β
2246 4576 2418 4630 nicum
2441 4585 2600 4646 tuam,
2627 4578 2827 4633 dimitte
2847 4579 2925 4634 illi
2944 4590 2995 4634 et
3021 4561 3237 4653 pallium
3258 4582 3410 4654 (Luc.
3436 4584 3541 4654 v1)?

569 4656 676 4708 vita
722 4654 901 4709 beata.
951 4651 1009 4707 ln
1053 4660 1204 4708 motu
1234 4668 1464 4723 namque
1491 4654 1812 4720 saltationis,
1838 4646 2004 4712 homo
2032 4673 2141 4713 suae

569 4744 764 4799 mentis
804 4743 1056 4812 gaudium
1083 4750 1139 4799 et
1166 4744 1332 4798 animi
1359 4743 1694 4801 demonstrat
1730 4745 1999 4802 allectum.
2039 4746 2141 4817 Qui

569 4850 697 4905 ergo
724 4835 778 4889 in
808 4836 906 4890 bac
934 4835 1041 4889 vita
1081 4836 1384 4905 plangendo
1431 4837 1611 4894 studet
1637 4839 1856 4895 abolere
1896 4850 2137 4911 peccata,

568 4931 620 4983 in
647 4926 823 4982 futura
852 4928 961 4982 vita
1009 4929 1255 4997 saltabit,
1281 4929 1336 4984 id
1374 4938 1456 4985 est
1485 4932 1748 4987 laetabitur
1774 4941 1829 4989 et
1854 4934 2141 5002 exsultabit

569 5019 621 5073 in
651 5018 821 5087 gloria
845 5026 1059 5073 aeternae
1081 5018 1366 5076 felicitatis.
1671 5002 1677 5010 ’

638 5108 907 5164 Vesanus.
939 5108 1078 5175 Quid
1105 5117 1189 5164 est
1207 5110 1351 5178 quod
1374 5112 1448 5166 ait
1473 5130 1485 5165 :
1521 5112 1738 5187 Tempus
1759 5116 2038 5189 spargendi
2063 5119 2144 5172 la-

566 5199 751 5271 pides,
807 5208 856 5253 et
902 5209 1097 5270 tempus
1153 5200 1429 5272 colligendi
1484 5202 1666 5275 (Ibid.
1696 5207 1751 5276 )?
1803 5206 1944 5274 Quid
1996 5208 2138 5263 enim

566 5291 788 5362 prodest
815 5290 1018 5360 lapides
1036 5304 1311 5361 spargere,
1339 5300 1433 5346 aut
1452 5293 1579 5362 quid
1608 5297 1826 5365 prodest
1854 5300 2138 5371 colligere;

564 5382 669 5437 nisi
698 5380 837 5436 forte
863 5381 1085 5444 domum,
1108 5382 1299 5452 aliquis
1332 5383 1459 5438 velit
1488 5385 1789 5443 mdiﬁcare?

635 5472 917 5528 SALONIUS.
966 5471 1079 5527 Non
1125 5472 1192 5528 de
1240 5473 1343 5530 hac
1369 5491 1531 5532 causa
1577 5479 1812 5548 loquitur
1846 5479 2135 5547 Salomon,

566 5564 658 5621 scd
683 5563 750 5619 de
775 5564 1012 5633 gentium
1041 5564 1373 5635 dispersione
1400 5578 1454 5623 et
1480 5570 1815 5626 collectione.
1862 5571 1992 5626 Nam
2043 5590 2140 5643 per

567 5652 788 5721 lapides,
819 5662 1006 5723 gentes
1036 5656 1372 5726 assignantur
1402 5678 1415 5712 :
1450 5659 1600 5714 Unde
1627 5660 1862 5717 Joannes
1896 5682 1907 5716 :
1940 5664 2133 5741 potens

568 5751 661 5804 est,
680 5742 867 5808 inquit,
888 5743 1024 5824 Deus
1050 5746 1112 5800 de
1126 5748 1376 5806 lapidibus
1397 5750 1507 5805 istis
1537 5754 1783 5807 suscitare
1802 5755 1941 5824 ﬁlios
1962 5757 2130 5810 Abra-

2318 4665 2597 4724 SALONIUS.
2648 4668 2787 4753 γει-ρ
2815 4670 2972 4726 nobis
2999 4687 3213 4743 semper
3238 4682 3322 4730 est
3363 4683 3576 4746 tempus
3620 4677 3831 4734 belli‘ct

2242 4770 2431 4827 pugnae
2449 4758 2681 4826 quandiu
2702 4759 2757 4814 in
2779 4762 3024 4831 praesenti
3047 4764 3155 4818 vita
3177 4780 3381 4832 sumus,
3400 4767 3660 4834 quoniam
3683 4784 3830 4824 sem-

2244 4864 2343 4920 per
2380 4865 2599 4907 necesse
2637 4860 2723 4908 est
2749 4855 2906 4910 nobis
2932 4870 3173 4926 pugnare
3200 4859 3455 4916 adversus
3484 4861 3712 4919 insidias
3738 4864 3831 4920 ho-

2244 4940 2344 4995 stis
2371 4940 2596 5012 antiqui,
2620 4951 2677 4998 et
2702 4957 2892 5000 aereas
2922 4946 2997 5015 (id
3026 4955 3110 5002 est
3130 4948 3483 5018 malignorum
3517 4953 3830 5023 spirituum)

2246 5032 2516 5088 debellare
2543 5042 2863 5105 potestates.
2891 5036 3046 5094 Pacis
3066 5054 3197 5096 vero
3224 5049 3436 5112 tempus
3461 5043 3585 5109 erit,
3610 5059 3733 5099 cum
3762 5046 3832 5100 de

2246 5125 2495 5193 praesenti
2550 5126 2746 5181 saeculo
2796 5127 3234 5199 migraverimus;
3283 5132 3538 5203 quoniam
3589 5135 3635 5190 si
3689 5135 3829 5191 bene

2248 5217 2660 5286 pugnaverimus
2707 5220 2757 5274 in
2813 5220 2917 5276 hoc
2960 5223 3179 5292 saeculo,
3208 5224 3262 5279 in
3309 5223 3489 5281 futuro
3536 5206 3826 5284 coronabi-

2245 5325 2382 5373 mur,
2415 5317 2472 5364 et
2502 5309 2553 5364 in
2582 5311 2788 5367 coalein
2807 5310 3105 5371 Jerusalem
3138 5316 3191 5370 in
3221 5325 3424 5374 aeterna
3446 5333 3581 5390 pace
3613 5321 3825 5390 requie-

2245 5416 2477 5456 scemus.

2316 5490 2581 5548 VERANUS.
2630 5496 2808 5561 Quare
2835 5480 2965 5552 dicit
2998 5516 3008 5551 :
3041 5498 3234 5554 Cuncta
3271 5502 3393 5570 fecit
3432 5500 3575 5557 Deus
3606 5516 3741 5558 bona
3768 5506 3824 5559 in

2242 5593 2466 5652 tempore
2493 5602 2604 5652 suo,
2635 5603 2756 5642 cum
2797 5592 3043 5660 superius
3065 5592 3262 5648 dixerit
3280 5633 3294 5657 ,
3321 5595 3499 5649 omnia
3531 5597 3821 5653 vanitatem

2243 5677 2399 5728 esse?
2428 5676 2483 5730 Si
2509 5681 2684 5734 omnia
2711 5697 2866 5749 vana,
2897 5685 3169 5751 quomodo
3198 5701 3325 5756 ergo
3351 5687 3489 5742 bona
3520 5691 3681 5743 sunt?

2313 5764 2589 5822 SALONIDS.
2619 5767 2807 5825 Omnia
2839 5789 2976 5827 vana
3022 5784 3175 5841 sunt,
3205 5777 3328 5845 quia
3360 5772 3698 5842 transitoria;
3728 5797 3819 5836 ve-
