4110 6336
276 439 397 494 1001

1182 435 1248 493 IN
1283 433 1782 494 ECCLESIASTEN
1821 389 2173 488 EXPOSITIO
2211 429 2529 488 MYSTICA.

3380 433 3522 490 i002

277 565 562 614 rumtamen
588 561 592 571 '
615 563 806 612 cuncta
853 557 995 612 bona
1040 565 1182 622 sunt,
1213 557 1469 626 quoniam
1493 573 1524 613 a
1553 557 1665 612 Deo
1694 556 1834 612 bona
1864 559 1916 618 Α
1941 555 2036 611 dat
2063 556 2118 609 in
2143 555 2359 620 caelum,
2391 565 2446 610 et
2470 555 2647 623 justus
2673 568 2703 608 a
2727 553 2936 624 justitia
2975 567 3073 610 sua
3100 561 3223 609 ruat
3248 551 3304 607 in
3329 565 3522 622 pecca-

276 655 464 714 creata,
492 655 548 703 et
565 647 707 704 bona
731 647 950 717 quidem
965 656 1122 714 sunt;
1154 664 1263 703 non
1287 656 1469 704 tamen
1493 665 1723 720 semper,
1747 649 1841 704 sed

277 740 323 794 in
369 748 609 810 tempore
656 753 774 795 suo.
805 738 940 794 Nam
993 739 1195 795 bonum
1243 749 1325 795 est
1369 740 1611 809 vigilare,
1637 740 1840 795 bonum

276 832 428 886 etiam
447 839 529 886 est
549 831 810 897 dormire;
836 839 1073 887 attamen
1096 846 1309 902 semper
1339 832 1576 900 vigilare,
1599 839 1690 886 aut
1713 845 1845 886 sem-

277 936 363 993 per
383 921 616 976 dormire
645 937 749 975 non
779 930 862 977 est
891 923 1072 993 utique
1103 923 1322 978 bonum.

230 1067 241 1102 ε
339 1034 604 1089 Vesanus.
636 1034 813 1101 Quare
860 1034 1152 1090 dubitando
1183 1036 1418 1104 loquitur
1445 1034 1720 1098 Salomon,
1763 1035 1842 1090 di-

277 1139 395 1180 cens
429 1143 440 1177 :
475 1122 601 1188 Quis
649 1127 788 1180 nouit
813 1126 858 1178 si
889 1126 1100 1196 spiritus
1151 1125 1376 1195 ﬁliorum
1405 1125 1570 1179 Adam
1599 1126 1844 1179 ascendat

278 1231 504 1280 sursum,
533 1210 593 1268 et
629 1217 838 1285 spiritus
881 1213 1231 1286 jumentorum
1281 1215 1558 1275 descendat
1607 1217 1846 1269 deorsum

277 1305 468 1378 (Eccle.
502 1303 624 1376 tu)?
643 1304 773 1372 Quis
801 1305 946 1360 enim
976 1306 1186 1374 ignorat
1241 1307 1364 1376 quia
1394 1304 1611 1375 spiritus
1630 1305 1844 1374 jumen-

277 1406 447 1452 torum
479 1397 553 1467 (id
577 1405 660 1452 est
699 1413 954 1466 pecorum
982 1405 1401 1466 cunctarumque
1428 1381 1704 1452 brutorum
1727 1398 1844 1451 ani-

276 1489 522 1559 malium)
579 1489 736 1544 simul
783 1504 904 1544 cum
952 1503 1180 1558 corpore
1228 1490 1588 1545 dissolvatur?
1615 1488 1847 1558 Spiritus

279 1589 398 1634 vero
425 1579 653 1633 filiorum
682 1578 849 1633 Adam
883 1578 957 1649 (id
980 1585 1061 1634 est
1085 1579 1386 1649 hominum)
1416 1595 1524 1634 non
1545 1577 1702 1632 simul
1724 1591 1846 1632 cum

280 1687 497 1742 corpore
544 1671 880 1737 dissolvitur;
913 1671 1007 1726 sed
1049 1687 1175 1727 mox
1224 1680 1280 1726 ut
1322 1670 1591 1740 egreditur
1629 1669 1697 1722 de
1722 1684 1847 1723 cor-

277 1777 424 1835 pore,
458 1771 550 1818 aut
586 1763 868 1819 deducitur
902 1763 967 1818 ad
1012 1763 1268 1835 gloriam,
1301 1771 1393 1818 aut
1438 1760 1763 1829 demergitur
1793 1761 1848 1814 in

276 1857 522 1926 poenam?
1363 1864 1365 1866 '

1945 657 2078 712 tum,
2111 656 2165 703 et
2192 648 2535 716 demergatur
2558 635 2625 702 ad
2653 645 2871 704 inferos.

2017 739 2283 794 Vesanus.
2308 731 2446 805 Quid
2475 731 2557 794 est
2574 738 2719 809 quod
2738 739 2813 794 ait
2844 756 2857 793 :
2890 739 3093 794 Stultus
3113 723 3537 816 complicatmaﬁ

1948 849 2059 886 nus.
2074 847 2216 896 suas,
2245 840 2294 884 et
2323 830 2541 884 comedit
2571 847 2750 885 carnes
2771 847 2894 884 suas
2920 829 3118 901 (Eccle.
3153 830 3263 899 Iv)?
3289 827 3420 895 Quis
3443 834 3528 882 est

1948 924 2092 978 enim
2122 929 2232 976 tam
2256 923 2467 988 stultus,
2496 923 2586 992 qui
2616 937 2833 977 carnem
2853 937 3004 977 suam
3027 921 3310 978 comedat?

2017 1013 2295 1068 Sscoauus.
2325 1012 2532 1068 Stultus
2562 1013 2683 1080 iste,
2714 1014 2867 1083 piger
2899 1015 2988 1069 ille
3009 1012 3172 1068 debet
3195 1011 3419 1081 intelligi
3457 1009 3528 1064 de

1946 1120 2054 1175 quo
2079 1105 2132 1158 in
2161 1103 2466 1159 Proverbiis
2485 1103 2612 1160 dicit
2636 1122 2647 1156 :
2674 1104 2952 1159 Abscondit
2979 1105 3121 1176 piger
3141 1120 3353 1157 manum
3380 1093 3527 1156 suam

1947 1195 2040 1250 sub
2069 1194 2283 1259 ascella,
2314 1211 2404 1247 nec
2427 1193 2512 1270 ad
2541 1211 2596 1249 os
2622 1211 2766 1248 suum
2795 1195 3021 1266 applicat
3039 1211 3150 1248 eam
3184 1193 3364 1263 (Prov.
3391 1193 3523 1261 XIX).

1945 1286 2053 1342 Iste
2079 1288 2231 1356 piger
2259 1294 2314 1342 et
2333 1285 2525 1342 stultus
2554 1287 2841 1358 complicat
2866 1301 3056 1342 manus
3077 1301 3198 1341 suas
3220 1293 3275 1340 et
3294 1272 3532 1339 eomedit

1947 1395 2137 1435 carnes
2165 1394 2311 1455 suas,
2335 1379 2458 1448 quia
2487 1380 2657 1447 magis
2703 1380 2851 1447 eligit
2879 1379 2934 1434 in
2975 1380 3086 1448 otio
3115 1388 3171 1434 et
3191 1388 3410 1448 torpore
3447 1376 3530 1430 vi-

1947 1482 2076 1522 vere
2103 1476 2159 1523 et
2184 1467 2384 1523 habere
2413 1468 2672 1537 pugillum
2719 1469 2898 1534 farris,
2922 1483 3081 1538 quam
3112 1466 3406 1523 laborando
3434 1480 3527 1520 ac-

1949 1559 2165 1638 quirere
2194 1558 2334 1613 unde
2378 1568 2650 1628 pascatur.
2682 1558 2816 1614 lllud
2842 1566 3040 1625 autem,
3073 1546 3307 1614 Comedit
3350 1571 3529 1612 carnes

1947 1664 2088 1715 suas,
2118 1648 2318 1703 dictum
2349 1658 2432 1703 est
2458 1665 2554 1718 per
2572 1647 2951 1720 'hyperbolem.

1973 1773 1976 1775 -
2022 1738 2289 1794 VERANUS.
2322 1737 2459 1805 Quid
2485 1747 2567 1793 est
2591 1739 2917 1809 hyperbole?

2022 1830 2300 1886 SALONIUS.
2334 1829 2638 1902 Hyperbole
2665 1829 2878 1898 dicitur,
2903 1830 3119 1900 quando
3145 1829 3344 1899 aliquid
3368 1829 3531 1885 incre~

341 1947 617 2002 Summus.
648 1946 816 2005 Paulo
869 1947 1114 2017 superius
1163 1944 1399 2000 ostendit
1444 1943 1697 1998 Salomon
1722 1943 1849 2012 quia
1880 1922 1926 1983 Β
1952 1921 2116 2017 (Ῐῃξξιθ
2142 1923 2434 2017 profertur-

275 2045 531 2106 quantum
558 2039 625 2094 ad
657 2039 900 2108 corporis
928 2037 1212 2092 utilitatem
1248 2035 1378 2089 nihil
1407 2034 1568 2090 distat
1597 2035 1736 2089 inter
1759 2035 1848 2103 ju-

276 2140 512 2186 mentum
540 2139 594 2186 et
622 2131 915 2192 hominem,
945 2127 1069 2197 quia
1098 2127 1238 2182 sicut
1265 2128 1495 2182 moritur
1527 2127 1848 2195 jumentum,

277 2221 500 2276 moritur
521 2229 575 2275 et
600 2222 760 2276 homo
789 2237 802 2272 :
833 2218 928 2274 sed
977 2227 1032 2270 ut
1062 2217 1366 2272 ostenderet
1391 2217 1515 2285 quia
1555 2216 1852 2272 secundum

277 2314 467 2373 anima:
495 2312 806 2380 dignitatem
836 2310 1060 2364 multum
1089 2308 1256 2363 distat
1285 2309 1445 2361 homo
1477 2323 1506 2360 a
1526 2307 1768 2376 jumeuto
1799 2315 1855 2361 et

276 2418 502 2474 pecore,
534 2403 731 2457 idcirco
759 2399 1018 2468 disjunxit
1045 2399 1228 2453 dicens
1261 2415 1273 2450 :
1309 2395 1435 2461 Quis
1466 2399 1604 2451 novit
1633 2399 1677 2450 si
1700 2398 1854 2467 spiri-

277 2499 354 2544 tus
377 2493 607 2561 ﬁliorum
633 2489 803 2543 Adam
823 2487 1073 2542 ascendat
1099 2504 1325 2554 sursum,
1347 2496 1395 2541 et
1418 2489 1628 2558 spiritus
1652 2489 1854 2557 jumen-

278 2591 445 2636 torunt
467 2582 743 2637 descendat
763 2581 1000 2635 deorsum
1025 2579 1259 2653 (Ibid.)?
1286 2577 1531 2636 Ostendit
1559 2579 1699 2634 enim
1728 2579 1853 2649 quia

277 2674 392 2728 haec
420 2673 532 2728 sola
554 2671 854 2728 differentia
875 2680 958 2728 est
984 2672 1125 2726 inter
1143 2672 1389 2726 homines
1409 2680 1462 2725 et
1482 2670 1698 2735 bestias,
1717 2684 1854 2737 quo-

276 2763 420 2817 niam
450 2763 681 2817 hominis
708 2763 928 2832 spiritus
957 2761 1196 2816 ascendit
1243 2763 1296 2814 in
1324 2762 1520 2817 coelum
1549 2769 1605 2815 et
1634 2760 1854 2830 spiritus

272 2854 497 2922 jumenti
525 2869 618 2908 seu
647 2853 858 2922 pecoris
885 2853 1166 2911 descendit
1201 2853 1253 2906 in
1284 2861 1502 2920 terram,
1533 2854 1657 2922 quia
1686 2853 1853 2908 mori-

274 2949 360 2996 tur
387 2949 442 2996 et
469 2942 627 2996 simul
655 2942 962 2997 dissolvitur
985 2958 1107 2998 cum
1143 2958 1324 2998 carne.

340 3051 610 3108 VERANUS.
644 3052 754 3108 Cur
802 3068 931 3124 ergo
987 3054 1118 3109 dicit
1155 3053 1410 3109 Salomon
1448 3072 1461 3107 :
1497 3054 1624 3118 Quis
1671 3055 1852 3110 novit?

275 3145 428 3214 quasi
458 3159 616 3200 nemo
643 3145 713 3200 sit
741 3145 833 3216 qui
864 3146 967 3202 hoc
996 3161 1323 3216 cognoscere
1346 3146 1541 3218 possit!

2028 2013 2294 2068 VEBANUS.
2325 2013 2608 2080 Quomodo
2635 2028 2766 2084 ergo
2811 2015 3017 2072 dictum
3045 2023 3128 2072 est
3165 2014 3530 2088 hyperbolice,

1954 2103 2188 2159 Comedit
2209 2121 2392 2158 carnes
2420 2105 2577 2160 suas?
2616 2126 2623 2136 υ
3070 2159 3073 2161 .

2023 2196 2300 2251 SsLomus.
2333 2195 2466 2262 Quia
2517 2198 2831 2256 incredibile
2877 2207 2957 2254 est
2989 2208 3045 2254 ut
3091 2199 3254 2258 homo
3283 2197 3533 2252 comedat

1954 2301 2143 2341 carnes
2171 2303 2296 2341 suas
2329 2306 2340 2339 :
2369 2287 2464 2342 sed
2491 2289 2557 2342 ad
2588 2291 3015 2362 exaggerandam
3072 2291 3339 2359 pigritiam
3381 2288 3538 2357 hujus

1955 2376 2122 2442 stulti,
2154 2377 2248 2444 ait,
2280 2375 2511 2432 Comedit
2539 2395 2743 2444 carnes,
2777 2389 2837 2434 ut
2862 2380 3171 2435 ostenderet
3216 2379 3341 2449 quia
3371 2378 3536 2445 magis

1956 2465 2150 2519 stultus
2197 2455 2470 2521 desiderat
2497 2476 2557 2522 ut
2585 2484 2711 2523 caro
2739 2469 2856 2538 ejus
2884 2470 3125 2524 tabescat
3158 2467 3333 2522 inedia
3360 2475 3414 2521 et
3441 2468 3538 2520 mi<
3619 2463 3626 2466 ’

1957 2555 2099 2610 seria
2121 2554 2276 2610 famis
2296 2557 2531 2623 deficiat,
2549 2572 2710 2626 quam
2739 2569 2798 2614 ut
2825 2575 3079 2614 manuum
3100 2575 3316 2615 suarum
3345 2560 3541 2614 labori-

1957 2646 2058 2701 bus
2087 2655 2436 2722 sustentetur.

2012 2737 2297 2794 .Vsmnus.
2348 2739 2481 2806 Quis
2526 2748 2610 2796 est
2668 2756 2806 2797 unus
2834 2741 2902 2796 de
2949 2757 3058 2810 quo
3085 2742 3212 2796 dicit
3241 2742 3495 2797 Salomon
3525 2761 3535 2794 ;

1960 2825 2109 2882 Unus
2158 2842 2240 2883 est
2284 2839 2340 2883 et
2367 2830 2676 2908 secundum
2713 2847 2820 2886 non
2850 2832 3034 2897 habet,
3066 2848 3172 2886 non
3203 2833 3368 2885 filium
3390 2874 3405 2899 ,
3432 2848 3538 2888 non

1955 2913 2197 2983 fratrem,
2232 2926 2286 2972 et
2314 2926 2493 2987 tamen
2522 2919 2769 2976 laborare
2807 2936 2916 2978 non
2944 2930 3122 2978 cessat
3149 2937 3250 2978 nec
3277 2923 3538 2978 satiantur

1958 3007 2099 3061 oculi
2121 3009 2236 3077 ejus
2264 3008 2509 3064 divitiis?

2028 3097 2310 3155 Seremus.
2343 3099 2438 3156 llle
2485 3109 2570 3156 est
2596 3103 2687 3171 qui
2728 3118 2848 3157 cum
2879 3104 2949 3158 sit
2975 3119 3133 3171 unus,
3161 3106 3212 3160 id
3261 3115 3344 3162 est
3370 3107 3536 3173 solus,

1955 3204 2066 3245 non
2094 3191 2257 3246 habet
2304 3190 2600 3246 secundum
2629 3210 2641 3245 :
2669 3193 2779 3248 hoc
2820 3202 2902 3248 est
2949 3193 3134 3259 filium,
3166 3211 3272 3249 non
3302 3195 3536 3262 fratrem,

340 3256 620 3312 SALONIUS.
646 3245 777 3314 Ideo
807 3260 882 3314 ait
907 3279 918 3312 :
947 3258 1075 3324 Quis
1097 3261 1274 3353 novit?
1295 3270 1352 3353 ut
1379 3259 1749 3353 difﬁcultatem
1772 3260 1852 3316 rei
1878 3275 1927 3342 ο
1956 3289 2049 3338 θυι
2078 3281 2314 3352 aliquem
2342 3283 2699 3353 propinquum
2722 3245 2772 3349 ξ’

271 3348 668 3405 demonstraret
697 3369 710 3403 :
743 3367 887 3417 nam,
914 3354 1060 3424 quis,
1093 3352 1146 3405 in
1193 3351 1484 3422 Scripturis
1532 3352 1696 3407 sacris
1741 3368 1850 3408 non

271 3437 754 3509 impossibilitatem
783 3442 876 3496 sed
901 3440 1271 3498 difﬁcultatem
1323 3451 1416 3497 aut
1467 3443 1738 3498 raritatem
1781 3445 1853 3500 si-

271 3525 699 3596 gnificaresolet
719 3573 734 3598 ,
758 3532 898 3586 sicut
923 3538 1007 3586 est
1036 3532 1176 3587 istud
1203 3549 1215 3584 :
1250 3530 1644 3587 Generationem
1683 3541 1853 3586 autem

270 3618 382 3688 ejus
409 3622 524 3689 quis
565 3622 829 3676 enarrabit
857 3622 1012 3694 (Isai.
1057 3624 1210 3694 LIII)?
1238 3622 1354 3678 Hoc
1381 3630 1482 3687 est,
1514 3632 1605 3678 aut
1636 3624 1812 3678 nullus
1834 3663 1850 3687 ,

271 3717 364 3764 aut
393 3725 664 3780 perrarus.
696 3712 829 3767 Nam
856 3713 1001 3783 quod
1029 3713 1357 3784 impossibile
1386 3721 1468 3767 est
1497 3711 1644 3776 fieri,
1676 3711 1842 3765 nulla-

271 3807 430 3856 tenus
457 3796 652 3872 potest,
678 3805 838 3858 etiam
861 3821 985 3859 cum
1006 3820 1200 3874 magno
1220 3805 1426 3859 labore.
1451 3801 1594 3873 Ergo
1623 3804 1745 3858 ideo
1765 3803 1850 3857 di-

271 3891 348 3946 cit
379 3886 555 3955 :'Qais
584 3894 762 3947 novit?
789 3894 912 3962 quia
937 3909 1212 3963 perrarus,
1244 3901 1336 3948 aut
1363 3902 1509 3948 certe
1537 3892 1755 3948 dillicilc
1781 3894 1854 3948 iu-

271 3981 484 4034 venitur
508 3981 582 4036 ita
619 3981 911 4050 spiritualis
938 3981 1101 4037 homo
1128 3982 1218 4050 qui
1246 3990 1372 4036 tunc
1415 3981 1656 4050 perfecte
1685 3997 1846 4038 com-

272 4070 610 4142 prehendere
636 4071 814 4126 valeat
835 4087 957 4126 cum
978 4071 1045 4127 de
1067 4086 1298 4142 corpore
1319 4072 1537 4142 spiritus
1557 4073 1847 4141 egreditur,

273 4167 455 4216 utrum
483 4161 739 4216 ascendat
761 4177 830 4216 an
857 4161 1085 4216 ducatur
1112 4161 1179 4217 ad
1208 4177 1442 4232 poenam.

345 4276 611 4333 Vesanus.
669 4275 807 4343 Quid
862 4277 1166 4346 signiﬁcant
1219 4277 1567 4353 spiritualiter
1621 4277 1708 4332 isti
1758 4275 1852 4332 lilii

273 4368 468 4438 Adam,
496 4377 589 4423 aut
608 4369 696 4424 illa
719 4369 998 4438 jumenta?

346 4460 623 4516 SALONIUS.
655 4461 774 4516 Filii
796 4462 963 4517 Adam
1009 4463 1312 4533 signiﬁcant
1331 4470 1547 4519 sanctos
1568 4471 1624 4518 et
1650 4464 1854 4519 electos

271 4551 420 4608 viros
449 4553 537 4622 qui
585 4553 780 4632 merito
805 4554 1141 4624 appellantur
1169 4555 1432 4621 homines,
1457 4556 1548 4626 qui
1571 4555 1849 4634 rationali;

1955 3388 2108 3438 rare,
2139 3371 2243 3427 hoc
2271 3381 2353 3426 est
2381 3371 2595 3428 divitias
2618 3386 2966 3442 congregare,
2996 3389 3098 3428 nec
3117 3382 3294 3430 tantas
3313 3389 3537 3443 congre-

1951 3473 2045 3533 gat
2075 3463 2208 3540 utei
2233 3465 2518 3520 sutliciant.
2551 3463 2617 3518 Et
2645 3464 2768 3519 ideo
2788 3465 3018 3519 maxima
3060 3465 3271 3531 vanitas
3291 3476 3374 3522 est
3415 3483 3538 3522 con-

1953 3567 2177 3623 gregare
2206 3552 2419 3610 divitias
2444 3563 2500 3610 et
2524 3556 2772 3624 ignorare
2800 3556 2887 3610 cui
2915 3570 3008 3610 eas
3029 3555 3354 3625 relinquant.

2025 3642 2292 3699 VEBANUS.
2343 3644 2513 3710 Quem
2561 3646 2832 3716 significat
2887 3646 3236 3716 spiritualiter
3282 3649 3371 3704 ille
3402 3633 3580 3705 unus"

1955 3738 2049 3808 qui
2071 3755 2177 3793 non
2208 3739 2374 3795 habet
2399 3740 2734 3796 secundum?
3419 3810 3422 3812 γ

2027 3831 2304 3887 SsLonws.
2335 3832 2618 3887 Dominum
2645 3831 2828 3888 Jesum
2854 3832 3144 3901 Christum,
3165 3833 3256 3903 qui
3284 3833 3538 3887 naturali-

1958 3932 2046 3978 ter
2073 3923 2218 3978 solus
2248 3932 2329 3978 est
2359 3924 2452 3978 Dei
2483 3922 2658 3978 Patris
2687 3923 2850 3980 Filius
2870 3967 2894 3994 ,V
2913 3937 2968 3979 et
2992 3925 3138 3980 solus
3166 3925 3443 3981 descendit
3470 3925 3537 3980 de

1963 4013 2114 4092 caelis
2135 4014 2202 4068 ad
2226 4014 2598 4069 redimendum
2622 4029 2790 4083 genus
2818 4001 3130 4070 humanum.

2029 4102 2299 4158 VERANUS.
2333 4103 2613 4171 Quomodo
2641 4121 2750 4160 non
2797 4105 2958 4160 habet
2988 4105 3150 4160 ﬁlium
3179 4107 3263 4162 vel
3291 4106 3532 4172 fratrem,

1958 4211 2082 4250 cum
2111 4196 2164 4250 in
2213 4211 2369 4251 sacro
2394 4198 2718 4267 baptismate
2761 4213 2949 4253 omnes
2977 4198 3285 4262 Christiani,
3319 4199 3410 4253 lilii
3441 4199 3536 4254 Dei

1957 4284 2261 4342 efficiantur
2283 4295 2336 4342 et
2365 4289 2558 4344 fratres
2583 4287 2796 4344 Domini
2827 4290 2995 4345 nostri
3025 4289 3151 4345 Jesu
3177 4289 3422 4346 Christi?

2028 4379 2306 4435 SALONIUS.
2340 4380 2434 4435 llle
2471 4381 2618 4436 solus
2650 4383 2900 4452 proprius
2947 4391 3003 4437 et
3031 4384 3286 4438 naturalis
3333 4381 3535 4454 Filius;

1959 4471 2140 4550 cancri
2175 4486 2300 4528 vero
2331 4487 2522 4528 omnes
2542 4482 2671 4542 sunt
2694 4474 2951 4546 adoptivi,
2983 4483 3036 4530 et
3061 4476 3180 4530 ideo
3208 4474 3398 4529 fratres
3419 4475 3536 4545 ejus

1958 4569 2103 4628 sunt,
2134 4577 2242 4617 non
2268 4571 2458 4618 natura
2485 4564 2580 4619 sed
2609 4565 2796 4634 gratia.

271 4648 376 4706 ter,
406 4649 594 4696 sancte
621 4650 676 4697 et
701 4642 1052 4713 spiritualiter
1077 4644 1265 4700 vivunt
1297 4660 1439 4716 sper
1454 4645 1697 4715 jumenta
1715 4660 1849 4700 vero
1875 4657 1932 4718 D
2028 4651 2296 4708 Vesanus.
2347 4653 2628 4720 Quomodo
2669 4670 2799 4725 ergo
2830 4656 2931 4711 iste
2969 4669 3106 4709 unus
3138 4655 3386 4709 laborare
3422 4670 3532 4710 non

269 4736 619 4804 designantur
642 4737 903 4804 carnales,
933 4737 1024 4807 qui
1053 4747 1340 4809 propterea
1381 4739 1622 4809 jumenta
1653 4754 1848 4794 vocan-

267 4833 361 4881 tur
383 4827 634 4896 quoniam
655 4829 953 4884 bestialiter
972 4837 1029 4884 et
1049 4831 1356 4896 carnaliter,
1381 4831 1519 4885 sicut
1533 4830 1774 4899 jumenta
1795 4839 1851 4885 et

265 4933 496 4990 pecora,
525 4919 724 4974 vivunt.
758 4919 894 4975 llinc
941 4921 1084 4975 enim
1109 4930 1327 4976 sanctus
1369 4923 1635 4990 propheta
1684 4920 1850 4975 David

263 5009 402 5065 dicit
435 5025 447 5060 :
495 5005 746 5062 Homines
774 5018 823 5065 et
857 5010 1094 5079 jumenta
1136 5010 1360 5065 salvebis
1383 5050 1397 5074 ,
1427 5009 1645 5064 Domine
1675 5007 1849 5075 (Psal.

263 5093 460 5171 x'xxv).
487 5099 638 5157 Solet
659 5101 800 5158 enim
833 5102 950 5157 fieri
979 5110 1036 5156 ut
1075 5101 1152 5157 illi
1178 5103 1268 5172 qui
1317 5101 1565 5156 videntur
1603 5102 1848 5158 homines

260 5193 418 5264 justi,
450 5200 676 5263 peccent
702 5200 757 5248 et
785 5200 1168 5249 convertantur
1195 5209 1226 5248 a
1269 5193 1476 5263 justitia
1530 5209 1644 5261 sua,
1677 5202 1732 5250 et
1767 5195 1848 5249 fa-

265 5285 424 5340 ciant
452 5285 786 5355 iniquitatem
819 5303 832 5338 :
863 5285 1165 5362 econtrario
1217 5284 1292 5339 illi
1338 5285 1429 5355 qui
1479 5293 1605 5340 sunt
1641 5286 1764 5340 mali
1795 5295 1852 5341 et

264 5376 423 5445 impii
453 5384 835 5433 convertantur
874 5378 941 5432 ab
971 5377 1252 5447 iniquitate
1280 5393 1395 5442 sua,
1427 5386 1483 5432 et
1522 5377 1851 5449 faciantjus-

261 5468 448 5524 titiam
477 5478 532 5524 et
557 5471 885 5540 aequitatem.
918 5470 1042 5526 Ideo
1069 5470 1197 5526 dicit
1241 5469 1532 5525 Salomon:
1555 5469 1682 5534 Quis
1703 5473 1847 5526 novit

257 5562 310 5615 si
340 5561 553 5630 spiritus
575 5562 805 5632 ﬁliorum
840 5561 1008 5615 Adam
1036 5561 1281 5616 ascendat
1311 5578 1533 5628 sursum,
1559 5572 1608 5617 et
1636 5564 1846 5634 spiritus

260 5651 614 5726 iumentorum
650 5651 924 5707 descendat
963 5653 1239 5707 deorsum?
1269 5652 1404 5718 Quia
1450 5662 1556 5706 tam
1613 5653 1849 5710 incertus

260 5751 354 5798 cst
381 5743 504 5798 vitae
531 5744 688 5814 hujus
712 5752 901 5812 status,
931 5751 993 5798 ut
1019 5752 1074 5798 et
1113 5750 1367 5814 peccator
1401 5744 1493 5813 qui
1543 5743 1845 5812 jumentum

258 5843 515 5900 vocatur,
546 5850 643 5906 per
660 5836 1030 5906 paenitentiam
1055 5851 1349 5893 conversus
1375 5843 1559 5906 surgat
1586 5845 1640 5891 et
1659 5851 1857 5902 ascen:

559 5929 823 5993 Ps'rnos.
870 5928 1030 5991 Llll.

1955 4754 2130 4802 cessat
2144 4747 2167 4798 ?

2026 4834 2304 4889 SALONIUS.
2335 4835 2467 4902 Quia
2497 4845 2718 4906 peccata
2765 4845 2948 4892 nostra
3000 4836 3267 4907 patienter
3311 4838 3539 4894 sustinet

1957 4935 2013 4981 et
2027 4927 2445 4982 misericorditer
2465 4928 2531 4982 ad
2549 4929 2917 4998 paenitentiam
2932 4936 3231 4998 exspectat,
3248 4936 3302 4984 et
3321 4945 3419 5000 pro
3435 4946 3536 4985 no-

1956 5016 2038 5072 bis
2066 5004 2303 5085 quotidie
2333 5019 2474 5089 apud
2504 5019 2670 5074 Deum
2700 5018 2916 5076 Patrem
2945 5021 3270 5091 interpellat.

2031 5107 2299 5164 Vesanus.
2348 5108 2627 5177 Quomodo
2669 5127 2776 5166 non
2811 5112 3070 5168 satiantur
3108 5111 3250 5168 oculi
3292 5110 3407 5179 ejus
3453 5109 3542 5165 di.

1961 5202 2105 5258 vitiis
2121 5204 2144 5255 ?

2032 5272 2308 5328 SALONIUS.
2328 5271 2463 5340 Quia
2492 5283 2730 5330 nostram
2759 5292 2972 5346 semper
2995 5259 3262 5331 desiderat
3286 5273 3540 5328 salutem.

2037 5363 2302 5419 Vesanus.
2332 5364 2461 5432 Quis
2489 5375 2571 5423 est
2599 5368 2700 5423 iste
2719 5367 2984 5424 funiculus
3005 5366 3198 5436 triplex
3222 5364 3290 5420 de
3317 5379 3426 5434 quo
3454 5363 3540 5418 di-

1963 5456 2039 5511 cit
2093 5453 2346 5512 Sa'lomon
2388 5456 2733 5513 :'Funiculus
2781 5458 2969 5530 triplex
3023 5456 3227 5529 diﬁicile
3285 5455 3542 5527 rumpitur
3593 5523 3620 5540 Ἴ

1962 5547 2164 5618 (Eccle.
2195 5549 2308 5620 1v)?
2389 5619 2393 5622 .
2627 5557 2629 5560 '
2896 5556 2898 5558 ’

2031 5657 2310 5716 SALONIUS.
2338 5652 2524 5743 Unitas
2550 5654 2724 5718 Patris
2750 5670 2804 5717 et
2832 5661 2952 5717 Filii
2989 5669 3045 5717 et
3089 5659 3321 5730 Spiritus
3347 5657 3548 5722 sancti,

1957 5749 2083 5817 quia
2113 5750 2166 5804 in
2194 5750 2469 5807 divinitate
2498 5759 2608 5808 tres
2636 5760 2759 5808 sunt
2787 5767 3048 5824 personae,
3077 5749 3172 5807 sed
3198 5757 3404 5804 tantum
3431 5761 3544 5803 una

1903 5902 1923 5929 ν
1958 5848 2044 5896 est
2063 5848 2274 5897 natura.

3230 5931 3313 5996 32
