4110 6336
551 339 690 396 1005

1808 334 2070 393 SALONIl
2107 337 2504 397 VIENNENSIS

3660 345 3792 401 i004

621 454 882 517 Vesanus.
929 451 1035 506 Cur
1081 463 1208 519 ergo
1245 451 1354 514 ait,
1387 448 1607 519 Diﬂicile
1646 451 1940 520 rumpitur?
1985 450 2118 505 Illud
2144 458 2196 517 Δ
2221 455 2345 523 quia
2371 471 2477 511 non
2505 453 2700 512 sufﬁcit
2725 456 2826 512 sibi
2855 457 2999 526 quod
3022 455 3210 512 didicit
3227 500 3243 526 ,
3283 457 3375 512 sed
3403 457 3573 526 magis
3601 471 3666 512 ac
3688 472 3799 512 ma-

551 549 696 616 enim
722 545 870 616 quod
889 541 1101 612 difﬁcile
1129 549 1236 606 est,
1260 540 1369 600 ﬁeri
1401 548 1577 611 potest
1596 541 1841 610 quamvis
1867 556 1988 598 cum
2008 556 2125 596 ma-

550 653 654 707 gno
675 635 890 692 labore:
908 633 1145 704 nunquid
1160 647 1288 710 ergo
1309 640 1486 702 potest
1506 632 1605 689 iste
1624 631 1889 690 funiculus
1911 632 2125 704 rumpi?

616 751 898 819 Sesostris.
925 748 1065 813 Vere
1109 761 1402 817 umquam,
1433 747 1558 816 quia
1585 745 1861 806 individua
1889 754 1975 805 est
2000 762 2125 803 san-

550 853 650 910 etp;
677 839 951 907 Trinitatis
1001 847 1227 900 natura:
1259 838 1354 898 sed
1383 838 1587 908 diﬁcia:
1614 838 1676 894 in.
1713 838 1816 894 hoc
1863 838 1985 896 loco
2024 852 2128 909 pro

552 931 868 1005 impossibili
889 931 1260 1004 accipiendum
1281 939 1381 999 est,
1413 931 1540 1000 quia
1565 946 1673 989 non
1715 937 1897 1000 potest
1923 929 2039 987 ﬁeri
2068 937 2130 986 ut

552 1025 852 1090 Divinitatis
878 1023 1154 1084 scindatur
1175 1032 1386 1080 natura.

625 1117 890 1182 Vesanus.
915 1115 1046 1183 Quis
1073 1122 1156 1170 est
1202 1114 1290 1172 ille
1331 1127 1462 1182 puer
1490 1126 1689 1182 pauper
1740 1119 1796 1167 et
1821 1112 2036 1182 sapiens
2061 1110 2134 1167 de

553 1223 660 1279 quo
703 1208 833 1263 dicit
883 1205 1138 1270 Salomon
1169 1223 1181 1257 :
1215 1202 1402 1259 Melior
1429 1219 1552 1273 puer
1579 1218 1776 1272 pauper
1830 1212 1880 1258 et
1921 1202 2130 1272 sapiens

553 1315 670 1372 rege
698 1301 851 1355 stulto
872 1307 921 1352 et
942 1315 1060 1353 sene
1091 1295 1288 1368 (Eccte.
1311 1295 1425 1366 tv)?

625 1389 904 1448 Suonms.
937 1388 1193 1444 Dominus
1220 1385 1374 1448 Iesus
1396 1385 1660 1452 Christus,
1682 1385 1772 1454 qui
1801 1398 1933 1454 puer
1955 1382 2130 1442 dictus

555 1489 642 1544 est
667 1489 884 1552 propter
905 1479 1267 1544 innocentiam
1296 1485 1350 1532 et
1371 1475 1787 1545 simplicitatem,
1813 1475 1933 1543 quia
1956 1489 2131 1544 pecca-

555 1581 664 1636 tum
679 1588 781 1632 non
810 1573 934 1642 fecit
953 1586 1043 1632 nec
1063 1571 1294 1628 irruentus
1314 1575 1392 1622 est
1413 1566 1562 1622 dolus
1582 1567 1638 1621 in
1657 1582 1746 1621 ore
1764 1564 1877 1636 ejus
1903 1564 1955 1634 (1η
1977 1563 2124 1647 Petr;

555 1668 638 1738 ιι).
661 1666 765 1722 Ιειε
784 1680 916 1735 puer
941 1680 1064 1718 cum
1086 1670 1230 1724 esset
1246 1661 1414 1728 dives,
1431 1675 1529 1731 pro
1550 1666 1736 1716 nostra
1756 1659 1930 1714 salute
1957 1658 2130 1713 factus

556 1768 639 1814 est
662 1772 878 1828 pauper.
904 1756 1007 1811 iste
1029 1754 1290 1811 veraciter
1309 1761 1395 1812 est
1419 1753 1653 1824 sapiens,
1676 1752 1804 1821 quia
1829 1752 1884 1807 in
1901 1752 2015 1821 ipso
2035 1749 2129 1804 ha-

557 1848 690 1906 bitat
703 1849 867 1903 omnis
894 1846 1157 1916 plenitudo
1175 1845 1460 1901 diuinitatis
1485 1843 1840 1914 corporaliter.

632 1940 891 1994 Vesanus.
924 1937 1052 2004 Quis
1080 1945 1162 1991 est
1191 1935 1278 1990 ille
1309 1949 1403 1989 rex
1423 1948 1587 1989 senex
1607 1941 1664 1989 et
1689 1933 1916 1989 stultus?

625 2032 903 2088 SALOMUS.
936 2028 1207 2094 Diabolus,
1240 2026 1333 2095 qui
1357 2040 1497 2096 pene
1525 2026 1592 2081 ab
1621 2025 1740 2094 ipso
1766 2022 1948 2079 mundi
1973 2035 2130 2077 exor-

556 2125 645 2180 dio
681 2123 923 2191 regnavit
962 2121 1014 2175 in
1043 2133 1241 2188 genere
1277 2119 1512 2173 humano
1535 2157 1552 2184 ,
1596 2125 1653 2173 et
1679 2115 1800 2171 ideo
1844 2129 2012 2169 senex
2036 2126 2132 2167 vo-

555 2226 726 2275 catur.
758 2216 824 2271 Et
852 2229 978 2270 vere
1004 2213 1200 2268 stultus
1226 2225 1324 2268 rex
1342 2249 1356 2273 ,
1388 2211 1512 2280 quia
1542 2207 1749 2279 quanto
1776 2207 1956 2278 plures
1982 2205 2128 2261 deci-

554 2309 654 2380 pit,
680 2314 831 2363 tanto
856 2305 958 2362 sibi
982 2319 1195 2375 prunam
1225 2302 1525 2359 accumulat
1552 2299 1836 2369 majorem.
1876 2297 1935 2352 ln
1963 2310 2129 2365 regno

555 2403 752 2471 quippe
778 2399 937 2468 hujus
963 2397 1106 2465 regis
1126 2396 1268 2452 senis
1296 2402 1351 2450 et
1377 2394 1525 2450 stulti
1543 2434 1559 2459 ,
1588 2393 1640 2448 id
1665 2401 1750 2448 est
1775 2391 1992 2457 diaboli,
2034 2405 2131 2444 na-

555 2500 641 2547 tus
667 2500 749 2547 est
787 2505 921 2560 puer
945 2490 1200 2560 Optimus,
1229 2486 1488 2543 Dominus
1509 2485 1762 2541 videlicet
1795 2481 1949 2538 Jesus
1975 2482 2128 2536 Chri—

556 2591 688 2648 stus,
719 2582 810 2650 qui
854 2580 1025 2638 iactus
1052 2587 1134 2636 est
1178 2577 1294 2634 Rex
1335 2589 1524 2646 regum
1569 2582 1624 2631 et
1665 2574 1922 2630 Dominus
1958 2571 2129 2627 domi-

555 2673 818 2727 nantium.

623 2782 893 2838 Vsnsnus.
927 2779 1066 2848 Quid
1093 2785 1176 2835 est
1203 2778 1348 2849 quod
1375 2778 1486 2834 ait:
1517 2775 1736 2832 Custodi.
1758 2775 1939 2846 pedem
1965 2781 2126 2839 tuum,

550 2873 846 2945 ingrediens
887 2871 1094 2926 domum
1133 2869 1270 2924 Dei?
1296 2867 1544 2938 Nunquid
1571 2867 1640 2922 ab
1667 2865 1962 2922 oﬂensioue
1990 2864 2127 2935 lapi-

552 2964 678 3020 dum
705 2972 887 3020 monet
911 2962 1183 3020 custodire
1207 2961 1401 3033 pedem
1447 2959 1660 3030 quando
1690 2957 2016 3030 ingredimur
2033 2957 2129 3013 do-

554 3071 700 3111 mum
729 3056 845 3121 Dei,
870 3054 923 3110 id
949 3063 1032 3110 est
1055 3053 1373 3110 ecclesiam?

622 3147 899 3203 SALONIUS.
931 3145 1184 3211 Quamvis
1209 3157 1420 3215 semper
1444 3143 1671 3199 honeste
1703 3151 1760 3197 et
1785 3157 1907 3198 cum
1935 3141 2127 3196 timore

551 3253 616 3295 ac
642 3237 858 3294 silentio
885 3235 1176 3291 debeamus
1196 3234 1404 3304 ingredi
1426 3234 1644 3289 domum
1671 3233 1789 3298 Dei,
1814 3240 1998 3288 tamen
2018 3248 2128 3288 non

550 3329 744 3401 pedem
771 3328 1014 3397 corporis
1041 3326 1200 3382 docet
1227 3325 1658 3394 custodiendum,
1675 3323 1770 3380 sed
1794 3324 1984 3394 pedem
2011 3325 2127 3377 ani-

550 3431 673 3488 mae,
703 3419 757 3474 id
799 3426 881 3474 est
923 3431 1162 3488 gressum
1211 3417 1426 3486 mentis,
1473 3424 1532 3470 ut
1579 3416 1633 3470 in
1681 3423 1972 3487 conspectu
2033 3413 2130 3470 Dei

549 3509 778 3564 mundae
805 3523 992 3579 preces
1031 3507 1365 3563 edundamus
1395 3527 1406 3560 :
1450 3515 1506 3562 et
1544 3515 1629 3562 εει
1655 3521 1879 3578 sensus,
1915 3506 2128 3578 quando

551 3599 846 3670 ingrederis
887 3600 1104 3655 domum
1145 3597 1242 3654 Dei
1272 3599 1555 3671 (videlicet
1579 3600 1884 3670 ecclesiam)
1916 3598 2128 3656 custodi

551 3689 744 3760 pedem
773 3698 943 3756 tuum,
971 3689 1023 3744 id
1051 3698 1133 3744 est
1154 3703 1396 3758 gressum
1427 3690 1622 3746 lentis
1647 3698 1773 3757 tum,
1795 3706 1864 3746 ne
1891 3689 2129 3746 oﬂ‘endas

551 3782 604 3836 in
634 3780 788 3837 malis
814 3780 1249 3850 cogitationibus,
1297 3787 1356 3836 ut
1385 3781 1559 3837 oratio
1588 3788 1678 3837 tua
1706 3796 1839 3851 pura
1870 3781 2128 3851 dirigatur

551 3869 618 3925 ad
645 3867 833 3925 Deum.

620 3983 888 4039 Vztunus.
927 3983 1065 4051 Quid
1096 3992 1179 4040 est
1205 3985 1349 4054 quod
1373 3985 1450 4040 ait
1482 4003 1494 4037 :
1529 3983 1614 4039 Ne
1642 3986 1844 4040 dederis
1877 4003 1933 4041 os
1965 3995 2126 4055 tuum,

551 4081 608 4128 ut
631 4092 839 4146 peccare
869 4077 1032 4148 facias
1062 4093 1268 4131 carnem
1310 4086 1449 4133 tuam
1495 4076 1693 4149 (Eccle.
1726 4079 1817 4148 v)?
1846 4077 2127 4145 Quomodo

552 4169 644 4226 dat
669 4169 834 4225 homo
865 4186 926 4226 os
954 4186 1126 4237 suum,
1160 4179 1219 4224 ut
1247 4186 1472 4242 peccare
1498 4171 1662 4226 faciat
1683 4187 1902 4226 carnem
1931 4174 2128 4226 suam?

621 4258 898 4314 SALONIUS.
931 4260 1154 4326 Quando
1177 4261 1412 4331 loquitur
1439 4263 1705 4318 vanitates
1731 4271 1785 4318 et
1815 4263 1976 4318 verba
2003 4261 2127 4317 libi-

553 4347 740 4404 dinosa
769 4351 961 4418 quibus
987 4365 1111 4406 caro
1141 4351 1391 4406 incitetur
1419 4354 1485 4407 ad
1514 4354 1862 4423 peccandum.
1892 4352 2000 4410 Sed
2025 4353 2128 4410 iste

554 4447 638 4495 est
664 4440 914 4509 proprius
943 4440 1099 4509 hujus
1129 4441 1229 4495 loci
1257 4457 1444 4498 sensus
1489 4462 1501 4494 :
1536 4442 1622 4498 Ne
1659 4445 1860 4514 dederis
1899 4462 1958 4501 os
1983 4454 2124 4501 tuum

553 4539 607 4586 ut
632 4549 844 4604 peccare
873 4533 1036 4603 facias
1061 4550 1270 4587 carnem
1296 4544 1463 4600 tuam;
1495 4535 1602 4591 hoc
1625 4545 1728 4605 est,
1751 4539 1861 4593 noli
1887 4554 2125 4608 quarere

553 4636 720 4677 vanas
747 4622 1118 4678 excusationes
1145 4624 1337 4692 quibus
1362 4625 1456 4679 des
1485 4629 1822 4684 occasionem
1851 4630 2000 4684 carni
2026 4638 2128 4686 tuae

555 4713 622 4768 ad
647 4714 976 4783 peccandum
1001 4733 1013 4766 :
1039 4715 1142 4770 hoc
1169 4725 1268 4781 est,
1297 4715 1408 4770 noli
1436 4715 1650 4773 dicere:
1678 4717 1794 4773 Non
1818 4732 1918 4788 ego
1940 4720 2130 4790 pecco,

555 4805 651 4861 sed
677 4807 821 4876 quod
863 4808 914 4862 in
944 4823 1029 4863 me
1058 4808 1263 4863 habitat
1291 4818 1570 4879 peccatum
1594 4851 1612 4879 ,
1660 4811 1713 4866 id
1756 4819 1838 4868 est
1872 4810 2129 4882 fragilitas

497 4912 504 4932 -'
557 4898 733 4953 carnis
761 4913 893 4952 meae
911 4917 923 4951 :
943 4899 1068 4968 quia
1095 4902 1139 4954 si
1165 4900 1265 4956 hoc
1289 4901 1443 4971 dicis,
1473 4902 1754 4959 Dominum
1783 4921 2042 4976 provocas
2061 4905 2129 4962 ad

497 4982 517 5066 τι
556 4986 724 5052 iram;
755 4989 906 5054 quasi
928 4989 1041 5057 ipse
1065 4991 1133 5044 sit
1160 4999 1348 5046 auctor
1375 4993 1592 5048 malitiae
1621 5002 1780 5064 atque
1809 4998 2034 5066 peccati.

504 5075 518 5138 i
625 5075 894 5132 anus.
923 5077 1063 5144 Quid
1090 5089 1172 5134 est
1196 5083 1339 5150 quod
1367 5083 1442 5137 ait
1479 5102 1491 5136 :
1524 5082 1706 5140 Omnis
1733 5085 1878 5141 labor
1908 5088 2127 5144 hominis

491 5172 505 5201 θ
557 5167 612 5220 in
634 5183 722 5222 ore
739 5168 868 5239 ejus,
893 5168 986 5223 sed
1003 5169 1179 5222 anima
1197 5170 1333 5227 illius
1355 5191 1457 5228 non
1476 5175 1769 5246 implebitur
1795 5176 1991 5248 (Eccle.
2013 5179 2129 5248 v1)?

558 5256 836 5324 Quomodo
865 5268 1051 5339 potest
1089 5259 1239 5330 ﬁeri,
1279 5269 1336 5317 ut
1365 5265 1541 5322 omnia
1570 5280 1687 5336 quae
1713 5269 1923 5326 laborat
1963 5271 2126 5327 homo

559 5351 665 5406 sint
691 5353 743 5405 in
768 5368 862 5408 ore
887 5353 1073 5410 illius?

627 5439 902 5498 SALONIUS.
932 5444 1028 5501 Vir
1073 5437 1466 5506 ecclesiasticus
1489 5491 1506 5519 ,
1552 5453 1764 5521 sapiens
1805 5465 1862 5512 et
1895 5457 2086 5516 doctus
2108 5500 2126 5527 ,

559 5545 774 5587 omnem
803 5534 1040 5590 laborem
1057 5553 1212 5593 suum
1240 5540 1406 5596 habet
1433 5542 1488 5596 in
1516 5557 1613 5605 ore
1639 5557 1768 5610 suo;
1797 5547 1921 5616 quia
1946 5553 2124 5608 omnia

559 5633 677 5689 qua:
705 5623 756 5676 in
787 5618 1283 5696 Scripturis°sacris
1309 5632 1504 5705 discit,
1553 5637 1790 5706 quotidie
1818 5640 2126 5711 meditatur,

559 5712 814 5796 pradicat
857 5726 912 5772 et
938 5716 1095 5776 docet
1115 5760 1133 5790 ,
1173 5731 1228 5780 et
1272 5723 1449 5781 anima
1495 5726 1636 5788 illius
1663 5746 1768 5789 non
1799 5732 2128 5808 implebitur,

2227 546 2308 616 gis
2335 560 2549 616 semper
2572 545 2782 606 discere
2799 546 2946 617 cupit
2971 556 3025 602 et
3051 546 3246 602 studet.
3735 619 3739 622 _

2299 637 2565 693 Vsunus.
2595 635 2732 704 Quid
2757 645 2842 696 est
2860 636 3007 706 quod
3027 637 3105 692 ait
3127 655 3140 690 :
3166 635 3349 692 Metius
3377 646 3454 692 est
3474 636 3650 692 videre
3667 638 3809 709 quod

2227 731 2405 801 cupias
2429 770 2443 796 ,
2485 746 2642 800 «piam
2668 729 2964 786 desiderare
2999 730 3135 800 quod
3159 731 3356 784 nescias
3397 727 3586 799 (llud)
3607 729 3632 782 τ
3656 727 3802 796 Quo-

2228 821 2398 880 modo.
2425 820 2570 878 videt
2587 821 2752 884 homo
2771 821 2918 893 quod
2936 822 3104 893 cupit,
3126 830 3220 877 aut
3242 821 3514 892 quomodo
3537 820 3810 883 desiderat

2227 910 2370 981 quod
2391 911 2562 966 nescit
2575 913 2600 965 ἱ)

2298 1001 2576 1058 SALONIUS.
2607 1001 2700 1058 ille
2727 1003 2822 1074 qui
2844 1003 3014 1060 oculis
3041 1002 3236 1064 mentis
3263 1002 3520 1062 discernit
3540 1003 3683 1062 inter
3709 1002 3805 1062 b0-

2232 1111 2357 1154 uum
2381 1105 2435 1152 et
2462 1097 2681 1163 malum,
2704 1096 2851 1152 videt
2869 1096 3014 1166 quod
3040 1097 3222 1166 cupiat
3245 1095 3442 1156 bonum
3470 1104 3528 1154 et
3554 1096 3703 1166 quod
3724 1111 3810 1152 re-

2230 1188 2416 1258 pudiet
2443 1187 2640 1242 malum
2685 1206 2697 1239 :
2732 1187 2823 1256 qui
2852 1194 3032 1245 autem
3059 1187 3302 1256 sequitur
3329 1187 3660 1244 voluntatem
3687 1201 3811 1244 cor-

2229 1278 2312 1332 dis
2338 1278 2418 1334 sui
2447 1285 2502 1332 et
2530 1264 3014 1347 concupiscentias,
3043 1292 3187 1347 saepe
3215 1264 3482 1336 desiderat
3519 1277 3669 1347 quod
3711 1291 3806 1338 ne-
3880 1317 3886 1322 -

2232 1370 2352 1435 scit,
2380 1369 2502 1440 quia
2525 1369 2644 1424 vult
2667 1368 3123 1439 comprehendere
3153 1368 3300 1438 quod
3325 1385 3432 1426 non
3462 1375 3663 1439 potest.

2300 1458 2575 1518 Vesanus.
2618 1459 2695 1516 De
2719 1473 2828 1530 quo
2858 1459 2986 1519 dicit
3012 1457 3270 1521 Salomon
3296 1477 3310 1514 :
3338 1456 3439 1524 Qui
3481 1460 3686 1530 futurus
3711 1466 3812 1523 est.

2225 1549 2340 1619 jam
2382 1559 2614 1603 vocatum
2657 1558 2735 1605 est
2772 1565 2960 1608 nomen
3000 1549 3114 1620 ejus
3152 1558 3203 1605 et
3241 1549 3420 1614 scitur,
3461 1548 3608 1618 quod
3648 1548 3822 1608 homo

2232 1646 2302 1699 sit
2321 1647 2344 1698 ?

2301 1735 2582 1792 SALONIUS.
2615 1735 2690 1789 De
2730 1735 2958 1794 Domino
2985 1732 3111 1792 Jesu
3157 1733 3393 1803 Christo,
3432 1732 3585 1803 cuius
3612 1746 3812 1790 nomen

2165 1833 2208 1891 Β
2237 1835 2362 1882 ante
2389 1836 2636 1882 vocatum
2666 1835 2748 1881 est
2778 1827 2829 1881 in
2859 1825 3146 1896 Scripturis
3173 1826 3359 1891 sacris,
3399 1825 3526 1894 quia
3553 1825 3666 1895 ipse
3692 1838 3809 1880 car-

2234 1933 2357 1981 nem
2381 1917 2447 1973 de
2471 1917 2687 1986 Virgine
2715 1917 3021 1988 sumpserit,
3053 1924 3110 1972 et
3135 1916 3411 1988 cognitum
3432 1924 3518 1971 est
3539 1913 3803 1986 prophetis

2235 2018 2290 2064 et
2317 2009 2516 2069 sanctis
2544 2009 2660 2072 Dei,
2691 2008 2837 2078 quod
2862 2023 3024 2064 verus
3050 2010 3216 2063 homo
3245 2013 3365 2062 erat
3389 2012 3662 2064 venturus.

2305 2100 2573 2158 Vesanus.
2618 2098 2676 2155 Si
2705 2099 2809 2154 hoc
2835 2099 2902 2156 de
2931 2098 3157 2154 Domino
3184 2096 3309 2154 Iesu
3352 2095 3567 2154 Christo
3611 2096 3811 2153 dictum

2235 2203 2355 2259 est,
2395 2192 2522 2262 quid
2563 2200 2646 2248 est
2682 2191 2830 2261 quod
2869 2191 3116 2262 sequitur
3148 2209 3159 2243 :
3194 2189 3264 2244 Et
3296 2207 3401 2248 non
3427 2191 3589 2260 possit
3631 2199 3817 2250 contra

2236 2287 2498 2358 {artiorem
2528 2301 2582 2339 se
2619 2285 2673 2338 in
2703 2283 2904 2354 judicio
2933 2282 3279 2338 contendere?
3314 2280 3445 2350 Quis
3469 2291 3554 2338 est
3578 2281 3671 2338 me
3697 2281 3818 2340 τοι-

2235 2378 2342 2433 tior
2399 2383 2586 2431 contra
2630 2389 2794 2444 quem
2831 2373 3088 2430 Dominus
3138 2372 3296 2432 Jesus
3332 2371 3662 2434 contendere
3703 2387 3820 2430 non

2235 2465 2408 2537 possit
2435 2466 2495 2519 in
2513 2463 2751 2534 judicio?

2304 2557 2584 2615 Suonms.
2619 2557 2759 2612 Deus
2786 2553 2964 2624 Pater,
3009 2555 3102 2626 qui
3130 2555 3322 2616 fortior
3349 2561 3454 2623 est,
3493 2555 3622 2624 quia
3646 2552 3820 2616 Filius

2235 2647 2528 2704 secundum
2554 2647 2943 2704 humanitatem
2972 2647 3147 2705 minor
3169 2656 3253 2706 est
3273 2647 3454 2710 Patro.

2307 2738 2573 2794 Vesanus.
2619 2737 2756 2805 Quid
2793 2747 2878 2794 est
2916 2733 3062 2810 quod
3091 2741 3166 2796 ait
3197 2757 3212 2794 :
3242 2738 3432 2798 latior
3471 2748 3550 2801 εει
3581 2741 3668 2799 ira
3704 2741 3818 2799 riu.

2235 2829 2432 2900 (Eccle.
2464 2832 2589 2900 vu);
2621 2845 2743 2886 cum
2769 2829 2910 2886 risus
2955 2829 3214 2894 naturalis
3241 2831 3344 2898 sit,
3372 2831 3454 2889 ira
3483 2845 3614 2892 vero
3636 2831 3706 2894 sit
3726 2829 3809 2888 vi-

2236 2921 2407 2977 tium?

2303 3011 2583 3073 SALONIUS.
2613 3002 2695 3085 Ira
2720 3028 2827 3068 non
2850 3028 3062 3084 semper
3081 3022 3166 3072 est
3181 3015 3390 3082 vitium,
3414 3013 3511 3070 sed
3531 3013 3809 3090 aliquando

2234 3113 2317 3161 est
2343 3105 2530 3170 virtus,
2554 3103 2767 3174 quando
2798 3103 3080 3160 irascimur
3103 3105 3258 3162 nobis
3279 3105 3409 3176 ipsis
3431 3104 3524 3161 vel
3544 3104 3664 3160 aliis
3689 3118 3816 3175 pec-

2156 3216 2204 3283 C
2234 3195 2480 3252 cantibus
2529 3213 2541 3248 :
2575 3194 2689 3249 haec
2731 3207 2860 3264 ergo
2889 3195 2969 3249 ira
2996 3195 3188 3252 melior
3229 3201 3314 3250 est
3341 3195 3481 3261 risu,
3511 3194 3640 3266 quia
3681 3194 3817 3250 risus

2234 3285 2480 3343 dissolvit
2520 3293 2777 3353 mentem,
2812 3293 2867 3342 et
2893 3285 3079 3341 lzetitia
3117 3285 3412 3356 corrumpit
3437 3284 3677 3340 hominis
3706 3285 3821 3339 ani-

2233 3395 2418 3443 mum;
2445 3379 2558 3433 haec
2586 3386 2767 3433 autem
2797 3378 2877 3433 ira
2905 3378 3126 3449 corrigit
3153 3386 3209 3434 et
3236 3376 3485 3434 emendat
3507 3383 3818 3448 peccatum.

2303 3470 2571 3525 Vunsnus.
2607 3469 2744 3536 Quid
2781 3478 2865 3525 est
2900 3469 3043 3540 quod
3071 3470 3153 3526 ait
3189 3487 3202 3522 :
3235 3466 3508 3524 Catumnia
3544 3470 3822 3525 conturbat

2233 3564 2518 3634 sapientem
2559 3558 2621 3616 et
2647 3562 2816 3632 perdit
2855 3563 3009 3618 robur
3038 3563 3210 3618 cordis
3256 3563 3399 3625 iuius
3439 3559 3670 3633 (1654.)?
3715 3561 3820 3628 Qui

2233 3653 2376 3710 enin
2405 3668 2531 3709 vere
2559 3652 2774 3724 sapiens
2799 3660 2902 3719 est,
2927 3653 3069 3709 nulla
3088 3653 3335 3711 turbatur
3360 3652 3645 3720 calumnia,
3665 3641 3811 3706 nulla

2231 3742 2487 3814 dejicitur
2506 3743 2845 3799 adversitate.

2306 3833 2584 3890 SALONIUS.
2606 3833 2831 3904 Sapiens
2852 3835 2907 3889 in
2926 3833 3027 3889 hoc
3050 3833 3171 3890 loco
3192 3848 3301 3891 non
3326 3831 3691 3904 intelligendus
3717 3839 3812 3893 est

2231 3924 2324 3982 ille
2357 3925 2448 3995 qui
2484 3925 2752 3996 perfectus
2795 3933 2852 3980 et
2897 3931 3302 3981 consummatus
3329 3925 3386 3980 in
3412 3923 3669 3996 sapientia
3705 3929 3810 3990 est,

2230 4018 2330 4076 sed
2365 4019 2456 4088 qui
2480 4018 2590 4087 jam
2618 4019 2783 4088 coepit
2809 4018 3008 4072 habere
3036 4017 3378 4089 sapientiam,
3408 4025 3463 4073 et
3507 4025 3687 4071 tamen
3713 4014 3811 4070 ad-

2230 4109 2338 4165 huc
2366 4124 2473 4163 non
2502 4115 2583 4162 est
2627 4107 2922 4178 perfectus.
2975 4107 3159 4164 Talem
3204 4109 3503 4182 sapientem
3544 4107 3820 4166 calumnia

2231 4199 2508 4256 hominum
2550 4200 2662 4254 sive
2690 4199 2987 4255 adversitas
3015 4200 3194 4269 aliqua
3242 4199 3398 4260 facile
3441 4200 3734 4255 conturbat
3760 4209 3819 4255 et

2231 4289 2407 4361 perdit
2451 4289 2691 4358 vigorem
2738 4304 2802 4344 ac
2846 4289 3214 4348 fortitudinem
3255 4289 3447 4347 anima:
3494 4289 3641 4347 illius
3663 4330 3679 4356 ,
3722 4289 3812 4359 qui

2231 4381 2357 4437 dum
2383 4382 2649 4452 patienter
2678 4396 2787 4437 non
2831 4381 3057 4438 sustinet
3095 4380 3338 4449 adversa,
3373 4387 3608 4437 vexatur
3639 4381 3810 4453 impa-

2231 4471 2440 4529 tientia.

2149 4586 2208 4648 Β
2301 4564 2567 4621 Vesanus.
2611 4563 2750 4632 Quid
2777 4573 2877 4631 est,
2921 4564 3060 4620 male
3087 4564 3266 4621 dicere
3292 4565 3417 4635 quia
3457 4565 3676 4635 priores
3700 4564 3816 4621 dies

2225 4657 2478 4716 meliores
2505 4655 2720 4712 fuerunt
2744 4671 2905 4725 quam
2928 4657 3016 4711 isti
3043 4657 3136 4726 qui
3157 4654 3320 4712 modo
3341 4663 3469 4712 sunt
3484 4656 3510 4710 ἲ

2296 4747 2574 4805 Summus.
2624 4746 2752 4804 ldeo
2779 4745 2979 4802 malum
3005 4755 3090 4804 est
3129 4747 3236 4804 hoc
3276 4747 3459 4803 dicere
3481 4787 3496 4813 ,
3538 4747 3672 4818 quia
3698 4747 3822 4818 ipse

2227 4839 2305 4894 ait
2329 4856 2344 4892 :
2376 4839 2548 4915 Stulta
2575 4847 2650 4892 est
2679 4838 2798 4894 talis
2816 4839 3173 4911 interrogatio.

2301 4931 2570 4988 Vesanus.
2602 4930 2778 4998 Quare
2805 4932 2968 4988 stulta
2997 4933 3348 5003 interrogatio
3382 4939 3484 4997 est,
3509 4931 3557 4986 si
3582 4932 3711 5004 quis
3734 4931 3825 4987 di-

2234 5020 2812 5087 catzouacausaeet
2852 5025 2972 5094 quia
3004 5023 3826 5096 prioratcnsporameiiomfltd-

2233 5121 2355 5169 runt
2383 5127 2538 5184 quam
2565 5130 2700 5169 nunc
2722 5124 2843 5168 sunt
2872 5114 3104 5186 (Ibidi)?

2309 5205 2588 5261 SALONIUS.
2627 5204 2752 5261 Ideo
2781 5199 2955 5262 stulta
2994 5208 3347 5279 interrogatio
3373 5216 3476 5273 est,
3516 5209 3646 5278 quia
3677 5224 3824 5264 unus

2235 5294 2374 5352 Deus
2400 5296 2647 5352 conditor
2669 5305 2754 5352 est
2778 5297 3014 5353 omnium
3037 5307 3362 5371 temporum,
3386 5307 3824 5369 cunctarumque

2231 5387 2460 5444 dierum.

2303 5478 2571 5535 Vesanus.
2620 5479 2875 5546 Quamvis
2901 5481 3044 5536 enim
3071 5498 3207 5539 unus
3253 5484 3322 5540 sit
3367 5483 3532 5553 Deus,
3558 5483 3824 5540 conditor

2233 5569 2470 5624 omnium
2501 5578 2800 5639 temporum
2832 5580 3260 5644 cunetorumque
3308 5571 3540 5642 diei-Iun,
3566 5573 3822 5646 nunquid

2235 5673 2340 5714 non
2372 5656 2582 5716 fuerunt
2606 5669 2858 5733 tempora.
2875 5661 3021 5719 bona
3040 5671 3097 5720 et
3112 5664 3293 5720 mala?

2305 5749 2585 5811 Senoniae.
2621 5752 2760 5813 Vere
2776 5753 3030 5828 fuscus,
3070 5757 3172 5819 sed
3213 5758 3672 5836 nuntiem
3703 5771 3822 5817 nov
