4110 6336
255 319 260 322 ·
292 304 419 360 1005

1188 301 1258 358 IN
1291 296 1789 358 ECCLESIASTEN
1827 293 2180 354 EXPOSITIO
2217 297 2532 354 MYSTICA.

3390 285 3522 348 1006

289 417 364 474 bis
389 426 631 487 tempora
657 417 817 480 bona,
847 394 978 471 vitia
1002 423 1056 470 et
1082 423 1306 486 peccata
1352 411 1556 468 faciunt
1604 420 1845 480 tempora
1874 410 1924 470 Α
1952 423 2206 466 numerus
2229 410 2612 480 adimpleatur,
2645 418 2700 464 et
2728 409 3002 480 perveniat
3023 411 3089 468 ad
3107 413 3406 484 perfectum
3429 430 3532 472 nu-

290 509 438 574 mala,
463 516 519 563 et
545 507 746 564 idcirco
771 523 872 564 nos
896 508 970 562 ita
986 520 1202 577 semper
1223 505 1361 560 bene
1372 505 1556 560 vivere
1569 501 1848 565 debemus,

291 611 340 658 ut
367 600 483 656 dies
521 607 808 672 pratsentes
857 600 1010 656 nobis
1062 598 1315 654 meliores
1361 595 1471 652 sint
1510 607 1672 663 quam
1714 605 1847 662 pra:-

291 693 444 752 teriti.

353 784 614 840 Vsuuus.
645 781 782 851 Quid
804 791 888 839 est
922 781 1066 852 quod
1113 782 1190 836 ait
1241 779 1526 843 Salomon,
1563 775 1692 831 Noli
1740 791 1851 833 esse

283 877 446 948 justus
465 875 710 940 multum,
733 890 890 944 neque
917 874 1032 944 plus
1077 872 1254 944 sapias
1305 886 1460 943 quam
1513 883 1721 922 necesse
1773 874 1851 921 est

292 967 489 1042 (Eccle.
521 967 660 1039 vn)?
687 965 826 1046 Quid
847 966 990 1022 enim
1013 963 1141 1019 mali
1165 971 1247 1019 est
1269 963 1314 1017 si
1343 962 1505 1017 homo
1525 960 1596 1015 sit
1625 957 1852 1014 multum

284 1059 474 1130 justus,
501 1067 594 1116 aut
613 1058 732 1129 quis
757 1064 939 1128 potest
966 1055 1084 1128 plus
1106 1069 1296 1126 sapere
1315 1066 1476 1122 quam
1504 1065 1721 1107 necesse
1748 1049 1852 1105 sit?

351 1148 630 1204 SALONIUS.
663 1147 756 1202 Ille
784 1146 1008 1200 miltum
1063 1153 1118 1199 et
1171 1143 1328 1198 nimis
1367 1141 1544 1210 justus
1571 1147 1674 1208 est,
1703 1136 1854 1206 cujus

283 1239 482 1311 justitia
509 1255 648 1294 smva
676 1245 731 1294 et
755 1235 988 1294 crudelis
1011 1277 1026 1304 ,
1056 1235 1219 1290 etiam
1245 1233 1379 1288 alios
1406 1231 1603 1286 excitat
1626 1229 1692 1286 ad
1718 1243 1852 1298 que-

288 1331 450 1387 relam
496 1339 550 1386 et
598 1328 1092 1393 murmurationem,
1123 1324 1272 1382 verbi
1325 1323 1496 1392 gratia
1529 1321 1656 1391 :qui
1709 1319 1853 1375 videt

287 1421 499 1479 htrem
520 1436 674 1477 suum
712 1433 964 1490 peccare,
996 1426 1053 1473 et
1078 1415 1250 1485 magis
1271 1413 1388 1470 vult
1432 1427 1556 1479 eum
1595 1409 1851 1466 condem-
1915 1428 1917 1431 '

285 1531 411 1572 nare
436 1522 596 1584 atque
641 1513 832 1584 punire
875 1523 1036 1582 quam
1063 1523 1161 1580 per
1183 1506 1555 1579 pmnitentiam
1582 1503 1854 1571 corrigere

285 1615 337 1664 et
387 1604 679 1661 emendare
705 1645 722 1672 ,
765 1602 857 1659 ille
907 1602 1158 1657 nimirum
1196 1599 1423 1656 multum
1469 1604 1526 1652 et
1569 1593 1726 1650 nimis
1773 1601 1855 1650 est

284 1699 468 1770 justus.

1950 517 2176 566 merum,
2204 503 2256 558 id
2276 511 2359 558 est
2379 504 2674 582 denarium.

2028 593 2290 650 Vesanus.
2343 594 2624 660 Quomodo
2657 607 2786 662 ergo
2825 595 3085 666 sapientia
3131 597 3401 656 confortat
3443 616 3528 658 sa-

1951 688 2187 758 pientem
2206 701 2368 756 super
2392 686 2576 741 decem
2604 687 2870 757 principes
2898 688 3164 744 civitatis?

2022 777 2302 834 SALONIUS.
2328 775 2462 843 Quia
2511 777 2682 846 majus
2726 785 2807 833 est
2835 779 3091 833 auxilium
3143 781 3448 850 sapientiae,
3477 782 3527 839 id

1952 879 2036 928 est
2060 871 2270 925 Domini
2296 870 2422 931 Jesu
2442 869 2660 936 Christi,
2685 886 2846 940 quam
2875 872 2946 926 sit
2973 872 3303 943 angelorum.

2027 961 2292 1019 Venimus.
2343 962 2482 1030 Quid
2527 970 2610 1018 est
2651 962 2797 1031 quod
2838 961 3092 1018 Salomon
3146 963 3312 1020 dicit:
3353 963 3525 1024 Virum

1951 1074 2112 1114 unum
2140 1057 2203 1112 de
2226 1057 2368 1112 mille
2390 1058 2557 1129 reperi
2574 1097 2590 1121 ,
2613 1058 2879 1113 mulierem
2900 1065 3070 1112 autent
3089 1075 3152 1114 ea:
3173 1057 3407 1114 omnibus
3427 1075 3531 1114 non.

1951 1149 2156 1205 inueni?
2183 1134 2434 1218 Nunquid
2455 1147 2636 1203 multa:
2660 1149 2910 1203 mulieres
2937 1156 3136 1204 sanctae
3163 1147 3396 1216 fuerunt,
3424 1150 3522 1206 vir-

1952 1240 2105 1310 gines
2133 1239 2292 1294 simul
2339 1246 2394 1293 et
2422 1238 2613 1302 viduae,
2642 1253 2761 1307 qua:
2809 1239 3058 1308 pudicitia
3088 1255 3148 1294 ac
3176 1239 3443 1304 castitate,
3468 1253 3527 1295 ac

1953 1332 2108 1388 bonis
2134 1330 2386 1401 operibus
2441 1330 2560 1386 Deo-
2581 1331 2831 1400 placuere
2847 1372 2863 1397 ,
2895 1345 2961 1385 ex
2983 1331 3176 1400 quibus
3202 1331 3443 1402 plurimm
3468 1331 3525 1386 il-

1954 1422 2125 1479 larum
2145 1421 2403 1493 martyrio
2431 1427 2701 1476 coronata:
2731 1423 2891 1476 sunt?

2025 1510 2301 1568 ΞΑιοιπυε.
2332 1508 2475 1567 Vere
2516 1508 2732 1566 fuerunt
2760 1519 2814 1566 et
2852 1527 3024 1581 usque
3071 1529 3211 1568 nunc
3247 1521 3370 1568 sunt
3409 1513 3527 1582 plu-

1954 1607 2105 1662 rima:
2125 1606 2358 1676 virgines
2383 1619 2447 1660 ac
2475 1603 2651 1659 viduas
2691 1603 2804 1659 Deo
2833 1613 3093 1674 accepue;
3123 1607 3217 1662 sed
3260 1607 3364 1662 hoc
3407 1604 3528 1663 dicit

1955 1695 2230 1763 Salomon,
2260 1696 2386 1765 quia
2407 1710 2508 1752 suo
2532 1703 2774 1766 tempore
2803 1685 2872 1749 de
2898 1695 3076 1750 multis
3090 1695 3216 1750 viris
3244 1697 3334 1749 vix
3362 1697 3530 1758 potuit

351 1790 618 1846 Vesanus.
662 1786 944 1856 Quomodo
992 1785 1132 1858 sapit
1175 1785 1340 1842 homo
1382 1782 1500 1853 plus
1552 1795 1716 1851 quam
1761 1794 1856 1836 n6-
1889 1789 1933 1848 Β
1959 1788 2199 1844 invenire
2226 1787 2445 1853 bonum,
2478 1786 2546 1842 de
2573 1786 2885 1842 mulieribus
2906 1802 3034 1842 vero
3059 1787 3258 1842 nullam
3311 1787 3529 1852 invenit,

284 1899 430 1941 cesse
455 1884 581 1938 est?

351 1974 627 2031 SALONIUS.
690 1972 916 2040 Quando
961 1970 1191 2041 superbe
1239 1968 1382 2038 sapit
1423 1987 1436 2020 :
1485 1966 1626 2023 unde
1675 1971 1860 2021 monet

285 2066 571 2140 Apostolus
590 2082 603 2118 :
622 2061 751 2120 Noli
766 2065 930 2116 altum
951 2078 1134 2133 sapere
1165 2058 1354 2131 (Rom.
1382 2057 1470 2127 ιι)
1496 2075 1509 2111 :
1537 2057 1591 2112 id
1617 2063 1718 2122 est,
1746 2055 1859 2110 noli

281 2157 509 2228 swerbe
535 2170 744 2226 sapere,
773 2154 864 2208 sed
893 2156 1032 2207 time.
1063 2151 1155 2206 ille
1193 2151 1356 2206 etiam
1386 2150 1504 2220 plus
1531 2148 1671 2218 sapit
1697 2161 1857 2218 quam

281 2261 505 2306 necesse
532 2254 632 2312 est,
663 2246 756 2316 qui
783 2260 846 2302 ea
871 2245 986 2300 vult
1011 2243 1308 2312 intelligere
1360 2255 1478 2311 qua)
1529 2255 1636 2298 non
1680 2246 1860 2310 potest

281 2335 738 2409 comprehendere
764 2349 938 2406 neque
965 2341 1268 2404 penetrare.

353 2429 622 2485 VBRANUS.
654 2428 834 2494 Quare
860 2425 1116 2482 Salomon
1141 2424 1272 2480 dicit
1304 2441 1318 2476 :
1345 2420 1444 2488 Qui
1492 2424 1634 2478 timet
1685 2421 1862 2478 Domi-

274 2538 405 2594 num
456 2521 587 2575 nihil
614 2519 828 2592 negiigit
856 2516 1060 2590 (Eccle.
1092 2518 1220 2589 vn),
1248 2532 1369 2572 cum
1397 2516 1626 2573 Jacobus
1645 2523 1859 2586 aposto-

271 2612 366 2668 lus
412 2613 598 2669 dicat:
634 2611 702 2667 In
747 2612 922 2666 multis
958 2611 1267 2681 offendimus
1316 2626 1492 2664 omnes
1544 2609 1698 2679 (Jac.
1728 2608 1861 2677 In)?

269 2703 533 2776 Nunquid
551 2703 785 2761 Iacobus
813 2712 905 2760 aut
929 2705 1111 2760 caeteri
1159 2703 1390 2775 apostoli
1438 2717 1544 2757 non
1599 2701 1862 2756 timebant

267 2796 472 2859 Deum,
496 2797 587 2865 qui
616 2811 674 2850 se
701 2796 756 2848 in
784 2795 967 2850 multis
995 2793 1268 2850 oli'endere
1295 2791 1734 2848 conﬁtebantur?

337 2887 631 2942 SALONIUS.
662 2887 941 2942 Timebant
969 2886 1188 2956 utique,
1216 2893 1274 2940 et
1297 2886 1350 2940 in
1398 2884 1579 2940 multis
1619 2883 1858 2938 oﬂende-

274 2979 432 3047 bant,
462 2979 587 3048 quia
616 2993 723 3032 non
743 2983 824 3034 est
849 2977 1013 3033 homo
1037 2991 1200 3046 super
1228 2984 1423 3031 terram
1453 2975 1542 3044 qui
1569 2973 1733 3029 faciat
1764 2973 1860 3027 bo-

284 3085 432 3133 num,
455 3078 511 3124 et
536 3084 641 3124 non
664 3077 870 3139 peccet.

1959 1881 2084 1952 quia
2112 1895 2301 1936 omnes
2326 1894 2448 1936 eum
2475 1893 2586 1935 non
2607 1877 2675 1934 ad
2703 1878 2952 1934 virtutem
2971 1921 2986 1947 ,
3011 1878 3104 1934 sed
3147 1877 3216 1932 ad
3271 1877 3532 1932 luxuriam

1958 1979 2259 2028 traxerunt.

2030 2065 2298 2121 Vsmns.
2349 2061 2534 2121 Potest
2577 2062 2693 2120 haec
2729 2062 2994 2120 sententia
3050 2061 3398 2134 spiritualiter
3451 2062 3534 2116 in.

1958 2157 2125 2227 telligi
2143 2157 2167 2210 ‘t
3067 2161 3074 2168 '

2029 2251 2312 2307 Seremus.
2335 2249 2480 2306 Vere
2499 2256 2700 2320 potest,
2731 2263 2856 2303 nam
2882 2263 2982 2318 per
3018 2248 3190 2304 virum
3231 2246 3540 2317 designatur

1960 2344 2134 2399 bonus
2156 2343 2318 2397 animi
2346 2342 2639 2411 cogitatus,
2665 2355 2764 2411 per
2809 2339 3089 2396 mulierem
3138 2355 3268 2394 vero
3313 2336 3540 2393 carnalis

1961 2445 2016 2492 et
2041 2436 2298 2492 dissoluta
2326 2434 2601 2504 cogitatio.
2635 2432 2710 2488 De
2737 2433 2882 2488 mille
2911 2448 3039 2503 ergo
3067 2434 3149 2487 vir
3178 2448 3314 2490 unus
3333 2429 3542 2486 inveni-

1962 2534 2067 2591 tur,
2092 2524 2145 2579 id
2173 2533 2253 2581 est
2282 2538 2417 2578 unus
2444 2522 2706 2589 cogitatus
2749 2522 2978 2576 mundus
3005 2530 3060 2576 et
3087 2537 3269 2591 purus,
3295 2519 3388 2591 qui
3414 2534 3542 2590 per-

1959 2631 2113 2672 versa
2145 2616 2473 2684 cogitatione
2501 2629 2608 2668 non
2636 2614 2901 2678 turbetur,
2933 2614 2984 2668 id
3024 2622 3106 2669 est
3150 2614 3422 2684 polluatur
3449 2627 3544 2669 ex-

1961 2706 2262 2771 trinsecus;
2289 2705 2355 2759 de
2407 2703 2718 2758 mulieribus
2755 2719 2884 2758 vero
2938 2705 3083 2758 nulla
3128 2705 3397 2760 invenitur
3423 2717 3544 2774 qua

1960 2797 2177 2868 placeat
2203 2797 2336 2862 Deo,
2363 2795 2488 2864 quia
2517 2793 2748 2848 carnalis
2770 2801 2823 2847 et
2853 2809 3103 2862 perversa
3133 2793 3387 2862 cogitatio
3434 2806 3543 2849 non

1958 2898 2043 2943 est
2067 2894 2286 2956 accepta
2314 2887 2442 2940 Deo.

2030 2981 2297 3036 Venimus.
2323 2980 2460 3047 Quid
2481 2990 2563 3037 est
2586 2982 2730 3050 quod
2756 2981 2856 3036 ait:
2881 2977 2980 3044 Qui
2997 2978 3217 3033 custodit
3234 2987 3541 3048 praceptum

1960 3073 2078 3138 Dei,
2096 3089 2199 3128 non
2220 3075 2510 3143 experietur
2530 3073 2806 3145 quidquam
2825 3072 2950 3126 mali
2973 3069 3180 3142 (Eccle.
3214 3085 3307 3125 vm
3323 3068 3380 3140 )?
3403 3066 3542 3135 Quo-

358 3159 622 3215 Vcamus.
655 3156 938 3225 Quomodo
966 3171 1096 3227 ergo
1122 3170 1311 3212 verum
1358 3164 1442 3211 est
1495 3154 1641 3225 quod
1684 3153 1814 3210 dicit
1845 3171 1857 3207 :

1967 3163 2128 3219 modo
2156 3163 2289 3218 nihil
2314 3164 2441 3217 mali
2467 3165 2773 3234 experietur
2801 3162 2891 3232 qui
2920 3168 3184 3232 praecepta
3235 3159 3329 3214 Dei
3364 3168 3542 3216 custo-

283 3248 388 3316 Qui
417 3250 556 3305 timet
579 3248 876 3316 Dominum,
907 3247 1038 3302 nihil
1059 3246 1272 3318 negligit
1303 3244 1505 3316 (Eccle.
1528 3245 1657 3316 vu).

356 3340 634 3397 SALDNIUS.
669 3339 772 3408 Qui
795 3340 939 3395 enim
968 3346 1217 3395 sanctum
1241 3347 1296 3393 et
1323 3345 1530 3394 castum
1582 3339 1678 3394 Dei
1707 3338 1866 3394 timo-

281 3448 402 3492 rem
429 3434 610 3500 habet,
643 3433 774 3488 nihil
794 3433 1010 3488 omnino
1037 3432 1273 3500 negligit,
1304 3431 1428 3500 quia
1450 3445 1624 3500 neque
1643 3445 1866 3501 prospe-

282 3526 359 3581 ris
388 3524 650 3588 elevatur,
681 3537 857 3593 neque
881 3522 1120 3578 adversis
1139 3521 1402 3592 dejicitur,
1431 3522 1683 3593 quoniam
1711 3521 1865 3590 quid-

281 3613 416 3686 quid
449 3614 524 3668 illi
553 3613 749 3669 accidit
775 3629 883 3670 non
909 3629 1034 3670 eum
1059 3613 1365 3671 contristat.

353 3706 630 3764 νειιωιυε.
665 3705 793 3773 Quis
821 3716 904 3763 est
922 3722 1050 3778 ergo
1080 3708 1168 3763 ille
1191 3708 1281 3776 qui
1308 3716 1552 3762 sanctum
1581 3715 1638 3761 et
1658 3715 1865 3763 castum

280 3797 381 3856 Dei
405 3799 658 3854 timorem
687 3799 888 3855 habet?

351 3891 640 3946 SALONIUS.
673 3888 776 3954 Qui
793 3889 1088 3944 'Dominum
1117 3889 1170 3944 in
1216 3889 1363 3944 nullo
1417 3890 1529 3944 vult
1575 3889 1864 3957 oﬁendere,

279 3989 340 4038 et
364 3986 634 4052 quantum
659 3979 774 4049 ipse
801 3978 1056 4048 adjuvare
1083 3979 1350 4049 dignatur,
1382 3979 1497 4049 ejus
1544 3981 1871 4037 voluntatem

276 4077 337 4130 et
366 4069 627 4127 mandata
673 4070 836 4140 ipsius
861 4070 915 4126 in
937 4072 1184 4128 omnibus
1232 4072 1346 4127 vult
1397 4082 1452 4127 et
1495 4073 1673 4130 studet
1701 4075 1871 4129 adim-

274 4165 466 4239 plere.

351 4278 638 4333 Vsunus.
671 4275 809 4342 Quid
839 4285 921 4332 est
947 4277 1091 4345 quod
1117 4279 1225 4332 ait:
1248 4277 1520 4347 Sapientia
1566 4281 1876 4352 confortabit

272 4373 584 4443 rapientem
641 4385 791 4439 super
837 4369 1010 4424 decem
1063 4372 1332 4441 principes
1381 4373 1598 4427 civitatis
1652 4373 1877 4446 (Ibid)?

275 4465 425 4533 Qua:
459 4470 541 4518 est
561 4463 675 4518 haec
701 4463 978 4533 sapientia,
1013 4471 1105 4518 aut
1121 4464 1212 4533 qui
1241 4472 1366 4519 sunt
1394 4465 1478 4520 isti
1507 4466 1808 4536 principes?

359 4579 652 4636 SALONIUS.
684 4575 953 4647 Sapientia
978 4579 1028 4632 in
1075 4578 1180 4634 hoc
1209 4579 1330 4635 loco
1375 4579 1658 4637 Dominum
1697 4581 1878 4639 Jcsum

278 4670 576 4728 Christum
597 4667 879 4736 signiﬁcat,
910 4669 1000 4738 qui
1029 4678 1112 4725 est
1139 4671 1308 4726 virtus
1336 4679 1389 4727 et
1430 4674 1689 4743 sapientia
1740 4675 1836 4731 Dei
1862 4695 1873 4730 :

276 4761 575 4835 principes
599 4759 846 4826 civitatis,
879 4761 1048 4815 sancti
1074 4761 1250 4830 angeli
1276 4770 1399 4819 sunt
1421 4763 1769 4832 intelligendi,
1789 4767 1880 4836 qui

275 4861 426 4912 sunt
458 4851 728 4921 principes
774 4851 1034 4918 civitatis,
1089 4853 1140 4907 id
1167 4861 1252 4908 est
1278 4855 1511 4910 caelestis
1561 4853 1873 4912 Jerusalem.

271 4946 440 5004 Sunt
469 4951 524 4996 et
545 4942 813 5011 principes
842 4941 1114 5011 Ecclesize,
1139 4946 1261 5015 quia
1293 4945 1394 5015 ipsi
1421 4945 1660 5016 quotidie
1687 4957 1880 5018 regunt

269 5054 418 5099 eam
453 5043 514 5091 et
536 5034 861 5090 custodiunt.

355 5127 646 5186 VERANUS.
678 5122 788 5181 Cur
814 5140 942 5196 ergo
962 5125 1148 5182 decem
1175 5127 1462 5185 dicuntur?

353 5241 658 5298 Sanomus.
700 5236 835 5305 Quia
873 5237 1061 5294 decem
1085 5249 1111 5276 ει
1135 5237 1353 5296 fuerunt
1398 5241 1616 5299 ordines
1661 5245 1884 5314 angelo-

266 5351 446 5405 rum,
480 5333 577 5388 sed
628 5347 766 5387 unus
819 5331 1010 5386 cecidit
1063 5347 1158 5403 per
1204 5334 1551 5403 superbiam?
1583 5345 1639 5392 et
1685 5338 1884 5394 idcirco

265 5427 428 5486 boni
453 5424 637 5494 angeli
659 5438 873 5493 semper
894 5422 961 5477 ad
987 5423 1093 5480 hoc
1109 5423 1374 5494 laborant,
1399 5435 1459 5482 ut
1483 5426 1553 5483 de
1574 5427 1884 5488 hominibus

1967 3254 2062 3319 dit,
2094 3269 2216 3309 cum
2239 3255 2408 3309 sancti
2435 3254 2535 3308 viri
2557 3254 2648 3322 qui
2691 3261 2956 3322 praecepta
3013 3251 3107 3304 Dei
3154 3247 3544 3316 custodierunt,

1967 3344 2134 3399 multa
2162 3346 2404 3413 perpessi
2431 3345 2537 3397 sint
2565 3343 2617 3397 in
2647 3344 2750 3398 hoc
2779 3342 3012 3398 saeculo?

2034 3436 2313 3490 SALONIUS.
2345 3435 2544 3489 Verum
2571 3441 2672 3502 est,
2703 3434 2828 3504 quia
2878 3433 2969 3504 qui
3025 3437 3292 3503 praecepta
3321 3427 3414 3484 Dei
3447 3442 3543 3484 cu-

1965 3524 2150 3590 stodit,
2183 3524 2235 3578 id
2261 3531 2341 3578 est
2362 3539 2520 3578 omne
2560 3522 2704 3592 quod
2750 3522 2908 3592 jussit
2962 3530 3017 3577 et
3063 3518 3317 3590 praecepit
3372 3516 3515 3572 Deus

1966 3629 2074 3669 non
2103 3613 2410 3682 experietur
2431 3612 2720 3681 quidquam
2747 3611 2873 3665 mali
2902 3611 2954 3665 in
2986 3609 3184 3675 futuro,
3209 3609 3312 3663 hoc
3326 3607 3544 3663 estnul-

1969 3705 2076 3759 lum
2107 3704 2302 3758 malum
2323 3703 2576 3773 patietur,
2607 3701 2810 3757 nullum
2839 3702 3035 3756 malum
3062 3698 3344 3755 sustinebit
3377 3696 3430 3749 in
3459 3694 3547 3750 die

1963 3796 2167 3866 judicii.
2195 3794 2446 3862 Quamvis
2474 3795 2616 3850 enim
2646 3795 2822 3864 aliqua
2851 3794 2994 3847 mala
3018 3793 3249 3862 patiatur
3268 3790 3322 3844 in
3347 3789 3450 3844 hac
3469 3788 3549 3842 vi-

1971 3895 2043 3953 ta,
2074 3887 2211 3942 levia
2239 3894 2359 3941 sunt
2380 3893 2436 3941 et
2457 3885 2783 3950 transitoria;
2807 3885 2860 3938 in
2884 3883 3062 3938 futura
3087 3890 3266 3937 autem
3288 3880 3397 3934 vita
3417 3877 3550 3933 nihil

1971 3977 2099 4032 mali
2121 3978 2354 4046 patietur
2401 3976 2491 4047 qui
2520 3975 2823 4046 pervenerit
2875 3974 2942 4029 ad
2966 3983 3182 4029 aeterna:
3207 3969 3551 4027 beatitudinis

1972 4068 2215 4137 gloriam.

2049 4160 2314 4216 VERANUS.
2347 4159 2485 4226 Quid
2511 4167 2594 4215 est
2619 4160 2762 4228 quod
2786 4161 2888 4213 ait:
2908 4158 3096 4212 Melior
3115 4166 3192 4212 est
3220 4157 3362 4210 canis
3415 4155 3553 4210 vivus

1977 4252 2119 4307 leone
2140 4261 2339 4306 mortuo
2371 4249 2582 4322 (Eccle.
2610 4251 2733 4320 1x)?
2758 4249 2898 4317 Quid
2926 4264 3024 4320 per
3044 4262 3233 4322 canem
3264 4247 3444 4303 vivum
3463 4255 3554 4301 aut

1976 4343 2189 4397 leonem
2219 4351 2488 4397 mortuum
2518 4343 2772 4398 Salomon
2802 4343 2917 4396 vult
2945 4342 3203 4410 intelligi?

2049 4434 2327 4490 SALONIUS.
2355 4434 2514 4490 Canis
2541 4435 2691 4490 vivus
2712 4433 2977 4504 significat
3003 4435 3260 4506 populum
3297 4433 3554 4502 gentium,

1913 4533 1958 4590 ι)
1983 4525 2068 4582 leo
2097 4537 2340 4582 mortuus
2375 4527 2629 4596 populum
2678 4525 2982 4582 Judaeorum
3011 4542 3042 4581 a
3065 4525 3178 4581 Deo
3222 4523 3553 4579 derelictum.

1987 4616 2175 4695 Melior
2197 4626 2278 4672 est
2306 4631 2432 4687 ergo
2461 4617 2601 4687 apud
2630 4617 2794 4673 Deum
2825 4619 2973 4673 canis
2999 4618 3098 4672 iste
3123 4617 3272 4668 vivus
3291 4627 3448 4682 quam
3473 4611 3557 4666 leo

1985 4711 2073 4767 ille
2098 4719 2364 4776 mortuus;
2397 4711 2519 4779 quia
2551 4726 2646 4764 nos
2670 4710 2762 4777 qui
2794 4709 2861 4762 de
2889 4716 3047 4776 gente
3076 4705 3345 4761 credimus
3371 4704 3558 4758 viven-

1988 4810 2087 4866 tes,
2111 4817 2208 4870 per
2235 4801 2389 4854 ﬁdem
2420 4800 2795 4868 cognoscimus
2820 4799 2988 4855 Deum
3018 4797 3253 4863 Patrem,
3286 4804 3340 4852 et
3365 4795 3559 4851 Filium

1986 4899 2042 4947 et
2067 4891 2325 4962 Spiritum
2343 4899 2604 4946 sanctum.
2638 4891 2807 4945 Aliter
2831 4891 2978 4946 canis
3005 4891 3156 4945 vivus
3199 4897 3284 4945 est
3304 4895 3560 4961 peccator

1987 4982 2079 5052 qui
2105 4997 2164 5038 se
2191 4981 2427 5051 peccatis
2453 4989 2721 5036 mortuum
2745 4981 3057 5048 conﬁtetur;
3089 4989 3144 5036 et
3170 4996 3268 5052 per
3289 4980 3559 5050 pmniten-

1987 5073 2117 5128 tiam
2165 5086 2478 5141 resurgens,
2532 5073 2719 5144 incipit
2766 5089 2862 5144 per
2896 5073 3156 5144 justitiam
3219 5072 3441 5128 vivere:
3474 5070 3563 5126 leo

1988 5171 2231 5219 mortuus
2277 5172 2360 5218 est
2382 5162 2576 5232 justus,
2605 5165 2727 5235 quia
2758 5165 2810 5219 in
2840 5181 2936 5222 sua
2977 5163 3180 5234 justitia
3227 5161 3446 5217 conlidit
3465 5203 3480 5228 ,
3508 5167 3563 5216 et

1989 5253 2057 5309 de
2084 5253 2292 5310 meritis
2318 5253 2430 5310 suis
2453 5254 2746 5324 gloriatur;
2777 5263 2832 5311 et
2856 5256 3053 5311 idcirco
3098 5252 3345 5322 superbia
3367 5251 3557 5312 elatus,

1990 5354 2233 5400 mortuus
2261 5333 2343 5401 est
2370 5346 2510 5417 apud
2555 5346 2744 5403 Deum.
2796 5346 2984 5402 Melior
3029 5352 3111 5401 est
3133 5358 3262 5416 ergo
3310 5349 3564 5415 peccator

1993 5437 2206 5492 humilis
2231 5447 2287 5494 et
2325 5453 2424 5509 per
2464 5438 2834 5510 pmnitentiam
2877 5446 3182 5508 correptus,
3206 5451 3372 5509 quam
3385 5435 3564 5505 justus

360 5619 390 5644 ι-
434 5601 1282 5692 Ϋιιξιρξρὲςξξωνρςξεξῌὰςεξίρᾳφ
1311 5603 1564 5692 ordinem
1614 5625 1891 5692 numerum
1996 5613 2091 5692 bet
2107 5614 2324 5692 _ordine
2369 5617 2578 5685 aliquos
2622 5617 2879 5692 cecidisse
2915 5620 3112 5692 docent
3145 5618 3400 5692 theologi,
3430 5616 3570 5692 _Vide

266 5679 457 5738 illum
484 5674 798 5758 angelorum
824 5674 916 5758 qui
943 5687 1242 5758 enrnovem
1257 5674 1533 5758 ordinibus
1547 5680 1758 5750 cecidit,
1772 5697 1894 5758 nam
1996 5680 2056 5737 Β.
2107 5682 2386 5758 Thomam,
2432 5674 2572 5755 p'art.
2623 5686 2678 5755 ί,
2723 5695 2913 5758 quaest.
2956 5685 3050 5756 65,
3095 5695 3200 5746 art.
3239 5674 3403 5755 9,3d
3430 5688 3487 5757 '5,
3513 5697 3566 5743 et

266 5743 744 5809 mtuum
765 5757 888 5800 esse
910 5743 1220 5816 angelorum
1247 5744 1491 5815 ordines,
1543 5758 1597 5805 et
1642 5766 1708 5807 ex
1729 5743 1898 5823 quoli~
1994 5763 2182 5824 tumst.
2209 5753 2336 5810 108.
