4110 6336
559 375 696 435 1007

1822 365 2088 422 SALONII
2141 363 2535 424 VIENNENSIS

3664 360 3810 424 £008

559 492 852 562 superbus;
897 486 1019 557 quia
1075 484 1164 541 ille
1213 483 1603 572 abominabilis,
1661 482 1762 539 iste
1816 481 1926 537 Deo
1978 495 2130 536 acee—
2155 486 2210 546 Α
2234 481 2327 536 sed
2355 490 2542 536 contra
2563 481 2732 551 ipsam
2787 479 3000 536 fortiter
3041 489 3280 550 pugnare
3332 488 3401 535 ne
3446 479 3586 535 forte
3639 493 3813 549 opere

597 593 681 638 [US
708 589 808 637 est.
1685 617 1698 629 ο

597 602 681 638 tus
708 602 808 637 est.
1685 617 1698 629 ,

557 602 592 656 p
630 674 895 727 VERANUS.
923 669 1061 736 Quid
1100 677 1182 724 est
1205 667 1347 738 quod
1373 667 1538 723 dicit:
1573 667 1726 720 Omni
1767 676 1988 736 tempore
2024 665 2128 717 sint

556 764 854 818 vestimenta
875 769 962 812 tua
984 759 1228 826 candida,
1251 767 1300 812 et
1327 760 1495 812 oleum
1522 757 1584 810 de
1611 757 1776 826 capite
1801 764 1882 809 tuo
1904 771 2006 809 non
2035 754 2127 807 de-

559 853 701 924 ﬁciat
731 848 930 922 (Eccte.
953 849 1068 919 1x)?
1098 847 1341 916 Nunquid
1364 854 1542 916 potest
1561 846 1759 916 aliquis
1781 843 2003 900 candida
2031 858 2126 898 ve-

556 944 808 1001 stimenta
829 955 1040 1010 semper
1067 939 1299 992 habere?
1352 937 1418 990 Et
1441 937 1487 991 si
1516 935 1734 990 forsitan
1764 935 1836 988 ita
1868 941 1949 988 est
1981 933 2129 986 dives

557 1043 618 1088 ut
654 1048 868 1102 semper
907 1031 1227 1086 vestimenta
1272 1029 1497 1084 candida
1538 1027 1706 1098 possit
1734 1026 1953 1090 habere,
1987 1024 2128 1094 quod

559 1126 778 1182 omnino
793 1123 1008 1179 difficile
1023 1131 1132 1189 est;
1157 1121 1426 1192 quomodo
1448 1119 1560 1175 ﬁeri
1580 1123 1756 1189 potest
1773 1125 1830 1172 ut
1869 1117 1936 1171 de
1954 1117 2129 1186 capite

557 1215 722 1285 ipsius
747 1228 1018 1283 nunquam
1045 1212 1258 1267 deficiat
1303 1210 1514 1265 oleum?
1539 1207 1666 1274 Quis
1713 1221 1944 1275 namque
1993 1205 2130 1260 ferre

555 1314 735 1376 potest
757 1314 816 1360 ut
843 1320 1055 1375 semper
1083 1305 1278 1358 habeat
1305 1309 1464 1372 caput
1485 1301 1607 1356 oleo
1633 1299 1984 1369 perunctum?

627 1397 904 1452 SALONIUS.
929 1396 1053 1451 Haec
1078 1395 1362 1459 sententia,
1397 1409 1502 1447 non
1531 1391 1895 1455 historialiter,
1914 1388 2008 1443 sed
2029 1388 2130 1458 spi-

557 1489 842 1553 ritualiter,
897 1485 1060 1541 debet
1087 1485 1328 1553 intelligi.
1360 1483 1494 1537 Nam
1523 1497 1620 1552 per
1654 1483 1968 1536 vestimenta
2022 1480 2130 1533 vir-

557 1576 704 1637 t'htes
723 1580 1070 1647 designantur
1093 1577 1284 1646 quibus
1313 1576 1489 1630 anima
1516 1575 1746 1629 vestitur
1793 1583 1847 1627 et
1868 1579 2089 1627 ornatur
2113 1588 2124 1622 :

557 1686 657 1742 per
683 1671 861 1725 oleum
894 1683 1023 1724 vero
1050 1667 1360 1736 designatur
1385 1683 1520 1736 opus
1544 1663 1942 1727 misericordiae,
1969 1663 2021 1718 id
2049 1671 2131 1717 est

559 1764 898 1832 eleemosyna
924 1761 1006 1815 vel
1029 1768 1176 1815 certe
1195 1759 1486 1830 spiritualis
1512 1759 1713 1823 laetitia,
1737 1764 1892 1812 etest
1912 1772 2125 1811 sensus:

2230 572 2595 642 conipleamus
2624 571 2818 626 malam
2849 571 3247 642 cogitationem.
3281 570 3467 627 Potest
3512 579 3568 625 et
3597 570 3676 624 sic
3725 571 3814 624 in-

2227 664 2392 732 telligi
2418 681 2430 716 :
2455 664 2500 718 si
2525 663 2689 718 habes
2736 664 2789 718 in
2837 671 2888 718 te
2929 662 3304 726 humilitatem,
3337 661 3683 728 munditiam,
3715 674 3815 716 ca-

2227 757 2483 819 stitatem,
2510 755 2840 826 patientiam,
2860 753 3198 817 charitatem,
3224 760 3279 807 et
3299 751 3544 806 diabolus
3572 750 3816 817 suggerit

2228 847 2323 902 tibi
2337 846 2661 916 superbiam,
2685 843 2978 909 libidinem,
2996 842 3402 908 immunditiam,
3426 843 3581 907 iram,
3601 841 3811 904 odium,

2229 955 2292 991 ne
2320 938 2571 991 dimiseris
2625 937 2791 992 locum
2843 944 3004 1000 tuum,
3037 933 3090 988 id
3115 940 3220 1002 est,
3251 949 3320 989 ne
3346 933 3584 987 dimittas
3627 931 3815 986 humi-

2229 1029 2430 1084 litatem
2459 1037 2513 1084 et
2541 1028 2786 1084 efliciaris
2813 1028 3090 1098 superbus.
3122 1024 3213 1081 Sic
3258 1033 3312 1081 et
3353 1025 3420 1081 de
3467 1024 3679 1080 ceteris
3726 1031 3817 1079 est

2228 1121 2647 1189 intelligendum.
2977 1124 2990 1129 ’

2301 1213 2567 1266 Vesanus.
2594 1211 2769 1277 Quare
2796 1209 2924 1266 dicit
2946 1208 3201 1264 Salomon
3236 1226 3248 1262 :
3285 1209 3372 1265 Va:
3391 1208 3517 1276 tibi,
3545 1219 3684 1263 terra
3716 1223 3814 1261 cu-

2222 1304 2310 1374 jus
2339 1322 2430 1359 rex
2443 1306 2645 1376 juvenis
2665 1314 2758 1368 est,
2790 1312 2840 1357 et
2866 1303 3012 1373 cujus
3041 1301 3294 1373 principes
3322 1317 3472 1354 mane
3497 1300 3774 1355 comedunt
3791 1299 3820 1350 .’

2227 1393 2475 1463 Nunquid
2504 1411 2610 1450 non
2639 1396 2795 1450 beata
2845 1393 2943 1448 fuit
2981 1403 3123 1448 terra
3172 1392 3366 1460 Israel,
3398 1407 3515 1461 qua:
3551 1393 3818 1462 juvenem

2231 1485 2418 1540 habuit
2440 1500 2638 1553 regem,
2672 1484 2838 1540 David
2878 1484 3100 1548 scilicet,
3125 1484 3216 1553 qui
3261 1483 3361 1538 fuit
3391 1484 3605 1553 triginta
3635 1500 3818 1538 anno-

2229 1589 2348 1628 rum
2374 1574 2586 1644 quando
2614 1574 2848 1644 suscepit
2895 1575 3156 1643 regnum?
3181 1573 3430 1642 Nunquid
3483 1589 3590 1630 non
3636 1575 3820 1629 bonus

2229 1680 2325 1720 rex
2346 1663 2536 1729 Josias,
2551 1665 2652 1735 qui
2676 1679 2899 1733 regnare
2919 1665 3082 1734 coepit
3107 1665 3160 1718 in
3189 1664 3594 1720 adolescentia?

2303 1756 2580 1811 SALONIUS.
2618 1756 2758 1812 Vere
2785 1759 2959 1812 bonus
2988 1773 3084 1811 rex
3112 1757 3299 1821 David,
3329 1758 3504 1813 bonus
3531 1767 3586 1814 et
3613 1758 3812 1824 Josias.

559 1851 716 1906 Omni
772 1863 994 1923 tempore
1047 1854 1150 1904 sint
1201 1852 1500 1904 vestimenta
1550 1859 1636 1903 tua
1688 1849 1937 1912 candida;
1970 1848 2022 1902 id
2049 1857 2132 1903 est
2164 1845 2207 1905 Β
2235 1848 2341 1905 Sed
2371 1865 2449 1904 vae
2486 1859 2640 1904 terra:
2677 1851 2828 1920 cujus
2856 1867 2952 1906 rex
2973 1851 3186 1920 juvenis
3213 1861 3294 1906 est
3313 1894 3328 1919 ,
3359 1853 3463 1907 hoc
3487 1861 3588 1917 est,
3619 1853 3668 1906 in
3697 1866 3813 1921 quo

556 1958 886 2013 quaecunque
913 1944 1053 1998 bona
1082 1943 1275 2011 egeris,
1305 1943 1412 1999 sint
1438 1942 1634 1997 munda
1665 1949 1719 1996 et
1746 1957 1897 2010 pura,
1932 1950 1989 1994 ut
2008 1957 2131 2011 pos-

555 2036 665 2091 sint
691 2035 802 2090 Ι)εο
832 2049 950 2090 esse
971 2045 1220 2105 accepta;
1253 2042 1305 2090 et
1334 2049 1608 2102 nunquam
1633 2034 1852 2089 deficias
1907 2036 1972 2089 ab
1999 2050 2130 2104 ope-
2169 2037 2174 2041 ’

551 2126 704 2181 ribus
725 2125 1127 2192 misericordiae,
1159 2135 1213 2181 et
1238 2141 1451 2196 semper
1481 2125 1678 2180 habere
1706 2126 1859 2180 stude
1879 2126 2130 2194 spiritua-

557 2213 664 2269 lem
692 2215 948 2268 laetitiam.

629 2303 906 2361 Venimus.
926 2306 1056 2373 Quae
1079 2315 1200 2362 sunt
1229 2323 1426 2363 musca:
1451 2308 1516 2363 de
1550 2309 1740 2378 quibus
1768 2309 2024 2364 Salomon
2051 2309 2132 2364 di-

559 2400 648 2464 cit,
683 2400 880 2454 Muscw
920 2402 1195 2454 morientes
1241 2403 1586 2456 exterminant
1640 2403 1942 2456 suavitatem
1993 2401 2132 2454 illius

563 2491 580 2557 (
599 2490 770 2543 Eccle.
801 2490 866 2554 Χ)
885 2492 908 2543 ?

630 2580 907 2635 SALONIUS.
932 2581 1071 2635 Vere
1093 2590 1239 2636 certe
1271 2581 1525 2636 Salomon
1572 2583 1871 2652 spirituales
1924 2600 2134 2640 muscas

560 2670 825 2740 intelligit.
1967 2741 1971 2744 .

630 2760 898 2815 VEBANUS.
923 2759 1050 2826 Quae
1079 2769 1204 2816 sunt
1234 2761 1334 2816 illae
1361 2763 1663 2832 spirituales
1690 2766 1923 2820 muscae?
1960 2819 1974 2827 μ.

632 2851 910 2905 ΞΑωΝιυε.
945 2851 1240 2918 D:emones,
1270 2853 1393 2906 vitia
1437 2863 1490 2908 et
1535 2864 1756 2924 peccata
1791 2875 1802 2908 :
1832 2857 1947 2912 lucc
1992 2857 2132 2911 enim

555 2944 736 2997 omnia
765 2945 1120 2998 exterminant
1156 2945 1242 2999 hic
1290 2947 1606 3002 suavitatem
1649 2951 1924 3017 unguenti,
1972 2950 2022 3004 id
2053 2960 2134 3006 est

559 3033 780 3100 gratiam
811 3033 980 3087 sancti
1008 3033 1256 3102 Spiritus.

631 3122 897 3176 Venascs.
930 3122 1067 3188 Quid
1096 3133 1178 3178 est
1205 3127 1347 3193 quod
1372 3128 1445 3181 ait
1475 3146 1486 3178 :
1517 3127 1616 3197 Cor
1645 3131 1890 3200 sapientis
1923 3131 1975 3184 in
2005 3131 2132 3185 dea:-

2236 1958 2400 2012 parva
2431 1952 2485 1998 et
2514 1943 2831 1999 inﬁrma'est
2857 1945 3140 2014 sapientia,
3170 1952 3225 1999 et
3252 1945 3478 1999 carnalis
3506 1945 3806 2014 prudentia,

2235 2049 2355 2103 qua:
2373 2033 2628 2101 juvenilia
2656 2034 2919 2088 desideria
2947 2035 3207 2104 sequitur,
3256 2034 3370 2089 odit
3403 2035 3694 2106 justitiam,
3722 2049 3814 2089 ve—

2235 2123 2448 2176 ritatem
2477 2132 2532 2176 et
2555 2123 2833 2190 judicium.
3194 2170 3199 2176 .

2308 2215 2574 2268 VERANUS.
2610 2215 2891 2280 Quomodo
2922 2217 3191 2287 principes
3219 2231 3378 2272 mane
3403 2217 3738 2272 comedunt?

2306 2303 2580 2359 SALONIUS.
2616 2304 2888 2375 Principes
2919 2317 3073 2362 m‘ane
3102 2307 3392 2362 comedunt
3417 2307 3632 2378 quando
3663 2307 3822 2361 luxn-

2235 2387 2433 2451 riosam
2479 2395 2642 2450 vitam
2683 2397 2884 2451 ducunt
2929 2415 2942 2449 :
2990 2407 3044 2452 et
3088 2397 3286 2452 ideirco
3335 2412 3415 2450 va:
3461 2405 3615 2450 terrae
3665 2398 3823 2465 cujus

2237 2487 2503 2557 principes
2549 2502 2704 2540 mane
2753 2485 3056 2554 comedunt,
3087 2487 3210 2558 quia
3251 2489 3422 2558 magis
3449 2473 3634 2543 amant
3658 2488 3821 2557 hujus

2237 2577 2413 2633 smculi
2460 2578 2765 2648 voluptates
2811 2588 2866 2634 et
2907 2581 3083 2635 carnis
3111 2580 3499 2636 delectationes
3526 2596 3689 2650 quam
3721 2597 3818 2651 po-

2238 2669 2348 2740 puli
2394 2669 2640 2734 salutem,
2666 2669 2892 2740 ideoque
2938 2671 3210 2726 luxuriose
3247 2672 3479 2727 Vivendo
3507 2679 3818 2742 pervertunt

2233 2761 2508 2832 judicium.
3447 2833 3454 2842 ι

2309 2853 2575 2909 νεκλκυε.
2611 2854 2890 2920 Quomodo
2940 2855 3096 2910 beata
3146 2865 3228 2910 est
3262 2863 3407 2910 terra
3434 2854 3590 2923 cujus
3614 2870 3699 2908 rex
3726 2863 3804 2907 est

2239 2945 2451 3008 nobilis,
2485 2953 2538 3000 et
2561 2946 2710 3015 cujus
2734 2947 3003 3016 principes
3031 2947 3318 3002 comedunt
3337 2947 3392 3000 in
3417 2955 3655 3017 tempore
3679 2946 3807 2999 suo?

2309 3039 2584 3093 SALONIUS.
2618 3039 2671 3093 Si
2719 3056 2812 3094 rex
2859 3040 3050 3095 nobilis
3095 3049 3204 3103 est,
3239 3040 3339 3095 hoc
3365 3048 3450 3093 est
3475 3039 3703 3093 decorus
3728 3053 3814 3092 sa-

2241 3128 2437 3198 pientia
2468 3171 2480 3194 ,
2533 3128 2838 3198 splendidus
2860 3128 3066 3197 justitia
3093 3168 3108 3191 ,
3137 3137 3358 3182 ornatus
3393 3127 3554 3182 bonis
3583 3126 3818 3182 moribus

561 3219 670 3265 tera
693 3213 827 3282 ejus,
849 3222 896 3265 et
926 3229 1014 3266 cor
1056 3214 1198 3267 stulti
1227 3215 1279 3267 in
1320 3216 1534 3269 sinistra
1580 3219 1718 3271 illius
1744 3218 1986 3290 (Ibid)?
2009 3220 2137 3286 Quis
2165 3220 2208 3282 C
2243 3229 2297 3276 et
2325 3221 2548 3285 actibus,
2583 3235 2708 3274 vere
2735 3221 2892 3274 beata
2929 3228 3013 3274 cst
3043 3229 3182 3275 terra
3209 3221 3296 3274 cui
3323 3228 3546 3289 przeest,
3581 3219 3709 3287 quia
3737 3231 3818 3271 re-

561 3303 702 3357 enim
739 3303 899 3359 habet
920 3320 1014 3359 cor
1042 3321 1196 3360 suum
1221 3307 1433 3361 carnale
1463 3307 1517 3361 in
1541 3306 1762 3362 dextera
1799 3311 1883 3364 vel
1923 3311 1976 3363 in
2004 3311 2136 3364 sini-

561 3399 673 3447 stra
696 3395 894 3446 manu?

628 3485 906 3540 SALONIUS.
941 3485 1079 3540 Vere
1108 3486 1305 3553 nullus,
1328 3496 1383 3543 et
1411 3487 1532 3543 ideo
1560 3489 1674 3544 haec
1727 3490 1992 3544 sententia
2025 3489 2135 3560 spi-

560 3578 822 3632 ritualiter
844 3577 1003 3634 debet
1032 3579 1271 3646 intelligi.

631 3669 896 3725 Vensaus.
929 3669 1211 3736 Quomodo
1240 3673 1587 3742 spiritualiter
1605 3674 1766 3730 debet
1788 3675 2047 3743 intelligi?

628 3761 908 3818 SALONIUS.
939 3762 1042 3819 Per
1066 3780 1160 3820 cor
1178 3765 1485 3834 designatur
1507 3767 1732 3822 intentio
1746 3783 1841 3822 seu
1861 3768 2133 3835 cogitatio;

565 3870 663 3924 per
684 3854 961 3909 dexteram
1010 3871 1246 3920 manum,
1280 3874 1414 3928 opus
1453 3859 1685 3925 bonum;
1717 3874 1814 3929 per
1866 3859 2137 3915 sinistram

560 3960 711 4012 vero,
741 3946 958 3999 malum.
992 3947 1097 4001 Cor
1142 3948 1302 4015 igitur
1332 3949 1589 4018 sapientis
1637 3950 1690 4003 in
1744 3949 1966 4004 dextera
1998 3950 2133 4019 ejus,

559 4035 685 4102 quia
717 4035 942 4089 intentio
964 4044 1018 4088 et
1045 4037 1300 4105 cogitatio
1332 4039 1429 4092 viri
1459 4040 1717 4108 sapientis
1741 4041 1793 4094 in
1833 4041 1936 4095 hoc
1965 4040 2135 4095 tendit

556 4135 616 4181 et
643 4127 709 4198 ad
731 4129 834 4182 hoc
859 4127 1067 4182 laborat
1089 4138 1144 4182 ut
1164 4120 1376 4198 semper
1395 4131 1535 4186 bona
1564 4141 1846 4201 operetur;
1871 4141 2134 4200 quatenus

558 4216 614 4270 in
643 4217 728 4270 die
751 4217 959 4285 jndicii,
991 4219 1056 4273 ad
1111 4220 1384 4275 dexteram
1413 4222 1653 4290 Domini,
1678 4223 1732 4277 id
1779 4232 1861 4279 est
1907 4225 1961 4278 in
1987 4233 2134 4279 sorte

557 4307 819 4375 justorum
845 4316 991 4362 stare
1020 4321 1305 4375 mereatur,
1333 4321 1528 4366 etcum
1555 4315 1683 4382 ipsis
1709 4315 1760 4367 in
1789 4322 1989 4367 aeterna
2010 4316 2133 4368 bea-

558 4394 786 4450 titudine
813 4396 1047 4464 gloriari.
1073 4397 1180 4454 Cor
1198 4416 1328 4455 vero
1350 4402 1496 4455 stulti
1520 4402 1572 4455 in
1601 4403 1812 4457 sinistra
1836 4404 1993 4471 illius,
2009 4406 2131 4474 quia

557 4492 613 4539 et
640 4485 779 4540 mala
808 4501 925 4555 quae
946 4489 1147 4556 cogitat
1167 4499 1220 4544 et
1246 4492 1398 4569 malis
1419 4493 1669 4562 operibus
1689 4496 2003 4560 accumulat,
2035 4511 2132 4564 pro

2239 3315 2317 3382 git
2345 3329 2460 3367 eam
2494 3313 2543 3366 in
2570 3312 2771 3381 judicio
2801 3321 2855 3367 et
2881 3313 3153 3381 aequitate,
3183 3320 3238 3366 et
3267 3311 3470 3366 exaltat
3492 3311 3724 3380 justitia.

2312 3401 2576 3457 Vesanus.
2611 3403 2708 3468 Qui
2757 3411 2889 3458 sunt
2922 3403 2997 3457 illi
3040 3403 3310 3473 principes
3356 3401 3448 3472 qui
3497 3402 3550 3456 in
3581 3409 3819 3471 tempore

2239 3509 2338 3549 suo
2365 3494 2685 3549 comedunt?

2311 3586 2586 3640 SALONIUS.
2617 3585 2698 3638 llli
2738 3585 2987 3642 nimirum
3034 3585 3125 3655 qui
3175 3600 3282 3640 non
3330 3584 3684 3649 luxuriantur,
3719 3583 3809 3650 qui

2238 3692 2345 3731 non
2375 3684 2554 3730 amant
2583 3676 2742 3746 hujus
2770 3677 2949 3733 saaculi
2977 3678 3279 3748 voluptates
3302 3717 3317 3742 ,
3365 3678 3456 3747 qui
3495 3693 3594 3731 non
3625 3675 3798 3728 vivunt

2239 3766 2292 3820 in
2320 3766 2535 3835 crapula
2565 3774 2619 3820 et
2661 3766 2953 3832 ebrietate;
2985 3768 3078 3822 sed
3119 3768 3268 3822 cibos
3315 3774 3549 3836 qmerunt
3594 3772 3796 3818 tantum

2238 3857 2305 3910 ad
2357 3857 2597 3925 corporis
2655 3858 3097 3912 sustentationem
3135 3877 3146 3911 :
3191 3858 3420 3927 ideoque
3471 3858 3626 3912 beata
3665 3864 3808 3910 terra

2240 3960 2358 4014 qua:
2405 3945 2542 4000 tales
2588 3945 2750 4000 habet
2799 3946 3107 4015 principes,
3157 3948 3280 4017 quia
3320 3947 3446 4001 dum
3471 3947 3731 4016 justitiam
3758 3952 3812 3998 et

2237 4037 2544 4105 mquitatem
2575 4036 2819 4105 diligunt,
2848 4037 3034 4105 utique
3057 4052 3166 4091 non
3193 4045 3512 4107 pervertunt
3534 4037 3812 4106 judicium.

2311 4128 2571 4181 Venaa’us.
2607 4128 2744 4193 Quid
2772 4137 2852 4183 est
2873 4127 3017 4196 quod
3048 4129 3123 4184 ait
3149 4148 3162 4183 :
3196 4129 3280 4182 Da
3306 4139 3478 4200 partes
3507 4137 3703 4198 septem
3728 4143 3816 4180 nec

2237 4234 2337 4271 non
2359 4225 2406 4270 et
2433 4227 2544 4271 octo
2578 4217 2772 4287 (Eccle.
2807 4219 2918 4288 x1)?
2959 4218 3088 4286 Quae
3109 4226 3232 4275 sunt
3261 4220 3364 4274 illae
3400 4228 3612 4290 septem
3643 4226 3817 4290 partes

2239 4307 2325 4362 vel
2349 4317 2471 4362 octo
2501 4323 2633 4376 quas
2662 4308 2790 4363 dare
2819 4325 2918 4365 nos
2939 4310 3125 4380 jubet?

2308 4399 2590 4454 SALONIl‘S.
2625 4401 2728 4455 Per
2774 4403 3137 4471 septenarium
3171 4418 3472 4468 numerum,
3521 4403 3691 4457 Vetus
3717 4401 3817 4456 Te-

2235 4500 2574 4556 stamcntum,
2606 4502 2828 4562 propter
2853 4493 3153 4559 sabbatum,
3199 4495 3289 4564 qui
3313 4503 3393 4550 est
3419 4494 3686 4564 septimus
3712 4481 3824 4548 dies

556 4576 752 4643 quibus
783 4577 835 4630 in
861 4577 948 4632 die
964 4577 1168 4646 jndicii,
1197 4596 1227 4633 a
1256 4581 1502 4645 sinistris,
1536 4583 1588 4636 id
1642 4591 1724 4637 est
1775 4585 1827 4637 in
1851 4593 2018 4646 ‘sorte
2047 4601 2135 4639 re-
2164 4596 2213 4655 υ
2241 4583 2600 4636 sanctilicatus
2628 4584 2681 4638 in
2709 4583 2856 4652 lege;
2887 4600 2981 4654 per
3004 4585 3339 4640 octonarium
3363 4600 3494 4639 vero
3515 4585 3826 4654 designatur

556 4665 848 4735 proborum
878 4678 1128 4738 ponetur,
1161 4680 1214 4726 ct
1236 4687 1356 4726 cum
1379 4672 1456 4726 eis
1485 4672 1537 4726 in
1576 4679 1835 4726 aeternum
1865 4674 2131 4743 punietur.

537 4795 550 4800 -
627 4757 892 4816 νειυωυε.
927 4761 1056 4827 Quis
1081 4772 1162 4817 est
1183 4763 1270 4816 ille
1296 4763 1510 4832 spiritus
1529 4763 1595 4818 de
1621 4778 1726 4832 quo
1747 4764 1875 4819 dicit
1902 4783 1912 4818 ς
1940 4764 1999 4820 Si
2026 4767 2135 4834 spi-

556 4849 689 4902 ritus
717 4858 1017 4918 potestatem
1062 4852 1295 4907 habentis
1336 4855 1627 4908 ascenderit
1667 4872 1821 4925 super
1858 4864 1934 4920 te,
1968 4855 2132 4910 locum

559 4951 704 4994 tuum
728 4957 792 4995 ne
839 4941 1131 4997 dimiseris?
1151 4944 1277 5012 Quis
1297 4954 1377 4998 est
1406 4947 1506 5000 iste
1535 4946 1626 5014 qui
1689 4946 1850 5001 habet
1895 4956 2133 5016 potesta-

558 5041 692 5101 tem,
721 5034 874 5102 cujus
902 5035 1137 5104 spiritus,
1169 5037 1212 5090 si
1261 5037 1565 5092 ascenderit
1616 5054 1776 5108 super
1809 5054 1927 5103 nos,
1955 5041 2132 5096 locum

557 5131 801 5178 nostrum
827 5125 1094 5179 dimittere
1119 5140 1224 5179 non
1252 5125 1544 5182 debemus?

626 5213 906 5271 SALONIUS.
933 5215 1204 5282 Diabolus,
1232 5217 1484 5289 princeps
1504 5219 1662 5289 hujus
1687 5222 1894 5288 mundi,
1917 5222 2134 5294 spiritus

553 5306 690 5376 ejus,
721 5315 802 5360 est
829 5307 1058 5376 maligna
1088 5309 1380 5378 suggestio.

635 5397 902 5454 VERANUS.
928 5397 1158 5470 Spiritus
1186 5401 1385 5458 diaboli
1408 5403 1678 5472 quomodo
1707 5405 1950 5461 ascendit
1970 5422 2133 5477 super

556 5490 694 5541 nos?

627 5578 904 5635 SALONIUS.
936 5579 1069 5646 Quia
1090 5584 1464 5652 persuadendo
1491 5587 1619 5643 facit
1645 5596 1701 5642 ut
1749 5588 1887 5642 mala
1932 5591 2132 5658 cogite-

557 5681 678 5720 mus
704 5688 715 5720 :
749 5671 792 5724 si
820 5685 950 5740 ergo
981 5683 1298 5740 suggerente
1326 5675 1574 5742 diabolo,
1604 5680 1744 5733 mala
1771 5680 2025 5749 cogitatio
2048 5696 2132 5734 as-

557 5756 801 5816 cenderit
824 5761 875 5815 in
894 5777 988 5818 cor
1014 5770 1275 5831 nostrum,
1290 5781 1401 5822 non
1424 5768 1474 5822 ei
1501 5768 1676 5824 locum
1702 5771 1831 5825 dare
1853 5771 2134 5836 debemus,

2243 4674 2450 4728 Novum
2481 4673 2903 4744 Testamentum,
2928 4684 3149 4747 propter
3170 4675 3311 4731 diem
3340 4675 3670 4731 dominicam
3690 4721 3707 4745 ,
3738 4676 3829 4747 qui

2239 4772 2322 4820 est
2351 4773 2590 4830 octavus,
2624 4765 2836 4820 Domini
2862 4764 3058 4823 Christi
3080 4767 3473 4821 resurrectione
3501 4778 3752 4822 sanctus.

2317 4856 2576 4912 Vensnvs.
2624 4857 2903 4924 Quomodo
2947 4872 3075 4928 ergo
3116 4858 3518 4930 intelligendum
3563 4867 3652 4914 est
3681 4859 3832 4930 quod

2238 4949 2311 5003 ait
2335 4968 2345 5002 :
2380 4947 2463 5002 Da
2490 4960 2660 5020 partes
2687 4959 2895 5021 septem,
2920 4967 3012 5005 nec
3033 4959 3207 5005 nonet
3235 4960 3347 5005 octo
3377 4949 3568 5020 (Ibid.)
3590 4951 3617 5004 ἓ

2310 5041 2591 5097 SALONIUS.
2622 5041 2738 5097 Hoc
2766 5042 2927 5098 modo
2954 5060 2967 5094 :
2998 5042 3048 5096 id
3077 5050 3159 5097 est
3187 5051 3470 5112 utrumque
3499 5041 3831 5098 Testamen-

2238 5141 2346 5187 tum
2377 5133 2564 5202 (Vetus
2593 5134 2796 5189 scilicet
2826 5142 2881 5187 et
2910 5131 3138 5200 Novum)
3169 5131 3285 5201 pari
3315 5132 3671 5186 veneratione
3703 5147 3828 5188 creo

2236 5223 2410 5278 dendo
2439 5224 2667 5294 suspice,
2701 5231 2756 5279 et
2774 5231 3040 5294 praecepta
3067 5237 3254 5279 eorum
3283 5221 3569 5291 diligenter
3597 5223 3862 5300 implere.

2236 5315 2409 5370 stude.

2310 5407 2573 5460 Vesanus.
2606 5406 2741 5472 Quid
2787 5415 2868 5461 est
2896 5405 3039 5476 quod
3068 5405 3178 5459 ait:
3231 5403 3292 5459 Si
3338 5403 3584 5457 ceciderit
3623 5405 3831 5476 lignum

2238 5498 2306 5551 ad
2334 5505 2583 5558 austrum,
2613 5506 2701 5549 aut
2726 5496 2796 5549 ad
2821 5499 3141 5568 aquilonem,
3183 5496 3235 5549 in
3272 5510 3570 5564 quocunque
3595 5495 3713 5548 loco
3749 5511 3834 5546 ce-

2236 5587 2418 5641 ciderit
2442 5625 2456 5650 ,
2487 5585 2555 5638 ibi
2603 5589 2698 5639 erit
2732 5585 2956 5657 (Ιὺὶιι.)⁶ἶ
2985 5586 3232 5656 Nunquid
3273 5583 3415 5654 quod
3445 5583 3588 5639 cadit
3615 5584 3832 5654 lignum

2240 5679 2307 5733 ad
2335 5677 2638 5747 aquilonem
2656 5719 2670 5743 ,
2703 5687 2793 5732 aut
2819 5678 2885 5732 ad
2914 5680 3190 5735 meridiem
3208 5721 3224 5744 ,
3264 5693 3371 5733 non
3400 5692 3542 5746 saepe
3573 5685 3858 5737 movetur,

2238 5771 2293 5828 in
2318 5769 2448 5826 alias
2478 5769 2658 5825 mundi
2687 5765 2902 5840 partes?
