4110 6336
280 347 411 406 1009

1159 340 1228 397 ΙΝ
1261 335 1760 396 ECCLESIASTEN
1798 333 2148 391 EXPOSITIO
2185 332 2501 391 MYSTIGA.

3401 343 3529 399 1010

343 461 622 514 Sseomus.
655 456 791 512 Nulli
838 456 942 510 hoc
971 452 1191 509 dubium
1221 460 1341 514 est,
1386 449 1476 505 sed
1508 450 1618 503 hcce
1642 456 1855 502 senten-
1882 453 1930 509 Α
1969 447 2190 509 nucleo,
2233 446 2304 499 ita
2331 445 2571 502 Christus
2600 459 2664 500 ex
2694 459 2884 513 carne,
2916 447 3118 512 anima,
3151 455 3204 503 et
3232 447 3556 520 divinitate.,

273 553 346 606 tia
373 549 720 620 spiritualiter
768 545 988 613 intelligi
1016 544 1192 599 debet.
1237 542 1366 595 Nam
1397 554 1494 610 per
1522 539 1719 606 lignum
1747 537 1847 592 ho-

273 657 361 696 mo
389 640 737 707 designatur:
787 636 1041 705 quoniam
1087 631 1453 701 unusquisque
1491 637 1571 684 est
1600 628 1752 698 quasi
1780 627 1847 681 li-

272 747 431 802 gnum
475 732 622 787 silvae
657 730 868 801 generis
897 726 1131 781 humani.
1186 723 1289 778 Per
1335 729 1574 776 austrum
1599 761 1613 784 ,
1644 719 1734 788 qui
1767 725 1850 772 est

268 823 475 880 calidus
496 830 705 884 ventus,
733 820 1040 886 designatur
1059 815 1272 885 requies
1292 812 1546 884 paradisi.
1573 809 1676 865 Per
1704 809 1849 878 aqui-

271 915 448 970 lonem
475 955 491 981 ,
539 897 632 982 qui
677 919 759 966 est
802 909 1038 979 frigidus,
1083 907 1389 975 designatur
1417 903 1612 958 inferni
1640 900 1847 970 suppli-

267 1008 436 1072 cium;
474 1013 543 1060 -et
593 1012 676 1059 est
721 1018 946 1057 sensus:
979 999 1294 1068 Ubicunque
1333 996 1434 1051 sibi
1471 996 1632 1048 homo
1671 993 1846 1046 locum

269 1099 337 1154 ad
382 1098 612 1151 futuram
661 1094 838 1149 sedem
887 1089 1305 1162 praeparaverit,
1349 1087 1463 1141 sive
1492 1083 1560 1137 ad
1584 1091 1843 1145 austrum,

265 1174 389 1245 cum
415 1185 668 1242 ceciderit
691 1183 764 1256 (id
794 1189 876 1237 est
905 1187 1147 1235 mortuus
1172 1176 1373 1246 fuerit),
1398 1175 1451 1228 in
1482 1171 1668 1241 requie
1698 1184 1848 1241 para-

265 1278 368 1333 disi
395 1285 449 1331 et
485 1275 653 1346 gloria
680 1273 828 1342 regni
857 1269 1090 1326 caelestis
1116 1265 1449 1338 permanebit
1490 1265 1543 1318 in
1564 1271 1841 1316 aeternum.

270 1368 325 1423 Si
353 1383 481 1422 vero
530 1365 669 1419 male
719 1361 949 1418 vivendo
1005 1360 1103 1414 sibi
1152 1359 1328 1413 locum
1371 1352 1750 1426 przeparaverit
1777 1349 1846 1404 ad

231 1503 234 1506 .
268 1459 508 1522 boream,
533 1455 722 1510 inferni
753 1469 937 1524 punias
967 1453 1077 1506 luet
1106 1452 1158 1504 in
1185 1449 1379 1505 saecula
1409 1446 1745 1502 saeculorum.

342 1549 610 1602 Vsmmus.
645 1546 782 1612 Quid
811 1552 893 1600 est
921 1541 1064 1612 quod
1093 1543 1203 1604 ait,
1258 1539 1357 1604 Qui
1387 1539 1616 1593 observat
1645 1543 1845 1588 ventum

274 1660 376 1697 non
407 1643 661 1705 seminat,
712 1647 760 1693 et
798 1639 884 1709 qui
913 1635 1203 1690 considerat
1225 1632 1379 1687 nubes
1410 1645 1669 1700 nunquam
1698 1628 1843 1680 metit

1953 535 2216 602 Quoniam
2231 550 2340 604 -per
2368 550 2428 588 os
2458 535 2719 606 amygdali
2757 537 3005 593 divinitas
3032 538 3356 607 designatur.

2024 627 2289 681 Ven-mus.
2324 625 2427 680 Per
2455 627 2714 681 locustam
2756 636 2810 683 et
2850 630 3120 700 capparim
3169 631 3294 700 quid
3332 632 3529 701 signiﬁ-

1953 721 2148 773 catur?

2021 809 2298 865 SALONIUS.
2335 807 2437 865 Per
2466 812 2726 868 locustam
2755 814 2983 884 populus
3010 814 3241 883 gentilis,
3271 829 3370 886 per
3395 830 3527 886 cap-

1951 899 2120 969 parim
2148 901 2376 970 populus
2404 900 2671 957 Judaicus.

2024 990 2291 1046 VERANUS.
2325 990 2604 1058 Quomodo
2633 1008 2760 1064 ergo
2788 996 3130 1066 intelligenda
3158 1005 3240 1053 est
3267 997 3382 1053 haec
3401 1013 3528 1054 seu-

1953 1081 2118 1136 tentia
2135 1083 2160 1134 ἲ

2020 1171 2298 1228 δλωκιυε.
2350 1173 2586 1230 Florebit
2636 1176 2944 1249 amygdalus
2969 1218 2982 1244 ,
3041 1179 3094 1232 id
3152 1189 3234 1234 est
3277 1187 3528 1235 nascetur

1951 1263 2192 1320 Christus
2217 1274 2274 1320 et
2299 1268 2634 1322 corruscabit
2659 1269 2932 1325 miraculis
2957 1288 2968 1322 :
3004 1269 3419 1342 Impinguabitur
3448 1270 3526 1323 lo-

1949 1365 2092 1409 custa
2117 1397 2131 1420 ,
2183 1357 2234 1410 id
2279 1365 2362 1412 est
2402 1359 2587 1413 credet
2624 1360 2838 1426 gentilis
2861 1362 3119 1431 populus,
3150 1351 3209 1416 'et
3238 1359 3527 1430 replebitur

1948 1446 2102 1501 donis
2149 1449 2542 1518 spiritualibus;
2593 1451 2936 1522 dissipabitur
2982 1454 3260 1523 capparis,
3304 1454 3407 1508 hoc
3433 1459 3517 1506 est

1949 1541 2146 1610 peribit
2174 1551 2396 1611 propter
2427 1543 2793 1599 inﬁdelitatem
2822 1546 3047 1614 populus
3073 1544 3342 1600 Iudaicus.

2023 1632 2285 1688 Venucs.
2320 1633 2683 1700 Quareverba
2713 1636 3013 1704 sapientum
3063 1636 3289 1692 stimulis
3325 1643 3378 1692 et
3414 1636 3527 1694 cla-

265 1732 466 1804 (Eccle.
499 1732 572 1799 χι)
606 1731 628 1783 ?
676 1729 803 1796 Quis
831 1727 971 1782 enim
1018 1734 1100 1780 est
1132 1733 1238 1778 tam
1266 1722 1460 1777 stultus
1490 1720 1580 1788 qui
1632 1732 1846 1788 semper

1952 1725 2027 1779 vis
2054 1725 2448 1782 assimilantur?
2477 1726 2564 1787 Sic
2591 1726 2734 1781 enim
2762 1726 2890 1781 dicit
2917 1727 3172 1782 Salomon
3191 1767 3205 1791 ,
3245 1726 3413 1780 Verba
3433 1743 3525 1781 sa-

266 1825 516 1878 (ὠθεῖ-νει
544 1829 778 1884 ventum,
800 1827 856 1874 ιιι
886 1834 990 1872 non
1013 1816 1268 1878 Scmillel;
1293 1821 1346 1880 (ξι
1366 1825 1578 1880 semper
1599 1809 1844 1866 οοηείάθ·
1870 1821 1919 1882 Β
1948 1816 2173 1887 pientum
2198 1817 2325 1870 sicut
2352 1817 2577 1881 stimuli,
2618 1825 2667 1871 et
2705 1819 2853 1888 quasi
2900 1817 3027 1871 clavi
3070 1819 3124 1871 in
3163 1817 3322 1871 altum
3363 1817 3527 1888 deﬁxi

265 1924 351 1971 ret
378 1914 568 1976 nubes,
601 1920 658 1966 ut
687 1925 958 1979 nunquam
981 1909 1187 1962 metat?

335 2003 613 2078 SALONiUS.
646 2001 771 2056 Haec
815 1998 1080 2055 sententia
1117 1994 1463 2066 spiritualiter
1502 1989 1845 2060 intelligenda

265 2104 385 2152 est:
419 2109 543 2150 nam
569 2101 631 2148 ut
676 2107 772 2162 per
812 2099 1028 2145 ventum
1075 2096 1131 2142 et
1171 2087 1339 2141 nubes
1377 2098 1517 2152 saepe
1557 2092 1848 2153 tempestas

267 2185 508 2256 generari
555 2176 719 2248 solet;
768 2181 845 2237 sic
901 2195 1000 2250 per
1059 2185 1278 2232 ventum
1341 2176 1502 2230 etiam
1542 2174 1848 2242 designatur

266 2277 510 2332 diabolus
536 2315 551 2339 ,
593 2290 688 2344 per
724 2273 892 2328 nubes
929 2269 1206 2340 praesentis
1253 2267 1433 2322 saeculi
1477 2265 1843 2320 adversitates.

267 2365 583 2435 Quicunque
648 2363 808 2432 igitur
854 2362 1005 2415 timet
1047 2357 1242 2414 diaboli
1302 2357 1727 2427 persecutionem
1756 2361 1849 2410 aut

265 2458 450 2513 mundi
479 2457 637 2524 hujus
673 2453 1054 2515 adversitates,
1100 2465 1206 2504 non
1239 2449 1504 2514 seminat,
1538 2448 1589 2502 id
1615 2459 1696 2502 est
1723 2463 1845 2503 ver-

267 2550 394 2604 bum
423 2548 518 2601 Dei
549 2562 653 2601 non
683 2544 969 2616 przedicat,
1015 2558 1113 2597 nec
1143 2550 1397 2612 operatur
1437 2541 1577 2596 bona
1613 2557 1730 2610 qua:
1756 2555 1848 2595 va-

265 2640 385 2702 let,
438 2637 600 2692 etiam
640 2650 910 2703 nunquam
951 2641 1152 2699 metet;
1193 2633 1316 2702 quia
1359 2633 1460 2687 etsi
1501 2632 1681 2701 aliqua
1707 2633 1847 2687 bona

265 2729 506 2791 inchoat,
539 2727 605 2781 ad
637 2725 1017 2796 perfectionem
1045 2739 1152 2778 non
1183 2738 1245 2777 ea
1275 2721 1534 2791 perducit.

292 2878 295 2880 _
338 2817 607 2872 VERANUS.
646 2815 782 2880 Quid
803 2827 930 2881 ergo
953 2813 1214 2880 agendum
1245 2814 1359 2867 est?

287 2895 290 2900 ’
337 2908 615 2962 SALONIUS.
649 2905 775 2960 Sine
824 2905 1251 2959 consideratione
1296 2904 1514 2959 nubium
1562 2912 1617 2958 et
1658 2904 1849 2958 timore

265 3007 549 3054 ventorum
576 3036 590 3060 ,
633 2998 685 3051 in
722 2996 912 3050 mediis
951 2995 1362 3065 tempestatibus
1389 2995 1652 3050 seminare
1681 2994 1846 3048 debe-

264 3105 417 3154 mus;
457 3088 511 3143 id
545 3096 628 3143 est
669 3088 724 3142 in
763 3085 1010 3141 omnibus
1047 3084 1457 3138 adversitatibus
1495 3083 1716 3139 verbum
1753 3083 1848 3139 Dei

1951 1906 2162 1976 (me).

2018 2000 2296 2056 SALONIUS.
2372 2001 2658 2071 Aptissime
2705 2001 2867 2054 verba
2915 1998 3223 2069 sapientum:
3264 1998 3429 2053 clavis
3474 2006 3529 2052 et

1947 2093 2176 2148 stimulis
2218 2101 2618 2163 comparantur,
2671 2079 2794 2163 quia
2832 2100 3176 2162 peccatorum
3215 2092 3398 2160 culpas
3433 2107 3529 2145 ne-

1947 2186 2121 2239 sciunt
2149 2186 2385 2256 palpare,
2412 2185 2504 2240 sed
2533 2199 2770 2255 pungere
2795 2203 2809 2250 ;
2840 2185 2930 2252 qui
2960 2184 3101 2238 enim
3126 2183 3386 2237 veraciter
3405 2191 3528 2238 Sunt

1948 2277 2218 2347 sapientes
2241 2319 2255 2342 ,
2307 2292 2493 2333 eorum
2540 2275 2724 2346 procul
2771 2275 2934 2330 dubio
2969 2274 3131 2328 verba
3158 2273 3293 2328 clavi
3322 2282 3446 2327 sunt
3473 2281 3529 2328 et

1947 2368 2166 2434 stimuli,
2197 2368 2318 2437 quia
2340 2375 2650 2438 peccatores
2670 2382 2777 2421 non
2799 2364 3174 2420 blandimentis
3202 2364 3401 2425 fovent,
3434 2363 3532 2417 sed

1951 2474 2139 2528 aspera
2171 2459 2537 2528 increpatione
2575 2457 2929 2525 redarguunt,
2978 2463 3033 2510 et
3069 2470 3255 2510 eorum
3295 2462 3530 2510 secretas

1949 2548 2306 2604 conscientias
2333 2548 2484 2616 quasi
2511 2547 2815 2616 pungendo,
2848 2545 2913 2600 ad
2942 2545 3184 2600 dolorem
3213 2553 3262 2600 et
3295 2546 3531 2600 lamenta

1950 2645 2205 2692 exercent
2234 2645 2291 2690 ut
2319 2637 2670 2704 corrigantur.

2020 2727 2289 2784 Vesanus.
2323 2726 2461 2794 Quid
2489 2734 2569 2781 est
2595 2728 2737 2794 quod
2764 2727 2869 2779 ait:
2891 2725 3018 2789 Qua:
3045 2743 3133 2796 per
3166 2729 3530 2796 magistrorum

1949 2820 2218 2872 consilium
2255 2819 2379 2870 data
2428 2827 2547 2872 sunt
2585 2835 2615 2869 a
2653 2827 2857 2887 pastore
2882 2834 2982 2870 uno
3008 2816 3234 2886 (Ibid.)?
3278 2817 3377 2882 Qui
3405 2826 3530 2873 sunt

1951 2908 2025 2961 illi
2051 2907 2286 2976 magistri
2316 2922 2413 2975 per
2439 2921 2667 2975 quorum
2695 2906 2974 2960 consilium
3004 2905 3128 2959 data
3168 2914 3290 2959 sunt
3317 2906 3531 2975 sapien-

1949 3005 2064 3053 tum
2094 2996 2250 3052 verba
2269 3037 2283 3064 ,
2327 3005 2419 3050 aut
2446 2996 2566 3066 quis
2595 3006 2676 3051 est
2716 3012 2850 3051 unus
2879 2997 2967 3051 ille
2996 3004 3178 3067 pastor
3213 3012 3244 3051 a
3271 3011 3378 3066 quo
3404 2998 3531 3052 data

1949 3089 2114 3144 sunt?

263 3178 578 3251 praedicare,
607 3185 661 3232 et
687 3177 829 3232 bona
858 3189 1022 3245 opera
1048 3188 1166 3266 quae
1186 3173 1425 3227 valemus
1448 3185 1610 3241 agere
1636 3187 1850 3243 semper
1877 3184 1924 3248 ο
2028 3178 2307 3234 SALONIUS.
2340 3178 2578 3246 Magistri
2605 3188 2729 3234 sunt
2756 3179 3030 3249 prophetae
3057 3188 3111 3233 et
3139 3179 3395 3248 apostoli;
3434 3194 3530 3248 pa-

261 3276 502 3325 oportet.

305 3285 502 3340 portet.

338 3359 606 3414 νειιΔΝυε.
669 3356 806 3423 Quid
849 3365 966 3412 est:
993 3355 1150 3410 Mane
1189 3356 1384 3410 semina
1417 3371 1587 3409 semen
1616 3364 1774 3420 tuum,
1800 3363 1850 3407 et

261 3452 466 3522 vesperi
487 3466 552 3503 ne
584 3457 744 3502 cesset
783 3464 967 3502 manus
1003 3458 1089 3501 tua
1120 3446 1345 3518 (Ibid.)?
1373 3446 1506 3512 Quis
1536 3446 1678 3502 enim
1706 3460 1848 3500 sem-

262 3557 368 3613 per
415 3547 469 3595 et
514 3554 674 3593 mane
716 3546 772 3592 et
817 3538 1027 3607 vesperi
1074 3539 1339 3591 seniinare
1376 3543 1586 3604 potest,
1618 3535 1851 3588 maxime

258 3641 393 3688 cum
421 3630 629 3700 glaciali
658 3637 901 3699 tempore
924 3628 1099 3683 nullus
1126 3627 1319 3682 audeat
1343 3627 1649 3680 seminare?

234 3788 238 3792 _
341 3722 621 3777 SALONIUS.
654 3719 849 3775 Semen
897 3720 1001 3775 hoc
1041 3720 1162 3774 loco
1201 3733 1307 3772 non
1349 3715 1748 3784 intelligendum
1771 3724 1854 3771 est

261 3816 524 3872 frumenti
566 3814 652 3869 vel
698 3815 919 3870 alterius
956 3813 1239 3882 cujuslibet
1285 3813 1468 3879 grani,
1529 3811 1622 3867 sed
1669 3824 1852 3866 semen

261 3910 404 3970 boni
430 3909 628 3978 operis,
659 3923 725 3961 ex
754 3922 862 3976 quo
891 3907 1126 3961 nascitur
1153 3905 1353 3961 fructus
1379 3904 1612 3973 justitire,
1646 3913 1700 3958 et
1720 3919 1855 3958 mer-

266 4017 368 4058 ces
395 4007 609 4054 aeterna:
637 3997 1102 4052 remunerationis.
1674 4045 1680 4049 _

345 4094 613 4146 VERANUS.
647 4089 784 4157 Quid
812 4104 940 4158 ergo
968 4089 1128 4144 docet
1155 4099 1275 4144 cum
1296 4089 1424 4143 dicit
1446 4107 1457 4141 :
1479 4088 1636 4143 Mane
1657 4091 1853 4144 semina

258 4200 443 4240 semen
474 4189 634 4249 tuum,
667 4192 714 4235 et
735 4181 926 4250 vesperi
958 4197 1020 4234 ne
1050 4191 1208 4233 cesset
1241 4196 1424 4234 manus
1449 4181 1572 4232 tua?

342 4275 629 4328 SALO‘NIUS.
665 4272 733 4326 Ut
774 4272 920 4325 nullo
951 4281 1223 4340 tempore,
1255 4272 1396 4324 nulla
1427 4279 1611 4334 :ctate,
1643 4288 1673 4325 a
1702 4273 1856 4326 bonis

256 4367 529 4437 operibus
557 4379 857 4427 cessemus,
895 4371 949 4416 et
991 4371 1228 4417 nostram
1257 4362 1571 4416 matutinam
1595 4363 1855 4431 justitiam

256 4474 467 4528 vesper
507 4457 770 4521 inveniat,
821 4464 876 4508 et
909 4456 1267 4524 vespertinam
1304 4454 1720 4508 misericordiam
1752 4455 1854 4508 ite-

1953 3281 2067 3326 stor
2112 3287 2248 3326 unus
2293 3281 2375 3326 est
2419 3270 2560 3326 Deus
2584 3313 2598 3335 ,
2654 3287 2684 3324 a
2727 3287 2833 3340 quo
2863 3271 2985 3326 data
3016 3281 3140 3326 sunt
3167 3272 3345 3326 omnia
3369 3272 3532 3326 verba

1953 3362 2252 3431 sapientum
2277 3403 2290 3426 ,
2343 3362 2466 3430 quia
2508 3363 2622 3430 ipse
2659 3361 2835 3416 docuit
2878 3363 3160 3430 magistros
3191 3362 3264 3432 (id
3296 3371 3376 3417 est
3404 3378 3531 3432 pro-

1953 3453 2142 3524 phetas
2192 3461 2247 3505 et
2294 3450 2603 3520 apostolos)
2650 3458 2703 3505 et
2731 3453 2987 3505 restruxit
3014 3467 3200 3506 eorum
3228 3453 3530 3514 conSilium,

1953 3542 2206 3612 quoniam
2237 3542 2350 3611 ipse
2377 3541 2520 3596 dedit
2548 3542 2712 3596 verba
2740 3543 2794 3597 in
2823 3543 2983 3596 corde
3013 3550 3068 3596 et
3095 3557 3189 3596 ore
3212 3543 3468 3612 ipsorum.

2027 3635 2297 3689 Vesanus.
2331 3633 2468 3700 Quid
2511 3642 2594 3688 est
2627 3634 2770 3702 quod
2810 3633 3163 3689 Ecclesiastes
3201 3634 3253 3688 in
3281 3633 3386 3688 line
3415 3633 3535 3688 libri

1955 3724 2038 3779 sui
2065 3724 2193 3778 dicit
2225 3743 2236 3776 :
2272 3725 2432 3777 Deum
2468 3724 2587 3778 time
2617 3733 2665 3777 et
2691 3725 2940 3777 mandata
2967 3725 3076 3794 ejus
3097 3725 3313 3788 custodi,
3347 3724 3442 3778 hoc
3460 3732 3538 3778 est

1957 3818 2091 3870 enim
2115 3817 2282 3870 omnis
2306 3816 2490 3870 homo?
2542 3814 2822 3881 Quomodo
2847 3814 2960 3869 ﬁeri
2981 3823 3178 3883 potest,
3201 3823 3260 3868 ut
3286 3816 3389 3869 hoc
3417 3802 3536 3868 tan-

1959 3917 2070 3962 tum
2114 3908 2183 3961 sit
2211 3907 2374 3961 homo
2398 3947 2411 3972 ,
2459 3905 2507 3959 id
2539 3914 2619 3959 est
2649 3906 2836 3959 timere
2868 3905 3031 3958 Deum
3062 3913 3117 3958 et
3141 3904 3402 3964 mandata,
3421 3903 3538 3972 ejus

1959 3997 2286 4054 observare?
2316 3995 2480 4050 Multo
2521 3996 2723 4064 quippe
2748 3993 2921 4062 major
2957 4001 3038 4048 est
3065 4009 3190 4064 pars
3216 4009 3403 4048 eorum
3434 3994 3535 4047 ho-

1957 4089 2160 4142 minum
2190 4088 2281 4155 qui
2307 4103 2407 4142 nec
2440 4087 2626 4140 timent
2656 4101 2755 4139 nec
2783 4084 3108 4139 custodiunt.

2028 4177 2304 4233 SALONIUS.
2345 4178 2482 4232 Vere
2511 4176 2681 4245 major
2705 4191 2831 4245 pars
2856 4184 2938 4230 est
2964 4176 3226 4230 malorum
3253 4189 3412 4243 quam
3441 4175 3538 4229 bo-

1958 4287 2170 4334 norum,
2202 4270 2324 4338 quia
2356 4270 2493 4324 sicut
2521 4269 2778 4323 Dominus
2806 4267 2936 4323 dicit
2972 4285 2984 4320 :
3018 4265 3174 4319 Mutti
3199 4275 3318 4320 sunt
3354 4266 3536 4331 vocati,

1961 4367 2111 4435 pauci
2134 4383 2248 4419 vero
2269 4366 2414 4418 electi
2446 4364 2660 4433 (Matth.
2696 4363 2810 4434 xx),
2845 4371 2898 4417 et
2927 4358 3416 4430 incompaiabiliter
3434 4375 3540 4413 ma-
3634 4390 3644 4402 -

1965 4456 2048 4526 jor
2077 4455 2366 4509 inﬁdelium
2397 4454 2678 4509 multitudo
2706 4469 2864 4523 quam
2895 4453 3146 4507 ﬁdelium.

256 4563 393 4604 rum
423 4547 506 4602 sol
533 4555 683 4601 ortus
711 4545 1010 4599 accumulet
1037 4563 1046 4596 :
1083 4545 1134 4596 in
1182 4543 1541 4598 adolescentia
1576 4544 1776 4612 pariter
1802 4551 1858 4598 et
1884 4555 1932 4614 ι)
2031 4547 2302 4601 VERANUS.
2332 4545 2467 4612 Quid
2497 4559 2625 4614 ergo
2652 4545 2766 4598 vult
2796 4545 2848 4597 in
2877 4545 2980 4598 hoc
3009 4543 3128 4597 loco
3157 4541 3410 4596 Salomon
3446 4539 3540 4594 de-

253 4645 554 4694 senectute
583 4637 838 4690 virtutum
877 4635 1029 4704 copia
1068 4651 1166 4688 nos
1202 4649 1414 4704 semper
1441 4635 1551 4689 Deo
1581 4650 1855 4689 commen-

251 4733 382 4787 det.
415 4729 572 4783 Mane
591 4743 718 4796 ergo
739 4729 936 4782 semina
955 4743 1126 4781 semen
1145 4736 1304 4793 tuum,
1329 4736 1377 4780 et
1397 4728 1588 4797 vesperi
1608 4744 1672 4782 ne
1695 4736 1854 4781 cesset

248 4811 462 4880 manus
492 4830 576 4873 tua
599 4819 788 4892 (Ibid.)
813 4838 826 4872 :
859 4819 962 4874 hoc
990 4827 1101 4884 est,
1131 4834 1341 4888 semper
1371 4827 1423 4873 te
1458 4820 1511 4872 in
1539 4819 1695 4874 bonis
1721 4835 1852 4889 ope-

247 4917 422 4972 ribus
449 4928 658 4967 exerce.
727 4899 729 4902 ⁴
1579 4915 1581 4917 ί

346 5003 618 5057 ἾΕΜΝυε.
653 5000 787 5066 Quid
816 5009 899 5054 est
924 5000 1068 5067 quod
1097 5001 1190 5063 ait,
1219 4999 1287 5051 Et
1307 5000 1510 5067 ﬂorebit
1532 5000 1854 5070 amygdalus,

246 5091 683 5165 impinguabitur
702 5091 920 5153 locusta,
948 5096 996 5141 et
1025 5088 1360 5158 dissipabitur
1389 5089 1626 5158 capparis
1658 5089 1852 5156 (Ecclc.

243 5185 414 5251 xu)?
441 5181 576 5248 Quid
607 5181 749 5236 enim
778 5178 978 5249 profuit
1006 5178 1110 5233 hoc
1130 5177 1324 5239 dicere,
1357 5193 1476 5231 cum
1507 5179 1679 5234 nullus
1707 5181 1858 5248 igno-

244 5284 361 5334 ret
399 5274 520 5343 quia
561 5280 616 5328 et
662 5271 972 5343 amygdalus
1009 5269 1201 5325 ﬂorere
1229 5271 1396 5334 solet,
1431 5272 1747 5341 impinguari
1775 5273 1856 5328 lo-

245 5372 450 5428 custa,
480 5371 536 5418 et
562 5363 811 5434 dissipari
841 5361 1126 5431 capparis?

350 5455 631 5511 SALONIUS.
665 5455 788 5511 Haec
834 5453 1099 5509 sententia
1149 5452 1496 5522 spiritualiter
1539 5461 1620 5508 est
1660 5454 1857 5508 intelli-

249 5547 482 5620 genda,
525 5555 581 5602 et
624 5560 876 5614 magnum
907 5545 958 5598 in
990 5559 1048 5598 se
1076 5543 1314 5598 continet
1341 5544 1671 5614 mysterium.
1725 5545 1858 5599 Nam
1883 5616 1895 5633 ⁸

249 5655 380 5714 per;
407 5636 740 5708 amygdalum
767 5635 1078 5703 designatur
1102 5634 1356 5688 Dominus
1393 5633 1547 5687 Jesus
1573 5634 1815 5689 Christus
1842 5654 1853 5687 :

248 5729 404 5797 quia
451 5731 588 5786 sicut
636 5743 743 5784 nux
789 5725 1050 5796 amygdali
1098 5731 1309 5779 constat
1355 5740 1422 5779 ex
1448 5725 1626 5790 corio,
1657 5741 1776 5782 osse
1805 5721 1890 5781 et'

1963 4641 2298 4696 monstrare?

2032 4733 2314 4787 SALONIUS.
2348 4730 2462 4785 Hoc
2514 4744 2740 4795 namque
2776 4727 3108 4780 demonstrat
3149 4725 3200 4776 in
3230 4723 3312 4777 his
3343 4721 3537 4786 verbis,

1964 4823 2087 4892 quia
2119 4838 2225 4875 non
2261 4829 2341 4874 est
2369 4821 2550 4884 homo,
2583 4819 2671 4887 qui
2700 4818 2866 4872 Deum
2897 4832 3002 4872 non
3032 4816 3186 4870 timet
3207 4821 3261 4870 et
3289 4814 3539 4868 mandata

1960 4911 2075 4979 ejus
2105 4926 2210 4964 non
2241 4909 2488 4963 custodit.

2032 5003 2297 5056 VERANUS.
2331 5001 2506 5066 Quare
2538 5015 2643 5054 non
2673 5007 2754 5053 est
2778 4999 2984 5053 homo?

2033 5095 2315 5149 Saromus.
2351 5093 2484 5158 Quia
2514 5107 2622 5148 non
2659 5091 2892 5147 custodit
2919 5090 3136 5146 modum
3174 5089 3543 5158 rationemque

1960 5202 2071 5242 sua:
2102 5194 2321 5252 natura).

2034 5276 2301 5330 VERANUS.
2335 5274 2464 5341 Quae
2484 5283 2566 5331 est
2585 5277 2724 5332 ratio
2745 5285 2799 5332 et
2825 5274 3015 5330 modus
3036 5279 3238 5327 naturae
3265 5271 3542 5326 humanae?

2034 5369 2313 5424 SALONIUS.
2347 5368 2756 5424 Rationabiliter
2797 5368 2978 5421 vivere
3002 5407 3017 5432 ,
3070 5365 3195 5434 quia
3244 5365 3382 5418 inter
3426 5363 3542 5418 ani-

1928 5503 1933 5507 .
1966 5459 2167 5514 mantia
2195 5459 2371 5512 omnia
2413 5459 2559 5513 solus
2588 5460 2746 5512 homo
2776 5465 2991 5510 creatus
3019 5463 3100 5509 est
3129 5455 3390 5509 rationale
3418 5453 3538 5508 ani-

1962 5549 2104 5614 mal,
2127 5558 2199 5604 ret
2226 5550 2371 5603 solus
2402 5550 2609 5618 accepit
2638 5563 2667 5601 a
2699 5548 2808 5602 Deo
2839 5548 3098 5601 rationem
3128 5555 3180 5601 et
3211 5547 3541 5602 intellectum

1965 5641 2038 5694 ita
2069 5648 2124 5693 nt
2155 5647 2470 5706 agnosceret
2512 5654 2665 5692 suum
2705 5639 3012 5692 Creatorem
3054 5646 3108 5691 et
3149 5639 3391 5707 diligeret
3415 5622 3555 5696 cum}

1965 5745 2028 5784 ac
2056 5730 2285 5793 timeret,
2318 5736 2371 5781 et
2399 5727 2559 5782 corde
2586 5739 2639 5783 et
2667 5729 2941 5784 ore‘siniul
2970 5727 3226 5783 laudaret.
