  <div class='ocr_page' id='page_1' title='image "/cluster/home/n/w/nwhite01/storage/ocr_20150623/53/mdp.39015028539479/022.png"; bbox 0 0 4018 6136; ppageno 0'>
   <div class='ocr_carea' id='block_1_1' title="bbox 391 370 2188 407">
    <p class='ocr_par' dir='ltr' id='par_1_1' title="bbox 391 370 2188 407">
     <span class='ocr_line' id='line_1_1' title="bbox 391 370 2188 407; baseline 0.019 -18"><span class='ocrx_word' id='word_1_1' title='bbox 391 370 2188 407; x_wconf 49' lang='lat'><strong>“~—</strong></span> 
     </span>
    </p>
   </div>
   <div class='ocr_carea' id='block_1_2' title="bbox 393 397 1786 420">
    <p class='ocr_par' dir='ltr' id='par_1_2' title="bbox 393 397 1786 420">
     <span class='ocr_line' id='line_1_2' title="bbox 393 397 1786 420; baseline 0.019 -27"><span class='ocrx_word' id='word_1_2' title='bbox 393 397 462 410; x_wconf 71' lang='lat'><strong>__</strong></span> <span class='ocrx_word' id='word_1_3' title='bbox 898 399 909 420; x_wconf 61' lang='grc' dir='ltr'>ι</span> <span class='ocrx_word' id='word_1_4' title='bbox 980 401 989 413; x_wconf 84' lang='grc'>,</span> <span class='ocrx_word' id='word_1_5' title='bbox 1113 403 1136 412; x_wconf 82' lang='grc'>,</span> <span class='ocrx_word' id='word_1_6' title='bbox 1164 397 1258 413; x_wconf 44' lang='grc' dir='ltr'><strong>κ-..ν</strong></span> <span class='ocrx_word' id='word_1_7' title='bbox 1216 397 1235 398; x_wconf 60' lang='grc' dir='ltr'>η</span> <span class='ocrx_word' id='word_1_8' title='bbox 1269 397 1786 419; x_wconf 30' lang='lat'><strong>______7*&quot;——__———_—</strong></span> 
     </span>
    </p>
   </div>
   <div class='ocr_carea' id='block_1_3' title="bbox 2349 389 3617 424">
    <p class='ocr_par' dir='ltr' id='par_1_3' title="bbox 2349 389 3617 424">
     <span class='ocr_line' id='line_1_3' title="bbox 2349 389 3617 424; baseline 0.004 0"><span class='ocrx_word' id='word_1_9' title='bbox 2349 389 3617 424; x_wconf 34' lang='grc' dir='ltr'>ῃ</span> 
     </span>
    </p>
   </div>
   <div class='ocr_carea' id='block_1_4' title="bbox 1280 602 2741 703">
    <p class='ocr_par' dir='ltr' id='par_1_4' title="bbox 1280 602 2741 703">
     <span class='ocr_line' id='line_1_4' title="bbox 1280 602 2741 703; baseline 0.008 -13"><span class='ocrx_word' id='word_1_10' title='bbox 1280 602 1694 694; x_wconf 82' lang='lat' dir='ltr'><strong>SANCTI</strong></span> <span class='ocrx_word' id='word_1_11' title='bbox 1793 609 2214 698; x_wconf 79' lang='lat' dir='ltr'><strong>PATRIS</strong></span> <span class='ocrx_word' id='word_1_12' title='bbox 2307 612 2741 703; x_wconf 80' lang='lat' dir='ltr'><strong>NOSTRI</strong></span> 
     </span>
    </p>
   </div>
   <div class='ocr_carea' id='block_1_5' title="bbox 723 819 3313 1056">
    <p class='ocr_par' dir='ltr' id='par_1_5' title="bbox 723 819 3313 1056">
     <span class='ocr_line' id='line_1_5' title="bbox 723 819 3313 1056; baseline 0.007 -61"><span class='ocrx_word' id='word_1_13' title='bbox 723 819 1628 1004; x_wconf 87' lang='lat' dir='ltr'><strong>JOANNIS</strong></span> <span class='ocrx_word' id='word_1_14' title='bbox 1764 827 3313 1056; x_wconf 75' lang='lat' dir='ltr'><strong>CHRYSOSTOMI</strong></span> 
     </span>
    </p>
   </div>
   <div class='ocr_carea' id='block_1_6' title="bbox 1481 1144 3019 1265">
    <p class='ocr_par' dir='ltr' id='par_1_6' title="bbox 1481 1144 3019 1265">
     <span class='ocr_line' id='line_1_6' title="bbox 1481 1144 3019 1265; baseline -0.001 -10"><span class='ocrx_word' id='word_1_15' title='bbox 1481 1144 1947 1259; x_wconf 83' lang='lat' dir='ltr'><strong>OPERA</strong></span> <span class='ocrx_word' id='word_1_16' title='bbox 2027 1149 2521 1265; x_wconf 85' lang='lat' dir='ltr'><strong>OMNIA.</strong></span> <span class='ocrx_word' id='word_1_17' title='bbox 2983 1215 3019 1254; x_wconf 67' lang='grc' dir='ltr'><strong>ι.</strong></span> 
     </span>
    </p>
   </div>
   <div class='ocr_carea' id='block_1_7' title="bbox 870 1569 1984 1657">
    <p class='ocr_par' dir='ltr' id='par_1_7' title="bbox 870 1573 1984 1642">
     <span class='ocr_line' id='line_1_7' title="bbox 870 1573 1984 1642; baseline 0.012 -14"><span class='ocrx_word' id='word_1_18' title='bbox 870 1573 1106 1631; x_wconf 83' lang='lat' dir='ltr'><strong>SERMO</strong></span> <span class='ocrx_word' id='word_1_19' title='bbox 1141 1575 1670 1640; x_wconf 82' lang='lat' dir='ltr'><strong>ADMONITORIUS</strong></span> <span class='ocrx_word' id='word_1_20' title='bbox 1717 1583 1850 1641; x_wconf 88' lang='lat' dir='ltr'><strong>SUB</strong></span> <span class='ocrx_word' id='word_1_21' title='bbox 1886 1586 1984 1642; x_wconf 72' lang='grc' dir='ltr'><strong>ΙΝ]</strong></span> 
     </span>
    </p>
   </div>
   <div class='ocr_carea' id='block_1_8' title="bbox 2063 1569 3135 1657">
    <p class='ocr_par' dir='ltr' id='par_1_8' title="bbox 2063 1569 3135 1657">
     <span class='ocr_line' id='line_1_8' title="bbox 2063 1569 3135 1657; baseline 0.009 -13"><span class='ocrx_word' id='word_1_22' title='bbox 2063 1588 2173 1644; x_wconf 77' lang='grc' dir='ltr'><strong>’ωι</strong></span> <span class='ocrx_word' id='word_1_23' title='bbox 2207 1569 2502 1646; x_wconf 68' lang='lat' dir='ltr'><strong>SANCLE</strong></span> <span class='ocrx_word' id='word_1_24' title='bbox 2541 1590 3135 1657; x_wconf 70' lang='lat' dir='ltr'><strong>QUADRAGESHME.</strong></span> 
     </span>
    </p>
   </div>
   <div class='ocr_carea' id='block_1_9' title="bbox 905 1815 1450 1877">
    <p class='ocr_par' dir='ltr' id='par_1_9' title="bbox 905 1815 1450 1877">
     <span class='ocr_line' id='line_1_9' title="bbox 905 1815 1450 1877; baseline 0.013 -7"><span class='ocrx_word' id='word_1_25' title='bbox 905 1815 1181 1872; x_wconf 80' lang='lat' dir='ltr'><strong>HOMILIA</strong></span> <span class='ocrx_word' id='word_1_26' title='bbox 1222 1819 1450 1877; x_wconf 74' lang='lat' dir='ltr'><strong>PRIMA.</strong></span> 
     </span>
    </p>
   </div>
   <div class='ocr_carea' id='block_1_10' title="bbox 463 1987 1964 2064">
    <p class='ocr_par' dir='ltr' id='par_1_10' title="bbox 463 1987 1964 2064">
     <span class='ocr_line' id='line_1_10' title="bbox 463 1987 1964 2064; baseline 0.016 -24"><span class='ocrx_word' id='word_1_27' title='bbox 463 1988 513 2040; x_wconf 81' lang='lat' dir='ltr'><strong>t.</strong></span> <span class='ocrx_word' id='word_1_28' title='bbox 538 1987 754 2043; x_wconf 82' lang='lat' dir='ltr'><strong>Gaudeo</strong></span> <span class='ocrx_word' id='word_1_29' title='bbox 773 1999 827 2043; x_wconf 91' lang='lat' dir='ltr'><strong>et</strong></span> <span class='ocrx_word' id='word_1_30' title='bbox 847 1989 998 2046; x_wconf 81' lang='lat' dir='ltr'><strong>laetor</strong></span> <span class='ocrx_word' id='word_1_31' title='bbox 1015 1993 1199 2050; x_wconf 91' lang='lat' dir='ltr'><strong>videns</strong></span> <span class='ocrx_word' id='word_1_32' title='bbox 1227 1997 1382 2053; x_wconf 83' lang='lat' dir='ltr'><strong>hodie</strong></span> <span class='ocrx_word' id='word_1_33' title='bbox 1408 2000 1683 2058; x_wconf 84' lang='lat' dir='ltr'><strong>ecclesiam</strong></span> <span class='ocrx_word' id='word_1_34' title='bbox 1707 2005 1796 2060; x_wconf 88' lang='lat' dir='ltr'><strong>Dei</strong></span> <span class='ocrx_word' id='word_1_35' title='bbox 1825 2007 1964 2064; x_wconf 85' lang='lat' dir='ltr'><strong>ﬁlio-</strong></span> 
     </span>
    </p>
   </div>
   <div class='ocr_carea' id='block_1_11' title="bbox 388 2081 1964 2159">
    <p class='ocr_par' dir='ltr' id='par_1_11' title="bbox 388 2081 1964 2159">
     <span class='ocr_line' id='line_1_11' title="bbox 388 2081 1964 2159; baseline 0.016 -31"><span class='ocrx_word' id='word_1_36' title='bbox 388 2090 504 2128; x_wconf 88' lang='lat' dir='ltr'><strong>rum</strong></span> <span class='ocrx_word' id='word_1_37' title='bbox 529 2092 744 2131; x_wconf 86' lang='lat' dir='ltr'><strong>suorum</strong></span> <span class='ocrx_word' id='word_1_38' title='bbox 772 2081 1108 2137; x_wconf 91' lang='lat' dir='ltr'><strong>multitudine</strong></span> <span class='ocrx_word' id='word_1_39' title='bbox 1132 2088 1328 2152; x_wconf 87' lang='lat' dir='ltr'><strong>ornari,</strong></span> <span class='ocrx_word' id='word_1_40' title='bbox 1359 2083 1558 2159; x_wconf 82' lang='lat' dir='ltr'><strong>vosque</strong></span> <span class='ocrx_word' id='word_1_41' title='bbox 1581 2107 1768 2150; x_wconf 90' lang='lat' dir='ltr'><strong>omnes</strong></span> <span class='ocrx_word' id='word_1_42' title='bbox 1801 2102 1964 2155; x_wconf 90' lang='lat' dir='ltr'><strong>multa</strong></span> 
     </span>
    </p>
   </div>
   <div class='ocr_carea' id='block_1_12' title="bbox 389 2167 1964 2246">
    <p class='ocr_par' dir='ltr' id='par_1_12' title="bbox 389 2167 1964 2246">
     <span class='ocr_line' id='line_1_12' title="bbox 389 2167 1964 2246; baseline 0.017 -27"><span class='ocrx_word' id='word_1_43' title='bbox 389 2181 511 2219; x_wconf 91' lang='lat' dir='ltr'><strong>cum</strong></span> <span class='ocrx_word' id='word_1_44' title='bbox 530 2167 856 2234; x_wconf 76' lang='lat' dir='ltr'><strong>juwnditate</strong></span> <span class='ocrx_word' id='word_1_45' title='bbox 883 2178 1234 2231; x_wconf 84' lang='lat' dir='ltr'><strong>concurrisse.</strong></span> <span class='ocrx_word' id='word_1_46' title='bbox 1262 2179 1391 2234; x_wconf 87' lang='lat' dir='ltr'><strong>Nam</strong></span> <span class='ocrx_word' id='word_1_47' title='bbox 1415 2198 1534 2235; x_wconf 88' lang='lat' dir='ltr'><strong>cum</strong></span> <span class='ocrx_word' id='word_1_48' title='bbox 1561 2184 1762 2241; x_wconf 82' lang='lat' dir='ltr'><strong>alacres</strong></span> <span class='ocrx_word' id='word_1_49' title='bbox 1791 2191 1964 2246; x_wconf 81' lang='lat' dir='ltr'><strong>vultus</strong></span> 
     </span>
    </p>
   </div>
   <div class='ocr_carea' id='block_1_13' title="bbox 389 2259 1965 2338">
    <p class='ocr_par' dir='ltr' id='par_1_13' title="bbox 389 2259 1965 2338">
     <span class='ocr_line' id='line_1_13' title="bbox 389 2259 1965 2338; baseline 0.018 -32"><span class='ocrx_word' id='word_1_50' title='bbox 389 2267 594 2313; x_wconf 80' lang='lat' dir='ltr'><strong>vestros</strong></span> <span class='ocrx_word' id='word_1_51' title='bbox 641 2259 868 2326; x_wconf 88' lang='lat' dir='ltr'><strong>intueor,</strong></span> <span class='ocrx_word' id='word_1_52' title='bbox 909 2265 1210 2334; x_wconf 75' lang='lat' dir='ltr'><strong>voluptatis,</strong></span> <span class='ocrx_word' id='word_1_53' title='bbox 1256 2285 1372 2338; x_wconf 70' lang='lat' dir='ltr'><strong>qua:</strong></span> <span class='ocrx_word' id='word_1_54' title='bbox 1398 2272 1448 2325; x_wconf 91' lang='lat' dir='ltr'><strong>in</strong></span> <span class='ocrx_word' id='word_1_55' title='bbox 1475 2274 1751 2331; x_wconf 90' lang='lat' dir='ltr'><strong>animabus</strong></span> <span class='ocrx_word' id='word_1_56' title='bbox 1774 2281 1965 2334; x_wconf 87' lang='lat' dir='ltr'><strong>vestris</strong></span> 
     </span>
    </p>
   </div>
   <div class='ocr_carea' id='block_1_14' title="bbox 383 2351 1966 2436">
    <p class='ocr_par' dir='ltr' id='par_1_14' title="bbox 383 2351 1966 2436">
     <span class='ocr_line' id='line_1_14' title="bbox 383 2351 1966 2436; baseline 0.016 -34"><span class='ocrx_word' id='word_1_57' title='bbox 383 2363 490 2409; x_wconf 81' lang='lat' dir='ltr'><strong>est.</strong></span> <span class='ocrx_word' id='word_1_58' title='bbox 521 2351 876 2420; x_wconf 85' lang='lat' dir='ltr'><strong>conjecturam</strong></span> <span class='ocrx_word' id='word_1_59' title='bbox 906 2357 1057 2426; x_wconf 82' lang='lat' dir='ltr'><strong>capio</strong></span> <span class='ocrx_word' id='word_1_60' title='bbox 1083 2359 1363 2418; x_wconf 80' lang='lat' dir='ltr'><strong>maximam</strong></span> <span class='ocrx_word' id='word_1_61' title='bbox 1393 2379 1407 2418; x_wconf 89' lang='lat'><strong>:</strong></span> <span class='ocrx_word' id='word_1_62' title='bbox 1439 2367 1880 2436; x_wconf 82' lang='lat' dir='ltr'><strong>quemadmodum</strong></span> <span class='ocrx_word' id='word_1_63' title='bbox 1910 2381 1966 2429; x_wconf 88' lang='lat' dir='ltr'><strong>et</strong></span> 
     </span>
    </p>
   </div>
   <div class='ocr_carea' id='block_1_15' title="bbox 385 2441 1964 2532">
    <p class='ocr_par' dir='ltr' id='par_1_15' title="bbox 385 2441 1964 2532">
     <span class='ocr_line' id='line_1_15' title="bbox 385 2441 1964 2532; baseline 0.017 -42"><span class='ocrx_word' id='word_1_64' title='bbox 385 2441 600 2507; x_wconf 62' lang='lat' dir='ltr'><strong>sapiens</strong></span> <span class='ocrx_word' id='word_1_65' title='bbox 639 2445 897 2510; x_wconf 81' lang='lat' dir='ltr'><strong>quispiam</strong></span> <span class='ocrx_word' id='word_1_66' title='bbox 945 2448 1170 2514; x_wconf 83' lang='lat' dir='ltr'><strong>dicebat,</strong></span> <span class='ocrx_word' id='word_1_67' title='bbox 1219 2452 1381 2508; x_wconf 83' lang='lat' dir='ltr'><strong>Corde</strong></span> <span class='ocrx_word' id='word_1_68' title='bbox 1425 2456 1626 2512; x_wconf 75' lang='lat' dir='ltr'><strong>lwtanle</strong></span> <span class='ocrx_word' id='word_1_69' title='bbox 1661 2464 1780 2514; x_wconf 82' lang='lat' dir='ltr'><strong>viret</strong></span> <span class='ocrx_word' id='word_1_70' title='bbox 1809 2464 1964 2532; x_wconf 74' lang='lat' dir='ltr'><strong>facies</strong></span> 
     </span>
    </p>
   </div>
   <div class='ocr_carea' id='block_1_16' title="bbox 391 2529 1961 2619">
    <p class='ocr_par' dir='ltr' id='par_1_16' title="bbox 391 2529 1961 2619">
     <span class='ocr_line' id='line_1_16' title="bbox 391 2529 1961 2619; baseline 0.019 -40"><span class='ocrx_word' id='word_1_71' title='bbox 391 2529 577 2595; x_wconf 77' lang='lat' dir='ltr'><strong>(Prov.</strong></span> <span class='ocrx_word' id='word_1_72' title='bbox 611 2533 697 2586; x_wconf 67' lang='lat'><strong>£5.</strong></span> <span class='ocrx_word' id='word_1_73' title='bbox 728 2534 848 2604; x_wconf 77' lang='lat' dir='ltr'><strong>t3).</strong></span> <span class='ocrx_word' id='word_1_74' title='bbox 883 2537 1176 2607; x_wconf 86' lang='lat' dir='ltr'><strong>Eapropter</strong></span> <span class='ocrx_word' id='word_1_75' title='bbox 1213 2550 1268 2596; x_wconf 89' lang='lat' dir='ltr'><strong>et</strong></span> <span class='ocrx_word' id='word_1_76' title='bbox 1306 2543 1417 2610; x_wconf 88' lang='lat' dir='ltr'><strong>ipse</strong></span> <span class='ocrx_word' id='word_1_77' title='bbox 1445 2545 1602 2602; x_wconf 89' lang='lat' dir='ltr'><strong>hodie</strong></span> <span class='ocrx_word' id='word_1_78' title='bbox 1627 2529 1822 2619; x_wconf 77' lang='lat' dir='ltr'><strong>ingenti</strong></span> <span class='ocrx_word' id='word_1_79' title='bbox 1846 2555 1961 2608; x_wconf 87' lang='lat' dir='ltr'><strong>ala-</strong></span> 
     </span>
    </p>
   </div>
   <div class='ocr_carea' id='block_1_17' title="bbox 383 2619 1963 2708">
    <p class='ocr_par' dir='ltr' id='par_1_17' title="bbox 383 2619 1963 2708">
     <span class='ocr_line' id='line_1_17' title="bbox 383 2619 1963 2708; baseline 0.018 -40"><span class='ocrx_word' id='word_1_80' title='bbox 383 2619 572 2671; x_wconf 73' lang='lat' dir='ltr'><strong>critate</strong></span> <span class='ocrx_word' id='word_1_81' title='bbox 598 2624 824 2686; x_wconf 81' lang='lat' dir='ltr'><strong>surrexi,</strong></span> <span class='ocrx_word' id='word_1_82' title='bbox 855 2641 955 2679; x_wconf 87' lang='lat' dir='ltr'><strong>una</strong></span> <span class='ocrx_word' id='word_1_83' title='bbox 990 2629 1258 2683; x_wconf 82' lang='lat' dir='ltr'><strong>vobiscum</strong></span> <span class='ocrx_word' id='word_1_84' title='bbox 1290 2633 1484 2688; x_wconf 80' lang='lat' dir='ltr'><strong>l-.etiti:e</strong></span> <span class='ocrx_word' id='word_1_85' title='bbox 1514 2637 1653 2692; x_wconf 90' lang='lat' dir='ltr'><strong>illius</strong></span> <span class='ocrx_word' id='word_1_86' title='bbox 1675 2642 1963 2708; x_wconf 88' lang='lat' dir='ltr'><strong>spiritualis</strong></span> 
     </span>
    </p>
   </div>
   <div class='ocr_carea' id='block_1_18' title="bbox 347 2709 1964 2796">
    <p class='ocr_par' dir='ltr' id='par_1_18' title="bbox 347 2709 1964 2796">
     <span class='ocr_line' id='line_1_18' title="bbox 347 2709 1964 2796; baseline 0.02 -41"><span class='ocrx_word' id='word_1_87' title='bbox 347 2761 353 2766; x_wconf 60' lang='grc'><strong>,</strong></span> <span class='ocrx_word' id='word_1_88' title='bbox 389 2709 650 2776; x_wconf 76' lang='lat' dir='ltr'><strong>particeps</strong></span> <span class='ocrx_word' id='word_1_89' title='bbox 681 2709 907 2778; x_wconf 85' lang='lat' dir='ltr'><strong>futurus,</strong></span> <span class='ocrx_word' id='word_1_90' title='bbox 938 2725 991 2768; x_wconf 94' lang='lat' dir='ltr'><strong>et</strong></span> <span class='ocrx_word' id='word_1_91' title='bbox 1017 2717 1202 2772; x_wconf 88' lang='lat' dir='ltr'><strong>volens</strong></span> <span class='ocrx_word' id='word_1_92' title='bbox 1229 2721 1484 2778; x_wconf 85' lang='lat' dir='ltr'><strong>adventus</strong></span> <span class='ocrx_word' id='word_1_93' title='bbox 1509 2737 1705 2781; x_wconf 70' lang='lat' dir='ltr'><strong>sanctae</strong></span> <span class='ocrx_word' id='word_1_94' title='bbox 1728 2730 1964 2796; x_wconf 85' lang='lat' dir='ltr'><strong>Quadra-</strong></span> 
     </span>
    </p>
   </div>
   <div class='ocr_carea' id='block_1_19' title="bbox 385 2796 1960 2886">
    <p class='ocr_par' dir='ltr' id='par_1_19' title="bbox 385 2796 1960 2886">
     <span class='ocr_line' id='line_1_19' title="bbox 385 2796 1960 2886; baseline 0.018 -39"><span class='ocrx_word' id='word_1_95' title='bbox 385 2796 625 2863; x_wconf 65' lang='lat' dir='ltr'><strong>gesimm,</strong></span> <span class='ocrx_word' id='word_1_96' title='bbox 656 2803 896 2869; x_wconf 87' lang='lat' dir='ltr'><strong>remedii,</strong></span> <span class='ocrx_word' id='word_1_97' title='bbox 926 2805 1159 2874; x_wconf 88' lang='lat' dir='ltr'><strong>inquam,</strong></span> <span class='ocrx_word' id='word_1_98' title='bbox 1193 2811 1484 2866; x_wconf 87' lang='lat' dir='ltr'><strong>animarum</strong></span> <span class='ocrx_word' id='word_1_99' title='bbox 1513 2827 1833 2886; x_wconf 88' lang='lat' dir='ltr'><strong>nostrarum,</strong></span> <span class='ocrx_word' id='word_1_100' title='bbox 1863 2836 1960 2875; x_wconf 87' lang='lat' dir='ltr'><strong>vo-</strong></span> 
     </span>
    </p>
   </div>
   <div class='ocr_carea' id='block_1_20' title="bbox 388 2883 1961 2966">
    <p class='ocr_par' dir='ltr' id='par_1_20' title="bbox 388 2883 1961 2966">
     <span class='ocr_line' id='line_1_20' title="bbox 388 2883 1961 2966; baseline 0.02 -32"><span class='ocrx_word' id='word_1_101' title='bbox 388 2883 469 2936; x_wconf 90' lang='lat' dir='ltr'><strong>bis</strong></span> <span class='ocrx_word' id='word_1_102' title='bbox 510 2889 848 2944; x_wconf 86' lang='lat' dir='ltr'><strong>annuntiator</strong></span> <span class='ocrx_word' id='word_1_103' title='bbox 890 2907 1030 2948; x_wconf 86' lang='lat' dir='ltr'><strong>esse.</strong></span> <span class='ocrx_word' id='word_1_104' title='bbox 1073 2895 1380 2954; x_wconf 87' lang='lat' dir='ltr'><strong>Communis</strong></span> <span class='ocrx_word' id='word_1_105' title='bbox 1405 2904 1548 2958; x_wconf 91' lang='lat' dir='ltr'><strong>enim</strong></span> <span class='ocrx_word' id='word_1_106' title='bbox 1577 2916 1815 2964; x_wconf 86' lang='lat' dir='ltr'><strong>nostrum</strong></span> <span class='ocrx_word' id='word_1_107' title='bbox 1844 2927 1961 2966; x_wconf 88' lang='lat' dir='ltr'><strong>om-</strong></span> 
     </span>
    </p>
   </div>
   <div class='ocr_carea' id='block_1_21' title="bbox 385 2975 1960 3068">
    <p class='ocr_par' dir='ltr' id='par_1_21' title="bbox 385 2975 1960 3068">
     <span class='ocr_line' id='line_1_21' title="bbox 385 2975 1960 3068; baseline 0.02 -42"><span class='ocrx_word' id='word_1_108' title='bbox 385 2975 531 3028; x_wconf 89' lang='lat' dir='ltr'><strong>nium</strong></span> <span class='ocrx_word' id='word_1_109' title='bbox 575 2977 858 3045; x_wconf 89' lang='lat' dir='ltr'><strong>Dominus,</strong></span> <span class='ocrx_word' id='word_1_110' title='bbox 889 2985 1049 3039; x_wconf 88' lang='lat' dir='ltr'><strong>veluti</strong></span> <span class='ocrx_word' id='word_1_111' title='bbox 1073 2999 1220 3055; x_wconf 89' lang='lat' dir='ltr'><strong>pater</strong></span> <span class='ocrx_word' id='word_1_112' title='bbox 1250 2991 1384 3046; x_wconf 84' lang='lat' dir='ltr'><strong>filios</strong></span> <span class='ocrx_word' id='word_1_113' title='bbox 1406 3008 1622 3062; x_wconf 89' lang='lat' dir='ltr'><strong>amans,</strong></span> <span class='ocrx_word' id='word_1_114' title='bbox 1658 3001 1876 3068; x_wconf 88' lang='lat' dir='ltr'><strong>cupiens</strong></span> <span class='ocrx_word' id='word_1_115' title='bbox 1899 3018 1960 3058; x_wconf 85' lang='lat' dir='ltr'><strong>ea</strong></span> 
     </span>
    </p>
   </div>
   <div class='ocr_carea' id='block_1_22' title="bbox 385 3078 1964 3162">
    <p class='ocr_par' dir='ltr' id='par_1_22' title="bbox 385 3078 1964 3162">
     <span class='ocr_line' id='line_1_22' title="bbox 385 3078 1964 3162; baseline 0.021 -46"><span class='ocrx_word' id='word_1_116' title='bbox 385 3080 503 3132; x_wconf 67' lang='lat' dir='ltr'><strong>quae</strong></span> <span class='ocrx_word' id='word_1_117' title='bbox 544 3082 789 3137; x_wconf 88' lang='lat' dir='ltr'><strong>umquam</strong></span> <span class='ocrx_word' id='word_1_118' title='bbox 837 3078 1227 3142; x_wconf 87' lang='lat' dir='ltr'><strong>peccaverimus</strong></span> <span class='ocrx_word' id='word_1_119' title='bbox 1253 3083 1488 3150; x_wconf 83' lang='lat' dir='ltr'><strong>abluere,</strong></span> <span class='ocrx_word' id='word_1_120' title='bbox 1531 3086 1662 3142; x_wconf 92' lang='lat' dir='ltr'><strong>hanc</strong></span> <span class='ocrx_word' id='word_1_121' title='bbox 1691 3092 1842 3146; x_wconf 91' lang='lat' dir='ltr'><strong>nobis</strong></span> <span class='ocrx_word' id='word_1_122' title='bbox 1870 3109 1964 3162; x_wconf 86' lang='lat' dir='ltr'><strong>per</strong></span> 
     </span>
    </p>
   </div>
   <div class='ocr_carea' id='block_1_23' title="bbox 351 3157 1962 3250">
    <p class='ocr_par' dir='ltr' id='par_1_23' title="bbox 351 3157 1962 3250">
     <span class='ocr_line' id='line_1_23' title="bbox 351 3157 1962 3250; baseline 0.023 -49"><span class='ocrx_word' id='word_1_123' title='bbox 351 3220 355 3222; x_wconf 19' lang='grc' dir='ltr'><em>ν</em></span> <span class='ocrx_word' id='word_1_124' title='bbox 384 3164 622 3208; x_wconf 86' lang='lat' dir='ltr'><strong>sanctum</strong></span> <span class='ocrx_word' id='word_1_125' title='bbox 643 3157 902 3227; x_wconf 85' lang='lat' dir='ltr'><strong>jejunium</strong></span> <span class='ocrx_word' id='word_1_126' title='bbox 929 3168 1253 3223; x_wconf 87' lang='lat' dir='ltr'><strong>curationem</strong></span> <span class='ocrx_word' id='word_1_127' title='bbox 1277 3172 1565 3229; x_wconf 86' lang='lat' dir='ltr'><strong>adinvenit.</strong></span> <span class='ocrx_word' id='word_1_128' title='bbox 1595 3177 1779 3234; x_wconf 88' lang='lat' dir='ltr'><strong>Nullus</strong></span> <span class='ocrx_word' id='word_1_129' title='bbox 1807 3184 1962 3250; x_wconf 75' lang='lat' dir='ltr'><strong>igitur</strong></span> 
     </span>
    </p>
   </div>
   <div class='ocr_carea' id='block_1_24' title="bbox 387 3251 1962 3328">
    <p class='ocr_par' dir='ltr' id='par_1_24' title="bbox 387 3251 1962 3328">
     <span class='ocr_line' id='line_1_24' title="bbox 387 3251 1962 3328; baseline 0.022 -34"><span class='ocrx_word' id='word_1_130' title='bbox 387 3253 631 3306; x_wconf 64' lang='grc' dir='ltr'><strong>ιιιωδιιιδ,</strong></span> <span class='ocrx_word' id='word_1_131' title='bbox 667 3251 840 3304; x_wconf 91' lang='lat' dir='ltr'><strong>nullus</strong></span> <span class='ocrx_word' id='word_1_132' title='bbox 870 3255 1034 3312; x_wconf 84' lang='lat' dir='ltr'><strong>tristis</strong></span> <span class='ocrx_word' id='word_1_133' title='bbox 1063 3271 1332 3325; x_wconf 86' lang='lat' dir='ltr'><strong>appareat,</strong></span> <span class='ocrx_word' id='word_1_134' title='bbox 1363 3264 1453 3317; x_wconf 82' lang='lat' dir='ltr'><strong>sed</strong></span> <span class='ocrx_word' id='word_1_135' title='bbox 1485 3281 1669 3322; x_wconf 90' lang='lat' dir='ltr'><strong>omnes</strong></span> <span class='ocrx_word' id='word_1_136' title='bbox 1696 3275 1962 3328; x_wconf 84' lang='lat' dir='ltr'><strong>exsultent</strong></span> 
     </span>
    </p>
   </div>
   <div class='ocr_carea' id='block_1_25' title="bbox 383 3340 1962 3418">
    <p class='ocr_par' dir='ltr' id='par_1_25' title="bbox 383 3340 1962 3418">
     <span class='ocr_line' id='line_1_25' title="bbox 383 3340 1962 3418; baseline 0.018 -28"><span class='ocrx_word' id='word_1_137' title='bbox 383 3346 437 3391; x_wconf 87' lang='lat' dir='ltr'><strong>ct</strong></span> <span class='ocrx_word' id='word_1_138' title='bbox 459 3340 736 3409; x_wconf 74' lang='lat' dir='ltr'><strong>gaudeant,</strong></span> <span class='ocrx_word' id='word_1_139' title='bbox 771 3361 832 3400; x_wconf 79' lang='lat' dir='ltr'><strong>at:</strong></span> <span class='ocrx_word' id='word_1_140' title='bbox 854 3348 1075 3417; x_wconf 71' lang='lat' dir='ltr'><strong>gloriam</strong></span> <span class='ocrx_word' id='word_1_141' title='bbox 1100 3351 1329 3407; x_wconf 73' lang='lat' dir='ltr'><strong>referant</strong></span> <span class='ocrx_word' id='word_1_142' title='bbox 1358 3354 1408 3406; x_wconf 92' lang='lat' dir='ltr'><strong>in</strong></span> <span class='ocrx_word' id='word_1_143' title='bbox 1436 3359 1728 3414; x_wconf 84' lang='lat' dir='ltr'><strong>animarum</strong></span> <span class='ocrx_word' id='word_1_144' title='bbox 1757 3374 1962 3418; x_wconf 85' lang='lat' dir='ltr'><strong>nostra-</strong></span> 
     </span>
    </p>
   </div>
   <div class='ocr_carea' id='block_1_26' title="bbox 386 3443 1956 3524">
    <p class='ocr_par' dir='ltr' id='par_1_26' title="bbox 386 3443 1956 3524">
     <span class='ocr_line' id='line_1_26' title="bbox 386 3443 1956 3524; baseline 0.018 -42"><span class='ocrx_word' id='word_1_145' title='bbox 386 3447 500 3484; x_wconf 89' lang='lat' dir='ltr'><strong>rum</strong></span> <span class='ocrx_word' id='word_1_146' title='bbox 526 3447 844 3503; x_wconf 83' lang='lat' dir='ltr'><strong>curatorem,</strong></span> <span class='ocrx_word' id='word_1_147' title='bbox 867 3443 955 3511; x_wconf 93' lang='lat' dir='ltr'><strong>qui</strong></span> <span class='ocrx_word' id='word_1_148' title='bbox 982 3443 1116 3500; x_wconf 85' lang='lat' dir='ltr'><strong>hanc</strong></span> <span class='ocrx_word' id='word_1_149' title='bbox 1134 3454 1384 3515; x_wconf 73' lang='lat' dir='ltr'><strong>optimam</strong></span> <span class='ocrx_word' id='word_1_150' title='bbox 1407 3452 1558 3507; x_wconf 88' lang='lat' dir='ltr'><strong>nobis</strong></span> <span class='ocrx_word' id='word_1_151' title='bbox 1575 3457 1778 3522; x_wconf 90' lang='lat' dir='ltr'><strong>aperuit</strong></span> <span class='ocrx_word' id='word_1_152' title='bbox 1799 3458 1956 3524; x_wconf 85' lang='lat' dir='ltr'><strong>viam,</strong></span> 
     </span>
    </p>
   </div>
   <div class='ocr_carea' id='block_1_27' title="bbox 383 3525 1956 3619">
    <p class='ocr_par' dir='ltr' id='par_1_27' title="bbox 383 3525 1956 3619">
     <span class='ocr_line' id='line_1_27' title="bbox 383 3525 1956 3619; baseline 0.018 -46"><span class='ocrx_word' id='word_1_153' title='bbox 383 3531 439 3574; x_wconf 88' lang='lat' dir='ltr'><strong>et</strong></span> <span class='ocrx_word' id='word_1_154' title='bbox 477 3525 621 3579; x_wconf 88' lang='lat' dir='ltr'><strong>illius</strong></span> <span class='ocrx_word' id='word_1_155' title='bbox 667 3529 948 3586; x_wconf 82' lang='lat' dir='ltr'><strong>adventmu</strong></span> <span class='ocrx_word' id='word_1_156' title='bbox 995 3553 1180 3606; x_wconf 83' lang='lat' dir='ltr'><strong>magna</strong></span> <span class='ocrx_word' id='word_1_157' title='bbox 1225 3556 1342 3595; x_wconf 91' lang='lat' dir='ltr'><strong>cum</strong></span> <span class='ocrx_word' id='word_1_158' title='bbox 1383 3547 1653 3601; x_wconf 82' lang='lat' dir='ltr'><strong>alacritate</strong></span> <span class='ocrx_word' id='word_1_159' title='bbox 1677 3549 1956 3619; x_wconf 72' lang='lat' dir='ltr'><strong>accipiant.</strong></span> 
     </span>
    </p>
   </div>
   <div class='ocr_carea' id='block_1_28' title="bbox 383 3613 1957 3707">
    <p class='ocr_par' dir='ltr' id='par_1_28' title="bbox 383 3613 1957 3707">
     <span class='ocr_line' id='line_1_28' title="bbox 383 3613 1957 3707; baseline 0.018 -39"><span class='ocrx_word' id='word_1_160' title='bbox 383 3613 782 3674; x_wconf 79' lang='lat' dir='ltr'><strong>Coiifundantur</strong></span> <span class='ocrx_word' id='word_1_161' title='bbox 818 3626 1060 3693; x_wconf 83' lang='lat' dir='ltr'><strong>gentiles,</strong></span> <span class='ocrx_word' id='word_1_162' title='bbox 1104 3631 1301 3696; x_wconf 90' lang='lat' dir='ltr'><strong>pudore</strong></span> <span class='ocrx_word' id='word_1_163' title='bbox 1329 3649 1388 3688; x_wconf 89' lang='lat' dir='ltr'><strong>se</strong></span> <span class='ocrx_word' id='word_1_164' title='bbox 1417 3635 1612 3691; x_wconf 85' lang='lat' dir='ltr'><strong>abdant</strong></span> <span class='ocrx_word' id='word_1_165' title='bbox 1639 3639 1828 3707; x_wconf 77' lang='lat' dir='ltr'><strong>Juda-i,</strong></span> <span class='ocrx_word' id='word_1_166' title='bbox 1876 3641 1957 3696; x_wconf 76' lang='lat' dir='ltr'><strong>vi-</strong></span> 
     </span>
    </p>
   </div>
   <div class='ocr_carea' id='block_1_29' title="bbox 381 3703 1954 3788">
    <p class='ocr_par' dir='ltr' id='par_1_29' title="bbox 381 3703 1954 3788">
     <span class='ocr_line' id='line_1_29' title="bbox 381 3703 1954 3788; baseline 0.022 -35"><span class='ocrx_word' id='word_1_167' title='bbox 381 3703 568 3758; x_wconf 86' lang='lat' dir='ltr'><strong>dentes</strong></span> <span class='ocrx_word' id='word_1_168' title='bbox 597 3719 830 3764; x_wconf 85' lang='lat' dir='ltr'><strong>nostram</strong></span> <span class='ocrx_word' id='word_1_169' title='bbox 851 3716 1121 3770; x_wconf 84' lang='lat' dir='ltr'><strong>caritatem</strong></span> <span class='ocrx_word' id='word_1_170' title='bbox 1149 3720 1298 3775; x_wconf 83' lang='lat' dir='ltr'><strong>hilari</strong></span> <span class='ocrx_word' id='word_1_171' title='bbox 1325 3726 1497 3778; x_wconf 92' lang='lat' dir='ltr'><strong>studio</strong></span> <span class='ocrx_word' id='word_1_172' title='bbox 1518 3727 1658 3782; x_wconf 89' lang='lat' dir='ltr'><strong>illius</strong></span> <span class='ocrx_word' id='word_1_173' title='bbox 1674 3731 1954 3788; x_wconf 87' lang='lat' dir='ltr'><strong>adventum</strong></span> 
     </span>
    </p>
   </div>
   <div class='ocr_carea' id='block_1_30' title="bbox 383 3795 1955 3890">
    <p class='ocr_par' dir='ltr' id='par_1_30' title="bbox 383 3795 1955 3890">
     <span class='ocr_line' id='line_1_30' title="bbox 383 3795 1955 3890; baseline 0.02 -44"><span class='ocrx_word' id='word_1_174' title='bbox 383 3795 699 3852; x_wconf 74' lang='lat' dir='ltr'><strong>salutantem</strong></span> <span class='ocrx_word' id='word_1_175' title='bbox 725 3816 788 3854; x_wconf 91' lang='lat' dir='ltr'><strong>ac</strong></span> <span class='ocrx_word' id='word_1_176' title='bbox 813 3806 1181 3873; x_wconf 81' lang='lat' dir='ltr'><strong>excipientem,</strong></span> <span class='ocrx_word' id='word_1_177' title='bbox 1213 3812 1526 3885; x_wconf 86' lang='lat' dir='ltr'><strong>discantque</strong></span> <span class='ocrx_word' id='word_1_178' title='bbox 1559 3833 1652 3886; x_wconf 93' lang='lat' dir='ltr'><strong>per</strong></span> <span class='ocrx_word' id='word_1_179' title='bbox 1675 3823 1955 3890; x_wconf 82' lang='lat' dir='ltr'><strong>experien-</strong></span> 
     </span>
    </p>
   </div>
   <div class='ocr_carea' id='block_1_31' title="bbox 383 3886 1959 3973">
    <p class='ocr_par' dir='ltr' id='par_1_31' title="bbox 383 3886 1959 3973">
     <span class='ocr_line' id='line_1_31' title="bbox 383 3886 1959 3973; baseline 0.021 -37"><span class='ocrx_word' id='word_1_180' title='bbox 383 3886 531 3949; x_wconf 84' lang='lat' dir='ltr'><strong>tiatn,</strong></span> <span class='ocrx_word' id='word_1_181' title='bbox 573 3900 825 3957; x_wconf 86' lang='lat' dir='ltr'><strong>quantum</strong></span> <span class='ocrx_word' id='word_1_182' title='bbox 857 3895 993 3950; x_wconf 88' lang='lat' dir='ltr'><strong>inter</strong></span> <span class='ocrx_word' id='word_1_183' title='bbox 1022 3914 1118 3953; x_wconf 90' lang='lat' dir='ltr'><strong>nos</strong></span> <span class='ocrx_word' id='word_1_184' title='bbox 1142 3902 1211 3956; x_wconf 91' lang='lat' dir='ltr'><strong>sit</strong></span> <span class='ocrx_word' id='word_1_185' title='bbox 1251 3913 1304 3958; x_wconf 91' lang='lat' dir='ltr'><strong>et</strong></span> <span class='ocrx_word' id='word_1_186' title='bbox 1333 3906 1477 3973; x_wconf 90' lang='lat' dir='ltr'><strong>ipsos</strong></span> <span class='ocrx_word' id='word_1_187' title='bbox 1505 3909 1857 3967; x_wconf 85' lang='lat' dir='ltr'><strong>intervallum.</strong></span> <span class='ocrx_word' id='word_1_188' title='bbox 1889 3914 1959 3970; x_wconf 88' lang='lat' dir='ltr'><strong>Et</strong></span> 
     </span>
    </p>
   </div>
   <div class='ocr_carea' id='block_1_32' title="bbox 385 3975 1956 4070">
    <p class='ocr_par' dir='ltr' id='par_1_32' title="bbox 385 3975 1956 4070">
     <span class='ocr_line' id='line_1_32' title="bbox 385 3975 1956 4070; baseline 0.023 -44"><span class='ocrx_word' id='word_1_189' title='bbox 385 3975 453 4027; x_wconf 84' lang='lat' dir='ltr'><strong>illi</strong></span> <span class='ocrx_word' id='word_1_190' title='bbox 485 3979 698 4045; x_wconf 82' lang='lat' dir='ltr'><strong>quidem</strong></span> <span class='ocrx_word' id='word_1_191' title='bbox 730 3982 889 4038; x_wconf 88' lang='lat' dir='ltr'><strong>ferias</strong></span> <span class='ocrx_word' id='word_1_192' title='bbox 919 3995 973 4040; x_wconf 91' lang='lat' dir='ltr'><strong>et</strong></span> <span class='ocrx_word' id='word_1_193' title='bbox 1000 3989 1159 4045; x_wconf 78' lang='lat' dir='ltr'><strong>festas</strong></span> <span class='ocrx_word' id='word_1_194' title='bbox 1185 3997 1458 4050; x_wconf 88' lang='lat' dir='ltr'><strong>nominent</strong></span> <span class='ocrx_word' id='word_1_195' title='bbox 1483 3999 1814 4070; x_wconf 87' lang='lat' dir='ltr'><strong>ebrietatem,</strong></span> <span class='ocrx_word' id='word_1_196' title='bbox 1838 4022 1956 4061; x_wconf 88' lang='lat' dir='ltr'><strong>om-</strong></span> 
     </span>
    </p>
   </div>
   <div class='ocr_carea' id='block_1_33' title="bbox 382 4070 1956 4164">
    <p class='ocr_par' dir='ltr' id='par_1_33' title="bbox 382 4070 1956 4164">
     <span class='ocr_line' id='line_1_33' title="bbox 382 4070 1956 4164; baseline 0.023 -50"><span class='ocrx_word' id='word_1_197' title='bbox 382 4078 611 4134; x_wconf 79' lang='lat' dir='ltr'><strong>nemque</strong></span> <span class='ocrx_word' id='word_1_198' title='bbox 639 4070 794 4124; x_wconf 89' lang='lat' dir='ltr'><strong>aliam</strong></span> <span class='ocrx_word' id='word_1_199' title='bbox 826 4074 1301 4148; x_wconf 85' lang='lat' dir='ltr'><strong>intemperantiam,</strong></span> <span class='ocrx_word' id='word_1_200' title='bbox 1332 4099 1394 4139; x_wconf 89' lang='lat' dir='ltr'><strong>ac</strong></span> <span class='ocrx_word' id='word_1_201' title='bbox 1422 4089 1790 4160; x_wconf 87' lang='lat' dir='ltr'><strong>turpitudines,</strong></span> <span class='ocrx_word' id='word_1_202' title='bbox 1824 4110 1956 4164; x_wconf 88' lang='lat' dir='ltr'><strong>quas</strong></span> 
     </span>
    </p>
   </div>
   <div class='ocr_carea' id='block_1_34' title="bbox 385 4158 1955 4243">
    <p class='ocr_par' dir='ltr' id='par_1_34' title="bbox 385 4158 1955 4243">
     <span class='ocr_line' id='line_1_34' title="bbox 385 4158 1955 4243; baseline 0.022 -36"><span class='ocrx_word' id='word_1_203' title='bbox 385 4158 666 4213; x_wconf 69' lang='lat' dir='ltr'><strong>verisimile</strong></span> <span class='ocrx_word' id='word_1_204' title='bbox 696 4174 776 4216; x_wconf 88' lang='lat' dir='ltr'><strong>est</strong></span> <span class='ocrx_word' id='word_1_205' title='bbox 803 4181 896 4219; x_wconf 90' lang='lat' dir='ltr'><strong>eos</strong></span> <span class='ocrx_word' id='word_1_206' title='bbox 944 4169 1065 4224; x_wconf 92' lang='lat' dir='ltr'><strong>inde</strong></span> <span class='ocrx_word' id='word_1_207' title='bbox 1093 4174 1408 4230; x_wconf 85' lang='lat' dir='ltr'><strong>contrahere</strong></span> <span class='ocrx_word' id='word_1_208' title='bbox 1436 4195 1450 4231; x_wconf 89' lang='lat'><strong>:</strong></span> <span class='ocrx_word' id='word_1_209' title='bbox 1483 4188 1537 4232; x_wconf 89' lang='lat' dir='ltr'><strong>at</strong></span> <span class='ocrx_word' id='word_1_210' title='bbox 1579 4181 1815 4238; x_wconf 88' lang='lat' dir='ltr'><strong>Ecclesia</strong></span> <span class='ocrx_word' id='word_1_211' title='bbox 1861 4186 1955 4243; x_wconf 90' lang='lat' dir='ltr'><strong>Dei</strong></span> 
     </span>
    </p>
   </div>
   <div class='ocr_carea' id='block_1_35' title="bbox 382 4251 1956 4338">
    <p class='ocr_par' dir='ltr' id='par_1_35' title="bbox 382 4251 1956 4338">
     <span class='ocr_line' id='line_1_35' title="bbox 382 4251 1956 4338; baseline 0.021 -39"><span class='ocrx_word' id='word_1_212' title='bbox 382 4262 444 4299; x_wconf 89' lang='lat' dir='ltr'><strong>ea</strong></span> <span class='ocrx_word' id='word_1_213' title='bbox 490 4265 609 4317; x_wconf 71' lang='lat' dir='ltr'><strong>qum</strong></span> <span class='ocrx_word' id='word_1_214' title='bbox 649 4251 751 4306; x_wconf 89' lang='lat' dir='ltr'><strong>illis</strong></span> <span class='ocrx_word' id='word_1_215' title='bbox 793 4255 1012 4313; x_wconf 88' lang='lat' dir='ltr'><strong>adversa</strong></span> <span class='ocrx_word' id='word_1_216' title='bbox 1053 4272 1194 4328; x_wconf 86' lang='lat' dir='ltr'><strong>sunt,</strong></span> <span class='ocrx_word' id='word_1_217' title='bbox 1240 4282 1429 4336; x_wconf 87' lang='lat' dir='ltr'><strong>nempe</strong></span> <span class='ocrx_word' id='word_1_218' title='bbox 1449 4269 1726 4338; x_wconf 82' lang='lat' dir='ltr'><strong>jejunium,</strong></span> <span class='ocrx_word' id='word_1_219' title='bbox 1757 4278 1956 4332; x_wconf 85' lang='lat' dir='ltr'><strong>ventris</strong></span> 
     </span>
    </p>
   </div>
   <div class='ocr_carea' id='block_1_36' title="bbox 382 4336 1954 4432">
    <p class='ocr_par' dir='ltr' id='par_1_36' title="bbox 382 4336 1954 4432">
     <span class='ocr_line' id='line_1_36' title="bbox 382 4336 1954 4432; baseline 0.022 -44"><span class='ocrx_word' id='word_1_220' title='bbox 382 4336 713 4405; x_wconf 66' lang='lat' dir='ltr'><strong>despectum,</strong></span> <span class='ocrx_word' id='word_1_221' title='bbox 745 4355 798 4398; x_wconf 92' lang='lat' dir='ltr'><strong>et</strong></span> <span class='ocrx_word' id='word_1_222' title='bbox 823 4362 1008 4403; x_wconf 88' lang='lat' dir='ltr'><strong>onmes</strong></span> <span class='ocrx_word' id='word_1_223' title='bbox 1033 4352 1163 4405; x_wconf 87' lang='lat' dir='ltr'><strong>alias</strong></span> <span class='ocrx_word' id='word_1_224' title='bbox 1188 4355 1406 4412; x_wconf 86' lang='lat' dir='ltr'><strong>virtutes</strong></span> <span class='ocrx_word' id='word_1_225' title='bbox 1438 4360 1578 4414; x_wconf 89' lang='lat' dir='ltr'><strong>illius</strong></span> <span class='ocrx_word' id='word_1_226' title='bbox 1601 4366 1844 4432; x_wconf 86' lang='lat' dir='ltr'><strong>comites,</strong></span> <span class='ocrx_word' id='word_1_227' title='bbox 1876 4367 1954 4422; x_wconf 70' lang='grc' dir='ltr'><strong>[θ-</strong></span> 
     </span>
    </p>
   </div>
   <div class='ocr_carea' id='block_1_37' title="bbox 385 4427 1958 4517">
    <p class='ocr_par' dir='ltr' id='par_1_37' title="bbox 385 4427 1958 4517">
     <span class='ocr_line' id='line_1_37' title="bbox 385 4427 1958 4517; baseline 0.023 -40"><span class='ocrx_word' id='word_1_228' title='bbox 385 4427 490 4489; x_wconf 76' lang='lat' dir='ltr'><strong>rius</strong></span> <span class='ocrx_word' id='word_1_229' title='bbox 532 4432 782 4498; x_wconf 76' lang='lat' dir='ltr'><strong>appellet.</strong></span> <span class='ocrx_word' id='word_1_230' title='bbox 832 4435 922 4490; x_wconf 84' lang='lat' dir='ltr'><strong>liae</strong></span> <span class='ocrx_word' id='word_1_231' title='bbox 951 4441 1090 4493; x_wconf 89' lang='lat' dir='ltr'><strong>cnim</strong></span> <span class='ocrx_word' id='word_1_232' title='bbox 1120 4459 1258 4498; x_wconf 71' lang='lat' dir='ltr'><strong>verae</strong></span> <span class='ocrx_word' id='word_1_233' title='bbox 1285 4446 1428 4502; x_wconf 80' lang='lat' dir='ltr'><strong>feria:</strong></span> <span class='ocrx_word' id='word_1_234' title='bbox 1457 4462 1599 4517; x_wconf 83' lang='lat' dir='ltr'><strong>sunt,</strong></span> <span class='ocrx_word' id='word_1_235' title='bbox 1632 4455 1718 4509; x_wconf 90' lang='lat' dir='ltr'><strong>ubi</strong></span> <span class='ocrx_word' id='word_1_236' title='bbox 1755 4459 1958 4512; x_wconf 82' lang='lat' dir='ltr'><strong>anima-</strong></span> 
     </span>
    </p>
   </div>
   <div class='ocr_carea' id='block_1_38' title="bbox 383 4522 1956 4618">
    <p class='ocr_par' dir='ltr' id='par_1_38' title="bbox 383 4522 1956 4618">
     <span class='ocr_line' id='line_1_38' title="bbox 383 4522 1956 4618; baseline 0.023 -50"><span class='ocrx_word' id='word_1_237' title='bbox 383 4532 497 4571; x_wconf 88' lang='lat' dir='ltr'><strong>rqu</strong></span> <span class='ocrx_word' id='word_1_238' title='bbox 526 4522 690 4588; x_wconf 86' lang='lat' dir='ltr'><strong>salus,</strong></span> <span class='ocrx_word' id='word_1_239' title='bbox 722 4526 806 4580; x_wconf 91' lang='lat' dir='ltr'><strong>ubi</strong></span> <span class='ocrx_word' id='word_1_240' title='bbox 834 4544 930 4596; x_wconf 82' lang='lat' dir='ltr'><strong>pax</strong></span> <span class='ocrx_word' id='word_1_241' title='bbox 966 4541 1021 4584; x_wconf 90' lang='lat' dir='ltr'><strong>et</strong></span> <span class='ocrx_word' id='word_1_242' title='bbox 1055 4539 1332 4592; x_wconf 88' lang='lat' dir='ltr'><strong>concordia</strong></span> <span class='ocrx_word' id='word_1_243' title='bbox 1361 4551 1462 4606; x_wconf 85' lang='lat' dir='ltr'><strong>est,</strong></span> <span class='ocrx_word' id='word_1_244' title='bbox 1491 4543 1576 4598; x_wconf 89' lang='lat' dir='ltr'><strong>ubi</strong></span> <span class='ocrx_word' id='word_1_245' title='bbox 1603 4550 1775 4601; x_wconf 90' lang='lat' dir='ltr'><strong>omnis</strong></span> <span class='ocrx_word' id='word_1_246' title='bbox 1801 4548 1956 4618; x_wconf 84' lang='lat' dir='ltr'><strong>hujus</strong></span> 
     </span>
    </p>
   </div>
   <div class='ocr_carea' id='block_1_39' title="bbox 387 4607 1956 4703">
    <p class='ocr_par' dir='ltr' id='par_1_39' title="bbox 387 4607 1956 4703">
     <span class='ocr_line' id='line_1_39' title="bbox 387 4607 1956 4703; baseline 0.022 -45"><span class='ocrx_word' id='word_1_247' title='bbox 387 4607 510 4662; x_wconf 82' lang='lat' dir='ltr'><strong>vitae</strong></span> <span class='ocrx_word' id='word_1_248' title='bbox 539 4625 822 4680; x_wconf 87' lang='lat' dir='ltr'><strong>apparatus</strong></span> <span class='ocrx_word' id='word_1_249' title='bbox 852 4619 1111 4689; x_wconf 82' lang='lat' dir='ltr'><strong>abigitur;</strong></span> <span class='ocrx_word' id='word_1_250' title='bbox 1145 4626 1230 4679; x_wconf 91' lang='lat' dir='ltr'><strong>ubi</strong></span> <span class='ocrx_word' id='word_1_251' title='bbox 1275 4630 1496 4694; x_wconf 82' lang='lat' dir='ltr'><strong>clamor,</strong></span> <span class='ocrx_word' id='word_1_252' title='bbox 1521 4643 1578 4686; x_wconf 91' lang='lat' dir='ltr'><strong>et</strong></span> <span class='ocrx_word' id='word_1_253' title='bbox 1603 4640 1873 4703; x_wconf 87' lang='lat' dir='ltr'><strong>tumultus,</strong></span> <span class='ocrx_word' id='word_1_254' title='bbox 1902 4648 1956 4692; x_wconf 88' lang='lat' dir='ltr'><strong>et</strong></span> 
     </span>
    </p>
   </div>
   <div class='ocr_carea' id='block_1_40' title="bbox 383 4706 1955 4798">
    <p class='ocr_par' dir='ltr' id='par_1_40' title="bbox 383 4706 1955 4798">
     <span class='ocr_line' id='line_1_40' title="bbox 383 4706 1955 4798; baseline 0.02 -47"><span class='ocrx_word' id='word_1_255' title='bbox 383 4712 668 4766; x_wconf 85' lang='lat' dir='ltr'><strong>Coqttorum</strong></span> <span class='ocrx_word' id='word_1_256' title='bbox 696 4706 987 4774; x_wconf 85' lang='lat' dir='ltr'><strong>discursus,</strong></span> <span class='ocrx_word' id='word_1_257' title='bbox 1017 4722 1072 4765; x_wconf 92' lang='lat' dir='ltr'><strong>ct</strong></span> <span class='ocrx_word' id='word_1_258' title='bbox 1091 4716 1346 4782; x_wconf 78' lang='lat' dir='ltr'><strong>pecudum</strong></span> <span class='ocrx_word' id='word_1_259' title='bbox 1372 4725 1761 4798; x_wconf 79' lang='lat' dir='ltr'><strong>tnaclationese</strong></span> <span class='ocrx_word' id='word_1_260' title='bbox 1781 4728 1955 4783; x_wconf 91' lang='lat' dir='ltr'><strong>medio</strong></span> 
     </span>
    </p>
   </div>
   <div class='ocr_carea' id='block_1_41' title="bbox 385 4789 1954 4882">
    <p class='ocr_par' dir='ltr' id='par_1_41' title="bbox 385 4789 1954 4882">
     <span class='ocr_line' id='line_1_41' title="bbox 385 4789 1954 4882; baseline 0.024 -43"><span class='ocrx_word' id='word_1_261' title='bbox 385 4789 639 4845; x_wconf 86' lang='lat' dir='ltr'><strong>tolluntur</strong></span> <span class='ocrx_word' id='word_1_262' title='bbox 668 4811 682 4847; x_wconf 87' lang='lat'><strong>:</strong></span> <span class='ocrx_word' id='word_1_263' title='bbox 725 4797 875 4864; x_wconf 89' lang='lat' dir='ltr'><strong>quies</strong></span> <span class='ocrx_word' id='word_1_264' title='bbox 919 4816 1044 4855; x_wconf 87' lang='lat' dir='ltr'><strong>vero</strong></span> <span class='ocrx_word' id='word_1_265' title='bbox 1083 4808 1276 4873; x_wconf 83' lang='lat' dir='ltr'><strong>onmis,</strong></span> <span class='ocrx_word' id='word_1_266' title='bbox 1306 4820 1362 4864; x_wconf 89' lang='lat' dir='ltr'><strong>et</strong></span> <span class='ocrx_word' id='word_1_267' title='bbox 1386 4793 1752 4882; x_wconf 82' lang='lat' dir='ltr'><strong>tranquillitas,</strong></span> <span class='ocrx_word' id='word_1_268' title='bbox 1781 4828 1837 4873; x_wconf 86' lang='lat' dir='ltr'><strong>et</strong></span> <span class='ocrx_word' id='word_1_269' title='bbox 1863 4835 1954 4874; x_wconf 84' lang='lat' dir='ltr'><strong>ca-</strong></span> 
     </span>
    </p>
   </div>
   <div class='ocr_carea' id='block_1_42' title="bbox 383 4880 1955 4968">
    <p class='ocr_par' dir='ltr' id='par_1_42' title="bbox 383 4880 1955 4968">
     <span class='ocr_line' id='line_1_42' title="bbox 383 4880 1955 4968; baseline 0.023 -37"><span class='ocrx_word' id='word_1_270' title='bbox 383 4880 529 4946; x_wconf 56' lang='lat' dir='ltr'><strong>ritas,</strong></span> <span class='ocrx_word' id='word_1_271' title='bbox 558 4892 613 4937; x_wconf 89' lang='lat' dir='ltr'><strong>et</strong></span> <span class='ocrx_word' id='word_1_272' title='bbox 630 4887 902 4953; x_wconf 81' lang='lat' dir='ltr'><strong>gaudium,</strong></span> <span class='ocrx_word' id='word_1_273' title='bbox 921 4903 974 4946; x_wconf 89' lang='lat' dir='ltr'><strong>et</strong></span> <span class='ocrx_word' id='word_1_274' title='bbox 999 4909 1119 4962; x_wconf 75' lang='lat' dir='ltr'><strong>pax,</strong></span> <span class='ocrx_word' id='word_1_275' title='bbox 1145 4907 1200 4951; x_wconf 91' lang='lat' dir='ltr'><strong>ct</strong></span> <span class='ocrx_word' id='word_1_276' title='bbox 1216 4880 1584 4968; x_wconf 83' lang='lat' dir='ltr'><strong>mansuetudo,</strong></span> <span class='ocrx_word' id='word_1_277' title='bbox 1607 4917 1662 4960; x_wconf 88' lang='lat' dir='ltr'><strong>et</strong></span> <span class='ocrx_word' id='word_1_278' title='bbox 1682 4908 1955 4966; x_wconf 82' lang='lat' dir='ltr'><strong>innumera</strong></span> 
     </span>
    </p>
   </div>
   <div class='ocr_carea' id='block_1_43' title="bbox 383 4968 1132 5054">
    <p class='ocr_par' dir='ltr' id='par_1_43' title="bbox 383 4968 1132 5054">
     <span class='ocr_line' id='line_1_43' title="bbox 383 4968 1132 5054; baseline 0.028 -35"><span class='ocrx_word' id='word_1_279' title='bbox 383 4968 515 5024; x_wconf 90' lang='lat' dir='ltr'><strong>bona</strong></span> <span class='ocrx_word' id='word_1_280' title='bbox 545 4990 638 5041; x_wconf 89' lang='lat' dir='ltr'><strong>pro</strong></span> <span class='ocrx_word' id='word_1_281' title='bbox 660 4976 760 5030; x_wconf 88' lang='lat' dir='ltr'><strong>illis</strong></span> <span class='ocrx_word' id='word_1_282' title='bbox 787 4979 837 5032; x_wconf 89' lang='lat' dir='ltr'><strong>in</strong></span> <span class='ocrx_word' id='word_1_283' title='bbox 867 4997 960 5036; x_wconf 86' lang='lat' dir='ltr'><strong>usu</strong></span> <span class='ocrx_word' id='word_1_284' title='bbox 990 4995 1132 5054; x_wconf 63' lang='lat' dir='ltr'><strong>sunt,</strong></span> 
     </span>
    </p>
   </div>
   <div class='ocr_carea' id='block_1_44' title="bbox 451 5062 1949 5161">
    <p class='ocr_par' dir='ltr' id='par_1_44' title="bbox 451 5062 1949 5161">
     <span class='ocr_line' id='line_1_44' title="bbox 451 5062 1949 5161; baseline 0.023 -48"><span class='ocrx_word' id='word_1_285' title='bbox 451 5062 756 5120; x_wconf 77' lang='lat' dir='ltr'><strong>(.‘oncionum</strong></span> <span class='ocrx_word' id='word_1_286' title='bbox 778 5087 918 5124; x_wconf 73' lang='lat' dir='ltr'><strong>verus</strong></span> <span class='ocrx_word' id='word_1_287' title='bbox 941 5075 1058 5140; x_wconf 74' lang='lat' dir='ltr'><strong>finis</strong></span> <span class='ocrx_word' id='word_1_288' title='bbox 1079 5087 1124 5129; x_wconf 84' lang='lat' dir='ltr'><strong>et</strong></span> <span class='ocrx_word' id='word_1_289' title='bbox 1153 5094 1366 5134; x_wconf 77' lang='lat' dir='ltr'><strong>usus.-</strong></span> <span class='ocrx_word' id='word_1_290' title='bbox 1380 5083 1452 5137; x_wconf 88' lang='lat' dir='ltr'><strong>De</strong></span> <span class='ocrx_word' id='word_1_291' title='bbox 1473 5085 1562 5138; x_wconf 90' lang='lat' dir='ltr'><strong>illo</strong></span> <span class='ocrx_word' id='word_1_292' title='bbox 1590 5087 1745 5156; x_wconf 81' lang='lat' dir='ltr'><strong>igitur</strong></span> <span class='ocrx_word' id='word_1_293' title='bbox 1763 5106 1949 5161; x_wconf 82' lang='lat' dir='ltr'><strong>pauca,</strong></span> 
     </span>
    </p>
   </div>
   <div class='ocr_carea' id='block_1_45' title="bbox 381 5151 1953 5248">
    <p class='ocr_par' dir='ltr' id='par_1_45' title="bbox 381 5151 1953 5248">
     <span class='ocr_line' id='line_1_45' title="bbox 381 5151 1953 5248; baseline 0.023 -45"><span class='ocrx_word' id='word_1_294' title='bbox 381 5151 625 5222; x_wconf 82' lang='lat' dir='ltr'><strong>obsecro,</strong></span> <span class='ocrx_word' id='word_1_295' title='bbox 655 5159 858 5215; x_wconf 85' lang='lat' dir='ltr'><strong>caritati</strong></span> <span class='ocrx_word' id='word_1_296' title='bbox 905 5178 1094 5220; x_wconf 78' lang='lat' dir='ltr'><strong>vestra:</strong></span> <span class='ocrx_word' id='word_1_297' title='bbox 1130 5171 1511 5240; x_wconf 88' lang='lat' dir='ltr'><strong>colloquamur,</strong></span> <span class='ocrx_word' id='word_1_298' title='bbox 1545 5177 1700 5247; x_wconf 84' lang='lat' dir='ltr'><strong>idque</strong></span> <span class='ocrx_word' id='word_1_299' title='bbox 1728 5182 1953 5248; x_wconf 81' lang='lat' dir='ltr'><strong>primunt</strong></span> 
     </span>
    </p>
   </div>
   <div class='ocr_carea' id='block_1_46' title="bbox 381 5256 1954 5338">
    <p class='ocr_par' dir='ltr' id='par_1_46' title="bbox 381 5256 1954 5338">
     <span class='ocr_line' id='line_1_46' title="bbox 381 5256 1954 5338; baseline 0.021 -44"><span class='ocrx_word' id='word_1_300' title='bbox 381 5256 644 5312; x_wconf 82' lang='lat' dir='ltr'><strong>rogemus,</strong></span> <span class='ocrx_word' id='word_1_301' title='bbox 678 5258 734 5302; x_wconf 91' lang='lat' dir='ltr'><strong>ut</strong></span> <span class='ocrx_word' id='word_1_302' title='bbox 764 5265 1036 5309; x_wconf 85' lang='lat' dir='ltr'><strong>sermones</strong></span> <span class='ocrx_word' id='word_1_303' title='bbox 1079 5258 1197 5312; x_wconf 89' lang='lat' dir='ltr'><strong>illos</strong></span> <span class='ocrx_word' id='word_1_304' title='bbox 1225 5270 1433 5316; x_wconf 69' lang='lat' dir='ltr'><strong>[nostros</strong></span> <span class='ocrx_word' id='word_1_305' title='bbox 1461 5265 1663 5332; x_wconf 83' lang='lat' dir='ltr'><strong>placide</strong></span> <span class='ocrx_word' id='word_1_306' title='bbox 1695 5270 1954 5338; x_wconf 88' lang='lat' dir='ltr'><strong>suscipia-</strong></span> 
     </span>
    </p>
   </div>
   <div class='ocr_carea' id='block_1_47' title="bbox 381 5333 1949 5426">
    <p class='ocr_par' dir='ltr' id='par_1_47' title="bbox 381 5333 1949 5426">
     <span class='ocr_line' id='line_1_47' title="bbox 381 5333 1949 5426; baseline 0.021 -42"><span class='ocrx_word' id='word_1_307' title='bbox 381 5333 466 5399; x_wconf 86' lang='lat' dir='ltr'><strong>tis,</strong></span> <span class='ocrx_word' id='word_1_308' title='bbox 512 5351 618 5404; x_wconf 90' lang='lat' dir='ltr'><strong>qno</strong></span> <span class='ocrx_word' id='word_1_309' title='bbox 657 5339 894 5404; x_wconf 86' lang='lat' dir='ltr'><strong>domum,</strong></span> <span class='ocrx_word' id='word_1_310' title='bbox 945 5346 1168 5402; x_wconf 81' lang='lat' dir='ltr'><strong>fructum</strong></span> <span class='ocrx_word' id='word_1_311' title='bbox 1210 5353 1489 5419; x_wconf 86' lang='lat' dir='ltr'><strong>quemdam</strong></span> <span class='ocrx_word' id='word_1_312' title='bbox 1518 5355 1774 5426; x_wconf 77' lang='lat' dir='ltr'><strong>insignem</strong></span> <span class='ocrx_word' id='word_1_313' title='bbox 1801 5376 1949 5416; x_wconf 80' lang='lat' dir='ltr'><strong>assc-</strong></span> 
     </span>
    </p>
   </div>
   <div class='ocr_carea' id='block_1_48' title="bbox 377 5427 1952 5505">
    <p class='ocr_par' dir='ltr' id='par_1_48' title="bbox 377 5427 1952 5505">
     <span class='ocr_line' id='line_1_48' title="bbox 377 5427 1952 5505; baseline 0.019 -30"><span class='ocrx_word' id='word_1_314' title='bbox 377 5427 545 5492; x_wconf 82' lang='lat' dir='ltr'><strong>quuti,</strong></span> <span class='ocrx_word' id='word_1_315' title='bbox 593 5430 841 5488; x_wconf 85' lang='lat' dir='ltr'><strong>redeatis.</strong></span> <span class='ocrx_word' id='word_1_316' title='bbox 885 5434 1068 5504; x_wconf 88' lang='lat' dir='ltr'><strong>Neque</strong></span> <span class='ocrx_word' id='word_1_317' title='bbox 1096 5439 1237 5494; x_wconf 90' lang='lat' dir='ltr'><strong>cnim</strong></span> <span class='ocrx_word' id='word_1_318' title='bbox 1287 5450 1490 5498; x_wconf 89' lang='lat' dir='ltr'><strong>temere</strong></span> <span class='ocrx_word' id='word_1_319' title='bbox 1535 5454 1590 5499; x_wconf 92' lang='lat' dir='ltr'><strong>ct</strong></span> <span class='ocrx_word' id='word_1_320' title='bbox 1626 5445 1819 5503; x_wconf 81' lang='lat' dir='ltr'><strong>fruSIra</strong></span> <span class='ocrx_word' id='word_1_321' title='bbox 1849 5449 1952 5505; x_wconf 91' lang='lat' dir='ltr'><strong>huc</strong></span> 
     </span>
    </p>
   </div>
   <div class='ocr_carea' id='block_1_49' title="bbox 377 5519 1951 5609">
    <p class='ocr_par' dir='ltr' id='par_1_49' title="bbox 377 5519 1951 5609">
     <span class='ocr_line' id='line_1_49' title="bbox 377 5519 1951 5609; baseline 0.017 -40"><span class='ocrx_word' id='word_1_322' title='bbox 377 5519 738 5584; x_wconf 61' lang='lat' dir='ltr'><strong>CUIIVCIIilllus,</strong></span> <span class='ocrx_word' id='word_1_323' title='bbox 772 5533 826 5576; x_wconf 93' lang='lat' dir='ltr'><strong>ut</strong></span> <span class='ocrx_word' id='word_1_324' title='bbox 856 5542 987 5580; x_wconf 75' lang='lat' dir='ltr'><strong>uitus</strong></span> <span class='ocrx_word' id='word_1_325' title='bbox 1007 5528 1218 5595; x_wconf 87' lang='lat' dir='ltr'><strong>quidem</strong></span> <span class='ocrx_word' id='word_1_326' title='bbox 1246 5531 1508 5601; x_wconf 88' lang='lat' dir='ltr'><strong>loquatur,</strong></span> <span class='ocrx_word' id='word_1_327' title='bbox 1525 5536 1660 5590; x_wconf 87' lang='lat' dir='ltr'><strong>alius</strong></span> <span class='ocrx_word' id='word_1_328' title='bbox 1683 5553 1810 5592; x_wconf 87' lang='lat' dir='ltr'><strong>vero</strong></span> <span class='ocrx_word' id='word_1_329' title='bbox 1832 5555 1951 5609; x_wconf 62' lang='lat' dir='ltr'><strong>quae</strong></span> 
     </span>
    </p>
   </div>
   <div class='ocr_carea' id='block_1_50' title="bbox 377 5608 1944 5689">
    <p class='ocr_par' dir='ltr' id='par_1_50' title="bbox 377 5608 1944 5689">
     <span class='ocr_line' id='line_1_50' title="bbox 377 5608 1944 5689; baseline 0.015 -26"><span class='ocrx_word' id='word_1_330' title='bbox 377 5608 623 5666; x_wconf 80' lang='lat' dir='ltr'><strong>dicuntur</strong></span> <span class='ocrx_word' id='word_1_331' title='bbox 652 5613 922 5681; x_wconf 73' lang='lat' dir='ltr'><strong>plausibus</strong></span> <span class='ocrx_word' id='word_1_332' title='bbox 950 5619 1201 5689; x_wconf 82' lang='lat' dir='ltr'><strong>excipiat,</strong></span> <span class='ocrx_word' id='word_1_333' title='bbox 1242 5631 1296 5678; x_wconf 85' lang='lat' dir='ltr'><strong>et</strong></span> <span class='ocrx_word' id='word_1_334' title='bbox 1322 5624 1399 5679; x_wconf 72' lang='lat' dir='ltr'><strong>sic</strong></span> <span class='ocrx_word' id='word_1_335' title='bbox 1431 5625 1551 5682; x_wconf 89' lang='lat' dir='ltr'><strong>hinc</strong></span> <span class='ocrx_word' id='word_1_336' title='bbox 1579 5608 1903 5687; x_wconf 79' lang='lat' dir='ltr'><strong>excedamus</strong></span> <span class='ocrx_word' id='word_1_337' title='bbox 1930 5647 1944 5687; x_wconf 88' lang='lat'><strong>:</strong></span> 
     </span>
    </p>
   </div>
   <div class='ocr_carea' id='block_1_51' title="bbox 2071 1841 3645 1934">
    <p class='ocr_par' dir='ltr' id='par_1_51' title="bbox 2071 1841 3645 1934">
     <span class='ocr_line' id='line_1_51' title="bbox 2071 1841 3645 1934; baseline 0.026 -41"><span class='ocrx_word' id='word_1_338' title='bbox 2071 1841 2162 1894; x_wconf 89' lang='lat' dir='ltr'><strong>sed</strong></span> <span class='ocrx_word' id='word_1_339' title='bbox 2207 1853 2260 1895; x_wconf 90' lang='lat' dir='ltr'><strong>ut</strong></span> <span class='ocrx_word' id='word_1_340' title='bbox 2304 1855 2356 1898; x_wconf 90' lang='lat' dir='ltr'><strong>et</strong></span> <span class='ocrx_word' id='word_1_341' title='bbox 2396 1863 2491 1902; x_wconf 89' lang='lat' dir='ltr'><strong>nos</strong></span> <span class='ocrx_word' id='word_1_342' title='bbox 2532 1850 2832 1920; x_wconf 81' lang='lat' dir='ltr'><strong>frugiferum</strong></span> <span class='ocrx_word' id='word_1_343' title='bbox 2872 1861 3120 1927; x_wconf 86' lang='lat' dir='ltr'><strong>quiddam</strong></span> <span class='ocrx_word' id='word_1_344' title='bbox 3148 1874 3200 1919; x_wconf 90' lang='lat' dir='ltr'><strong>et</strong></span> <span class='ocrx_word' id='word_1_345' title='bbox 3237 1868 3390 1924; x_wconf 87' lang='lat' dir='ltr'><strong>saluti</strong></span> <span class='ocrx_word' id='word_1_346' title='bbox 3454 1887 3645 1934; x_wconf 75' lang='lat' dir='ltr'><strong>vestrm</strong></span> 
     </span>
    </p>
   </div>
   <div class='ocr_carea' id='block_1_52' title="bbox 2072 1930 3644 2020">
    <p class='ocr_par' dir='ltr' id='par_1_52' title="bbox 2072 1930 3644 2020">
     <span class='ocr_line' id='line_1_52' title="bbox 2072 1930 3644 2020; baseline 0.024 -38"><span class='ocrx_word' id='word_1_347' title='bbox 2072 1930 2401 1989; x_wconf 88' lang='lat' dir='ltr'><strong>conducibile</strong></span> <span class='ocrx_word' id='word_1_348' title='bbox 2446 1939 2742 2008; x_wconf 90' lang='lat' dir='ltr'><strong>loquamur,</strong></span> <span class='ocrx_word' id='word_1_349' title='bbox 2791 1957 2844 2000; x_wconf 83' lang='lat' dir='ltr'><strong>et</strong></span> <span class='ocrx_word' id='word_1_350' title='bbox 2894 1965 2985 2002; x_wconf 90' lang='lat' dir='ltr'><strong>vos</strong></span> <span class='ocrx_word' id='word_1_351' title='bbox 3033 1953 3178 2008; x_wconf 89' lang='lat' dir='ltr'><strong>lucro</strong></span> <span class='ocrx_word' id='word_1_352' title='bbox 3205 1971 3237 2011; x_wconf 90' lang='lat' dir='ltr'><strong>e</strong></span> <span class='ocrx_word' id='word_1_353' title='bbox 3265 1959 3418 2016; x_wconf 84' lang='lat' dir='ltr'><strong>dictis</strong></span> <span class='ocrx_word' id='word_1_354' title='bbox 3447 1970 3644 2020; x_wconf 87' lang='lat' dir='ltr'><strong>nostris</strong></span> 
     </span>
    </p>
   </div>
   <div class='ocr_carea' id='block_1_53' title="bbox 2069 2029 3646 2112">
    <p class='ocr_par' dir='ltr' id='par_1_53' title="bbox 2069 2029 3646 2112">
     <span class='ocr_line' id='line_1_53' title="bbox 2069 2029 3646 2112; baseline 0.023 -41"><span class='ocrx_word' id='word_1_355' title='bbox 2069 2029 2306 2090; x_wconf 88' lang='lat' dir='ltr'><strong>accepto,</strong></span> <span class='ocrx_word' id='word_1_356' title='bbox 2334 2034 2386 2078; x_wconf 88' lang='lat' dir='ltr'><strong>et</strong></span> <span class='ocrx_word' id='word_1_357' title='bbox 2413 2029 2602 2096; x_wconf 66' lang='lat' dir='ltr'><strong>amplae</strong></span> <span class='ocrx_word' id='word_1_358' title='bbox 2632 2034 2869 2089; x_wconf 75' lang='lat' dir='ltr'><strong>utilitatis</strong></span> <span class='ocrx_word' id='word_1_359' title='bbox 2897 2038 3119 2095; x_wconf 86' lang='lat' dir='ltr'><strong>fructum</strong></span> <span class='ocrx_word' id='word_1_360' title='bbox 3149 2048 3308 2112; x_wconf 89' lang='lat' dir='ltr'><strong>nacti,</strong></span> <span class='ocrx_word' id='word_1_361' title='bbox 3337 2049 3457 2104; x_wconf 91' lang='lat' dir='ltr'><strong>hinc</strong></span> <span class='ocrx_word' id='word_1_362' title='bbox 3487 2069 3646 2108; x_wconf 79' lang='lat' dir='ltr'><strong>exca-</strong></span> 
     </span>
    </p>
   </div>
   <div class='ocr_carea' id='block_1_54' title="bbox 2071 2110 3644 2215">
    <p class='ocr_par' dir='ltr' id='par_1_54' title="bbox 2071 2110 3644 2215">
     <span class='ocr_line' id='line_1_54' title="bbox 2071 2110 3644 2215; baseline 0.025 -53"><span class='ocrx_word' id='word_1_363' title='bbox 2071 2110 2156 2164; x_wconf 90' lang='lat' dir='ltr'><strong>tis.</strong></span> <span class='ocrx_word' id='word_1_364' title='bbox 2191 2113 2427 2170; x_wconf 80' lang='lat' dir='ltr'><strong>Ecclesia</strong></span> <span class='ocrx_word' id='word_1_365' title='bbox 2453 2122 2582 2175; x_wconf 89' lang='lat' dir='ltr'><strong>sane</strong></span> <span class='ocrx_word' id='word_1_366' title='bbox 2621 2125 2828 2180; x_wconf 84' lang='lat' dir='ltr'><strong>ofiiciua</strong></span> <span class='ocrx_word' id='word_1_367' title='bbox 2857 2132 3094 2196; x_wconf 74' lang='lat' dir='ltr'><strong>quautam</strong></span> <span class='ocrx_word' id='word_1_368' title='bbox 3125 2147 3201 2192; x_wconf 81' lang='lat' dir='ltr'><strong>cst</strong></span> <span class='ocrx_word' id='word_1_369' title='bbox 3234 2141 3506 2197; x_wconf 81' lang='lat' dir='ltr'><strong>medicina:</strong></span> <span class='ocrx_word' id='word_1_370' title='bbox 3530 2147 3644 2215; x_wconf 86' lang='lat' dir='ltr'><strong>spi-</strong></span> 
     </span>
    </p>
   </div>
   <div class='ocr_carea' id='block_1_55' title="bbox 2070 2201 3644 2295">
    <p class='ocr_par' dir='ltr' id='par_1_55' title="bbox 2070 2201 3644 2295">
     <span class='ocr_line' id='line_1_55' title="bbox 2070 2201 3644 2295; baseline 0.024 -43"><span class='ocrx_word' id='word_1_371' title='bbox 2070 2201 2308 2271; x_wconf 88' lang='lat' dir='ltr'><strong>ritualis;</strong></span> <span class='ocrx_word' id='word_1_372' title='bbox 2356 2219 2409 2261; x_wconf 90' lang='lat' dir='ltr'><strong>et</strong></span> <span class='ocrx_word' id='word_1_373' title='bbox 2455 2225 2546 2264; x_wconf 91' lang='lat' dir='ltr'><strong>eos</strong></span> <span class='ocrx_word' id='word_1_374' title='bbox 2585 2215 2672 2282; x_wconf 91' lang='lat' dir='ltr'><strong>qui</strong></span> <span class='ocrx_word' id='word_1_375' title='bbox 2719 2216 2823 2270; x_wconf 88' lang='lat' dir='ltr'><strong>huc</strong></span> <span class='ocrx_word' id='word_1_376' title='bbox 2873 2224 3106 2287; x_wconf 88' lang='lat' dir='ltr'><strong>veniunt,</strong></span> <span class='ocrx_word' id='word_1_377' title='bbox 3155 2239 3362 2295; x_wconf 87' lang='lat' dir='ltr'><strong>oportet</strong></span> <span class='ocrx_word' id='word_1_378' title='bbox 3392 2248 3494 2286; x_wconf 91' lang='lat' dir='ltr'><strong>non</strong></span> <span class='ocrx_word' id='word_1_379' title='bbox 3520 2246 3644 2290; x_wconf 89' lang='lat' dir='ltr'><strong>ante</strong></span> 
     </span>
    </p>
   </div>
   <div class='ocr_carea' id='block_1_56' title="bbox 2067 2289 3644 2392">
    <p class='ocr_par' dir='ltr' id='par_1_56' title="bbox 2067 2289 3644 2392">
     <span class='ocr_line' id='line_1_56' title="bbox 2067 2289 3644 2392; baseline 0.025 -51"><span class='ocrx_word' id='word_1_380' title='bbox 2067 2289 2280 2346; x_wconf 88' lang='lat' dir='ltr'><strong>domum</strong></span> <span class='ocrx_word' id='word_1_381' title='bbox 2324 2297 2518 2364; x_wconf 87' lang='lat' dir='ltr'><strong>redire,</strong></span> <span class='ocrx_word' id='word_1_382' title='bbox 2562 2318 2718 2370; x_wconf 86' lang='lat' dir='ltr'><strong>quam</strong></span> <span class='ocrx_word' id='word_1_383' title='bbox 2763 2307 2848 2360; x_wconf 91' lang='lat' dir='ltr'><strong>ubi</strong></span> <span class='ocrx_word' id='word_1_384' title='bbox 2891 2325 3120 2380; x_wconf 79' lang='lat' dir='ltr'><strong>congrua</strong></span> <span class='ocrx_word' id='word_1_385' title='bbox 3163 2320 3394 2374; x_wconf 88' lang='lat' dir='ltr'><strong>remedia</strong></span> <span class='ocrx_word' id='word_1_386' title='bbox 3421 2336 3644 2392; x_wconf 81' lang='lat' dir='ltr'><strong>accepe-</strong></span> 
     </span>
    </p>
   </div>
   <div class='ocr_carea' id='block_1_57' title="bbox 2069 2380 3645 2480">
    <p class='ocr_par' dir='ltr' id='par_1_57' title="bbox 2069 2380 3645 2480">
     <span class='ocr_line' id='line_1_57' title="bbox 2069 2380 3645 2480; baseline 0.023 -48"><span class='ocrx_word' id='word_1_387' title='bbox 2069 2380 2195 2445; x_wconf 87' lang='lat' dir='ltr'><strong>rint,</strong></span> <span class='ocrx_word' id='word_1_388' title='bbox 2241 2382 2435 2454; x_wconf 89' lang='lat' dir='ltr'><strong>illaque</strong></span> <span class='ocrx_word' id='word_1_389' title='bbox 2477 2391 2588 2444; x_wconf 90' lang='lat' dir='ltr'><strong>suis</strong></span> <span class='ocrx_word' id='word_1_390' title='bbox 2619 2394 2923 2451; x_wconf 85' lang='lat' dir='ltr'><strong>vulneribus</strong></span> <span class='ocrx_word' id='word_1_391' title='bbox 2951 2402 3305 2461; x_wconf 86' lang='lat' dir='ltr'><strong>adhibuerint.</strong></span> <span class='ocrx_word' id='word_1_392' title='bbox 3356 2410 3486 2465; x_wconf 86' lang='lat' dir='ltr'><strong>Nam</strong></span> <span class='ocrx_word' id='word_1_393' title='bbox 3512 2429 3645 2480; x_wconf 85' lang='lat' dir='ltr'><strong>quo-</strong></span> 
     </span>
    </p>
   </div>
   <div class='ocr_carea' id='block_1_58' title="bbox 2068 2471 3642 2566">
    <p class='ocr_par' dir='ltr' id='par_1_58' title="bbox 2068 2471 3642 2566">
     <span class='ocr_line' id='line_1_58' title="bbox 2068 2471 3642 2566; baseline 0.022 -41"><span class='ocrx_word' id='word_1_394' title='bbox 2068 2471 2228 2529; x_wconf 85' lang='lat' dir='ltr'><strong>modo</strong></span> <span class='ocrx_word' id='word_1_395' title='bbox 2252 2476 2434 2535; x_wconf 81' lang='lat' dir='ltr'><strong>audire</strong></span> <span class='ocrx_word' id='word_1_396' title='bbox 2461 2483 2654 2548; x_wconf 85' lang='lat' dir='ltr'><strong>Solum,</strong></span> <span class='ocrx_word' id='word_1_397' title='bbox 2687 2495 2740 2538; x_wconf 88' lang='lat' dir='ltr'><strong>et</strong></span> <span class='ocrx_word' id='word_1_398' title='bbox 2766 2492 3014 2556; x_wconf 88' lang='lat' dir='ltr'><strong>operibus</strong></span> <span class='ocrx_word' id='word_1_399' title='bbox 3045 2495 3171 2549; x_wconf 86' lang='lat' dir='ltr'><strong>nihil</strong></span> <span class='ocrx_word' id='word_1_400' title='bbox 3200 2509 3470 2566; x_wconf 69' lang='lat' dir='ltr'><strong>przcstarc,</strong></span> <span class='ocrx_word' id='word_1_401' title='bbox 3512 2471 3642 2559; x_wconf 76' lang='lat' dir='ltr'><strong>nihil</strong></span> 
     </span>
    </p>
   </div>
   <div class='ocr_carea' id='block_1_59' title="bbox 2068 2565 3642 2649">
    <p class='ocr_par' dir='ltr' id='par_1_59' title="bbox 2068 2565 3642 2649">
     <span class='ocr_line' id='line_1_59' title="bbox 2068 2565 3642 2649; baseline 0.022 -34"><span class='ocrx_word' id='word_1_402' title='bbox 2068 2565 2396 2633; x_wconf 81' lang='lat' dir='ltr'><strong>profuturum</strong></span> <span class='ocrx_word' id='word_1_403' title='bbox 2424 2574 2512 2639; x_wconf 88' lang='lat' dir='ltr'><strong>sit,</strong></span> <span class='ocrx_word' id='word_1_404' title='bbox 2547 2574 2667 2629; x_wconf 90' lang='lat' dir='ltr'><strong>audi</strong></span> <span class='ocrx_word' id='word_1_405' title='bbox 2697 2575 2904 2634; x_wconf 86' lang='lat' dir='ltr'><strong>beatum</strong></span> <span class='ocrx_word' id='word_1_406' title='bbox 2941 2581 3154 2640; x_wconf 88' lang='lat' dir='ltr'><strong>Paulum</strong></span> <span class='ocrx_word' id='word_1_407' title='bbox 3185 2587 3446 2647; x_wconf 86' lang='lat' dir='ltr'><strong>dicentem</strong></span> <span class='ocrx_word' id='word_1_408' title='bbox 3475 2611 3487 2648; x_wconf 93' lang='lat'><strong><em>:</em></strong></span> <span class='ocrx_word' id='word_1_409' title='bbox 3521 2593 3642 2649; x_wconf 79' lang='lat' dir='ltr'><strong>Non</strong></span> 
     </span>
    </p>
   </div>
   <div class='ocr_carea' id='block_1_60' title="bbox 2065 2656 3643 2757">
    <p class='ocr_par' dir='ltr' id='par_1_60' title="bbox 2065 2656 3643 2757">
     <span class='ocr_line' id='line_1_60' title="bbox 2065 2656 3643 2757; baseline 0.023 -52"><span class='ocrx_word' id='word_1_410' title='bbox 2065 2656 2197 2709; x_wconf 84' lang='lat' dir='ltr'><strong>enim</strong></span> <span class='ocrx_word' id='word_1_411' title='bbox 2241 2661 2492 2716; x_wconf 79' lang='lat' dir='ltr'><strong>auditores</strong></span> <span class='ocrx_word' id='word_1_412' title='bbox 2535 2666 2655 2734; x_wconf 77' lang='lat' dir='ltr'><strong>tegis</strong></span> <span class='ocrx_word' id='word_1_413' title='bbox 2680 2671 2811 2737; x_wconf 76' lang='lat' dir='ltr'><strong>justi</strong></span> <span class='ocrx_word' id='word_1_414' title='bbox 2859 2685 2974 2727; x_wconf 84' lang='lat' dir='ltr'><strong>sunt</strong></span> <span class='ocrx_word' id='word_1_415' title='bbox 3022 2680 3158 2746; x_wconf 81' lang='lat' dir='ltr'><strong>apud</strong></span> <span class='ocrx_word' id='word_1_416' title='bbox 3178 2679 3362 2747; x_wconf 84' lang='lat' dir='ltr'><strong>Deum,</strong></span> <span class='ocrx_word' id='word_1_417' title='bbox 3405 2688 3492 2738; x_wconf 74' lang='lat' dir='ltr'><strong>sed</strong></span> <span class='ocrx_word' id='word_1_418' title='bbox 3521 2688 3643 2757; x_wconf 74' lang='lat' dir='ltr'><strong>legis</strong></span> 
     </span>
    </p>
   </div>
   <div class='ocr_carea' id='block_1_61' title="bbox 2065 2745 3639 2833">
    <p class='ocr_par' dir='ltr' id='par_1_61' title="bbox 2065 2745 3639 2833">
     <span class='ocr_line' id='line_1_61' title="bbox 2065 2745 3639 2833; baseline 0.023 -39"><span class='ocrx_word' id='word_1_419' title='bbox 2065 2745 2278 2811; x_wconf 80' lang='lat' dir='ltr'><strong>factores</strong></span> <span class='ocrx_word' id='word_1_420' title='bbox 2297 2749 2711 2818; x_wconf 82' lang='lat' dir='ltr'><strong>justiﬁcabuntur</strong></span> <span class='ocrx_word' id='word_1_421' title='bbox 2737 2757 2912 2827; x_wconf 77' lang='lat' dir='ltr'><strong>(Rom.</strong></span> <span class='ocrx_word' id='word_1_422' title='bbox 2943 2764 2998 2818; x_wconf 80' lang='lat'><strong>‘2.</strong></span> <span class='ocrx_word' id='word_1_423' title='bbox 3033 2745 3143 2833; x_wconf 13' lang='lat'><strong>175).</strong></span> <span class='ocrx_word' id='word_1_424' title='bbox 3173 2745 3492 2828; x_wconf 81' lang='lat' dir='ltr'><strong>EtCltristus</strong></span> <span class='ocrx_word' id='word_1_425' title='bbox 3509 2745 3639 2830; x_wconf 65' lang='lat' dir='ltr'><strong>coit-</strong></span> 
     </span>
    </p>
   </div>
   <div class='ocr_carea' id='block_1_62' title="bbox 2065 2837 3639 2932">
    <p class='ocr_par' dir='ltr' id='par_1_62' title="bbox 2065 2837 3639 2932">
     <span class='ocr_line' id='line_1_62' title="bbox 2065 2837 3639 2932; baseline 0.023 -47"><span class='ocrx_word' id='word_1_426' title='bbox 2065 2837 2324 2891; x_wconf 86' lang='lat' dir='ltr'><strong>cionando</strong></span> <span class='ocrx_word' id='word_1_427' title='bbox 2349 2841 2591 2898; x_wconf 82' lang='lat' dir='ltr'><strong>dicebat:</strong></span> <span class='ocrx_word' id='word_1_428' title='bbox 2627 2846 2747 2902; x_wconf 86' lang='lat' dir='ltr'><strong>Non</strong></span> <span class='ocrx_word' id='word_1_429' title='bbox 2789 2855 2948 2906; x_wconf 85' lang='lat' dir='ltr'><strong>omnis</strong></span> <span class='ocrx_word' id='word_1_430' title='bbox 2977 2858 3063 2923; x_wconf 89' lang='lat' dir='ltr'><strong>qui</strong></span> <span class='ocrx_word' id='word_1_431' title='bbox 3091 2859 3210 2912; x_wconf 74' lang='lat' dir='ltr'><strong>dicit</strong></span> <span class='ocrx_word' id='word_1_432' title='bbox 3247 2864 3370 2915; x_wconf 78' lang='lat' dir='ltr'><strong>mihi</strong></span> <span class='ocrx_word' id='word_1_433' title='bbox 3408 2863 3639 2932; x_wconf 80' lang='lat' dir='ltr'><strong>Domine,</strong></span> 
     </span>
    </p>
   </div>
   <div class='ocr_carea' id='block_1_63' title="bbox 2064 2919 3639 3022">
    <p class='ocr_par' dir='ltr' id='par_1_63' title="bbox 2064 2919 3639 3022">
     <span class='ocr_line' id='line_1_63' title="bbox 2064 2919 3639 3022; baseline 0.022 -49"><span class='ocrx_word' id='word_1_434' title='bbox 2064 2919 2298 2991; x_wconf 85' lang='lat' dir='ltr'><strong>Domine,</strong></span> <span class='ocrx_word' id='word_1_435' title='bbox 2329 2929 2532 2984; x_wconf 78' lang='lat' dir='ltr'><strong>intrabit</strong></span> <span class='ocrx_word' id='word_1_436' title='bbox 2563 2935 2613 2987; x_wconf 83' lang='lat' dir='ltr'><strong>in</strong></span> <span class='ocrx_word' id='word_1_437' title='bbox 2637 2952 2843 3006; x_wconf 85' lang='lat' dir='ltr'><strong>regnum</strong></span> <span class='ocrx_word' id='word_1_438' title='bbox 2877 2943 3129 3009; x_wconf 70' lang='lat' dir='ltr'><strong>(telorum,</strong></span> <span class='ocrx_word' id='word_1_439' title='bbox 3159 2950 3246 3001; x_wconf 78' lang='lat' dir='ltr'><strong>sed</strong></span> <span class='ocrx_word' id='word_1_440' title='bbox 3279 2952 3365 3018; x_wconf 87' lang='lat' dir='ltr'><strong>qui</strong></span> <span class='ocrx_word' id='word_1_441' title='bbox 3389 2955 3510 3022; x_wconf 79' lang='lat' dir='ltr'><strong>facit</strong></span> <span class='ocrx_word' id='word_1_442' title='bbox 3549 2971 3639 3009; x_wconf 79' lang='lat' dir='ltr'><strong>vo-</strong></span> 
     </span>
    </p>
   </div>
   <div class='ocr_carea' id='block_1_64' title="bbox 2067 3008 3635 3115">
    <p class='ocr_par' dir='ltr' id='par_1_64' title="bbox 2067 3008 3635 3115">
     <span class='ocr_line' id='line_1_64' title="bbox 2067 3008 3635 3115; baseline 0.024 -54"><span class='ocrx_word' id='word_1_443' title='bbox 2067 3008 2302 3067; x_wconf 83' lang='lat' dir='ltr'><strong>luntatth</strong></span> <span class='ocrx_word' id='word_1_444' title='bbox 2344 3016 2514 3073; x_wconf 81' lang='lat' dir='ltr'><strong>Putris</strong></span> <span class='ocrx_word' id='word_1_445' title='bbox 2555 3025 2652 3076; x_wconf 86' lang='lat' dir='ltr'><strong>mei</strong></span> <span class='ocrx_word' id='word_1_446' title='bbox 2692 3028 2777 3094; x_wconf 83' lang='lat' dir='ltr'><strong>qui</strong></span> <span class='ocrx_word' id='word_1_447' title='bbox 2812 3029 2865 3082; x_wconf 83' lang='lat' dir='ltr'><strong>in</strong></span> <span class='ocrx_word' id='word_1_448' title='bbox 2910 3033 3045 3086; x_wconf 74' lang='lat' dir='ltr'><strong>aclis</strong></span> <span class='ocrx_word' id='word_1_449' title='bbox 3082 3047 3152 3088; x_wconf 79' lang='lat' dir='ltr'><strong>est</strong></span> <span class='ocrx_word' id='word_1_450' title='bbox 3200 3008 3407 3106; x_wconf 54' lang='lat' dir='ltr'><strong>(Matth:</strong></span> <span class='ocrx_word' id='word_1_451' title='bbox 3441 3043 3490 3096; x_wconf 90' lang='lat'><strong>7.</strong></span> <span class='ocrx_word' id='word_1_452' title='bbox 3517 3045 3635 3115; x_wconf 74' lang='grc'><strong>21).</strong></span> 
     </span>
    </p>
   </div>
   <div class='ocr_carea' id='block_1_65' title="bbox 2065 3101 3638 3188">
    <p class='ocr_par' dir='ltr' id='par_1_65' title="bbox 2065 3101 3638 3188">
     <span class='ocr_line' id='line_1_65' title="bbox 2065 3101 3638 3188; baseline 0.022 -35"><span class='ocrx_word' id='word_1_453' title='bbox 2065 3101 2225 3171; x_wconf 87' lang='lat' dir='ltr'><strong>Igitur</strong></span> <span class='ocrx_word' id='word_1_454' title='bbox 2274 3109 2521 3175; x_wconf 84' lang='lat' dir='ltr'><strong>scientes,</strong></span> <span class='ocrx_word' id='word_1_455' title='bbox 2571 3113 2768 3180; x_wconf 90' lang='lat' dir='ltr'><strong>dilecti,</strong></span> <span class='ocrx_word' id='word_1_456' title='bbox 2821 3121 3016 3174; x_wconf 86' lang='lat' dir='ltr'><strong>nullam</strong></span> <span class='ocrx_word' id='word_1_457' title='bbox 3050 3101 3324 3182; x_wconf 85' lang='lat' dir='ltr'><strong>utilitatem</strong></span> <span class='ocrx_word' id='word_1_458' title='bbox 3355 3145 3420 3184; x_wconf 84' lang='lat' dir='ltr'><strong>ex</strong></span> <span class='ocrx_word' id='word_1_459' title='bbox 3460 3101 3638 3188; x_wconf 80' lang='lat' dir='ltr'><strong>audiiu</strong></span> 
     </span>
    </p>
   </div>
   <div class='ocr_carea' id='block_1_66' title="bbox 2063 3197 3639 3278">
    <p class='ocr_par' dir='ltr' id='par_1_66' title="bbox 2063 3197 3639 3278">
     <span class='ocr_line' id='line_1_66' title="bbox 2063 3197 3639 3278; baseline 0.02 -32"><span class='ocrx_word' id='word_1_460' title='bbox 2063 3209 2202 3256; x_wconf 72' lang='lat' dir='ltr'><strong>esse,</strong></span> <span class='ocrx_word' id='word_1_461' title='bbox 2248 3197 2348 3250; x_wconf 87' lang='lat' dir='ltr'><strong>nisi</strong></span> <span class='ocrx_word' id='word_1_462' title='bbox 2395 3200 2528 3254; x_wconf 88' lang='lat' dir='ltr'><strong>bona</strong></span> <span class='ocrx_word' id='word_1_463' title='bbox 2560 3217 2718 3272; x_wconf 85' lang='lat' dir='ltr'><strong>Opera</strong></span> <span class='ocrx_word' id='word_1_464' title='bbox 2747 3221 3048 3278; x_wconf 86' lang='lat' dir='ltr'><strong>sequantur,</strong></span> <span class='ocrx_word' id='word_1_465' title='bbox 3083 3231 3148 3267; x_wconf 92' lang='lat' dir='ltr'><strong>ne</strong></span> <span class='ocrx_word' id='word_1_466' title='bbox 3186 3217 3350 3271; x_wconf 88' lang='lat' dir='ltr'><strong>simus</strong></span> <span class='ocrx_word' id='word_1_467' title='bbox 3370 3220 3469 3273; x_wconf 90' lang='lat' dir='ltr'><strong>and</strong></span> <span class='ocrx_word' id='word_1_468' title='bbox 3495 3230 3639 3278; x_wconf 84' lang='lat' dir='ltr'><strong>tores</strong></span> 
     </span>
    </p>
   </div>
   <div class='ocr_carea' id='block_1_67' title="bbox 2063 3285 3635 3385">
    <p class='ocr_par' dir='ltr' id='par_1_67' title="bbox 2063 3285 3635 3385">
     <span class='ocr_line' id='line_1_67' title="bbox 2063 3285 3635 3385; baseline 0.018 -47"><span class='ocrx_word' id='word_1_469' title='bbox 2063 3285 2354 3355; x_wconf 83' lang='lat' dir='ltr'><strong>dumtaxat,</strong></span> <span class='ocrx_word' id='word_1_470' title='bbox 2383 3293 2476 3345; x_wconf 90' lang='lat' dir='ltr'><strong>sed</strong></span> <span class='ocrx_word' id='word_1_471' title='bbox 2505 3296 2663 3350; x_wconf 89' lang='lat' dir='ltr'><strong>etiam</strong></span> <span class='ocrx_word' id='word_1_472' title='bbox 2694 3299 2938 3369; x_wconf 79' lang='lat' dir='ltr'><strong>factores,</strong></span> <span class='ocrx_word' id='word_1_473' title='bbox 2966 3321 3070 3373; x_wconf 90' lang='lat' dir='ltr'><strong>quo</strong></span> <span class='ocrx_word' id='word_1_474' title='bbox 3107 3307 3214 3376; x_wconf 82' lang='lat' dir='ltr'><strong>ipsa</strong></span> <span class='ocrx_word' id='word_1_475' title='bbox 3242 3325 3400 3377; x_wconf 89' lang='lat' dir='ltr'><strong>opera</strong></span> <span class='ocrx_word' id='word_1_476' title='bbox 3430 3328 3635 3385; x_wconf 82' lang='lat' dir='ltr'><strong>sermo-</strong></span> 
     </span>
    </p>
   </div>
   <div class='ocr_carea' id='block_1_68' title="bbox 2064 3383 3629 3458">
    <p class='ocr_par' dir='ltr' id='par_1_68' title="bbox 2064 3383 3629 3458">
     <span class='ocr_line' id='line_1_68' title="bbox 2064 3383 3629 3458; baseline 0.019 -30"><span class='ocrx_word' id='word_1_477' title='bbox 2064 3390 2158 3429; x_wconf 87' lang='lat' dir='ltr'><strong>nes</strong></span> <span class='ocrx_word' id='word_1_478' title='bbox 2199 3383 2469 3448; x_wconf 71' lang='lat' dir='ltr'><strong>soquentia</strong></span> <span class='ocrx_word' id='word_1_479' title='bbox 2519 3387 2698 3442; x_wconf 74' lang='lat' dir='ltr'><strong>multa:</strong></span> <span class='ocrx_word' id='word_1_480' title='bbox 2746 3391 2899 3446; x_wconf 90' lang='lat' dir='ltr'><strong>nobis</strong></span> <span class='ocrx_word' id='word_1_481' title='bbox 2955 3395 3160 3451; x_wconf 63' lang='lat' dir='ltr'><strong>fiducia:</strong></span> <span class='ocrx_word' id='word_1_482' title='bbox 3229 3400 3335 3453; x_wconf 87' lang='lat' dir='ltr'><strong>sint</strong></span> <span class='ocrx_word' id='word_1_483' title='bbox 3397 3404 3629 3458; x_wconf 86' lang='lat' dir='ltr'><strong>occasio.</strong></span> 
     </span>
    </p>
   </div>
   <div class='ocr_carea' id='block_1_69' title="bbox 2062 3465 3635 3554">
    <p class='ocr_par' dir='ltr' id='par_1_69' title="bbox 2062 3465 3635 3554">
     <span class='ocr_line' id='line_1_69' title="bbox 2062 3465 3635 3554; baseline 0.02 -36"><span class='ocrx_word' id='word_1_484' title='bbox 2062 3465 2290 3522; x_wconf 87' lang='lat' dir='ltr'><strong>Proinde</strong></span> <span class='ocrx_word' id='word_1_485' title='bbox 2333 3473 2592 3540; x_wconf 80' lang='lat' dir='ltr'><strong>explicitis</strong></span> <span class='ocrx_word' id='word_1_486' title='bbox 2636 3489 2822 3533; x_wconf 77' lang='lat' dir='ltr'><strong>vestra:</strong></span> <span class='ocrx_word' id='word_1_487' title='bbox 2874 3486 3063 3537; x_wconf 90' lang='lat' dir='ltr'><strong>mentis</strong></span> <span class='ocrx_word' id='word_1_488' title='bbox 3106 3487 3328 3554; x_wconf 89' lang='lat' dir='ltr'><strong>sinibus,</strong></span> <span class='ocrx_word' id='word_1_489' title='bbox 3358 3505 3635 3550; x_wconf 80' lang='lat' dir='ltr'><strong>sermones</strong></span> 
     </span>
    </p>
   </div>
   <div class='ocr_carea' id='block_1_70' title="bbox 2061 3556 3638 3650">
    <p class='ocr_par' dir='ltr' id='par_1_70' title="bbox 2061 3556 3638 3650">
     <span class='ocr_line' id='line_1_70' title="bbox 2061 3556 3638 3650; baseline 0.017 -42"><span class='ocrx_word' id='word_1_490' title='bbox 2061 3556 2127 3609; x_wconf 89' lang='lat' dir='ltr'><strong>de</strong></span> <span class='ocrx_word' id='word_1_491' title='bbox 2146 3556 2349 3627; x_wconf 89' lang='lat' dir='ltr'><strong>jejunio</strong></span> <span class='ocrx_word' id='word_1_492' title='bbox 2369 3563 2636 3632; x_wconf 88' lang='lat' dir='ltr'><strong>suscipite.</strong></span> <span class='ocrx_word' id='word_1_493' title='bbox 2671 3567 2737 3621; x_wconf 86' lang='lat' dir='ltr'><strong>Et</strong></span> <span class='ocrx_word' id='word_1_494' title='bbox 2762 3573 3198 3638; x_wconf 85' lang='lat' dir='ltr'><strong>quemadmodum</strong></span> <span class='ocrx_word' id='word_1_495' title='bbox 3229 3585 3424 3632; x_wconf 85' lang='lat' dir='ltr'><strong>castam</strong></span> <span class='ocrx_word' id='word_1_496' title='bbox 3453 3597 3638 3650; x_wconf 83' lang='lat' dir='ltr'><strong>quam-</strong></span> 
     </span>
    </p>
   </div>
   <div class='ocr_carea' id='block_1_71' title="bbox 2063 3647 3636 3741">
    <p class='ocr_par' dir='ltr' id='par_1_71' title="bbox 2063 3647 3636 3741">
     <span class='ocr_line' id='line_1_71' title="bbox 2063 3647 3636 3741; baseline 0.018 -41"><span class='ocrx_word' id='word_1_497' title='bbox 2063 3647 2181 3701; x_wconf 90' lang='lat' dir='ltr'><strong>dam</strong></span> <span class='ocrx_word' id='word_1_498' title='bbox 2208 3660 2261 3703; x_wconf 89' lang='lat' dir='ltr'><strong>et</strong></span> <span class='ocrx_word' id='word_1_499' title='bbox 2291 3651 2568 3725; x_wconf 81' lang='lat' dir='ltr'><strong>ingenuam</strong></span> <span class='ocrx_word' id='word_1_500' title='bbox 2599 3673 2845 3729; x_wconf 86' lang='lat' dir='ltr'><strong>sponsam</strong></span> <span class='ocrx_word' id='word_1_501' title='bbox 2874 3663 3098 3731; x_wconf 77' lang='lat' dir='ltr'><strong>dueturi.</strong></span> <span class='ocrx_word' id='word_1_502' title='bbox 3135 3666 3378 3726; x_wconf 78' lang='lat' dir='ltr'><strong>thalamis</strong></span> <span class='ocrx_word' id='word_1_503' title='bbox 3405 3672 3636 3741; x_wconf 85' lang='lat' dir='ltr'><strong>undique</strong></span> 
     </span>
    </p>
   </div>
   <div class='ocr_carea' id='block_1_72' title="bbox 2064 3743 3634 3834">
    <p class='ocr_par' dir='ltr' id='par_1_72' title="bbox 2064 3743 3634 3834">
     <span class='ocr_line' id='line_1_72' title="bbox 2064 3743 3634 3834; baseline 0.018 -39"><span class='ocrx_word' id='word_1_504' title='bbox 2064 3743 2325 3812; x_wconf 81' lang='lat' dir='ltr'><strong>tapetibus</strong></span> <span class='ocrx_word' id='word_1_505' title='bbox 2365 3752 2586 3816; x_wconf 86' lang='lat' dir='ltr'><strong>ornatis,</strong></span> <span class='ocrx_word' id='word_1_506' title='bbox 2615 3754 2874 3823; x_wconf 71' lang='lat' dir='ltr'><strong>dOIIthlte.</strong></span> <span class='ocrx_word' id='word_1_507' title='bbox 2902 3769 3006 3811; x_wconf 90' lang='lat' dir='ltr'><strong>tota</strong></span> <span class='ocrx_word' id='word_1_508' title='bbox 3037 3771 3272 3829; x_wconf 81' lang='lat' dir='ltr'><strong>purgata,</strong></span> <span class='ocrx_word' id='word_1_509' title='bbox 3303 3775 3356 3817; x_wconf 89' lang='lat' dir='ltr'><strong>et</strong></span> <span class='ocrx_word' id='word_1_510' title='bbox 3394 3766 3634 3834; x_wconf 72' lang='lat' dir='ltr'><strong>ingressu</strong></span> 
     </span>
    </p>
   </div>
   <div class='ocr_carea' id='block_1_73' title="bbox 2060 3836 3632 3918">
    <p class='ocr_par' dir='ltr' id='par_1_73' title="bbox 2060 3836 3632 3918">
     <span class='ocr_line' id='line_1_73' title="bbox 2060 3836 3632 3918; baseline 0.018 -33"><span class='ocrx_word' id='word_1_511' title='bbox 2060 3836 2307 3890; x_wconf 89' lang='lat' dir='ltr'><strong>omnibus</strong></span> <span class='ocrx_word' id='word_1_512' title='bbox 2346 3840 2635 3895; x_wconf 84' lang='lat' dir='ltr'><strong>inhonestis</strong></span> <span class='ocrx_word' id='word_1_513' title='bbox 2673 3845 2875 3899; x_wconf 90' lang='lat' dir='ltr'><strong>ancillis</strong></span> <span class='ocrx_word' id='word_1_514' title='bbox 2919 3848 3220 3918; x_wconf 81' lang='lat' dir='ltr'><strong>interdicto,</strong></span> <span class='ocrx_word' id='word_1_515' title='bbox 3253 3855 3304 3907; x_wconf 91' lang='lat' dir='ltr'><strong>iu</strong></span> <span class='ocrx_word' id='word_1_516' title='bbox 3335 3857 3632 3913; x_wconf 83' lang='lat' dir='ltr'><strong>cubiculum</strong></span> 
     </span>
    </p>
   </div>
   <div class='ocr_carea' id='block_1_74' title="bbox 2061 3922 3633 4013">
    <p class='ocr_par' dir='ltr' id='par_1_74' title="bbox 2061 3922 3633 4013">
     <span class='ocr_line' id='line_1_74' title="bbox 2061 3922 3633 4013; baseline 0.017 -37"><span class='ocrx_word' id='word_1_517' title='bbox 2061 3922 2202 3979; x_wconf 85' lang='lat' dir='ltr'><strong>illam</strong></span> <span class='ocrx_word' id='word_1_518' title='bbox 2235 3927 2570 3985; x_wconf 81' lang='lat' dir='ltr'><strong>introducunt</strong></span> <span class='ocrx_word' id='word_1_519' title='bbox 2596 3949 2608 3985; x_wconf 95' lang='lat'>:</span> <span class='ocrx_word' id='word_1_520' title='bbox 2641 3936 2751 4002; x_wconf 89' lang='lat' dir='ltr'><strong>pari</strong></span> <span class='ocrx_word' id='word_1_521' title='bbox 2794 3937 2951 3990; x_wconf 90' lang='lat' dir='ltr'><strong>modo</strong></span> <span class='ocrx_word' id='word_1_522' title='bbox 2977 3941 3165 3994; x_wconf 79' lang='lat' dir='ltr'><strong>vellem</strong></span> <span class='ocrx_word' id='word_1_523' title='bbox 3195 3944 3351 3998; x_wconf 88' lang='lat' dir='ltr'><strong>etiam</strong></span> <span class='ocrx_word' id='word_1_524' title='bbox 3379 3962 3504 4013; x_wconf 89' lang='lat' dir='ltr'><strong>vos,</strong></span> <span class='ocrx_word' id='word_1_525' title='bbox 3536 3966 3633 4002; x_wconf 81' lang='lat' dir='ltr'><strong>ex-</strong></span> 
     </span>
    </p>
   </div>
   <div class='ocr_carea' id='block_1_75' title="bbox 2063 4027 3634 4098">
    <p class='ocr_par' dir='ltr' id='par_1_75' title="bbox 2063 4027 3634 4098">
     <span class='ocr_line' id='line_1_75' title="bbox 2063 4027 3634 4098; baseline 0.017 -31"><span class='ocrx_word' id='word_1_526' title='bbox 2063 4027 2277 4085; x_wconf 77' lang='lat' dir='ltr'><strong>purgatu</strong></span> <span class='ocrx_word' id='word_1_527' title='bbox 2324 4031 2500 4076; x_wconf 89' lang='lat' dir='ltr'><strong>mente</strong></span> <span class='ocrx_word' id='word_1_528' title='bbox 2542 4035 2735 4089; x_wconf 89' lang='lat' dir='ltr'><strong>vestra,</strong></span> <span class='ocrx_word' id='word_1_529' title='bbox 2785 4027 3006 4098; x_wconf 87' lang='lat' dir='ltr'><strong>valeque</strong></span> <span class='ocrx_word' id='word_1_530' title='bbox 3050 4031 3251 4088; x_wconf 87' lang='lat' dir='ltr'><strong>deliciis</strong></span> <span class='ocrx_word' id='word_1_531' title='bbox 3281 4045 3334 4089; x_wconf 84' lang='lat' dir='ltr'><strong>et</strong></span> <span class='ocrx_word' id='word_1_532' title='bbox 3361 4041 3634 4094; x_wconf 84' lang='lat' dir='ltr'><strong>voracitati</strong></span> 
     </span>
    </p>
   </div>
   <div class='ocr_carea' id='block_1_76' title="bbox 2060 4105 3631 4193">
    <p class='ocr_par' dir='ltr' id='par_1_76' title="bbox 2060 4105 3631 4193">
     <span class='ocr_line' id='line_1_76' title="bbox 2060 4105 3631 4193; baseline 0.015 -35"><span class='ocrx_word' id='word_1_533' title='bbox 2060 4105 2222 4172; x_wconf 91' lang='lat' dir='ltr'><strong>dicto,</strong></span> <span class='ocrx_word' id='word_1_534' title='bbox 2255 4119 2476 4165; x_wconf 84' lang='lat' dir='ltr'><strong>matrem</strong></span> <span class='ocrx_word' id='word_1_535' title='bbox 2524 4117 2756 4169; x_wconf 89' lang='lat' dir='ltr'><strong>omnium</strong></span> <span class='ocrx_word' id='word_1_536' title='bbox 2803 4117 3081 4188; x_wconf 86' lang='lat' dir='ltr'><strong>bonorum,</strong></span> <span class='ocrx_word' id='word_1_537' title='bbox 3110 4133 3162 4176; x_wconf 88' lang='lat' dir='ltr'><strong>et</strong></span> <span class='ocrx_word' id='word_1_538' title='bbox 3190 4125 3472 4193; x_wconf 69' lang='lat' dir='ltr'><strong>pudicitiae,</strong></span> <span class='ocrx_word' id='word_1_539' title='bbox 3500 4128 3631 4181; x_wconf 88' lang='lat' dir='ltr'><strong>alia-</strong></span> 
     </span>
    </p>
   </div>
   <div class='ocr_carea' id='block_1_77' title="bbox 2062 4199 3635 4283">
    <p class='ocr_par' dir='ltr' id='par_1_77' title="bbox 2062 4199 3635 4283">
     <span class='ocr_line' id='line_1_77' title="bbox 2062 4199 3635 4283; baseline 0.015 -36"><span class='ocrx_word' id='word_1_540' title='bbox 2062 4209 2286 4266; x_wconf 87' lang='lat' dir='ltr'><strong>rumque</strong></span> <span class='ocrx_word' id='word_1_541' title='bbox 2313 4199 2562 4255; x_wconf 87' lang='lat' dir='ltr'><strong>virtntnm</strong></span> <span class='ocrx_word' id='word_1_542' title='bbox 2606 4207 2839 4261; x_wconf 89' lang='lat' dir='ltr'><strong>omnium</strong></span> <span class='ocrx_word' id='word_1_543' title='bbox 2884 4213 3205 4279; x_wconf 81' lang='lat' dir='ltr'><strong>magistram,</strong></span> <span class='ocrx_word' id='word_1_544' title='bbox 3234 4213 3514 4283; x_wconf 88' lang='lat' dir='ltr'><strong>jejunium,</strong></span> <span class='ocrx_word' id='word_1_545' title='bbox 3553 4217 3635 4271; x_wconf 90' lang='lat' dir='ltr'><strong>iu-</strong></span> 
     </span>
    </p>
   </div>
   <div class='ocr_carea' id='block_1_78' title="bbox 2061 4291 3636 4374">
    <p class='ocr_par' dir='ltr' id='par_1_78' title="bbox 2061 4291 3636 4374">
     <span class='ocr_line' id='line_1_78' title="bbox 2061 4291 3636 4374; baseline 0.015 -36"><span class='ocrx_word' id='word_1_546' title='bbox 2061 4301 2241 4355; x_wconf 85' lang='lat' dir='ltr'><strong>quam,</strong></span> <span class='ocrx_word' id='word_1_547' title='bbox 2272 4291 2532 4358; x_wconf 74' lang='lat' dir='ltr'><strong>explicitis</strong></span> <span class='ocrx_word' id='word_1_548' title='bbox 2559 4305 2747 4349; x_wconf 66' lang='lat' dir='ltr'><strong>vestra:</strong></span> <span class='ocrx_word' id='word_1_549' title='bbox 2790 4301 2982 4352; x_wconf 81' lang='lat' dir='ltr'><strong>mentis</strong></span> <span class='ocrx_word' id='word_1_550' title='bbox 3025 4301 3228 4355; x_wconf 85' lang='lat' dir='ltr'><strong>sinibus</strong></span> <span class='ocrx_word' id='word_1_551' title='bbox 3258 4305 3548 4374; x_wconf 86' lang='lat' dir='ltr'><strong>suscipere,</strong></span> <span class='ocrx_word' id='word_1_552' title='bbox 3579 4318 3636 4362; x_wconf 93' lang='lat' dir='ltr'><strong>ut</strong></span> 
     </span>
    </p>
   </div>
   <div class='ocr_carea' id='block_1_79' title="bbox 2059 4379 3632 4462">
    <p class='ocr_par' dir='ltr' id='par_1_79' title="bbox 2059 4379 3632 4462">
     <span class='ocr_line' id='line_1_79' title="bbox 2059 4379 3632 4462; baseline 0.012 -34"><span class='ocrx_word' id='word_1_553' title='bbox 2059 4386 2113 4429; x_wconf 85' lang='lat' dir='ltr'><strong>et</strong></span> <span class='ocrx_word' id='word_1_554' title='bbox 2139 4391 2234 4430; x_wconf 82' lang='lat' dir='ltr'><strong>vos</strong></span> <span class='ocrx_word' id='word_1_555' title='bbox 2260 4379 2446 4448; x_wconf 87' lang='lat' dir='ltr'><strong>majori</strong></span> <span class='ocrx_word' id='word_1_556' title='bbox 2487 4380 2730 4438; x_wconf 84' lang='lat' dir='ltr'><strong>fruamini</strong></span> <span class='ocrx_word' id='word_1_557' title='bbox 2773 4388 3058 4456; x_wconf 85' lang='lat' dir='ltr'><strong>voluptate,</strong></span> <span class='ocrx_word' id='word_1_558' title='bbox 3100 4403 3148 4444; x_wconf 87' lang='lat' dir='ltr'><strong>et</strong></span> <span class='ocrx_word' id='word_1_559' title='bbox 3180 4392 3306 4446; x_wconf 89' lang='lat' dir='ltr'><strong>illud</strong></span> <span class='ocrx_word' id='word_1_560' title='bbox 3335 4408 3632 4462; x_wconf 74' lang='lat' dir='ltr'><strong>ccugruen~</strong></span> 
     </span>
    </p>
   </div>
   <div class='ocr_carea' id='block_1_80' title="bbox 2061 4469 3696 4555">
    <p class='ocr_par' dir='ltr' id='par_1_80' title="bbox 2061 4469 3696 4555">
     <span class='ocr_line' id='line_1_80' title="bbox 2061 4469 3696 4555; baseline 0.013 -35"><span class='ocrx_word' id='word_1_561' title='bbox 2061 4474 2166 4521; x_wconf 88' lang='lat' dir='ltr'><strong>tem</strong></span> <span class='ocrx_word' id='word_1_562' title='bbox 2192 4469 2343 4523; x_wconf 89' lang='lat' dir='ltr'><strong>vobis</strong></span> <span class='ocrx_word' id='word_1_563' title='bbox 2369 4486 2516 4526; x_wconf 89' lang='lat' dir='ltr'><strong>suam</strong></span> <span class='ocrx_word' id='word_1_564' title='bbox 2548 4475 2857 4530; x_wconf 88' lang='lat' dir='ltr'><strong>medicinam</strong></span> <span class='ocrx_word' id='word_1_565' title='bbox 2899 4482 3152 4534; x_wconf 87' lang='lat' dir='ltr'><strong>conferat.</strong></span> <span class='ocrx_word' id='word_1_566' title='bbox 3199 4482 3329 4537; x_wconf 88' lang='lat' dir='ltr'><strong>Nam</strong></span> <span class='ocrx_word' id='word_1_567' title='bbox 3369 4485 3412 4538; x_wconf 91' lang='lat' dir='ltr'><strong>si</strong></span> <span class='ocrx_word' id='word_1_568' title='bbox 3445 4485 3634 4541; x_wconf 89' lang='lat' dir='ltr'><strong>medici</strong></span> <span class='ocrx_word' id='word_1_569' title='bbox 3693 4550 3696 4555; x_wconf 18' lang='lat'><strong>,</strong></span> 
     </span>
    </p>
   </div>
   <div class='ocr_carea' id='block_1_81' title="bbox 2060 4560 3707 4643">
    <p class='ocr_par' dir='ltr' id='par_1_81' title="bbox 2060 4560 3707 4643">
     <span class='ocr_line' id='line_1_81' title="bbox 2060 4560 3707 4643; baseline 0.013 -33"><span class='ocrx_word' id='word_1_570' title='bbox 2060 4560 2338 4627; x_wconf 83' lang='lat' dir='ltr'><strong>pltarmacu</strong></span> <span class='ocrx_word' id='word_1_571' title='bbox 2383 4563 2511 4617; x_wconf 89' lang='lat' dir='ltr'><strong>dare</strong></span> <span class='ocrx_word' id='word_1_572' title='bbox 2553 4565 2810 4631; x_wconf 87' lang='lat' dir='ltr'><strong>volentes,</strong></span> <span class='ocrx_word' id='word_1_573' title='bbox 2857 4577 2912 4621; x_wconf 91' lang='lat' dir='ltr'><strong>nt</strong></span> <span class='ocrx_word' id='word_1_574' title='bbox 2939 4572 3205 4637; x_wconf 90' lang='lat' dir='ltr'><strong>putridum</strong></span> <span class='ocrx_word' id='word_1_575' title='bbox 3236 4582 3290 4628; x_wconf 84' lang='lat' dir='ltr'><strong>et</strong></span> <span class='ocrx_word' id='word_1_576' title='bbox 3327 4586 3631 4643; x_wconf 90' lang='lat' dir='ltr'><strong>corruptum</strong></span> <span class='ocrx_word' id='word_1_577' title='bbox 3700 4580 3707 4586; x_wconf 85' lang='grc'><em>’</em></span> 
     </span>
    </p>
   </div>
   <div class='ocr_carea' id='block_1_82' title="bbox 2061 4649 3634 4727">
    <p class='ocr_par' dir='ltr' id='par_1_82' title="bbox 2061 4649 3634 4727">
     <span class='ocr_line' id='line_1_82' title="bbox 2061 4649 3634 4727; baseline 0.011 -25"><span class='ocrx_word' id='word_1_578' title='bbox 2061 4649 2336 4704; x_wconf 87' lang='lat' dir='ltr'><strong>humorem</strong></span> <span class='ocrx_word' id='word_1_579' title='bbox 2377 4665 2690 4723; x_wconf 78' lang='lat' dir='ltr'><strong>expurgem.</strong></span> <span class='ocrx_word' id='word_1_580' title='bbox 2738 4671 2766 4708; x_wconf 89' lang='lat' dir='ltr'><strong>a</strong></span> <span class='ocrx_word' id='word_1_581' title='bbox 2806 4660 3067 4727; x_wconf 85' lang='lat' dir='ltr'><strong>corporali</strong></span> <span class='ocrx_word' id='word_1_582' title='bbox 3096 4661 3194 4716; x_wconf 92' lang='lat' dir='ltr'><strong>hoc</strong></span> <span class='ocrx_word' id='word_1_583' title='bbox 3220 4663 3339 4717; x_wconf 91' lang='lat' dir='ltr'><strong>cibo</strong></span> <span class='ocrx_word' id='word_1_584' title='bbox 3366 4665 3634 4720; x_wconf 87' lang='lat' dir='ltr'><strong>abstinere</strong></span> 
     </span>
    </p>
   </div>
   <div class='ocr_carea' id='block_1_83' title="bbox 2061 4739 3632 4812">
    <p class='ocr_par' dir='ltr' id='par_1_83' title="bbox 2061 4739 3632 4812">
     <span class='ocr_line' id='line_1_83' title="bbox 2061 4739 3632 4812; baseline 0.011 -23"><span class='ocrx_word' id='word_1_585' title='bbox 2061 4739 2390 4808; x_wconf 72' lang='lat' dir='ltr'><strong>pra-cipiunt,</strong></span> <span class='ocrx_word' id='word_1_586' title='bbox 2433 4742 2502 4795; x_wconf 88' lang='lat' dir='ltr'><strong>ita</strong></span> <span class='ocrx_word' id='word_1_587' title='bbox 2547 4754 2599 4796; x_wconf 91' lang='lat' dir='ltr'><strong>ut</strong></span> <span class='ocrx_word' id='word_1_588' title='bbox 2645 4744 2908 4812; x_wconf 82' lang='lat' dir='ltr'><strong>pltarmaei</strong></span> <span class='ocrx_word' id='word_1_589' title='bbox 2940 4747 3188 4803; x_wconf 67' lang='lat' dir='ltr'><strong>efliraeim</strong></span> <span class='ocrx_word' id='word_1_590' title='bbox 3217 4768 3318 4804; x_wconf 88' lang='lat' dir='ltr'><strong>non</strong></span> <span class='ocrx_word' id='word_1_591' title='bbox 3349 4754 3415 4805; x_wconf 90' lang='lat' dir='ltr'><strong>sit</strong></span> <span class='ocrx_word' id='word_1_592' title='bbox 3450 4754 3632 4806; x_wconf 87' lang='lat' dir='ltr'><strong>obsta-</strong></span> 
     </span>
    </p>
   </div>
   <div class='ocr_carea' id='block_1_84' title="bbox 2057 4829 3632 4908">
    <p class='ocr_par' dir='ltr' id='par_1_84' title="bbox 2057 4829 3632 4908">
     <span class='ocr_line' id='line_1_84' title="bbox 2057 4829 3632 4908; baseline 0.01 -27"><span class='ocrx_word' id='word_1_593' title='bbox 2057 4829 2261 4894; x_wconf 89' lang='lat' dir='ltr'><strong>culum,</strong></span> <span class='ocrx_word' id='word_1_594' title='bbox 2289 4829 2381 4884; x_wconf 88' lang='lat' dir='ltr'><strong>sed</strong></span> <span class='ocrx_word' id='word_1_595' title='bbox 2405 4833 2634 4900; x_wconf 87' lang='lat' dir='ltr'><strong>operari,</strong></span> <span class='ocrx_word' id='word_1_596' title='bbox 2675 4849 2927 4904; x_wconf 90' lang='lat' dir='ltr'><strong>suamque</strong></span> <span class='ocrx_word' id='word_1_597' title='bbox 2973 4840 3077 4892; x_wconf 88' lang='lat' dir='ltr'><strong>vim</strong></span> <span class='ocrx_word' id='word_1_598' title='bbox 3111 4840 3233 4894; x_wconf 91' lang='lat' dir='ltr'><strong>illud</strong></span> <span class='ocrx_word' id='word_1_599' title='bbox 3262 4842 3427 4908; x_wconf 88' lang='lat' dir='ltr'><strong>possit</strong></span> <span class='ocrx_word' id='word_1_600' title='bbox 3447 4855 3632 4900; x_wconf 84' lang='lat' dir='ltr'><strong>osten-</strong></span> 
     </span>
    </p>
   </div>
   <div class='ocr_carea' id='block_1_85' title="bbox 2056 4919 3628 4996">
    <p class='ocr_par' dir='ltr' id='par_1_85' title="bbox 2056 4919 3628 4996">
     <span class='ocr_line' id='line_1_85' title="bbox 2056 4919 3628 4996; baseline 0.01 -25"><span class='ocrx_word' id='word_1_601' title='bbox 2056 4919 2219 4973; x_wconf 90' lang='lat' dir='ltr'><strong>dere:</strong></span> <span class='ocrx_word' id='word_1_602' title='bbox 2266 4923 2432 4975; x_wconf 88' lang='lat' dir='ltr'><strong>multo</strong></span> <span class='ocrx_word' id='word_1_603' title='bbox 2473 4924 2638 4993; x_wconf 77' lang='lat' dir='ltr'><strong>magis</strong></span> <span class='ocrx_word' id='word_1_604' title='bbox 2678 4926 2828 4982; x_wconf 84' lang='lat' dir='ltr'><strong>nobis</strong></span> <span class='ocrx_word' id='word_1_605' title='bbox 2869 4929 3138 4996; x_wconf 82' lang='lat' dir='ltr'><strong>Spirituale</strong></span> <span class='ocrx_word' id='word_1_606' title='bbox 3180 4931 3283 4985; x_wconf 88' lang='lat' dir='ltr'><strong>hoc</strong></span> <span class='ocrx_word' id='word_1_607' title='bbox 3316 4933 3628 4996; x_wconf 88' lang='lat' dir='ltr'><strong>remedium,</strong></span> 
     </span>
    </p>
   </div>
   <div class='ocr_carea' id='block_1_86' title="bbox 2059 5010 3627 5092">
    <p class='ocr_par' dir='ltr' id='par_1_86' title="bbox 2059 5010 3627 5092">
     <span class='ocr_line' id='line_1_86' title="bbox 2059 5010 3627 5092; baseline 0.008 -29"><span class='ocrx_word' id='word_1_608' title='bbox 2059 5010 2160 5065; x_wconf 92' lang='lat' dir='ltr'><strong>hoc</strong></span> <span class='ocrx_word' id='word_1_609' title='bbox 2188 5023 2290 5077; x_wconf 84' lang='lat' dir='ltr'><strong>cst,</strong></span> <span class='ocrx_word' id='word_1_610' title='bbox 2337 5015 2615 5070; x_wconf 82' lang='lat' dir='ltr'><strong>utilitatem</strong></span> <span class='ocrx_word' id='word_1_611' title='bbox 2658 5032 2776 5084; x_wconf 75' lang='lat' dir='ltr'><strong>qua:</strong></span> <span class='ocrx_word' id='word_1_612' title='bbox 2806 5033 2868 5070; x_wconf 84' lang='lat' dir='ltr'><strong>ex</strong></span> <span class='ocrx_word' id='word_1_613' title='bbox 2893 5019 3092 5086; x_wconf 88' lang='lat' dir='ltr'><strong>jejunio</strong></span> <span class='ocrx_word' id='word_1_614' title='bbox 3137 5029 3236 5083; x_wconf 86' lang='lat' dir='ltr'><strong>est,</strong></span> <span class='ocrx_word' id='word_1_615' title='bbox 3280 5025 3627 5092; x_wconf 86' lang='lat' dir='ltr'><strong>suscepturis,</strong></span> 
     </span>
    </p>
   </div>
   <div class='ocr_carea' id='block_1_87' title="bbox 2059 5104 3633 5184">
    <p class='ocr_par' dir='ltr' id='par_1_87' title="bbox 2059 5104 3633 5184">
     <span class='ocr_line' id='line_1_87' title="bbox 2059 5104 3633 5184; baseline 0.008 -28"><span class='ocrx_word' id='word_1_616' title='bbox 2059 5104 2314 5158; x_wconf 84' lang='lat' dir='ltr'><strong>tenuitate</strong></span> <span class='ocrx_word' id='word_1_617' title='bbox 2340 5106 2505 5160; x_wconf 88' lang='lat' dir='ltr'><strong>victus</strong></span> <span class='ocrx_word' id='word_1_618' title='bbox 2531 5117 2763 5160; x_wconf 87' lang='lat' dir='ltr'><strong>nostram</strong></span> <span class='ocrx_word' id='word_1_619' title='bbox 2794 5119 3023 5164; x_wconf 89' lang='lat' dir='ltr'><strong>mentem</strong></span> <span class='ocrx_word' id='word_1_620' title='bbox 3053 5127 3366 5183; x_wconf 82' lang='lat' dir='ltr'><strong>expurgare,</strong></span> <span class='ocrx_word' id='word_1_621' title='bbox 3392 5125 3445 5169; x_wconf 88' lang='lat' dir='ltr'><strong>et</strong></span> <span class='ocrx_word' id='word_1_622' title='bbox 3469 5115 3633 5184; x_wconf 87' lang='lat' dir='ltr'><strong>levio-</strong></span> 
     </span>
    </p>
   </div>
   <div class='ocr_carea' id='block_1_88' title="bbox 2058 5195 3631 5260">
    <p class='ocr_par' dir='ltr' id='par_1_88' title="bbox 2058 5195 3631 5260">
     <span class='ocr_line' id='line_1_88' title="bbox 2058 5195 3631 5260; baseline 0.008 -14"><span class='ocrx_word' id='word_1_623' title='bbox 2058 5207 2170 5247; x_wconf 88' lang='lat' dir='ltr'><strong>rem</strong></span> <span class='ocrx_word' id='word_1_624' title='bbox 2199 5195 2420 5250; x_wconf 85' lang='lat' dir='ltr'><strong>rcddcre</strong></span> <span class='ocrx_word' id='word_1_625' title='bbox 2448 5199 2712 5260; x_wconf 88' lang='lat' dir='ltr'><strong>convenit,</strong></span> <span class='ocrx_word' id='word_1_626' title='bbox 2745 5207 2803 5251; x_wconf 87' lang='lat' dir='ltr'><strong>ut</strong></span> <span class='ocrx_word' id='word_1_627' title='bbox 2830 5215 2896 5254; x_wconf 85' lang='lat' dir='ltr'><strong>ne</strong></span> <span class='ocrx_word' id='word_1_628' title='bbox 2925 5198 3178 5256; x_wconf 87' lang='lat' dir='ltr'><strong>ebrietate</strong></span> <span class='ocrx_word' id='word_1_629' title='bbox 3213 5203 3455 5260; x_wconf 85' lang='lat' dir='ltr'><strong>demersa</strong></span> <span class='ocrx_word' id='word_1_630' title='bbox 3491 5205 3631 5260; x_wconf 79' lang='lat' dir='ltr'><strong>utili-</strong></span> 
     </span>
    </p>
   </div>
   <div class='ocr_carea' id='block_1_89' title="bbox 2059 5288 3123 5357">
    <p class='ocr_par' dir='ltr' id='par_1_89' title="bbox 2059 5288 3123 5357">
     <span class='ocr_line' id='line_1_89' title="bbox 2059 5288 3123 5357; baseline 0.009 -23"><span class='ocrx_word' id='word_1_631' title='bbox 2059 5290 2243 5348; x_wconf 89' lang='lat' dir='ltr'><strong>tatem,</strong></span> <span class='ocrx_word' id='word_1_632' title='bbox 2265 5301 2382 5353; x_wconf 72' lang='lat' dir='ltr'><strong>quze</strong></span> <span class='ocrx_word' id='word_1_633' title='bbox 2407 5303 2470 5339; x_wconf 80' lang='lat' dir='ltr'><strong>ex</strong></span> <span class='ocrx_word' id='word_1_634' title='bbox 2501 5288 2590 5341; x_wconf 90' lang='lat' dir='ltr'><strong>illo</strong></span> <span class='ocrx_word' id='word_1_635' title='bbox 2619 5290 2879 5357; x_wconf 85' lang='lat' dir='ltr'><strong>provenit,</strong></span> <span class='ocrx_word' id='word_1_636' title='bbox 2908 5291 3123 5344; x_wconf 88' lang='lat' dir='ltr'><strong>adimat.</strong></span> 
     </span>
    </p>
   </div>
   <div class='ocr_carea' id='block_1_90' title="bbox 2125 5374 3626 5455">
    <p class='ocr_par' dir='ltr' id='par_1_90' title="bbox 2125 5374 3626 5455">
     <span class='ocr_line' id='line_1_90' title="bbox 2125 5374 3626 5455; baseline 0.007 -28"><span class='ocrx_word' id='word_1_637' title='bbox 2125 5374 2182 5429; x_wconf 77' lang='lat'><strong>2.</strong></span> <span class='ocrx_word' id='word_1_638' title='bbox 2223 5375 2388 5429; x_wconf 79' lang='lat' dir='ltr'><strong>Porro</strong></span> <span class='ocrx_word' id='word_1_639' title='bbox 2415 5379 2526 5431; x_wconf 85' lang='lat' dir='ltr'><strong>scio</strong></span> <span class='ocrx_word' id='word_1_640' title='bbox 2553 5379 2762 5447; x_wconf 90' lang='lat' dir='ltr'><strong>quidem</strong></span> <span class='ocrx_word' id='word_1_641' title='bbox 2794 5379 2907 5436; x_wconf 89' lang='lat' dir='ltr'><strong>fore</strong></span> <span class='ocrx_word' id='word_1_642' title='bbox 2937 5391 2993 5436; x_wconf 90' lang='lat' dir='ltr'><strong>ut</strong></span> <span class='ocrx_word' id='word_1_643' title='bbox 3020 5383 3196 5438; x_wconf 89' lang='lat' dir='ltr'><strong>multis</strong></span> <span class='ocrx_word' id='word_1_644' title='bbox 3216 5399 3299 5452; x_wconf 90' lang='lat' dir='ltr'><strong>ea,</strong></span> <span class='ocrx_word' id='word_1_645' title='bbox 3321 5399 3439 5455; x_wconf 69' lang='lat' dir='ltr'><strong>qua:</strong></span> <span class='ocrx_word' id='word_1_646' title='bbox 3470 5384 3626 5439; x_wconf 88' lang='lat' dir='ltr'><strong>hodie</strong></span> 
     </span>
    </p>
   </div>
   <div class='ocr_carea' id='block_1_91' title="bbox 2056 5465 3623 5542">
    <p class='ocr_par' dir='ltr' id='par_1_91' title="bbox 2056 5465 3623 5542">
     <span class='ocr_line' id='line_1_91' title="bbox 2056 5465 3623 5542; baseline 0.004 -23"><span class='ocrx_word' id='word_1_647' title='bbox 2056 5479 2085 5519; x_wconf 89' lang='lat' dir='ltr'><strong>a</strong></span> <span class='ocrx_word' id='word_1_648' title='bbox 2117 5465 2269 5520; x_wconf 86' lang='lat' dir='ltr'><strong>nobis</strong></span> <span class='ocrx_word' id='word_1_649' title='bbox 2290 5465 2512 5521; x_wconf 84' lang='lat' dir='ltr'><strong>dicenda</strong></span> <span class='ocrx_word' id='word_1_650' title='bbox 2553 5478 2698 5534; x_wconf 87' lang='lat' dir='ltr'><strong>sunt,</strong></span> <span class='ocrx_word' id='word_1_651' title='bbox 2729 5471 2861 5525; x_wconf 87' lang='lat' dir='ltr'><strong>mira</strong></span> <span class='ocrx_word' id='word_1_652' title='bbox 2888 5471 3162 5528; x_wconf 86' lang='lat' dir='ltr'><strong>vidcantur</strong></span> <span class='ocrx_word' id='word_1_653' title='bbox 3185 5489 3199 5527; x_wconf 89' lang='lat'><strong>:</strong></span> <span class='ocrx_word' id='word_1_654' title='bbox 3226 5473 3343 5542; x_wconf 88' lang='lat' dir='ltr'><strong>sed,</strong></span> <span class='ocrx_word' id='word_1_655' title='bbox 3381 5473 3623 5540; x_wconf 81' lang='lat' dir='ltr'><strong>obsecro,</strong></span> 
     </span>
    </p>
   </div>
   <div class='ocr_carea' id='block_1_92' title="bbox 2122 5637 2880 5704">
    <p class='ocr_par' dir='ltr' id='par_1_92' title="bbox 2122 5637 2880 5704">
     <span class='ocr_line' id='line_1_92' title="bbox 2122 5637 2880 5704; baseline 0.001 -12"><span class='ocrx_word' id='word_1_656' title='bbox 2122 5641 2139 5673; x_wconf 84' lang='grc'>¹</span> <span class='ocrx_word' id='word_1_657' title='bbox 2385 5647 2438 5692; x_wconf 91' lang='lat' dir='ltr'><strong>et</strong></span> <span class='ocrx_word' id='word_1_658' title='bbox 2459 5646 2562 5693; x_wconf 81' lang='lat' dir='ltr'><strong>tres</strong></span> <span class='ocrx_word' id='word_1_659' title='bbox 2575 5641 2675 5704; x_wconf 76' lang='lat' dir='ltr'><strong>alii,</strong></span> <span class='ocrx_word' id='word_1_660' title='bbox 2691 5649 2880 5698; x_wconf 61' lang='lat' dir='ltr'><strong>nostra.</strong></span> 
     </span>
    </p>
   </div>
  </div>
