4018 6136
399 199 467 253 ιτ,
1145 202 1204 259 S.
1242 201 1521 259 JOANNIS
1555 200 2029 258 CHRYSOSTOMI
2065 199 2386 258 ARCIIIEP.
2424 203 2956 262 CONSTANTINOF’.
3502 264 3515 281 ,
3594 210 3663 266 21

396 335 464 374 ne
488 316 859 373 consuetudini
909 326 1107 373 temere
1146 318 1464 383 serviamus,
1508 316 1602 370 sed
1650 316 1855 370 ratione
1891 330 1977 369 res

397 423 605 467 nostras
649 412 1006 467 instituamus.
1048 410 1309 479 Numquid
1353 411 1496 463 enim
1547 409 1677 463 lucri
1714 408 1979 478 quidpiam

395 520 458 558 ex
478 504 782 574 quotidiana
813 502 1026 571 crapula
1043 501 1262 571 jugique
1283 499 1539 556 ebrietate
1567 500 1718 554 nobis
1741 500 1985 554 accedit?

400 596 464 649 Et
491 595 611 661 quid
642 595 762 649 dico
787 593 1027 647 lucrum?
1055 593 1164 645 Imo
1182 592 1404 646 multum
1432 591 1681 645 damnum
1704 602 1757 645 et
1778 591 1982 660 jactura

398 684 749 737 intolerabilis
802 682 925 736 inde
974 691 1333 750 exspectatur.
1390 682 1521 735 Cum
1572 682 1799 749 primum
1842 679 1982 734 enim

398 790 548 828 mens
578 774 862 828 vinolentia
897 774 1059 827 multa
1085 772 1240 827 fuerit
1273 774 1483 840 obruta,
1512 774 1688 829 statim
1719 784 1769 827 et
1793 773 1844 827 in
1868 772 1985 842 ipso

399 863 549 917 initio
597 864 816 929 utilitas,
862 879 983 933 quae
1030 880 1059 917 a
1100 863 1305 933 jejunio
1352 875 1455 927 est,
1505 864 1798 933 repellitur.
1847 863 1983 930 Quid

397 955 539 1007 enim
561 954 851 1017 insuavius,
869 953 976 1021 die,
1004 954 1247 1018 obsecro,
1276 955 1401 1024 quid
1429 955 1551 1008 item
1578 956 1803 1024 turpius,
1826 969 1984 1024 quam

398 1060 520 1097 cum
549 1059 717 1112 usque
746 1043 810 1097 ad
853 1044 1080 1097 mediam
1112 1054 1324 1098 noctem
1366 1060 1635 1099 meracum
1682 1045 1983 1111 sorbentes,

400 1135 501 1187 sub
526 1149 794 1198 auroram,
820 1134 949 1187 solis
961 1134 1148 1237 ju.hare
1172 1136 1399 1199 oriente,
1422 1135 1601 1188 vinum
1624 1135 1773 1204 quasi
1802 1150 1986 1190 recens

403 1227 667 1295 ingestum
696 1227 919 1296 spirant,
943 1227 1426 1282 et'occnrrentihus
1450 1227 1662 1297 quidem
1694 1228 1983 1296 injucundi,

404 1318 663 1372 ministris
693 1332 821 1372 vero
848 1316 1175 1385 despiciendi
1206 1326 1483 1386 apparent,
1512 1325 1567 1370 et
1588 1315 1895 1371 deridentur
1920 1316 2003 1369 ab-

402 1410 670 1472 omnibus,
696 1411 783 1480 qui
813 1411 971 1463 modo
996 1409 1121 1479 quid
1151 1410 1333 1464 deceat
1354 1411 1434 1465 vel
1460 1411 1645 1464 leviter
1666 1410 1985 1479 intelligunt,

402 1509 460 1553 et
504 1517 612 1568 pra:
654 1500 899 1554 omnibus
940 1500 1065 1566 illis,
1105 1501 1316 1570 quando
1361 1510 1575 1570 propter
1600 1501 1814 1555 nimiam
1848 1501 1987 1554 illam

404 1600 459 1645 et
489 1590 825 1644 immodicam
871 1591 1398 1659 intempestivamque
1435 1606 1497 1645 ac
1527 1590 1767 1645 inutilem
1798 1591 1991 1645 inlctn-

408 1682 700 1749 perantiam
748 1682 799 1736 in
857 1696 917 1736 se
943 1681 1173 1736 divinam
1204 1694 1495 1751 provocant
1534 1681 1988 1752 indignationem?

406 1771 624 1837 Ebriosi,
671 1773 835 1835 enim,
883 1772 1070 1840 inquit,
1125 1788 1332 1842 regnum
1386 1772 1481 1825 Dei
1528 1789 1630 1826 non
1669 1772 1991 1841 possidebunt

404 1861 483 1932 (Ι.
516 1860 631 1915 Cor.
665 1861 717 1915 6.
754 1862 864 1931 l0).
892 1861 1028 1929 Quid
1059 1862 1217 1932 igitur
1259 1862 1363 1916 illis
1403 1862 1649 1917 miserius
1692 1862 1866 1923 fuerit,
1899 1862 1989 1930 qui

402 1954 475 2008 ob
506 1967 731 2022 parvam
773 1962 827 2008 et
852 1954 1202 2022 perniciosam
1234 1954 1555 2022 voluptatem
1586 1969 1615 2008 a
1646 1954 1793 2024 regni
1825 1954 1989 2008 vesti-

406 2042 545 2098 bulis
585 2044 909 2114 ejiciuntur?
951 2043 1090 2099 absit
1131 2052 1309 2098 autem
1356 2053 1413 2098 ut
1452 2045 1569 2113 quis
1594 2060 1661 2099 ex
1692 2045 1755 2099 iis
1785 2045 1872 2113 qui
1905 2044 1992 2099 hic

404 2143 786 2199 convenerunt,
835 2134 936 2189 hoc
982 2134 1170 2188 morbo
1210 2134 1499 2204 implicitus
1526 2135 1593 2188 sit
1624 2153 1637 2188 :
1669 2133 1763 2188 sed
1791 2133 1989 2187 utinam

407 2227 552 2280 omni
596 2241 718 2280 cum
761 2225 1062 2294 frugalitate
1090 2234 1145 2279 et
1180 2225 1507 2279 continentia
1550 2225 1710 2278 etiam
1757 2223 1857 2278 hoc
1904 2223 1991 2278 die

406 2315 695 2381 convivati,
725 2324 778 2369 et
807 2331 837 2368 a
861 2324 1176 2384 tempestate
1202 2330 1263 2369 ac
1289 2315 1546 2384 procella,
1576 2330 1732 2384 quam
1760 2314 1992 2370 ebrietas

406 2422 663 2477 generare
687 2408 843 2472 solet,
875 2406 1101 2472 liberati,
1131 2406 1182 2460 in
1214 2416 1422 2475 portum
1450 2406 1745 2460 animarum
1782 2416 1992 2461 nostra-

407 2514 549 2565 rum,
575 2498 855 2567 jejunium,
889 2498 1123 2568 inquam,
1145 2498 1411 2567 appellere
1434 2499 1725 2568 contingat,
1750 2506 1808 2552 ut
1828 2498 1993 2553 multa

406 2606 529 2646 cum
569 2590 811 2644 ubertate
851 2590 990 2644 illius
1027 2590 1163 2644 bona
1189 2590 1438 2658 consequi
1483 2591 1764 2659 possimus.
1809 2590 1993 2644 Enim-

409 2697 539 2737 vero
559 2683 695 2737 sicut
720 2682 934 2751 crapula
961 2682 1192 2737 humano
1217 2682 1400 2752 generi
1441 2683 1841 2738 innumerorum
1884 2698 1995 2736 ma-

412 2776 584 2829 lorum
609 2790 768 2829 causa
800 2784 882 2829 est
909 2784 961 2829 et
986 2773 1174 2837 fomes,
1206 2775 1277 2828 ita
1306 2774 1465 2829 etiam
1486 2774 1748 2844 jejunium
1771 2774 1995 2828 ventris-

408 2881 514 2936 que
542 2866 813 2935 neglectus
856 2865 1092 2919 omnium
1124 2865 1278 2919 nobis
1305 2865 1564 2921 benorum
1604 2880 1815 2936 semper
1836 2879 1995 2920 causa

410 2956 529 3011 fuit.
572 2957 701 3011 Nam
743 2957 884 3011 Deus
912 2971 1032 3010 cum
1058 2958 1124 3009 ab
1149 2957 1299 3011 initio
1339 2957 1606 3012 hominem
1646 2955 1992 3025 condidisset,

409 3058 466 3104 et
489 3048 650 3105 sciret
672 3064 793 3103 eum
823 3047 923 3102 hoc
951 3047 1188 3102 remedio
1210 3047 1276 3102 ad
1304 3048 1493 3102 animae
1518 3048 1741 3102 salutem
1770 3046 1994 3101 multum

412 3142 611 3197 habere
647 3156 802 3211 opus,
852 3142 1029 3195 statim
1074 3150 1129 3194 et
1170 3140 1222 3193 in
1255 3140 1515 3210 principio
1557 3139 1658 3194 hoc
1689 3139 1993 3193 mandatum

413 3232 587 3301 primo
613 3230 819 3299 parenti
839 3229 1009 3294 dedit,
1037 3230 1219 3284 dicens
1248 3248 1261 3284 :
1293 3228 1369 3283 De
1394 3230 1532 3283 omni
1572 3229 1730 3301 ligno,
1766 3230 1900 3301 quod
1922 3240 1997 3284 est

410 3324 467 3376 in
527 3321 798 3392 paradiso,
841 3320 1149 3375 comedendo
1204 3321 1465 3386 comedes;
1524 3322 1589 3376 de
1635 3322 1773 3392 ligno
1830 3332 1998 3375 autent

413 3414 635 3467 scientia:
688 3413 803 3467 boni
836 3423 884 3468 et
926 3414 1069 3480 mali,
1117 3430 1179 3467 ne
1210 3414 1482 3468 comedetis
1511 3414 1574 3467 de
1618 3414 1730 3483 ipso
1758 3413 1911 3481 (Gen.
1939 3414 1993 3468 2.

415 3503 527 3575 l6).
556 3504 672 3560 Jam
694 3504 894 3571 dicere,
923 3505 1035 3560 lloe
1059 3505 1301 3572 comede,
1332 3506 1432 3561 hoc
1471 3522 1539 3561 ne
1565 3506 1834 3570 comedas,
1861 3505 2000 3575 jeju-

416 3598 487 3651 nii
535 3597 700 3667 ﬁgura
738 3607 871 3653 erat.
915 3598 1081 3653 Porro
1125 3612 1243 3652 cum
1291 3597 1392 3654 hoc
1434 3598 1739 3654 mandatum
1782 3613 1999 3654 scrvare

416 3692 761 3761 Oportuisset,
818 3691 919 3746 hoc
965 3700 1141 3746 tamen
1196 3692 1285 3746 ille
1329 3708 1433 3746 non
1480 3690 1643 3747 fecit:
1672 3689 1767 3746 sed
1798 3691 1999 3745 ventris

417 3782 826 3855 intemperantia
872 3784 1063 3849 victus,
1112 3792 1166 3838 et
1208 3784 1686 3854 transgressionem
1725 3792 1996 3853 Operatus,

416 3876 485 3933 ad
509 3885 735 3935 mortem
764 3874 1148 3935 condemnatus
1169 3884 1270 3934 est.
1293 3876 1552 3946 Quoniam
1573 3875 1714 3936 enim
1740 3874 2001 3954 malignus

418 3971 507 4026 ille
534 3970 742 4026 dzemon
772 3981 825 4027 ct
853 3972 1019 4027 nostri
1047 3972 1260 4042 generis
1308 3973 1551 4027 inimicus
1600 3972 1731 4026 vidit
1772 3972 2000 4040 primum

418 4073 691 4131 parentem
716 4062 768 4117 in
796 4064 1045 4133 paradiso
1076 4071 1407 4130 versantem,
1434 4064 1701 4132 vitamque
1730 4062 1871 4116 illam
1898 4062 2002 4116 mi-

417 4154 571 4207 seria:
618 4161 891 4220 expertem
918 4192 935 4219 ,
984 4163 1039 4207 et
1094 4168 1217 4207 eum
1260 4154 1348 4223 qui
1394 4153 1605 4221 corpori
1649 4154 1727 4207 sic
1765 4168 2002 4207 annexus

418 4252 553 4311 erat,
600 4252 868 4315 tamquam
911 4246 1155 4316 angelum
1186 4262 1347 4314 super
1376 4254 1573 4301 terram
1610 4259 1790 4315 agerc,
1819 4244 2004 4300 volens

420 4336 569 4390 illum
614 4335 954 4405 supplantare
992 4345 1048 4391 et
1089 4336 1321 4406 dejicere
1348 4337 1664 4407 ampliorum
1691 4336 1997 4405 promissio-

421 4441 549 4480 num
593 4440 709 4495 spe,
750 4425 896 4479 illum
942 4426 1102 4482 etiam
1144 4426 1208 4481 iis
1254 4442 1372 4495 quas
1414 4426 1466 4481 in
1506 4425 1749 4480 manibus
1776 4426 2005 4481 habebat

422 4516 688 4585 spoliavit.
737 4515 963 4570 Tantum
1006 4524 1090 4572 est
1129 4515 1325 4570 malum
1353 4532 1457 4570 non
1484 4530 1544 4571 se
1568 4516 1841 4571 continere
1868 4517 2001 4570 intra

424 4607 668 4677 proprios
724 4606 937 4671 limites,
982 4607 1078 4662 sed
1130 4607 1418 4677 majoribus
1470 4608 1697 4663 inhiare.
1754 4608 1822 4663 Et
1866 4609 2002 4664 istud

423 4701 594 4768 ipsum
647 4699 859 4768 sapiens
899 4698 1111 4769 quidam
1160 4699 1436 4753 declarans
1485 4700 1697 4755 dicebat
1739 4719 1751 4754 :
1803 4700 2006 4754 Invidia

423 4800 593 4843 autem
628 4790 815 4844 diaboli
860 4807 993 4844 mors
1034 4791 1234 4844 intravit
1274 4791 1325 4843 in
1353 4791 1595 4844 mundum
1621 4791 1778 4860 (Sap.
1804 4790 1857 4845 2.
1888 4791 2003 4861 ξι).

429 4881 605 4949 Vides,
637 4880 852 4946 dilecte,
897 4880 1164 4950 quomodo
1192 4882 1259 4937 ab
1295 4882 1445 4935 initio
1488 4883 1666 4936 statim
1695 4897 1765 4937 ex
1792 4884 2006 4951 crapula

426 4988 570 5029 mors
612 4973 905 5043 ingressum
949 4972 1173 5027 habuit?
1210 4970 1499 5027 Considera
1530 4981 1705 5039 autem
1737 4972 1926 5027 iterum
1953 4982 2009 5029 et

426 5073 545 5135 post
571 5064 685 5118 haac
720 5063 949 5119 divinam
986 5064 1313 5133 Scripturam
1353 5063 1579 5119 subinde
1607 5064 1827 5118 delicias
1856 5065 2006 5118 iucu-

424 5165 630 5211 santem
655 5171 719 5211 ac
738 5154 1001 5211 dicentem
1031 5155 1220 5210 alicubi
1248 5172 1263 5209 :
1290 5154 1436 5209 Sedit
1466 5156 1684 5224 populus
1703 5154 2010 5208 manducare

424 5259 472 5303 et
514 5248 700 5309 bibere.
742 5257 792 5301 et
830 5255 1152 5301 surrexerunt
1192 5245 1368 5300 ludere
1407 5244 1600 5315 (Exod.
1646 5245 1733 5300 52.
1775 5244 1856 5313 6);
1882 5244 2008 5299 alibi

427 5351 556 5394 vero
578 5353 591 5389 :
635 5337 704 5389 Et
751 5337 986 5402 comedit,
1012 5346 1078 5393 .et
1118 5336 1260 5402 bibit,
1305 5345 1352 5391 et
1379 5336 1718 5407 impiuguatus
1736 5345 1831 5401 est,
1858 5345 1904 5391 et
1930 5337 2011 5389 in-

426 5437 703 5494 crassatus,
730 5438 777 5482 et
802 5428 1131 5482 recalcitravit
1156 5427 1369 5483 dilectus
1404 5426 1579 5497 (Deut.
1612 5427 1702 5482 32.
1732 5426 1847 5496 15),
1871 5426 2009 5493 Quin

429 5536 484 5581 et
501 5523 858 5581 Sodomorum
880 5521 1067 5576 incola:
1088 5519 1530 5589 indeprecabilem
1551 5518 1693 5573 illam
1731 5519 1864 5573 iram
1891 5529 2010 5571 cum

433 5635 497 5676 ex
532 5617 650 5676 aliis
677 5616 832 5673 malis
852 5624 967 5671 tum
996 5613 1119 5672 hinc
1145 5614 1245 5671 sibi
1273 5614 1683 5671 accersiverunt.
1709 5609 1844 5668 Audi
1866 5609 2010 5667 enim
2062 5679 2076 5684 _

2091 315 2402 386 prepbctam
2421 316 2683 373 dicentem
2712 336 2728 373 :
2761 318 2884 374 Ηωο
2906 321 3143 390 iniquitas
3160 321 3519 391 Sodomorum,
3536 327 3671 393 quod

2087 408 2138 458 in
2164 409 2391 461 satietate
2410 425 2597 478 panum
2623 408 2945 463 lasciviebtmt
2965 409 3178 479 (Each.
3204 413 3291 466 l6.
3320 410 3434 482 49).
3458 413 3673 467 Morbus

2086 496 2228 551 enim
2277 498 2364 553 ille
2401 499 2549 569 quasi
2590 498 2738 554 radix
2784 508 2839 555 et
2866 499 2989 556 fons
3011 501 3223 573 quidam
3253 503 3514 558 malorum
3550 520 3672 559 om-

2088 589 2232 644 nium
2258 598 2362 644 est.

2158 680 2212 735 5.
2249 678 2517 751 Jejunium
2561 682 2791 749 exemplo
2829 692 3118 737 sanctorum
3158 685 3558 740 commendatur.
3598 715 3675 728 —

2090 771 2275 826 Vidisti
2297 771 2528 841 crapula:
2548 774 2963 828 nocumentum?
2990 773 3123 829 Vide
3144 774 3304 829 etiam
3322 774 3510 845 jejunii
3534 790 3679 845 prte-

2089 864 2231 917 clara
2262 863 2516 918 facinora.
2545 864 2905 934 Quadraginta
2931 864 3049 920 dies
3089 882 3209 921 cum
3237 867 3533 937 jejunasset
3560 884 3674 924 ma-

2089 970 2221 1023 gnus
2243 955 2436 1021 Moses,
2458 955 2589 1025 legis
2611 955 2813 1010 tabulas
2831 959 3072 1026 accipere
3095 957 3264 1026 potuit
3287 976 3301 1011 :
3323 967 3378 1012 et
3395 959 3671 1027 quoniam,

2091 1055 2147 1099 ut
2170 1045 2464 1112 descendit,
2486 1045 2616 1100 vidit
2639 1046 2818 1116 populi
2845 1046 3199 1114 iniquitatem,
3229 1062 3359 1117 quas
3377 1062 3498 1103 cum
3523 1057 3674 1102 tanto

2089 1138 2298 1204 studio,
2328 1146 2384 1194 et
2403 1138 2741 1205 assiduitate,
2786 1140 3027 1208 accipere
3070 1141 3275 1209 potuit,
3309 1156 3400 1194 eas
3437 1141 3673 1209 ahjectas

2089 1230 2344 1283 contrivit
2381 1228 2593 1299 (Exod.
2624 1230 2717 1284 24.
2750 1229 2851 1294 Ιὸς
2882 1238 2931 1284 et
2954 1230 3043 1284 51.
3077 1230 3179 1295 18;
3206 1239 3255 1284 et
3281 1230 3370 1285 52.
3402 1230 3541 1301 l9),
3573 1232 3673 1287 ab-

2090 1318 2308 1373 surdum
2338 1334 2458 1374 esse
2484 1334 2739 1385 censens,
2771 1319 2978 1375 ebrium
3007 1329 3061 1375 et
3088 1322 3543 1388 przevaricatorem
3576 1336 3674 1390 po-

2092 1410 2270 1479 pulum
2297 1410 2441 1479 leges
2468 1424 2497 1462 a
2535 1410 2760 1464 Domino
2786 1409 3027 1464 conditas
3051 1410 3311 1479 accipere.
3338 1411 3678 1481 Quapropter

2091 1502 2267 1556 denuo
2305 1501 2646 1570 quadraginta
2681 1501 2887 1556 dierum
2910 1501 3114 1570 jejunio
3140 1516 3275 1570 opus
3295 1501 3477 1557 habuit
3502 1503 3679 1556 admi-

2091 1592 2287 1647 randus
2313 1593 2399 1647 ille
2427 1593 2704 1662 propheta,
2734 1600 2792 1645 ut
2819 1592 3019 1646 tabulas
3057 1602 3274 1661 pr0ptcr
3301 1592 3539 1660 ipsorum
3568 1593 3679 1647 ini-

2092 1684 2342 1752 quitatem
2371 1684 2625 1737 contritas
2651 1686 2840 1737 iterum
2863 1697 3091 1751 superne
3112 1693 3351 1753 receptas
3369 1684 3682 1753 deportaret

2094 1774 2297 1847 (Exod.
2342 1775 2429 1830 54.
2470 1774 2603 1844 28).
2640 1775 2881 1830 Totidem
2923 1775 3129 1854 dierum
3157 1776 3414 1845 jejunium
3466 1786 3523 1831 et
3565 1792 3667 1830 ma-

2091 1882 2225 1936 gnus
2252 1866 2430 1920 Helias
2457 1866 2743 1936 transegit,
2782 1867 3049 1936 vitataque
3078 1867 3264 1921 mortis
3293 1867 3592 1937 tyrannide,
3621 1877 3675 1923 et

2092 1975 2251 2014 curru
2280 1958 2434 2027 igneo
2474 1959 2623 2028 quasi
2670 1958 2721 2011 in
2760 1957 2948 2012 cailum
2978 1965 3193 2025 raptus,
3229 1957 3388 2011 etiam
3428 1972 3596 2025 usque
3623 1958 3681 2011 in

2096 2051 2232 2104 hanc
2250 2049 2391 2104 diem
2420 2058 2646 2103 mortem
2671 2063 2777 2102 non
2805 2057 3055 2118 expertus
3079 2056 3161 2103 est
3200 2048 3278 2118 (5.
3310 2048 3438 2119 Reg.
3471 2049 3559 2103 l9.
3594 2049 3679 2120 8).

2098 2141 2190 2195 Vir
2215 2155 2427 2211 quoque
2464 2139 2870 2205 desideriorum,
2898 2147 3115 2209 peracto
3142 2140 3429 2194 multorum
3466 2140 3674 2195 dierum

2090 2232 2334 2302 jejunio,
2381 2231 2745 2286 admirandam
2787 2230 2929 2286 illam
2968 2231 3224 2286 visionem
3257 2240 3442 2286 nactus
3470 2241 3583 2301 est,
3623 2242 3681 2288 et

2096 2324 2307 2379 leonum
2340 2324 2573 2380 furorem
2600 2327 2928 2396 compescuit
2956 2326 3008 2381 in
3039 2328 3325 2397 oviumque
3366 2335 3678 2383 mansuetu-

2095 2415 2274 2471 dinem
2299 2417 2458 2472 vertit
2485 2416 2658 2485 (Dan.
2690 2418 2777 2473 10.
2808 2417 2901 2488 5),
2929 2432 3034 2472 non
3056 2426 3297 2472 naturam
3319 2426 3675 2483 commutatis,

2095 2507 2189 2563 sed
2206 2508 2412 2564 feritate
2428 2518 2677 2564 manente
2695 2509 2986 2579 appetitum
3000 2518 3256 2563 mutatum
3270 2508 3544 2563 cohibens.
3566 2508 3680 2563 lloc

2092 2599 2295 2670 jejunio
2309 2610 2363 2656 et
2378 2600 2620 2656 Ninivita:
2636 2602 2741 2667 usi,
2764 2602 3083 2657 sententiam
3109 2601 3315 2655 Domini
3333 2609 3676 2665 revocarunt,

2097 2692 2389 2748 efﬁcientes
2416 2702 2475 2747 ut
2497 2702 2601 2746 tam
2624 2693 2863 2761 jumenta
2890 2707 3050 2763 quam
3077 2691 3322 2746 homines
3348 2691 3473 2746 illud
3502 2693 3678 2746 susci-

2097 2796 2284 2855 perent
2303 2826 2318 2851 ,
2347 2799 2401 2841 et
2436 2787 2512 2840 sic
2540 2785 2888 2841 abscedentes
2914 2784 3276 2854 unusquisque
3312 2800 3342 2837 a
3380 2784 3534 2839 malis
3560 2794 3677 2838 stu-

2097 2876 2219 2942 diis,
2247 2876 2313 2930 ad
2343 2875 2679 2932 clementiam
2710 2876 3074 2930 universorum
3105 2874 3385 2929 Dominum
3417 2890 3674 2943 provoca-

2099 2976 2218 3021 rent
2257 2966 2441 3037 (Jona:
2467 2967 2521 3021 5.
2548 2964 2640 3037 7).
2684 2966 2747 3021 Et
2772 2964 2898 3035 quid
2928 2965 3066 3020 circa
3098 2980 3280 3019 servos
3311 2965 3533 3020 ulterius
3558 2979 3682 3019 ver-

2099 3059 2231 3114 sor?
2279 3057 2480 3111 Etenim
2513 3070 2789 3126 possemus
2824 3065 2879 3111 et
2904 3055 3038 3111 alios
3067 3054 3323 3124 plurimos
3348 3068 3679 3109 commemo-

2101 3166 2221 3205 rare
2248 3158 2296 3204 el
2315 3150 2369 3203 in
2400 3149 2600 3214 Veteri,
2624 3149 2751 3203 etin
2773 3147 2921 3201 Novo
2939 3146 3281 3201 Testamento
3309 3162 3403 3215 per
3417 3145 3677 3215 jejunium

2098 3239 2428 3304 celebratos;
2460 3254 2642 3293 verum
2676 3253 2854 3308 operte
2880 3237 3106 3307 pretium
3127 3246 3230 3304 est,
3262 3246 3321 3291 ut
3346 3236 3410 3290 ad
3435 3252 3681 3291 commu-

2101 3347 2221 3385 nem
2268 3330 2433 3385 nostri
2477 3331 2712 3385 omnium
2755 3329 3036 3383 Dominum
3078 3328 3373 3383 veniamus.
3425 3328 3683 3383 Dominus

2100 3422 2241 3475 enim
2288 3430 2469 3476 noster
2495 3420 2654 3476 Iasus
2679 3420 2941 3475 CHRISTUS
2966 3428 3022 3475 et
3049 3419 3163 3489 ipse
3190 3419 3534 3490 quadraginta
3562 3419 3683 3473 die-

2102 3529 2216 3567 rum
2248 3513 2522 3582 prmmisso
2546 3512 2769 3581 jejunio,
2802 3512 2880 3566 sic
2906 3522 3178 3566 certamen
3199 3519 3383 3565 contra
3409 3510 3682 3565 diabolum

2102 3620 2382 3674 aggressus
2401 3613 2485 3657 est
2513 3602 2723 3675 (Matth.
2757 3604 2811 3657 4.
2839 3602 2920 3671 2),
2945 3602 3297 3672 omnibusque
3330 3602 3483 3657 nobis
3502 3616 3685 3656 exem-

2104 3695 2249 3763 plum
2277 3694 2455 3759 dedit,
2488 3702 2544 3747 ut
2574 3709 2670 3763 per
2697 3693 2821 3747 illud
2851 3709 3142 3757 arinemur,
3182 3701 3238 3748 et
3274 3709 3343 3748 ex
3389 3693 3481 3747 illo
3520 3694 3684 3748 robur

2102 3801 2394 3850 sumamus,
2421 3795 2479 3840 ut
2498 3786 2563 3838 ad
2594 3800 2819 3855 pugnam
2836 3794 3019 3839 contra
3040 3784 3308 3840 diabolum
3333 3784 3680 3839 instruamur.

2104 3878 2173 3933 At
2202 3876 2287 3932 hic
2312 3876 2558 3931 fortassis
2582 3874 2848 3944 rogaverit
2870 3876 3131 3945 quispiam
3157 3889 3343 3929 eorum
3367 3875 3455 3943 qui
3479 3876 3686 3931 acutius

2104 3968 2319 4038 vident,
2365 3977 2420 4027 ct
2469 3967 2778 4025 excitatiora
2806 3967 2984 4020 animo
3012 3976 3134 4020 sunt
3176 3984 3191 4021 :
3229 3981 3393 4035 quare
3423 3966 3641 4020 totidem
3665 4006 3682 4032 ,

2104 4074 2235 4135 quot
2258 4065 2419 4129 servi,
2441 4062 2557 4117 dies
2584 4056 2837 4117 Dominus
2857 4055 3102 4130 jejunare
3127 4055 3473 4129 conspicitur,
3505 4064 3559 4113 et
3586 4072 3688 4114 nu-

2108 4170 2312 4209 merum
2357 4154 2506 4209 illum
2551 4169 2654 4207 non
2700 4150 3124 4221 transgreditur?
3152 4148 3266 4203 Non
3307 4149 3410 4203 hoc
3452 4158 3686 4215 temere,

2107 4260 2278 4314 neque
2303 4243 2517 4308 frustra,
2550 4243 2658 4296 imo
2686 4256 2814 4296 vero
2842 4241 3111 4309 sapienter
3138 4247 3193 4294 et
3219 4254 3315 4308 pro
3346 4238 3597 4293 ineffabili
3623 4243 3689 4290 il-

2108 4336 2210 4390 lius
2230 4333 2551 4403 benignitate
2577 4331 2769 4386 factum
2792 4339 2892 4386 est.
2921 4330 3119 4399 Nempe
3140 4346 3206 4384 ne
3231 4329 3571 4385 existimetur
3591 4343 3689 4397 ap-

2107 4434 2358 4497 parenter
2390 4435 2593 4480 tantum
2623 4424 2903 4479 advenisse
2922 4462 2939 4489 ,
2970 4430 3027 4477 et
3054 4437 3158 4476 non
3183 4422 3537 4490 assumpsisse
3564 4434 3687 4475 car-

2110 4535 2254 4583 nem,
2288 4519 2373 4572 vel
2414 4526 2565 4571 extra
2590 4516 2875 4570 humanam
2900 4528 3020 4568 esse
3048 4522 3312 4579 naturam,
3341 4521 3559 4581 propter
3588 4508 3692 4564 hoc

2109 4609 2257 4664 illum
2289 4608 2461 4677 ipsum
2499 4620 2777 4660 numerum
2802 4604 3035 4674 jejunat,
3085 4618 3257 4671 neque
3295 4602 3428 4655 alios
3465 4600 3547 4654 his
3572 4599 3693 4653 die-

2111 4699 2209 4753 bus
2234 4697 2446 4765 adjicit,
2480 4697 2559 4750 sie
2586 4694 2769 4749 volens
2805 4693 3261 4748 contentiosorum
3308 4689 3697 4760 impudentiam

2112 4789 2343 4845 frenare.
2376 4788 2505 4842 Nam
2537 4788 2580 4841 si
2609 4785 2771 4842 rebus
2797 4786 2868 4839 ita
2901 4784 3099 4853 gestis,
3146 4782 3359 4853 quidam
3398 4782 3695 4835 etiamnum

2113 4882 2210 4935 ista
2242 4879 2384 4950 loqui
2414 4878 2641 4943 audent,
2669 4876 2767 4931 nisi
2796 4876 2985 4929 horum
3024 4874 3277 4944 prmscius
3306 4871 3443 4926 hanc
3470 4871 3571 4925 illis
3599 4884 3693 4922 an-

2112 4987 2225 5026 sam
2262 4971 2580 5032 ademisset,
2613 4967 2736 5037 quid
2782 4981 2887 5019 non
2935 4964 3112 5021 dicere
3153 4962 3459 5031 aggressuri
3502 4961 3696 5014 erant?

2090 5063 2238 5129 ,ldeo
2266 5060 2433 5115 noluit
2461 5060 2639 5129 plures
2681 5056 2797 5112 dies
2834 5056 3111 5125 jejunare,
3153 5052 3249 5107 sed
3281 5051 3499 5105 totidem
3519 5090 3535 5114 ,
3565 5058 3699 5118 quot

2113 5155 2258 5211 servi
2282 5171 2296 5209 :
2316 5163 2448 5208 utre
2478 5153 2589 5222 ipsa
2608 5165 2706 5205 nos
2728 5148 2958 5214 erudiat,
2976 5161 3036 5201 se
3054 5144 3241 5200 eadem
3268 5160 3371 5213 qua
3412 5158 3510 5197 nos
3534 5157 3700 5195 carne

2114 5248 2367 5303 amictum
2409 5255 2517 5300 eta
2546 5255 2732 5298 natura
2783 5249 2963 5295 nostra
2996 5247 3310 5292 extraneum
3355 5251 3461 5289 non
3513 5234 3698 5289 fuisse.

2185 5337 2243 5392 4.
2283 5336 2544 5391 Caeterum
2592 5332 2843 5402 quoniam
2872 5345 2903 5384 a
2929 5328 3084 5384 nobis
3122 5327 3545 5382 demonstratum
3576 5332 3661 5377 est
3681 5366 3700 5391 ,

2116 5443 2275 5500 quam
2296 5440 2485 5497 magna
2510 5425 2581 5480 sit
2603 5423 2793 5495 jejunii
2820 5422 2920 5487 vis,
2948 5429 3005 5475 et
3025 5435 3184 5491 quam
3214 5418 3487 5486 multiplex
3514 5432 3578 5469 ex
3607 5415 3704 5469 illo

2119 5519 2338 5584 utilitas,
2367 5516 2524 5586 idque
2542 5514 2790 5583 exemplo
2809 5526 3084 5567 servorum
3105 5525 3168 5564 ac
3192 5508 3398 5562 Domini
3420 5517 3501 5561 est
3522 5516 3704 5559 osten-

2124 5627 2279 5681 sum;
2320 5610 2441 5668 ideo
2481 5608 2704 5666 obsecro
2741 5607 3016 5663 caﬂatcm
3063 5611 3327 5672 vestram,
3368 5608 3427 5656 ut
3470 5600 3704 5655 scientes
