4018 6136
236 393 315 447 23
1476 388 1544 444 IN
1580 388 1735 446 CAP.
1773 387 1793 443 1
1847 385 2089 442 GENES.
2125 383 2359 442 IIOMIL.
2395 383 2416 439 I
3613 388 3685 442 ει

239 505 433 570 ἁπλῶς
454 504 822 577 δουλεύωμεν,
866 505 1006 561 ἀλλά
1031 503 1277 577 λογισμῷ
1311 504 1381 560 τά
1406 506 1528 559 καθ’
1569 505 1799 568 ἑαυτοὺς
1829 504 1911 556 ol-

242 591 586 661 κονομιῖιμεν.
618 590 710 660 Μὴ
735 590 845 661 γὰρ
877 589 1029 644 ἔσται
1054 606 1107 642 τι
1134 590 1325 660 κέρδος
1353 592 1486 661 ἡμῖν
1511 589 1620 643 ἀπὸ
1649 590 1749 660 τῆς
1779 591 1913 659 ἡμε-

243 672 402 745 ρινῆς
426 673 753 744 ἀδηφαγίας.
783 671 1003 743 καὶτῆς
1036 671 1237 743 πολλῆς
1271 672 1477 743 μέθης;
1525 672 1636 726 Καὶ
1675 672 1729 724 τί
1767 671 1912 738 λέγω

244 755 466 826 κέρδοςς
508 748 668 808 Ἀλλά
712 756 806 809 καὶ
837 755 1006 825 πολλὴ
1044 757 1078 826 ἡ
1117 755 1325 826 ζημία,
1357 757 1452 809 καὶ
1494 756 1528 825 ἡ
1565 754 1739 825 βλάϐη
1770 754 1908 822 ἀφό-

243 854 428 909 ρητος.
455 838 625 892 Ὅταν
654 839 762 910 γάρ
794 836 1210 909 καταϐαπτισθῇ
1257 839 1362 891 ὑπὸ
1393 838 1493 909 τῆς
1526 838 1728 909 πολλῆς
1770 839 1912 892 οἰνο-

242 921 440 983 ποσίας
469 921 500 972 ὁ
527 919 819 989 λογισμὸς,
848 919 1056 983 εὐθέως
1088 918 1147 984 ἐξ
1173 921 1351 991 ἀρχῆς
1393 922 1486 974 καὶ
1517 922 1582 974 ἐκ
1611 921 1913 991 προοιμίων

241 1001 646 1074 ἀποκρούσεται
678 1002 741 1055 τὸ
768 1001 877 1055 ἀπὸ
907 1003 1006 1071 τῆς
1038 1003 1291 1072 νηστείας
1330 1002 1538 1073 κέρδος.
1574 1002 1639 1055 Τί
1673 1004 1782 1071 γὰρ
1822 1002 1917 1071 ἀη-

240 1085 493 1157 δέστερον
511 1098 560 1151 ι,
595 1086 716 1139 είπέ
751 1102 873 1156 μοι,
904 1085 959 1138 τί
983 1084 1040 1138 δέ
1067 1085 1559 1157 ἀσχημονέστερον,
1590 1085 1716 1139 ὅταν
1746 1083 1914 1155 μέχρι

246 1168 601 1238 μεσονυκτίου
644 1167 736 1220 τὸν
787 1167 1026 1238 ἄκρατον
1068 1164 1310 1230 σπῶντες
1334 1206 1348 1229 ,
1395 1166 1501 1220 ὑπὸ
1543 1166 1643 1236 τὴν
1693 1166 1768 1219 ἐω
1816 1166 1915 1235 τῆς

241 1255 465 1317 ἀκτῖνος
503 1254 603 1323 τῆς
653 1252 887 1324 ἡλιακῆς
932 1252 1294 1324 ἀνισχούσης,
1343 1253 1420 1314 ὡς
1465 1252 1776 1324 πρόσφατον
1818 1251 1915 1305 τοῦ

242 1335 390 1390 οἴνου
421 1333 842 1406 ἐμφορηθέντες,
869 1333 1042 1396 οὕτως
1074 1334 1438 1398 ἀποπνέουσι,
1467 1335 1560 1387 καὶ
1600 1333 1783 1403 ἀηδεῖς
1816 1333 1916 1403 μὲν

245 1418 530 1487 φαίνονται
573 1418 685 1480 τοῖς
715 1417 1191 1486 συντυγχάνουσιν,
1222 1415 1684 1486 εὐκαταφρόνητοι
1714 1415 1771 1468 δὲ
1801 1417 1916 1477 τοῖς

243 1501 488 1563 οἰκέταις
506 1539 521 1562 ,
550 1500 646 1552 καὶ
673 1498 1078 1567 καταγελῶνται
1107 1498 1253 1568 παρά
1284 1498 1500 1552 πάντων
1530 1498 1639 1551 τῶν
1667 1497 1916 1552 ὁπωσοῦν

243 1584 309 1636 τὸ
330 1583 451 1636 δέον
475 1578 853 1652 συνορώντων,
880 1581 975 1634 καὶ
998 1580 1107 1651 πρὸ
1129 1580 1333 1634 τούτων
1366 1580 1643 1645 ἁπάντων,
1669 1581 1798 1634 ὅταν
1825 1581 1916 1635 διά

243 1667 349 1737 τὴν
398 1664 599 1734 πολλὴν
642 1662 846 1732 ταύτην
892 1663 1179 1734 ἀκρασίαν,
1224 1664 1320 1716 καὶ
1362 1663 1460 1732 τὴν
1508 1663 1774 1734 ἀμετρίαν
1818 1663 1916 1734 τὴν

245 1749 480 1820 ἄκαιρον
522 1746 618 1801 καὶ
661 1745 938 1815 ἀνόνητον,
983 1746 1078 1799 καὶ
1100 1745 1200 1816 τὴν
1230 1744 1383 1817 παρά
1406 1744 1502 1799 τοῦ
1543 1744 1677 1798 Θεοῦ
1711 1747 1919 1815 ἀγανά-

246 1847 446 1902 κτησιν
476 1829 845 1894 ἐπισπῶνταις
865 1831 932 1883 Ol
969 1828 1081 1898 γὰρ
1096 1829 1370 1898 μέθυσοι,
1404 1830 1558 1900 φησὶ,
1587 1830 1919 1895 ,βασιλείαν

249 1915 403 1970 Θεοῦ
431 1916 519 1983 οὐ⁸
536 1910 1084 1981 κληρονομήσουσι.
1120 1911 1185 1964 Τί
1215 1906 1307 1965 οὗν
1338 1911 1406 1965 ἂν
1429 1912 1632 1964 τούτων
1657 1910 1917 1965 ἀθλιώτε-

188 2006 199 2013 ’
252 2016 347 2068 ρον
379 1997 572 2067 γένοιτ’
605 1996 694 2058 ἂν,
746 1994 853 2048 τῶν
888 1993 977 2048 διά
1019 1992 1278 2065 βραχεῖαν
1306 1996 1402 2049 καὶ
1430 1994 1695 2066 ἐπιϐλαὸῆ
1727 1994 1918 2067 ἡδονὴν

248 2080 360 2133 τῶν
397 2079 497 2150 τῆς
536 2076 810 2148 βασιλείας
851 2076 1137 2149 προθύρων
1175 2076 1612 2147 ἐκϐαλλομένων;
1651 2076 1812 2129 Ἀλλά
1842 2077 1918 2149 μὴ

248 2161 463 2232 γένοιτό
501 2177 618 2214 τινα
647 2159 756 2212 τῶν
784 2158 1019 2213 ἐνταῦθα
1049 2152 1474 2229 συνειλεγμένων
1505 2158 1682 2230 τούτῳ
1713 2158 1919 2213 ἀλῶναι

248 2245 333 2316 τῷ
374 2243 573 2299 πάθει·
606 2242 743 2296 ἀλλά
776 2241 914 2312 μετά
950 2240 1131 2312 πάσης
1169 2240 1490 2311 φιλοσοφίας
1517 2242 1611 2295 καὶ
1642 2242 1920 2313 σωφροσύ-

251 2346 370 2398 νης,
398 2326 494 2381 καὶ
524 2325 621 2397 τὴν
659 2323 938 2394 παροῦσαν
965 2323 1178 2395 ἡμέραν
1205 2324 1650 2393 ἐστιασαμένους,
1693 2327 1787 2378 καὶ
1822 2324 1917 2379 τοῦ

251 2409 522 2483 χειμῶνος
548 2408 640 2460 καὶ
679 2405 776 2475 τῆς
808 2403 1011 2476 ζάλης,
1039 2405 1108 2475 ἡν
1143 2406 1178 2476 ἡ
1215 2404 1352 2475 μέθη
1385 2403 1711 2476 ἐργάζεσθαι
1742 2404 1919 2475 πέφυ-

251 2510 368 2559 κεν,
413 2487 879 2560 ἐλευθερωθέντας
924 2489 1005 2550 είς
1044 2485 1136 2539 τὸν
1185 2484 1381 2555 λιμένα
1429 2486 1763 2556 καταντῆσαι
1811 2486 1920 2539 τῶν

251 2574 536 2648 ἡμετέρων
580 2569 790 2641 ψυχῶν,
822 2570 919 2640 τὴν
945 2568 1200 2640 νηστείαν
1230 2567 1374 2637 λέγω
1397 2608 1413 2633 ,
1447 2568 1533 2623 ἵνα
1586 2568 1726 2640 μετὰ
1768 2568 1920 2631 δαψι-

251 2660 403 2721 λείας
442 2655 513 2710 τά
534 2653 642 2708 ἀπὸ
673 2651 875 2724 ταύτης
916 2650 1235 2723 δυνηθῶμεν
1281 2649 1680 2721 καρπώσασθαι
1716 2651 1916 2720 ἀγαθά.

254 2744 469 2809 Ὠσπερ
503 2736 614 2808 γὰρ
642 2736 676 2806 ἡ
708 2734 985 2805 ἀδηφαγία
1024 2734 1235 2805 μυρίων
1260 2734 1443 2787 κακῶν
1469 2734 1618 2788 αίτία
1654 2735 1749 2789 καὶ
1782 2735 1919 2805 πρό-

253 2823 402 2886 ξενος
430 2817 510 2889 τῷ
537 2815 645 2869 τῶν
673 2813 978 2883 ἀνθρώπων
1004 2813 1217 2882 γίνεται
1262 2814 1432 2883 γένει,
1467 2813 1614 2868 οὓτω
1637 2817 1733 2869 καὶ
1754 2817 1790 2885 ἡ
1822 2834 1920 2886 νη-

254 2903 409 2957 στεία
436 2901 533 2954 καὶ
556 2901 592 2969 ἡ
618 2897 718 2968 τῆς
741 2895 982 2968 γαστρὸς
1002 2896 1275 2969 ὑπεροψία
1303 2896 1415 2950 τῶν
1437 2896 1663 2966 ἀφάτων
1681 2896 1760 2969 [4]
1786 2900 1921 2969 ἡμῖν

247 2983 473 3056 ἀγαθῶν
508 2981 597 3035 ἀεὶ
625 2980 777 3059 αἰτία
816 2980 1010 3048 γέγονε
1028 2980 1082 3033 ιι.
1125 2978 1346 3043 Πλάσας
1371 2979 1481 3051 γὰρ
1524 2979 1586 3045 ἐξ
1618 2981 1792 3053 ἀρχῆς
1827 2981 1921 3034 τὸν

250 3067 600 3140 άνθρωπον.δ
625 3062 758 3127 Θεὸς
780 3103 796 3129 ,
831 3062 927 3117 καὶ⁵
963 3061 1139 3128 εἰδὼς,
1175 3063 1257 3116 ὅτι
1287 3062 1480 3117 τούτου
1511 3062 1659 3134 αύτῷ
1685 3064 1922 3134 μάλιστα

253 3158 333 3210 δεῖ
355 3152 454 3207 τοῦ
478 3148 773 3219 φαρμάκου
793 3145 931 3213 πρὸς
959 3144 1056 3215 τὴν
1077 3145 1174 3215 τῆς
1197 3143 1378 3215 ψυχῆς
1397 3145 1694 3216 σωτηρίαν.
1718 3144 1923 3211 εὐθέως

254 3239 347 3293 καὶ
375 3239 444 3290 ἐκ
486 3229 789 3306 προοιμίων
814 3227 894 3299 τῷ
918 3227 1329 3299 πρωτοπλάστῳ
1355 3227 1560 3296 ταύτην
1592 3227 1791 3282 δέδωκε
1822 3230 1923 3301 τὴν

254 3319 479 3387 ἐντολὴν
510 3312 712 3369 είπώνο
754 3311 889 3367 Ἀπὸ
912 3310 1139 3377 παντὸς
1161 3309 1354 3372 ξύλου
1392 3311 1499 3365 τοῦ
1528 3312 1598 3364 ἐν
1625 3310 1706 3377 τῷ
1729 3324 1923 3379 παρα-

253 3405 439 3465 δείσῳ
479 3396 708 3466 βρώσει
734 3391 929 3464 φαγῇ·
963 3391 1083 3447 ἀπὸ
1121 3391 1193 3445 δὲ
1226 3392 1335 3446 τοῦ
1382 3392 1574 3457 ξύλου
1607 3392 1715 3447 τοῦ
1750 3392 1923 3463 τινώ-

255 3502 434 3541 σκειν
463 3481 657 3538 καλὸν
680 3479 778 3533 καί
804 3479 1092 3544 πονηρὸν,
1111 3476 1185 3529 οὐ
1210 3474 1476 3544 φάτεσθε
1496 3475 1599 3529 ἀπ’
1622 3475 1831 3530 αὑτοῦ.
1849 3475 1925 3529 Tb

256 3577 315 3632 δὲ
341 3575 543 3645 λέγειν,
578 3573 696 3627 τόδε
738 3569 901 3640 φάγε,
943 3568 1038 3622 καὶ
1064 3566 1183 3621 τόδε
1217 3566 1296 3638 μὴ
1327 3566 1530 3638 φάγῃς,
1569 3567 1826 3638 νηστείας
1853 3562 1925 3640 ἡν

258 3670 445 3728 εἰκών.
483 3666 650 3723 ’Δλλά
673 3665 793 3720 δέον
824 3662 1058 3735 φυλάξαι
1095 3663 1194 3734 τὴν
1226 3661 1468 3734 ἐντολὴν,
1510 3662 1668 3716 τοῦτο
1700 3664 1800 3734 μὲν
1825 3665 1926 3719 οὐκ

260 3761 507 3832 ἐποίησε,
548 3758 618 3813 δι’
646 3756 920 3829 ἀκρασίαν
963 3754 1021 3808 δέ
1062 3755 1163 3824 τῆς
1189 3764 1212 3793 ο
1249 3752 1490 3824 γαστρὸς
1519 3755 1802 3826 ἡττηθεὶς,
1831 3757 1926 3811 καὶ

257 3851 358 3924 τὴν
412 3847 701 3921 παρακοὴν
769 3844 1145 3918 ἐργασάμενος
1167 3884 1183 3911 ,
1240 3842 1457 3914 θανάτῳ
1519 3844 1921 3910 κατεδικάζετο.

271 3942 495 4009 ,Επειδὴ
513 3940 623 4013 γὰρ
647 3935 790 3994 εἶδεν
818 3940 849 3992 δ
871 3936 1108 4008 πονηρὸς
1139 3935 1349 4007 δαίμων
1371 3937 1581 4000 ἐκεῖνος
1609 3938 1705 3992 καὶ
1733 3939 1926 4010 ἐχθρὸς

257 4035 360 4107 τῆς
392 4033 614 4104 φύσεως
648 4031 750 4103 τῆς
780 4029 1057 4102 ἡμετέρας
1087 4027 1200 4109 οτῂν
1234 4029 1293 4081 ἐν
1336 4028 1416 4099 τῷ
1454 4029 1769 4102 παραδείσῳ
1810 4032 1928 4086 δια-

260 4127 448 4199 γωγὴν
469 4123 568 4179 τοῦ
601 4121 1027 4190 πρωηπλάστου
1052 4161 1068 4186 ,
1120 4119 1217 4172 καὶ
1258 4119 1351 4173 τὸν
1396 4118 1777 4191 ἀταλαίπωρον
1813 4122 1927 4193 βίον

258 4223 490 4286 ἐκεῖνον,
521 4217 617 4272 καὶ
640 4218 744 4282 ὅτι,
775 4213 1027 4285 καθάπερ
1059 4210 1324 4281 ἄγγελος,
1370 4210 1514 4265 οὕτω
1546 4211 1761 4283 σώματι
1793 4232 1928 4288 συμ-

257 4307 643 4380 πεπλεγμένος
685 4305 871 4375 διῆγεν
921 4303 1014 4356 ἐπὶ
1063 4301 1166 4372 τῆς
1216 4300 1344 4370 γῆς,
1395 4301 1718 4372 βουλόμενος
1763 4305 1926 4360 αὑτὸν

256 4390 619 4448 ὑποσκελίσαι
662 4387 758 4441 καὶ
805 4384 1134 4440 καταθαλεῖν
1177 4382 1352 4436 ἐλπίδι
1385 4381 1650 4452 μειζόνων
1695 4385 1930 4457 ὑποσχέ-

257 4500 425 4550 σεων,
449 4483 548 4537 καὶ
577 4480 689 4534 τῶν
721 4482 779 4532 ἐν
806 4478 996 4548 χερσὶν
1031 4473 1275 4540 ἐξέϐαλε.
1313 4473 1581 4529 Τοσοῦτόν
1610 4477 1727 4529 ἐστι
1759 4475 1822 4528 τὸ
1852 4476 1929 4546 μὴ

261 4577 450 4648 μένειν
477 4572 571 4626 ἐπὶ
600 4570 712 4624 τῶν
742 4569 960 4623 οἰκείων
993 4567 1158 4638 ὅρων,
1190 4565 1329 4620 ἀλλά
1358 4565 1467 4620 τῶν
1498 4565 1763 4636 μειζόνων
1789 4567 1934 4637 ἐφίε-

260 4665 411 4721 σθαι.
454 4663 568 4718 Kal
596 4658 758 4714 τοῦτο
790 4656 922 4711 αὐτὸ
964 4654 1140 4726 δηλῶν
1174 4655 1337 4724 σοφός
1368 4672 1454 4719 τις
1490 4655 1646 4724 έλεγε
1665 4671 1680 4687 ο
1724 4658 1931 4721 Φθόνῳ

256 4756 331 4809 δὲ
348 4754 636 4808 διαϐόλου
663 4748 920 4814 θάνατος
942 4744 1228 4814 εισῆλθεν
1245 4748 1334 4812 είς
1350 4745 1458 4800 τὸν
1476 4746 1729 4816 κόσμον.
1753 4743 1928 4814 Εἶδες,

258 4843 543 4917 ἀγαπητὲ,
592 4836 712 4904 πῶς
747 4841 812 4893 ἐκ
846 4837 1146 4911 προοιμίων
1174 4837 1235 4905 ἐξ
1274 4837 1582 4908 ἀδηφαγίας
1628 4837 1658 4890 ό
1704 4837 1933 4904 θάνατος

259 4942 365 5013 τὴν
394 4936 598 4993 εἴσοδον
626 4933 818 5006 ἔσχενς
850 4931 1051 4986 Σκόπει
1075 4930 1132 4984 δέ
1167 4929 1329 4984 πάλιν
1359 4931 1452 4983 καὶ
1477 4929 1614 4999 μετά
1639 4929 1814 4984 ταῦτα
1835 4930 1933 5002 τὴν

262 5032 420 5086 θείαν
453 5026 678 5101 Γραφὴν
716 5020 1128 5093 κατηγοροῦσαν
1171 5019 1412 5091 συνεχῶς
1441 5020 1542 5091 τῆς
1568 5022 1810 5093 τρυφῆς,
1840 5022 1935 5075 καὶ

263 5121 533 5190 λέγουσαν
570 5117 702 5171 ποτέ
750 5116 869 5187 μὲν,
921 5111 1230 5167 Ἐκάθισεν
1269 5113 1305 5165 ὁ
1348 5110 1498 5178 λαός
1553 5111 1786 5181 φαγεῖν,
1834 5112 1932 5166 καί

263 5213 448 5274 πιεῖν,
485 5209 584 5263 καὶ
626 5205 982 5274 ἀνέστησαν
1017 5200 1245 5263 παίζειν
1262 5217 1278 5235 ο
1318 5201 1507 5257 ἄλλοτε
1561 5201 1617 5255 δὲ
1634 5244 1651 5269 ,
1691 5204 1932 5273 Ἐφαγε,

262 5305 365 5357 καὶ
407 5301 561 5360 ἔπιε,
593 5295 692 5350 καὶ
722 5290 1172 5362 ἐλιπάνθηικαι
1205 5290 1549 5361 ἐπαχύνθη,
1578 5293 1674 5347 καὶ
1713 5294 1939 5350 ἀπελά-

262 5408 477 5450 κτισεν
504 5393 537 5445 ό
560 5386 966 5458 ἡγιιπημένος.
1002 5385 1113 5438 Kal
1147 5384 1198 5438 οί
1227 5384 1297 5438 τὰ
1325 5383 1532 5455 Σόδομα
1568 5382 1625 5438 δὲ
1659 5385 1938 5452 οἰκοῦντες

267 5484 411 5552 μετά
439 5481 552 5543 τῶν
575 5478 750 5534 ἀλλων
770 5475 958 5531 κακῶν
974 5473 1224 5529 ἐντεῦθεν
1246 5473 1345 5547 τὴν
1367 5476 1742 5549 ἀπαραίτητον
1763 5478 1933 5550 όργὴν

327 5599 354 5627 ⁸
378 5594 589 5654 Coislin.
607 5591 655 5639 τί
671 5592 761 5654 γὰρ
782 5590 1130 5654 ἀναιδέστερον.
1157 5587 1345 5638 Ibidem
1366 5588 1634 5654 [eggndum
1656 5590 1941 5654 sgspicaba-

244 5652 365 5715 itur.
390 5661 525 5705 teste
568 5651 772 5715 Savj'lid,
813 5651 1043 5702 Andreas
1080 5651 1345 5709 Dounaus,
1370 5651 1402 5708 ἦ
1442 5651 1573 5700 ὅτανο
1616 5651 1707 5701 sed
1746 5651 1941 5707 hlrovis

240 5713 410 5767 ἠιοάο
438 5717 573 5766 bene
597 5713 767 5763 habet.

324 5782 356 5820 1»
379 5780 603 5836 Quatuor
622 5787 737 5836 mss.
770 5773 957 5836 ἀγαθῶν
979 5771 1108 5836 αἰτία
1124 5771 1314 5826 γίνεται.

326 5844 350 5904 ’ξ
377 5833 583 5904 ςοὶειίη.
608 5835 671 5883 δι’
694 5833 929 5904 ἀκρασίας,
948 5834 1037 5904 γὰρ
1055 5839 1154 5889 τῆς.

323 5901 351 5940 ἀ
390 5899 515 5964 κρυ.
538 5908 668 5945 unus
699 5895 843 5943 τοῦτο
864 5895 953 5957 γάρ
974 5895 1045 5941 τό.

2017 499 2235 571 ἐκείνην
2263 500 2661 557 ἐπεσπάσαντο.
2696 501 2966 555 ’Δκουσον
3001 501 3111 571 γὰρ
3151 501 3250 555 τοῦ
3285 503 3561 574 προφήτου
3601 507 3683 558 λέ·-

2018 599 2239 652 γοντος·
2273 582 2452 637 Τοῦτο
2494 580 2606 636 τὸά
2649 583 2922 654 ἀνόμημα
2959 585 3259 654 Σοδόμων,
3298 585 3390 639 ὅτι
3421 586 3493 654 ἐν
3529 591 3683 654 πλη-

2018 669 2222 740 σμονῇ
2243 671 2436 739 ἀρτων
2454 671 2834 727 ἐσπατάλων.
2860 672 3126 745 Καθάπερ
3154 673 3263 744 γάρ
3294 676 3444 745 πηγή
3476 693 3560 739 τις
3591 679 3685 732 καὶ

2021 753 2146 823 ῥίζα
2172 753 2430 823 τυγχάνει
2464 753 2573 807 τῶν
2607 756 2794 808 κακῶν
2820 755 3096 810 ἁπάντων.
3724 807 3728 811 .

2087 841 2156 904 7'.
2182 831 2335 898 Εἶδες
2368 837 2468 908 τῆς
2486 838 2798 909 ἀδηφαγίας
2813 838 2912 910 τὴν
2946 837 3188 909 βλάϐην;
3216 838 3360 912 Ὅρα
3393 857 3483 910 μοι
3523 841 3688 896 πάλιν

2018 919 2119 989 τῆς
2141 921 2396 989 νηστείας
2423 921 2493 975 τά
2512 922 2914 993 κατορθώματα
2940 934 2987 977 ο.
3013 925 3434 996 Τεσσαράκοντα
3459 926 3684 995 ἡμεοῶν

2019 1003 2273 1073 νηστείαν
2301 1002 2711 1073 ἐπιδειξάμενος
2727 1005 2759 1061 ὸ
2791 1002 2968 1071 μέγας
2997 1003 3220 1077 Μωσῆς,
3242 1005 3342 1077 τῆς
3364 1007 3684 1077 νομοθεσίας

2018 1082 2119 1147 τὰς
2153 1085 2369 1150 πλάκας
2408 1086 2594 1141 λαϐεῖν
2626 1086 2864 1158 ῆδυνήθη
2886 1104 2900 1118 ο
2933 1088 3026 1140 καὶ
3052 1089 3238 1160 ἐπειδὴ
3272 1090 3545 1144 κατελθὼν
3578 1087 3685 1144 εἶδε

2018 1166 2112 1220 τοῦ
2137 1166 2269 1221 λαοῦ
2292 1167 2391 1239 τὴν
2415 1168 2776 1240 παρανομίαν.
2806 1169 2872 1232 ἃς
2903 1170 3040 1238 μετά
3062 1170 3331 1243 τοσαύτης
3362 1173 3684 1243 προσεδρίας

2019 1248 2202 1302 λαὸεῖν
2241 1249 2448 1321 ἴσχυσε,
2482 1250 2685 1314 ταύτας
2714 1250 2874 1321 ῥίψας
2914 1251 3264 1317 συνέκλασεν,
3316 1252 3514 1306 ἄτοπον
3546 1251 3684 1308 εἶναι

2020 1329 2396 1403 λογισάμενος,
2438 1333 2707 1399 μεθύοντα
2731 1334 2859 1387 λαὸν
2890 1335 2985 1388 καὶ
3013 1335 3433 1407 παρανομοῦντα
3467 1338 3687 1407 νομοθε-

2022 1413 2144 1467 σίαν
2170 1416 2442 1468 Δεσπότου
2469 1415 2745 1482 δέξασθαι.
2767 1417 2859 1469 Διὸ
2886 1420 2981 1471 καὶ
3004 1418 3208 1490 ἐτέρων
3232 1419 3396 1473 πάλιν
3420 1421 3687 1490 τεσσαρά-

2022 1512 2186 1550 κοντα
2233 1496 2456 1568 ἡμερῶν
2501 1498 2754 1570 νηστείας
2805 1500 2999 1571 ἐδεήθη
3047 1504 3075 1555 ό
3125 1502 3429 1571 θαυμάσιος
3482 1506 3688 1567 ἐκεῖνος

2022 1579 2326 1650 προφήτης,
2373 1580 2461 1634 ἵνα
2489 1580 2690 1652 δυνηθῇ
2720 1582 2820 1646 τάς
2854 1582 2941 1637 διά
2986 1584 3087 1656 τὴν
3120 1587 3465 1656 παρανομίαν
3508 1587 3690 1640 αὐτῶν

2023 1662 2402 1734 συντριϐείσας
2452 1664 2665 1729 πλάκας
2690 1663 2713 1704 ί
2763 1666 2925 1720 πάλιν
2970 1668 3178 1723 ἀνωθεν
3219 1669 3510 1740 δεξάμενος
3557 1688 3689 1724 κατ-

2021 1747 2287 1812 ενεγκεῖν.
2319 1747 2428 1799 Καὶ
2467 1747 2496 1798 ό
2525 1746 2698 1817 μέγας
2722 1747 2779 1801 δὲ
2814 1748 3002 1812 Ἠλίας
3044 1749 3313 1803 τοσούτων
3344 1752 3566 1822 ἡμερῶν
3601 1770 3690 1821 νηο

2023 1825 2207 1880 στείαν
2254 1827 2587 1894 ἐπεδείξατο,
2620 1829 2714 1882 καὶ
2744 1829 2845 1900 τὴν
2871 1829 2963 1883 τοῦ
2994 1830 3226 1885 θανάτου
3252 1834 3542 1904 τυραννίδα
3569 1835 3688 1887 δια·

2023 1906 2231 1976 φυγὼν,
2267 1909 2361 1962 καὶ
2393 1910 2531 1980 μετά
2561 1911 2788 1982 πυρίνου
2831 1912 3074 1983 ἅρματος
3102 1913 3179 1976 ώς
3220 1916 3302 1977 είς
3332 1916 3423 1968 τὸν
3461 1917 3690 1987 οὐρανὸν

2022 1989 2284 2054 ἀνελθὼν,
2328 1993 2422 2045 καὶ
2466 1992 2678 2047 οὐδέπω
2699 1996 2792 2047 καὶ
2824 1997 3064 2071 τήμερον
3093 1995 3324 2051 θανάτου
3364 2000 3559 2069 πεῖραν
3590 2000 3688 2052 λαο

2023 2072 2154 2129 ϐών.
2186 2073 2297 2127 Kal
2331 2075 2362 2126 ὁ
2399 2075 2539 2147 ἀνὴρ
2578 2076 2634 2129 δὲ
2678 2077 2786 2130 τῶν
2831 2079 3159 2149 ἐπιθυμιῶν,
3205 2081 3417 2135 πολλῶν
3467 2082 3690 2153 ἡμερῶν

2023 2155 2278 2225 νηστείαν
2305 2155 2729 2227 ἐπιδειξάμενος,
2761 2159 2934 2223 οὕτως
2975 2160 3180 2233 ἠξιώθη
3223 2163 3324 2231 τῆς
3371 2162 3688 2236 θαυμαστῆς

2025 2236 2240 2307 ἐκείνης
2263 2238 2549 2304 ὀπτασίας,
2582 2239 2643 2302 ὃς
2667 2241 2761 2293 καὶ
2787 2241 2896 2294 τῶν
2925 2242 3155 2296 λεόντων
3184 2244 3276 2296 τὸν
3304 2244 3473 2315 θυμὸν
3505 2248 3686 2315 ἐχαλί-

2023 2335 2183 2383 νωσε,
2215 2319 2310 2373 καὶ
2333 2321 2414 2383 είς
2439 2321 2727 2391 προϐάτων
2756 2322 3069 2394 ἡμερότητα
3103 2324 3454 2395 μετέστησεν.
3489 2328 3551 2380 οὑ
3589 2328 3689 2397 τὴν

2025 2401 2187 2470 φύσιν
2236 2403 2578 2474 μεταϐαλὼν,
2628 2404 2765 2459 ἀλλά
2806 2406 2904 2476 τῆς
2947 2405 3239 2477 θηριωδίας
3286 2409 3555 2480 μενούσης
3592 2411 3690 2482 τὴν

2024 2485 2345 2557 προαίρεσιν
2372 2486 2632 2558 ἀμείψας.
2678 2487 2863 2561 Ταύτῃ
2896 2489 2992 2543 καὶ
3041 2491 3320 2546 Νινευῖται
3352 2496 3690 2567 χρησάμενοι

2022 2568 2123 2638 τὴν
2165 2568 2441 2638 ἀπόφασιν
2487 2569 2885 2624 ἀνεκαλέσαντο
2928 2570 3023 2625 τοῦ
3067 2573 3371 2638 Δεσπότου,
3416 2576 3496 2650 [5]
3550 2581 3691 2649 μετά

2023 2650 2133 2731 τῶν
2179 2651 2484 2723 ἀνθρώπιον
2520 2654 2706 2707 καὶτὸ
2749 2654 2860 2708 τῶν
2893 2654 3106 2724 ἀλόγων
3136 2658 3293 2725 γένος
3334 2660 3540 2731 ταύτην
3578 2664 3692 2716 ἐπι-

2024 2730 2299 2798 δείξασθαι
2352 2735 2874 2807 παρασκευάσαντες
2893 2775 2908 2800 ,
2969 2738 3066 2792 καὶ
3126 2739 3298 2805 οὕτως
3354 2730 3691 2810 ἀποστάντες

2024 2812 2255 2896 ἐκαστος
2292 2816 2398 2869 ἀπὸ
2437 2816 2544 2870 τῶν
2585 2817 2839 2889 πονηρῶν
2883 2820 3352 2893 ἐπιτηδευμάτων,
3378 2827 3457 2890 είς
3504 2829 3692 2896 φιλαν-

2027 2894 2274 2980 θρωπίαν
2301 2896 2693 2962 ἐξεκαλέσαντο
2718 2901 2811 2954 τὸν
2836 2900 2949 2955 τῶν
2980 2902 3237 2958 ἀπάντων
3256 2894 3552 2980 Δεσπότην.
3581 2912 3693 2965 Kal

2025 2979 2079 3031 τί
2107 2981 2237 3050 περὶ
2262 2981 2388 3043 τοὺς
2414 2980 2632 3044 δούλους
2662 2980 2743 3035 ἔτι
2768 2985 3070 3054 στρέφομαι
3092 2984 3210 3055 (καὶ
3243 2987 3353 3058 γὰρ
3373 2979 3567 3059 ἔχομεν
3594 2996 3691 3046 καὶ

2027 3062 2252 3135 ἐτέρους
2280 3061 2508 3127 πολλοὺς
2541 3063 2869 3134 ἀριθμῆσαι,
2910 3066 3004 3119 καὶ
3050 3067 3109 3119 ἐν
3143 3069 3210 3138 τῇ
3260 3070 3474 3143 Παλαιᾷ
3506 3074 3601 3128 καὶ
3634 3077 3693 3128 ἐν

2025 3146 2092 3214 τῇ
2142 3145 2318 3216 Καινῇ
2351 3144 2439 3197 διὰ
2487 3145 2692 3217 ταύτης
2740 3146 3246 3218 εὐδοκιμήσαντας),
3290 3151 3406 3205 δέον
3457 3155 3551 3208 ἐπὶ
3601 3157 3694 3210 τὸν

2028 3227 2205 3310 κοινὸν
2224 3227 2543 3310 ἀπάντωνὴ
2552 3227 2670 3310 μῶν
2696 3228 2975 3310 Δεσπότην
3001 3230 3176 3283 ἐλθεῖν
3200 3248 3216 3299 ;
3260 3232 3320 3288 '0
3345 3233 3455 3307 γὰρ
3489 3236 3693 3310 Κύριος

2028 3306 2186 3377 ἡμῶν
2204 3306 2686 3392 ΔἸησοῦς-Χριστὸς
2711 3302 2804 3363 κάὶ
2825 3310 2986 3392 αὐτὸς
3026 3302 3436 3383 τεσσαράκοντα
3466 3302 3696 3392 ἡμερῶν

2029 3388 2283 3469 νηστείαν
2333 3388 2761 3461 ἐπιδειξάμενος,
2798 3391 2941 3446 οὕτω
2983 3396 3084 3465 τῆς
3127 3397 3264 3469 πρὸς
3311 3399 3403 3452 τὸν
3449 3388 3694 3456 διάϐολον

2027 3468 2207 3540 ἡψατο
2250 3471 2448 3541 πάλης,
2481 3473 2646 3526 πᾶσιν
2671 3474 2802 3544 ἡμῖν
2827 3468 3194 3548 ὑπογραμμὸν
3218 3478 3412 3545 διδοὺς,
3440 3480 3581 3537 ὥστε
3606 3484 3697 3539 διὰ

2029 3551 2235 3637 ταύτης
2269 3551 2710 3637 καθοπλίζεσθαι,
2743 3555 2838 3608 καὶ
2857 3555 2957 3627 τὴν
2991 3557 3243 3614 ἐντεῦθεν
3275 3561 3430 3633 ἰσχὺν
3456 3567 3694 3637 προσλα..

2031 3632 2223 3699 δόντας
2264 3632 2410 3687 οὕτω
2454 3634 2898 3707 παρατάττεσθαι
2929 3639 3010 3702 είς
3036 3638 3136 3711 τὴν
3170 3641 3307 3712 πρὸς
3347 3632 3552 3700 ἐκεῖνον
3592 3650 3699 3719 μά-

2031 3743 2153 3796 χην.
2193 3725 2335 3778 Ἀλλ’
2355 3725 2587 3781 ἐνταῦθα
2616 3727 2748 3791 ῐσως
2779 3727 2958 3798 ἔροιτό
2987 3746 3074 3793 τις
3114 3730 3182 3785 ἀν
3213 3732 3322 3787 τῶν
3351 3734 3444 3801 ὀξὺ
3475 3736 3699 3806 βλεπόν-

2029 3835 2138 3872 των
2178 3817 2272 3871 καὶ
2299 3816 2735 3889 διεγηγερμένων
2758 3819 2857 3889 τὴν
2886 3818 3123 3875 διάνοιαν
3143 3837 3157 3852 ·
3183 3822 3327 3888 τινος
3368 3825 3554 3883 ἕνεκεν
3598 3831 3698 3896 τάς

2032 3910 2203 3975 αὑτὰς
2231 3911 2343 3973 τοῖς
2363 3909 2569 3973 δούλοις
2599 3910 2814 3982 ἡμέρας
2842 3914 2871 3966 ὁ
2908 3915 3183 3981 Δεσπότης
3210 3919 3489 3989 νηστεύων
3512 3925 3700 3992 φαίνε-

2032 4018 2142 4065 ται,
2167 4002 2262 4055 καὶ
2283 4001 2380 4072 οὐχ
2402 4002 2796 4074 ὑπερηκόντισα
2825 4005 2916 4060 τὸν
2944 4007 3175 4077 ἀριθμόν
3194 4025 3209 4075 ;
3239 4010 3349 4080 οὑχ
3371 4012 3555 4079 ἀπλῶς
3577 4017 3699 4072 οὐδὲ

2033 4092 2156 4161 εἰκῆ
2188 4089 2345 4145 τοῦτο
2380 4093 2708 4165 γεγένηται,
2741 4093 2877 4148 ἀλλά
2899 4097 2992 4150 καὶ
3015 4095 3174 4150 τοῦτο
3213 4100 3393 4169 σοφῶς
3433 4108 3528 4158 καὶ
3559 4108 3702 4162 κατά

2033 4181 2132 4253 τὴν
2163 4182 2368 4251 ἄφατον
2404 4183 2569 4238 αὐτοῦ
2600 4185 3026 4256 φιλανθρωπίαν.
3068 4188 3186 4242 Ἵνα
3218 4191 3326 4265 γὰρ
3361 4193 3438 4266 μὴ
3470 4199 3699 4272 νομισθῇ

2035 4274 2251 4346 δοκήσει
2283 4277 2789 4347 παραγεγενῆσθαι,
2818 4278 2912 4334 καὶ
2944 4278 3018 4350 μὴ
3049 4280 3396 4353 ἀνειληφέναι
3423 4287 3622 4356 σάρκα,
3666 4290 3700 4362 ἡ

2035 4364 2142 4430 ἔξω
2170 4365 2268 4437 τῆς
2307 4367 2521 4436 φύσεως
2548 4365 2686 4423 εἶναι
2725 4368 2827 4441 τῆς
2874 4371 3239 4445 ἀνθρωπίνης,
3283 4373 3371 4428 διά
3406 4377 3563 4432 τοῦτο
3609 4380 3703 4435 τὸν

2037 4458 2198 4511 αὑτὸν
2215 4457 2446 4529 ἀριθμὸν
2467 4459 2734 4530 νηστεύει,
2749 4461 2844 4514 καὶ
2858 4461 2920 4514 οὐ
2944 4463 3270 4534 προστίθησι
3294 4467 3416 4529 ταῖς
3445 4468 3701 4540 ἡμέραις,

2037 4549 2178 4604 ὥστε
2235 4551 2584 4621 ἐπιστομίσαι
2629 4552 2740 4606 τῶν
2791 4553 3170 4625 ἀναισχυντεῖν
3219 4560 3560 4632 βουλομένων
3602 4562 3704 4634 τὴν

2038 4641 2387 4713 φιλονεικίαν.
2428 4642 2491 4696 El
2521 4642 2632 4715 γάρ
2668 4645 2760 4699 καὶ
2794 4645 2984 4701 τούτου
3031 4651 3402 4724 γεγενημένου
3441 4655 3578 4709 είσὶν
3623 4655 3705 4709 ἐτι

2038 4735 2136 4790 καὶ
2171 4732 2267 4788 νῦν
2305 4748 2451 4800 τινες
2494 4734 2666 4790 ταῦτα
2699 4737 3004 4807 τολμῶντες
3048 4740 3411 4811 φθέγγεσθαι,
3445 4746 3495 4797 εί
3529 4746 3605 4815 μὴ
3634 4747 3703 4816 τῇ

2038 4825 2217 4898 οἰκείᾳ
2243 4825 2549 4897 προγνώσει
2593 4828 2800 4901 ταύτην
2834 4829 3012 4883 αὐτῶν
3038 4830 3261 4901 ἐξέκαμε
3289 4832 3391 4904 τὴν
3429 4833 3705 4907 ἀφορμὴν,

2038 4918 2092 4971 τί
2114 4919 2223 4973 οὐκ
2255 4917 2322 4971 ἀν
2349 4918 2712 4990 ἐπεχείρησαν
2752 4922 2961 4987 είπεῖν;
2993 4921 3093 4975 Διά
3127 4922 3286 4975 τοῦτο
3321 4924 3421 4976 οὑκ
3457 4925 3708 4996 ἀνέχεται

2042 5011 2257 5074 πλείους
2300 5009 2514 5082 ἡμέρας
2534 5011 2856 5081 νηστεῦσαι,
2885 5012 3023 5065 ἀλλά
3049 5013 3314 5077 τοσαύτας
3338 5015 3471 5079 ὅσας
3500 5018 3550 5070 οί
3582 5016 3708 5071 δοῦ-

2042 5103 2123 5157 λοι
2142 5119 2158 5134 '
2191 5102 2280 5157 ἵνα
2302 5102 2369 5156 δι’
2402 5101 2580 5156 αὐτῶν
2608 5101 2713 5155 τῶν
2739 5102 3077 5175 πραγμάτων
3107 5105 3255 5176 ἡμᾶς
3283 5105 3549 5181 παιδεύσῃ
3572 5148 3588 5175 ,
3626 5110 3709 5164 ὅτι

2042 5194 2140 5266 τὴν
2161 5194 2332 5266 αὐτὴν
2365 5193 2544 5265 σάρκα
2574 5195 2669 5248 καὶ
2696 5194 2859 5258 αὑτὸς
2895 5194 3205 5268 περιέκειτο
3234 5198 3328 5252 καὶ
3359 5199 3459 5253 οὐκ
3480 5199 3586 5266 ἔξω
3611 5204 3713 5274 τῆς

2045 5288 2258 5360 φύσεως
2286 5287 2385 5359 τῆς
2417 5286 2691 5358 ἡμετέρας
2717 5287 2980 5358 ὑπῆρχεν.

2113 5378 2178 5432 δ’·
2208 5376 2347 5430 Ἀλλ’
2364 5377 2446 5429 ὅτι
2465 5376 2566 5447 μὲν
2584 5376 2792 5447 μεγάλη
2807 5376 2907 5447 τῆς
2928 5378 3179 5449 νηστείας
3203 5380 3237 5452 ή
3264 5381 3438 5454 ἰσχὺς,
3452 5383 3549 5436 και
3577 5383 3712 5437 πολὺ

2042 5468 2105 5523 τδ
2132 5470 2196 5522 ἐκ
2224 5465 2428 5537 ταύτης
2451 5465 2641 5538 κέρδος
2660 5471 2727 5539 τῇ
2759 5468 2904 5541 ψυχῇ
2933 5472 3376 5543 προσγινόμενον.
3404 5475 3498 5528 καὶ
3521 5476 3586 5529 ἐκ
3604 5476 3715 5530 τῶν

2044 5559 2244 5614 δούλων
2273 5559 2369 5614 καὶ
2394 5560 2460 5612 ἐκ
2486 5557 2580 5612 τοῦ
2608 5559 2879 5613 Δεσπότου
2908 5561 3065 5633 δῆλον
3097 5564 3130 5635 ἡ
3140 5566 3231 5634 μίν
3257 5562 3548 5634 γεγένηται
3566 5580 3582 5596 ο
3610 5581 3715 5619 πα-

2049 5651 2272 5720 ρακαλῶ
2318 5646 2412 5705 οὖν
2441 5651 2542 5722 τὴν
2578 5651 2852 5723 ὑμετέραν
2887 5652 3107 5724 ἀγάπην
3126 5693 3143 5719 ,
3195 5653 3402 5716 εἰδότας
3446 5653 3618 5723 αὑτῆς
3652 5653 3716 5708 τὸ

2020 5802 2025 5807 -
2114 5785 2138 5836 ς
2162 5772 2288 5836 Reg.
2308 5771 2526 5832 νηστείας
2546 5773 2602 5823 τὸ
2624 5772 2927 5836 κατόρθωμα.

2084 5833 2142 5945 λὲ
2163 5831 2415 5886 εἰτ’διιιέὶι.
2441 5844 2489 5886 el
2514 5847 2687 5886 omnes
2711 5831 2971 5897 péne'mss.
2989 5852 3003 5896 ;
3018 5833 3190 5884 Morel.
3209 5831 3447 5882 mendose
3466 5832 3713 5896 σνντρίιμιι

2143 5912 2244 5945 καε.
3090 5934 3095 5939 .

2049 5912 2244 5953 πλακας.
3090 5934 3095 5939 .
