4018 6136
372 350 444 406 25
1579 357 1644 414 ΙΝ
1682 355 1831 412 CAP.
1877 354 1915 407 Ι.

2038 349 2205 406 ΞΝΕΒ.
2247 348 2478 404 "OM"...
2521 348 2583 403 ll.
3583 349 3652 403 tm

368 461 628 516 quantum
655 468 719 508 ex
750 453 841 509 illo
858 454 1168 524 sitlucrmn,
1195 476 1261 516 ne
1281 464 1568 521 utilitatem
1588 476 1812 535 tantam,
1837 487 1958 542 quae

367 559 431 598 ex
464 544 556 598 illo
579 556 814 614 paratur,
845 563 941 616 per
956 549 1214 605 desidiam
1243 556 1537 624 repellaais,
1565 577 1739 629 neque
1756 566 1959 619 contri-

366 637 582 693 stemini
611 649 830 709 propter
856 641 997 697 illius
1022 645 1336 714 adventum,
1366 649 1460 703 sed
1483 653 1760 720 gaudeatis
1788 664 1842 710 et
1867 673 1962 712 ex-

367 744 595 808 sultetis,
623 745 914 800 secundum
943 745 1151 799 beatum
1179 743 1420 807 Paulum,
1446 741 1709 796 dicentem
1732 758 1744 793 :
1772 741 1951 806 Quan-

365 844 415 886 ta
441 845 674 889 aeternus
699 847 866 890 noster
889 838 1038 889 homo
1063 834 1419 903 corrumpitur,
1453 843 1592 887 tanto
1616 833 1840 885 internus
1869 848 1950 884 re-

365 937 576 979 novatur
602 927 677 995 (2.
707 927 823 980 Cor.
850 928 906 981 4.
940 925 1050 996 16).
1080 925 1343 995 Jejunium
1364 924 1504 978 enim
1533 925 1722 976 animas
1754 931 1950 975 nostrae

361 1015 676 1068 alimentum
699 1024 798 1079 est,
822 1027 875 1070 et
896 1017 1032 1070 sicut
1052 1015 1345 1083 corporalis
1367 1014 1466 1067 iste
1487 1013 1636 1067 cibus
1659 1013 1951 1081 impingunt

361 1122 580 1176 Corpus,
615 1108 688 1161 ita
728 1117 780 1160 et
804 1107 1064 1176 jejunium
1093 1106 1322 1160 animam
1356 1104 1667 1158 habiliorem
1707 1102 1870 1158 efficit
1894 1110 1948 1156 et

362 1198 741 1262 valentiorem,
771 1199 914 1252 leves
940 1198 987 1252 ei
1015 1213 1217 1268 pennas
1243 1186 1410 1264 parat,
1445 1203 1501 1249 ut
1527 1195 1578 1248 in
1610 1194 1835 1248 sublime
1866 1193 1948 1247 fe-

361 1299 530 1351 ratur,
558 1298 613 1341 et
640 1304 843 1343 summa
868 1288 1214 1357 contemplari
1239 1297 1430 1357 queat,
1460 1286 1944 1355 voluptatibusque,

359 1393 414 1434 et
441 1381 690 1435 omnibus
713 1397 834 1450 quae
861 1381 912 1433 in
943 1381 1043 1434 hoc
1075 1381 1273 1434 mundo
1315 1379 1576 1433 habentur
1600 1378 1802 1441 suavia,
1833 1377 1946 1446 ipsa

359 1476 427 1522 sit
453 1469 696 1538 superior
717 1471 756 1522 ί.
787 1470 853 1524 Et
875 1470 1319 1538 quemadmodum
1348 1469 1571 1523 leviores
1596 1483 1759 1523 naves
1779 1467 1944 1522 maria

360 1559 600 1613 velocius
641 1569 948 1620 transeunt,
981 1569 1165 1614 contra
1203 1559 1380 1613 multis
1419 1559 1670 1612 oneribus
1709 1568 1944 1626 gravatae

357 1649 806 1717 submerguntur,
855 1650 924 1702 ita
950 1650 1209 1719 jejunium
1255 1649 1467 1719 quidem
1514 1649 1770 1704 leviorem
1815 1649 1942 1703 red-

357 1738 491 1792 dens
518 1749 771 1803 mentem,
821 1739 984 1795 efficit
1029 1749 1087 1794 ut
1131 1739 1334 1795 facilius
1366 1740 1521 1809 hujus
1563 1740 1686 1793 vitae
1727 1740 1943 1809 pelagus

359 1831 714 1895 transmittat,
741 1841 794 1886 et
823 1833 874 1885 in
903 1833 1091 1886 caelum
1121 1847 1184 1887 ac
1211 1833 1441 1888 caelestia
1469 1833 1742 1901 suspiciat,
1772 1842 1828 1887 et
1857 1833 1942 1885 ni-

358 1923 448 1974 hili
477 1923 632 1976 faciat
653 1925 957 1991 praesentia,
981 1925 1075 1979 sed
1095 1936 1153 1980 ut
1178 1925 1392 1979 umbras
1411 1936 1464 1979 et
1487 1925 1691 1979 somnia
1711 1923 1939 1993 diffuge-

358 2029 415 2066 re
440 2025 676 2068 censeat.
697 2015 892 2070 Verum
909 2017 1140 2070 ebrietas
1161 2026 1214 2071 et
1231 2017 1444 2088 crapula
1464 2016 1765 2085 degravans
1789 2031 1940 2070 men-

359 2113 486 2165 tem,
525 2113 580 2158 et
611 2104 940 2175 impinguans
968 2122 1180 2177 corpus,
1225 2109 1488 2177 captivam
1518 2105 1639 2161 facit
1669 2107 1898 2160 animam
1917 2147 1936 2172 ,

355 2193 589 2262 undique
619 2195 760 2249 illam
804 2212 1115 2266 oppugnans
1135 2238 1150 2262 ,
1180 2213 1349 2267 neque
1378 2199 1505 2252 sinit
1542 2197 1762 2252 rationis
1795 2197 1940 2267 judia

352 2281 492 2336 cium
529 2285 736 2339 firmum
779 2289 1093 2354 consistere,
1125 2289 1219 2343 sed
1266 2288 1488 2358 impellit
1514 2296 1572 2342 ut
1621 2288 1673 2342 in
1700 2303 1937 2357 praeceps

354 2372 573 2437 feratur,
616 2383 672 2429 et
698 2377 876 2432 omnia
903 2387 1086 2432 contra
1117 2379 1381 2448 propriam
1411 2378 1636 2433 salutem
1662 2390 1932 2449 operetur.

354 2463 535 2529 Igitur,
562 2465 763 2531 dilecti‘,
793 2483 862 2521 ne
882 2468 1116 2537 segniter
1145 2468 1480 2523 instituamus
1513 2483 1582 2522 ea
1601 2484 1717 2537 quae.
1745 2468 1812 2523 ad
1843 2483 1935 2522 sa-

350 2553 512 2610 lutem
555 2568 791 2612 nostram
832 2559 1091 2625 attinent;
1141 2559 1234 2614 sed
1273 2561 1502 2614 scientes
1549 2569 1744 2629 quanta
1796 2562 1934 2616 mala

351 2646 476 2701 hinc
501 2649 648 2702 nasci
677 2649 923 2715 soleant,
956 2649 1220 2721 fugiamus
1262 2652 1513 2708 damnum
1555 2654 1696 2723 quod
1735 2669 1802 2709 ex
1841 2655 1932 2709 illa

350 2740 615 2805 provenit.
640 2739 824 2810 Neque
847 2743 989 2797 enim
1017 2744 1071 2798 in
1101 2760 1236 2798 nova
1265 2746 1380 2814 lege
1408 2745 1580 2800 solum
1601 2788 1618 2812 ,
1647 2745 1736 2800 ubi
1763 2747 1934 2815 majus

349 2843 490 2886 vera:
520 2830 872 2902 philosophiae
897 2834 1153 2900 studium,
1190 2836 1394 2906 majora
1420 2838 1726 2901 certamina,
1756 2840 1932 2908 magni

346 2919 596 2984 sudores,
623 2921 790 2976 multa
827 2921 1030 2987 bravia,
1059 2934 1113 2979 et
1143 2925 1438 2980 ineffabiles
1467 2941 1699 2992 coronae,
1729 2928 1932 2983 deliciis

348 3010 502 3062 uehis
527 3010 881 3079 interdicitur,
912 3015 1006 3069 sed
1033 3015 1192 3069 etiam
1224 3016 1276 3070 in
1306 3017 1494 3078 veteri,
1521 3017 1736 3086 quando
1761 3020 1930 3074 Juda‘i

345 3097 523 3154 adhuc
554 3102 753 3156 tuner
793 3103 1127 3171 assidebaut,
1159 3115 1212 3160 et
1237 3107 1466 3161 lucernae
1493 3117 1642 3162 erant
1665 3108 1808 3162 affixi
1831 3151 1845 3170 ,
1876 3119 1930 3164 et

346 3191 492 3244 velut
528 3193 676 3259 pueri
706 3194 795 3262 qui
827 3193 964 3249 laete
987 3197 1312 3263 nutriuntur,
1344 3199 1422 3252 sic
1447 3198 1699 3268 paulatim
1727 3198 1926 3253 educa-

343 3281 558 3343 bantur,
585 3299 759 3353 neque
787 3293 911 3340 tunc
932 3287 1372 3354 permittebantur
1395 3287 1601 3342 deliciis
1621 3304 1831 3344 vacare.
1861 3290 1928 3345 Et

345 3388 412 3427 ne
439 3374 756 3429 existimetis
781 3392 878 3431 nos
903 3386 1104 3434 temere
1131 3379 1348 3434 delicias
1375 3393 1684 3436 accusantes
1715 3385 1812 3437 ista
1841 3384 1925 3438 di-

342 3476 465 3517 cere
490 3505 508 3529 ,
539 3465 719 3520 audite
764 3469 1078 3537 prophetam
1118 3471 1198 3524 sic
1234 3471 1536 3541 loquentem
1569 3490 1582 3526 :
1625 3473 1713 3527 Via
1751 3475 1813 3528 iis
1840 3479 1926 3544 qui

341 3556 541 3609 veniunt
568 3557 637 3610 ad
665 3557 798 3611 diem
824 3561 1014 3613 malum
1032 3600 1047 3624 ,
1077 3561 1378 3615 dormientes
1404 3563 1456 3615 in
1502 3562 1640 3617 lectis
1672 3563 1922 3632 eburneis,

339 3653 386 3697 et
415 3645 726 3701 lasciuientes
748 3648 801 3701 in
829 3650 1000 3702 stratis
1023 3651 1147 3715 suis,
1178 3652 1491 3707 concedentes
1516 3655 1687 3708 laedas
1715 3671 1778 3709 ear
1804 3673 1921 3726 gre-

337 3735 504 3803 gibus,
531 3747 578 3790 et
606 3739 786 3792 vitulos
811 3756 875 3793 ea:
899 3741 1065 3795 medio
1088 3750 1424 3796 «mentorum
1464 3744 1721 3812 lactentes,
1748 3746 1922 3801 biben-

337 3835 409 3880 tes
429 3827 728 3898 defccatunt
754 3831 926 3883 vinum
944 3872 958 3893 ,
985 3843 1031 3886 et
1059 3833 1289 3910 pretiosis
1313 3837 1574 3905 unguentis
1601 3839 1754 3902 uncti,
1776 3840 1922 3910 quasi

335 3917 522 3969 stantia
548 3918 655 3971 laws
693 3918 924 3974 arbitrati
945 3931 1080 3988 sunt,
1109 3908 1155 3976 et
1182 3939 1280 3976 non
1305 3925 1447 3993 quasi
1472 3927 1713 3996 fugientia
1746 3908 1921 3999 (duros

337 4003 390 4058 6.
420 4006 563 4074 3-5).
594 4006 814 4062 Vidistis
854 4019 1107 4078 quantam
1136 4015 1530 4068 accusationem
1561 4027 1744 4070 contra
1787 4019 1922 4072 deli-

334 4096 448 4150 cias
475 4095 659 4151 afferat
690 4099 946 4169 propheta
966 4141 983 4168 ,
1015 4101 1174 4172 idque
1212 4118 1331 4158 cum
1373 4104 1572 4161 Jiularis
1604 4107 1875 4162 disserens
1897 4147 1915 4174 ,

333 4186 578 4255 stupidis,
614 4186 852 4257 ingratis,
875 4197 930 4244 et
950 4191 1188 4263 quotidie
1211 4195 1379 4248 ventri
1400 4195 1636 4250 deditis?
1665 4197 1919 4253 Conside-

333 4284 450 4331 rate
475 4278 618 4332 enim
658 4279 940 4337 verborum
979 4282 1304 4354 diligentiam
1341 4304 1354 4339 :
1382 4302 1502 4342 cum
1528 4291 1670 4342 enim
1702 4290 1914 4345 illorum

333 4368 688 4436 vituperasset
725 4372 994 4442 crapulam
1035 4385 1090 4428 et
1130 4375 1466 4431 immodicam
1514 4380 1914 4449 temulentiam,

335 4465 458 4512 tunc
479 4459 713 4514 subdidit
743 4479 755 4514 :
783 4462 944 4528 Quasi
967 4466 1152 4518 stantia
1171 4466 1398 4520 arbitrati
1422 4479 1557 4534 sunt,
1582 4479 1628 4524 et
1649 4487 1750 4524 non
1768 4473 1916 4541 quasi

332 4547 575 4618 fugientia
594 4567 614 4604 :
632 4560 835 4606 tantum
853 4569 964 4608 non
993 4557 1302 4622 ostendens,
1326 4558 1550 4628 gutturis
1567 4569 1621 4614 et
1650 4561 1908 4618 labiorum

333 4647 486 4693 tenus
513 4655 632 4694 esse
655 4641 862 4697 fruendi
888 4645 1235 4713 voluptatem,
1257 4657 1312 4702 et
1340 4649 1474 4704 ultra
1507 4666 1610 4705 nou
1638 4653 1904 4722 progredi.

401 4727 573 4783 Fluxa
596 4727 935 4787 humanarum
962 4752 1132 4789 rerum
1161 4747 1368 4796 natura.
1381 4741 1507 4794 —At
1525 4743 1767 4811 voluptas
1789 4744 1908 4813 qui-

327 4819 448 4873 dem
473 4822 645 4876 brevis
667 4833 771 4889 est,
796 4839 860 4879 ac
885 4829 1222 4896 temporaria,
1250 4829 1402 4884 dolor
1425 4840 1604 4886 autem
1625 4845 1912 4903 perpetuus

324 4919 381 4964 et
406 4909 512 4967 fine
533 4927 742 4968 carens.
773 4913 840 4968 Et
867 4915 1013 4983 haec,
1046 4916 1237 4988 inquit,
1266 4933 1386 4974 cum
1415 4921 1739 4992 experientia
1765 4925 1906 4980 didi-

322 5004 514 5066 cerint,
551 5002 710 5070 Quasi
735 5007 920 5060 stantia
959 5007 1187 5062 arbitrati
1213 5019 1331 5063 sunt
1359 5012 1570 5079 omnia,
1603 5023 1658 5068 et
1680 5030 1903 5070 manen-

322 5093 414 5158 tia,
441 5103 489 5148 et
517 5111 617 5149 non
645 5095 792 5166 quasi
819 5099 1084 5169 fugientia,
1110 5099 1212 5156 hoc
1231 5111 1334 5167 est,
1355 5105 1638 5172 avolantia,
1670 5115 1724 5161 et
1749 5123 1815 5162 ue
1837 5109 1901 5164 ad

317 5193 650 5239 momentum
700 5188 913 5257 quidem
963 5195 1346 5260 permanentia.
1400 5195 1542 5250 Talia
1596 5200 1736 5252 enim
1779 5211 1904 5257 sunt

314 5274 492 5327 omnia
541 5277 769 5331 humana
809 5287 863 5334 et
902 5283 1132 5336 carnalia
1165 5301 1178 5336 :
1211 5284 1442 5339 nondum
1487 5297 1632 5344 recte
1672 5289 1902 5345 advene-

313 5373 457 5424 runt,
488 5372 542 5418 et
567 5365 848 5422 avolarunt
877 5387 890 5424 :
921 5371 1217 5427 istiusmodi
1245 5383 1366 5428 sunt
1386 5375 1609 5441 deliciae,
1633 5379 1899 5435 istiusmo-

311 5451 365 5508 di
410 5455 640 5510 humana
687 5459 852 5527 gloria
891 5473 945 5515 et
991 5465 1257 5530 potentia:
1313 5467 1610 5543 istiusmodi
1657 5469 1894 5540 divitiae;

309 5541 610 5601 istiusmodi
641 5549 887 5605 universa
919 5551 1077 5622 hujus
1117 5555 1237 5610 vitae
1263 5541 1608 5628 prosperitas,
1639 5561 1770 5616 nihil
1801 5562 1894 5617 fir-

309 5677 405 5754 :__‘_
418 5676 760 5754 (fgjsl‘iuabpnc
783 5696 980 5734 sensum
1000 5686 1142 5737 effert
1159 5725 1172 5748 ,
1196 5687 1510 5754 uoluptatibus
1531 5699 1576 5743 et
1602 5691 1690 5743 hoc
1712 5701 1891 5747 mundo

300 5748 406 5793 Ipsa
429 5745 492 5786 sit
509 5745 749 5792 superior.

2065 480 2208 518 mum
2236 462 2456 526 habens,
2490 463 2618 518 nihil
2644 463 2957 526 subsistens,
2989 463 3116 518 nihil
3143 465 3336 527 fixum;
3364 462 3462 517 sed
3482 465 3650 535 magis

2059 573 2216 625 quam
2242 554 2516 610 fluminum
2541 555 2734 610 fluenta
2766 557 3142 625 prmtcrcurrit,
3174 557 3446 626 nudosque
3473 571 3534 608 ac
3556 571 3649 608 $0-

2059 645 2142 699 los
2171 647 2421 714 relinquit
2460 660 2554 699 eos
2579 646 2665 713 qui
2715 646 2816 699 illis
2861 646 3123 700 inhiant'.
3167 645 3324 714 Atqui
3354 645 3644 714 Spiritualia

2061 752 2163 790 non
2194 747 2317 790 sunt
2357 737 2476 790 talia
2501 776 2516 801 ,
2561 735 2655 789 sed
2697 751 2850 789 secus
2879 752 2939 790 ac
2967 739 3177 791 diverso
3207 737 3365 801 modo
3409 737 3643 802 habent,

2057 843 2215 897 quam
2264 827 2346 882 illa
2383 844 2396 881 :
2425 839 2547 880 sunt
2591 828 2731 881 enim
2765 830 2913 880 firma
2934 868 2947 890 ,
2979 829 3298 889 immobilia,
3325 827 3644 882 vicissitudi-

2059 933 2177 970 nem
2213 932 2316 970 non
2347 917 2678 986 accipientia,
2705 917 2770 970 ad
2799 933 2956 971 omne
2981 919 3233 980 sarculum
3261 933 3317 971 se
3352 919 3644 972 extenden-

2057 1006 2149 1060 tia.
2178 1005 2398 1072 Quantae
2436 1007 2593 1075 igitur
2620 1021 2725 1059 non
2751 1005 2912 1060 fuerit
2939 1006 3221 1060 dementiae
3262 1008 3494 1060 nutantia
3519 1022 3639 1060 cum

2057 1095 2417 1149 immobilibus
2445 1107 2774 1150 commutare
2804 1115 2818 1151 :
2854 1093 3160 1166 temporalia
3189 1112 3308 1150 cum
3337 1098 3400 1150 iis
3437 1113 3555 1166 quae
3588 1098 3638 1150 in

2055 1169 2304 1242 Saeculum
2333 1187 2584 1242 duratura
2627 1199 2787 1253 sunt;
2832 1199 3088 1260 perpetuo
3131 1189 3395 1242 manentia
3426 1205 3546 1243 cum
3576 1189 3639 1242 iis

2053 1292 2170 1347 quae
2209 1279 2452 1341 avolant;
2483 1289 2536 1332 et
2561 1295 2622 1334 ea
2661 1295 2777 1350 quae
2819 1281 2970 1334 nobis
3002 1282 3104 1334 illic
3133 1291 3291 1351 grave
3321 1282 3636 1350 supplicium

2055 1369 2287 1438 paritura
2308 1378 2454 1434 sunt,
2478 1386 2597 1424 cum
2627 1371 2690 1424 iis
2710 1387 2826 1440 quae.
2849 1373 2900 1424 in
2921 1372 3096 1425 futuro
3117 1373 3314 1426 saeculo
3333 1372 3634 1427 felicitatem

2051 1474 2311 1514 summam
2342 1445 2607 1514 all'eruitt?
2637 1461 2781 1524 Haec,
2809 1463 3053 1526 obsecro,
3084 1465 3260 1517 omnia
3287 1465 3638 1519 consideran-

2053 1559 2153 1614 tes,
2181 1550 2378 1612 dilecti,
2414 1568 2765 1620 magnamque
2789 1555 2971 1608 salutis
3002 1567 3200 1610 nostra:
3225 1571 3404 1610 curam
3437 1557 3635 1611 haben-

2051 1649 2166 1704 tes,
2206 1657 2553 1711 aspernemur
2594 1643 2812 1698 delicias
2837 1655 2891 1699 et
2932 1647 3144 1700 inutiles
3189 1655 3242 1701 et
3271 1648 3631 1716 perniciosas;

2048 1731 2702 1802 aniplexcmurjejuuium,
2719 1751 3036 1804 omnemque
3053 1737 3206 1790 aliam
3224 1738 3632 1806 philosophiam,

2047 1832 2102 1876 et
2129 1839 2374 1892 magnam
2397 1827 2516 1880 vita:
2540 1826 2889 1882 eahibeamus
2910 1830 3281 1896 mutationem,
3309 1845 3372 1884 ac
3397 1831 3634 1899 quotidie

2047 1914 2114 1968 ad
2141 1913 2346 1982 agenda
2367 1915 2501 1968 bona
2532 1931 2695 1984 opera
2732 1917 3040 1972 festinemus
3070 1936 3087 1972 a
3113 1929 3172 1972 ut
3199 1935 3318 1974 cum
3352 1936 3446 1989 per
3474 1936 3633 1974 omne

2049 2016 2257 2075 tempus
2282 2018 2480 2062 sanctae
2513 2009 2944 2079 Quadragesimm
2971 2012 3275 2082 spirituales
3304 2030 3510 2069 merces
3539 2031 3634 2068 ne~

2043 2097 2226 2165 gotiati
2256 2097 2530 2166 fuerimus,
2557 2110 2611 2153 et
2630 2095 2823 2154 multas
2843 2103 3092 2168 virtutum
3113 2103 3321 2158 divitias
3349 2119 3632 2173 congesse-

2044 2187 2230 2252 rimus,
2262 2189 2338 2242 sic
2367 2205 2665 2244 mercamur
2694 2200 2748 2245 et
2775 2191 2839 2246 ad
2880 2203 3120 2248 sanetum
3155 2195 3359 2248 llomini
3387 2197 3524 2249 diem
3553 2195 3630 2266 (η)

2044 2279 2338 2347 pervenire,
2373 2288 2564 2334 etcum
2595 2281 2784 2336 fiducia
2831 2284 2896 2336 ad
2925 2284 3251 2338 tremendam
3289 2295 3344 2339 et
3379 2286 3628 2354 Spiritua-

2043 2368 2146 2422 lem
2196 2384 2431 2423 mensam
2463 2375 2717 2425 accedere
2741 2413 2755 2437 ,
2789 2374 3174 2442 participesque
3207 2374 3317 2427 fieri
3349 2391 3466 2428 cum
3500 2391 3628 2443 pura

2041 2461 2366 2515 conscientia
2405 2462 2746 2516 ineffabiliutn
2776 2464 2984 2517 illorum
3027 2474 3082 2518 et
3127 2467 3499 2520 immortalium
3530 2466 3628 2520 ho-

2042 2564 2255 2615 norum,
2283 2566 2344 2604 ac
2375 2551 2580 2618 impleri
2608 2569 2669 2608 ea
2692 2571 2810 2622 qtiae
2841 2556 2983 2609 illinc
3011 2559 3254 2625 provenit
3282 2560 3472 2626 gratia,
3507 2575 3625 2626 prc-

2040 2640 2190 2693 cibus
2211 2651 2264 2696 et
2286 2641 2665 2700 intercessione
2680 2661 2887 2711 eorum,
2910 2649 3000 2717 qui
3028 2651 3334 2716 placuerunt
3354 2652 3450 2718 ipsi
3473 2651 3595 2705 Chri
3611 2682 3624 2691 -

2039 2739 2123 2784 sto
2151 2732 2397 2787 elementi
2437 2734 2548 2787 Deo
2589 2747 2806 2804 nostro,
2834 2753 2956 2792 cum
2994 2755 3100 2809 quo
3142 2741 3280 2795 Patri
3320 2757 3382 2795 ac
3410 2741 3623 2810 Spiritui

2039 2833 2223 2875 saneto
2246 2823 2414 2891 gloria
2437 2865 2453 2889 ,
2483 2825 2761 2896 imperium
2783 2868 2798 2889 ,
2831 2828 3024 2898 honor,
3052 2847 3192 2886 nunc
3218 2840 3274 2886 et
3300 2848 3532 2903 semper,
3571 2843 3624 2890 et

2040 2910 2092 2964 in
2123 2913 2315 2965 saecula
2343 2915 2679 2969 saeculorum.
2714 2918 2904 2972 Amen.

2640 3007 2916 3063 llOMlLIA
2958 3009 3021 3064 11.

2111 3092 2176 3146 1η
2199 3095 2466 3149 creationis
2509 3097 2811 3166 principium
2838 3117 2856 3154 :
2890 3100 2943 3153 In
2973 3101 3231 3170 principio
3264 3101 3384 3157 fecit
3415 3103 3552 3160 Deus

2373 3187 2563 3242 caelum
2586 3198 2642 3243 et
2662 3199 2857 3245 terram
2878 3194 2898 3222 ³
2925 3193 3078 3260 (Gen.
3114 3194 3164 3248 ί.
3191 3195 3266 3264 t).

2107 3275 2158 3328 1.
2208 3276 2427 3332 Vestros
2466 3294 2567 3347 ego
2595 3279 2753 3336 hodie
2777 3283 3034 3338 amabiles
3065 3284 3276 3340 intuens
3305 3287 3506 3352 vultus,
3535 3287 3618 3342 in-

2033 3366 2176 3433 genti
2206 3367 2478 3437 voluptate
2497 3371 2749 3438 impleor.
2788 3373 3000 3428 Etenim
3024 3391 3092 3430 ne
3123 3386 3300 3443 patres
3323 3378 3535 3447 quidem
3559 3378 3618 3432 fi-

2033 3459 2223 3512 liorum
2253 3469 2491 3514 amantes
2519 3471 2724 3516 tantum
2749 3465 2984 3532 gaudent
3013 3481 3075 3518 ac
3104 3467 3352 3520 laetantur
3385 3469 3618 3522 circum-

2031 3549 2295 3604 stantibus
2317 3551 2417 3605 illis
2439 3591 2454 3615 ,
2485 3561 2541 3606 et
2565 3554 2670 3606 alio
2690 3554 2710 3584 ³
2741 3555 2968 3623 quodam
2998 3555 3192 3613 decore
3219 3559 3620 3629 ministerioque

2031 3639 2350 3706 voluptatem
2376 3642 2475 3695 sibi
2523 3643 2866 3699 offerentibus
2887 3687 2902 3710 ,
2925 3657 3184 3715 quantum
3206 3664 3305 3718 ego
3331 3665 3472 3706 nunc
3490 3667 3618 3718 gau-

2029 3731 2132 3784 deo
2158 3739 2213 3784 et
2258 3731 2430 3797 laetor,
2458 3735 2582 3799 quia
2628 3735 2782 3788 video
2826 3746 3058 3790 vestrum
3103 3740 3430 3808 Spiritualem
3474 3741 3619 3795 hunc

2029 3829 2228 3875 emtum
2252 3829 2356 3876 tam
2385 3823 2692 3892 compositis
2713 3826 3017 3894 ornatisque
3038 3827 3274 3880 moribus
3296 3827 3380 3882 hic
3401 3830 3617 3896 adesse.

2027 3923 2082 3969 et
2110 3914 2394 3968 immodico
2421 3914 2666 3970 audiendi
2693 3917 2900 3987 eloquia
2926 3917 3006 3971 div
3020 3919 3100 3972 ina
3128 3902 3617 3991 desiderioﬂagra-

2025 4020 2106 4070 re,
2160 4006 2586 4076 contemptisque
2635 4007 2940 4066 carnalibus
2975 4009 3166 4077 epulis,
3221 4011 3286 4064 ad
3337 4012 3615 4081 spirituale

2023 4097 2322 4150 convivium
2353 4097 2698 4162 contendere,
2731 4108 2784 4153 et
2809 4114 2869 4153 re
2899 4099 3008 4166 ipsa
3034 4101 3383 4168 comprobare
3408 4102 3608 4158 dictum

2025 4183 2156 4238 illud
2205 4185 2409 4239 Domini
2445 4205 2457 4238 :
2495 4185 2613 4239 Non
2663 4187 2715 4238 in
2745 4203 2876 4256 pane
2902 4188 3010 4242 solo
3050 4190 3173 4242 vivet
3216 4189 3402 4256 homo,
3430 4191 3518 4245 sed
3554 4192 3610 4246 in

2023 4277 2160 4329 omni
2197 4277 2342 4330 verba
2383 4277 2518 4347 quod
2555 4279 2806 4347 egreditur
2834 4296 2923 4348 per
2951 4295 3008 4333 os
3043 4268 3142 4334 Dei
3185 4280 3398 4353 (Matth.
3435 4283 3491 4336 4.
3523 4283 3604 4353 4).

2021 4366 2263 4434 Agedum
2290 4375 2343 4420 et
2372 4382 2470 4420 nos
2495 4383 2704 4436 quoque
2723 4369 2978 4436 agricolas
3003 4370 3270 4425 imitemur
3293 4391 3306 4425 :
3335 4388 3397 4427 ac
3416 4389 3608 4442 quem-

2021 4457 2310 4511 admodum
2339 4457 2414 4510 illi
2440 4457 2605 4511 sicubi
2636 4474 2820 4526 agrum
2852 4472 3213 4530 repurgatum,
3241 4471 3296 4516 ct
3321 4463 3389 4516 ab
3409 4463 3604 4519 herba-

2020 4563 2138 4601 rum
2168 4547 2504 4601 noeumentis
2530 4548 2752 4602 liberum
2780 4549 3029 4616 viderint,
3061 4552 3288 4607 ubertim
3315 4557 3600 4612 seminant:

2019 4638 2090 4692 ita
2117 4638 2369 4706 quoniam
2397 4653 2538 4693 nunc
2566 4639 2840 4707 spirituale
2869 4639 2973 4694 hoc
3001 4653 3240 4696 nostrum
3269 4661 3477 4712 arvum,
3507 4647 3602 4704 Dei

2015 4731 2204 4799 gratia,
2235 4745 2424 4799 purum
2468 4741 2550 4784 est
2592 4732 2660 4784 ah
2685 4732 3048 4788 atiectionibus
3088 4751 3206 4804 qua:
3247 4737 3602 4796 interturbaro

2016 4823 2280 4886 solebant,
2307 4823 2572 4878 sublatum
2594 4840 2803 4895 quoque
2822 4835 2905 4880 est
2927 4844 2958 4881 e
2981 4827 3156 4881 medio
3177 4830 3460 4898 voluptatis
3487 4841 3601 4886 stu-

2014 4916 2183 4982 dium,
2213 4924 2267 4970 et
2292 4931 2548 4986 nusquam
2577 4919 2825 4987 procella,
2848 4934 3108 4988 nusquam
3138 4929 3424 4989 tempestas
3447 4924 3596 4992 cogi-

2015 5009 2269 5062 tationum
2292 5050 2307 5074 ,
2339 5008 2430 5063 sed
2475 5009 2826 5078 tranquillitas
2853 5021 2908 5063 et
2937 4999 3124 5079 magna
3176 5010 3328 5078 quies
3354 5015 3550 5070 mentis
3573 5055 3592 5081 ,

2011 5114 2129 5169 quae
2145 5099 2435 5167 spiritualia
2456 5115 2562 5168 prae
2583 5099 2884 5154 carnalibus
2904 5100 3083 5154 animo
3101 5102 3354 5172 concipit,
3370 5114 3424 5158 et
3442 5109 3594 5176 quasi

2010 5191 2296 5258 assumptis
2320 5190 2416 5244 alis
2446 5205 2612 5258 usque
2648 5191 2701 5244 iu
2729 5191 2916 5244 caelum
2953 5190 3123 5258 ipsum
3145 5233 3161 5257 ,
3194 5203 3252 5246 ut
3277 5195 3348 5248 ita
3376 5195 3588 5265 dicam,

2007 5281 2254 5337 subvolat
2273 5297 2291 5341 ς
2324 5281 2504 5350 paucis
2525 5282 2680 5336 hodie
2699 5281 2838 5352 apud
2863 5281 3139 5338 caritatem
3157 5292 3387 5341 vestram
3414 5287 3588 5344 disse-

2031 5515 2041 5524 .
2071 5455 2089 5486 ι
2123 5452 2286 5511 coisl.,
2309 5454 2554 5514 nudosque
2587 5466 2647 5504 ac
2669 5451 2792 5504 solas
2811 5468 2892 5506 nos
2933 5452 3175 5518 reimquit.
3193 5452 3334 5521 Atqui
3345 5450 3580 5514 spiritua-

2005 5515 2087 5607 ha;
2108 5524 2430 5648 gfiéliniauus
2449 5574 2612 5625 addit:
2643 5583 2788 5626 Terra
2825 5585 2985 5629 autem
3014 5577 3262 5633 invisibilis
3295 5594 3403 5634 erat
3432 5591 3482 5635 et
3512 5585 3586 5634 in-

2331 5697 2528 5755 omlttit,
2550 5695 2665 5755 alio,
2688 5707 2844 5748 recte.

2064 5759 2136 5817 (α)
2171 5765 2267 5807 Hoc
2289 5767 2364 5808 est
2380 5766 2595 5808 sanctum
2618 5760 2807 5809 Pascha.
