4018 6136
368 359 438 414 97
1149 346 1209 403 S.
1250 341 1527 401 JOANNIS
1563 335 2034 397 CHRYSOSTOMI
2073 331 2389 391 ARCHIEP.
2426 325 2966 387 CONSTANTINOP.
3573 320 3641 377 28

373 484 590 533 ramus,
624 477 678 523 et
721 464 974 538 appositis
1011 461 1304 532 Scripturze
1352 458 1543 513 divina:
1595 454 1951 526 dogmatibus,

374 563 649 619 subtiliora
679 559 833 612 hodie
877 556 1024 609 adire
1053 568 1208 608 sensa
1240 558 1528 606 tentemus.
1557 547 1690 603 Nam
1729 547 1775 599 si
1811 558 1957 599 nunc

379 654 481 707 hoc
509 667 614 706 non
659 647 962 711 fecerimus,
992 658 1113 697 cum
1140 640 1399 711 jejunium
1444 647 1527 693 est
1567 646 1621 693 et
1664 635 1800 705 gulae
1825 648 1957 689 con-

376 750 642 811 temptus,
672 748 727 792 et
768 746 912 790 tanta
953 734 1210 789 bonarum
1251 729 1628 800 cogitationum
1654 727 1954 781 serenitas:

380 830 591 903 quando
622 829 747 883 talia
773 834 968 880 vestrae
992 822 1197 879 caritati
1224 832 1491 889 apponere
1520 813 1855 886 poterimus?
1877 814 1960 866 An

380 902 501 977 cum
522 921 750 975 aderunt
778 917 984 973 deliciae
1006 955 1022 981 ,
1047 911 1462 968 comessationes
1481 949 1497 973 ,
1526 916 1580 961 et
1600 919 1787 975 magna
1812 902 1959 958 desi-

378 1015 507 1070 dia?
528 1012 667 1080 Quin
688 1020 813 1065 tunc
836 1022 1009 1077 neque
1036 1005 1133 1075 ipsi
1159 1046 1175 1070 ,
1206 1012 1265 1057 ut
1291 1017 1384 1071 par
1417 1010 1519 1066 est,
1547 999 1650 1053 hoc
1684 997 1959 1062 faciemus,

383 1118 557 1174 neque
581 1115 681 1156 vos
704 1098 901 1168 aliquid
916 1106 1105 1151 eorum
1138 1109 1255 1163 qua:
1280 1092 1540 1156 dicentur,
1571 1089 1724 1158 quasi
1750 1102 1780 1140 a
1807 1095 1961 1145 tene-

382 1196 493 1252 bris
516 1192 829 1265 quibusdam
849 1207 876 1243 a
903 1186 1277 1259 cogitationum
1306 1182 1537 1255 procella
1566 1179 1849 1245 submersi,
1866 1193 1963 1233 ex-

383 1288 564 1357 cipere
588 1281 851 1354 poteritis.

460 1373 871 1442 Quadragesimte
903 1378 1096 1439 tempus
1131 1375 1303 1438 aptum
1328 1362 1671 1442 concigu’bus.
1708 1389 1781 1401 —-
1816 1357 1966 1414 Nunc

460 1379 871 1442 Quadragest'mre
903 1379 1096 1439 tempus
1131 1379 1303 1438 aptum
1328 1379 1671 1507 εοηειῗηοαε.
1708 1389 1781 1401 --
1816 1379 1966 1414 nunc

390 1474 569 1518 autem
601 1472 811 1530 tempus
849 1459 950 1513 hoc
969 1500 984 1524 ,
1014 1459 1059 1512 si
1086 1457 1226 1527 quod
1256 1454 1398 1511 aliud
1427 1493 1442 1519 ,
1504 1453 1632 1508 iisce
1671 1449 1967 1518 disciplinis

389 1556 618 1610 maxime
642 1553 887 1607 idoneum
913 1559 1029 1607 est:
1063 1548 1275 1620 quando
1294 1561 1444 1602 serva
1460 1545 1570 1614 jam
1612 1558 1717 1598 non
1744 1541 1970 1610 insurgit

387 1643 642 1698 adversus
671 1641 977 1705 dominam,
1006 1639 1100 1693 sed
1146 1637 1371 1691 libenter
1397 1635 1500 1689 fert
1522 1632 1791 1697 habenas,
1818 1628 1970 1684 facile

388 1732 758 1803 persuadetur,
786 1730 1003 1784 multam
1032 1743 1140 1797 prae
1157 1742 1216 1781 se
1235 1725 1341 1781 fert
1373 1724 1749 1785 obedientiam,
1768 1721 1969 1776 incom-

389 1825 591 1895 positos
633 1822 808 1876 earnis
837 1830 1014 1875 motus
1036 1816 1360 1887 compescit,
1387 1823 1443 1869 et
1475 1814 1613 1868 intra
1642 1826 1768 1866 suos
1792 1818 1972 1865 manet

389 1918 663 1972 terminos.
703 1910 974 1982 Jejunium
1018 1911 1162 1966 enim
1204 1918 1285 1963 est
1324 1907 1621 1961 animarum
1668 1913 1970 1957 nostrarum

390 2007 763 2077 tranquillitas,
793 2017 977 2059 senum
1002 2001 1186 2067 decor,
1211 1998 1609 2053 adolescentum
1631 1991 1972 2064 pzedagogus,

390 2098 775 2154 continentium
838 2095 1125 2163 magister,
1180 2089 1320 2160 quod
1386 2101 1600 2143 omnem
1656 2091 1870 2139 aetatem
1920 2088 1977 2136 et

391 2204 575 2244 sexum
602 2188 752 2256 quasi
777 2184 1075 2240 diademate
1093 2182 1321 2252 quodam
1350 2186 1522 2232 ornat.
1561 2175 1829 2245 Nusquam
1875 2172 1979 2227 ho-

394 2279 483 2332 die
519 2276 802 2339 tumultus,
835 2272 922 2327 vel
963 2271 1164 2326 clamor
1186 2310 1200 2332 ,
1231 2269 1314 2322 vel
1338 2266 1577 2322 carnium
1621 2262 1974 2327 coneisiones,

397 2368 478 2421 vel
498 2379 788 2434 coqnornm
816 2362 1125 2416 discursus:
1157 2357 1253 2412 sed
1284 2356 1460 2412 omnia
1490 2355 1577 2408 illa
1617 2352 1863 2407 abierunt
1882 2388 1898 2414 ,
1923 2358 1979 2404 et

398 2459 515 2513 haec
541 2458 727 2512 civitas
750 2456 1026 2507 honestam
1055 2449 1361 2520 quamdam,
1391 2446 1748 2504 continentem
1769 2484 1784 2509 ,
1811 2450 1865 2497 et
1886 2456 1978 2495 so-

401 2551 568 2607 briam
601 2557 895 2601 matronam
940 2544 1194 2598 imitatur.
1237 2539 1385 2595 Unde
1412 2554 1533 2594 cum
1571 2551 1781 2592 mecum
1806 2533 1980 2604 cogito

401 2641 726 2711 repentinam
757 2636 1103 2692 mutationem
1142 2631 1298 2687 hodie
1332 2630 1523 2686 factam
1546 2638 1602 2684 et
1642 2637 1827 2697 repeto
1862 2639 1980 2681 me-

402 2733 569 2787 moria
588 2731 821 2786 hesterni
838 2729 943 2784 diei
964 2725 1433 2797 perturbationem,
1456 2720 1710 2785 admiror,
1727 2728 1781 2774 et
1799 2717 1984 2772 obstu-

405 2838 564 2893 pesco
583 2821 769 2892 jejunii
798 2820 935 2874 vires
960 2827 1015 2873 et
1042 2815 1352 2886 potentiam,
1386 2808 1653 2882 quomodo
1672 2808 1724 2863 in
1746 2806 1986 2876 singulo-

405 2931 522 2969 rum
550 2912 900 2969 conscientias
925 2910 1219 2978 ingressum
1240 2946 1254 2970 ,
1287 2899 1744 2959 transformaverit
1781 2897 1983 2967 cogita-

405 3008 578 3062 tiones
602 3046 617 3071 ,
666 3003 1035 3074 expurgaverit
1086 3006 1317 3054 mentem
1343 3037 1358 3061 ,
1417 3009 1524 3050 non
1581 2991 1985 3062 magistratuum

406 3107 609 3151 tantum
630 3136 646 3160 ,
668 3094 762 3150 sed
795 3101 850 3148 et
878 3091 1241 3162 privatorum:
1272 3102 1378 3141 non
1420 3084 1709 3138 liberorum
1744 3088 1945 3134 tantum
1964 3117 1982 3143 ,

407 3187 501 3241 sed
522 3194 576 3240 et
593 3198 870 3239 servorum
904 3195 919 3233 :
951 3196 1055 3234 nor.
1080 3180 1314 3232 virorum
1340 3183 1565 3239 tantum,
1595 3171 1689 3227 sed
1714 3180 1768 3226 et
1796 3170 1986 3225 mulie-

408 3290 690 3340 rum;non
728 3273 949 3328 divitum
995 3279 1237 3336 tantum,
1280 3266 1375 3322 sed
1408 3274 1463 3321 et
1505 3277 1833 3334 pauperum;
1880 3276 1985 3316 non

411 3383 601 3424 eorum
626 3373 829 3420 tantum
857 3363 946 3433 qni
968 3362 1206 3418 Graecam
1232 3360 1462 3427 linguam
1492 3356 1664 3411 edocti
1692 3363 1846 3419 sunt,
1893 3351 1985 3407 sed

418 3468 473 3514 et
501 3456 869 3511 barbarorum.
909 3452 1012 3508 Sed
1042 3450 1166 3522 quid
1192 3450 1313 3504 dico
1340 3448 1739 3517 magistratuum
1785 3451 1841 3500 et
1878 3444 1989 3514 pri-

414 3548 692 3602 vatorum?
723 3546 893 3599 Etiam
906 3544 1019 3614 ejus
1038 3545 1053 3575 ¹
1076 3542 1162 3613 qui
1188 3539 1431 3596 diadema
1454 3545 1642 3607 gestat,
1663 3535 1906 3590 similiter
1936 3541 1992 3587 ut

413 3639 636 3693 aliorum
657 3678 674 3703 ,
701 3635 1077 3691 conscientiam
1119 3631 1183 3686 ad
1216 3630 1352 3685 hanc
1370 3627 1724 3683 obedientiam
1767 3623 1988 3679 inflexit.

418 3728 527 3782 Nec
564 3727 720 3781 hodie
748 3726 912 3779 ullum
942 3723 1227 3778 discrimen
1271 3721 1409 3775 inter
1437 3732 1675 3774 mensam
1727 3715 1903 3771 divitis
1939 3722 1993 3769 et

415 3819 703 3889 pauperis:
735 3818 827 3872 sed
868 3815 1061 3885 ubique
1102 3813 1317 3883 frugalis
1352 3812 1524 3866 victus
1565 3818 1687 3873 est,
1722 3809 1927 3862 alienus
1961 3821 1990 3859 a

416 3912 540 3964 luxu
566 3918 619 3963 et
638 3915 913 3978 apparatu,
946 3906 1239 3974 majorique
1276 3902 1432 3957 bOdie
1457 3902 1726 3968 voluptate
1747 3898 1813 3952 ad
1841 3912 1993 3952 men-

414 4016 527 4055 sam
550 4010 759 4055 tenuem
781 3998 973 4068 quique
987 3994 1263 4056 aecedunt,
1289 4007 1445 4061 quam
1476 3989 1680 4060 pridem
1710 4003 1829 4042 cum
1858 3986 1996 4041 mul-

416 4102 466 4144 ta
494 4091 715 4145 delicata
743 4089 937 4153 edulia,
960 4086 1289 4153 multumque
1308 4084 1489 4137 viuum
1512 4094 1778 4134 meracum
1797 4093 1995 4149 prepo-

418 4183 657 4239 nebatur.

484 4277 540 4329 2.
584 4274 819 4337 Vidistis,
851 4269 1048 4331 dilecti,
1076 4282 1143 4322 ex
1174 4265 1303 4336 ipsis
1327 4262 1595 4333 praeludiis
1610 4260 1794 4331 jejunii
1822 4260 1994 4314 virtu-

417 4379 522 4423 tem
548 4376 603 4422 et
628 4362 955 4435 potentiam?
982 4360 1180 4414 Idcirco
1219 4366 1273 4411 et
1316 4357 1429 4425 ipse
1466 4354 1650 4421 majori
1695 4351 1851 4406 hodie
1890 4352 1999 4404 ala-

415 4460 625 4523 critate,
653 4470 811 4525 quam
838 4460 1016 4517 antea,
1038 4462 1314 4504 sermones
1351 4444 1628 4515 aggredior
1658 4458 1671 4494 :
1711 4442 1886 4496 sciens
1911 4456 1997 4495 me

419 4550 470 4603 in
499 4548 674 4618 pingui
705 4542 1067 4615 profundoque
1090 4554 1217 4594 arvo
1236 4537 1613 4591 seminaturutu
1634 4577 1650 4600 ,
1674 4531 1815 4603 quod
1845 4531 1998 4585 nobis

421 4638 736 4694 multifarios
761 4636 959 4688 fructus
986 4646 1082 4701 pro
1103 4629 1392 4684 seminibus
1419 4624 1735 4681 concreditis
1757 4621 1996 4691 protinus

419 4730 644 4786 reddere
675 4726 885 4796 poterit.
926 4723 1201 4777 Discamus
1232 4720 1408 4789 igitur,
1440 4717 1485 4771 si
1516 4715 1709 4786 placet,
1741 4712 1868 4783 quid
1901 4726 1998 4767 ve-

416 4824 516 4878 lint
543 4821 642 4875 sibi
662 4819 818 4872 verba
851 4815 989 4870 beati
1009 4813 1168 4868 Mosis
1199 4810 1356 4865 hodie
1382 4809 1538 4862 lecta.
1573 4806 1679 4860 Sed
1704 4802 1960 4858 attendite
1979 4840 1995 4866 ,

418 4914 677 4976 obsecro,
716 4909 999 4978 diligenter
1042 4903 1124 4958 his
1161 4918 1280 4972 qua:
1321 4915 1349 4953 a
1382 4897 1535 4953 nobis
1574 4896 1818 4950 dicuntur
1849 4910 1862 4947 :
1891 4907 1999 4946 non

420 5005 561 5059 enim
594 5012 773 5057 nostra
800 5002 850 5056 in
881 4997 1115 5053 medium
1142 4992 1447 5056 af'ferimus,
1482 4986 1577 5042 sed
1616 4986 1703 5040 illa
1733 4986 1845 5053 ipsa
1880 4998 2000 5052 quae

422 5097 575 5153 nobis
601 5095 779 5150 divina
807 5093 974 5163 gratia
1003 5091 1055 5144 in
1084 5096 1315 5142 vestram
1345 5078 1669 5137 concesserit
1695 5075 1998 5130 utilitatem.

418 5191 546 5255 Quae
574 5196 750 5240 autem
790 5162 903 5236 haec
941 5177 1104 5235 sunt?
1164 5174 1227 5228 In
1254 5170 1502 5244 principio
1556 5167 1671 5237 fecit
1728 5162 1869 5217 Deus
1903 5178 1999 5216 cie.

420 5254 527 5334 lum
557 5287 602 5330 et
631 5287 834 5330 terram.
876 5270 1061 5325 Merito
1081 5268 1167 5320 hic
1189 5264 1480 5323 dubitatur,
1508 5270 1662 5326 quam
1689 5254 1759 5308 ob
1785 5266 1999 5307 causam

422 5370 604 5425 beatus
647 5368 748 5421 iste
793 5362 1080 5434 prapheta,
1113 5358 1200 5427 qui
1238 5355 1398 5409 etiam
1432 5352 1545 5419 ipse
1574 5346 1756 5403 multis
1793 5343 2001 5398 saeculis

422 5470 543 5534 post
588 5460 909 5515 creationem
955 5451 1134 5507 mundi
1179 5448 1345 5509 vixit,
1395 5444 1510 5497 haec
1549 5438 1705 5495 nobis
1747 5442 1999 5506 exponat.

419 5524 560 5611 Sane
586 5566 691 5605 non
722 5559 924 5603 temere
951 5542 1050 5597 hoc
1079 5539 1207 5610 agit,
1240 5550 1340 5591 nec
1366 5534 1581 5589 frustra.
1623 5526 1835 5583 Etenim
1865 5524 2002 5578 Deus

484 5690 500 5720 ι
533 5685 746 5737 misum,
768 5678 889 5744 quid
925 5673 1034 5725 dico
1054 5670 1420 5736 magistratuum
1440 5671 1486 5718 et
1509 5662 1801 5728 privatorum
1819 5663 1863 5711 et
1885 5654 2004 5709 otio-

421 5762 528 5800 rum
550 5748 574 5798 ?
595 5747 747 5807 Etiam
765 5740 891 5803 eius,
919 5746 1014 5789 etc.

2063 450 2279 505 humani
2309 451 2519 520 generis
2559 447 2805 504 conditor
2824 488 2840 513 ,
2866 446 2935 501 ab
2964 443 3115 500 initio
3147 458 3242 513 per
3282 441 3516 513 scipsum
3546 440 3638 495 ho-

2058 541 2290 598 minibus
2314 540 2628 611 loquebatur
2645 581 2661 608 ,
2692 554 2757 594 eo
2777 553 2884 608 quo
2912 538 3157 591 homines
3179 544 3421 605 poterant
3457 533 3644 589 audire

2061 635 2239 690 modo.
2281 632 2371 688 Sic
2393 632 2534 687 enim
2560 631 2628 686 ad
2653 631 2821 686 Adam
2850 630 3022 694 venit;
3048 629 3125 684 sic
3154 627 3283 683 Cain
3320 627 3645 696 increpavit;

2061 725 2139 778 sic
2157 738 2276 777 cum
2299 721 2410 778 Noe
2432 724 2682 789 loquutus
2709 730 2818 785 est;
2845 720 2922 773 sic
2945 718 3083 789 apud
3115 716 3381 772 Abraham
3407 716 3647 784 hospitae

2066 824 2150 869 tus
2164 821 2267 869 est.
2308 815 2377 867 At
2424 812 2512 865 ubi
2540 812 2594 865 in
2620 810 2870 865 malitiam
2903 824 3145 878 magnam
3172 821 3332 861 omne
3368 806 3644 859 hominum

2063 919 2231 974 genus
2266 904 2547 972 prorupit,
2584 914 2754 969 neque
2780 910 2902 953 tunc
2927 913 3046 953 sese
3089 906 3252 950 totum
3280 896 3348 950 ab
3373 894 3646 948 hominum

2064 1008 2263 1065 genere
2289 993 2483 1047 avertit
2506 991 2693 1060 Opifex
2719 990 2956 1044 omnium
2990 1009 3002 1043 ε
3034 987 3127 1042 sed
3151 988 3272 1056 quia
3294 998 3387 1040 sua
3419 985 3650 1039 familia-

2070 1085 2227 1139 ritate
2257 1094 2439 1152 postea
2479 1082 2679 1152 indigni
2710 1081 2831 1135 facti
2858 1080 3106 1145 fuerunt,
3128 1080 3317 1134 iterum
3346 1093 3497 1133 suam
3524 1091 3649 1147 erga

2067 1177 2187 1231 illos
2210 1175 2494 1230 amicitiam
2518 1175 2770 1229 innovare
2797 1175 3001 1235 volens,
3031 1174 3180 1242 quasi
3220 1173 3375 1242 longe
3417 1171 3654 1225 absenti-

2069 1268 2170 1323 bus
2197 1268 2380 1323 literas
2413 1268 2593 1332 mittit,
2623 1266 2999 1320 conciliaturus
3014 1265 3113 1319 sibi
3144 1265 3446 1318 universam
3475 1257 3651 1316 nomi-

2068 1375 2198 1415 num
2221 1367 2483 1414 naturam.
2511 1358 2577 1412 Et
2601 1357 2698 1411 has
2722 1356 2934 1426 quidem
2962 1356 3142 1410 literas
3167 1354 3311 1407 dedit
3334 1353 3494 1417 Deus,
3512 1361 3654 1405 attn-

2071 1452 2133 1507 lit
2158 1460 2334 1506 autem
2364 1450 2557 1503 Moses.
2596 1447 2734 1515 Quid
2788 1447 2944 1517 igitur
2995 1446 3179 1500 dicunt
3224 1445 3306 1498 ha:
3351 1442 3557 1498 litem?
3587 1441 3652 1495 In

2072 1544 2320 1615 principio
2341 1542 2456 1612 fecit
2486 1539 2624 1594 Deus
2687 1538 2869 1592 caelum
2913 1548 2958 1592 et
2996 1548 3202 1590 terram.
3242 1533 3532 1589 Considera
3588 1532 3640 1585 in

2076 1636 2178 1691 hoc
2200 1677 2215 1699 ,
2246 1634 2550 1697 carissime,
2581 1647 2739 1701 quam
2766 1628 3094 1684 admirabilis
3120 1637 3173 1682 et
3208 1626 3433 1681 eximius
3458 1624 3525 1678 sit
3551 1623 3654 1678 iste

2074 1724 2351 1797 propheta.
2394 1722 2495 1777 Alii
2544 1721 2684 1776 enim
2727 1734 2915 1774 omnes
2949 1718 3222 1789 prOpheta:
3270 1731 3334 1770 ea
3382 1714 3651 1774 dixerunt,

2073 1817 2157 1873 vel
2183 1832 2302 1887 qua:
2330 1814 2510 1869 multis
2543 1821 2725 1882 postea
2775 1808 3104 1879 temporibus
3134 1807 3303 1860 futura
3338 1812 3492 1859 erant
3518 1842 3535 1868 ,
3570 1803 3653 1857 vel

2075 1923 2193 1980 quas
2216 1907 2394 1962 statim
2415 1914 2668 1961 eventura
2693 1911 2907 1958 essent:
2939 1900 3124 1954 beatus
3146 1906 3321 1952 autem
3350 1896 3470 1961 iste,
3501 1902 3656 1948 natus

2075 2012 2197 2053 cum
2220 1997 2329 2065 jam
2355 1995 2522 2049 multa
2548 1992 2729 2047 mundi
2747 1990 3060 2046 transissent
3084 1986 3296 2052 saecula,
3327 1985 3514 2040 ducem
3538 1997 3657 2037 sor-

2081 2089 2207 2144 titus
2233 2102 2516 2157 supernam
2547 2084 2818 2139 dexteram
2849 2084 2890 2148 ί,
2919 2082 3108 2152 dignus
3134 2088 3218 2135 est
3233 2078 3463 2141 habitus,
3488 2085 3547 2130 ut
3567 2074 3655 2129 illa

2081 2180 2233 2236 nobis
2258 2180 2481 2241 diceret,
2504 2193 2622 2248 quae
2649 2187 2771 2231 ante
2786 2186 2962 2228 ortum
2979 2187 3132 2227 suum
3152 2170 3387 2225 omnium
3403 2167 3659 2222 Dominus

2080 2272 2419 2328 formaverat.
2461 2270 2665 2324 Idcirco
2706 2267 2790 2322 his
2824 2266 3007 2335 incipit
3044 2263 3221 2319 verbis
3252 2283 3267 2319 ε
3298 2261 3365 2315 In
3411 2260 3662 2330 principio

2081 2364 2199 2434 fecit
2216 2361 2353 2415 Deus
2370 2360 2550 2415 caelum
2578 2370 2623 2413 et
2650 2368 2833 2411 terram
2860 2373 2879 2410 :
2912 2355 3059 2426 quasi
3090 2354 3154 2407 ad
3182 2366 3368 2406 omnes
3396 2366 3491 2405 nos
3516 2349 3660 2402 clara

2081 2469 2213 2509 voce
2232 2454 2443 2514 clamet,
2474 2460 2529 2506 et
2548 2450 2721 2505 dicat:
2750 2449 2886 2503 Num
2911 2446 2980 2501 ab
3014 2444 3314 2499 hominibus
3338 2441 3535 2495 doeeor
3555 2481 3570 2504 ,
3605 2449 3664 2492 ut

2084 2546 2199 2600 haec
2222 2541 2450 2614 loquar?
2478 2540 2528 2595 Is
2553 2542 2665 2610 ipse
2686 2540 2774 2608 qui
2805 2538 2917 2591 hzec
2944 2552 3063 2591 cum
3092 2550 3195 2588 non
3220 2539 3420 2597 essent,
3439 2530 3579 2594 fecit,
3607 2535 3667 2580 ut

2085 2646 2286 2700 essent,
2315 2635 2547 2703 linguam
2577 2645 2749 2685 meam
2777 2628 2842 2682 ad
2887 2626 3071 2681 isthmc
3107 2621 3403 2679 enarranda
3436 2618 3665 2689 impulit.

2086 2729 2248 2800 Igitur
2271 2728 2512 2789 obsecro,
2542 2724 2613 2778 ita
2642 2721 3022 2784 auscultemus,
3050 2718 3121 2771 ita
3154 2715 3351 2770 nostris
3378 2710 3669 2767 ratiociniis

2086 2824 2302 2892 longum
2327 2819 2443 2874 vale
2463 2819 2723 2881 dicamus,
2753 2813 2902 2883 quasi
2933 2812 3046 2865 haec
3074 2824 3177 2863 non
3193 2813 3302 2877 jam
3322 2821 3351 2860 a
3378 2804 3542 2866 Mose,
3570 2801 3665 2856 sed

2088 2932 2183 2987 per
2212 2915 2443 2983 linguam
2467 2909 2628 2964 Mosis
2656 2907 2725 2962 ab
2752 2907 2868 2975 ipso
2909 2903 3276 2957 universorum
3325 2898 3433 2951 Deo
3476 2892 3665 2948 audia—

2089 2985 2228 3062 inus.
2269 3002 2555 3058 Ratiocim'a
2574 2998 2715 3054 enim
2741 2995 2998 3051 hominum
3026 2991 3202 3045 timida
3221 2998 3375 3053 sunt,
3403 2985 3593 3055 inquit,
3623 2993 3671 3036 et

2089 3099 2293 3152 incerta:
2318 3092 2643 3164 cogitationes
2669 3102 2841 3142 eorum
2880 3085 3032 3155 (Sap.
3055 3082 3109 3137 9.
3135 3081 3247 3150 I4).
3274 3078 3439 3133 Grato
3479 3072 3670 3128 admo-

2091 3190 2216 3245 dum
2245 3185 2424 3241 animo
2452 3182 2773 3251 accipiamus
2797 3192 2915 3246 quae
2943 3176 3189 3230 dicuntur
3210 3212 3226 3236 ,
3258 3186 3326 3225 ne
3365 3165 3672 3239 progredia-

2093 3294 2212 3336 mur
2244 3278 2381 3331 ultra
2410 3288 2570 3345 quam
2595 3272 2699 3326 fert
2723 3280 2987 3323 mensurae
3017 3272 3211 3318 nostra
3237 3259 3466 3315 tenuitas
3484 3298 3500 3323 ,
3536 3269 3673 3310 neve

2092 3369 2354 3425 curiosius
2378 3344 2497 3436 quas
2541 3376 2701 3431 supra
2748 3374 2846 3413 nos
2874 3364 2998 3412 sunt
3039 3354 3351 3422 indagemus
3382 3366 3395 3402 :
3427 3348 3479 3402 id
3529 3344 3673 3415 quod

2093 3458 2330 3513 veritatis
2384 3454 2625 3509 hostibus
2659 3449 2858 3512 evenit,
2898 3446 2988 3516 qui
3016 3445 3298 3499 voluerunt
3324 3438 3550 3510 propriis
3582 3452 3674 3491 ra-

2096 3547 2327 3604 tiociniis
2355 3545 2599 3600 universa
2620 3538 2943 3611 expendere,
2975 3550 3081 3590 non
3109 3532 3403 3601 cogitantes
3430 3527 3676 3597 impossi-

2095 3640 2200 3694 bile
2248 3652 2368 3692 esse
2420 3634 2665 3689 humanm
2724 3638 2927 3684 naturae
2977 3625 3071 3679 Dei
3124 3614 3408 3692 opificium
3466 3617 3677 3687 penitus

2096 3729 2393 3798 explorare.
2434 3724 2594 3793 Quid,
2618 3723 2852 3791 inquam,
2898 3717 2988 3772 Dei
3015 3715 3304 3786 opificium,
3343 3726 3463 3765 cum
3504 3725 3677 3778 neque

2096 3817 2346 3881 hominis,
2369 3816 2457 3886 qui
2485 3813 2637 3868 nobis
2666 3819 2850 3865 natura
2880 3816 3134 3880 cognatus
3159 3813 3239 3861 est
3259 3846 3273 3871 ,
3303 3811 3445 3856 artes
3467 3800 3680 3869 penitus

2098 3908 2332 3979 indagari
2360 3905 2606 3976 possint?
2655 3903 2749 3956 Dic
2795 3899 2973 3965 enim,
3017 3909 3215 3967 quaeso,
3267 3892 3533 3963 quomodo
3583 3904 3681 3958 per

2098 4000 2414 4056 metallicam
2441 4006 2608 4050 artem
2636 3994 2753 4047 auri
2778 4002 2963 4046 natura
2980 3985 3272 4043 conflatur?
3300 3986 3381 4039 vel
3414 3980 3682 4052 quomodo

2099 4094 2219 4149 vitri
2240 4093 2444 4163 puritas
2458 4105 2524 4145 ex
2553 4103 2713 4142 arena
2742 4083 3006 4141 efficitur?
3032 4082 3228 4135 Verum
3252 4093 3355 4132 non
3381 4076 3542 4130 habes
3562 4088 3682 4142 qua:

2099 4186 2267 4239 dicas.
2307 4183 2363 4237 Si
2394 4182 2554 4252 igitur
2578 4180 2693 4233 haec
2724 4192 2841 4247 quae
2870 4185 2994 4228 ante
3029 4172 3213 4227 oculos
3239 4179 3360 4223 sunt
3388 4166 3552 4236 posita
3578 4205 3594 4229 ,
3625 4171 3683 4217 et

2099 4291 2218 4346 qua:
2244 4289 2340 4343 per
2366 4272 2459 4326 Dei
2489 4268 2865 4336 benignitatem
2901 4265 3131 4317 humana
3177 4266 3427 4329 operatur
3468 4254 3683 4322 sapien-

2102 4368 2191 4432 tia,
2218 4362 2438 4433 intelligi
2465 4368 2755 4430 nequeunt,
2787 4370 2955 4427 quam
2982 4355 3094 4409 Deo
3117 4354 3230 4423 ipso
3258 4349 3393 4404 facta
3423 4355 3566 4410 sunt,
3586 4360 3684 4399 cu-

2101 4458 2339 4515 riositate
2365 4441 2453 4509 ina
2475 4452 2729 4522 inquires,
2758 4446 2955 4502 homo?

2173 4549 2258 4601 Ea:
2284 4544 2523 4600 creaturis
2551 4550 2744 4595 creator
2767 4536 3163 4606 agnoscitur.—
3184 4531 3354 4597 Quam
3382 4526 3685 4595 assequeris

2102 4639 2309 4695 veniam
2331 4637 2355 4690 ?
2377 4648 2480 4705 qua
2508 4642 2560 4688 te
2588 4630 2821 4685 tueberis
2848 4625 3185 4686 defensione,
3216 4623 3285 4674 ita
3309 4617 3595 4679 insaniens,
3629 4624 3688 4669 ut

2103 4746 2221 4801 quae
2250 4743 2409 4797 supra
2447 4733 2649 4780 natura:
2676 4732 2778 4776 tua:
2801 4728 3016 4787 captum
3056 4723 3203 4777 sunt,
3236 4707 3564 4781 speculeris?
3592 4707 3680 4759 Di-

2103 4838 2226 4878 cere
2245 4822 2385 4876 enim
2415 4834 2477 4874 ea
2497 4831 2615 4888 quae
2643 4823 2767 4869 sunt
2788 4828 2856 4867 ex
2883 4810 3118 4878 subjecta
3138 4804 3356 4861 materia
3377 4816 3498 4857 esse
3524 4798 3684 4863 facta,

2103 4925 2157 4970 et
2186 4929 2291 4968 non
2318 4910 2579 4974 conﬁteri,
2617 4905 2854 4961 omnium
2887 4902 3140 4970 Opificem
3187 4912 3250 4952 ea
3279 4911 3345 4951 ex
3370 4893 3538 4947 nihilo
3565 4907 3687 4943 cre-

2104 5006 2299 5069 avisse,
2343 5000 2671 5070 desipientia:
2714 5005 2967 5052 extrema:
3014 4990 3221 5059 signum
3267 4986 3444 5040 fuerit.
3492 4983 3688 5036 Beatus

2107 5097 2283 5166 itaque
2312 5093 2568 5163 propheta
2593 5091 2712 5155 iste,
2743 5083 3040 5141 obturando
3071 5079 3428 5149 insipientium
3456 5090 3570 5137 ora,
3595 5087 3692 5125 au-

2105 5163 2403 5260 Spicaturus
2443 5184 2655 5247 librum,
2681 5180 2758 5235 sic
2783 5177 2978 5247 cmpit:
3015 5173 3083 5226 In
3122 5168 3369 5241 principio
3397 5167 3513 5236 fecit
3550 5163 3692 5216 Deus

2107 5251 2287 5334 civium
2316 5285 2363 5330 et
2388 5286 2592 5329 terram.
2629 5270 2763 5325 Cum
2799 5268 2957 5338 igitur
2993 5262 3161 5326 audis,
3196 5259 3361 5321 Fecit,
3391 5255 3519 5309 nihil
3548 5251 3691 5305 aliud

2109 5371 2243 5426 ultra
2272 5367 2537 5424 curiosius
2574 5376 2753 5433 quaere
2790 5382 2803 5414 :
2846 5357 2938 5413 sed
2970 5356 3189 5409 humum
3232 5358 3499 5419 spectans,
3536 5344 3695 5398 dictis

2109 5462 2269 5517 fidem
2298 5456 2455 5513 habe.
2484 5454 2616 5510 Nam
2645 5453 2784 5507 Deus
2803 5456 2886 5504 est
2903 5447 2992 5518 qui
3014 5444 3190 5501 omnia
3214 5440 3357 5502 facit,
3374 5449 3428 5491 et
3456 5437 3508 5489 in
3534 5434 3691 5489 aliam

2111 5555 2336 5611 formam
2363 5556 2552 5616 mutat,
2579 5560 2641 5600 ac
2664 5542 2957 5599 secundum
2978 5539 3303 5594 voluntatem
3333 5546 3488 5587 suam
3515 5528 3692 5584 nntnia

2178 5712 2199 5760 ἢ
2228 5708 2438 5769 misum,
2463 5714 2721 5768 supernam
2738 5698 3009 5765 potentiam.

3975 3308 3986 3497 ἱ
