4018 6136
367 254 440 308 27
1582 252 1647 308 IN
1687 253 1838 311 CAP.
1879 254 1895 306 1
1967 254 2063 310 οε

2185 256 2211 308 ἱ.
2254 252 2483 309 ΙΙΟΜῘΙ..
2522 256 2583 310 ll.
3736 263 3805 316 ‘23

366 384 488 421 τινα
512 368 880 440 διαλεχθῶμεν
914 368 1049 439 πρὸς
1094 369 1193 438 τὴν
1230 369 1502 440 ὑμετέραν
1535 370 1777 439 ἀγάπην,
1831 371 1926 424 καὶ
1958 370 2038 423 λε-

371 452 649 523 πτοτέρων
684 451 926 521 σήμερον
954 449 1452 521 κατατολμήσωμεν
1495 450 1802 520 νοημάτων,
1834 452 1903 504 τά
1934 452 2041 504 ἀπὸ

371 535 481 587 τῶν
522 533 679 587 θείων
732 531 964 604 Γραφῶν
998 532 1391 602 παρατιθέντες
1429 533 1558 602 ὑμῖν
1588 532 1913 601 διδάγματα.
1979 534 2041 586 Et

371 617 482 687 γὰρ
513 616 588 686 μὴ
622 614 717 669 νῦν
737 614 897 668 τοῦτο
929 615 1283 686 ποιήσαιμεν,
1317 617 1407 669 ὅτε
1438 614 1659 683 νηστεία
1681 616 1777 667 καὶ
1806 613 2042 684 γαστρὸς

374 699 664 770 ὑπεροψία,
709 696 804 751 καὶ
827 698 1059 766 τοσαύτη
1096 697 1206 750 τῶν
1227 697 1403 768 ὀρθῶν
1428 696 1705 766 λογισμῶν
1742 697 1774 768 ή
1809 697 2040 767 γαλήνη,

375 784 507 835 πότε
557 780 916 853 δυνησώμεθα
966 780 1137 834 ταῦτα
1193 781 1518 851 παραθεῖναι
1565 776 1644 851 [8]
1682 783 1748 850 τῇ
1799 779 2043 850 ὑμετέρᾳ

374 865 600 937 ἀγάπης
635 864 764 917 ’Ὀτε
799 862 980 933 τρυφὴ
1013 863 1108 915 καὶ
1144 863 1421 934 άδηφαγία
1449 865 1543 917 καὶ
1582 864 1750 934 πολλὴ
1790 865 1823 933 ή
1879 864 2041 934 91:06-

378 948 515 1018 μίας
554 946 712 999 Ἀλλὰ
749 945 872 998 τότε
901 944 1025 997 οὐτε
1058 946 1213 1000 αὐτοὶ
1249 947 1408 1000 τοῦτο
1452 948 1679 1012 δεόντως
1724 948 2042 1017 ποιήσομεν,

373 1029 499 1083 οὐτε
530 1032 686 1100 ὑμεῖς
716 1027 1006 1098 δυνήσεσθε
1035 1028 1284 1101 καθάπερ
1306 1030 1410 1083 ὑπὸ
1432 1030 1628 1100 ἀχλύος
1656 1030 1800 1092 τινὸς
1820 1030 1917 1098 τῆς
1938 1028 2046 1082 τῶν

375 1113 654 1182 λογισμῶν
679 1110 849 1182 ζάλης
872 1110 1403 1182 καταϐαπτιζόμενοι
1427 1112 1683 1178 δέξασθαί
1705 1130 1756 1166 τι
1781 1111 1889 1164 τῶν
1903 1111 2050 1180 λεγο-

380 1196 579 1265 μένων.

451 1277 566 1330 Νῦν
592 1276 668 1342 δὲ,
694 1276 740 1328 εί
767 1276 858 1329 καί
888 1291 1019 1328 ποτε
1050 1274 1258 1340 ἄλλοτε,
1285 1278 1473 1346 καιρὸς
1501 1275 1606 1329 τῶν
1621 1275 1876 1329 τοιούτων
1908 1274 2051 1327 διδα-

376 1361 626 1430 γμάτων,
654 1361 741 1413 ὅτε
764 1361 863 1413 οὐκ
896 1358 976 1412 ἔτι
998 1358 1453 1424 κατεξανίσταται
1468 1358 1569 1427 τῆς
1598 1358 1840 1429 κυρίαςή
1866 1356 2047 1426 δούλη,

378 1441 495 1495 ἀλλ’
532 1443 744 1512 εὐήνιος
767 1441 1031 1511 γενομένη
1062 1439 1259 1511 πολλὴν
1307 1441 1407 1512 τὴν
1436 1439 1608 1494 πειθὼ
1657 1443 1752 1494 καὶ
1784 1440 1883 1511 τὴν
1944 1440 2049 1493 ὑπ-

378 1522 550 1594 ακοὴν
570 1523 957 1586 ἐπιδείκνυται,
983 1523 1052 1574 τά
1072 1525 1416 1594 σκιρτήματα
1437 1523 1535 1594 τῆς
1565 1524 1766 1595 σαρκὸς
1785 1538 2052 1576 καταστο-

384 1604 611 1675 ρέσασα,
642 1606 733 1658 καὶ
784 1604 1016 1658 ἐπὶτῶν
1046 1605 1262 1658 οἰκείων
1306 1607 1446 1676 ὅρων
1504 1607 1758 1675 μένουσα.
1810 1602 2051 1675 Νηστεία

381 1685 490 1758 γάρ
519 1688 663 1739 ἐστιν
690 1689 723 1757 ὴ
749 1686 955 1757 γαλήνη
981 1685 1089 1738 τῶν
1121 1686 1406 1757 ἡμετέρων
1444 1686 1653 1756 ψυχῶν,
1683 1688 1717 1757 ή
1757 1685 1865 1738 τῶν
1889 1700 2053 1754 γεγη-

385 1771 631 1840 ρακότων
654 1770 938 1839 εὐκοσμία,
978 1771 1011 1840 ή
1044 1769 1152 1821 τῶν
1178 1769 1313 1822 νέων
1352 1770 1717 1838 παιδαγωγὸς,
1753 1768 1787 1840 ή
1817 1767 1925 1820 τῶν
1950 1784 2054 1820 σω-

383 1851 725 1922 φρονούντων
743 1851 1078 1915 διδάσκαλος,
1099 1854 1132 1920 ή
1153 1853 1333 1905 πᾶσαν
1351 1851 1565 1922 ἠλικίαν
1585 1852 1679 1905 καὶ
1705 1851 1866 1919 φύσιν
1883 1848 2053 1903 καθά·

386 1949 495 2002 περ
545 1932 830 2003 διαδήματι
881 1951 987 1985 τινι
1018 1933 1460 2004 κατακοσμοῦσα.
1505 1932 1759 2002 Οὐδαμοῦ
1814 1933 2054 2003 σήμερον

384 2013 632 2085 θόρυϐος,
670 2015 791 2068 οὐδὲ
850 2015 1090 2087 κραυγὴ,
1143 2015 1266 2068 οὐδέ
1308 2014 1488 2085 κρεῶν
1537 2014 1871 2077 κατακοπαὶ,
1933 2012 2055 2066 οὐδὲ

389 2098 666 2167 μαγείρων
693 2097 916 2168 δρόμοι·
951 2097 1086 2151 ἀλλὰ
1116 2098 1294 2150 πάντα
1328 2099 1513 2150 ἐκεῖνα
1569 2096 1931 2166 ἀπελήλαται,
1962 2094 2057 2148 καὶ

386 2179 701 2249 εὐσχήμονά
730 2197 851 2232 τινα
901 2181 996 2234 καὶ
1023 2183 1255 2251 κοσμίαν
1277 2183 1370 2233 καὶ
1398 2180 1652 2252 σώφρονα
1701 2179 1992 2249 ἐλευθέραν
2020 2178 2053 2247 ἡ

386 2260 541 2324 πόλις
569 2263 699 2331 ἡμῖν
722 2264 967 2333 μιμεῖται
992 2261 1109 2316 νῦν.
1133 2263 1302 2317 Ὅταν
1321 2263 1430 2333 γὰρ
1460 2264 1698 2333 ἐννοήσω
1727 2262 1825 2331 τὴν
1851 2260 2058 2333 ἀθρόαν

390 2344 696 2415 μεταϐολὴν
746 2346 845 2417 τήν
889 2347 1126 2418 σήμερον
1181 2345 1581 2416 γεγενημένην,
1613 2345 1707 2398 καὶ
1756 2343 2060 2413 λογίσωμαι

386 2430 491 2501 τῆς
514 2430 765 2501 χθεσινῆς
789 2431 1004 2502 ἡμέρας
1038 2433 1135 2505 τὴν
1164 2432 1575 2485 ἁκαταστασίαν
1594 2470 1608 2495 ,
1643 2429 1927 2501 θαυμάζω,
1966 2429 2060 2482 καὶ

388 2514 762 2584 ἐκπλήττομαι
782 2514 880 2584 τῆς
906 2516 1158 2582 νηστείας
1180 2516 1279 2585 τὴν
1307 2517 1478 2584 ἰσχὺν,
1514 2515 1660 2577 ὅπως
1692 2513 1772 2576 είς
1798 2513 1897 2583 τήν
1927 2511 2060 2564 ἐκά-

390 2612 517 2648 στου
554 2595 855 2664 συνείδησιν
907 2595 1226 2649 εἰσελθοῦσα
1282 2596 1587 2667 μετέπλασε
1635 2597 1724 2648 τὸν
1778 2593 2059 2663 λογισμὸν,

388 2675 691 2746 ἐξεκάθαρε
717 2675 816 2746 τήν
848 2676 1103 2740 διάνοιαν,
1133 2677 1231 2730 οὐκ
1269 2679 1546 2747 ἀρχόντων
1572 2676 1751 2747 μόνον,
1781 2674 1917 2729 ἀλλά
1968 2675 2063 2728 καὶ

392 2759 619 2813 ἰδιωτῶν
635 2777 649 2790 υ
679 2759 780 2813 οὐκ
804 2759 1103 2832 ἐλευθέρων
1121 2799 1136 2823 ,
1168 2760 1304 2813 ἀλλά
1325 2761 1419 2812 καὶ
1443 2759 1643 2812 δούλων
1663 2774 1677 2788 ·
1705 2758 1805 2811 οὐκ
1828 2757 2058 2830 ἀνδρῶν,

391 2841 528 2896 ἀλλά
551 2842 647 2895 καὶ
670 2843 943 2910 γυναικῶν
960 2857 975 2871 ·
1001 2842 1376 2907 οὐπλουσίων,
1407 2841 1544 2895 ἀλλά
1565 2842 1660 2896 καὶ
1686 2844 1935 2913 πενήτων
1957 2857 1972 2872 ⁶
1998 2843 2059 2895 οὐ

388 2921 501 2976 τῶν
527 2922 626 2994 τὴν
675 2924 901 2979 Ἐλλάδα
948 2925 1193 2994 γλῶτταν
1246 2924 1696 2995 πεπαιδευμένων
1722 2967 1738 2992 ,
1796 2926 1934 2980 ἀλλά
1967 2925 2063 2979 καὶ

394 3004 705 3076 βαρϐάρων.
743 3007 851 3061 Καὶ
882 3007 935 3061 τί
971 3008 1115 3076 λέγω
1162 3007 1440 3079 ἀρχόντων
1492 3007 1585 3064 καὶ
1638 3006 1896 3073 ἰδιωτῶν;
1954 3008 2064 3060 Καὶ

395 3087 559 3141 αὑτοῦ
586 3100 612 3129 ι
642 3088 735 3142 τοῦ
760 3089 822 3142 τὸ
845 3089 1079 3159 διάδημα
1109 3088 1493 3159 περικειμένου
1524 3088 1587 3141 τὸ
1603 3088 1844 3152 συνειδὸς
1861 3088 2065 3159 ὁμοίως

393 3173 507 3233 τοῖς
534 3172 740 3237 λοιποῖς
770 3174 907 3245 πρὸς
935 3174 1033 3243 τὴν
1060 3172 1265 3243 ταύτης
1308 3171 1555 3241 ὑπακοὴν
1589 3161 1905 3242 μετέστησε.
1931 3171 2065 3243 ⁹Καὶ.

393 3256 494 3309 οὐκ
516 3257 630 3310 ἐστι
665 3260 902 3329 σήμερον
933 3257 1195 3327 διαφορὰν
1237 3256 1365 3309 ίδεῖν
1391 3254 1489 3325 τῆς
1519 3253 1613 3307 τοῦ
1651 3253 1908 3307 πλουσίου
1926 3270 2063 3324 τρα-

395 3338 586 3408 πέζης,
605 3341 815 3412 καὶτῆς
830 3338 923 3393 τοῦ
946 3339 1174 3409 πένητος
1190 3354 1204 3368 ⁸
1227 3337 1365 3391 ἀλλὰ
1380 3334 1654 3406 πανταχοῦ
1671 3335 1790 3406 λιτὴ
1813 3337 1846 3406 ή
1865 3335 2064 3401 δίαιτα,

394 3423 789 3494 ἀπηλλαγμένη
823 3423 1036 3492 κόμπου
1061 3421 1153 3474 καὶ
1183 3420 1504 3489 φαντασίας,
1530 3420 1624 3471 καὶ
1661 3418 1799 3488 μετά
1825 3417 2067 3481 πλείονος

392 3506 496 3575 τῆς
522 3506 712 3577 ἡδονῆς
736 3507 974 3577 σήμερον
999 3507 1068 3575 τῇ
1103 3503 1348 3574 εὐτελείᾳ
1380 3506 1478 3574 τῆς
1516 3500 1793 3572 τραπέζης
1828 3501 2066 3570 προσέρ-

395 3605 602 3659 χονται,
634 3589 666 3659 ἢ
701 3589 790 3642 ὅτε
820 3587 990 3641 πολλὰ
1012 3588 1196 3650 αὐτοῖς
1222 3584 1293 3640 τὰ
1326 3584 1723 3657 καρυκεύματα
1743 3584 2064 3655 παρέκειτο,

397 3677 492 3730 καὶ
523 3675 693 3738 πολὺς
716 3677 745 3728 0
773 3675 1031 3744 ἄκρατος.

470 3758 536 3828 β’.
557 3757 761 3819 Είδετε,
789 3754 1085 3826 ἀγαπητοὶ,
1122 3752 1181 3819 ἐξ
1195 3752 1372 3807 αὐτῶν
1393 3751 1501 3805 τῶν
1531 3750 1830 3823 προοιμίων
1849 3751 1947 3822 τῆς
1976 3769 2070 3824 νη-

399 3843 582 3904 στείας
628 3840 726 3909 τῆν
766 3837 956 3907 ίσχὺν;
1004 3838 1104 3891 Διά
1129 3836 1287 3890 τοῦτο
1316 3835 1411 3889 καὶ
1444 3834 1608 3898 αὐτὸς
1656 3834 1796 3904 μετά
1827 3834 2068 3898 πλείονος

402 3926 643 3995 σήμερον
696 3924 792 3993 τῆς
825 3921 1153 3994 προθυμίας,
1184 3921 1218 3991 ἢ
1268 3918 1566 3990 πρότερον,
1602 3916 1709 3970 τῶν
1759 3917 1895 3987 πρὸς
1926 3918 2070 3988 ὑμᾶς

401 4007 647 4075 ἅπτομαι
679 4004 875 4073 λόγων,
918 4002 1072 4068 εἰδὼς
1101 4003 1181 4056 ὅτι
1213 4003 1294 4065 εἰς
1328 3998 1563 4071 λιπαρὰν
1594 3999 1689 4052 καὶ
1730 3997 2011 4069 βαθὺγεων
2045 3998 2072 4037 δ

400 4089 639 4158 ἄρουραν
669 4087 990 4142 καταϐάλλω
1011 4086 1078 4140 τὰ
1098 4085 1414 4156 σπέρματα,
1444 4082 1749 4152 δυναμένην
1775 4081 2075 4136 πολλαπλα-

404 4170 553 4233 σίους
585 4171 716 4240 ἡμῖν
743 4168 951 4238 ταχέως
981 4167 1270 4221 ἀποδοῦναι
1293 4165 1400 4221 τῶν
1435 4163 1928 4235 καταϐαλλομένων
1948 4166 2073 4227 τοὺς

413 4253 671 4325 ιαρπούς.
725 4252 1146 4324 Καταμάθωμεν
1192 4251 1393 4315 τοίνυν,
1419 4252 1468 4302 εἰ
1496 4249 1660 4314 δοκεῖ,
1694 4249 1800 4301 τῶν
1835 4250 2074 4321 σήμερον

405 4337 535 4406 ήμῖηι
565 4335 1017 4405 ἀναγνωσθέντων
1052 4341 1114 4388 ἐκ
1134 4335 1242 4387 τῶν
1279 4333 1371 4386 τοῦ
1415 4332 1682 4405 μακαρίου
1713 4332 1955 4395 Μωσέως
1987 4332 2074 4384 λό-

409 4434 516 4484 γων
541 4420 639 4488 τῆν
671 4419 920 4490 δύναμιν.
981 4418 1141 4471 Ἀλλά
1174 4416 1495 4488 προσέχετε,
1558 4415 1880 4487 παρακαλῶ,
1937 4416 2077 4485 μετὰ

405 4500 690 4569 ἀκριϐείας
719 4505 830 4565 τοῖς
863 4503 991 4573 παρ’
1023 4501 1180 4572 ήμῶν
1200 4500 1542 4570 λεγομένοις·
1594 4500 1654 4551 06
1690 4498 1798 4569 γὰρ
1838 4496 1907 4550 τὰ
1938 4498 2077 4568 ήμέ-

405 4604 538 4659 τερα
568 4589 820 4658 λέγομεν,
856 4588 970 4641 ἀλλ’
1002 4591 1144 4659 ἅπερ
1172 4587 1237 4641 ἂν
1269 4590 1300 4657 ὴ
1330 4586 1422 4639 τοῦ
1470 4585 1603 4638 Θεοῦ
1629 4585 1788 4656 χάρις
1818 4585 2077 4655 παράσχῃ

406 4670 495 4723 διά
518 4671 617 4742 τήν
646 4672 913 4740 ὠφέλειαν
942 4683 965 4710 ο
993 4672 1090 4742 τὴν
1116 4669 1410 4741 ὑμετέραν.
1437 4668 1572 4723 Τίνα
1599 4667 1656 4720 δέ
1684 4668 1858 4720 ταῦτά
1887 4670 2035 4720 ἐστιν
2061 4683 2075 4730 ;

419 4754 524 4808 Ἐν
542 4753 697 4824 ἀρχῇ
719 4755 1012 4822 ἐποίησεν
1045 4757 1077 4807 ό
1109 4752 1253 4818 Θεὸς
1274 4751 1379 4805 τὸν
1399 4750 1661 4820 οὐρανὸν
1678 4750 1776 4804 καὶ
1802 4750 1915 4818 τὴν
1936 4751 2075 4819 γῆν.

410 4839 594 4905 Ἀξιον
630 4840 864 4894 ἐνταῦθα
884 4840 1234 4910 διαπορῆσαι,
1257 4840 1401 4901 τῖνος
1425 4838 1612 4891 ἕνεκεν
1632 4839 1661 4889 0
1697 4836 1966 4906 μακάριος
1995 4828 2081 4887 οῦ-

415 4942 499 4987 τος
524 4927 829 4995 προφήτης,
869 4924 1006 4995 μετά
1060 4923 1257 4985 πολλὰς
1291 4921 1516 4992 ὕστερον
1566 4919 1761 4988 γενεὰς
1812 4918 2075 4987 γεγονὼς,

408 5011 581 5063 ταῦτα
596 5013 725 5081 ἡμῖν
740 5009 1030 5063 ἐκτίθεται.
1051 5010 1163 5079 Οὐχ
1190 5007 1397 5073 ἁπλῶς,
1419 5005 1541 5059 οὐδὲ
1571 5007 1712 5076 εἰκῇ.
1733 5004 1948 5072 Ἐπειδὴ
1971 5002 2078 5074 γὰρ

410 5092 471 5157 ἐξ
493 5093 668 5164 ἀρχῆς
685 5093 894 5155 πλάσας
921 5094 1012 5145 τὸν
1041 5092 1322 5161 ἄνθρωπον
1355 5092 1384 5143 0
1421 5088 1572 5152 Θεὸς,
1598 5089 1662 5141 δι’
1688 5087 1883 5143 ἐαυτοῦ
1910 5087 2080 5139 διελέ-

411 5193 537 5244 γετο
569 5176 649 5248 [9]
679 5179 792 5240 τοῖς
812 5175 1139 5246 ἀνθρώποις,
1168 5174 1242 5238 ὡς
1270 5173 1576 5246 ἀνθρώποις
1600 5172 1830 5227 ἀκοῦσαι
1858 5171 2081 5226 δυνατὸν

409 5255 496 5331 ἦν.
528 5260 717 5324 υῦτως
742 5260 852 5332 γὰρ
891 5259 1025 5331 πρὸς
1053 5260 1147 5312 τὸν
1180 5258 1351 5328 Ἀδὰμ
1378 5253 1543 5328 ἦλθεν
1567 5271 1580 5286 ⁸
1634 5255 1806 5318 οὑτως
1831 5254 1909 5326 τῷ
1941 5256 2082 5308 Κάῖν

473 5384 499 5413 ⁸
521 5381 722 5432 Coislin.
747 5382 827 5430 καὶ
842 5382 1063 5438 ἰδιωτῶν,
1085 5381 1166 5427 καὶ
1185 5380 1281 5427 τῶν
1302 5379 1484 5439 ἄλλων;
1506 5378 1601 5425 Καὶ
1626 5373 1788 5424 αὐτοῦ.
1816 5372 1944 5422 Infra
1960 5372 2080 5436 Reg.

411 5458 540 5495 unus
557 5448 639 5493 καὶ
658 5446 749 5494 οὐκ
770 5448 870 5494 ἐστι
895 5444 1102 5506 σήμερον
1123 5442 1321 5506 διαφορὰ
1341 5444 1714 5506 :ﬁg_,non_m_a_le.

476 5508 505 5545 ιι
528 5511 716 5570 Regius
749 5519 876 5556 unus
901 5497 1169 5565 βαθύγαιον,
1193 5497 1317 5550 έιὶὺε
1353 5497 1509 5551 c0dex
1539 5500 1802 5562 βαθύγειον,
1836 5497 1964 5547 alius
2000 5497 2087 5560 βα-

412 5573 552 5631 ῦύγον
556 5588 609 5620 ον
617 5605 627 5614 .

477 5619 498 5661 ἒ
525 5619 731 5683 (ῖοιειιίη.
769 5627 1013 5691 παράσχοι
1055 5626 1133 5674 διὰ
1171 5626 1255 5683 τήν
1278 5625 1417 5686 ἡμῶν
1458 5625 1703 5687 ὠφέλειαν,
1728 5621 1853 5671 τοι-ιθ
1886 5619 2087 5670 manus.

412 5695 447 5743 Α
461 5698 510 5743 lii
533 5698 654 5746 item
675 5690 863 5741 habent
886 5690 1145 5748 παράσχοι.

833 5799 1103 5858 Pyrum"
1150 5796 1263 5855 Cm.
1316 5789 1471 5851 LHI.

2143 372 2472 442 ἐπετίμησεν
2494 389 2504 403 ·
2528 370 2699 436 οὑτως
2727 371 2801 442 τῷ
2828 372 2951 426 Νῶε
2979 372 3221 446 διελέχθη
3242 389 3258 407 ⁸
3280 374 3454 438 οὑτως
3497 376 3755 447 ἐπεξενὼ(
3772 396 3805 447 η

2142 453 2218 523 τῷ
2265 453 2531 525 Ἀϐραάμ.
2552 455 2681 506 Ὅτε
2707 455 2765 508 δὲ
2799 456 2879 518 είς
2909 444 3337 527 πολλὴνκακίαν
3375 444 3629 522 ἐξώκειλε
3659 444 3809 512 πᾶσα

2142 537 2175 605 ή
2207 534 2314 587 τῶν
2347 535 2650 605 ἀνθρώπων
2682 535 2842 605 φύσις
2867 577 2880 601 ,
2919 538 3039 590 οὐδὲ
3064 537 3208 591 οὕτω
3252 539 3436 593 τέλεον
3478 540 3807 611 ἀπεστράφη

2141 617 2205 668 τὸ
2250 617 2360 670 τῶν
2407 616 2707 688 ἀνθρώπων
2736 619 2893 687 γένος
2945 622 2973 672 0
2998 620 3107 674 τῶν
3153 620 3409 674 ἁπάντων
3446 622 3805 692 δημιουργός·

2144 700 2260 754 ἀλλ’
2288 701 2476 773 ἐπειδὴ
2504 702 2711 766 ἀνάξιοι
2733 701 2918 755 λοιπὸν
2951 703 3325 775 γεγόνασι-τῆς
3349 704 3562 774 ὁμιλίας
3589 706 3689 775 τῆς
3712 707 3812 760 a6—

2145 783 2261 846 τοῦ,
2315 784 2636 855 βουλόμενος
2686 784 2848 838 πάλιν
2875 771 3293 842 ἀνανεώσασθαι.
3317 771 3416 859 τὴν
3455 789 3591 859 πρὸς
3617 771 3813 853 αὐτοὺς

2147 865 2349 933 φιλίαν,
2373 866 2621 935 καθάπερ
2638 865 2945 937 ἀνθρώποις
2974 869 3189 938 μακρὰν
3209 869 3486 938 ἀφεστῶσι
3512 871 3814 942 γράμματα

2150 948 2378 1018 πέμπει,
2415 949 2550 1018 πρὸς
2604 949 2795 1003 ἑαυτὸν
2848 950 3207 1020 ἐφελκόμενος
3252 952 3432 1005 πᾶσαν
3457 952 3554 1024 τὴν
3586 952 3693 1005 τῶν
3725 953 3817 1006 ἀν-

2151 1030 2383 1101 θρώπων
2413 1030 2593 1099 φύσιν.
2635 1032 2746 1085 Καὶ
2771 1031 2945 1085 ταῦτα
2975 1032 3043 1085 τὰ
3071 1032 3376 1104 γράμματα
3402 1033 3612 1104 έπεμψε
3655 1034 3755 1104 μὲν
3789 1036 3819 1087 ὁ

2149 1112 2299 1176 Θεὸς,
2338 1115 2560 1183 ἐκόμισε
2593 1114 2650 1167 δὲ
2688 1115 2911 1184 Μωσῆς.
2949 1114 3015 1167 Τί
3057 1112 3150 1168 οὖν
3178 1115 3324 1183 λέγει
3357 1118 3426 1168 τὰ
3476 1117 3817 1187 γράμματα;

2162 1196 2265 1249 Ἕν
2289 1195 2446 1265 ἀρχῇ
2475 1196 2762 1263 ἐποίησεν
2782 1199 2814 1250 ό
2845 1197 2989 1262 Θεὸς
3006 1197 3112 1252 τὸν
3141 1199 3400 1266 οὐρανὸν
3418 1200 3513 1253 καί
3532 1199 3649 1268 τὴν
3680 1198 3816 1268 γῆν.

2153 1277 2350 1331 Σκόπει
2372 1278 2465 1331 τοῦ
2501 1278 2816 1348 θαυμαστοῦ
2846 1279 3038 1332 τούτου
3075 1281 3357 1351 προφήτου
3381 1323 3395 1347 ,
3426 1281 3694 1352 ἀγαπητὲ,
3728 1281 3822 1334 καὶ

2153 1359 2212 1414 ἐν
2233 1360 2408 1431 τούτῳ
2431 1361 2494 1413 τὸ
2523 1359 2821 1432 ἐξαίρετον.
2851 1360 2918 1415 OE
2946 1361 3045 1431 μὲν
3066 1363 3174 1431 γὰρ
3212 1361 3361 1415 ἄλλοι
3383 1364 3657 1435 προφῆται
3687 1361 3823 1414 πάν-

2152 1459 2244 1505 τες
2268 1442 2302 1512 ἢ
2334 1441 2406 1495 τά
2436 1442 2575 1513 μετά
2607 1443 2775 1496 πολὺν
2827 1444 3063 1513 ἐσόμενα
3111 1445 3299 1515 χρόνον
3339 1440 3512 1506 εἶπον,
3548 1445 3582 1516 ἢ
3609 1445 3677 1498 τά
3704 1448 3823 1497 κατ’

2153 1524 2314 1579 αὐτὸν
2346 1524 2607 1596 μέλλοντα
2633 1524 3010 1596 συμϐήσεσθαι
3041 1524 3133 1578 τὸν
3162 1526 3354 1597 καιρόν
3378 1541 3392 1555 ’
3423 1528 3452 1579 ὁ
3473 1526 3530 1579 δέ
3557 1524 3827 1597 μακάριος

2154 1602 2308 1669 οὐτος
2344 1605 2484 1676 μετά
2507 1605 2707 1670 πολλὰς
2729 1607 2924 1674 γενεὰς
2945 1605 3208 1675 γεγονὼς,
3234 1606 3339 1660 ὑπὸ
3369 1608 3468 1677 τῆς
3513 1606 3717 1660 ἄνωθεν
3744 1604 3829 1657 δε-

2156 1687 2276 1755 ξιᾶς
2324 1689 2690 1760 ὁδηγούμενος
2720 1689 2747 1728 ἀ
2793 1691 2979 1742 ἐκεῖνα
3024 1690 3199 1742 εἰπεῖν
3237 1688 3572 1761 κατηξιώθη,
3632 1688 3667 1742 ἃ
3723 1686 3829 1757 πρὸ

2156 1770 2252 1840 τῆς
2278 1770 2444 1823 αὐτοῦ
2472 1771 2741 1839 γενέσεως
2766 1770 2870 1823 ὑπὸ
2894 1770 2986 1823 τοῦ
3008 1770 3115 1824 τῶν
3137 1770 3391 1825 ἁπάντων
3423 1766 3827 1840 ἐδημιουργήθη

2156 1854 2448 1908 Δεσπότου.
2507 1855 2606 1908 Διά
2657 1853 2815 1906 τοῦτο
2866 1855 2959 1906 καὶ
3016 1853 3190 1918 οὕτως
3242 1853 3443 1925 ήρξατο
3471 1853 3680 1921 λέγων·
3729 1855 3832 1906 Ἐν

2157 1935 2313 2005 ἀρχῇ
2360 1936 2649 2003 ἐποίησεν
2680 1940 2712 1991 ὀ
2752 1936 2896 2003 Θεὸς
2925 1935 3032 1990 τὸν
3057 1935 3322 2003 οὐρανὸν
3366 1935 3465 1988 καὶ
3510 1936 3626 2002 τὴν
3676 1934 3825 2003 γῆν·

2161 2020 2444 2090 μονονουχὶ
2482 2020 2618 2091 πρὸς
2649 2019 2896 2083 ἅπαντας
2956 2020 3104 2090 ἡμᾶς
3135 2019 3367 2091 λαμπρᾷ
3397 2020 3538 2089 βοῶν
3561 2021 3629 2090 τῇ
3656 2019 3830 2087 φωνῇ,

2159 2101 2253 2154 καὶ
2275 2100 2447 2169 λέγων
2473 2120 2483 2130 ·
2521 2102 2596 2173 μὴ
2622 2101 2729 2173 γὰρ
2760 2101 2908 2173 παρά
2932 2100 3221 2170 ἀνθρώπου
3253 2102 3634 2172 διδασκόμενος
3659 2097 3831 2154 ταῦτα

2161 2184 2502 2255 φθέγγομαί;
2565 2187 2622 2238 '0
2653 2185 2760 2240 ἀπὸ
2788 2186 2879 2238 τοῦ
2912 2184 2987 2256 μὴ
3038 2185 3191 2247 ὄντος
3226 2196 3251 2223 ο
3278 2186 3359 2247 εἰς
3415 2184 3475 2237 τὸ
3509 2178 3649 2236 εἶναι
3693 2182 3833 2235 αὐτά

2161 2266 2520 2337 παραγαγὼν,
2561 2264 2715 2331 οὗτος
2736 2269 2831 2321 καὶ
2860 2267 2959 2338 τὴν
2984 2266 3123 2337 ἐμὴν
3155 2266 3402 2334 γλῶτταν
3423 2266 3560 2337 πρὸς
3581 2267 3680 2334 τὴν
3708 2265 3834 2318 τού-

2160 2366 2267 2402 των
2297 2351 2555 2420 ἐξήγησιν
2589 2350 2983 2421 παρώρμησεν.
3049 2350 3137 2412 Ὠς
3168 2344 3261 2402 οὖν
3289 2348 3471 2402 οὐκέτι
3520 2346 3672 2416 παρὰ
3694 2349 3834 2401 ’Μω-

2164 2428 2300 2494 σέως
2332 2430 2503 2484 ταῦτα
2534 2431 2841 2494 ἀκούοντες,
2874 2429 3011 2483 ἀλλά
3040 2431 3170 2501 παρ’
3203 2429 3370 2483 αὑτοῦ
3409 2427 3503 2482 τοῦ
3553 2428 3663 2481 τῶν
3695 2429 3836 2482 ὅλων

2163 2512 2296 2565 Θεοῦ
2330 2513 2417 2567 διὰ
2439 2513 2535 2582 τῆς
2560 2512 2650 2566 τοῦ
2681 2512 2925 2575 Μωσέως
2962 2510 3232 2582 γλώττης,
3265 2512 3408 2565 οὑτω
3438 2514 3552 2574 τοῖς
3609 2511 3838 2582 λεγομέ-

2164 2613 2274 2659 νοις
2303 2597 2679 2667 προσέχωμεν,
2732 2594 3055 2666 παρακαλῶ,
3106 2595 3201 2648 καὶ
3235 2593 3409 2647 πολλά
3464 2593 3678 2665 χαίρειν
3726 2595 3836 2656 τοῖς

2165 2678 2452 2748 ἡμετέροις
2502 2679 2783 2750 λογισμοῖς
2817 2678 3063 2741 εἰπόντες
3089 2695 3102 2708 ο
3135 2679 3422 2748 Λογισμοὶ
3464 2678 3595 2749 γὰρ,
3650 2677 3836 2748 φησὶν,

2165 2761 2489 2829 ἀνθρώπων
2512 2761 2719 2827 δειλοὶ,
2744 2761 2841 2814 καὶ
2872 2761 3229 2829 ἐπισφαλεῖς
3251 2764 3310 2814 αἱ
3333 2761 3591 2814 ἐπίνοιαι
3613 2758 3834 2813 αὐτῶν.

2165 2844 2319 2899 Μετά
2346 2845 2542 2916 πολλῆς
2565 2844 2667 2915 τῆς
2717 2843 3135 2913 εὐγνωμοσύνης
3178 2843 3462 2915 δεχώμεθα
3493 2843 3561 2897 τὰ
3608 2842 3839 2913 λεγόμε-

2169 2943 2256 2994 να,
2292 2926 2366 2998 μὴ
2405 2927 2824 2997 ὑπερϐαίνοντες
2854 2926 2916 2979 τὸ
2948 2929 3144 2979 οἰκεῖον
3181 2926 3396 2997 μέτρον,
3436 2926 3570 2997 μηδὲ
3604 2925 3671 2978 τὰ
3700 2925 3840 2995 ὑπὲρ

2167 3010 2313 3079 ἡμᾶς
2330 3008 2847 3079 περιεργαζόμενοι·
2872 3009 3013 3079 ὅπερ
3030 3007 3362 3062 πεπόνθασιν
3381 3010 3429 3061 οί
3456 3009 3556 3078 τῆς
3582 3007 3840 3078 ἀληθείας

2166 3090 2375 3162 ἐχθροὶ,
2407 3090 2759 3162 βουληθέντες
2804 3093 2916 3153 τοῖς
2971 3090 3193 3153 οἰκείοις
3243 3090 3523 3161 λογισμοῖς
3550 3089 3844 3161 ἐπιτρέψαι

2164 3173 2227 3225 τὸ
2261 3175 2391 3239 πᾶν,
2435 3174 2531 3226 καὶ
2563 3173 2664 3227 οὑκ
2710 3173 3062 3242 ὲννοήσαντες
3093 3172 3174 3225 ὅτι
3204 3172 3464 3227 ἀδύνατον
3508 3173 3608 3245 τὴν
3638 3173 3845 3244 ἀνθρω-

2168 3256 2328 3308 πείαν
2381 3254 2546 3324 φύσιν
2599 3254 2618 3293 τ
2659 3255 2759 3325 τὴν
2795 3253 2889 3307 τοῦ
2928 3254 3066 3311 Θεοῦ
3096 3254 3458 3326 δημιουργίαν
3486 3255 3845 3326 περιεργάζε-

2169 3337 2308 3390 σθαι.
2345 3337 2456 3391 Καὶ
2484 3337 2539 3391 τί
2559 3336 2700 3407 λέγω
2724 3338 2822 3408 τὴν
2845 3335 2939 3389 τοῦ
2966 3335 3097 3389 Θεοῦ
3123 3337 3187 3408 δη
3196 3338 3513 3410 μιουργίαν;
3550 3338 3688 3391 Ἀλλ’
3722 3337 3844 3392 οὐδὲ

2168 3417 2456 3491 ἀνθρώπου
2500 3420 2697 3491 τέχνην
2746 3419 2841 3473 τοῦ
2876 3419 3176 3491 ὁμογενοῦς
3206 3422 3340 3491 ήμῖν
3381 3420 3845 3492 περιεργάζεσθαι

2168 3501 2408 3556 δυνατόν.
2440 3502 2575 3556 Εἰπὲ
2604 3502 2713 3573 γάρ
2749 3520 2861 3574 μοι,
2890 3502 3001 3566 πῶς
3036 3501 3145 3555 ἀπὸ
3165 3502 3265 3573 τῆς
3297 3502 3624 3573 μεταλλικῆς
3651 3503 3844 3572 τέχνης

2171 3585 2394 3655 χρυσίου
2423 3585 2737 3638 συνίσταται
2762 3585 2956 3655 φύσις;
2994 3584 3171 3655 ἢπῶς
3206 3584 3306 3655 τῆς
3337 3584 3492 3638 ὑέλου
3527 3586 3560 3656 ή
3610 3584 3845 3657 καθαρό-

2171 3685 2268 3739 της
2304 3668 2412 3721 ἀπὸ
2445 3669 2670 3739 ψάμμου
2710 3668 2951 3736 γίνεται;
2993 3667 3131 3721 Ἀλλ’
3160 3667 3262 3720 οὐκ
3283 3667 3348 3722 ἂν
3387 3668 3531 3737 ἐχοις
3562 3668 3757 3720 είπεῖν.
3783 3667 3846 3719 El

2173 3753 2351 3807 τοίνυν
2374 3752 2548 3806 ταῦτα
2568 3751 2636 3804 τά
2665 3751 2769 3821 πρὸ
2798 3749 2906 3803 τῶν
2935 3749 3230 3820 ὀφθαλμῶν
3263 3751 3511 3820 κείμενα,
3579 3750 3672 3803 καὶ
3705 3749 3847 3820 άπερ

2171 3835 2259 3889 διὰ
2285 3835 2386 3903 τὴν
2407 3833 2502 3887 τοῦ
2541 3833 2678 3886 Θεοῦ
2708 3832 3119 3904 φιλανθρωπίαν
3148 3831 3308 3901 σοφία
3344 3830 3663 3904 ἀνθρωπίνη
3685 3832 3847 3902 ἐργά-

2174 3918 2346 3984 ζεται,
2400 3916 2736 3987 καταμαθεῖν
2775 3914 2834 3967 οὐ
2874 3912 3097 3966 δυνατὸν
3124 3914 3174 3977 8,
3206 3912 3275 3965 τά
3308 3911 3417 3965 ἀπὸ
3464 3911 3557 3965 τοῦ
3591 3910 3725 3965 Θεοῦ
3753 3912 3848 3981 δη-

2178 3999 2581 4073 μιουργηθέντα
2608 3995 2968 4069 περιεργάζῃ,
2995 3994 3249 4067 ἄνθρωπε
3275 4012 3289 4062 ;

2245 4083 2357 4137 Καὶ
2389 4081 2548 4144 ποίας
2571 4079 2638 4133 ἂν
2661 4079 2847 4150 τύχοις
2886 4077 3248 4148 συγγνώμης;
3272 4077 3418 4138 τίνος
3456 4075 3515 4128 δέ
3552 4075 3847 4143 ἀπολογίας

2175 4164 2319 4219 οὑτω
2345 4161 2626 4236 μεμηνὼς,
2658 4162 2753 4215 καὶ
2783 4160 2853 4214 τά
2881 4160 3023 4231 ὑπὲρ
3057 4160 3154 4230 τὴν
3182 4158 3381 4213 σαυτοῦ
3409 4157 3570 4228 φύσιν
3590 4158 3851 4228 φανταζό-

2180 4264 2368 4317 μενος;
2401 4247 2476 4299 Τὸ
2507 4245 2617 4316 γὰρ
2641 4243 2819 4314 λέγειν
2850 4243 2910 4307 ἐξ
2936 4239 3304 4314 ὑποκειμένης
3333 4241 3466 4314 ὕλης
3493 4242 3563 4296 τὰ
3590 4244 3720 4296 ὅντα
3753 4260 3851 4312 γεε-

2177 4330 2459 4399 γενῆσθαι,
2494 4328 2589 4382 καὶ
2651 4328 2726 4399 μὴ
2786 4327 3069 4398 ὁμολογεῖν
3118 4327 3199 4380 ὅτι
3246 4324 3305 4389 ἐξ
3335 4326 3436 4379 οὐκ
3491 4325 3663 4378 ὄντων
3710 4327 3852 4379 αὐτά

2182 4419 2500 4484 παρήγαγεν
2525 4412 2553 4463 0
2598 4411 2707 4462 τῶν
2758 4411 3012 4464 ἁπάντων
3067 4408 3417 4479 δημιουργὸς,
3470 4409 3571 4476 τῆς
3616 4409 3850 4479 ἐσχάτης

2181 4494 2607 4565 παραφροσύνης
2629 4493 2695 4546 ἂν
2725 4492 2813 4562 εἴη
2835 4496 3079 4563 σημεῖον.
3127 4491 3484 4561 Ἐμφράττων
3526 4491 3705 4545 τοίνυν
3742 4492 3850 4544 τῶν

2178 4577 2510 4648 ἀγνωμόνων
2538 4577 2605 4630 τά
2629 4575 2867 4646 στόματα
2891 4578 2918 4627 0
2949 4575 3216 4646 μακάριος
3230 4568 3383 4636 οὗτος
3400 4576 3707 4646 προφήτης,
3729 4575 3853 4645 μέλ-

2179 4662 2285 4714 λων
2318 4658 2578 4730 ἀρχεσθαι
2596 4656 2689 4711 τοῦ
2715 4657 2941 4727 βιϐλίου,
2959 4655 3128 4719 οὑτως
3159 4653 3379 4725 ἤρξατο*
3402 4654 3505 4709 Ἐν
3519 4653 3677 4723 ἀρχῇ
3691 4655 3852 4707 ἑποί-

2180 4760 2334 4811 ησεν
2361 4741 2478 4814 [10]
2498 4744 2529 4795 ό
2547 4740 2692 4805 Θεὸς
2713 4739 2820 4794 τὸν
2845 4739 3106 4808 οὐρανὸν
3141 4737 3239 4790 καὶ
3263 4736 3376 4805 τὴν
3409 4735 3544 4805 γῆν.
3571 4736 3739 4789 Ὅταν
3757 4731 3849 4790 οὖν

2183 4826 2421 4897 ἀκούσης
2466 4826 2545 4889 τὸ,
2604 4825 2910 4892 Ἐποίησε,
2965 4823 3130 4893 μηδὲν
3179 4822 3364 4891 ἕτερον
3396 4820 3423 4858 ιι
3459 4817 3845 4888 περιεργάζου,

2184 4910 2318 4965 ἀλλά
2377 4910 2528 4963 κάτω
2582 4907 2825 4970 κύπτων,
2890 4904 3111 4960 πίστευε
3154 4901 3232 4971 τῷ
3278 4898 3540 4968 λεχθέντι.
3582 4898 3711 4962 Θεὸς
3744 4903 3851 4971 γάρ

2185 4998 2331 5048 ἐστιν
2361 4998 2389 5048 0
2437 4994 2614 5046 πάντα
2662 4991 2830 5044 ποιῶν
2861 4988 2954 5040 καὶ
3003 4982 3444 5056 μετασκευάζων,
3482 4981 3576 5035 καὶ
3617 4982 3754 5050 πρὸς
3793 4985 3854 5034 τὸ

2185 5079 2347 5131 αὐτοῦ
2388 5079 2634 5150 βούλημα
2663 5076 2732 5128 τὰ
2768 5072 2945 5126 πάντα
2981 5066 3454 5140 μεταρρυθμίζων.
3489 5067 3597 5120 Καὶ
3625 5067 3725 5137 ὅρα
3753 5067 3854 5136 τῆς

2248 5246 2275 5285 d
2298 5244 2496 5297 Coislin.
2521 5245 2615 5293 ὑπὸ
2638 5242 2914 5308 ῆςάγωρεν
2940 5235 3305 5308 ἐξουεξίρξςρξηῐσ
3374 5292 3397 5303 -
3466 5292 3536 5308 ,.
3604 5307 3607 5308 ,
3683 5290 3828 5308 πη-.

2255 5322 2279 5349 θ
2624 5290 2808 5365 τὸῢμτγ
2836 5290 2983 5365 ὄντοςξ
3030 5294 3127 5346 Ᾱιὶὶ
3142 5290 3178 5343 ῦὸ
3200 5290 3295 5344 ἀπὸ
3310 5292 3403 5365 ,τοῦ
3424 5293 3487 5355 μὴ
3512 5292 3656 5365 ὄντος.
3683 5290 3854 5353 Pergit

2188 5354 2483 5423 (ἷοίδιῖιιί-εἶς
2507 5368 2563 5415 τὸ
2587 5368 2704 5414 εἶναι
2725 5354 2876 5411 ταῦτα
2898 5354 3051 5409 πάντα
3072 5358 3376 5420 παραγαγών,
3405 5354 3500 5403 ιιου
3523 5354 3667 5401 male.

2255 5424 3041 5493 Ὀυίειίατῇἀνθρωπείφφτῖσὲι·
3114 5481 3127 5493 .
3177 5480 3199 5493 .
3326 5478 3338 5493 ρ
3440 5475 3545 5493 ..-μ
3599 5473 3663 5493 ..ξ-ε

2256 5496 2281 5534 8
2306 5475 3024 5552 16060:“mssfjmmsgzv
3080 5481 3134 5552 οὐ
3173 5478 3383 5552 δυνατόν.
3440 5475 3566 5552 λιρξ
3586 5475 3697 5552 ’τεῇς
3713 5480 3853 5552 3n}?

2192 5557 2269 5613 τά,
2297 5535 2671 5616 οἶοῖγοιῖείνὶὴ
2712 5548 2907 5604 More|.,
2952 5535 3766 5616 glegslEt:(105105fﬁéaﬂlﬁ:
3802 5535 3852 5581 in

2439 5592 3096 5674 εῆίξρὲίίοῖι-ειῖυεέτίριίες
3124 5604 3335 5662 ideoque
3359 5608 3657 5661 cxpuucmm
3681 5592 3789 5644 fuit.

2256 5676 2283 5717 ιι
2307 5679 2492 5737 Regius
2511 5689 2637 5723 unus
2660 5675 2723 5734 μή
2742 5674 2913 5734 ἕτερον.
2948 5688 2955 5697 λ

3358 5767 3394 5824 2
