4018 6136
339 361 412 417 99
1520 347 1582 405 ΙΝ
1619 349 1770 406 ΟΜ).
1815 349 1854 403 l.
1896 349 1913 404 (

2022 349 2033 404 Ι
2042 348 2142 405 ES.
2186 348 2408 407 llOMIl..
2422 351 2485 408 ll.
3549 367 3615 423 30

337 484 462 544 apte
504 471 780 528 convertit.
830 468 896 524 Et
925 467 1043 523 vide
1071 473 1324 538 quantum
1365 472 1562 518 nostrae
1599 461 1840 532 parvitati
1868 475 1927 516 se

336 574 656 633 attemperat
691 580 703 615 :
738 560 869 615 nihil
898 559 966 614 de
993 556 1344 612 invisibilibus
1381 555 1662 610 virtutibus
1691 553 1923 618 disserit,

339 670 515 725 neque
543 653 688 719 dicit,
724 651 781 707 ln
828 650 1088 720 principio
1133 648 1259 704 fecit
1299 648 1438 702 Deus
1473 647 1686 716 angelos
1722 646 1802 701 vel
1834 660 1926 698 ar-

329 743 626 812 changelos
653 761 666 797 :
698 757 803 795 non
824 739 1158 810 simpliciter,
1193 753 1365 807 neque
1383 745 1583 792 temere
1611 736 1746 790 hanc
1771 734 1926 790 nobis

335 834 598 889 doctrina:
625 831 764 886 viam
796 830 1017 900 paravit.
1045 829 1177 896 Quia
1203 827 1344 882 enim
1370 826 1566 882 Judwis
1589 826 1922 896 loquebatur,

332 927 423 996 qui
476 926 571 979 toti
619 923 970 994 przesentibus
1011 921 1169 976 rebus
1209 919 1511 986 inhiabant,
1555 933 1726 988 neque
1765 919 1923 988 spiri-

335 1019 480 1072 tuale
507 1017 791 1086 quidquam
818 1016 997 1069 animo
1023 1014 1304 1083 concipere
1331 1012 1596 1079 valebant,
1629 1027 1721 1066 eos
1747 1026 1776 1066 a
1804 1027 1926 1066 scn-

333 1109 578 1163 sibilibus
609 1107 673 1162 ad
699 1105 1130 1176 cognoscendum
1159 1104 1386 1160 universi
1415 1103 1669 1174 Opilicem
1701 1103 1920 1169 inducit,

334 1211 392 1257 ut
419 1217 484 1256 ex
526 1200 787 1256 creaturis
830 1198 1225 1252 Fabricatorem
1267 1197 1445 1252 mundi
1476 1196 1764 1262 discentes,
1796 1195 1922 1249 ado-

334 1301 518 1346 rarent
543 1291 847 1344 Creatorem
889 1288 1147 1354 omnium,
1186 1296 1240 1341 et
1278 1303 1383 1342 non
1426 1287 1478 1341 in
1505 1288 1761 1342 creaturis
1794 1286 1923 1357 ipsis

333 1391 710 1453 permanerent
739 1390 791 1435 et
818 1381 1176 1451 quiescerent.
1220 1379 1351 1434 Nam
1386 1394 1510 1434 cum
1541 1380 1663 1435 licet
1694 1380 1808 1435 lucc
1851 1380 1922 1435 ita

332 1473 472 1528 facta
504 1474 630 1537 sint,
660 1487 764 1525 non
788 1470 1168 1525 intermiserint
1193 1485 1255 1524 ex
1283 1471 1540 1525 creaturis
1570 1471 1698 1525 deos
1721 1469 1916 1538 facere,

331 1573 388 1620 et
417 1564 655 1618 divinum
693 1563 948 1617 honorem
990 1560 1298 1618 foedissimis
1327 1561 1498 1616 brutis
1525 1561 1779 1617 exhibere
1816 1579 1828 1614 :
1869 1564 1920 1617 in

328 1670 494 1726 quam
528 1668 632 1708 non
677 1653 965 1707 amentiam
1001 1651 1330 1719 incidissent,
1373 1653 1474 1708 nisi
1504 1663 1646 1711 tanta
1677 1669 1800 1726 erga
1828 1669 1920 1710 eos

329 1744 776 1813 attemperatione
803 1743 988 1797 fuisset
1015 1742 1176 1798 usus?

404 1837 458 1891 5.
491 1834 599 1890 Nec
624 1834 852 1899 mireris,
880 1833 1093 1902 dilecte,
1119 1834 1260 1904 quod
1289 1833 1464 1889 Moses
1491 1835 1590 1891 hac
1624 1837 1707 1892 via
1735 1835 1924 1914 inces-p

330 1928 462 1982 serit
488 1928 528 1991 ⁸,
550 1927 636 1997 qui
665 1927 716 1980 in
758 1926 1036 1996 principio,
1067 1933 1122 1980 et
1153 1926 1205 1979 in
1247 1925 1540 1996 przeludiis,
1568 1928 1920 1984 crassioribus

329 2019 582 2088 loquutus
617 2026 700 2072 est
736 2017 935 2072 iudicis
977 2033 990 2070 :
1028 2017 1453 2088 quandoquidem
1493 2019 1686 2074 Paulus
1710 2034 1919 2089 quoque

328 2118 575 2177 tempore
602 2107 806 2177 gratim,
842 2120 962 2161 cum
993 2114 1194 2161 tantum
1239 2107 1632 2176 praedicationis
1656 2117 1798 2164 esset
1831 2109 1915 2164 in-

327 2207 682 2264 crementum,
713 2198 1076 2268 disputaturos
1115 2213 1235 2253 cum
1267 2198 1699 2266 Atheniensibus,
1729 2215 1758 2256 a
1788 2201 1917 2255 visi~

329 2292 528 2346 bilibus
570 2291 866 2346 doctrinam
917 2291 1080 2360 coepit
1116 2289 1199 2346 his
1242 2291 1422 2346 verbis
1464 2309 1477 2346 :
1518 2290 1654 2346 Deus
1689 2293 1774 2362 qui
1802 2293 1918 2363 fecit

327 2386 597 2448 nnmdum,
633 2393 679 2438 et
705 2384 875 2438 omnia
911 2399 1026 2454 qua:
1062 2384 1112 2437 in
1151 2400 1208 2439 eo
1237 2393 1387 2449 sunt;
1424 2385 1505 2438 hic
1543 2384 1657 2438 σανιί
1691 2394 1737 2440 et
1771 2396 1918 2440 terra:

323 2491 444 2528 cum
471 2475 535 2528 sit
563 2472 843 2542 Dominus,
888 2491 990 2529 non
1026 2475 1081 2528 in
1117 2476 1422 2545 manufactis
1463 2475 1653 2530 habitat
1693 2477 1910 2548 templis,

326 2584 418 2621 nec
448 2567 682 2622 humanis
711 2567 940 2622 manibus
966 2569 1149 2622 colitur
1175 2567 1310 2639 (Act.
1343 2569 1430 2623 17.
1461 2569 1576 2640 24).
1613 2569 1746 2637 Quia
1769 2571 1911 2625 enim

327 2661 487 2712 talem
509 2659 586 2714 eis
613 2667 917 2728 competere
945 2661 1146 2716 sciebat
1180 2659 1497 2727 doctrinam,
1529 2661 1664 2716 hanc
1689 2662 1914 2717 docendi

325 2751 466 2805 viam
489 2751 730 2822 arripuit.
762 2751 844 2805 Ad
870 2766 963 2806 eos
987 2752 1129 2806 enim
1147 2752 1234 2821 qui
1257 2767 1404 2807 suam
1428 2753 1788 2823 suscipiebant
1812 2754 1910 2809 do-

324 2843 574 2909 ctrinam,
604 2858 631 2896 a
662 2842 862 2912 Spiritu
889 2843 956 2896 ita
984 2841 1332 2912 dirigebatur,
1360 2853 1414 2897 et
1441 2858 1533 2899 eos
1559 2845 1630 2899 ita
1667 2843 1909 2900 docebat.

328 2935 392 2989 Et
419 2943 475 2988 ut
496 2935 632 2989 scias
665 2933 819 3003 hujus
844 2933 919 2988 rei
945 2948 1158 2988 causam
1189 2931 1350 2988 fuisse
1376 2948 1720 3004 perSOnarum
1751 2936 1914 2992 varie-

328 3033 515 3089 tatem,
538 3033 593 3079 et
617 3023 918 3078 auditorum
939 3022 1368 3090 crassitudinem,
1388 3023 1509 3078 audi
1531 3022 1678 3078 illum
1701 3024 1869 3095 ipsum
1895 3041 1909 3078 :

325 3117 392 3171 ad
435 3116 784 3171 Colosseuses
828 3115 971 3170 enim
1018 3115 1296 3186 epistolam
1353 3115 1632 3181 scribens,
1670 3131 1776 3170 non
1815 3116 1914 3171 hac

324 3207 562 3261 ambulat
605 3207 708 3273 via,
750 3203 844 3259 sed
882 3204 1038 3260 aliter
1077 3220 1196 3260 cum
1230 3205 1307 3260 eis
1347 3205 1614 3275 loquitur,
1653 3215 1708 3260 et
1745 3205 1910 3262 dicit:

329 3301 463 3368 Quia
494 3302 546 3353 in
574 3300 686 3369 ipso
711 3307 878 3352 creata
905 3306 1020 3352 sunt
1049 3297 1217 3352 omnia
1236 3339 1250 3362 ,
1299 3313 1412 3368 qua:
1435 3298 1487 3352 in
1517 3297 1652 3352 cwlis
1693 3307 1826 3362 sunt,
1866 3305 1914 3352 et

324 3407 439 3460 qua!
456 3392 508 3444 in
534 3400 688 3458 terra,
721 3388 934 3444 visibilia
962 3399 1008 3443 et
1029 3388 1316 3457 invisibilia,
1343 3388 1446 3442 sive
1473 3389 1661 3456 throni,
1693 3389 1793 3444 sive
1815 3389 1910 3442 do-

327 3484 648 3549 minationes,
689 3484 790 3537 sive
817 3482 1150 3553 principatus,
1183 3482 1284 3536 sive
1307 3490 1590 3552 potestates,
1626 3482 1796 3535 omnia
1826 3497 1914 3551 per

325 3577 494 3642 illum,
522 3585 569 3630 et
589 3575 642 3629 in
678 3575 827 3629 illum
860 3583 1028 3628 creata
1052 3583 1168 3628 sunt
1205 3571 1420 3644 (Coloss.
1452 3575 1503 3626 1.
1537 3571 1648 3644 l6).
1679 3572 1912 3628 Joannes

324 3675 504 3723 autem
537 3666 752 3721 tonitrui
778 3665 918 3720 filius
944 3663 1226 3732 clamabat,
1252 3665 1471 3720 dicens:
1507 3662 1691 3719 Omnia
1719 3682 1807 3735 per
1832 3666 1914 3737 ip-

323 3776 437 3814 sum
462 3758 599 3828 facta
627 3766 762 3823 sunt,
797 3767 842 3810 et
874 3757 981 3825 sine
1004 3757 1114 3826 ipso
1141 3759 1331 3828 factum
1368 3765 1442 3810 est
1484 3757 1614 3811 nihil
1644 3755 1822 3827 (Joan.
1857 3759 1906 3813 l.

323 3853 402 3922 5).
434 3854 502 3906 At
527 3864 637 3906 non
668 3851 746 3906 sic
773 3850 977 3916 Moses;
1006 3859 1060 3906 et
1086 3849 1312 3905 merito:
1345 3864 1443 3905 nec
1463 3851 1606 3905 enim
1635 3859 1752 3906 erat
1778 3865 1910 3905 con-

324 3955 660 4008 sentaneum,
693 3951 747 3996 ut
783 3941 952 3997 solido
982 3949 1326 4010 pascerentur
1360 3941 1481 3997 cibo
1521 3941 1714 4012 quibus
1737 3940 1917 3998 adhuc

325 4036 478 4090 lactis
498 4032 741 4087 alimonia
779 4047 912 4102 opus
945 4041 1077 4086 erat.
1108 4031 1240 4085 Nam
1283 4031 1729 4103 quemadmodum
1775 4032 1910 4086 ludi-

324 4125 562 4196 magistri
582 4124 780 4194 pueris,
804 4123 938 4193 quia
955 4122 1259 4192 parentibus
1280 4124 1300 4154 ¹¹
1322 4123 1450 4192 ipsis
1470 4124 1912 4179 commendantur

325 4216 620 4283 erudiendi,
648 4217 819 4288 prima
859 4215 1073 4270 tradunt
1100 4217 1362 4271 elementa
1388 4255 1403 4282 ,
1436 4229 1569 4286 quos
1600 4223 1795 4286 pueros
1818 4216 1908 4286 qui

321 4311 392 4363 ab
421 4309 526 4363 illis
551 4315 734 4378 postea
767 4307 1080 4376 suscipiunt,
1109 4305 1505 4361 sublimioribus
1533 4316 1585 4362 et
1623 4306 1906 4378 perfectio-

324 4399 472 4453 ribus
499 4397 754 4453 doctrinis
792 4396 1033 4450 imbuunt
1065 4414 1078 4449 :
1112 4396 1180 4449 ita
1206 4405 1260 4450 et
1297 4396 1480 4452 beatus
1503 4397 1695 4463 Moses,
1724 4407 1778 4453 et
1811 4397 1906 4453 do-

322 4500 439 4545 ctor
463 4489 721 4560 gentium,
752 4502 814 4543 ac
839 4487 978 4541 filius
1009 4487 1224 4541 tonitrui
1267 4485 1523 4542 fecerunt.
1568 4487 1698 4543 Nam
1733 4488 1908 4544 Moses

323 4583 538 4654 quidem
571 4598 692 4636 cum
723 4581 1191 4652 primusomuium
1220 4579 1599 4636 instituendam
1637 4582 1902 4651 suscepis:

323 4686 403 4730 set
435 4675 720 4728 humanam
761 4681 1024 4738 naturam,
1067 4672 1247 4727 docuit
1288 4672 1557 4728 auditores
1593 4674 1762 4744 prima
1793 4674 1903 4729 ele-

323 4775 544 4820 menta:
574 4764 812 4820 Joannes
853 4773 1028 4816 autem
1060 4773 1114 4818 et
1158 4763 1351 4817 Paulus
1403 4763 1467 4817 iis
1501 4780 1634 4833 quos
1680 4781 1709 4820 a
1761 4765 1908 4821 Mose

322 4867 658 4928 acceperant,
702 4864 883 4926 postea
926 4856 1236 4925 perfectiora
1281 4855 1566 4912 tradidere.
1615 4857 1905 4928 lgiturjam

320 4951 625 5014 didicimus,
666 4962 832 5018 quare
873 4948 944 5002 ita
992 4963 1049 5002 se
1091 4950 1524 5017 attemperaverit
1565 4950 1628 5004 ad
1671 4960 1903 5005 nostram

322 5043 656 5106 tenuitatem,
686 5047 742 5095 et
767 5054 888 5095 eum
923 5039 1123 5108 Spiritu
1167 5048 1354 5095 sancto
1394 5040 1715 5110 loquentem,
1751 5049 1908 5112 prout

321 5132 654 5188 auditoribus
679 5131 1024 5200 congruebat,
1051 5130 1226 5185 omnia
1254 5133 1570 5200 exposuisse
1601 5151 1613 5186 :
1644 5134 1907 5204 simulque

322 5225 408 5279 ille
450 5237 640 5278 omnes
691 5220 942 5287 haereses,
988 5238 1106 5291 qua:
1149 5223 1285 5277 sicut
1327 5225 1525 5279 zizania
1576 5227 1907 5295 pullulatura:

320 5330 472 5375 erant
511 5321 564 5375 in
611 5323 869 5390 Ecclesia,
901 5323 1134 5379 cradicat
1177 5339 1271 5395 per
1315 5324 1418 5381 hoc
1462 5326 1603 5395 quod
1642 5326 1810 5383 dicit:
1840 5324 1906 5380 In

320 5416 570 5485 principio
597 5417 713 5487 fecit
752 5416 888 5474 Deus
925 5418 1102 5473 cretum
1131 5430 1176 5474 et
1215 5431 1416 5476 terram.
1461 5423 1609 5479 Unde
1653 5426 1697 5480 si
1743 5427 1908 5484 Mani-

321 5506 501 5564 chacus
527 5509 594 5565 ad
624 5519 675 5565 te
701 5513 1192 5572 accesserit'dicens
1207 5515 1488 5571 materiam
1506 5519 1902 5589 praeessistere;

388 5749 402 5780 ¹
439 5747 494 5798 ln
520 5748 639 5798 Edit.
669 5749 854 5808 Mor-eL,
877 5754 1162 5804 cucurrerit.

386 5810 407 5840 ⁸
437 5810 579 5861 savii.
609 5818 660 5860 et
683 5810 821 5862 multi
851 5819 978 5875 llas,
1005 5829 1036 5866 a
1058 5817 1309 5880 putribus;
1334 5821 1514 5886 )torel.,
1541 5836 1570 5872 a
1592 5825 1844 5880 matribus.

2036 461 2078 515 si
2109 459 2358 526 Marcion,
2388 465 2430 517 si
2465 464 2771 522 Valentinus
2801 469 2902 538 (η),
2927 470 2969 526 si
2995 472 3241 543 gentiles,
3270 474 3354 530 dic
3383 480 3484 533 illis
3511 501 3521 534 :
3554 481 3616 536 In

2033 551 2280 622 principio
2309 554 2424 624 fecit
2444 555 2585 610 Deus
2611 559 2789 613 cretum
2813 571 2859 614 et
2888 571 3092 616 terram.
3127 565 3235 622 Sed
3262 569 3408 638 quid,
3440 571 3482 626 si
3511 588 3615 627 non
3691 636 3694 640 ,

2031 643 2198 698 credit
2241 645 2329 702 ille
2373 647 2696 718 Scriptum?
2735 651 2816 706 Tu
2857 655 3077 722 posthac
3107 671 3282 726 Ipsum
3328 665 3612 730 averseris,

2031 735 2174 790 velut
2201 735 2534 794 furibundum
2561 749 2615 796 et
2639 751 2816 796 mente
2841 754 3072 814 captum.
3105 748 3233 804 Nam
3259 752 3348 820 qui
3380 755 3614 809 onmium

2031 825 2218 897 Opilici
2249 845 2354 886 non
2383 832 2574 900 credit,
2606 843 2660 889 et
2684 837 2962 891 veritatem
2992 839 3252 896 mendacii
3290 845 3482 914 arguit,
3511 862 3614 916 qua

2032 933 2279 990 umquam
2309 921 2606 993 dignandus
2637 935 2719 980 est
2740 929 2924 983 venia?
2956 929 3124 986 Habet
3153 933 3242 989 ille
3269 933 3499 992 fucatum
3521 954 3614 994 eo-

2031 1009 2197 1064 lorem
2240 1012 2279 1075 ί,
2312 1023 2366 1067 et
2403 1024 2797 1072 mansuetorum
2842 1034 3095 1088 personas
3143 1024 3327 1092 induit,
3381 1031 3614 1100 legitque

2030 1101 2130 1155 Sub
2155 1102 2314 1156 ovilla
2345 1105 2482 1173 pelle
2505 1105 2702 1186 lupum.
2737 1109 2843 1165 Sed
2871 1118 2926 1166 tu
2958 1128 3025 1168 ne
3045 1114 3347 1186 decipiaris,
3378 1120 3484 1177 itno
3513 1121 3613 1176 hac

2029 1194 2139 1262 ipsa
2169 1195 2235 1250 de
2259 1211 2418 1252 eausa
2459 1198 2604 1253 illum
2643 1203 2810 1272 magis
2837 1217 3058 1259 exosum
3089 1207 3244 1274 habe,
3282 1212 3422 1280 quod
3463 1228 3614 1268 man-

2027 1287 2362 1344 suetudinem
2391 1291 2602 1361 quidem
2629 1307 2754 1364 erga
2785 1303 2838 1350 te
2865 1311 3185 1354 conservum
3213 1301 3443 1371 simulet,
3479 1321 3610 1360 cou-

2029 1384 2110 1432 tra
2140 1378 2416 1434 Dominum
2461 1390 2638 1437 autem
2685 1385 3053 1442 universorum
3097 1390 3258 1446 Deum
3290 1393 3486 1448 bellum
3515 1412 3610 1465 ge-

2027 1477 2128 1534 rat,
2157 1475 2212 1523 et
2234 1484 2406 1539 neque
2428 1472 2662 1542 seipsum
2691 1476 2915 1531 salutem
2940 1493 3089 1532 suam
3125 1482 3349 1548 prodere
3369 1486 3611 1541 animad-

2025 1568 2214 1614 vertat.
2245 1559 2510 1616 Cteterum
2553 1579 2652 1618 nos
2677 1565 2885 1621 ﬁrmam
2914 1577 3185 1625 teneamus
3211 1583 3434 1642 petram,
3461 1586 3510 1631 et
3542 1578 3608 1632 ad

2027 1650 2343 1720 principium
2389 1653 2580 1709 iterum
2630 1658 2995 1727 regrediamur
3040 1679 3054 1715 :
3100 1661 3167 1717 In
3207 1667 3455 1738 principio
3491 1670 3609 1738 fecit

2024 1743 2163 1799 Deus
2191 1747 2369 1800 cretum
2409 1759 2454 1802 et
2492 1757 2696 1803 terram.
2743 1752 2972 1808 Attende
3015 1770 3192 1823 nunc,
3233 1761 3500 1825 quomodo
3541 1777 3607 1816 ex

2023 1833 2140 1903 ipso
2166 1835 2359 1904 opificii
2392 1838 2553 1892 modo
2579 1839 2772 1894 divinae
2819 1851 3020 1897 naturae
3049 1843 3280 1913 dignitas
3314 1848 3602 1916 enitescat;

2022 1925 2290 1993 quomodo
2319 1927 2460 1982 Deus
2485 1937 2678 1998 prazter
2705 1929 2990 1985 humanum
3013 1943 3237 2004 morem,
3269 1951 3421 1992 suum
3445 1942 3605 2009 perfi-

2021 2015 2168 2070 ciens
2196 2016 2496 2083 ardilicium,
2526 2019 2672 2088 prius
2695 2021 2882 2075 czelum
2900 2023 3183 2092 extendat,
3213 2037 3396 2096 postea
3425 2038 3478 2085 et
3500 2040 3605 2086 ter-

2022 2120 2134 2159 ram
2165 2107 2472 2164 substernat
2503 2126 2518 2164 :
2546 2110 2695 2181 prius
2725 2112 2956 2180 culmen,
2992 2124 3046 2170 et
3075 2126 3256 2185 postea
3289 2118 3602 2176 fundamen-

2024 2204 2156 2250 tum.
2185 2197 2314 2265 Quis
2354 2199 2459 2254 tale
2486 2201 2610 2269 quid
2639 2202 2804 2257 vidit?
2827 2205 2950 2274 quis
2978 2205 3210 2262 audivit?
3235 2207 3289 2263 lu
3329 2210 3602 2268 hominum

2021 2299 2150 2342 sane
2175 2289 2424 2357 operibus
2449 2289 2581 2346 nihil
2621 2292 2724 2347 tale
2751 2309 2999 2364 umquam
3031 2295 3188 2352 fuerit
3221 2315 3234 2352 :
3265 2299 3358 2354 sed
3379 2302 3604 2370 jubente

2022 2377 2152 2443 Deo,
2183 2379 2442 2434 voluntati
2464 2381 2580 2451 ejus
2613 2393 2797 2452 parent
2826 2393 2878 2440 et
2899 2386 3094 2442 cedunt
3115 2389 3312 2444 omnia.
3342 2391 3418 2447 Ne
3442 2393 3603 2464 igitur

2020 2468 2263 2526 humanis
2283 2472 2577 2528 rationibus
2594 2473 2766 2529 divina
2787 2491 2947 2546 opera
2969 2479 3230 2536 curiosius
3250 2483 3599 2553 excutiamus,

2019 2561 2112 2615 sed
2160 2577 2226 2616 ex
2268 2565 2519 2633 operibus
2565 2567 2907 2630 manuducti,
2948 2568 3274 2627 admiremur
3318 2575 3596 2631 artilicem.

2024 2650 2159 2705 Nam
2188 2653 2458 2708 invisibilia
2493 2658 2624 2726 ejus,
2658 2657 2848 2728 inquit,
2881 2676 2942 2714 ex
2975 2662 3224 2716 creatione
3252 2665 3448 2732 mundi,
3478 2666 3598 2720 dum

2019 2760 2106 2814 per
2131 2762 2286 2815 opera
2311 2747 2679 2820 intelliguntur,
2712 2751 3030 2820 pervidentur
3053 2753 3228 2826 (Rom.
3264 2756 3313 2809 1.
3341 2756 3456 2827 20).

2086 2837 2139 2892 4.
2174 2837 2361 2892 Contra
2389 2855 2472 2894 eos
2496 2842 2583 2908 qui
2605 2842 2834 2896 dicebant
2853 2853 3036 2899 terram
3051 2862 3114 2901 ea:
3140 2848 3362 2918 subjecta
3391 2855 3599 2907 materia

2017 2927 2242 2995 factam;
2263 2939 2396 2984 terra
2422 2932 2588 3000 patria
2625 2943 2798 2986 nostra
2823 2943 2912 2996 est,
2942 2945 2988 2989 et
3010 2952 3273 2991 commune
3290 2939 3594 3009 sepulcrum.

2018 3017 2232 3074 Horati:
2253 3020 2779 3091 exhortatio.—Quod
2795 3025 2838 3080 si
2859 3026 3096 3082 veritatis
3115 3028 3296 3085 hostes
3320 3031 3495 3086 adhuc
3518 3033 3598 3087 di-

2015 3118 2161 3174 cunt,
2194 3125 2300 3164 non
2331 3126 2486 3180 posse
2520 3127 2584 3167 ex
2615 3113 2784 3170 nihilo
2813 3116 3007 3186 aliquid
3039 3118 3174 3186 ﬁeri,
3209 3118 3597 3192 interrogemus

2016 3215 2109 3255 eos
2139 3216 2153 3254 :
2181 3201 2459 3258 Primusne
2484 3202 2646 3258 homo
2673 3219 2737 3260 ex
2765 3214 2906 3260 terra
2951 3205 3209 3264 formatus
3228 3217 3340 3277 est;
3368 3227 3434 3265 an
3464 3214 3597 3270 forte

2015 3290 2267 3346 aliunde?
2296 3290 2524 3347 Omnino
2544 3293 2722 3350 dicent
2748 3311 2811 3349 ac
2840 3296 3163 3366 fatebuntur,
3182 3300 3322 3370 quod
3342 3316 3406 3357 ex
3434 3311 3592 3359 terra.

2021 3380 2210 3436 Dicant
2249 3381 2408 3452 igitur
2434 3383 2608 3448 nobis,
2635 3386 2904 3454 quomodo
2941 3401 3007 3442 ex
3042 3396 3182 3444 terra
3221 3390 3356 3446 facta
3396 3393 3466 3447 sit
3505 3411 3599 3450 na-

2017 3482 2134 3528 tura
2163 3462 2467 3548 caruisti—Ex
2497 3483 2634 3530 terra
2664 3478 2804 3531 enim
2843 3479 3028 3544 lutum,
3061 3489 3116 3534 et
3146 3481 3358 3549 lateres,
3389 3492 3443 3540 et
3467 3485 3596 3556 ﬁgu-

2015 3565 2178 3620 linum
2207 3581 2322 3632 vas,
2363 3575 2416 3621 et
2443 3575 2574 3622 testa
2609 3567 2727 3622 ﬁeri
2755 3569 2893 3624 solet
2919 3585 2934 3624 :
2966 3572 3231 3639 quomodo
3258 3588 3384 3643 ergo
3408 3588 3595 3630 natura

2014 3658 2191 3714 carnis
2215 3658 2350 3713 facta
2388 3661 2506 3714 est?
2531 3661 2799 3730 quomodo
2821 3676 2963 3728 ossa,
2999 3674 3053 3718 et
3087 3667 3257 3735 nervi,
3285 3675 3340 3721 et
3361 3669 3592 3734 arteriae,

2015 3756 2070 3803 et
2106 3748 2290 3818 adeps,
2333 3755 2385 3804 et
2413 3751 2569 3815 cutis,
2601 3759 2657 3805 et
2701 3766 2924 3820 ungues,
2971 3761 3024 3808 et
3051 3755 3247 3823 capilli,
3292 3765 3347 3811 et
3379 3773 3445 3812 ex
3489 3775 3593 3814 una

2014 3838 2323 3918 subiacente
2362 3840 2582 3894 materia
2609 3839 2936 3896 diversarum
2978 3843 3393 3901 substantiarum
3425 3850 3594 3918 quali-

2016 3904 2324 4033 tategSed
2347 3928 2412 3983 ad
2447 3929 2562 3984 haec
2603 3945 2670 3985 ne
2698 3932 2890 3987 molire
2917 3933 3128 4000 quidem
3165 3904 3593 4005 poteram-Quid

2013 4021 2332 4078 auteﬁdim
2355 4021 2424 4078 de
2448 4037 2672 4093 corpore
2700 4025 2921 4079 nostro?
2947 4025 3132 4081 Dicant
3158 4028 3313 4083 nobis
3340 4029 3407 4084 de
3434 4045 3591 4100 pane,

2013 4127 2119 4182 quo
2141 4112 2378 4182 quotidie
2409 4114 2698 4181 reﬁcimur,
2729 4115 3017 4186 quomodo,
3047 4133 3168 4173 cum
3203 4119 3358 4176 unius
3395 4123 3594 4191 speciei

2013 4203 2102 4269 sit,
2130 4210 2511 4268 transmutatur
2529 4204 2582 4258 in
2604 4204 2938 4274 sanguinem,
2964 4214 3019 4262 et
3045 4207 3310 4276 pituitam,
3331 4219 3388 4266 et
3409 4210 3590 4278 bilem,

2012 4303 2066 4349 et
2093 4294 2146 4349 in
2173 4295 2349 4362 varios
2390 4295 2660 4352 humores.
2703 4297 2771 4352 Et
2821 4299 2972 4368 panis
3005 4300 3217 4370 quidem
3255 4317 3399 4373 saepe
3436 4304 3596 4362 habet

2013 4389 2247 4442 colorem
2270 4387 2542 4452 frumenti;
2561 4390 2774 4460 sanguis
2791 4400 2968 4446 autem
2997 4392 3157 4448 ruber
3175 4395 3256 4450 vel
3280 4397 3429 4466 niger
3453 4407 3536 4453 est
3547 4399 3591 4452 ¹.

2014 4480 2070 4536 Si
2112 4481 2270 4550 igitur
2309 4480 2444 4546 haec,
2476 4496 2595 4550 qua:
2637 4483 2872 4551 quotidie
2915 4493 3038 4540 ante
3075 4487 3262 4540 oculos
3291 4499 3591 4554 versantur,
3677 4473 3680 4475 Δ

2013 4587 2302 4642 numquam
2343 4572 2498 4626 nobis
2534 4571 2712 4627 dicere
2752 4581 3015 4642 poterunt,
3059 4576 3323 4633 difficilius
3367 4578 3433 4633 de
3475 4580 3594 4634 aliis

2015 4665 2106 4719 Dei
2151 4663 2374 4734 opificiis
2412 4663 2565 4734 digna
2621 4664 2922 4734 loquentur.
2954 4667 3107 4734 Quod
3157 4670 3200 4724 si
3244 4682 3366 4740 post
3389 4680 3592 4728 tantum

2013 4755 2522 4811 demonstrationum
2551 4758 2755 4825 copiam
2801 4758 2975 4814 adhuc
3019 4776 3168 4815 suam
3197 4765 3592 4819 contentionem

2015 4849 2266 4904 roborare
2301 4850 2502 4916 volunt,
2546 4867 2716 4921 neque
2744 4867 2841 4906 nos
2865 4852 3190 4910 desistemus
3227 4869 3371 4925 saepe
3403 4857 3590 4911 eadem

2015 4939 2143 5009 ipsis
2171 4941 2422 5010 objiccre,
2453 4942 2690 4998 dicentes
2723 4964 2734 4999 :
2761 4941 2824 4997 In
2842 4946 3088 5014 principio
3114 4947 3229 5014 fecit
3259 4945 3393 5000 Deus
3412 4948 3592 5001 malum

2013 5041 2058 5085 et
2081 5041 2282 5086 terram.
2315 5033 2424 5088 lloc
2456 5036 2598 5089 enim
2629 5037 2841 5089 unicum
2875 5036 3094 5089 verbum
3123 5035 3317 5092 sullicit
3345 5037 3498 5093 nobis
3524 5040 3592 5094 ad

2015 5123 2394 5180 subvertendas
2421 5139 2609 5181 omnes
2640 5125 3061 5182 adversariorum
3094 5138 3286 5194 turres,
3320 5139 3374 5186 et
3400 5131 3466 5186 ad
3503 5149 3591 5186 re-

2016 5214 2256 5269 vellenda
2300 5215 2368 5269 ab
2412 5217 2541 5286 ipsis
2596 5217 2951 5272 fundamentis
2997 5217 3224 5274 humana
3265 5222 3572 5290 ratiocinia;

2013 5315 2174 5378 atque
2201 5309 2245 5362 si
2266 5309 2461 5364 vellent
2481 5311 2563 5366 vel
2591 5324 2713 5366 sero
2737 5327 2766 5366 a
2801 5327 2897 5366 sua
2927 5311 3269 5368 contentione
3305 5313 3589 5382 desistere,

2077 5399 2094 5466 ἓ
2127 5399 2335 5466 Coelio”
2361 5399 2573 5460 fucatam
2591 5415 2781 5466 corpus-

2075 5463 2096 5492 ²
2110 5460 2499 5530 Coislinianus,Et
2513 5464 2649 5524 panis
2660 5460 2869 5530 quidem,
2884 5471 2934 5515 ut
2944 5465 3221 5530 plurimum,
3232 5467 3370 5519 habet
3386 5467 3591 5530 colorem

2077 5479 2096 5492 ⁸
2110 5479 2499 5521 c0t5ttntauus,u
2513 5479 2649 5524 palus
2693 5479 2869 5526 autem,
2884 5479 2934 5515 tu
2944 5479 3221 5530 pturtmttm,
3232 5479 3370 5519 navet
3386 5479 3590 5518 cowrem

2010 5522 2253 5583 frumenti,
2272 5521 2441 5584 pituita
2459 5531 2616 5575 autem
2635 5479 2746 5576 alba
2759 5535 2845 5588 eet,
2859 5531 3050 5592 sanguis
3071 5542 3181 5579 vero
3203 5531 3345 5579 ruber
3368 5530 3440 5578 vel
3455 5529 3590 5590 niger

2013 5593 2098 5633 est.

2076 5647 2148 5700 (α)
2164 5645 2460 5705 Maniohzeus,
2485 5650 2702 5705 Marcion,
2725 5658 2774 5698 et
2795 5649 3081 5700 Valentinus
3095 5651 3320 5700 dicebant
3341 5651 3590 5699 materiam

2013 5720 2128 5779 ante
2152 5718 2368 5778 creatum
2392 5710 2616 5779 mundum
2638 5713 2900 5779 evstitissc.
2922 5720 2989 5779 ne
3007 5712 3520 5779 Manichgei,Atarcionis
3537 5719 3585 5758 et

2019 5768 2256 5878 V'Jdentiuli
2281 5770 2507 5828 opinione
2530 5773 2652 5822 circa
2691 5774 2852 5821 mundi
2876 5773 3130 5835 primordia
3149 5773 3258 5822 vide
3269 5771 3590 5832 Epiphanium

2019 5845 2042 5876 a
2094 5844 2236 5878 smau
2257 5843 2326 5878 os.

2019 5832 2075 5879 ad
2094 5832 2326 5894 singulos.
