4018 6136
364 311 433 365 55
1133 307 1189 362 S.
1223 305 1509 364 iOANNIS
1547 304 2031 362 CIIIKYSOSTOMI
2065 304 2383 363 ARCHIEP.
2423 308 2972 368 CONSTANTINOP.
3714 318 3787 373 54

362 426 456 480 τοῦ
488 425 801 496 Πνεύματος
835 424 992 495 χάρις
1025 423 1184 477 πόθον
1216 423 1427 487 ζέοντα,
1466 423 1561 476 καὶ
1588 420 2016 491 διεγηγερμένην

362 512 624 575 διάνοιαν,
675 510 934 565 πλουσίαν
982 509 1079 579 τὴν
1125 509 1257 580 παρ’
1299 508 1495 579 ἐαυτῆς
1541 508 1792 578 δωρεῖται
1832 507 2012 579 χάριν.

377 600 808 671 ’Λποστήσαντες
833 597 1011 651 τοίνυν
1047 596 1273 659 ἑαυτοὺς
1298 594 1513 649 πάντων
1560 594 1667 648 τών
1722 593 2014 664 βιωτικῶν,

365 687 461 739 καὶ
487 685 585 749 τὰς
598 683 881 756 φροντίδας
910 682 1009 746 τάς
1032 682 1280 737 ἀκανθῶν
1303 681 1456 751 δίκην
1500 680 1823 751 συμπνίγειν
1860 679 2018 733 δυνα-

366 773 564 843 μένας,
632 771 720 825 τὸν
766 769 1029 841 ἡμέτερον
1082 768 1337 838 λογισμὸν
1380 767 1734 838 ἐκτέμνοντες
1774 779 1839 832 ⁸,
1889 766 2018 837 ὃλην

363 859 570 912 έαυτῶν
598 858 698 930 τήν
732 858 967 912 διάνοιαν
998 857 1423 926 μεταστήσωμεν
1460 856 1540 918 εἰς
1586 854 1682 925 τὴν
1715 854 1822 907 τῶν
1852 871 2017 907 πνευ-

364 946 607 1016 ματικῶν
632 944 950 1015 ἐπιθυμίαν,
986 944 1073 997 ἴνα
1098 942 1299 1013 πολλὴν
1331 941 1577 996 ἐντεῦθεν
1607 940 1887 1011 δεξάμενοι
1918 942 2017 1014 τὴν

360 1033 648 1103 ὠφέλειαν,
672 1032 767 1087 καὶ
792 1031 1147 1103 κερδάναντές
1176 1048 1227 1083 τι
1260 1030 1401 1100 μέγα
1422 1031 1514 1083 καὶ
1545 1031 1808 1097 γενναῖον,
1845 1027 2017 1091 οὕτως

362 1119 685 1189 ἐξέλθωμεν.
721 1120 861 1173 Ἀλλ’
883 1120 967 1173 ῖνα
989 1118 1320 1189 σαφέστερος
1352 1119 1478 1188 ὑμῖν
1511 1118 1541 1170 6
1580 1116 1736 1183 λόγος
1769 1115 2013 1185 γένηται,

365 1206 536 1278 μικρά
552 1206 661 1259 τῶν
695 1205 821 1276 χθές
839 1206 1140 1278 εἰρημένων
1169 1206 1569 1276 ὑπομνήσωμεν
1605 1202 1702 1274 τὴν
1737 1202 2010 1274 ὑμετέραν

362 1278 603 1363 ἀγάπην,
633 1292 865 1355 ῖνόῦτω,
916 1291 1172 1363 καθάπερ
1216 1291 1373 1361 σῶμα
1410 1290 1489 1356 ἐν,
1539 1290 1634 1343 καὶ
1675 1287 1744 1343 τά
1775 1290 2017 1360 σήμερον

366 1380 626 1453 μέλλοντα
660 1379 994 1451 ῥηθήσεσθαι
1016 1379 1338 1449 συνάψωμεν
1368 1380 1479 1442 τοῖς
1514 1376 1643 1447 χθὲς
1684 1374 2013 1447 εἰρημένοις.

376 1465 718 1536 Ἐδείκνυμεν
769 1466 878 1538 γὰρ
927 1465 1090 1538 χθὲς,
1158 1466 1405 1536 καθάπερ
1466 1464 1763 1535 μέμνησθε,
1814 1464 1932 1526 πῶς
1988 1465 2017 1516 6

368 1552 633 1623 μακάριος
654 1551 896 1624 Μωῦσῆς
925 1551 1106 1623 διηγοῦ
1117 1567 1274 1622 μενος
1306 1552 1437 1623 ἡμῖν
1466 1550 1575 1604 τῶν
1606 1549 1881 1620 στοιχείων
1898 1552 2018 1603 τού-

363 1655 470 1692 των
516 1638 626 1692 τῶν
676 1639 964 1712 ὁρωμένων
996 1638 1095 1710 τὴν
1139 1638 1495 1709 δημιουργίαν
1537 1637 1744 1705 ἔλεγεν,
1779 1636 1863 1689 ὃτι
1914 1637 2019 1690 Ἐν

362 1724 518 1794 ἀρχῇ
543 1726 830 1794 ἐποίησεν
849 1728 882 1780 ό
901 1724 1041 1792 Θεὸς
1069 1726 1175 1779 τὸν
1194 1723 1452 1792 οὐρανὸν
1475 1723 1572 1777 καὶ
1601 1723 1716 1791 τὴν
1741 1723 1874 1794 γῆν·
1901 1721 2015 1794 [13]

362 1813 402 1881 ἡ
426 1811 494 1866 δὲ
522 1811 600 1881 γῆ
628 1808 709 1884 ἦν
726 1814 977 1882 ἀόρατος
1006 1813 1101 1865 καί
1139 1813 1686 1876 ἀκατασκεύαστος-
1723 1810 1816 1863 καὶ
1845 1810 2016 1863 ἐδιδά-

364 1914 565 1970 σκομιν
592 1899 734 1969 ὑμᾶς
762 1898 792 1938 δ
814 1899 913 1970 τήν
939 1899 1116 1953 αἰτίαν
1149 1898 1291 1962 τίνος
1318 1897 1503 1951 ἕνεκεν
1544 1898 1640 1952 καὶ
1674 1897 1764 1951 διὰ
1790 1897 1844 1951 τί
1876 1895 2017 1952 οὕτω

362 1984 461 2058 τήν
490 1986 593 2057 γῆν
638 1986 959 2058 παρήγαγεν
991 1985 1315 2055 ἀμόρφωτον
1360 1985 1453 2039 καὶ
1492 1983 1889 2051 ἀδιατύπωτον,
1924 1985 2018 2038 καὶ

360 2067 514 2142 οἶμαι
549 2073 691 2143 ὑμᾶς
721 2072 937 2126 ἅπαντα
953 2072 1092 2143 μετά
1110 2072 1394 2144 ἀκριϐείας
1418 2072 1668 2142 κατέχειν
1685 2089 1698 2103 ·
1718 2073 2016 2139 ἀναγκαῖον

360 2154 455 2212 οὖν
519 2161 759 2231 σήμερον
807 2160 919 2224 τοῖς
969 2159 1276 2224 ἀκολούθως
1327 2159 1657 2231 εἰρημένοις-
1685 2157 2013 2225 ἐπεξελθεῖν.

375 2245 592 2316 Ἐπειδὴ
618 2247 727 2316 γάρ
756 2241 930 2307 εἶπεν,
971 2246 1031 2301 Ἡ
1059 2246 1127 2299 δὲ
1152 2245 1225 2314 γῆ
1260 2242 1339 2315 ἦν
1380 2246 1631 2313 ἀόρατος
1659 2245 1757 2300 καὶ
1799 2246 2017 2300 ἀκατα-

260 2359 263 2362 ·
362 2332 721 2398 σκεύαστος,
758 2332 1169 2403 διδάσκει-ἡμᾶς
1204 2331 1465 2403 ἀκριϐῶς,
1497 2332 1659 2386 πόθεν
1690 2328 1758 2403 ἦν
1787 2331 2018 2403 ἀόρατος

363 2420 459 2474 καὶ
482 2419 977 2484 ἀκατασκεύαστος,
1006 2420 1229 2488 φάσκων
1248 2437 1261 2451 ’
1297 2420 1406 2474 Kal
1435 2420 1653 2484 σκότος
1676 2417 1875 2473 ἐπάνω
1908 2417 2019 2486 τῆς

362 2507 662 2572 ἀϐύσσου,
696 2506 795 2561 καὶ
838 2507 1080 2576 Πνεῦμα
1127 2506 1274 2561 Θεοῦ
1302 2505 1623 2575 ἐπεφέρετο
1662 2505 1862 2560 ἐπάνω
1910 2505 2017 2560 τοῦ

363 2603 584 2669 ὕδατος
621 2642 635 2657 .
696 2603 898 2656 Σκόπει
930 2621 1021 2674 μοι
1047 2602 1281 2656 ἐνταῦθα
1309 2601 1404 2656 τοῦ
1441 2602 1714 2673 μακαρίου
1736 2603 2017 2673 προφήτου

362 2689 424 2743 τὸ
443 2690 756 2760 ἀπέριττον,
782 2690 878 2743 καὶ
904 2690 1051 2752 ὅπως
1084 2690 1144 2742 οὑ
1177 2690 1352 2743 πάντα
1387 2689 1530 2743 κατὰ
1558 2690 1724 2760 μέρος
1747 2689 2018 2760 διηγεῖται

364 2777 432 2829 τά
457 2776 951 2848 δημιουργηθέντα,
985 2777 1121 2831 ἀλλά
1159 2776 1229 2830 τά
1262 2776 1699 2831 συνεκτικώτατα
1736 2775 1846 2829 τῶν
1878 2792 2019 2828 στοι-

363 2863 526 2934 χείων
558 2865 705 2934 ἡμᾶς
726 2863 962 2931 διδάξας,
996 2864 1088 2917 καὶ
1116 2862 1346 2934 ούρανοῦ
1364 2865 1457 2917 καὶ
1480 2863 1582 2933 γῆς
1616 2863 2015 2934 μνημονεύσας,

363 2952 433 3004 τά
460 2951 596 3005 ἀλλα
635 2949 1068 3023 παραλιμπάνει.
1109 2948 1360 3021 Οὐδαμοῦ
1396 2951 1505 3021 γὰρ
1539 2950 1708 3004 είπὼν
1749 2948 1859 3003 τῶν
1888 2949 2017 3003 ὑδά-

361 3054 471 3091 των
495 3038 591 3109 τὴν
618 3036 997 3109 δημιουργίαν,
1046 3037 1212 3108 φησί’
1251 3037 1361 3092 Kal
1407 3038 1627 3102 σκότος
1675 3035 1876 3089 ἐπάνω
1907 3034 2016 3104 τῆς

361 3125 655 3183 ἀϐύσσου.
686 3124 784 3178 καί
835 3122 1078 3193 Πνεῦμα
1136 3123 1284 3177 Θεοῦ
1313 3122 1631 3191 ἐπεφέρετο
1680 3122 1881 3176 ἐπάνω
1911 3122 2018 3176 τοῦ

362 3209 601 3276 ὕδατος.
636 3209 807 3262 Τοῦτο
842 3209 951 3281 γάρ
977 3205 1046 3279 ἦν
1092 3207 1154 3261 τὸ
1194 3207 1467 3262 καλύπτον
1501 3208 1599 3277 τῆς
1633 3208 1734 3277 γῆς
1768 3208 1828 3261 τὸ
1854 3207 2019 3277 πρόσ-

364 3314 533 3358 ωπον,
576 3297 637 3350 τὸ
690 3296 879 3358 σκότος
932 3294 1113 3360 λέγω,
1154 3296 1249 3348 καὶ
1291 3296 1325 3366 ή
1357 3294 1592 3358 ἄϐυσσος
1628 3293 1735 3348 τῶν
1786 3293 2015 3351 ὑδάτων.

376 3383 684 3455 Ἔμάθομεν
711 3381 977 3445 ἐντεῦθεν,
1002 3382 1083 3435 ὅτι
1116 3382 1261 3436 ἆπαν
1290 3382 1351 3435 τὸ
1386 3380 1659 3451 ὁρώμενον
1688 3380 1923 3444 ἄϐυσσος
1949 3376 2019 3451 ἦν

366 3472 573 3529 ὑδάτων
625 3469 803 3541 σκότῳ
867 3468 1253 3539 κεκαλυμμένη
1275 3507 1290 3533 ,
1349 3470 1442 3521 καὶ
1483 3468 1653 3521 ἐδεῖτο
1700 3467 1794 3521 τοῦ
1853 3468 2017 3538 σοφοῦ

362 3557 722 3631 δημιουργοῦ,
759 3556 899 3610 ὥστε
928 3556 1109 3610 πᾶσαν
1132 3554 1336 3626 ταύτην
1364 3556 1463 3628 τήν
1492 3555 1767 3626 ἀμορφίαν
1793 3555 2017 3624 ἐξελεῖν,

365 3646 461 3701 καὶ
491 3647 570 3709 εἰς
594 3644 889 3715 εὐκοσμίαν
913 3642 1034 3696 τινὰ
1058 3642 1127 3696 τὰ
1146 3643 1322 3696 πάντα
1350 3643 1594 3711 ἀγαγεῖν.
1629 3642 1734 3696 Kal
1775 3642 2017 3707 σκότος,

365 3734 551 3804 φησὶν,
572 3731 770 3786 ἐπάνω
792 3729 902 3799 τῆς
922 3731 1218 3796 ἀϐύσσου,
1250 3728 1350 3783 καί
1375 3728 1616 3798 Πνεῦμα
1642 3727 1790 3783 Θεοῦ
1809 3727 2020 3797 ἐπεφέ-

357 3835 496 3887 ρετο
533 3816 734 3872 ἐπάνω
770 3816 877 3870 τοῦ
922 3814 1161 3881 ὕδατος.
1208 3815 1275 3867 Τί
1308 3812 1556 3884 βούλεται
1584 3812 1743 3866 τοῦτο
1774 3814 1835 3867 τὸ
1864 3815 2016 3882 εἰρη-

366 3906 523 3978 μένον
563 3924 579 3974 ;
637 3906 898 3975 Πνεῦμα,
930 3904 1085 3975 φησὶ,
1124 3902 1271 3957 Θεοῦ
1329 3902 1648 3971 ἐπεφέρετο
1671 3901 1870 3956 ἐπάνω
1910 3901 2018 3955 τοῦ

361 3994 599 4061 ὓδατος.
645 3993 799 4065 Ἐμοὶ
828 3992 974 4046 δοκεῖ
1001 3990 1159 4043 τοῦτο
1189 3988 1495 4059 σημαίνειν,
1530 3989 1611 4042 ὅτι
1639 3988 1888 4059 ἐνέργειά
1934 4005 2018 4053 τις

362 4082 566 4152 ζωτική
602 4079 811 4150 προσῆν
846 4079 959 4141 τοῖς
1006 4076 1183 4141 ὕδασι,
1219 4075 1313 4128 καὶ
1358 4074 1459 4128 οὐκ
1512 4069 1580 4145 ἦν
1632 4073 1821 4137 ἁπλῶς
1874 4074 2018 4144 ὕδωρ

301 4175 313 4189 ¹
362 4166 532 4229 ἑστὼς
563 4167 658 4219 καὶ
688 4165 962 4235 ἀκίνητον,
989 4163 1124 4217 ἀλλά
1144 4160 1480 4233 κινούμενον,
1508 4161 1602 4214 καί⁵
1640 4160 1875 4233 ζωτικήν
1897 4179 2018 4215 τινα

361 4253 589 4324 δύναμιν
614 4252 758 4321 ιΞχον.
794 4250 867 4302 Τὸ
903 4249 1011 4320 γάρ
1039 4249 1291 4319 ἀκίνητον
1322 4249 1496 4321 πάντη
1525 4248 1795 4320 ἄχρηστον
1814 4267 1828 4281 ’
1864 4249 1924 4303 τὸ
1960 4250 2016 4303 δὲ

360 4339 702 4408 κινούμενον,
736 4336 871 4409 πρὸς
899 4335 1073 4389 πολλά
1098 4335 1420 4406 ἐπιτήδειον.

434 4446 620 4518 β’.’”1ν’
637 4442 730 4499 οῦν
748 4442 930 4514 διδάξη
948 4445 1114 4515 ἡμᾶς,
1133 4444 1214 4498 ὅτι
1243 4444 1305 4497 τὸ
1326 4443 1468 4515 ὕδωρ
1490 4443 1669 4507 τοῦτο.
1696 4445 1758 4499 τὸ
1769 4447 1902 4501 πολὺ
1923 4448 2017 4504 καὶ

358 4538 659 4607 ἀμήχανον,
687 4535 810 4589 τινὰ
834 4534 1064 4605 δύναμιν
1096 4535 1209 4605 ἔχει
1247 4535 1505 4607 ζωτικὴν,
1536 4537 1622 4590 διά
1658 4536 1816 4592 τοῦτό
1846 4555 2012 4609 φησι·

361 4623 469 4678 Kal
509 4622 750 4690 Πνεῦμα
806 4621 955 4676 Θεοῦ
1005 4622 1323 4691 ἐπεφέρετο
1377 4622 1577 4677 ἐπάνω
1626 4624 1733 4679 τοῦ
1774 4625 2012 4693 ὕδατος.

362 4704 533 4759 Τοῦτο
556 4704 615 4758 δὲ
655 4704 755 4775 οὐχ
780 4704 968 4768 ἀπλῶς
1000 4704 1344 4776 προλαϐοῦσα
1385 4705 1530 4773 λέγει
1557 4709 1590 4778 ή
1624 4707 1743 4761 θεία
1786 4708 1974 4780 Γραφή
1998 4726 2012 4740 ·

361 4788 479 4843 ἀλλ’
518 4785 705 4858 ἐπειδὴ
748 4786 1010 4858 προϊοῦσα
1054 4787 1236 4856 μέλλει
1280 4788 1582 4859 διηγεῖσθαι
1624 4792 1776 4860 ἡμῖν,
1808 4793 1889 4845 ὅτι
1919 4794 2015 4847 καὶ

356 4871 471 4936 ζῶα
501 4872 567 4924 ἐκ
598 4869 802 4924 τούτων
837 4869 946 4922 τῶν
979 4869 1187 4923 ὑδάτων
1225 4872 1364 4924 κατά
1414 4872 1739 4944 πρόσταγμα
1779 4876 1873 4929 τοῦ
1905 4877 2014 4931 τῶν

355 4954 607 5007 ἀπάντων
635 4951 966 5023 δημιουργοῦ
1003 4951 1279 5024 παρήχθη,
1313 4952 1401 5006 διά
1435 4954 1594 5008 τοῦτο
1621 4956 1870 5011 ἐντεῦθεν
1910 4959 2013 5030 ήδη

352 5035 591 5089 διδάσκει
612 5034 701 5086 τὸν
732 5035 1026 5105 ἀκροατὴν,
1059 5035 1139 5089 ὅτι
1161 5036 1259 5107 οὑχ
1282 5036 1468 5100 ἁπλῶς
1490 5037 1634 5110 ὕδωρ
1649 5035 1716 5111 ἦν
1739 5042 2009 5111 συνεστὸς,

353 5113 491 5169 ἀλλά
520 5113 854 5184 κινούμενον,
888 5115 981 5168 καὶ
1002 5114 1306 5186 διατρέχον,
1345 5118 1439 5171 καὶ
1469 5118 1538 5174 τὰ
1573 5119 1749 5175 πάντα
1790 5123 2013 5177 ἐπικλύ-

352 5192 509 5259 Cave.
545 5193 698 5247 Ἐπεὶ
719 5188 813 5246 οῦν
837 5193 1003 5265 πολλὴ
1031 5196 1360 5267 κατεκέχυτο
1388 5200 1587 5264 παντὸς
1612 5201 1705 5255 τοῦ
1733 5204 2010 5273 ὁρωμένου

353 5278 385 5345 ἡ
423 5273 691 5355 ἀμορφία,
722 5274 1053 5355 προσέταξεν
1083 5275 1466 5350 ἀριστοτέχνης
1503 5279 1656 5342 Θεὸς,
1690 5281 1785 5334 καὶ
1811 5283 1880 5336 τὰ
1910 5284 2010 5355 τῆς

350 5352 628 5432 ἀμορφίας
657 5351 1032 5432 διεσκεδάσθη,
1075 5356 1171 5409 καὶ
1213 5356 1274 5409 τὸ
1304 5357 1496 5422 κάλλος
1527 5358 1685 5413 τοῦτο
1711 5359 1774 5414 τὸ
1804 5351 2012 5432 ἀμήχα-

349 5448 441 5485 νον
471 5430 563 5483 τοῦ
594 5430 772 5499 φωτὸς
799 5431 894 5484 τοῦ
936 5433 1213 5504 ὁρωμένου
1261 5437 1560 5507 παραχθέν,
1605 5439 1667 5491 τό
1712 5444 1771 5492 τε
1818 5430 2009 5505 σκότος

413 5531 635 5611 ξ’Μοιῇεἰ.
664 5532 884 5611 εξξεξξὶἰ.
909 5534 964 5611 in
979 5540 1117 5611 [texta
1139 5538 1385 5611 ἐξελόντεῇ
1408 5540 1531 5611 Βεε.
1550 5547 1601 5588 el
1614 5540 1829 5611 Sayiljn
1853 5558 2005 5611 marg,

350 5593 663 5717 ἔκτέποντες.
689 5596 887 5643 Coislln.
919 5596 1165 5661 ἐξέχοντες.
1196 5599 1322 5649 Infra
1351 5593 1549 5652 Coisli'n.
1576 5605 1660 5661 τήν
1682 5605 1908 5666 ὠφέλειαν
1926 5593 2006 5657 κὲί

351 5660 429 5718 τῆς
502 5659 603 5718 Δχῆς
622 5656 876 5718 σωτηρίαν,
902 5660 981 5705 καὶ
997 5661 1127 5718 κερδ.

351 5676 437 5754 της³
447 5676 600 5731 ψχχης
622 5676 876 5718 σωτηριαν,
893 5676 981 5731 ¹και
997 5676 1127 5723 napo.

350 5777 364 5792 .
418 5780 441 5791 η
463 5721 543 5763 διο
574 5715 722 5764 Savil.
750 5723 803 5766 et
840 5720 1025 5779 aliquot
1047 5735 1183 5793 31155.,
1206 5728 1362 5772 recte.
1388 5722 1559 5771 Morel.
1582 5726 1661 5771 καὶ
1683 5726 1899 5777 ἐδίδασκε
1922 5731 2003 5793 μὲν

350 5792 486 5825 υιιας.
525 5775 643 5825 ηερ.
670 5791 796 5825 unus
814 5782 954 5825 ἡμᾶς.
977 5782 1174 5825 (ἷοιεὶὶη-
1212 5786 1290 5825 καὶ
1311 5785 1558 5825 ἐδίδασκον
1575 5788 1658 5825 τήν
1681 5788 1844 5825 atria»,

350 5782 466 5837 ὑμᾶς
526 5782 643 5845 1198.
670 5791 796 5827 unus
814 5782 954 5841 ἡμᾶς.
977 5782 1174 5830 Coislin.
1212 5786 1290 5831 καὶ
1311 5785 1558 5832 ἐδίδασκον
1575 5788 1658 5842 τήν
1681 5788 1845 5836 αἰτίαν.

412 5839 433 5866 ε
459 5811 605 5887 ἐξῇ-ιι,
630 5843 681 5888 ει
703 5852 817 5890 mss.
851 5842 1046 5901 plurimi
1087 5843 1345 5901 ἐπικλύζον.
1371 5845 1541 5896 Morel.
1567 5847 1822 5902 ἐπιϐλύζον.

2126 421 2371 493 ἀπήλασε
2405 422 2468 477 τὸ
2507 424 2784 497 αἰσθητὸν,
2823 429 2917 480 καὶ
2941 429 3009 481 τά
3041 429 3219 483 πάντα
3246 431 3561 503 κατηύγασε
3589 432 3640 484 ἀ.
3674 432 3783 486 Καὶ

2125 504 2273 573 εἷπε,
2298 510 2483 581 φησὶν,
2509 514 2542 565 ό
2569 513 2731 578 Θεὸς,
2755 515 3072 582 Γενηθήτω
3093 514 3239 585 φῶς,
3261 518 3355 572 καί
3379 519 3613 588 ἐγένετο
3634 517 3784 587 φῶς.

2127 590 2280 658 Εἷπε,
2311 597 2402 650 καὶ
2428 597 2676 666 ἐγένετο·
2711 599 2981 663 ἐκέλευσε,
3012 603 3112 655 καὶ·
3134 603 3195 655 τὸ
3225 603 3323 674 μέν
3358 590 3542 667 ἕκότος
3579 606 3785 672 ἐφυγα-

2122 674 2308 747 δεύθη,
2333 676 2393 729 τὸ
2410 676 2466 729 δέ
2496 677 2611 747 φῶς
2640 678 2913 750 παρήχθη.
2946 676 3097 743 Εἶδες
3119 680 3346 752 δύναμιν
3368 682 3605 752 ἄφατονς
3642 682 3783 735 Ἀλλ’

2126 753 2176 805 οί
2201 755 2266 821 τῇ
2279 752 2466 835 ιλάνῃ
2503 758 3117 830 προκατειλημμένοιοὺ
3148 761 3508 831 προσέχοντες
3548 764 3614 833 τῇ
3650 762 3781 815 ἀκοο

2127 838 2316 911 λουθία
2367 841 2476 895 τῶν
2514 843 2844 914 εἰρημένων,
2878 845 2998 898 οὑδέ
3029 846 3320 910 ἀκούοντες
3365 846 3459 900 τοῦ
3509 847 3783 919 μακαρίου

2123 918 2401 984 Μωῦσέως
2443 920 2722 989 λέγοντος·
2786 924 2883 977 Ἐν
2917 923 3076 993 ἀρχῇ
3114 925 3401 993 ἐποίησεν
3433 928 3465 980 ό
3507 926 3650 992 Θεὸς
3678 927 3786 980 τὸν

2123 998 2383 1074 οὐρανὸν
2414 1000 2509 1053 καὶ
2544 999 2658 1067 τὴν
2684 998 2832 1070 τῆν’
2864 1002 2957 1056 καὶ⁵
2985 1003 3106 1055 τότε
3140 1003 3466 1068 ἐπάγοντος·
3515 1004 3577 1058 Ἠ
3611 1002 3680 1058 δὲ
3704 1002 3782 1074 γῆ

2121 1069 2201 1143 ἦν
2234 1076 2486 1144 ἀόρατος
2518 1077 2615 1131 καί
2651 1078 2763 1149 [16]
2793 1079 3343 1148 άκατασκεύαστος,
3386 1082 3475 1136 διὰ
3504 1081 3565 1135 τὸ
3606 1069 3785 1152 σκότῴ

2123 1154 2350 1218 καὶτοῖς
2377 1156 2530 1209 ὕδασι
2563 1156 2901 1227 κεκαλύφθαι
2921 1174 2935 1189 ·
2966 1159 3106 1213 οὕτω
3132 1159 3241 1230 γὰρ
3263 1160 3406 1227 ἔδοξε
3436 1161 3512 1231 τῷ
3533 1161 3783 1231 Δεσπότῃ

2123 1232 2181 1311 ἐξ
2221 1234 2397 1305 ἀρχῆς
2436 1235 2604 1305 αὐτὴν
2636 1239 2976 1307 παραγαγεῖν
2999 1254 3013 1268 ·
3045 1240 3209 1308 φασὶν
3240 1240 3320 1293 ὅτι
3348 1239 3710 1311 προῦπέκειτο
3747 1241 3784 1309 ή

2124 1310 2249 1381 ὕλη,
2277 1314 2367 1366 καὶ
2399 1313 2459 1368 τὸ
2488 1315 2677 1378 σκότος
2716 1316 3062 1387 προϋπῆρχε.
3103 1317 3169 1368 Τί
3217 1310 3421 1389 ταύτης
3460 1317 3559 1387 τῆς
3597 1318 3787 1379 ἀνοίας

2122 1393 2304 1461 χεῖρον
2349 1393 2543 1461 γένοιτ’
2577 1393 2680 1459 av;
2727 1394 2969 1457 Ἀκούεις
3012 1395 3093 1448 ὃτι
3140 1396 3228 1449 Ἐν
3278 1396 3418 1466 ἀρχῇ
3470 1395 3723 1464 ἐποίησεν
3753 1395 3787 1446 6

2123 1468 2256 1533 Θεὸς
2287 1470 2377 1524 τὸν
2405 1471 2630 1541 οὐρανὸν
2659 1473 2751 1547 καὶ
2777 1472 2873 1543 τὴν
2897 1473 3022 1542 γῆν,
3040 1474 3135 1528 καὶ
3160 1474 3243 1527 ὅτι
3269 1474 3327 1538 ἐξ
3347 1474 3446 1527 οὑκ
3465 1474 3633 1527 δντων
3657 1473 3784 1541 ἐγέ-

2123 1564 2243 1602 νετο
2270 1549 2339 1601 τὰ
2369 1549 2496 1603 ὄντα
2531 1560 2577 1615 ε,
2618 1550 2712 1604 καὶ
2742 1551 2921 1620 λέγεις
2944 1552 3025 1605 ὃτι
3056 1552 3411 1623 προῦπῆρχεν
3444 1553 3478 1621 ή
3506 1550 3641 1620 ὕλης
3673 1552 3786 1604 Καὶ

2121 1628 2204 1689 τίς
2228 1626 2512 1697 ἀνάσχοιτο
2531 1627 2792 1699 τοσαύτης
2815 1629 3099 1700 παροινίας
3117 1630 3223 1684 τῶν
3246 1629 3370 1684 νοῦν
3398 1629 3626 1698 ἐχόντων
3648 1646 3662 1692 ;
3691 1630 3784 1699 Μὴ

2122 1704 2231 1777 γάρ
2258 1705 2538 1777 ἄνθρωπός
2565 1708 2712 1761 ἐστιν
2737 1711 2765 1763 6
2784 1708 3150 1779 δημιουργῶν,
3178 1710 3264 1761 ἵνα
3296 1707 3459 1779 δεηθῇ
3487 1724 3629 1770 τινος
3650 1708 3784 1761 ὑπο.

2122 1784 2397 1858 κειμένου,
2452 1785 2546 1838 καὶ
2589 1786 2729 1839 οὓτω
2773 1785 2845 1839 τὰ
2889 1787 2989 1856 τῆς
3018 1787 3213 1857 τέχνης
3246 1786 3614 1858 ἐπιδείξηταις
3649 1785 3785 1850 Θεός

2123 1866 2290 1927 ἐστιν,
2396 1863 2572 1917 πάντα
2600 1864 2759 1932 εἴκει,
2793 1865 2934 1932 λόγῳ
2978 1865 3073 1918 καὶ
3097 1857 3481 1936 προστάγματι
3516 1863 3780 1933 δημιουρ-

2120 1940 2252 2009 γῶν.
2293 1942 2435 2013 Ὅρα
2473 1942 2603 2013 γὰρ,
2639 1937 2760 1995 εῐπε
2808 1943 2988 2013 μόνον,
3025 1942 3118 1996 καὶ
3145 1944 3398 2015 παρήχθη
3428 1942 3489 1997 τὸ
3524 1942 3661 2010 φῶς,
3685 1942 3781 1995 καὶ

2122 2018 2479 2090 παρεχώρησε
2526 2018 2587 2072 τὸ
2625 2018 2832 2082 σκότος.
2872 2019 2981 2072 Καὶ
3024 2019 3371 2089 διεχώρισεν
3397 2023 3430 2074 ό
3464 2020 3605 2085 Θεὸς
3635 2019 3780 2073 dra-

2117 2098 2312 2165 μέσον
2347 2097 2452 2151 τοῦ
2486 2098 2700 2165 φωτὸς,
2747 2099 2842 2151 καὶ
2877 2098 3188 2166 ἀναμέσον
3241 2097 3342 2152 τοῦ
3376 2098 3657 2163 σκότους.
3716 2096 3782 2149 Τί

2123 2177 2259 2238 ἐστι,
2293 2176 2682 2245 Διεκώρισεν;
2722 2178 2969 2247 Ἐκάστῳ
2999 2178 3133 2231 ἰδίαν
3154 2175 3338 2247 χώραν
3372 2176 3656 2247 ἀπένειμε,
3680 2192 3780 2229 κα-

2121 2253 2382 2323 τάλληλον
2427 2253 2619 2324 καιρὸν
2665 2254 2932 2325 ἀφώρισε.
2977 2256 3086 2309 Καὶ
3134 2256 3320 2326 ἐπειδὴ
3362 2256 3523 2308 τοῦτο
3563 2256 3781 2323 γέγονε,

2121 2331 2239 2383 τότε
2274 2330 2456 2385 λοιπὸν
2484 2330 2700 2401 ἑκάστῳ
2719 2333 2815 2404 τὴν
2847 2332 3196 2403 ἁρμόζουσαν
3217 2334 3586 2404 προσηγορίαν
3609 2332 3781 2385 ἐπιτίο

2123 2408 2299 2477 θησιν.
2341 2409 2629 2465 Ἐκάλεσε
2659 2410 2789 2482 γὰρ,
2822 2412 3008 2481 φησὶν,
3045 2414 3077 2465 ό
3109 2411 3251 2477 Θεὸς
3284 2411 3351 2465 τὸ
3379 2410 3501 2480 φῶς
3531 2409 3780 2479 ἡμέραν,

2122 2489 2221 2543 καί
2242 2489 2307 2543 τὸ
2333 2491 2551 2555 σκότος
2577 2489 2832 2545 ἐκάλεσε
2851 2491 3060 2544 νύκτα.
3081 2488 3232 2554 Εἶδες
3247 2491 3511 2561 διαίρεσιν
3529 2491 3779 2561 ἀρίστην,

2122 2568 2216 2622 καὶ
2239 2569 2597 2639 δημιουργίαν
2625 2568 2942 2639 θαυμαστὴν
2961 2569 2980 2608 ι’
2991 2609 3005 2633 ,
3027 2571 3120 2623 καὶ
3140 2570 3318 2623 πάντα
3342 2569 3501 2638 λόγον
3522 2568 3784 2637 ὑπερϐαί-

2123 2664 2339 2711 νουσαν,
2384 2648 2528 2719 λόγῳ
2566 2648 2712 2718 μόνῳ
2757 2649 2854 2701 καὶ
2895 2649 3232 2719 ἐπιτάγματι
3266 2650 3593 2720 γινομένην;
3631 2643 3782 2710 Εἶδες

2124 2725 2264 2797 πόσῃ
2312 2730 2378 2798 τῇ
2420 2726 2822 2796 συγκαταϐάσει
2868 2729 2896 2782 6
2948 2728 3214 2798 μακάριος
3279 2722 3433 2791 οὗτος
3497 2728 3781 2798 προφήτης

2125 2806 2419 2876 ἐχρήσατο,
2468 2805 2668 2875 μᾶλλον
2706 2805 2762 2858 δὲ
2874 2804 3252 2877 φιλάνθρωπος
3274 2805 3407 2869 Θεὸς
3438 2804 3527 2858 διά
3558 2804 3658 2874 τῆς
3687 2802 3781 2856 τοῦ

2123 2884 2404 2953 προφήτου
2439 2882 2683 2952 γλώττης
2725 2883 2995 2937 παιδεύων
3027 2883 3088 2937 1:6
3125 2884 3234 2937 τῶν
3265 2881 3565 2954 ἀνθρώπων
3602 2881 3779 2949 γένος,

2123 2962 2320 3016 εἰδέναι
2347 2961 2454 3015 τῶν
2482 2963 2779 3033 γινομένων
2806 2964 2904 3035 τὴν
2948 2961 3123 3027 τάξιν,
3150 2964 3244 3017 καὶ
3270 2962 3352 3026 τίς
3379 2964 3407 3016 6
3443 2960 3536 3014 τοῦ
3579 2959 3778 3022 παντὸς

2121 3042 2469 3114 δημιουργὸς,
2499 3043 2591 3096 καὶ
2633 3044 2781 3107 ὅπως
2807 3043 3035 3097 ἕκαστον
3078 3043 3364 3116 παρήχθης
3417 3040 3638 3112 Ἐπειδὴ
3671 3039 3781 3109 γὰρ

2124 3121 2204 3175 ἔτι
2236 3122 2584 3192 ἀτελέστερον
2627 3121 2858 3177 διέκειτο
2898 3124 2958 3176 τὸ
2985 3124 3095 3177 τῶν
3127 3123 3428 3192 ἀνθρώπων
3466 3121 3643 3189 γένος,
3686 3121 3782 3172 καὶ

2123 3208 2222 3261 οὑκ
2243 3206 2472 3276 ἠδύνατο
2504 3207 2611 3261 τῶν
2650 3207 2999 3281 τελειοτέρων
3030 3208 3266 3263 συνιέναι
3299 3208 3399 3278 τὴν
3430 3205 3778 3277 κατανόησιν,

2122 3285 2211 3338 διὰ
2234 3285 2391 3338 τοῦτο
2424 3285 2561 3357 πρὸς
2590 3285 2686 3356 τὴν
2713 3286 2820 3338 τῶν
2850 3286 3153 3340 ἀκουόντων
3183 3286 3463 3339 ἀσθένειαν
3481 3285 3541 3337 τὸ
3561 3283 3781 3353 Πνεῦμα

2121 3362 2183 3416 τὸ
2230 3363 2383 3433 ἅγιον
2428 3364 2529 3435 τὴν
2570 3363 2664 3416 τοῦ
2711 3366 2987 3436 προφήτου
3042 3365 3284 3433 γλῶτταν
3333 3364 3560 3434 κινῆσαν
3605 3361 3780 3425 οὑτως

2125 3450 2339 3505 ἅπαντα
2367 3453 2498 3522 ήμῖν
2530 3450 2853 3520 διαλέγεται.
2887 3452 2995 3505 Καὶ
3020 3452 3107 3505 ἴνα
3149 3452 3323 3524 μάθῃς
3355 3452 3439 3505 ὅτι
3458 3452 3544 3506 διὰ
3568 3450 3629 3504 τὸ
3652 3450 3780 3503 ἀτε-

2124 3530 2212 3595 λὲς
2238 3531 2335 3601 τῆς
2354 3531 2627 3603 ἡμετέρας
2654 3531 2892 3595 διανοίας
2912 3531 3082 3603 ταύτῃ
3111 3532 3380 3602 ἐχρήσατο
3404 3534 3470 3602 τῇ
3501 3546 3779 3598 συγκατα-

2124 3609 2278 3662 ϐάσει
2310 3608 2411 3678 τῆς
2457 3609 2777 3679 διηγήσεως,
2830 3610 2931 3681 δρα
2965 3610 3055 3662 τὸν
3100 3610 3197 3679 τῆς
3243 3609 3471 3679 βροντῆς
3513 3609 3650 3670 υἰὸν,
3688 3607 3780 3661 ὅτε

2124 3686 2258 3757 πρὸς
2290 3686 2487 3759 ἀρετὴν
2529 3688 2766 3742 ἐπέδωκε
2815 3687 2874 3740 τὸ
2906 3687 3014 3740 τῶν
3048 3686 3348 3756 ἀνθρώπων
3388 3687 3564 3755 γένος,
3593 3686 3778 3739 οὐκέτι

2121 3766 2326 3837 ταύτην
2358 3766 2649 3837 ἐρχόμενον
2691 3767 2792 3838 τὴν
2819 3767 2957 3830 ὁδὸν,
2998 3766 3113 3819 ἀλλ’
3154 3766 3246 3818 ἐπὶ
3289 3765 3388 3834 τὴν
3439 3764 3782 3835 ὑψηλοτέραν

2121 3844 2466 3898 διδασκαλίαν
2496 3844 2698 3913 ἄγοντα
2720 3846 2846 3908 τοὺς
2869 3844 3268 3917 ἀκροωμένους.
3302 3843 3488 3898 Εἰπὼν
3504 3844 3635 3914 γὰρ,
3674 3844 3780 3897 Ἔν

2121 3919 2278 3989 ἀρχῇ
2326 3917 2407 3991 ἦν
2437 3924 2471 3976 ό
2495 3924 2704 3991 Λόγος,
2742 3924 2841 3976 καὶ
2875 3926 2909 3976 ό
2936 3923 3125 3992 Λόγος
3169 3918 3249 3991 ἦν
3278 3922 3429 3991 πρὸς
3467 3923 3573 3975 τὸν
3603 3920 3775 3985 Θεὸν,

2110 4000 2221 4054 ’καί
2252 4001 2398 4067 Θεὸς
2421 3997 2499 4071 ἦν
2523 4004 2556 4055 ό
2580 4003 2788 4070 Λόγος,
2809 4003 3088 4070 ἐπήγαγεν
3104 4019 3118 4032 ·
3145 3996 3256 4056 Ἦν
3286 4001 3353 4054 τὸ
3381 4000 3507 4071 φῶς
3529 3999 3599 4054 τὸ
3627 4000 3778 4065 (Mn-

2122 4078 2311 4142 θινὸν,
2346 4078 2378 4132 ὃ
2406 4077 2632 4147 φωτίζει
2654 4077 2848 4133 πάντα
2874 4078 3186 4145 ἄνθρωπον
3205 4079 3531 4148 ἐρχόμενον
3557 4080 3645 4143 εἰς
3668 4078 3779 4131 τὸν

2122 4158 2374 4227 κόσμον.
2401 4157 2666 4228 Καθάπερ
2694 4155 2804 4229 γάρ
2827 4157 3059 4212 ἐνταῦθα
3078 4156 3139 4210 τὸ
3168 4157 3285 4226 φῶς
3311 4157 3469 4211 τοῦτο
3499 4155 3560 4209 τὸ
3587 4154 3776 4226 αἰσθη-

2121 4236 2232 4298 τὸν,
2262 4236 2341 4306 τῷ
2372 4236 2750 4307 προστάγματι
2773 4237 2865 4289 τοῦ
2888 4237 3157 4290 Δεσπότου
3189 4235 3485 4307 παμχθέν,
3506 4235 3569 4288 τὸ
3585 4234 3775 4298 σκότος

2120 4313 2279 4368 τοῦτο
2302 4316 2364 4367 τὸ
2391 4314 2666 4385 ὁρώμενον
2695 4314 3012 4384 ἀπέκρυψεν
3032 4329 3046 4345 ο
3071 4313 3212 4367 οὕτω
3236 4315 3328 4368 καὶ
3356 4314 3416 4367 τὸ
3441 4314 3629 4383 νοητὸν
3656 4311 3777 4381 φῶς

2120 4392 2219 4462 τῆς
2246 4392 2453 4463 πλάνης
2481 4391 2543 4445 τὸ
2573 4392 2761 4455 σκότος
2799 4392 3066 4463 ἀπήλασε,
3102 4392 3195 4446 καὶ
3223 4391 3359 4463 πρὸς
3386 4392 3486 4463 τὴν
3517 4390 3775 4462 ἀλήθειαν

2119 4470 2659 4538 τοὺςπλανωμένους
2692 4469 3119 4542 ἐχειραγώγησε.

2189 4572 2259 4634 γ’.
2284 4563 2575 4634 Δεξώμεθα
2596 4560 2688 4619 οῦν
2707 4567 2841 4636 μετά
2866 4566 3065 4636 πολλῆς
3106 4567 3205 4636 τῆς
3233 4566 3649 4637 εὐγνωμοσύνης
3701 4565 3775 4620 τά

2120 4643 2271 4713 παρά
2297 4644 2396 4714 τῆς
2428 4643 2577 4705 θείας
2615 4644 2838 4715 Γραφῆς
2890 4645 3217 4715 διδάγματα,
3277 4647 3374 4699 καὶ
3409 4646 3483 4718 μὴ
3525 4643 3775 4699 ἀντιϐλέ-

2120 4740 2309 4793 πωμεν
2352 4725 2418 4794 τῇ
2472 4722 2699 4794 ἀληθείᾳ
2731 4733 2781 4787 8,
2833 4724 2966 4793 μηδέ
2995 4724 3074 4795 τῷ
3115 4726 3293 4779 σκότει
3338 4725 3771 4797 παραμένωμεν,

2117 4802 2252 4855 ἀλλά
2278 4801 2414 4873 πρὸς
2441 4801 2504 4854 τὸ
2531 4801 2645 4870 φῶς
2673 4801 3039 4871 ἐπειγώμεθα,
3067 4804 3160 4857 καὶ
3181 4804 3307 4868 ἀξια
3338 4804 3432 4857 τοῦ
3470 4803 3645 4872 φωτὸς
3674 4802 3775 4855 καὶ

2116 4880 2214 4949 τῆς
2249 4880 2460 4950 ἡμέρας
2484 4880 2940 4951 διαπραττώμεθα
2968 4881 3126 4951 ἔργα,
3156 4882 3408 4953 καθάπερ
3433 4882 3529 4935 καὶ
3558 4880 3773 4945 Παῦλος

2118 4960 2372 5028 παραινεῖ
2389 4958 2589 5025 λέγων’
2617 4960 2710 5025 Ὦς
2733 4960 2803 5012 ἐν
2825 4960 3013 5028 ἡμέρᾳ
3037 4961 3428 5029 εὐσχημόνως
3445 4958 3773 5027 περιπατή-

2117 5048 2338 5103 σωμεν,
2374 5036 2468 5089 καὶ
2497 5035 2572 5107 μὴ
2610 5036 2970 5107 ἐργαζώμεθα
3001 5037 3070 5091 τά
3090 5037 3227 5109 ἔργα
3254 5036 3348 5090 τοῦ
3383 5039 3626 5099 σκότους.
3658 5038 3771 5090 Kal

2114 5112 2389 5176 ἐκάλεσε,
2426 5115 2607 5184 φησὶν,
2637 5117 2668 5168 ό
2696 5115 2840 5181 Θεὸς
2870 5114 2937 5168 τὸ
2967 5113 3093 5183 φῶς
3124 5115 3370 5186 ἡμέραν,
3405 5115 3503 5168 καί
3532 5113 3598 5166 τὸ
3624 5117 3774 5169 σκόο

2114 5209 2218 5257 τος
2252 5192 2507 5247 ἐκάλεσε
2537 5193 2744 5247 νύκτα.
2793 5192 2928 5246 Ἀλλ’
2970 5193 2998 5247 ὃ
3032 5193 3230 5264 μικροῦ
3277 5194 3424 5264 ἡμᾶς
3471 5190 3585 5264 [17]
3622 5209 3775 5262 παρ-

2114 5270 2370 5342 έδραμεν,
2409 5273 2703 5340 ἀναγκαῖον
2738 5271 2897 5326 τοῦτο
2932 5273 3289 5328 ἐπαναλαϐεῖν
3324 5271 3504 5326 πάλιν.
3549 5270 3771 5342 Ἐπειδὴ

2113 5350 2223 5420 γὰρ
2246 5347 2386 5413 εἷπε,
2410 5349 2727 5417 Γενηθήτω
2751 5351 2899 5420 φῶς,
2928 5351 3026 5406 καὶ
3048 5352 3285 5423 ἐγένετο
3313 5350 3459 5421 φῶς,
3480 5351 3732 5421 ἐπήγαγε
3751 5364 3767 5379 ⁸

2112 5428 2223 5482 Kal
2247 5428 2407 5482 εἶδεν
2445 5431 2478 5482 ό
2507 5427 2650 5494 Θεὸς
2688 5430 2754 5482 τὸ
2783 5428 2932 5499 φῶς,
2961 5430 3050 5484 ὅτι
3098 5429 3308 5484 καλόν.
3342 5429 3451 5483 Θέα
3488 5445 3599 5497 μοι,
3631 5428 3772 5496 ἀγα-

2170 5544 2195 5583 d
2223 5542 2423 5608 Qoislin.
2453 5545 2581 5608 male
2611 5546 2897 5608 παρήγαγεν.

2175 5608 2198 5634 ⁸
2220 5604 2491 5654 Ευὶεὶὲηπά
2506 5605 2673 5654 πάντα.

2151 5728 2161 5740 '
2178 5664 2199 5703 τ
2226 5665 2425 5737 Εοίβιὶη.
2451 5667 2755 5743 δημιουργίαν
2777 5665 3046 5728 θαυμάτων,
3069 5665 3214 5715 male.
3239 5664 3393 5716 Paulo
3421 5669 3528 5726 post
3546 5660 3770 5719 Colberl,

2111 5728 2237 5789 λόγῳ
2266 5728 2404 5788 μόνον
2429 5728 2509 5775 καὶ
2532 5728 2667 5777 ima
2764 5745 2825 5776 τι.

2117 5850 2129 5855 _
2173 5790 2198 5826 κ
2227 5786 2414 5855 Savil.:
2461 5806 2485 5829 «ι
2510 5746 2848 5855 ᾖΑντιέξῗπειν
2889 5800 2987 5837 non
3042 5787 3197 5837 semel
3233 5786 3357 5849 apud
3398 5781 3654 5845 Polybium
3693 5787 3768 5833 est

2109 5850 2396 5904 ἀντιστῆναι,
2424 5850 2661 5899 resisu‘u.
2700 5865 2717 5900 ι
