4018 6136
453 334 525 393 π
1575 334 1637 391 ΙΝ
1676 335 1829 393 CAP.
1870 335 1912 392 l.
1953 334 2203 391 GENES.
2239 335 2468 393 llOMlL.
2511 334 2595 392 lll.
3654 352 3727 407 τη

451 442 867 509 desiderium,et
884 442 1094 514 vigilant
1125 450 1381 512 mentem,
1411 453 1534 500 tunc
1562 454 1616 501 et
1638 447 1858 517 gratiam
1883 461 2032 501 suam

448 536 754 606 epulentam
796 533 1072 590 liberalius
1098 536 1335 606 largitur.
1369 537 1706 593 Abducamus
1736 539 1896 609 igitur
1936 555 2036 595 nos
2070 528 2075 533 ’

445 627 514 680 ab
556 625 804 680 omnibus
837 625 994 696 hujus
1016 627 1136 680 vita:
1178 627 1342 694 curis,
1372 635 1427 682 et
1456 628 1674 685 resectis
1712 629 1776 684 iis
1802 645 1920 700 qua:
1945 644 2034 685 co-

444 717 732 787 gitationes
773 725 984 772 nostras
1013 717 1155 772 velut
1180 719 1345 789 Spinzn
1369 718 1664 787 suifocant,
1691 720 1758 776 ad
1786 722 2036 791 spiritua-

448 810 579 863 lium
628 808 951 863 desiderium
999 818 1232 864 mcntem
1268 819 1506 866 nostram
1539 820 1706 867 totam
1742 814 2034 901 transferas

444 914 589 968 mus,
642 909 700 954 ut
747 914 940 969 magno
961 898 1084 955 inde
1127 901 1595 970 reportatolucro,
1623 911 1678 958 et
1704 898 1902 974 ingenti
1932 904 2034 958 uti-

445 993 595 1047 litate
614 999 882 1061 percepta,
938 991 1011 1045 ita
1049 989 1173 1045 hinc
1199 991 1532 1048 recedamus.
1563 991 1828 1049 Caeterum
1854 1003 1910 1049 ut
1934 1010 2026 1050 vo-

446 1082 529 1136 bis
559 1081 891 1137 manifestior
932 1081 1002 1137 sit
1026 1095 1224 1151 sermo,
1253 1097 1418 1152 pauca
1444 1084 1688 1153 quaedam
1714 1099 1781 1140 ex
1823 1084 2031 1141 hester-

443 1174 529 1229 nis
570 1173 726 1229 dictis
752 1175 804 1228 in
834 1172 1146 1228 memoriam
1180 1173 1390 1229 caritati
1416 1184 1615 1230 vestra:
1628 1177 1941 1243 referemus,
1976 1184 2033 1232 ut

442 1267 523 1322 sic
548 1266 617 1322 iis
642 1280 762 1337 qua
785 1264 900 1319 beri
937 1264 1079 1320 dicta
1105 1273 1253 1332 sunt,
1303 1267 1416 1322 haec
1443 1281 1585 1321 nunc
1610 1266 1834 1322 dicenda
1877 1268 2030 1339 (ιιιτιεὶ

406 1360 409 1361 ⁷
443 1358 501 1412 in
528 1372 692 1411 unum
731 1371 925 1426 corpus
945 1355 1352 1427 conjungamus.
1371 1356 1713 1413 Ostendimus
1732 1358 2024 1426 enimbcri,

443 1461 501 1503 ut
525 1450 864 1513 meministis,
892 1448 1160 1520 quomodo
1187 1449 1373 1504 beatus
1389 1449 1561 1505 Moses
1587 1465 1845 1505 enarrans
1875 1451 2028 1507 nobis

442 1544 638 1599 horum
686 1539 970 1595 visibilium
1026 1538 1408 1595 elementorum
1436 1540 1759 1595 creationem
1797 1540 2030 1612 etapifi—

438 1638 606 1702 cium,
627 1632 821 1688 dixerit
848 1649 862 1686 :
889 1631 957 1686 In
972 1630 1222 1703 principio
1242 1632 1356 1703 fecit
1383 1630 1520 1686 Deus
1539 1632 1720 1687 etclam
1739 1641 1783 1686 et
1804 1643 1987 1688 terram
2008 1651 2027 1690 :

439 1739 577 1783 terra
603 1735 772 1781 autem
806 1735 912 1780 erat
936 1725 1196 1780 invisibilis
1223 1735 1269 1779 et
1299 1727 1629 1797 incomposita
1649 1744 1668 1782 :
1700 1737 1755 1784 et
1778 1742 1870 1784 vos
1899 1743 2025 1784 cau-

441 1834 557 1877 sam
595 1816 896 1882 docuimus,
919 1831 1084 1887 quare
1111 1815 1254 1872 Deus
1280 1824 1474 1873 terram
1499 1816 1803 1885 informem,
1835 1827 1888 1873 et
1910 1819 2029 1874 nul-

440 1912 507 1966 lis
551 1909 733 1981 figuris
754 1909 1041 1978 espolitam
1078 1909 1376 1975 creaverit;
1420 1924 1561 1979 quia,
1609 1911 2023 1980 opinor,‘omnia

438 2010 618 2057 mente
648 2001 843 2056 tenetis
875 2017 888 2054 :
917 2000 1277 2057 necessarium
1309 2008 1392 2055 est
1422 2000 1581 2071 igitur
1603 2015 1700 2056 nos
1725 2001 1791 2056 ad
1822 2015 1883 2057 ea
1904 2017 2024 2072 quae

437 2101 731 2164 sequuntur
757 2092 915 2148 hodie
935 2092 1203 2163 progredi.
1229 2092 1362 2147 Nam
1392 2099 1671 2163 postquam
1692 2091 1845 2160 dixit,
1865 2091 2026 2147 Terra

434 2197 603 2240 autem
642 2193 750 2239 erat
774 2184 1036 2239 invisibilis
1060 2200 1119 2238 ac
1147 2184 1495 2255 incomposita,
1526 2198 1625 2239 nos
1653 2192 1900 2239 accurate
1925 2182 2023 2239 do-

435 2288 541 2343 cet,
588 2277 730 2333 unde
757 2276 1039 2332 invisibilis
1076 2283 1303 2332 essetet
1331 2275 1550 2341 inculta,
1579 2275 1763 2331 dicens
1791 2291 1806 2326 :
1838 2273 1907 2330 Et
1948 2284 2022 2331 te-

435 2370 604 2425 nebrae
643 2378 786 2424 erant
818 2385 971 2441 super
997 2369 1258 2439 abyssum,
1283 2376 1330 2422 et
1359 2368 1587 2438 Spiritus
1615 2367 1708 2423 Dei
1736 2372 2018 2440 superfere-

434 2465 586 2515 batur
608 2475 758 2531 super
782 2476 986 2531 aquam.
1020 2458 1152 2516 Vide
1171 2458 1277 2526 hic,
1322 2474 1479 2530 quam
1497 2459 1627 2515 nihil
1649 2460 1900 2531 superﬂui
1928 2460 2024 2516 ad-

434 2552 662 2607 misceat
698 2550 884 2605 beatus
942 2549 1225 2621 propheta,
1279 2558 1332 2604 et
1376 2549 1643 2620 quomodo
1686 2565 1792 2606 non
1843 2550 2019 2606 omnia

435 2639 790 2710 particulatim
821 2647 1020 2705 narret,
1049 2654 1169 2708 qua:
1196 2648 1374 2693 creata
1395 2648 1538 2707 sunt,
1561 2637 1656 2695 sed
1676 2654 1797 2695 cum
1818 2639 2017 2695 docue-

433 2733 506 2787 rit
529 2748 627 2787 nos
651 2732 719 2787 de
746 2731 880 2787 caelo
905 2741 953 2786 et
982 2742 1142 2800 terra,
1172 2747 1289 2802 qua:
1315 2732 1540 2802 plurima
1573 2731 1624 2786 in
1656 2748 1715 2788 se
1744 2733 2021 2788 continent

430 2822 728 2888 elementa,
762 2821 1135 2891 prmtermittat
1173 2821 1297 2877 alia.
1326 2821 1457 2875 Nam
1485 2837 1608 2876 cum
1648 2821 1717 2876 de
1760 2836 2016 2890 aquarum

430 2912 647 2983 Opiﬁcio
672 2911 929 2967 nihildum
952 2912 1193 2978 dixisset,
1215 2912 1290 2967 ait
1318 2931 1330 2967 :
1360 2912 1427 2966 Et
1458 2914 1673 2967 tenebrae
1695 2923 1838 2968 erant
1867 2929 2019 2984 super

432 3006 690 3076 abyssum,
721 3015 767 3059 et
802 3004 1027 3075 Spiritus
1060 3003 1158 3061 Dei
1203 3006 1607 3078 superferebatur
1631 3023 1783 3077 super
1810 3023 2011 3073 aquam.

433 3097 558 3151 llaec
584 3096 727 3151 enim
756 3096 1005 3168 tegebant
1029 3097 1217 3152 faciem
1249 3105 1440 3165 terrae;
1463 3097 1531 3154 de
1561 3098 1797 3153 tenebris
1827 3099 2018 3168 loquor

430 3198 485 3243 et
511 3188 704 3260 abysso
733 3202 1014 3259 aquarum.
1038 3187 1174 3243 Hinc
1198 3188 1498 3258 didicimus,
1522 3204 1681 3245 omne
1703 3189 1843 3260 quod
1870 3190 2020 3246 vide-

434 3279 588 3332 batur
618 3277 782 3334 fuisse
808 3278 1063 3350 abyssum
1097 3294 1353 3349 aquarum
1403 3279 1639 3335 tenebris
1673 3280 1929 3347 velatam,
1963 3289 2018 3336 et

430 3383 567 3437 opus
606 3367 853 3424 habuisse
873 3368 1114 3439 sapiente
1140 3366 1360 3439 Opifice,
1391 3369 1483 3440 qui
1517 3384 1730 3425 omnem
1757 3370 1894 3426 hanc
1929 3369 2014 3424 in-

431 3459 757 3515 formitatem
784 3459 1051 3515 discutere
1075 3501 1091 3527 ,
1118 3467 1175 3514 et
1202 3469 1447 3515 ornatum
1477 3460 1708 3530 aliquem
1753 3460 1808 3514 in
1837 3461 2015 3515 omnia

434 3558 612 3617 posset
633 3548 903 3605 inducere.
925 3549 990 3603 Et
1014 3549 1251 3612 tenebrae,
1281 3548 1475 3620 inquit,
1503 3566 1654 3619 super
1679 3549 1934 3621 abyssum,
1966 3559 2014 3604 et

432 3640 657 3706 Spiritus
711 3638 808 3694 Dei
849 3640 1251 3710 superferebatur
1285 3656 1435 3711 super
1478 3656 1681 3711 aquam.
1730 3639 1869 3708 Quid
1913 3639 2013 3694 sibi

430 3729 543 3783 vult
579 3728 721 3799 quod
751 3729 918 3784 dicit:
950 3728 1019 3782 Et
1058 3727 1282 3799 Spiritus
1319 3727 1414 3783 Dei
1433 3728 1843 3800 superferebatur
1863 3744 2016 3799 super

428 3819 647 3890 aquam?
673 3819 797 3875 Mihi
824 3819 1035 3874 videtur
1065 3820 1165 3874 hoc
1192 3819 1488 3889 signiﬁcare
1507 3860 1523 3885 ,
1575 3821 1737 3875 fuisse
1769 3818 1821 3874 in
1861 3819 2014 3889 aquis

431 3910 703 3966 ellicacem
720 3909 1002 3982 quamdam
1028 3918 1076 3966 cl
1100 3912 1312 3966 vitalem
1329 3911 1714 3981 operationem,
1730 3928 1830 3968 nec
1848 3911 2014 3968 fuisse

429 4002 742 4073 simpliciter
769 4016 961 4072 aquam
988 4009 1219 4058 stantem
1249 4010 1303 4057 et
1334 4002 1686 4072 immobilem,
1713 4001 1808 4058 sed
1836 4003 2011 4067 mobi-

430 4094 567 4161 lem,
598 4102 653 4149 et
695 4092 907 4149 vitalem
937 4093 1216 4164 quamdam
1248 4093 1353 4148 vim
1382 4093 1683 4150 habentem.
1707 4093 1841 4148 Nam
1869 4092 2012 4165 quod

430 4185 727 4252 immobile,
752 4186 971 4242 omnino
1007 4186 1193 4242 inutile
1219 4196 1329 4255 est;
1378 4188 1521 4258 quod
1568 4203 1697 4244 vero
1737 4196 2009 4255 movetur,

426 4278 496 4333 ad
527 4279 691 4333 multa
719 4278 987 4335 conducit.

498 4369 554 4423 2.
596 4366 666 4424 Ut
694 4368 854 4439 igitur
869 4368 1085 4424 doceret
1111 4384 1210 4424 nos
1222 4368 1408 4425 beatus
1426 4368 1518 4424 ille
1544 4369 1797 4441 propheta
1817 4384 2008 4441 aquam

428 4461 572 4516 illam
606 4473 850 4529 magnam
895 4469 950 4514 et
975 4458 1312 4531 ineffabilem
1356 4459 1550 4515 habere
1580 4461 1687 4516 vim
1724 4460 2010 4532 quamdam

426 4549 664 4616 vitalem,
704 4548 830 4604 dicit
861 4566 875 4603 ε
914 4548 978 4602 Ει
1009 4548 1233 4619 Spiritus
1274 4548 1367 4604 Dei
1403 4552 1809 4621 superferebatur
1854 4566 2010 4621 super

426 4656 631 4709 nquam.
687 4638 852 4709 quue
897 4655 1003 4693 non
1052 4640 1253 4709 absque
1282 4640 1488 4695 ratione
1515 4640 1790 4711 Scriptura
1831 4641 2007 4697 divina

425 4730 805 4804 praeveniendo
850 4731 1014 4798 dicit;
1055 4732 1152 4787 sed
1181 4746 1247 4787 eo
1294 4732 1436 4803 quod
1465 4742 1648 4803 postea
1692 4734 1896 4789 dictura
1939 4734 2009 4789 sit

426 4825 580 4881 nobis
628 4824 878 4879 animalia
908 4840 975 4880 ex
1001 4825 1153 4895 aquis
1183 4825 1299 4879 istis
1332 4841 1397 4880 ex
1438 4837 1708 4896 praecepto
1755 4828 1846 4881 Dei
1893 4841 2009 4881 om-

427 4915 570 4967 nium
598 4914 893 4970 conditoris
913 4914 1168 4984 producta
1194 4913 1377 4982 fuisse,
1403 4925 1683 4986 propterea
1710 4916 2006 4972 auditorem

427 5004 513 5059 hic
541 5019 680 5059 nunc
709 5004 868 5059 docet
892 5019 996 5059 non
1025 5005 1140 5060 sine
1164 5020 1322 5061 causa
1349 5021 1539 5078 aquam
1572 5007 1716 5062 illam
1738 5010 2009 5064 constitis-

424 5108 505 5162 se,
528 5094 622 5150 sed
646 5103 705 5150 ut
729 5104 1054 5163 moveretur,
1081 5094 1425 5164 discurreret,
1454 5106 1509 5153 et
1555 5099 1734 5154 omnia
1760 5099 2003 5154 allueret.

422 5186 861 5257 Quandoquidem
906 5187 1063 5259 igitur
1112 5188 1302 5245 diffusa
1368 5199 1484 5246 erat
1534 5206 1723 5263 magna
1769 5193 2003 5248 universi

423 5277 645 5334 visibilis
674 5276 993 5347 informitas,
1021 5290 1289 5350 praecepto
1316 5296 1414 5337 suo
1444 5281 1613 5350 Deus,
1655 5284 1888 5353 optimus
1920 5285 2007 5340 ille

421 5370 632 5435 artifex,
654 5370 1048 5429 deformitatem
1075 5373 1219 5428 illam
1240 5373 1463 5444 depulit,
1503 5383 1559 5431 et
1582 5375 1842 5431 immensa
1870 5376 2003 5432 lucis

420 5463 646 5519 visibilis
671 5463 1010 5532 pulchritudo
1042 5464 1297 5534 producta
1327 5466 1575 5521 tenebras
1601 5466 1800 5536 fugavit
1821 5468 1994 5523 sensi-

422 5554 577 5620 biles,
617 5555 1005 5627 illustravitque
1026 5556 1225 5611 omnia.
1255 5557 1308 5611 '5.
1347 5554 1410 5610 Et
1440 5557 1592 5623 dixit,
1622 5558 1812 5628 inquit,
1846 5557 2003 5626 Deus,

421 5649 511 5717 ﬁat
532 5649 658 5712 lux;
689 5657 737 5702 et
771 5652 906 5719 facta
928 5656 1000 5703 est
1030 5648 1137 5703 lux.
1170 5649 1338 5714 Dixit,
1366 5659 1422 5705 et
1465 5649 1600 5704 facta
1626 5659 1710 5705 est
1741 5667 1754 5703 :
1785 5651 2005 5706 manda-

418 5741 516 5809 vit,
548 5749 602 5797 et
628 5740 861 5797 tenebra:
889 5739 1102 5811 quidem
1133 5739 1324 5811 fugata:
1372 5749 1516 5812 sunt,
1544 5740 1632 5798 lus
1661 5750 1839 5798 autem
1870 5757 1999 5813 pro-

2142 447 2320 504 ducta.
2367 448 2525 503 Vides
2570 447 2891 505 inell'abilem
2935 452 3265 521 potentiam?
3298 454 3494 512 Verum
3522 460 3610 529 qui
3637 475 3727 513 er-

2143 552 2263 594 rore
2289 540 2643 610 praeoccupati
2665 549 2807 605 sunt,
2829 557 2931 595 non
2953 543 3290 600 attendentes
3310 546 3571 601 dicturum
3600 564 3700 603 con
3716 583 3729 590 -

2139 630 2498 699 sequentiam,
2548 646 2720 700 neque
2745 632 3020 690 audientes
3045 632 3259 691 beatum
3302 637 3504 695 Mosen]
3544 641 3727 696 dicen-

2141 728 2248 776 tem
2280 739 2294 775 :
2326 719 2393 775 In
2441 723 2690 800 principio
2742 726 2860 795 fecit
2906 725 3045 783 Deus
3091 730 3274 785 caelum
3325 742 3373 787 et
3426 743 3649 804 terram;
3678 747 3730 792 et

2138 826 2262 866 mox
2287 813 2602 871 subdentem
2628 831 2641 868 :
2675 815 2834 870 Terra
2858 829 3025 873 autem
3046 830 3152 874 erat
3173 822 3436 879 invisibilis
3461 836 3506 881 et
3532 828 3728 882 incom-

2139 903 2324 969 posita,
2367 919 2433 960 eo
2473 906 2614 974 quod
2638 908 2873 964 tenebris
2901 920 2955 965 et
2995 914 3146 982 aquis
3183 924 3326 969 esset
3353 916 3599 987 obtecta;
3645 921 3723 974 sic

2137 992 2279 1048 enim
2307 995 2476 1049 visum
2499 994 2599 1051 fuit
2622 998 2849 1055 Domino
2869 999 2938 1056 ab
2966 1002 3114 1057 initio
3131 1018 3247 1059 eam
3276 1008 3606 1074 producere:
3635 1011 3725 1065 di-

2135 1096 2265 1140 cunt
2302 1094 2457 1142 antea
2484 1087 2646 1145 luisse
2679 1089 2970 1160 subjectum
3018 1095 3331 1163 materiam,
3381 1106 3440 1152 et
3475 1100 3723 1156 tenebras

2137 1178 2536 1244 praeexstitisse.
2569 1179 2706 1246 Quid
2728 1179 2829 1236 hac
2860 1184 3092 1238 amentia
3123 1184 3316 1254 pejus?
3342 1186 3509 1243 Audis
3559 1189 3723 1244 Deum

2135 1265 2188 1320 in
2224 1267 2484 1339 principio
2514 1268 2707 1327 fecisse
2741 1272 2927 1328 caelum
2985 1281 3039 1329 et
3069 1281 3301 1343 terram,
3344 1286 3399 1332 et
3432 1292 3502 1333 ex
3551 1277 3720 1336 nihilo

2133 1372 2250 1427 qua:
2271 1368 2396 1414 sunt
2425 1359 2563 1417 facta
2594 1362 2785 1429 fuisse,
2815 1375 2870 1421 et
2896 1365 3029 1421 dicis
3057 1368 3203 1437 prius
3249 1369 3518 1426 exstitisse
3546 1384 3716 1429 mate-

2134 1451 2305 1506 riam?
2333 1452 2463 1520 Quis
2488 1469 2678 1510 eorum
2705 1457 2794 1526 qui
2847 1468 3081 1515 mentem
3112 1459 3340 1527 habent,
3370 1469 3567 1517 tantam
3610 1464 3719 1518 fer-

2133 1548 2215 1597 ret
2237 1541 2530 1599 insaniam?
2550 1547 2826 1622 Numquid
2852 1548 3012 1604 homo
3039 1558 3121 1605 est
3146 1550 3331 1622 Opifcx
3357 1551 3470 1620 ille,
3505 1565 3562 1609 ut
3586 1571 3721 1625 opus

2135 1630 2326 1687 habeat
2348 1633 2589 1704 subjecto
2629 1637 2810 1706 aliquo
2836 1636 2904 1693 ad
2932 1638 3405 1703 demonstrandam,
3442 1659 3593 1700 suam
3633 1661 3722 1700 ar-

2134 1721 2286 1777 tem?
2314 1725 2454 1780 Deus
2479 1733 2562 1781 est
2587 1727 2672 1781 cui
2702 1729 2882 1784 omnia
2911 1730 3127 1796 cedunt,
3156 1732 3245 1803 qui
3274 1734 3437 1789 verbo
3481 1747 3541 1791 et
3579 1754 3719 1807 prae-

2130 1822 2284 1883 cepto
2309 1829 2408 1869 suo
2433 1817 2611 1872 omnia
2630 1818 2888 1874 condidit.
2916 1821 3147 1878 Attende
3172 1823 3313 1878 cnim
3340 1842 3352 1878 :
3381 1824 3720 1897 dicitsolum,

2130 1912 2182 1956 et
2211 1903 2466 1972 producta
2493 1915 2574 1961 est
2613 1906 2700 1962 lux
2719 1948 2737 1975 ,
2769 1915 2824 1963 et
2855 1909 3232 1966 abscesserunt
3281 1913 3534 1969 tenebrae.
3561 1917 3615 1971 4.
3650 1916 3717 1973 Et

2130 1995 2358 2050 distinxit
2385 1996 2525 2053 Deus
2558 2000 2687 2054 inter
2726 2000 2887 2056 lucem
2916 2010 2963 2056 et
3000 2002 3133 2057 inter
3172 2004 3421 2059 tenebras.
3450 2005 3586 2073 Quid
3614 2020 3719 2078 est,

2129 2086 2424 2171 υἱεεὶηεεὶιῖ⁸
2443 2089 2737 2162 Unicuique
2764 2093 2937 2149 locum
2967 2096 3236 2165 proprium
3265 2097 3555 2165 distribuit,
3587 2116 3720 2155 con-

2126 2195 2430 2253 gruensqne
2457 2190 2667 2252 tempus
2687 2182 2946 2253 deﬁnivit.
2981 2184 3049 2239 Et
3076 2195 3353 2256 postquam
3386 2187 3489 2244 hoc
3521 2188 3714 2246 factum

2129 2278 2231 2339 est,
2264 2282 2388 2326 tunc
2410 2288 2564 2327 suum
2614 2274 2809 2345 cuique
2834 2275 3149 2330 vocabulum
3179 2276 3388 2331 indidit.
3418 2278 3470 2333 5.
3511 2275 3720 2334 Vocarit

2126 2362 2291 2426 enim,
2322 2361 2529 2431 inquit,
2578 2361 2716 2418 Deus
2760 2364 2921 2418 lucem
2953 2364 3084 2419 diem
3126 2382 3139 2418 :
3177 2375 3225 2421 et
3260 2367 3487 2423 tenebras
3526 2374 3719 2424 vocat-it

2126 2461 2338 2506 noctem.
2370 2452 2831 2525 Vidistioptimam
2862 2454 3259 2512 distinctionem
3280 2499 3297 2527 ,
3325 2468 3383 2515 et
3407 2458 3717 2518 admirabile

2125 2544 2417 2613 opificium,
2464 2546 2606 2617 quod
2644 2562 2858 2603 omnem
2896 2549 3157 2604 rationem
3200 2553 3565 2620 transcendit,
3607 2571 3715 2610 uno

2127 2636 2293 2692 verbo
2336 2647 2391 2692 et
2438 2648 2702 2708 prmcepto
2730 2638 2967 2694 factum?
2996 2640 3183 2697 Vidisti
3229 2653 3487 2713 quantum
3524 2662 3583 2700 se
3610 2663 3714 2701 nn.

2125 2736 2356 2781 strorum
2372 2728 2703 2798 ingeniorum
2722 2731 2965 2799 parvitati
2980 2739 3140 2787 attem
3147 2746 3270 2802 pera
3280 2734 3418 2788 verit
3430 2733 3612 2790 beatus
3628 2736 3717 2791 ille

2094 2838 2099 2843 ο
2124 2817 2402 2888 propheta,
2432 2818 2540 2874 imo
2562 2819 2823 2891 benignus
2873 2820 3013 2876 Deus
3053 2837 3147 2892 per
3173 2825 3446 2893 proxihette
3478 2825 3708 2898 linguam

2123 2908 2417 2965 erudiendo
2442 2924 2602 2965 omne
2627 2910 2903 2967 hominum
2926 2927 3113 2983 genus,
3142 2919 3199 2969 ut
3231 2915 3363 2970 sciat
3386 2930 3572 2972 eorum
3594 2934 3713 2989 quas

2124 2997 2264 3053 facta
2289 3005 2413 3054 sunt
2441 3001 2704 3069 ordinem,
2734 3003 2853 3072 quis
2881 3003 3114 3060 universi
3163 3006 3235 3061 sit
3273 3006 3470 3077 opifex,
3503 3018 3557 3064 et
3581 3025 3714 3080 quo—

2124 3088 2285 3144 modo
2329 3089 2745 3162 unumquodque
2774 3092 3091 3162 productum
3137 3094 3241 3149 sit?
3266 3096 3527 3164 Quoniam
3566 3101 3708 3154 enim

2123 3180 2295 3236 adhuc
2317 3180 2633 3237 imbecillius
2662 3193 2780 3238 erat
2807 3183 3096 3240 humanum
3124 3201 3310 3257 genus,
3325 3204 3483 3259 quam
3506 3201 3562 3244 ut
3589 3208 3714 3262 per-

2124 3269 2344 3326 fectiora
2374 3288 2567 3344 capere
2595 3284 2810 3344 posset;
2842 3286 3121 3347 propterea
3151 3292 3249 3348 pro
3275 3280 3579 3337 auditorum
3602 3284 3700 3338 im-

2121 3360 2411 3418 becillitate
2430 3364 2703 3436 prophetae
2730 3365 2964 3437 linguam
2994 3383 3214 3425 movens
3233 3367 3465 3441 Spiritus
3491 3387 3710 3432 sanctus

2122 3454 2177 3508 in
2231 3453 2372 3510 hune
2418 3455 2633 3511 modum
2662 3455 2816 3512 nobis
2846 3457 3024 3514 omnia
3049 3459 3399 3518 edisserebat.
3431 3463 3495 3518 Et
3536 3474 3593 3520 ut
3632 3465 3710 3521 di-

2121 3558 2240 3599 scas
2266 3545 2411 3599 illum
2441 3547 2511 3601 ob
2531 3548 2723 3603 mentis
2752 3558 2951 3603 nostra:
2979 3549 3393 3607 imbecillitatem
3420 3552 3521 3610 hoc
3547 3571 3703 3611 enar-

2120 3636 2342 3689 rationis
2391 3645 2811 3707 temperamento
2855 3638 3018 3695 fuisse
3065 3656 3241 3709 usum,
3290 3643 3414 3700 vide
3441 3648 3710 3715 quomodo

2122 3726 2339 3781 tonitrni
2366 3727 2528 3794 filius,
2559 3744 2678 3782 cum
2702 3728 2811 3799 jam
2843 3728 3115 3785 hominum
3151 3748 3316 3802 genus
3346 3736 3410 3788 ad
3461 3737 3706 3793 virtutem

2130 3816 2465 3886 profecisset,
2494 3833 2599 3871 non
2617 3817 2725 3887 jam
2747 3817 2848 3873 hac
2876 3819 2961 3872 via
2988 3820 3332 3889 ingrediatur,
3364 3824 3457 3878 sed
3496 3825 3549 3880 in
3576 3827 3707 3883 sub-

2124 3908 2384 3963 limiorem
2418 3907 2771 3963 eruditionem
2822 3908 3118 3965 auditorem
3162 3912 3442 3969 subducat.
3484 3916 3614 3972 Nam
3654 3928 3710 3974 ut

2119 4000 2251 4055 dixit
2282 4017 2296 4053 :
2332 3998 2398 4054 In
2429 4000 2678 4070 principio
2707 4010 2813 4054 erat
2852 4000 3087 4070 Verbum,
3110 4010 3156 4056 et
3208 4004 3420 4061 Verbum
3445 4018 3551 4062 erat
3570 4013 3709 4080 apud

2120 4090 2305 4160 Deum,
2328 4102 2373 4146 et
2393 4089 2533 4147 Deus
2558 4102 2662 4149 erat
2689 4091 2904 4148 Verbum
2922 4092 3101 4167 (Joan.
3127 4097 3176 4150 1.
3204 4097 3278 4167 i);
3295 4113 3421 4152 mox
3451 4098 3667 4168 subjicit
3691 4120 3703 4155 :

2120 4184 2246 4239 Erat
2271 4186 2362 4240 tua:
2399 4202 2541 4253 uera,
2567 4201 2679 4257 qua:
2704 4185 2962 4240 illuminat
2987 4202 3186 4243 omnem
3221 4189 3475 4244 hominem
3503 4194 3707 4248 venien-

2120 4287 2220 4332 tem
2246 4278 2298 4330 in
2319 4277 2562 4330 mundum
2590 4275 2756 4349 (Ibid.
2785 4293 2832 4331 υ.
2861 4276 2941 4348 9).
2971 4276 3102 4336 Nam
3124 4280 3571 4350 quemadmodum
3604 4284 3704 4339 hoc

2120 4368 2238 4423 loco
2278 4368 2365 4422 lux
2397 4367 2497 4422 ista
2542 4366 2811 4422 sensibilis
2853 4378 3125 4439 praecepto
3172 4371 3384 4426 Domini
3424 4374 3700 4444 producta,

2121 4459 2373 4515 tenebras
2401 4458 2522 4513 illas
2549 4458 2781 4512 visibiles
2806 4459 3084 4515 abscondit
3111 4479 3123 4515 :
3147 4461 3224 4516 sic
3249 4472 3302 4516 et
3338 4462 3426 4517 lux
3462 4466 3706 4521 mentalis

2120 4549 2368 4605 tenebras
2392 4563 2635 4603 errorum
2660 4547 2931 4618 ellugavit,
2964 4558 3018 4605 et
3043 4550 3109 4606 ad
3138 4553 3414 4609 veritatem
3442 4555 3707 4610 errabun.

2116 4642 2215 4697 dos
2240 4641 2572 4696 manuduxit.

2186 4733 2238 4788 '5.
2270 4731 2631 4803 Suscipiamus
2657 4748 2784 4804 ergo
2807 4731 3107 4803 gratisa'mo
3135 4733 3312 4813 animo
3334 4733 3422 4788 illa
3448 4748 3477 4787 a
3504 4733 3698 4789 divinis

2115 4822 2405 4894 Scripturis
2451 4824 2808 4889 documenta,
2855 4830 3006 4878 etne
3058 4823 3404 4878 adversentur
3451 4824 3703 4889 veritati,

2118 4931 2292 4986 neque
2320 4915 2372 4970 in
2404 4916 2637 4973 tenebris
2669 4928 2979 4971 maneamus
3012 4931 3025 4967 :
3054 4914 3148 4969 sed
3188 4913 3253 4967 ad
3302 4914 3476 4967 lucem
3509 4929 3703 4983 prope-

2113 5021 2312 5074 remus,
2342 5020 2730 5077 operemurque
2755 5004 2910 5074 digna
2934 5004 3052 5057 luce
3067 5012 3120 5056 et
3139 5002 3248 5066 die,
3271 5001 3410 5055 sicut
3437 5010 3491 5055 et
3509 5002 3703 5058 Paulus

2115 5101 2399 5167 admonet,
2439 5098 2624 5155 dicens
2675 5113 2688 5149 :
2741 5095 2887 5151 Sicut
2929 5094 2983 5147 in
3023 5093 3104 5147 die
3144 5093 3350 5147 honeste
3392 5093 3702 5148 ambulemus

2114 5195 2290 5266 (Rom.
2323 5189 2553 5262 15.15),
2580 5199 2634 5245 et
2660 5204 2725 5243 ne
2750 5201 3033 5257 Operemur
3058 5200 3216 5256 opera
3243 5185 3602 5241 tenebrarum.
3635 5184 3702 5239 Et

2114 5287 2328 5354 vocavit,
2383 5283 2591 5354 inquit,
2634 5280 2770 5335 Deus
2796 5280 2957 5334 lucem
2999 5279 3163 5343 diem,
3193 5287 3239 5332 et
3269 5279 3494 5332 tenebras
3514 5278 3701 5332 vocavit

2114 5385 2328 5431 noctem.
2360 5373 2464 5428 Sed
2492 5370 2633 5442 quod
2658 5369 2824 5424 ferme
2846 5383 2945 5423 nos
2966 5369 3314 5437 praeterierat,
3339 5367 3698 5447 necessarium

2114 5468 2272 5522 fuerit
2303 5466 2493 5519 iterum
2527 5470 2791 5530 repetere.
2844 5458 2974 5513 Nam
3003 5467 3280 5528 postquam
3309 5457 3549 5521 dixerat,
3583 5453 3696 5507 Fiid

2114 5559 2202 5612 lux
2227 5564 2271 5610 et
2298 5557 2431 5626 facta
2458 5561 2529 5606 est
2555 5551 2664 5615 lux,
2705 5549 2985 5620 subiunxit
3006 5565 3022 5604 :
3044 5550 3099 5604 4.
3133 5547 3198 5602 Ει
3219 5548 3341 5602 vidit
3362 5546 3494 5600 Deus
3515 5544 3695 5609 lucem,

2112 5647 2245 5719 quod
2270 5646 2397 5700 bona
2426 5651 2573 5697 esset.
2604 5640 2738 5697 Vide
2765 5656 2947 5709 qureso
2976 5638 3081 5703 hic,
3110 5637 3321 5701 dilecte,
3355 5649 3511 5704 quam
3559 5640 3683 5686 tem-

2111 5747 2298 5809 perata
2340 5734 2621 5791 verborum
2669 5735 2826 5790 ratio.
2862 5730 3003 5799 Quid
3038 5730 3237 5803 igitur?
3263 5744 3328 5785 an
3362 5725 3674 5796 priusquam
