4018 6136
299 339 365 391 523
1041 333 1093 389 S.
1140 325 1413 386 J0.\‘.\'.\'lS
1452 319 1926 379 CHRYSOSTOMI
1967 319 2284 378 ARCHIEP.
2327 320 2862 379 CONSTANTINUP.
3515 316 3578 376 36

302 458 450 510 ﬁeret
482 453 606 521 lux,
643 450 908 507 nesciebat
941 463 1056 503 eam
1085 446 1276 501 bonam
1310 442 1536 495 futuram
1564 454 1578 502 ;
1610 437 1702 493 sed
1735 446 1881 507 post-

302 562 463 613 quam
496 544 757 617 producta
791 542 906 606 fuit,
950 555 1014 594 ex
1055 545 1273 606 aspectu
1303 535 1529 604 priunnn
1558 530 1746 600 Opifex
1777 530 1892 598 pul-

301 637 656 693 chritudinctn
684 643 737 689 et
764 632 1054 687 bonitatem
1082 629 1199 697 ejus
1227 625 1497 697 producta:
1527 621 1802 693 percepit?
1826 620 1890 674 Et

299 745 417 799 quis
441 742 584 784 sana:
606 724 798 779 mentis
822 723 927 777 tale
952 719 1220 791 quidpiam
1251 715 1483 771 dixerit?
1505 712 1633 768 Nam
1660 713 1703 766 si
1727 712 1890 765 homo

299 820 388 890 qui
421 818 615 889 aliquid
649 832 741 886 per
767 823 934 869 artem
964 823 1233 882 operatur,
1263 802 1570 878 priusquam
1606 803 1891 859 fabricetur

300 911 440 980 quod
475 909 584 964 vult
614 908 789 962 facere
811 948 827 973 ,
859 912 913 959 et
944 904 1250 974 priusquam
1292 897 1540 954 efformet
1563 936 1579 962 ,
1610 895 1709 949 scit
1738 906 1889 947 usum

304 1004 419 1070 ejus
459 1001 600 1073 quod
635 1000 913 1055 elaborare
943 994 1128 1049 statuit
1160 1011 1174 1047 :
1209 998 1405 1062 quanto
1450 988 1617 1059 magis
1652 986 1892 1043 omnium

302 1095 510 1165 Opifex,
542 1093 629 1164 qui
649 1093 811 1148 verbo
839 1089 1019 1145 omnia
1048 1103 1116 1142 ex
1142 1085 1306 1140 nihilo
1329 1092 1386 1138 ut
1420 1088 1602 1137 essent
1625 1078 1889 1150 produxit,

306 1190 511 1245 sciebat
535 1195 817 1255 antequam
864 1184 1035 1238 lucem
1084 1179 1315 1246 faceret,
1361 1191 1479 1229 eam
1509 1188 1629 1229 esse
1654 1172 1888 1228 bonam!

302 1280 479 1347 Quare
520 1293 648 1349 ergo
687 1279 786 1331 hac
828 1274 1059 1330 dictione
1108 1284 1238 1325 usus
1283 1267 1403 1323 est?
1449 1265 1688 1321 Demittit
1713 1277 1810 1328 se,
1840 1270 1895 1316 et

303 1369 594 1426 secundum
641 1367 925 1429 humanam
957 1358 1399 1417 consuetudinem
1447 1356 1561 1409 hinc
1600 1353 1778 1408 omnia
1813 1352 1888 1406 lo-

302 1462 482 1532 quitur
508 1460 691 1515 beatus
719 1457 807 1511 ille
837 1454 1111 1525 propheta.
1142 1449 1210 1504 Et
1238 1444 1686 1518 quemadmodum
1717 1442 1893 1496 homi-

304 1567 399 1607 nes
426 1567 548 1607 cum
577 1547 771 1619 aliquid
794 1559 985 1616 magno
1021 1543 1197 1598 studio
1224 1538 1631 1618 elaboraverint,
1660 1544 1714 1590 et
1736 1535 1893 1589 ﬁnem

304 1641 573 1699 laboribus
597 1641 707 1697 suis
757 1637 1139 1709 imposuerint,
1168 1643 1294 1689 tunc
1333 1632 1546 1687 tandem
1590 1644 1687 1699 per
1730 1643 1893 1697 expe-

305 1736 546 1791 rientiam
575 1743 629 1789 et
659 1733 1024 1803 probationem
1055 1741 1188 1798 Opus
1218 1725 1464 1781 laudibus
1484 1723 1742 1779 extollunt
1778 1741 1791 1778 :
1816 1722 1887 1776 ita

304 1835 361 1883 et
388 1827 565 1883 divina
595 1824 865 1893 Scriptura
899 1835 1063 1887 nunc,
1095 1834 1213 1874 cum
1247 1832 1305 1872 se
1354 1815 1423 1871 ad
1452 1823 1754 1870 nostrarum
1786 1829 1883 1868 au-

306 1922 442 1975 rium
468 1917 831 1973 inﬁrmitatem
883 1911 1134 1977 demisit,
1192 1917 1248 1964 et
1293 1908 1428 1963 dixit
1457 1924 1472 1962 :
1500 1906 1570 1961 Et
1604 1905 1726 1960 vidit
1753 1903 1893 1959 Deus

304 2012 466 2064 lucem
490 2050 504 2074 ,
544 2006 679 2077 quod
706 2006 835 2060 bona
862 2011 1022 2068 esset,
1071 2009 1195 2055 tunc
1224 1996 1451 2068 subjecit
1494 2014 1507 2051 :
1554 1994 1622 2050 Et
1667 1993 1897 2049 distinxit

305 2102 446 2157 Deus
472 2103 601 2155 inter
634 2098 836 2164 lucem,
890 2105 937 2150 et
978 2096 1110 2149 inter
1137 2091 1362 2147 tenebras
1402 2105 1421 2145 :
1458 2097 1506 2145 et
1537 2087 1726 2143 vocavit
1761 2086 1899 2141 Deus

311 2198 471 2252 lucem
495 2197 649 2258 diem,
674 2202 719 2247 et
751 2192 975 2246 tenebras
996 2188 1186 2244 vocavit
1212 2196 1425 2251 noctem,
1454 2194 1508 2240 et
1533 2198 1683 2239 suam
1706 2183 1899 2252 cuique

310 2288 583 2358 regionem
622 2283 891 2338 distribuit
934 2298 948 2333 :
991 2294 1113 2334 nam
1146 2277 1212 2332 ab
1240 2277 1391 2331 initio
1419 2274 1613 2345 cuique
1638 2287 1765 2329 suos
1796 2283 1900 2328 ter-

309 2384 485 2435 minos
513 2376 738 2448 prceﬁxit
762 2416 778 2442 ,
810 2388 947 2445 quos
986 2380 1242 2443 perpetuo
1283 2370 1485 2440 absque
1523 2368 1901 2439 impedimento

306 2470 620 2525 custodiret.
649 2466 707 2522 Id
736 2465 875 2535 quod
896 2463 1135 2530 cuilibet,
1159 2461 1249 2533 qui
1276 2469 1422 2516 recte
1446 2460 1635 2529 sapiat,
1658 2457 1900 2515 contueri

308 2563 473 2630 licet,
514 2557 784 2631 quomodo
830 2571 900 2612 ex
949 2571 1015 2610 eo
1064 2563 1303 2624 tempore
1346 2566 1514 2622 usque
1563 2552 1613 2605 in
1664 2565 1900 2621 praisens

314 2666 489 2723 neque
545 2649 635 2704 lux
697 2647 955 2703 terminos
998 2660 1141 2700 suos
1196 2653 1525 2713 transgressa
1573 2644 1675 2709 sit,
1728 2657 1902 2713 neque

322 2742 558 2799 tenebrae
586 2754 741 2795 suum
770 2737 1011 2794 ordinem
1056 2734 1451 2806 praeterierint,
1496 2733 1808 2790 confusione
1846 2742 1903 2790 et

312 2832 712 2905 perturbatione
754 2827 984 2900 quadam
1028 2827 1349 2883 introducta.
1399 2825 1540 2882 Sane
1587 2824 1690 2881 hoc
1735 2841 1899 2881 unum

312 2925 530 2996 ingratis
557 2923 665 2978 illis
694 2921 942 2977 sufﬁcere
971 2920 1225 2986 deberet,
1255 2926 1312 2995 ut
1335 2916 1615 2974 crederent
1640 2925 1695 2973 et
1718 2916 1903 2972 obedi-

310 3024 431 3074 rent
483 3017 549 3072 iis
590 3030 710 3085 qua:
751 3029 783 3068 a
822 3012 997 3069 divina
1039 3010 1312 3080 Scriptura
1360 3009 1498 3064 dicta
1528 3016 1697 3063 sunt:
1731 3008 1803 3064 ita
1846 3015 1904 3063 ut

312 3108 401 3165 vel
463 3106 727 3162 elementa
774 3104 1082 3167 imitantes,
1140 3115 1260 3170 qua:
1317 3114 1534 3154 cursum
1585 3098 1904 3153 inoﬂ‘ensiim

312 3207 571 3269 perpetuo
627 3202 886 3261 servant,
943 3192 1216 3247 dimensos
1285 3189 1541 3244 terminos
1607 3203 1734 3245 suos
1796 3203 1902 3244 non

312 3289 851 3361 [intergrediantun
913 3285 1008 3341 sed
1063 3292 1355 3355 agnoscant
1418 3283 1690 3354 prepriam
1752 3291 1905 3339 natu-

316 3398 453 3437 ram.
504 3380 642 3434 Exin
688 3387 968 3448 postquam
1017 3375 1226 3444 utrique
1270 3387 1425 3428 suum
1474 3387 1667 3427 nomen
1711 3372 1900 3439 dedit,

314 3484 601 3542 utrumque
644 3470 697 3525 in
736 3484 900 3523 unum
939 3467 1194 3537 copulans
1222 3464 1381 3529 dicit,
1424 3465 1481 3520 5.
1513 3461 1582 3516 Et
1608 3468 1798 3535 factum
1832 3472 1903 3517 est

320 3579 541 3634 vespere,
568 3570 616 3616 et
656 3565 848 3632 factum
871 3567 944 3613 est
972 3573 1121 3611 mane
1139 3598 1153 3622 ,
1184 3555 1291 3609 dies
1323 3572 1469 3609 unus.
1503 3554 1689 3610 Finem
1716 3554 1820 3609 diei
1850 3564 1905 3611 et

321 3658 481 3710 ﬁnem
523 3652 695 3708 noctis
723 3666 886 3706 unum
918 3662 1169 3718 expresse
1213 3647 1538 3712 nominavit,
1569 3654 1626 3700 ut
1662 3646 1901 3701 ordinem

316 3747 549 3817 aliquem
572 3754 625 3800 et
644 3742 1078 3813 consequentiam
1106 3747 1369 3796 statueret
1392 3739 1697 3805 visibilium,
1720 3738 1892 3793 nulla-

319 3851 425 3907 que
447 3837 596 3892 ﬁeret
620 3833 883 3892 confusio.

381 3926 484 3982 Cur
503 3926 644 3980 Deus
679 3942 780 3979 non
813 3925 983 3978 omnia
998 3922 1152 3978 simul
1167 3936 1267 3975 uno
1280 3920 1361 3974 die
1376 3920 1670 3990 produxerit
1685 3935 1704 3984 ;
1719 3928 1902 3974 contra

310 4036 394 4075 eos
418 4019 505 4090 qui
518 4018 687 4072 omnia
705 4016 910 4087 fortuito
938 4013 1049 4084 ﬁeri
1085 4011 1279 4065 dicunt.
1308 4038 1379 4049 ——
1413 4008 1609 4063 Verum
1631 4008 1899 4065 discamus

311 4120 522 4183 oportet
546 4126 577 4166 a
604 4110 808 4181 Spiritu
834 4115 1020 4163 sancto
1049 4120 1147 4175 per
1165 4103 1398 4173 linguam
1432 4100 1571 4156 beati
1602 4100 1758 4172 hujus
1780 4117 1905 4172 pro-

313 4205 507 4275 phum,
539 4216 658 4272 qum
676 4200 846 4270 primo
871 4196 959 4251 die
984 4193 1198 4249 condita
1226 4198 1371 4258 sunt,
1396 4198 1450 4247 et
1472 4206 1590 4262 quae
1611 4190 1749 4246 aliis.
1768 4191 1900 4246 Nam

315 4306 370 4354 et
395 4295 537 4352 istud
566 4295 737 4365 ipsum
769 4290 1090 4346 clementem
1114 4286 1279 4340 Deum
1305 4298 1425 4339 sese
1459 4292 1900 4351 attemperantem

315 4388 550 4447 exhibet.
570 4385 752 4453 Neque
776 4380 919 4436 enim
942 4379 1094 4447 ineps
1118 4385 1234 4432 erat
1255 4374 1590 4443 omnipotens
1617 4373 1756 4428 illius
1784 4389 1901 4428 ma-

314 4494 415 4535 nus
441 4488 495 4533 et
523 4474 731 4529 inﬁnita
775 4468 1055 4539 sapientia,
1085 4473 1144 4521 ut
1177 4480 1281 4520 non
1315 4471 1495 4534 posset
1519 4478 1624 4519 uno
1644 4462 1730 4519 die
1776 4479 1902 4534 pro-

315 4571 513 4626 ducere
551 4564 749 4619 onmia.
786 4560 922 4628 Quid
961 4559 1102 4625 dico,
1129 4573 1238 4612 uno
1263 4556 1393 4611 die?
1437 4556 1502 4611 Et
1530 4556 1757 4626 simplici
1785 4571 1899 4611 mos

317 4667 497 4717 mento
526 4662 752 4726 poterat.
787 4651 893 4707 Sed
932 4648 1362 4736 quandoquidem
1391 4663 1477 4703 res
1506 4663 1613 4702 non
1656 4648 1725 4703 ob
1750 4662 1901 4702 suam

318 4749 601 4805 utilitatem
644 4743 890 4815 produxit
914 4756 928 4806 ;
959 4756 1128 4809 neque
1150 4740 1291 4794 enim
1321 4738 1425 4793 ulla
1453 4753 1511 4793 re
1540 4753 1674 4807 Opus
1704 4738 1899 4803 habet;

314 4842 410 4898 sed
440 4841 508 4895 ob
534 4852 685 4894 suam
713 4833 1092 4904 benignitatem
1122 4839 1177 4886 et
1205 4830 1494 4885 bonitatem
1526 4828 1763 4883 condidit
1783 4845 1898 4882 om-

315 4934 403 4988 nia
447 4950 459 4985 :
500 4930 698 4988 idcirco
726 4924 1063 4983 successione
1090 4921 1318 4993 quadam
1347 4929 1402 4975 et
1447 4935 1541 4989 per
1572 4928 1748 4988 partes
1771 4934 1896 4973 con-

315 5024 471 5093 didit,
493 5028 550 5078 et
575 5020 872 5076 doctrinam
913 5016 1066 5071 nobis
1108 5012 1443 5069 manifestam
1487 5009 1554 5065 de
1585 5009 1743 5065 rebus
1768 5025 1899 5063 con-

316 5119 444 5174 ditis
475 5130 574 5187 per
619 5113 853 5182 linguam
883 5108 1025 5165 beati
1052 5105 1210 5176 hujus
1254 5103 1528 5175 prophetae
1574 5101 1811 5165 tradidit,
1846 5109 1903 5155 ut

319 5211 433 5264 haec
459 5213 709 5262 accurate
733 5201 896 5266 docti,
926 5216 1032 5254 non
1075 5195 1367 5252 incidamus
1388 5194 1440 5248 in
1470 5206 1656 5248 eorum
1684 5201 1902 5247 senten-

320 5302 445 5356 tiam
470 5298 560 5370 qui
587 5293 835 5350 humanis
881 5289 1171 5346 ratiociniis
1214 5294 1513 5342 moventur.
1543 5284 1599 5340 Si
1650 5298 1900 5353 namque,

321 5393 403 5448 hts
436 5392 526 5446 illo
562 5386 722 5443 modo
763 5384 1014 5454 peractis,
1060 5396 1165 5436 non
1213 5380 1405 5435 desunt
1433 5377 1523 5448 qui
1551 5376 1769 5431 fortuito
1817 5389 1904 5430 res

322 5498 510 5537 omnes
539 5479 708 5537 factas
735 5490 854 5533 esse
884 5480 1127 5529 asserant
1161 5490 1173 5525 :
1207 5472 1253 5526 si
1281 5486 1385 5525 non
1416 5479 1520 5523 tam
1554 5474 1902 5536 attemperata

324 5573 545 5630 docendi
576 5571 782 5626 ratione
813 5582 910 5623 nos
936 5565 1183 5637 dignatus
1197 5571 1361 5627 esset,
1396 5560 1522 5630 quid
1545 5575 1648 5613 non
1680 5558 1903 5612 fuissent

328 5664 465 5725 ausi,
515 5661 608 5730 qui
631 5660 848 5714 adersus
872 5657 1097 5713 salutem
1135 5668 1283 5711 suam
1306 5666 1529 5723 qumque
1556 5658 1607 5705 et
1642 5648 1819 5704 dicere
1848 5657 1902 5704 et

321 5754 492 5807 facere
520 5751 731 5807 student
764 5753 784 5805 ?

2071 436 2123 490 4.
2166 433 2301 502 Quid
2330 437 2472 491 enim
2501 437 2753 492 miserius
2785 446 2838 493 et
2865 435 3297 507 insipientiusiis,
3330 436 3419 509 qui
3460 440 3581 495 talia

1995 527 2171 583 dicere
2212 536 2495 594 attentant,
2524 537 2577 584 et
2607 528 2876 584 afﬁrmant
2912 544 3000 584 res
3028 528 3244 585 fortuito
3278 528 3412 595 ﬁeri,
3441 529 3583 585 frau-

1994 617 2227 689 dantque
2266 635 2480 675 omnem
2502 622 2827 676 creationem
2857 622 3033 676 divina
3058 621 3388 691 providentia
3415 623 3438 676 ἲ
3466 623 3581 690 Quo

1999 719 2152 779 pacto
2192 711 2332 766 enim
2380 713 2572 768 rationi
2613 723 3033 770 consentaneum
3071 713 3249 780 fuerit,
3298 714 3407 782 dic,
3461 730 3578 781 om,

1999 811 2155 865 tanta
2190 803 2475 871 elementa,
2521 814 2575 861 et
2621 813 2827 860 tantum
2858 814 3103 861 ornatum
3155 806 3359 877 absque
3405 807 3581 877 aliquo

1999 896 2334 952 moderatore
2361 905 2418 953 et
2443 895 2620 953 omnia
2647 908 2999 954 conservante
3029 899 3316 969 gubernari
3342 899 3365 953 ?
3396 899 3460 954 Et
3489 915 3580 953 na-

1998 989 2079 1043 vis
2101 1005 2386 1058 numquam
2409 990 2602 1059 poterit
2630 990 2834 1061 absque
2876 991 3230 1062 gubernatore
3271 991 3433 1045 maris
3482 989 3577 1044 tlu-

1997 1088 2114 1136 ctus
2151 1095 2446 1151 permeare,
2476 1082 2733 1153 milesque
2770 1083 2903 1137 nihil
2929 1092 3204 1138 strenuum
3230 1092 3286 1138 et
3310 1084 3580 1154 egregium

1998 1172 2200 1242 absqt‘e
2248 1177 2490 1243 praetoris
2539 1173 2700 1229 ductu
2745 1183 2798 1229 et
2827 1174 3076 1245 auSpiciis
3118 1174 3275 1244 gerit,
3306 1183 3361 1229 et
3389 1173 3580 1228 domus

1998 1273 2246 1319 constare
2303 1266 2486 1335 nequit
2516 1306 2532 1331 ,
2575 1265 2674 1320 nisi
2728 1265 2867 1321 adsit
2895 1262 2984 1335 qui
3012 1279 3129 1319 eam
3156 1264 3488 1319 administret
3518 1264 3533 1294 ¹
3565 1281 3577 1315 :

2000 1358 2229 1412 mundus
2274 1367 2450 1413 autem
2483 1358 2570 1414 hic
2599 1359 2914 1424 immensus,
2948 1366 3003 1413 et
3042 1358 3429 1413 elementorum
3460 1356 3581 1410 illo-

2000 1464 2116 1503 rum
2162 1458 2401 1517 ornatus,
2433 1449 2650 1504 fortuito
2678 1460 2732 1505 et
2773 1460 2972 1505 temere
3002 1448 3122 1504 ferri
3167 1446 3397 1518 poterit,
3436 1447 3583 1501 nullo

1998 1540 2293 1596 exsistente
2337 1541 2425 1612 qui
2467 1541 2643 1596 omnia
2697 1542 2866 1611 possit
2916 1539 3205 1607 moderari,
3250 1548 3305 1595 et
3352 1539 3442 1609 qui
3487 1549 3585 1604 per

1999 1647 2149 1688 suam
2193 1632 2505 1702 sapientiam
2535 1648 2598 1688 ea
2637 1632 2907 1687 contineat
2935 1639 2990 1687 et
3012 1630 3343 1686 conservet?
3385 1629 3580 1684 Verum

1999 1724 2126 1796 quid
2156 1725 2377 1781 ulterius
2417 1724 2790 1781 contendimus
2828 1722 2932 1779 illis
2967 1723 3192 1793 probare
3239 1737 3324 1789 ea,
3376 1736 3495 1792 qua:
3532 1730 3583 1777 et

2002 1817 2178 1885 czecis,
2223 1825 2280 1871 ut
2322 1816 2375 1872 in
2407 1815 2689 1886 proverbio
2715 1825 2814 1881 est,
2840 1814 3116 1885 perSpicua
3143 1813 3308 1868 sunt?
3337 1812 3585 1867 Attamen

2001 1922 2070 1963 ne
2092 1907 2398 1963 omittamus
2419 1922 2719 1978 proponere
2748 1909 2826 1963 eis
2854 1906 3149 1962 doctrinam
3167 1906 3582 1976 Scripturarum,

2002 1997 2096 2052 sed
2127 2013 2286 2053 omne
2322 1997 2693 2069 impendamus
2741 1998 2997 2067 studium,
3044 2006 3102 2053 ut
3142 1997 3212 2053 ab
3232 2012 3415 2054 errore
3453 1998 3587 2054 libe-

2003 2089 2127 2155 rati,
2149 2086 2217 2142 ad
2239 2089 2512 2144 veritatem
2531 2089 2873 2144 reducantur.
2898 2089 3026 2144 Nam
3048 2088 3355 2144 licetadhuc
3380 2103 3586 2159 prame-

2003 2181 2180 2252 cupati
2211 2181 2485 2237 erroribus
2513 2181 2639 2250 sint,
2670 2181 2908 2253 ejusdem
2937 2190 3133 2247 tamen,
3167 2182 3319 2252 cujus
3346 2197 3462 2249 nos,
3488 2196 3584 2254 ge-

2004 2273 2149 2328 neris
2178 2260 2303 2328 suﬁt
2343 2289 2357 2327 :
2387 2281 2442 2329 et
2469 2287 2565 2343 par
2591 2283 2670 2329 est
2701 2284 2760 2329 ut
2788 2288 3033 2345 magnam
3064 2289 3249 2329 eorum
3280 2290 3460 2330 curam
3488 2274 3587 2329 ha-

2005 2363 2242 2429 beamus,
2273 2379 2559 2434 numquam
2576 2372 2955 2436 torpescentes,
2973 2364 3066 2421 sed
3084 2365 3354 2436 diligentia
3379 2380 3586 2421 summa

2006 2455 2262 2513 facientes
2281 2471 2347 2512 ea
2370 2472 2489 2527 qua:
2506 2457 2557 2512 in
2586 2457 2740 2513 nobis
2766 2467 2910 2524 sunt,
2945 2457 3126 2513 utilem
3147 2458 3249 2512 illis
3271 2458 3588 2513 medicinam

2005 2548 2375 2615 adhibeamus,
2425 2557 2483 2604 ut
2528 2550 2716 2605 saltem
2761 2549 2972 2604 tandem
3004 2550 3289 2621 aliquando
3315 2550 3380 2604 ad
3405 2566 3589 2605 veram

2005 2640 2286 2697 sanitatem
2315 2641 2556 2698 redeant.
2586 2641 2727 2696 Nihil
2753 2643 2895 2697 enim
2923 2642 2993 2697 ita
3023 2651 3176 2697 curat
3200 2642 3360 2707 Deus,
3386 2651 3443 2697 ut
3467 2642 3589 2695 ani-

2007 2749 2212 2789 marum
2257 2733 2505 2790 salutem.
2539 2733 2595 2790 ld
2635 2734 2828 2790 clamat
2852 2733 3066 2803 Paulus,
3097 2732 3286 2791 dicens
3319 2753 3331 2787 :
3359 2734 3459 2802 Qui
3482 2734 3591 2788 vult

2006 2843 2178 2882 omnes
2221 2827 2446 2883 homines
2476 2828 2644 2883 salvos
2676 2828 2807 2897 ﬁeri,
2853 2837 2901 2883 et
2925 2829 2995 2881 ad
3022 2829 3327 2900 agnitionem
3368 2828 3590 2883 veritatis

2007 2917 2174 2972 venire
2203 2919 2279 2990 (1.
2313 2916 2444 2972 Tim.
2483 2917 2537 2972 2.
2566 2920 2647 2988 4).
2679 2918 2744 2974 Ει
2772 2919 2964 2974 iterum
2995 2919 3136 2975 Deus
3163 2919 3275 2989 ipse
3301 2920 3376 2974 ait
3404 2938 3418 2974 :
3449 2918 3590 2973 Nolo

2006 3017 2218 3062 mortem
2249 3010 2544 3079 peccatoris,
2583 3010 2672 3066 sed
2697 3024 2750 3064 ut
2777 3019 3114 3076 convertatur,
3148 3020 3195 3065 et
3217 3011 3348 3066 vivat
3374 3010 3587 3082 (Ezeclt.

2008 3100 2095 3156 18.
2119 3100 2235 3173 25).
2264 3102 2489 3171 Pr0pter
2508 3103 2607 3158 hoc
2631 3102 2789 3158 etiam
2814 3112 3055 3158 naturam
3085 3102 3221 3159 hanc
3237 3119 3448 3159 omnem
3468 3118 3590 3173 pro-

2007 3189 2180 3259 duxit,
2211 3202 2266 3248 et
2297 3206 2395 3247 nos
2420 3192 2695 3260 formavit,
2716 3208 2821 3248 non
2847 3201 2906 3248 ut
2930 3208 3233 3264 pereamus,
3265 3209 3438 3264 neque
3463 3194 3589 3249 utin

2007 3283 2322 3353 supplicium
2348 3298 2447 3339 nos
2472 3285 2679 3351 mittat;
2707 3284 2800 3339 sed
2831 3293 2886 3339 ut
2915 3284 3091 3341 salvos
3121 3284 3298 3351 faciat,
3330 3293 3385 3341 et
3408 3286 3475 3340 ab
3496 3300 3588 3341 er-

2008 3390 2130 3430 rore
2151 3374 2409 3442 liberatis,
2461 3392 2626 3447 regno
2664 3376 2766 3431 frui
2814 3377 2968 3432 nobis
2997 3378 3275 3433 concedat.
3307 3377 3417 3433 lloc
3444 3378 3587 3433 enim

2009 3465 2164 3520 nobis
2188 3467 2522 3536 praeparavit,
2555 3482 2662 3521 non
2707 3483 2850 3523 nunc
2886 3479 3163 3539 postquam
3204 3469 3329 3524 facti
3380 3486 3588 3536 sumus,

2008 3557 2103 3614 sed
2141 3566 2266 3613 aute
2298 3556 2440 3626 jacta
2487 3556 2830 3613 fundamenta
2875 3560 3078 3623 mundi,
3110 3561 3247 3615 sicut
3268 3560 3383 3630 ipse
3412 3560 3585 3615 dicit:

2018 3649 2209 3719 Venite,
2259 3649 2503 3705 benedicti
2544 3650 2716 3706 Patris
2758 3652 2877 3716 mei,
2919 3652 2971 3704 in
3000 3650 3340 3706 hereditatem
3378 3652 3592 3721 accipito

2011 3751 2351 3811 praeparatum
2381 3740 2518 3795 vobis
2559 3756 2768 3810 regnum
2811 3749 2930 3796 ante
2964 3741 3373 3796 constitutionem
3412 3742 3592 3794 mundi

2011 3833 2223 3905 (Matth.
2250 3834 2339 3889 25.
2365 3834 2478 3904 54).
2503 3833 2637 3889 Vide
2662 3834 3041 3906 benignitatem
3064 3836 3293 3903 Domini,
3319 3835 3590 3906 quomodo

2006 3934 2289 3995 antequam
2310 3923 2631 3980 formaretur
2651 3924 2901 3991 mundus,
2925 3934 2979 3981 et
3001 3926 3381 3995 produceretur
3404 3925 3586 3993 homo,

2007 4015 2214 4073 inﬁnita
2246 4016 2344 4086 ipsi
2387 4017 2525 4071 bona
2553 4015 2933 4085 praeparaverit
2969 4032 2983 4069 :
3015 4017 3307 4073 ostendens
3332 4028 3587 4087 quantam

2007 4109 2175 4164 nostri
2203 4108 2415 4180 generis
2443 4109 2829 4181 providentiam
2849 4117 3021 4180 gerat,
3053 4118 3108 4164 et
3134 4125 3193 4164 se
3216 4110 3452 4164 omnium
3495 4124 3589 4166 sa-

2009 4206 2174 4262 lutem
2196 4205 2352 4261 velle.

2086 4296 2207 4352 Non
2236 4306 2460 4351 nostram
2500 4294 2685 4361 solum,
2717 4294 2807 4349 sed
2837 4301 2883 4347 et
2920 4293 3140 4347 aliorum
3176 4293 3392 4347 salutem
3412 4309 3596 4350 curare

2009 4386 2565 4445 debemus.—Talem
2607 4385 2765 4454 igitur
2813 4383 3068 4439 habentes
3122 4383 3426 4452 Dominum,
3482 4393 3591 4441 tam

2009 4479 2427 4544 misericordem,
2460 4486 2567 4533 tam
2593 4476 2900 4546 benignum,
2930 4483 3036 4529 tam
3067 4484 3427 4542 mansuetum,
3469 4489 3589 4529 cmn

2008 4580 2227 4636 nostrae,
2259 4579 2368 4625 tum
2404 4569 2623 4623 fratrum
2653 4576 2955 4622 nostrorum
2984 4567 3169 4621 salutis
3213 4581 3395 4621 curam
3434 4583 3583 4637 gera-

2009 4681 2147 4721 mus.
2178 4664 2308 4719 Nam
2339 4672 2393 4718 et
2418 4662 2520 4717 hoc
2556 4669 2752 4716 nostra:
2795 4659 2982 4715 salutis
3009 4669 3379 4729 argumentum
3409 4660 3510 4714 erit
3534 4671 3591 4717 et

2008 4757 2240 4822 occasio,
2271 4755 2316 4809 si
2358 4770 2465 4809 non
2490 4753 2660 4809 solum
2689 4766 2783 4821 pro
2810 4751 2963 4806 nobis
2989 4750 3118 4820 ipsis
3145 4750 3381 4816 solliciti,
3415 4751 3509 4808 sed
3537 4759 3588 4807 et

2010 4849 2252 4919 proximo
2294 4846 2450 4901 utiles
2491 4844 2765 4907 fuerimus,
2806 4852 2859 4897 et
2887 4842 3057 4912 ipsum
3083 4840 3149 4896 ad
3178 4841 3317 4895 viam
3348 4842 3587 4897 veritatis

2008 4943 2350 4997 deducamus.
2407 4937 2475 4992 Et
2523 4946 2579 4991 ut
2618 4935 2793 4991 discas
2832 4942 3088 5005 quantum
3134 4933 3332 4989 bonum
3362 4934 3430 4987 sit
3469 4949 3591 4987 cum

2009 5042 2192 5088 nostra
2219 5031 2443 5085 aliorum
2465 5029 2624 5083 etiam
2646 5028 2874 5083 salutem
2898 5025 3113 5090 lucrari,
3132 5025 3252 5078 audi
3279 5023 3593 5094 prophetam

2007 5141 2077 5181 ex
2108 5138 2332 5196 persona
2361 5121 2453 5176 Dei
2479 5120 2743 5176 dicentem
2779 5137 2792 5172 :
2822 5118 2924 5185 Qui
2949 5117 3113 5171 educit
3138 5117 3408 5186 pretiosum
3433 5131 3464 5168 a
3484 5115 3591 5180 vili,

2006 5220 2148 5292 quasi
2176 5235 2232 5274 os
2273 5232 2439 5271 meum
2487 5216 2578 5270 erit
2622 5212 2754 5286 (Jer.
2785 5212 2871 5267 15.
2903 5211 3013 5281 19).
3041 5208 3178 5276 Quid
3208 5208 3309 5263 hoc
3337 5218 3420 5263 est
3445 5207 3470 5260 ἲ
3492 5207 3591 5275 Qui

2071 5381 2086 5410 ι
2124 5385 2250 5425 Unus
2271 5373 2573 5423 Colbertinus
2595 5369 2753 5418 codex
2785 5368 2936 5417 habet
2955 5377 3139 5424 vocem,
3165 5362 3485 5413 administrat.
3508 5362 3590 5411 Alii

2007 5424 2178 5488 omnes
2200 5450 2306 5486 cum
2331 5435 2447 5501 editi
2467 5441 2567 5501 tum
2593 5424 3148 5501 Mss._ferunt_,_.wdiﬁcet.
3162 5425 3456 5501 Salve-Ian}

2007 5486 2267 5550 lectionem
2281 5496 2542 5546 Colbertini
2561 5495 2743 5543 Codicis
2764 5486 3008 5557 existi'mo.
3022 5486 3292 5557 Secundum
3312 5486 3455 5557 aliam
3477 5498 3598 5534 vero

2009 5547 2268 5611 lectionem
2292 5572 2388 5608 non
2412 5564 2570 5618 potest
2591 5555 2833 5618 sentem“
2856 5551 3109 5618 quadrare
3155 5556 3272 5597 Num
3292 5547 3594 5618 malum”!

2172 5620 2369 5685 domum
2391 5608 2678 5685 consistere,
2700 5608 3033 5685 nisi_adsit_qui
3060 5609 3189 5685 illam
3209 5608 3488 5685 cetastruttttt
3507 5609 3601 5685 llic

2009 5670 2073 5732 ae
2092 5684 2234 5732 domo
2244 5681 2343 5743 iam
2365 5687 2545 5730 structa
2566 5670 2743 5742 agitur,
2764 5678 2847 5726 ubi
2873 5670 3033 5724 nullus
3055 5670 3178 5723 ultra
3190 5670 3488 5723 architectus
3508 5671 3597 5720 de-

2012 5743 2269 5794 sideratur.
