4018 6136
369 249 461 302 '57
1212 242 1267 298 S.
1306 239 1590 295 JUANNIS
1626 231 2117 293 CIIRYSOSTOMI
2157 230 2475 291 AKCHIEP.
2515 235 3062 294 CONSTANTINOP.
3770 238 3844 292 38

393 361 551 432 φησὶ,
580 356 952 430 χειραγωγῶν,
989 358 1021 427 ἢ
1052 356 1162 409 ἀπὸ
1190 356 1286 425 τῆς
1313 355 1507 417 κακίας
1537 352 1671 425 πρὸς
1707 352 1908 423 ἀρετὴν
1933 349 2053 419 ὁδη-

393 448 509 514 γῶν
536 447 626 500 τὸν
665 445 910 516 πλησίον,
946 443 1086 497 κατὰ
1110 442 1337 511 δύναμιν
1364 439 1710 512 ἀνθρωπίνην
1743 439 1842 508 ἐμὲ
1870 439 2055 509 μιμεί-

390 550 502 586 ται.
543 533 650 585 Καὶ
686 531 792 601 γὰρ
822 531 913 583 καὶ
942 529 1103 592 αὐτὸς
1139 528 1205 581 δι’
1239 528 1389 581 οὐδὲν
1419 527 1626 597 ἕτερον,
1657 524 1789 587 Θεὸς
1828 522 1925 586 ὢν,
1957 523 2057 593 τὴν

396 620 668 690 ἡμετέραν
695 617 861 671 ὑπέδυ
896 617 1096 688 σάρκα,
1140 616 1232 670 καὶ⁵
1258 614 1345 668 διὰ
1371 614 1470 682 τὴν
1514 610 1785 682 σωτηρίαν
1811 608 1907 664 τοῦ
1948 608 2057 661 τῶν

394 705 695 775 ἀνθρώπων
725 706 911 773 γένους
949 704 1167 772 γέγονεν
1193 701 1494 771 ἄνθρωπος.
1527 699 1637 752 Kal
1671 698 1723 751 τί
1769 696 1931 765 λέγω,
1959 694 2056 765 τὴν

395 793 669 863 ἡμετέραν
711 792 876 845 ὑπέδυ
906 792 1104 862 σάρκα,
1149 789 1243 841 καὶ
1271 788 1336 841 τὰ
1363 787 1499 840 ἄλλα
1526 787 1703 841 πάντα
1746 784 1814 838 τὰ
1843 780 2055 854 ἀνθρώ-

395 896 527 932 πινα
560 880 871 950 ὑπέμεινεν,
902 879 1035 931 ὅπου
1074 892 1137 944 γε
1183 874 1277 928 καὶ
1318 872 1410 926 τὸν
1450 871 1680 942 σταυρὸν
1714 869 2054 935 κατεδέξατο,

396 965 484 1018 ’ίνα
516 966 662 1035 ἡμᾶς
687 966 813 1028 τούς
846 963 951 1017 ὐπὸ
991 961 1272 1034 ἁμαρτιῶν
1301 958 1720 1031 προδεδομένους
1759 957 1860 1027 τῆς
1890 954 2058 1009 κατά-

399 1067 494 1120 ρας
521 1050 895 1125 ἐλευθερώσῃς
920 1050 1027 1103 Καὶ
1050 1049 1145 1119 βοᾷ
1169 1046 1326 1101 τοῦτο
1349 1046 1555 1109 Παῦλος
1575 1046 1746 1113 λέγων
1766 1061 1779 1075 ·
1804 1042 2057 1112 Χριστός

396 1134 554 1204 ἡμᾶς
583 1135 958 1205 ἐξηγόρασεν
996 1135 1063 1187 ἐκ
1094 1133 1203 1200 τῆς
1234 1131 1493 1200 κατάρας
1519 1127 1625 1186 τοῦ
1655 1131 1862 1198 νόμου,
1891 1130 2059 1197 γενό-

395 1240 574 1292 μενος
604 1224 756 1290 ὑπὲρ
802 1220 969 1292 ήμῶν
994 1221 1240 1290 κατάρα.
1284 1221 1348 1273 Εἰ
1387 1219 1565 1272 τοίνυν
1605 1218 1787 1281 αὐτὸς,
1817 1216 1949 1279 Θεὸς
1984 1213 2058 1269 ὢν

398 1309 618 1380 καὶτῆς
662 1309 848 1373 οὐσίας
884 1309 1097 1379 ἐκείνης
1128 1308 1228 1378 τῆς
1271 1307 1581 1379 ἀπορῤήτου
1626 1305 1927 1375 τυγχάνων,
1972 1301 2061 1356 διά

401 1396 809 1472 φιλανθρωπίαν
831 1396 1038 1466 ἄφατον
1053 1395 1223 1450 ταῦτα
1246 1396 1461 1450 ἅπαντα
1483 1392 1804 1458 κατεδέξατο
1826 1392 1892 1448 δι’
1912 1392 2058 1461 ἡμᾶς

401 1484 494 1537 xal
519 1484 618 1555 τὴν
645 1484 917 1554 σωτηρίαν
943 1484 1045 1555 τὴν
1071 1482 1342 1554 ἡμετέραν
1364 1496 1378 1511 ⁸
1407 1480 1460 1534 τί
1485 1481 1585 1534 οὐκ
1601 1480 1667 1535 ἂν
1700 1479 1889 1549 εἴημεν
1910 1476 2060 1533 αὐτοὶ

401 1569 599 1624 δίκαιοι
626 1574 753 1643 περὶ
778 1573 903 1635 τούς
928 1574 1205 1643 ὁμογενεῖς
1229 1569 1594 1636 ἐπιδείξασθαι
1616 1566 1709 1622 xal
1734 1566 1801 1619 τὰ
1831 1564 1966 1635 μέλη
1992 1562 2060 1617 τά

401 1656 665 1726 ἡμέτερα,
699 1657 838 1711 ὥστε
888 1659 983 1712 καὶ
1021 1660 1121 1730 τῆς
1162 1656 1441 1727 φάρυγγος
1470 1654 1666 1717 αὐτοὺς
1699 1664 1726 1693 ει
1756 1652 2060 1722 ἐξαρπάσαι

400 1741 495 1794 τοῦ
523 1742 788 1810 διαϐόλου,
820 1745 915 1799 καὶ
944 1745 1080 1814 πρὸς
1121 1743 1218 1814 τὴν
1263 1743 1361 1813 τῆς
1396 1740 1598 1814 ἀρετῆς
1643 1739 1759 1793 ὁδὸν
1789 1754 2060 1808 χειραγω-

401 1827 602 1898 γῆσαιῖ
631 1826 782 1899 ’Όσῳ
825 1829 934 1901 γὰρ
980 1829 1127 1901 ψυχὴ
1174 1829 1423 1900 σώματος
1471 1827 1772 1899 κρείσσων,
1822 1823 2061 1893 τοσούτῳ

398 1914 509 1966 τῶν
545 1917 787 1986 χρήμασι
819 1914 1153 1987 βοηθούντων
1180 1919 1291 1979 τοῖς
1327 1915 1598 1986 δεομένοις
1629 1906 1771 1967 οὗτοι
1798 1909 2061 1983 μειζόνων

401 2000 676 2065 ἀξιοῦνται
703 2002 813 2055 τῶν
841 2003 1084 2074 ἀμοιϐῶν
1119 2004 1167 2057 οί
1202 2003 1290 2057 διὰ
1317 2003 1417 2073 τῆς
1444 2001 1816 2074 παραινέσεως
1843 1999 1935 2051 καὶ
1962 1997 2061 2068 τῆς

402 2090 658 2160 συνεχοῦς
676 2090 1018 2156 διδασκαλίας
1037 2093 1161 2156 τοὺς
1196 2090 1471 2164 ῥᾳθύμους
1489 2091 1583 2143 καὶ
1603 2084 2061 2150 ἀναπεπτωκότας

401 2176 689 2243 ἀνάγοντες
716 2177 810 2230 ἐπὶ
833 2177 932 2248 τὴν
959 2178 1173 2231 εὐθεῖαν
1204 2177 1344 2240 ὁδὸν,
1368 2177 1464 2230 καὶ
1496 2174 1801 2236 δεικνύντες
1829 2173 1928 2243 τῆς
1963 2171 2060 2243 μὲν

401 2264 598 2326 κακίας
627 2264 686 2318 τὸ
708 2264 961 2331 δυσειδὲς,
990 2265 1089 2335 τῆς
1110 2264 1167 2318 δὲ
1193 2264 1333 2320 κατὰ
1356 2264 1490 2318 Θεδν
1512 2262 1712 2334 ἀρετῆς
1738 2260 1836 2331 τὴν
1860 2258 2061 2330 πολλὴν

402 2349 702 2420 εὐμορφίαν
726 2351 774 2406 δ.

440 2460 501 2506 ε’.
517 2453 701 2508 Ταῦτα
715 2454 894 2509 τοίνυν
912 2456 1125 2510 ἄπαντα
1142 2454 1362 2521 εἰδότες,
1379 2454 1486 2526 πρὸ
1504 2453 1612 2509 τῶν
1622 2453 1794 2509 ἄλλων
1810 2453 2061 2507 ἁπάντων

401 2551 509 2605 τῶν
537 2551 805 2621 βιωτικῶν
835 2553 964 2625 περὶ
991 2553 1091 2624 τῆς
1122 2553 1262 2608 κατὰ
1293 2552 1470 2623 ψυχὴν
1499 2550 1771 2623 σωτηρίας
1804 2549 2060 2618 διαλεγώ-

404 2645 543 2715 μεθα
581 2644 694 2709 τοῖς
730 2644 990 2715 πλησίον,
1039 2645 1120 2709 είς
1161 2643 1365 2714 ταύτην
1399 2644 1595 2707 αὐτοὺς
1639 2644 1920 2713 ἐνάγοντες
1963 2641 2061 2710 τὴν

404 2742 691 2813 μέριμναν.
737 2742 1043 2813 Ἀγαπητδν
1095 2741 1233 2813 γὰρ,
1267 2740 1580 2814 ἀγαπητὸν,
1622 2740 1860 2811 συνεχῶς
1892 2739 2062 2794 ταῦτα

403 2835 768 2908 ἐνηχουμένην
803 2837 902 2908 τὴν
948 2836 1126 2910 ψυχὴν
1172 2835 1467 2906 δυνηθῆναι
1509 2837 1822 2904 ἀνενεγκεῖν
1856 2836 1922 2889 ἐκ
1963 2833 2063 2905 τῆς

403 2927 638 2982 ἀϐύσσου
666 2927 775 2983 τῶν
812 2916 998 2982 κακῶν
1024 2929 1135 2982 τῶν
1168 2930 1225 2981 ἐν
1251 2926 1330 2998 τῷ
1360 2926 1511 2999 μέσῳ
1544 2926 1944 2997 στρεφομένων,
1969 2925 2064 2978 καὶ

404 3015 783 3086 περιγενέσθαι
815 3017 914 3089 τῆς
950 3016 1060 3070 τῶν
1093 3016 1280 3071 παθῶν
1308 3014 1759 3079 ἐπαναστάσεως,
1806 3013 1948 3083 άπερ
1986 3012 2065 3065 δι-

401 3105 611 3177 ηνεκῶς
643 3105 920 3176 πολιορκεῖ
966 3105 1065 3175 τὴν
1106 3104 1376 3175 ἡμετέραν
1422 3103 1622 3174 ψυχήν.
1642 3102 1753 3155 Kal
1786 3100 1876 3154 διὰ
1904 3099 2064 3154 τοῦτο

400 3192 558 3262 χρεία
580 3194 709 3263 ἡμῖν
753 3191 953 3262 πολλῆς
977 3191 1076 3261 τῆς
1104 3191 1430 3260 ἀγρυπνίας,
1468 3190 1656 3259 ἐπειδὴ
1687 3190 1779 3243 καὶ
1812 3187 2064 3258 διηνεκὴς

401 3279 533 3349 ἡμῖν
565 3279 710 3331 ἐστιν
741 3279 769 3330 ό
791 3277 1043 3349 πόλεμος.
1074 3278 1168 3330 καὶ
1197 3277 1486 3349 ἀνακωχὴν
1507 3276 1759 3330 οὐδέποτε
1788 3274 1927 3346 ἔχων
1946 3291 1959 3306 ο
1983 3274 2064 3327 διδ

404 3365 497 3417 καὶ
536 3364 745 3427 Παῦλος
772 3363 954 3431 ἔλεγεν
991 3364 1256 3432 Ἐφεσίοις
1283 3362 1541 3434 γράφων*
1574 3363 1693 3417 οὐκ
1723 3363 1892 3416 ἐστιν
1917 3360 2064 3431 ἡμῖν

403 3454 442 3519 ἡ
466 3452 628 3518 πάλη
661 3451 810 3520 πρὸς
831 3447 975 3520 αἷμα
998 3451 1094 3505 καὶ
1126 3451 1341 3520 σάρκα,
1370 3449 1531 3505 ἀλλὰ
1549 3448 1699 3518 πρὸς
1724 3448 1830 3516 τὰς
1852 3448 2061 3518 ἀρχὰς,

405 3536 521 3609 [20]
552 3537 702 3605 πρὸς
735 3539 840 3604 τὰς
870 3537 1176 3604 ἐξουσίας,
1219 3538 1367 3606 πρὸς
1397 3536 1539 3603 τοὺς
1579 3534 2062 3605 κοσμοκράτορας

404 3625 510 3678 τοῦ
549 3625 811 3690 σκότους
841 3622 948 3678 τοῦ
975 3622 1189 3691 αἰῶνος
1229 3623 1464 3688 τούτου,
1499 3621 1649 3692 πρὸς
1697 3621 1770 3676 τὰ
1803 3637 2063 3692 πνευμα-

403 3710 537 3765 τικὰ
560 3709 670 3779 τῆς
691 3711 984 3781 πονηρίας
1003 3711 1074 3766 ἐν
1097 3711 1219 3779 τοῖς
1240 3711 1638 3780 ἐπουρανίοις.
1668 3710 1759 3782 Μὴ
1782 3711 2060 3782 νομίσητε,

404 3797 558 3866 φησὶ,
580 3798 670 3851 τὸν
693 3798 923 3869 τυχόντα
941 3800 1075 3870 ἡμῖν
1105 3799 1423 3872 προκεῖσθαι
1451 3797 1637 3867 ἀγῶνα
1658 3814 1672 3829 ·
1690 3798 1753 3851 οὐ
1774 3796 1910 3868 πρὸς
1934 3798 2063 3869 ὁμο-

403 3886 578 3953 γενεῖς
602 3887 730 3957 ἡμῖν
760 3888 908 3941 ἐστιν
945 3889 979 3958 ἡ
1009 3888 1175 3958 πάλη,
1199 3887 1320 3941 οὐδὲ
1346 3887 1529 3958 ἐξίσης
1557 3888 1689 3957 ἡμῖν
1721 3888 1837 3939 ἐστι
1864 3886 1932 3939 τὰ
1961 3886 2063 3956 τῆς

405 3974 777 4046 παρατάξεως.
827 3974 939 4028 Kal
969 3975 1076 4047 γὰρ
1124 3974 1333 4046 σώματι
1392 3972 1895 4043 συμπεπλεγμένοι,
1941 3977 2063 4038 ταῖς

399 4060 711 4132 ἀσωμάτοις
744 4061 994 4115 παλαίειν
1024 4061 1284 4132 δυνάμεσι
1308 4060 1787 4132 προστετάγμεθα·
1822 4060 1957 4114 ἀλλὰ
1985 4062 2060 4133 μὴ

399 4147 644 4217 δείσητε’
681 4150 731 4201 εί
759 4148 866 4219 γὰρ
898 4148 992 4201 καὶ
1044 4147 1329 4218 ἀνώμαλος
1369 4151 1404 4218 ἡ
1447 4148 1628 4220 μάχη,
1676 4145 1812 4201 ἀλλὰ
1851 4148 2060 4221 μεγάλη

394 4233 506 4288 τῶν
551 4234 731 4288 ὃπλων
777 4234 884 4287 τῶν
925 4233 1208 4305 ἡμετέρων
1257 4236 1291 4305 η
1327 4233 1575 4304 δύναμις.
1630 4235 1909 4305 Ἐπήγαγε
1951 4236 2061 4308 γὰρ

392 4322 681 4394 μονονουχὶ
711 4320 905 4390 λέγων,
936 4320 1123 4391 ἐπειδὴ
1152 4319 1351 4388 ἔγνωτε
1384 4321 1495 4373 τῶν
1533 4321 1805 4393 πολεμίων
1835 4321 1933 4394 τὴν
1956 4324 2059 4394 φύ.

403 4427 507 4475 σιν,
534 4409 609 4481 μὴ
638 4409 1005 4481 καταπέσητε,
1038 4408 1172 4480 μηδὲ
1198 4409 1510 4481 ναρκήσητε
1547 4409 1683 4482 πρὸς
1715 4409 1812 4481 τὴν
1846 4411 2054 4481 πάληνο

390 4498 539 4552 ἀλλά
569 4498 669 4551 Διὰ
698 4497 872 4552 τοῦτο
901 4497 1229 4553 ἀναλάϐετε
1250 4496 1364 4566 τὴν
1388 4498 1732 4554 πανοπλίαν
1752 4498 1857 4554 τοῦ
1887 4500 2055 4566 Θεοῦ,

386 4583 550 4651 ,πρὸς
583 4583 649 4637 τὸ
686 4584 981 4639 δύνασθαι
1007 4582 1163 4654 ὑμᾶς
1192 4584 1410 4654 στῆναι
1438 4587 1586 4653 πρὸς
1621 4586 1725 4652 τὰς
1747 4586 2049 4656 μεθοδείας

389 4669 506 4724 ,τοῦ
537 4668 835 4724 διαϐόλου.
859 4669 1062 4724 Πολλαὶ
1095 4669 1203 4741 γὰρ
1230 4682 1251 4709 ο
1282 4675 1336 4724 αἱ
1369 4671 1554 4724 τούτου
1589 4672 1880 4742 μεθοδεῖαι,
1913 4674 2056 4727 τοῦτ’

402 4756 548 4810 ἔστιν
573 4756 700 4821 ὁδοὶ,
720 4757 787 4810 δι’
807 4752 882 4811 ὧν
909 4755 1280 4821 ὑποσκελίζειν
1303 4759 1573 4828 ἐπιχειρεῖ
1606 4759 1733 4822 τούς
1757 4759 2059 4832 ῥᾳθυμοτέ-

399 4860 554 4916 ρους,
586 4843 679 4897 καὶ
701 4843 782 4896 δεῖ
807 4842 1009 4907 ταύτας
1036 4842 1279 4916 ἀκριϐῶς
1308 4843 1654 4910 ἐπίστασθαι,
1688 4844 1828 4901 ὥστε
1862 4845 2056 4917 διαφυ-

404 4932 518 4999 γεῖν
546 4930 709 4985 αὐτοῦ
750 4930 850 4996 τὰς
877 4930 1068 4996 λαϐὰς,
1102 4932 1195 4985 καὶ
1227 4930 1497 5003 μηδεμίαν
1525 4930 1673 5002 αὐτῷ
1708 4933 2056 5005 παρείσδυσιν

396 5015 641 5085 ἀφιέναι,
666 5017 802 5072 ἀλλὰ
827 5019 922 5072 καὶ
945 5017 1189 5088 γλώττης
1218 5018 1500 5088 ἀκρίϐειαν
1523 5018 1938 5086 ἐπιδείκνυσθαι,
1962 5021 2056 5074 καὶ

392 5102 689 5173 ὀφθαλμῶν
744 5104 1078 5173 ἀσφάλειαν,
1125 5104 1220 5158 καὶ
1251 5104 1487 5168 διανοίας
1537 5105 1920 5177 καθαρότητα,
1965 5108 2057 5160 καὶ

386 5188 660 5259 διηνεκῶς
692 5190 981 5259 ἐναγώνιον
1003 5187 1163 5255 εἶναι,
1202 5192 1454 5261 καθάπερ
1487 5190 1676 5263 θηρίου
1703 5192 1847 5256 τινὸς
1879 5193 2058 5267 ἐπιόν-

400 5294 508 5341 τος,
548 5277 641 5332 καὶ
662 5277 1001 5347 λυμήνασθαι
1034 5280 1163 5349 ἡμῖν
1192 5277 1612 5351 ἐπιχειροῦντος.
1647 5280 1746 5332 Διά
1772 5280 1879 5352 γὰρ
1898 5281 2057 5336 τοῦτο

388 5364 491 5421 καὶ
516 5366 548 5434 ἡ
583 5364 965 5436 οὐρανομήκης
993 5366 1174 5438 ἐκείνη
1202 5367 1366 5439 ψυχὴ,
1404 5368 1433 5421 ὁ
1467 5366 1573 5420 τῶν
1603 5366 1771 5420 ἐθνῶν
1805 5366 2056 5421 διδάσκα-

394 5450 506 5517 λος,
540 5452 571 5521 ἡ
607 5449 822 5519 γλῶττα
852 5451 948 5521 τῆς
978 5453 1322 5523 οἰκουμένης,
1361 5455 1391 5507 ό
1422 5453 1563 5525 ὑπὲρ
1599 5453 1699 5524 τῆς
1735 5453 1845 5506 τῶν
1876 5452 2055 5523 μαθη-

456 5607 483 5637 ⁸
505 5608 587 5655 Sic
606 5606 757 5657 Savil.
781 5607 907 5669 Reg.
929 5614 980 5656 cl
999 5607 1230 5669 Coislin.;
1259 5608 1409 5657 Morel
1424 5645 1437 5657 .
1458 5607 1621 5658 αὐτοῦ.

457 5670 484 5707 b
501 5670 731 5731 Quinque
756 5682 870 5719 mss.
895 5670 979 5717 τὴν
1005 5671 1181 5728 πολλήν
1206 5671 1421 5720 εὐωδίαν.
1448 5670 1577 5721 Infra
1606 5670 1805 5722 Cuislin.
1829 5676 1912 5730 τῆς
1930 5670 2053 5721 κατὰ

388 5729 547 5792 Ψυχὴν
565 5729 745 5792 ἀρεέἤς-

461 5789 487 5817 δ
507 5789 707 5841 (Συίὲίὶη.
721 5791 880 5856 ,πόσαι
915 5789 1021 5853 γάρ.

2164 348 2466 418 τευομένων
2500 352 2773 422 σωτηρίας
2811 352 3025 406 ἅπαντα
3057 352 3595 423 πραγματευόμενος,
3633 350 3841 416 εἰπὼν,

2174 435 2527 490 Ἀναλάόετε
2554 437 2668 506 τὴν
2685 441 3032 494 πανοπλίαν
3046 438 3149 494 τοῦ
3173 438 3341 505 Θεοῦ,
3372 439 3531 493 πάλιν
3555 441 3841 510 ἐπήγαγε,

2163 520 2426 575 πάντοθεν
2461 525 2611 593 ἡμᾶς
2649 526 3030 597 περιφράττων
3053 566 3068 591 ,
3104 526 3198 579 καὶ
3229 524 3561 596 ἀχειρώτους
3598 527 3842 598 ἐργαζό-

2166 624 2344 677 μενος,
2396 609 2538 663 οὐτω
2583 610 2756 680 λέγων
2775 629 2789 643 ’
2842 612 3030 681 Στῆτε
3078 608 3192 668 οὖν
3230 610 3680 682 περιεζωσμένοι
3714 610 3842 681 τὴν

2164 695 2366 765 ὀσφὺν
2399 697 2570 767 ὑμῶν
2595 699 2666 752 ἐν
2696 699 2964 767 ἀληθείᾳ,
3004 702 3101 756 καὶ
3136 699 3534 769 ἐνδυσάμενοι
3574 699 3686 753 τὸν
3722 699 3840 754 θώ-

2155 798 2315 849 ρακα
2343 782 2456 851 τῆς
2482 785 2740 852 πίστεως
2761 783 2810 852 ἀ,
2852 788 2948 841 καὶ
2983 786 3433 856 ὑποδησάμενοι
3457 787 3597 852 τοὺς
3635 785 3840 853 πόδας

2161 869 2232 922 ἐν
2250 870 2562 940 ἑτοιμασίᾳ
2580 872 2687 925 τοῦ
2714 876 3066 943 εὐαγγελίου
3095 873 3206 942 τῆς
3225 863 3489 944 εἰρήνης,
3512 873 3611 927 ἐπὶ
3634 871 3838 928 πᾶσιν

2163 956 2568 1026 ἀναλαϐόντες
2592 960 2701 1013 τὸν
2744 962 2959 1029 θυρεὸν
2995 960 3105 1029 τῆς
3135 961 3413 1026 πίστεως,
3449 961 3519 1015 ἐν
3554 954 3603 1027 ᾧ
3646 959 3840 1027 δυνή-

2162 1048 2347 1100 σεσθε
2378 1045 2577 1101 πάντα
2609 1048 2680 1103 τὰ
2700 1048 2860 1115 ,ϐέλη
2888 1048 2994 1103 τοῦ
3023 1049 3290 1118 πονηροῦ
3326 1048 3398 1102 τὰ
3430 1047 3837 1116 πεπυρωμένα

2162 1132 2397 1197 σϐέσαι,
2425 1133 2523 1187 καὶ
2558 1133 2673 1202 τὴν
2703 1136 3171 1203 περικεφαλαίαν
3189 1135 3296 1189 τοῦ
3327 1134 3622 1203 σωτηρίου
3649 1134 3835 1199 δέξα-

2162 1221 2292 1282 σθε,
2326 1220 2426 1273 καὶ
2454 1219 2570 1289 τὴν
2588 1221 2890 1290 μάχαιραν
2911 1221 3017 1275 τοῦ
3051 1223 3411 1291 Πνεύματος,
3450 1223 3484 1276 ὅ
3507 1223 3637 1276 ἐστι
3660 1220 3837 1289 ῥῆμα

2165 1306 2332 1360 Θεοῦ.
2352 1302 2506 1370 Εἶδες
2533 1309 2709 1361 πάντα
2729 1308 2796 1361 τὰ
2828 1308 2963 1379 μέλη
2991 1308 3137 1372 ὅπως
3167 1307 3518 1380 περιέφραξε,
3535 1307 3836 1362 καικαθά-

2165 1409 2270 1463 περ
2301 1410 2385 1457 τις
2414 1395 2495 1456 είς
2523 1393 2757 1464 πόλεμόν
2784 1410 2905 1448 τινα
2933 1394 3144 1465 μέλλων
3169 1395 3479 1472 ἐξαγαγεῖν,
3504 1394 3648 1449 οῦτω
3679 1394 3836 1466 πρῶ-

2162 1496 2255 1533 τον
2287 1479 2384 1550 μὲν
2412 1483 2479 1551 τῇ
2509 1479 2653 1551 ζώνῃ
2697 1481 3053 1550 ἠσφαλίσατο,
3086 1480 3228 1535 ῶστε
3256 1481 3474 1536 εὔκολον
3515 1478 3655 1536 εἶναι
3697 1483 3837 1552 ἡμῖν

2164 1567 2254 1620 τὸν
2282 1566 2501 1639 δρόμον,
2535 1566 2723 1620 ἔπειτα
2772 1567 2863 1622 τὸν
2892 1567 3118 1639 θώρακα
3146 1569 3390 1622 ἐνέδυσεν
3411 1609 3426 1635 ,
3472 1569 3560 1622 ἴνα
3602 1568 3681 1640 μὴ
3725 1568 3838 1621 ὑπὸ

2164 1653 2272 1706 τῶν
2319 1653 2488 1724 βελῶν
2515 1654 2899 1727 πληττώμεθα,
2945 1655 3040 1710 καὶ
3085 1656 3212 1720 τούς
3256 1657 3418 1720 πόδας
3469 1656 3833 1726 ἠσφαλίσατο,

2165 1740 2260 1793 καὶ
2288 1741 2620 1810 πανταχόθεν
2643 1744 2708 1812 τῇ
2731 1742 2910 1795 πίστει
2929 1743 3321 1814 περιέφραξεν;
3348 1743 3492 1814 Αὕτη
3514 1743 3643 1814 γὰρ,
3662 1744 3833 1813 αὕτη,

2166 1827 2320 1898 φησι,
2350 1829 2446 1882 καὶ
2473 1827 2542 1881 τὰ
2571 1828 2698 1899 βέλη
2728 1827 2820 1882 τοῦ
2857 1830 3093 1901 πονηροῦ
3129 1829 3195 1882 τὰ
3228 1830 3599 1901 πεπυρωμένα
3637 1828 3832 1882 σϐέσαι

2164 1913 2470 1986 δυνήσεται.
2500 1915 2634 1969 Τίνα
2679 1914 2739 1969 δέ
2771 1917 2886 1969 ἐστι
2927 1915 3021 1971 τοῦ
3054 1916 3299 1971 διαϐόλου
3346 1916 3414 1970 τά
3445 1916 3606 1987 βέλης
3637 1916 3706 1968 Δί
3736 1933 3833 1969 πο-

2164 2001 2327 2072 νηραὶ
2369 2000 2677 2072 ἐπιθυμίαι,
2707 2002 2756 2054 οἱ
2802 2001 3102 2074 ἀκάθαρτοι
3147 2003 3414 2074 λογισμοὶ,
3446 2002 3517 2057 τά
3562 2002 3713 2072 πάθη
3762 2001 3832 2054 τὰ
3906 1998 3913 2005 ’

2163 2086 2407 2158 ὀλέθρια,
2446 2088 2638 2158 θυμὸς,
2672 2087 2974 2158 βασκανία,
3003 2089 3222 2160 φθόνος,
3263 2090 3432 2162 ὀργὴ,
3470 2091 3655 2160 μῖσος.
3688 2105 3830 2159 χρηο

2169 2174 2354 2243 μάτων
2398 2173 2661 2245 ἐπιθυμία
2707 2176 2800 2229 καὶ
2845 2178 2878 2246 ἡ
2920 2176 3052 2247 άλλη
3084 2176 3270 2231 ἆπασα
3304 2176 3564 2248 ῥᾳθυμία.
3605 2174 3830 2239 Ταῦτα,

2167 2259 2352 2330 φησὶν,
2388 2262 2603 2315 ἅπαντα
2633 2260 2825 2316 σϐέσαι
2855 2262 3144 2333 δυνήσεται
3167 2265 3202 2333 ἡ
3249 2264 3492 2334 μάχαιρα
3528 2261 3622 2314 τοῦ
3659 2261 3831 2314 Πνεύ-

2169 2364 2358 2418 ματος.
2398 2348 2510 2403 Kal
2550 2349 2603 2403 τί
2645 2348 2789 2418 λέγω
2832 2349 3055 2416 σϐέσαι;
3104 2349 3214 2403 Kal
3245 2349 3342 2420 τὴν
3383 2348 3622 2419 κεφαλὴν
3661 2347 3831 2417 αὐτὴν

2165 2435 2259 2487 τοῦ
2286 2434 2544 2506 πολεμίου
2570 2436 2865 2507 ἀποτεμεῖν
2891 2435 3199 2507 δυνήσεται.
3228 2431 3381 2500 Εἶδες
3412 2435 3527 2499 πῶς
3557 2434 3829 2504 ἐνεύρωσε

2164 2521 2291 2583 τοὺς
2321 2520 2829 2593 μαθητευομένους;
2868 2522 2987 2586 πῶς
3024 2522 3195 2594 κηροῦ
3226 2522 3642 2593 μαλακωτέρους
3671 2520 3829 2583 ὄντας

2167 2607 2385 2679 σιδήρου
2419 2609 2804 2682 στερροτέρους
2841 2611 3167 2682 είργάσατος
3218 2610 3433 2681 Ἐπειδὴ
3466 2608 3576 2678 γὰρ
3600 2609 3740 2679 ἡμῖν
3770 2609 3829 2661 οὐ

2167 2694 2302 2766 πρὸς
2331 2690 2468 2766 αἷμα
2492 2697 2588 2750 κα)⁸
2616 2696 2794 2768 σάρκα
2817 2697 2847 2750 ὁ
2874 2697 3125 2767 πόλεμος,
3154 2695 3291 2751 ἀλλὰ
3325 2696 3461 2768 πρὸς
3487 2695 3585 2758 τὰς
3607 2695 3833 2766 accupa-

2165 2798 2293 2844 τους
2323 2781 2600 2852 δυνάμεις,
2649 2783 2736 2837 διὰ
2768 2783 2927 2838 τοῦτο
2962 2784 3083 2838 οὐδὲ
3127 2782 3196 2838 τὰ
3246 2783 3386 2837 ὅπλα
3430 2785 3559 2855 ἡμῖν
3590 2782 3832 2854 σαρκικὰ

2168 2868 2511 2939 περιέθηκεν,
2540 2869 2677 2924 ἀλλὰ
2719 2870 2896 2925 πάντα
2944 2870 3325 2943 πνευματικὰ,
3356 2871 3451 2925 καλ⁸
3486 2869 3661 2933 οὕτως
3696 2871 3831 2923 ἀπο-

2169 2954 2471 3023 στίλϐοντα,
2516 2954 2657 3010 ὥστε
2691 2957 2824 3029 μηδὲ
2852 2958 2951 3029 τὴν
2990 2958 3056 3011 ἐκ
3106 2957 3310 3013 τούτων
3342 2958 3533 3029 αἴγλην
3582 2960 3826 3027 ἐνεγκεῖν

2165 3040 2425 3095 δύνασθαι
2455 3042 2549 3095 τὸν
2587 3043 2820 3113 πονηρὸν
2853 3044 3058 3098 ἐκεῖνον
3093 3044 3340 3115 δαίμονα.

2238 3144 2354 3218 [ει]
2373 3152 2433 3209 ς’.
2453 3144 2690 3200 Τοιαῦτα
2706 3145 2884 3200 τοίνυν
2899 3148 3039 3201 ὅπλα
3054 3149 3232 3204 ἐνδεδυ
3240 3149 3390 3220 μένοι
3420 3150 3497 3222 μὴ
3515 3150 3828 3222 φρίττωμεν

2165 3242 2264 3310 τὴν
2292 3241 2489 3313 πάλην,
2522 3242 2658 3313 μηδὲ
2696 3243 2795 3314 τὴν
2825 3244 3140 3317 συμπλοκὴν
3181 3247 3488 3318 φεύγωμεν,
3528 3247 3665 3302 ἀλλά
3692 3251 3828 3320 μηδέ

2169 3340 2519 3412 ρᾳθυμῶμεν.
2569 3341 2778 3413 Ὠσπερ
2816 3342 2923 3416 γάρ
2962 3344 3239 3415 νηφόντων
3271 3345 3428 3417 ήμῶν
3456 3346 3556 3399 οὐκ
3593 3346 3660 3400 ἀν
3700 3364 3828 3400 ποτε

2168 3437 2503 3509 περιγένοιτο
2537 3440 2566 3493 ό
2599 3439 2834 3510 πονηρὸς
2872 3440 3080 3512 δαίμων
3123 3443 3327 3505 ἐκεῖνος
3367 3443 3464 3515 τῆς
3498 3443 3606 3498 τῶν
3651 3443 3826 3498 ὅπλων

2166 3533 2465 3603 δυνάμεως,
2509 3535 2604 3590 ἐὰν
2651 3534 2965 3608 βουλώμεθα
3010 3537 3188 3610 ἄκυρα
3234 3540 3398 3593 αὐτοῦ
3447 3542 3670 3613 ποιῆσαι
3714 3542 3824 3595 ca:-

2169 3630 2534 3700 μηχανήματα
2554 3645 2567 3658 ’
2596 3629 2767 3696 οὕτως
2793 3631 2886 3688 ἐὰν
2916 3633 3266 3706 ῥαθυμῶμεν,
3290 3636 3439 3689 οὐδὲν
3471 3638 3601 3708 ἡμῖν
3635 3637 3823 3707 ὄφελος

2166 3724 2342 3790 ἔσται,
2370 3723 2466 3779 τοῦ
2516 3726 2772 3797 πολεμίου
2810 3728 2910 3798 τῆς
2956 3730 3228 3803 ἡμετέρας
3259 3732 3531 3804 σωτηρίας
3566 3735 3824 3805 διηνεκῶς

2165 3821 2550 3892 ἐγρηγορότος,
2581 3822 2678 3876 καὶ
2708 3823 2885 3877 πάντα
2915 3825 3056 3879 κατά
3086 3826 3185 3897 τῆς
3219 3828 3491 3900 σωτηρίας
3519 3829 3678 3900 ἡμῶν
3710 3831 3816 3883 δια-

2166 3909 2566 3979 πραττομένου.
2615 3911 2955 3981 Πανταχόθεν
2989 3913 3167 3966 τοίνυν
3210 3914 3519 3987 ὀπλίζωμεν
3561 3919 3821 3981 ἑαυτοὺς,

2167 3997 2258 4049 καὶ⁵
2305 3998 2566 4068 ῥημάτων
2618 3998 2942 4069 φειδόμενοι,
2987 4000 3082 4052 καὶ
3120 4002 3458 4073 πραγμάτων
3501 4003 3822 4075 ἀπεχόμενοι

2163 4093 2272 4146 τῶν
2307 4092 2561 4164 βλάπτειν
2612 4095 2760 4165 ἡμᾶς
2795 4094 3105 4165 δυναμένων
3126 4134 3141 4159 ,
3176 4098 3270 4150 καὶ
3307 4099 3443 4169 μετά
3474 4099 3572 4168 τῆς
3613 4099 3822 4171 ἀποχῆς

2162 4179 2273 4234 τῶν
2299 4180 2622 4251 βρωμάτων,
2646 4182 2740 4234 καὶ
2766 4184 2865 4251 τῆς
2888 4181 3052 4253 ἄλλης
3076 4183 3295 4255 ἀρετῆς,
3315 4185 3409 4238 καὶ
3427 4185 3525 4256 τὴν
3549 4187 3677 4257 περὶ
3703 4189 3821 4251 τοὺς

2164 4268 2402 4338 πένητας
2435 4267 2714 4338 δαψίλειαν
2753 4269 3219 4340 ἐπιδεικνυώμεθα
3250 4270 3296 4337 τ,
3338 4273 3537 4338 εἰδότες
3580 4274 3680 4345 ὅση
3726 4274 3821 4345 τῆς

2166 4354 2295 4426 περὶ
2332 4353 2553 4417 τούτους
2592 4355 2886 4426 θεραπίας
2934 4356 3067 4426 ἡμῖν
3111 4356 3350 4411 κείσεται
3388 4360 3422 4429 ἡ
3451 4360 3818 4425 άνταπόδοσις.

2174 4441 2239 4495 '0
2280 4440 2388 4510 γὰρ
2432 4438 2652 4506 ἐλεῶν,
2693 4445 2859 4512 φησι,
2901 4442 3168 4512 πτωχὸν,
3210 4443 3456 4505 δανείζει
3498 4444 3640 4515 Θεῷ.
3684 4448 3821 4519 Ὅρα

2161 4528 2373 4584 δανείου
2423 4528 2584 4598 φύσιν
2638 4527 2792 4599 ξένην
2848 4530 2940 4583 καὶ
2988 4529 3304 4602 παράδοξον.
3336 4534 3558 4603 Ἔτερός
3609 4536 3755 4590 ἐστιν
3793 4538 3820 4589 ὁ

2162 4618 2472 4690 λαμϐάνων,
2520 4617 2615 4670 καὶ
2660 4617 2844 4689 ἕτερος
2883 4620 2912 4670 ό
2947 4617 3025 4688 τῷ
3070 4618 3265 4690 δανείῳ
3297 4621 3488 4674 ἐαυτὸν
3528 4622 3819 4675 ὑπεύθυνον

2162 4704 2424 4767 καθιστάς
2442 4720 2455 4734 ’
2489 4704 2583 4756 καὶ
2608 4703 2668 4756 οὐ
2717 4704 2876 4757 τοῦτο
2904 4704 3083 4775 μόνον,
3124 4705 3236 4759 ἀλλ’
3278 4707 3357 4759 ὅτι
3387 4707 3479 4760 ἐπὶ
3502 4708 3694 4762 τούτου
3729 4709 3818 4762 τοῦ

2160 4792 2370 4847 δανείου
2401 4791 2502 4845 οὐκ
2531 4789 2676 4844 ἐστιν
2710 4791 3102 4863 ἀγνωμοσύνην
3131 4792 3447 4863 ὑποστῆναι,
3477 4795 3596 4848 οὐδὲ
3634 4797 3817 4868 ἑτέραν

2159 4879 2282 4933 τινὰ
2325 4877 2545 4948 ζημίαν.
2579 4877 2713 4931 Οὐδὲ
2764 4876 2904 4948 γὰρ,
2939 4878 3187 4951 καθάπερ
3218 4879 3483 4945 ἐνταῦθα,
3530 4883 3816 4954 ἑκατοστὴν

2164 4966 2323 5036 μόνον
2352 4964 2690 5034 ὑπισχνεῖται
2717 4962 2906 5017 δώσειν
2927 4966 2973 5032 ε,
3000 4964 3136 5018 ἀλλὰ
3164 4967 3691 5021 ἑκατονταπλασίονα
3714 4969 3816 5023 τῶν

2159 5051 2472 5122 διδομένων,
2513 5050 2605 5103 καὶ
2636 5050 2756 5104 οὐδέ
2786 5050 2948 5121 μέχρι
2979 5050 3170 5106 τούτου
3211 5053 3445 5120 ἵσταται,
3476 5054 3612 5108 ἀλλὰ
3653 5055 3815 5110 ταῦτα

2164 5140 2259 5209 μὲν
2282 5140 2339 5192 ἐν
2373 5135 2450 5207 τῷ
2473 5138 2722 5208 παρόντι,
2744 5138 2837 5191 καὶ
2875 5140 2931 5191 ἐν
2956 5136 3034 5208 τῷ
3064 5138 3312 5207 μέλλοντι
3340 5140 3393 5192 δὲ
3421 5139 3564 5211 ζωὴν
3586 5143 3811 5197 αἰώνων.

2161 5225 2269 5278 Kal
2298 5221 2390 5278 ἐπὶ
2447 5223 2546 5294 μὲν
2577 5223 2671 5277 τοῦ
2723 5225 2986 5295 παρόντος
3019 5225 3133 5295 βίου
3180 5228 3231 5281 εί
3267 5245 3350 5292 τις
3395 5230 3525 5299 ἡμῖν
3559 5229 3814 5300 ὑπέσχετο

2158 5313 2476 5367 διπλασίονα
2510 5312 2811 5384 μόνοντῶν
2857 5313 3146 5385 διδομένων
3179 5316 3268 5384 ὐφ’
3311 5316 3468 5387 ἡμῶν
3498 5320 3810 5388 παρασχεῖν,

2161 5402 2454 5474 προθύμως
2492 5401 2558 5456 ἂν
2583 5402 2799 5457 ἃπασαν
2826 5403 2983 5474 ἡμῶν
3016 5404 3112 5476 τὴν
3145 5405 3375 5478 ὕπαρξιν
3405 5407 3811 5479 προσηκάμεθα,

2223 5542 2249 5582 (ι
2270 5544 2469 5613 ρρὶδιὶη.
2493 5544 2573 5592 τὸν
2600 5545 2791 5608 θώρακα
2812 5551 2896 5613 τῆς
2921 5547 3237 5613 δικαιοσύνης.

2228 5618 2250 5644 c
2272 5606 2353 5653 Sic
2372 5607 2591 5665 quinque
2631 5606 2747 5655 mss.
2772 5612 2825 5656 et
2854 5610 3005 5658 Savil.
3035 5610 3202 5658 Morel.
3243 5627 3254 5655 :

2162 5667 2548 5731 βουλώμεθα,καί
2576 5668 2727 5731 ἀκυρα
2745 5668 2890 5717 αὐτοῦ
2918 5672 3176 5731 ποιήσομεν
3198 5671 3276 5718 τά.

2234 5728 2252 5792 ί
2276 5727 2488 5792 ρθιῒιετι.
2515 5727 2788 5792 ςιλίῖοἷδιὶιι.
2811 5727 3177 5792 ἐπιδεικνύμεθα.

2229 5790 2254 5830 5
2276 5789 2397 5852 Reg.
2428 5794 2482 5839 et
2503 5790 2700 5840 Coislin.
2725 5792 3017 5853 ὑπισχνεῖται
3049 5789 3198 5841 δόσιν.
3233 5792 3327 5842 Alii
3354 5792 3540 5843 δώσειν.

3303 5608 3556 5672 δυνάμεως,
3599 5611 3701 5660 ἀλλ’
3738 5611 3810 5661 ἐὰν

3956 1752 3966 1997 !

3951 2001 3966 2085 l

3958 2100 3966 2243 η

3960 5706 3966 5755 1
