4018 6136
379 248 450 305 37
508 247 512 250 ‘
1521 241 1584 297 lN
1623 242 1774 298 cur.
1818 240 2141 341 bestias.
2183 241 2412 299 noun.
2456 243 2541 301 lli.
3588 258 3657 315 δε

381 358 453 415 ab
476 370 659 414 errore
679 352 743 409 ad
759 352 1055 415 veritatem,
1073 349 1166 416 ait,
1189 351 1580 418 manuduserit,
1599 353 1680 408 vel
1701 369 1729 406 a
1749 361 1968 422 peccato

381 451 452 507 ad
483 456 731 504 virtutem
760 447 1060 517 proximum
1090 443 1376 507 induxerit,
1408 459 1504 514 pro
1532 445 1668 498 virili
1702 454 1849 514 parte
1870 445 1960 498 ltu-

382 546 540 598 mana
570 555 655 596 me
681 539 940 595 innitatur.
970 538 1178 594 Etenim
1201 537 1314 609 ipse
1339 551 1459 592 cum
1483 536 1622 594 Deus
1641 538 1727 599 sit,
1749 547 1968 607 pmpter

382 633 516 688 nihil
540 632 680 686 aliud
709 638 945 686 nostram
966 629 1139 684 induit
1165 642 1404 694 carnem,
1427 637 1484 682 et
1509 636 1726 699 propter
1750 627 1966 683 humani

380 723 595 793 generis
634 721 863 779 salutem
906 719 1077 775 factus
1102 729 1184 774 est
1222 717 1401 775 homo.
1433 717 1540 775 Sed
1579 719 1704 788 quid
1745 734 1847 789 ego
1872 734 1967 773 no-

380 823 548 868 stram
589 813 736 867 illum
764 811 1001 866 induisse
1042 825 1258 865 carnem
1287 809 1429 877 dico,
1466 819 1764 879 cmteraquo
1789 810 1966 864 omnia

379 904 705 959 sustinuisse
749 903 1002 967 humana,
1032 900 1245 971 quando
1280 901 1439 955 etiam
1467 914 1684 955 crucem
1712 900 1966 970 suscepit,

380 1006 435 1049 nt
457 1010 555 1050 nos
575 1001 794 1066 peccato
819 993 1079 1049 obnoxios
1101 1008 1130 1047 a
1156 992 1438 1048 maledicto
1464 993 1753 1048 liberaret?
1782 993 1848 1047 Et
1869 993 1969 1048 hoc

379 1102 592 1157 quoque
638 1085 831 1141 Paulus
880 1084 1095 1152 clamat,
1139 1084 1366 1139 dicens:
1418 1081 1644 1138 Christus
1690 1099 1781 1138 nos
1822 1084 1969 1138 rede-

380 1181 474 1232 mit
522 1196 556 1233 a
602 1178 869 1233 maledicto
915 1178 1059 1248 legis,
1103 1181 1266 1247 facitis
1316 1192 1407 1246 pro
1459 1174 1601 1230 nobis
1647 1175 1970 1230 maledictum

383 1269 525 1343 (Gal.
562 1272 615 1325 5.
644 1271 756 1341 l5).
784 1269 838 1325 Si
867 1269 1028 1340 igitur
1056 1269 1189 1339 ipse,
1212 1269 1301 1339 qui
1333 1268 1471 1323 Deus
1499 1277 1582 1323 est
1605 1278 1660 1323 et
1688 1268 1969 1324 ineﬂ'abilis

382 1363 666 1429 essentne,
712 1361 783 1418 ob
835 1361 1217 1432 benignitatem
1260 1361 1579 1417 ineil‘abilem
1631 1361 1746 1420 lucc
1792 1362 1969 1419 omnia

382 1462 604 1522 prepter
646 1467 747 1509 nos
788 1461 842 1507 et
879 1462 1097 1522 propter
1138 1452 1364 1508 salutem
1405 1461 1643 1509 nostram
1686 1456 1964 1525 suscepit:

383 1544 513 1614 quid
543 1559 648 1598 non
696 1558 727 1598 a
779 1543 933 1600 uobis
960 1559 1172 1615 aequum
1199 1553 1281 1600 est
1305 1552 1561 1615 praestare
1584 1560 1710 1616 erga
1734 1560 1848 1612 eos,
1880 1547 1968 1616 qui

382 1638 593 1706 cognati
620 1644 745 1691 sunt
768 1651 832 1692 ac
852 1636 1087 1692 membra
1119 1645 1321 1700 nostra,
1345 1646 1402 1691 ut
1427 1648 1642 1707 ereptos
1658 1653 1751 1694 eos
1774 1653 1840 1693 ex
1859 1638 1972 1693 dia-

384 1725 491 1781 buli
538 1724 799 1793 faucibus,
831 1726 883 1780 in
914 1726 1050 1781 viam
1093 1726 1309 1780 virtutis
1337 1725 1697 1782 inducamus?
1737 1727 1870 1782 Nam
1915 1736 1973 1783 ut

386 1817 563 1871 anima
603 1829 831 1887 corpore
858 1816 1194 1886 praestantior
1221 1825 1322 1882 est,
1355 1817 1427 1873 ita
1459 1818 1541 1883 iis,
1567 1819 1656 1888 qui
1686 1818 1966 1889 indigenti-

386 1910 487 1967 bus
530 1910 790 1985 pecunias
836 1918 891 1966 et
933 1909 1209 1965 facultates
1260 1910 1628 1981 suppeditant,
1682 1912 1972 1981 majoribus

384 2003 621 2072 prmmiis
664 1998 811 2074 digni
858 2011 983 2058 sunt
1022 2001 1082 2069 ii,
1125 2002 1214 2073 qui
1259 2001 1600 2058 admonendo
1633 2010 1688 2057 et
1718 2002 1969 2060 continue

385 2094 630 2151 ducendo
655 2095 708 2150 in
736 2095 876 2150 viam
906 2104 1108 2150 rectam
1137 2094 1355 2165 supinos
1380 2103 1434 2149 et
1449 2094 1664 2151 desides
1692 2094 1969 2163 inducunt,

386 2184 737 2241 monstrando
764 2186 843 2240 eis
875 2194 932 2240 et
952 2185 1201 2239 vitiorum
1229 2183 1625 2240 deformitatem
1654 2224 1669 2251 ,
1700 2193 1755 2242 et
1775 2185 1971 2242 divinae

352 2277 599 2332 ‘virtutis
624 2291 870 2349 magnam
897 2274 1406 2348 pulchritudinem‘.

455 2371 509 2427 5.
543 2368 760 2425 Muralis
810 2369 1113 2425 exhortatio.
1158 2398 1229 2409 --
1273 2369 1397 2424 llaec
1436 2367 1594 2439 igitur
1625 2369 1801 2423 omnia
1840 2383 1961 2424 cum

381 2462 637 2529 sciamus,
664 2477 773 2533 pra:
797 2462 1043 2518 omnibus
1070 2462 1190 2517 aliis
1208 2461 1363 2531 hujus
1388 2461 1509 2516 vitae
1528 2461 1672 2516 curis
1701 2461 1769 2516 de
1795 2461 1968 2517 salute

383 2556 576 2610 anima:
608 2555 878 2625 proximos
917 2554 1269 2625 alloquamur,
1300 2552 1545 2609 eamdem
1575 2553 1678 2609 illis
1717 2553 1970 2608 sollicitu-

382 2647 564 2703 dinem
591 2647 912 2717 iugerentes.
943 2645 1197 2721 Optabile.
1214 2646 1355 2701 enim
1385 2685 1402 2712 ,
1434 2646 1662 2715 optabile
1695 2645 1868 2714 plane,
1914 2653 1974 2700 ut

384 2738 584 2803 anima,
617 2736 703 2792 cui
751 2735 866 2792 haec
903 2735 1157 2791 continuo
1206 2734 1559 2800 inculcantur,
1591 2734 1760 2805 possit
1788 2734 1972 2790 reduci

383 2841 455 2882 ex
493 2826 688 2897 abysso
714 2826 1002 2894 malorum,
1032 2825 1084 2880 in
1117 2840 1341 2896 quorum
1375 2824 1553 2880 medio
1598 2837 1894 2892 versamur,
1922 2833 1977 2881 et

384 2932 731 2988 compescere
772 2917 1056 2974 affectuum
1083 2957 1100 2984 ,
1145 2917 1234 2987 qui
1287 2925 1550 2987 perpetuo
1595 2915 1828 2971 animam
1881 2931 1978 2972 no-

387 3018 554 3064 stram
598 3008 872 3074 infestant,
915 3008 1279 3064 rebellionem.
1310 3006 1514 3062 Idcirco
1557 3007 1712 3062 nobis
1736 3022 1870 3078 opus
1895 3015 1979 3063 est

386 3114 581 3169 magna
621 3099 916 3170 vigilantia,
952 3099 1203 3170 quoniam
1242 3106 1295 3154 et
1335 3098 1648 3153 continuum
1691 3098 1847 3154 nobis
1893 3108 1978 3154 est

389 3192 614 3255 bellum,
658 3199 715 3246 et
761 3190 989 3246 induciae
1028 3190 1189 3245 nullae
1220 3207 1234 3243 :
1265 3188 1492 3260 ideoque
1528 3188 1726 3244 Paulus
1766 3189 1977 3246 dicebat

330 3320 338 3328 -
389 3286 637 3358 Ephesiis
677 3285 919 3342 scribens
960 3303 973 3340 :
1006 3284 1126 3340 Non
1152 3293 1223 3340 est
1256 3284 1400 3340 nobis
1429 3284 1718 3340 colluctatio
1738 3285 1978 3341 adversus

388 3380 685 3449 sanguinem
713 3388 759 3433 et
801 3395 1026 3446 carnem,
1051 3378 1142 3433 sed
1168 3378 1405 3451 adversus
1430 3377 1763 3449 principatus,
1792 3377 1974 3434 adver-

389 3489 475 3527 sus
494 3480 780 3542 potestates,
809 3470 1048 3527 adversus
1089 3469 1266 3524 mundi
1294 3471 1546 3536 dominos,
1577 3478 1792 3524 rectores
1837 3480 1977 3524 tene-

388 3563 594 3616 brarum
630 3564 801 3617 saeculi
829 3562 1003 3633 hujus,
1033 3561 1279 3615 adversus
1305 3559 1595 3633 spirituales
1636 3561 1880 3629 nequitias
1925 3562 1979 3616 in

389 3653 667 3707 eiulatibus
693 3651 907 3722 (Epltes.
941 3651 994 3706 6.
1026 3652 1142 3722 12).
1173 3650 1252 3706 Ne
1275 3650 1614 3718 existimetis,
1644 3651 1739 3717 ait,
1762 3651 1999 3722 vulgare

391 3742 545 3798 nobis
571 3751 840 3798 certamen
870 3743 1090 3811 proponi
1124 3758 1138 3795 :
1169 3756 1275 3796 non
1305 3740 1565 3796 adversus
1610 3740 1852 3810 ejusdem
1879 3756 1978 3812 ge-

390 3835 535 3889 neris
561 3833 900 3890 adversarios
928 3835 1080 3890 nobis
1106 3840 1190 3890 est
1212 3840 1508 3900 certamen,
1540 3848 1713 3904 neque
1738 3848 1804 3888 ex
1826 3847 1980 3903 aequo

395 3927 663 3982 exercitus
689 3934 873 3981 noster
900 3925 1192 3981 instructus
1221 3934 1324 3980 est.
1354 3924 1462 3980 Nos
1491 3925 1632 3980 enim
1667 3925 1757 3996 qui
1788 3939 1981 3995 corpo-

392 4018 541 4075 ribus
564 4034 751 4075 sumus
776 4019 997 4086 annexi,
1028 4019 1080 4073 in
1117 4032 1234 4074 acte
1260 4017 1508 4073 collocati
1540 4031 1744 4084 sumus,
1777 4026 1833 4071 ut
1856 4032 1979 4074 cum

396 4109 731 4180 incorporeis
755 4109 1038 4165 virtutibus
1069 4109 1418 4179 conﬂigamus
1447 4124 1461 4161 :
1487 4107 1584 4163 sed
1610 4123 1679 4163 ne
1710 4107 1978 4163 timeatis:

393 4217 519 4257 nam
544 4201 671 4256 licet
697 4200 975 4271 inmqualis
1018 4198 1090 4254 sit
1128 4212 1325 4270 pugna,
1371 4212 1561 4268 magna
1594 4206 1771 4253 tamen
1798 4212 1981 4253 armo-

398 4308 518 4347 rum
546 4301 849 4346 nustrorum
870 4291 1037 4345 virtus
1061 4299 1163 4346 est.
1196 4289 1479 4360 Subjungit
1503 4288 1645 4343 enim
1674 4289 1809 4356 huic,
1832 4289 1982 4357 quasi

395 4383 633 4440 diceret:
658 4376 1157 4451 Quouiam‘novistis
1182 4381 1411 4437 hostium
1438 4392 1701 4448 naturam,
1726 4398 1792 4437 ne
1808 4383 1985 4438 animo

397 4475 707 4543 concidatis,
735 4489 803 4531 ne
828 4474 1137 4545 torpescalis
1154 4473 1218 4529 ad
1239 4489 1490 4544 pugnam;
1514 4473 1630 4539 scd,
1660 4472 1876 4544 Propter
1893 4474 1988 4529 hoc

395 4568 947 4636 suscipitearmatnram
964 4565 1138 4635 Dei,ut
1147 4566 1345 4635 possitis
1359 4565 1584 4621 resistere
1597 4565 1792 4620 insidiis
1802 4565 1990 4621 diaboli

398 4659 616 4732 (Epltes.
657 4660 712 4715 6.
742 4658 856 4730 11).
884 4658 1062 4713 Multa:
1112 4657 1255 4713 enim
1297 4657 1413 4728 ejus
1460 4667 1585 4712 sunt
1618 4655 1845 4723 insidiae,
1879 4656 1984 4713 hoc

398 4759 484 4807 est
513 4751 632 4817 vim,
663 4765 758 4821 per
793 4763 927 4821 quas
951 4748 1364 4819 negligentiores
1392 4748 1732 4819 supplantare
1757 4747 1943 4802 nititur
1970 4765 2010 4816 :_

398 4855 533 4912 quas
573 4839 857 4911 diligenter
886 4854 1214 4911 cognoscere
1236 4852 1424 4908 opem
1438 4837 1664 4908 pretium
1693 4846 1793 4902 est,
1824 4837 1893 4891 ita
1926 4846 1986 4892 ut

398 4931 713 5003 eil‘ugiamus
731 4929 847 5002 ejus
864 4938 1107 4998 conatus,
1129 4938 1185 4985 et
1203 4930 1407 5002 pullum
1431 4928 1532 4999 ipsi
1554 4928 1850 4999 ingressum
1870 4943 1994 4999 per-

398 5024 694 5078 mittamus.
708 5021 846 5091 Quiu
862 5030 917 5077 et
931 5023 1125 5093 linguae
1139 5018 1620 5091 diligensbabenda
1631 5028 1711 5075 est
1729 5018 1991 5086 custodia,

400 5126 455 5172 et
473 5115 610 5170 oculi
638 5114 912 5171 muniendi
937 5122 1082 5181 sunt,
1104 5123 1159 5169 et
1183 5128 1333 5167 meus
1349 5110 1640 5182 purganda,
1664 5121 1717 5167 et
1734 5120 1990 5182 perpetuo

404 5207 472 5261 ad
504 5221 732 5277 pugnam
772 5214 991 5277 paratos
1020 5218 1139 5260 esse
1186 5202 1461 5265 convenit,
1501 5202 1652 5272 quasi
1678 5200 1785 5255 fera
1813 5201 1991 5268 aliqua

405 5313 506 5354 nos
534 5296 795 5361 invadat,
819 5304 873 5351 et
898 5295 1094 5350 laedere
1118 5301 1360 5350 conetur.
1397 5291 1623 5361 Pr0pter
1651 5288 1792 5361 quod
1833 5289 1993 5345 cmic-

404 5391 504 5446 stis
533 5390 621 5445 illa
638 5390 837 5457 anima,
863 5382 1327 5458 doctor'gentium,
1353 5385 1529 5455 lingua
1546 5383 1712 5448 orbis,
1737 5381 1868 5437 nihil
1890 5395 1987 5436 nor

408 5495 575 5554 agens
600 5497 697 5551 pro
724 5481 900 5537 salute
928 5478 1330 5550 discipulorum,
1360 5484 1640 5547 postquam
1671 5474 1824 5541 dixit,
1857 5472 1978 5557 Acci

473 5655 493 5688 ἢ
526 5660 745 5725 Quinque
768 5665 895 5715 Mss,
920 5656 1091 5707 bonum
1108 5654 1322 5714 odorem,
1347 5664 1451 5715 pro,
1474 5647 1900 5715 pulchritudinem.

2080 362 2185 423 pne
2202 364 2517 410 armaturam
2561 355 2654 412 Dei
2678 375 2695 423 ;
2725 356 2918 416 iterum
2946 359 3182 433 subjicit,
3210 373 3265 421 ct
3292 380 3392 421 nos
3420 370 3652 441 undique

2075 445 2341 512 muniens,
2393 456 2443 502 et
2494 449 2718 505 invictos
2766 450 2988 519 faciens,
3020 454 3099 511 sic
3121 456 3251 512 dicit
3288 476 3302 513 :
3338 458 3483 515 State
3501 463 3653 533 igitur

2073 536 2284 591 accincti
2329 539 2514 595 lumbis
2553 544 2728 597 vestris
2763 544 2816 598 in
2858 546 3094 615 veritate,
3123 557 3170 602 et
3195 550 3360 604 induti
3401 554 3652 609 thoracem

2073 627 2195 698 fidei
2221 629 2260 694 ί,
2288 638 2334 683 et
2362 631 2569 686 calceati
2609 634 2758 702 pedes
2794 645 2981 691 vestros
3004 639 3055 692 in
3087 643 3456 711 prmparatione
3497 662 3652 699 cvan-

2072 719 2191 789 gelii
2233 722 2390 791 pacis.
2439 721 2505 777 In
2552 725 2779 780 euntibus
2821 729 3058 783 assumite
3081 738 3278 784 scutum
3311 732 3451 799 ﬁdei,
3478 735 3531 789 in
3558 753 3656 804 quo

2074 812 2275 881 possitis
2310 814 2481 868 omnia
2512 816 2613 870 tela
2655 817 2795 872 illius
2837 820 2997 889 ignita
3021 824 3354 894 exstinguere,
3382 835 3429 881 et
3452 829 3653 898 galeam

2071 902 2314 958 salutaris
2341 904 2570 974 accipite,
2593 914 2639 960 et
2664 906 2891 975 gladium
2921 908 3163 978 Spiritus,
3195 913 3329 981 quod
3352 923 3426 969 est
3452 918 3653 971 verbum

2072 990 2170 1047 Dei
2215 992 2432 1066 (Ephes.
2472 995 2524 1051 6.
2573 995 2806 1069 14-17).
2857 998 3046 1056 Vidisti
3099 1004 3368 1071 quomodo
3415 1008 3652 1062 omnium

2075 1084 2314 1140 membra
2357 1087 2676 1153 muniverit,
2706 1099 2761 1144 et
2785 1090 2935 1160 quasi
2972 1091 3026 1145 in
3058 1094 3297 1160 praelium
3346 1112 3653 1168 egressuros

2076 1174 2305 1244 primum
2331 1191 2465 1232 zona
2490 1177 2689 1248 cingat,
2714 1194 2823 1249 quo
2852 1181 3218 1250 expeditiores
3241 1186 3409 1242 simus
3447 1189 3512 1244 ad
3533 1204 3654 1245 cur-

2074 1277 2228 1332 sum;
2259 1265 2382 1321 dein
2423 1266 2607 1323 induat
2632 1283 2731 1324 nos
2770 1269 3009 1338 thorace,
3036 1287 3105 1329 ne
3132 1288 3162 1327 a
3186 1273 3378 1344 jaculis
3405 1279 3655 1335 vulnere-

2075 1370 2214 1422 mur,
2247 1356 2341 1412 sed
2364 1366 2418 1414 et
2444 1358 2606 1427 pedes
2634 1360 2877 1425 munivit.
2908 1369 2964 1416 et
2987 1363 3224 1435 undique
3250 1368 3479 1423 armavit
3506 1368 3652 1426 fide?

2076 1446 2224 1514 Haec,
2258 1447 2351 1515 ait,
2401 1449 2516 1504 hinc
2542 1449 2703 1519 ignita
2730 1450 2831 1506 tela
2861 1450 3032 1507 hostis
3067 1455 3407 1526 exstinguere
3437 1462 3652 1529 poterit.

2042 1506 2328 1605 'Quamam
2350 1548 2528 1594 autem
2547 1506 2673 1595 sunt
2703 1541 2806 1597 tela
2832 1541 3069 1599 diaboli?
3094 1506 3654 1618 Malzcoconcupiscen-

2078 1627 2184 1694 tiae,
2214 1629 2499 1685 immundae
2517 1633 2887 1701 cogitationes,
2911 1637 3199 1705 perniciosi
3220 1637 3461 1705 allectus,
3487 1640 3654 1709 furor,

2077 1719 2390 1792 invidentia,
2420 1720 2638 1790 invidia,
2663 1723 2762 1791 ira,
2786 1724 2990 1792 odium,
3014 1730 3254 1797 pecunias
3273 1734 3655 1803 concupiscen-

2078 1812 2169 1880 tia,
2197 1822 2253 1868 et
2288 1822 2479 1868 cmtera
2506 1816 2681 1870 omnis
2710 1816 2935 1885 ignavia.
2967 1819 3111 1883 lla'c,
3138 1821 3232 1886 ait,
3259 1825 3437 1878 omnia
3461 1827 3657 1881 exstin-

2063 1905 2241 1973 guere
2277 1904 2469 1973 poterit
2511 1904 2720 1975 gladius
2759 1906 3004 1978 Spiritus.
3036 1908 3104 1965 Et
3128 1910 3255 1981 quid
3283 1913 3422 1982 dico,
3448 1918 3656 1970 exstin-

2076 1993 2276 2063 guere?
2320 1993 2495 2049 Etiam
2535 1994 2706 2064 ipsum
2751 1994 2920 2051 hostis
2960 2008 3120 2069 caput
3140 2009 3416 2072 amputare
3439 2004 3656 2061 valebit.

2082 2084 2267 2141 Vidisti
2309 2086 2579 2157 quomodo
2607 2088 2877 2144 roboravit
2907 2089 3244 2161 discipulos?
3270 2095 3539 2164 quomodo
3566 2114 3661 2155 eos

2076 2186 2232 2233 antea
2255 2193 2377 2234 cera
2400 2178 2696 2248 molliores,
2726 2179 2867 2235 ferro
2890 2179 3136 2239 fortiores
3156 2183 3329 2240 cii‘ecit
3349 2185 3379 2258 ?.
3396 2186 3656 2254 Quoniam

2076 2269 2219 2325 enim
2244 2269 2401 2326 nobis
2422 2270 2617 2326 bellum
2634 2279 2736 2336 est,
2767 2286 2873 2327 non
2894 2271 3151 2329 adversus
3196 2290 3411 2332 carnem
3437 2287 3491 2333 et
3531 2292 3659 2335 san-

2076 2360 2309 2431 guinem,
2329 2360 2422 2416 sed
2438 2360 2694 2417 adversus
2712 2362 3050 2431 incorporeas
3073 2364 3295 2422 virtutes
3313 2384 3328 2420 :
3357 2367 3477 2423 ideo
3492 2383 3664 2438 neque

2077 2451 2378 2507 carnalibus
2399 2465 2498 2506 nos
2524 2451 2689 2507 armis
2705 2454 2949 2521 munivit,
2981 2454 3073 2510 sed
3101 2470 3249 2511 arma
3277 2466 3454 2514 nostra
3485 2462 3663 2515 omnia

2080 2543 2377 2613 spiritualia
2422 2552 2567 2610 sunt,
2615 2545 2695 2601 sic
2735 2545 3018 2616 radiantia,
3068 2558 3126 2604 ut
3171 2564 3356 2606 eorum
3399 2551 3656 2624 fulgorem

2079 2635 2291 2693 damon
2322 2638 2409 2693 ille
2434 2638 2605 2694 malus
2629 2637 2771 2695 ferre
2796 2648 3047 2711 nequeat.

2152 2730 2206 2785 6.
2239 2730 2458 2787 Talibus
2493 2731 2653 2802 igitur
2687 2733 2852 2787 armis
2878 2732 3046 2788 induti
3072 2777 3085 2798 ,
3115 2749 3183 2790 ne
3221 2736 3534 2793 horreamus
3561 2753 3661 2809 pu-

2081 2837 2262 2893 gnam,
2311 2838 2379 2877 ne
2422 2823 2682 2894 fugiamus
2719 2837 3107 2895 congressum;
3151 2826 3245 2881 sed
3289 2842 3462 2896 neque
3495 2829 3666 2899 ignavi

2086 2910 2277 2969 simus.
2307 2912 2441 2968 Nam
2492 2913 2650 2982 sicut,
2679 2914 2835 2969 nobis
2868 2915 3223 2986 vigilantibus,
3272 2917 3535 2987 malignus
3561 2919 3668 2973 dte-

2081 3018 2209 3071 mon
2238 3018 2526 3075 numquam
2552 3018 2823 3059 armorum
2854 3014 3158 3060 nostrorum
3198 3007 3375 3061 virtuti
3408 3009 3665 3078 praevale-

2085 3094 2183 3161 bit,
2210 3093 2259 3150 si
2289 3095 2611 3150 voluerimus
2640 3095 2819 3151 irritas
2841 3095 3020 3151 facere
3046 3097 3162 3167 ejus
3189 3099 3606 3156 machinationes
3624 3104 3667 3155 ἐ

2082 3179 2159 3234 sic
2211 3178 2257 3234 si
2302 3178 2518 3234 desides
2561 3179 2834 3245 fuerimus,
2890 3179 3037 3235 nulla
3077 3181 3231 3236 nobis
3279 3182 3477 3238 utilitas
3529 3185 3668 3251 erit;

2082 3269 2509 3343 quandoquidem
2531 3269 2777 3326 inimicus
2797 3270 2982 3326 salutis
3009 3279 3207 3326 nostra:
3237 3288 3525 3343 numquam
3546 3274 3670 3330 dur-

2083 3361 2252 3429 mitat,
2276 3369 2331 3417 et
2350 3362 2553 3431 omnia,
2580 3376 2699 3433 quas
2726 3362 2886 3417 saluti
2916 3371 3115 3418 nostra:
3148 3362 3363 3432 obsunt,
3393 3374 3662 3436 operatur.

2086 3451 2331 3522 Undique
2376 3452 2538 3523 igitur
2587 3467 2859 3509 armemus
2918 3467 3017 3509 nos
3062 3454 3208 3524 ipsos
3245 3496 3262 3524 ,
3312 3462 3369 3511 et
3409 3472 3439 3511 a
3491 3458 3672 3515 verbis

2087 3550 2467 3612 temperemus,
2497 3550 2553 3597 et
2591 3541 2659 3598 ab
2704 3543 2956 3612 operibus
3001 3545 3380 3611 abstineamus,
3432 3562 3551 3617 qua:
3575 3562 3675 3604 nos

2084 3630 2281 3686 ltedere
2327 3640 2583 3701 possunt;
2635 3640 2691 3687 et
2735 3648 2860 3687 cum
2911 3632 3232 3689 abstinentia
3271 3650 3302 3689 a
3352 3636 3504 3702 cibis,
3564 3646 3672 3691 tum

2082 3721 2307 3776 aliarum
2336 3721 2587 3776 virtutum
2613 3760 2632 3790 ,
2679 3729 2789 3776 tum
2818 3721 3150 3778 liberalitatis
3178 3725 3232 3778 in
3262 3740 3521 3796 pauperes
3548 3743 3644 3798 spe

2083 3812 2256 3868 cimen
2283 3811 2631 3867 exhibeamus
2660 3828 2675 3865 :
2701 3811 2930 3867 scientes
2967 3822 3164 3883 quanta
3196 3813 3349 3869 nobis
3379 3831 3586 3872 merces
3605 3817 3676 3872 ob

2084 3916 2268 3959 curam
2296 3901 2401 3957 illis
2418 3901 2705 3956 eshibitam
2736 3901 2965 3971 reposita
2989 3902 3077 3956 sit.
3096 3901 3249 3967 Nam,
3273 3903 3375 3970 Qui
3393 3907 3674 3972 miseretur,

2086 3994 2197 4060 ait,
2241 3992 2484 4065 pauperi,
2534 3994 2809 4065 fwneratur
2850 3991 2959 4047 Deo
3014 3991 3209 4062 (Prov.
3241 3994 3483 4066 19.17).
3544 3997 3681 4054 Vide

2088 4099 2265 4139 usurae
2290 4098 2467 4140 raram
2494 4091 2735 4138 naturam
2756 4125 2773 4150 ,
2805 4090 2862 4139 et
2886 4082 3275 4140 admirabilem.
3305 4085 3454 4141 Alius
3479 4097 3561 4143 est
3586 4091 3681 4160 qui

2088 4177 2300 4244 accipit,
2331 4183 2386 4231 et
2410 4175 2544 4231 alius
2564 4176 2653 4246 qui
2684 4190 2744 4230 se
2772 4175 2952 4231 dando
2980 4174 3171 4232 flenori
3196 4177 3483 4233 obnoxium
3513 4180 3680 4247 facit;

2091 4284 2263 4340 neque
2307 4268 2410 4324 hoc
2451 4268 2624 4324 solum
2660 4266 3030 4338 spectandum,
3077 4268 3172 4324 sed
3220 4270 3382 4325 etiam
3431 4270 3573 4342 quod
3627 4273 3680 4327 in

2093 4359 2197 4416 hoc
2243 4375 2417 4413 usurae
2454 4373 2652 4429 genere
2696 4373 2872 4428 neque
2901 4359 3164 4430 ingratum
3191 4360 3461 4427 animum,
3507 4376 3682 4432 neque

2094 4451 2258 4504 ullum
2281 4449 2422 4504 aliud
2444 4449 2696 4504 damnum
2712 4450 3072 4520 experiamur.
3095 4450 3278 4521 Neque
3302 4452 3466 4517 enim,
3489 4468 3680 4523 quem-

2092 4540 2378 4597 admodum
2409 4540 2517 4608 hic,
2558 4542 2902 4597 centesimam
2949 4541 3023 4615 (a)
3076 4543 3248 4598 solum
3281 4546 3560 4614 promittit,
3585 4545 3681 4601 sed

2095 4633 2345 4717 ceutuplo
2382 4632 2533 4703 plura
2562 4632 2725 4701 datis,
2758 4647 2859 4689 nec
2884 4633 3058 4689 solum
3087 4636 3340 4706 centuplo
3366 4636 3536 4707 plura,
3585 4637 3680 4693 sed

2095 4726 2214 4782 haec
2239 4725 2434 4782 dantur
2462 4726 2514 4782 in
2540 4726 2789 4796 praesenti
2831 4726 2958 4792 vita,
3011 4727 3066 4782 in
3110 4726 3290 4782 futuro
3341 4738 3518 4784 autem
3574 4728 3681 4783 vita

2095 4829 2318 4876 acterna.
2372 4818 2439 4873 Et
2478 4819 2531 4874 in
2579 4819 2827 4890 prmsenti
2875 4819 3088 4890 quidem
3116 4819 3240 4885 vita,
3285 4820 3331 4875 si
3366 4821 3487 4889 quis
3530 4820 3686 4874 nobis

2099 4913 2271 4968 solum
2297 4910 2524 4981 duplicia
2568 4909 2909 4980 polliceretur
2938 4924 3036 4978 pro
3071 4908 3134 4963 iis
3172 4924 3292 4978 qua:
3318 4924 3349 4961 a
3376 4908 3527 4963 nobis
3554 4907 3688 4965 dan-

2100 5014 2207 5075 tur,
2240 5004 2410 5076 parati
2446 5017 2689 5059 essemus
2718 5001 2791 5055 illi
2820 5015 3033 5057 omnem
3062 5007 3297 5054 nostram
3335 4999 3684 5059 substantiam

2166 5207 2185 5239 ί
2218 5201 2432 5259 Coislin.,
2454 5194 2669 5257 iustitia,
2695 5207 2801 5257 pro.
2826 5193 2961 5259 ﬁdei.

2166 5270 2189 5302 ³
2220 5254 2533 5328 sicquinque
2553 5254 2738 5328 Mss._e_t
2759 5254 2902 5328 Savil.
2927 5264 2981 5327 tu
3015 5254 3179 5328 aiore].
3200 5258 3450 5328 antem‘jm
3473 5255 3689 5328 legem.

2101 5335 2184 5382 tur
2207 5341 2222 5376 :
2256 5316 2428 5386 Virtuti
2450 5316 2743 5386 prwvalebil,
2765 5317 2871 5376 sed,
2895 5316 2939 5369 si
2959 5316 3263 5376 voluerimus,
3284 5316 3448 5369 irritus
3462 5316 3690 5382 faciemus

2103 5390 2210 5452 du;
2230 5383 2634 5452 ηιςιεδιιίιιιξίὶοηεδ.Δ
2650 5419 2697 5452 ὲ.

2171 5453 2243 5514 (a)
2270 5446 2585 5514 Centesimam
2618 5448 2722 5513 (Gr.
2754 5448 3058 5514 ἑκατοστήν).
3096 5463 3115 5497 ι
3152 5446 3370 5514 Aliudit,
3395 5448 3669 5514 inquit_Sa..

2109 5508 2300 5580 viI‘.,:ad
2324 5526 2486 5580 usura
2517 5508 2678 5580 genus
2722 5508 3104 5580 usitatissimum
3138 5512 3313 5573 priscis
3351 5508 3659 5580 temporibus

2107 5571 2241 5638 quod
2263 5571 2815 5638 centesima'dicebat‘nr,
2843 5572 2973 5638 quod
2997 5571 3197 5638 c_entt_i'_m
3221 5571 3473 5620 mensibus
3492 5580 3672 5618 sortem

2110 5632 2342 5701 iquaret.
2375 5650 2393 5683 ι
2421 5634 2548 5686 Vide
2568 5635 2707 5687 Tomi
2733 5632 2881 5698 hujus
2903 5633 3045 5683 Praef.
3069 5632 3096 5697 §
3121 5632 3177 5682 V.
