4018 6136
426 231 492 286 39
1187 237 1242 293 S.
1274 238 1550 298 JO.\NNIS
1587 243 2062 306 Clllth-ZOSTOSH
2104 253 2416 317 AMHIEP.
2447 264 2980 335 CONSTANTiNOP.

423 341 653 410 oll‘crte,
707 346 915 400 tametsi
958 360 1100 416 saepe
1146 350 1293 404 tnulti
1327 352 1516 423 ingrati
1545 357 1672 422 sint,
1719 359 2008 430 multscque

424 434 534 487 sint
555 449 838 491 avarorum
867 437 1101 493 fraudes.
1126 440 1335 496 Etenim
1368 445 1580 513 plurimi
1612 449 1700 516 qui
1732 450 1883 518 probi
1913 451 2009 506 ha-

424 524 635 592 bentur,
683 526 918 581 debitum
964 543 1071 585 non
1109 532 1342 600 solvunt,
1373 536 1455 590 vel
1485 539 1625 607 quod
1658 541 1846 611 ingrati
1877 544 2005 611 sint,

423 618 501 672 vel
548 632 691 687 sa-pe
732 619 906 689 inepia
953 623 1288 692 prohibente.
1335 627 1488 683 Circa
1523 632 1801 688 Dominum
1829 645 2003 692 autem

413 709 652 762 omnium
680 709 809 764 nihil
843 711 1146 782 bujusmodi
1170 718 1572 788 suspicandum,
1618 725 1711 779 sed
1754 735 1809 780 et
1853 729 2001 799 capi-

410 800 532 854 talis
561 816 767 856 summa
799 803 850 857 in
881 813 994 858 tuto
1018 815 1119 872 est,
1165 817 1218 862 et
1243 811 1544 880 centuplum
1572 815 1657 871 hic
1683 818 2004 885 promittitur

409 893 681 961 dantibus,
721 904 775 950 et
805 898 857 951 in
910 896 1143 955 futurum
1189 901 1295 956 vita
1340 914 1540 960 a'terna
1570 908 1722 964 nobis
1751 924 2000 966 reserva-

410 997 515 1043 tur.
567 987 698 1053 Quae
740 990 899 1059 igitur
945 992 1100 1047 nobis
1143 994 1387 1051 defensio
1427 999 1549 1063 erit,
1585 1002 1627 1054 si
1668 1003 1998 1073 negligentes

406 1075 680 1142 fuerimus,
715 1087 900 1135 etnon
933 1080 1358 1140 festinaveritnus
1394 1091 1640 1160 centupla
1682 1107 1778 1162 pro
1814 1096 1997 1163 paucis

406 1171 670 1238 accipere,
714 1180 770 1226 et
799 1188 895 1242 pro
923 1176 1272 1240 prtrsentibus
1300 1177 1494 1247 futura,
1521 1191 1576 1236 et
1601 1198 1696 1251 pro
1728 1194 1995 1255 tempora-

404 1258 543 1314 labos
568 1269 765 1316 :rterna
790 1279 804 1327 ;
836 1264 929 1316 sed
958 1263 1165 1332 placide
1193 1269 1444 1337 pecunias
1470 1271 1645 1340 januis
1672 1283 1727 1329 et
1759 1278 1995 1334 vectibus

405 1352 798 1418 incluserimus,
841 1363 896 1409 et
924 1356 1277 1428 indigentibus
1324 1376 1428 1416 non
1471 1366 1885 1434 expenderimus
1931 1386 1992 1425 ea

402 1458 521 1512 quae
561 1443 631 1497 ibi
683 1445 826 1498 nullo
887 1460 983 1501 usu
1031 1457 1083 1503 et
1134 1458 1335 1508 temere
1373 1453 1574 1521 jaceat,
1625 1467 1684 1512 ut
1733 1458 1786 1513 in
1816 1458 2012 1533 τοίω-(ι

401 1534 601 1588 stt-culo
638 1550 823 1590 eorum
864 1538 1099 1593 subsidia
1135 1542 1513 1601 inveniamus?
1568 1548 1764 1617 Facite,
1798 1553 1986 1625 inquit,

400 1622 537 1677 vobis
581 1625 770 1678 amicos
816 1643 879 1681 ea:
918 1644 1206 1686 mammona
1243 1633 1521 1706 iniquitatis
1551 1654 1571 1691 :
1598 1649 1653 1693 ut
1698 1657 1813 1696 cum
1851 1644 1984 1714 defe-

397 1714 588 1781 ceritis,
628 1716 873 1785 recipiant
901 1735 985 1773 vos
1015 1720 1065 1774 in
1091 1732 1281 1777 (eterna
1310 1724 1638 1785 tabernacula
1689 1731 1711 1803 (
1731 1732 1858 1788 Luc.
1899 1735 1985 1791 l6.

397 1804 476 1876 9).
525 1806 669 1870 Scio,
717 1809 912 1864 multos
942 1826 1049 1865 non
1085 1813 1244 1868 modo
1270 1830 1375 1870 non
1400 1817 1712 1889 adstipulari
1743 1823 1826 1885 iis.
1867 1841 1986 1895 qua:

393 1912 421 1949 a
454 1896 605 1950 nobis
631 1911 770 1951 nunc
798 1910 925 1953 sunt
952 1901 1118 1967 dicta,
1155 1904 1249 1958 sed
1289 1907 1450 1962 etiam
1478 1925 1538 1965 ea
1569 1919 1624 1966 ut
1656 1912 1902 1970 delirium
1932 1928 1987 1974 et

393 1984 619 2039 fabulam
666 1988 967 2055 audientes,
1015 1992 1192 2049 verbis
1239 1999 1436 2054 nostris
1479 2002 1697 2059 minime
1741 2020 1862 2062 esse
1904 2018 1984 2064 at-

394 2087 589 2134 tentos.
618 2080 766 2136 Unde
794 2097 895 2153 ego
914 2084 1124 2140 crucior
1149 2097 1206 2143 et
1229 2088 1409 2159 doleo,
1434 2094 1575 2163 quod
1603 2112 1775 2168 neque
1803 2115 1980 2158 rerum

388 2172 740 2239 experientia,
796 2188 969 2244 neque
1008 2183 1168 2232 tantae
1205 2179 1299 2235 Dei
1346 2184 1748 2253 promissiones,
1806 2204 1982 2261 neque

388 2263 548 2317 timor
602 2264 941 2333 futurorum,
1007 2284 1181 2340 neque
1226 2273 1550 2342 quotidiana:
1591 2278 1981 2340 admonitiones

389 2361 584 2406 nostra:
623 2355 763 2424 apud
810 2356 943 2413 tales
971 2360 1258 2431 quidquam
1286 2364 1584 2433 proficiant.
1634 2368 1751 2426 Non
1800 2382 1975 2432 tamen

384 2442 628 2509 cessabo,
679 2445 841 2501 etiam
892 2448 990 2513 sic,
1040 2450 1109 2505 ab
1156 2450 1260 2508 hoc
1299 2454 1476 2511 dando
1517 2461 1763 2529 consilio,
1806 2464 1977 2524 donec

385 2549 479 2590 eos
526 2536 819 2605 frequentia
863 2540 1184 2596 monitorum
1230 2556 1547 2614 superatos,
1612 2563 1843 2611 attentos
1890 2569 1944 2613 at

382 2641 486 2692 que
515 2626 794 2696 vigilantes
823 2628 1140 2698 reddidero,
1186 2643 1347 2704 atque
1389 2653 1452 2693 ex
1494 2643 1711 2712 crapula
1740 2655 1795 2701 et
1823 2647 1970 2703 ebri-

382 2725 544 2782 etate,
572 2732 730 2787 quam
763 2719 814 2773 in
841 2719 1242 2779 obtenebratam
1280 2726 1495 2784 illorum
1534 2742 1769 2791 mentem
1798 2738 1969 2795 avidi-

382 2819 463 2861 tas
502 2811 844 2877 pecuniarum
888 2812 1107 2881 invexit,
1151 2831 1343 2874 eruere
1369 2821 1606 2879 valuero.
1649 2825 1774 2884 Scio
1792 2831 1968 2898 enim,

377 2900 492 2954 scio
535 2898 648 2955 fore
696 2909 754 2955 ut
794 2917 889 2971 per
931 2906 1154 2974 gratiam
1189 2909 1279 2964 Dei
1317 2926 1623 2971 sermonum
1663 2929 1968 2978 nostrorum

378 2989 695 3059 frequentia,
744 3001 799 3047 et
843 2993 1033 3064 jejunii
1083 2999 1318 3055 studium
1369 3004 1514 3075 ipsos
1551 3009 1632 3064 vel
1660 3014 1967 3068 seroadif-

378 3082 499 3136 iicili
527 3082 628 3138 hoc
654 3087 842 3139 morbo
864 3083 1093 3145 liberare
1115 3132 1133 3157 ,
1178 3095 1536 3168 perfectaeque
1568 3103 1781 3157 sanitati
1808 3108 1966 3161 resti-

374 3181 523 3227 tuere
574 3175 774 3243 possit,
806 3185 865 3231 ut
891 3187 946 3232 et
971 3179 1068 3248 ipsi
1097 3195 1126 3234 a
1153 3186 1460 3255 suppliciis,
1515 3206 1635 3260 quae
1682 3195 1746 3249 iis
1784 3209 1963 3265 parata

372 3273 516 3328 sunt,
555 3264 867 3335 liberentur,
898 3279 953 3324 et
982 3286 1080 3327 nos
1111 3287 1141 3326 a
1171 3275 1382 3333 tristitia
1420 3296 1704 3355 eruamur,
1759 3299 1814 3346 et
1868 3308 1965 3363 pro

369 3352 616 3408 omnibus
655 3355 877 3424 gloriam
927 3358 1221 3419 referamus
1277 3366 1384 3422 Deo
1411 3370 1578 3441 Patri,
1631 3385 1686 3432 et
1714 3379 1872 3449 Filio,
1906 3396 1961 3440 et

368 3443 592 3512 Spiritui
631 3457 836 3515 sancto,
871 3467 1012 3508 nunc
1040 3463 1095 3510 et
1138 3472 1370 3529 semper,
1417 3474 1471 3520 et
1520 3468 1571 3523 in
1617 3474 1810 3529 saecula
1858 3493 1962 3533 sce-

366 3537 625 3593 colorum.
668 3539 856 3597 Amen.

956 3656 1234 3717 llOMlLIA
1280 3663 1368 3721 IV.

366 3756 507 3812 Dixit
525 3775 717 3830 quoque
743 3760 876 3818 Deus
908 3779 927 3819 :
953 3767 1069 3824 Fiat
1092 3770 1483 3835 firmamentum
1503 3782 1555 3837 in
1578 3787 1754 3844 medio
1774 3807 1951 3863 aqute,

432 3861 488 3905 et
511 3851 710 3908 dividat
737 3855 875 3912 inter
898 3873 1088 3929 aquam
1114 3873 1169 3920 et
1195 3881 1388 3938 aquam
1421 3891 1432 3925 :
1466 3882 1521 3929 et
1544 3875 1741 3936 factum
1766 3851 1850 3941 est
1879 3851 1951 3943 ita

432 3939 597 4009 (Gen.
634 3945 684 3999 l.
714 3944 810 4018 6).

432 4076 483 4129 l.
530 4075 726 4133 Videas
768 4095 888 4152 ego,
939 4083 1291 4160 dilectissimi,
1339 4096 1571 4158 alacrem
1599 4113 1654 4161 et
1682 4114 1946 4178 quotidia-

358 4182 485 4222 num
515 4179 748 4226 vestrum
779 4186 1122 4248 conventum,
1170 4198 1415 4257 magnam
1448 4197 1681 4269 percipio
1703 4207 1945 4276 volupta-

359 4266 485 4322 tctn,
525 4267 580 4314 et
619 4261 868 4318 clementi
897 4265 1004 4322 Deo
1031 4269 1255 4339 gloriam
1280 4276 1350 4333 de
1380 4261 1617 4350 prefectu
1644 4261 1945 4355 vestro're-

356 4348 556 4405 ferendi
597 4350 760 4408 linem
800 4370 904 4410 non
950 4356 1107 4415 facio.
1163 4364 1295 4421 Nam
1341 4371 1478 4430 sicut
1517 4383 1719 4439 esurire
1746 4401 1940 4459 corpo-

353 4438 479 4493 ralis
507 4442 749 4498 sanitatis
772 4444 1021 4504 indicium
1050 4463 1152 4521 est,
1173 4457 1242 4512 ita
1269 4471 1321 4515 et
1349 4465 1524 4522 studio
1550 4486 1740 4544 magno
1756 4438 1940 4539 audrire

351 4530 535 4585 divina
579 4533 789 4604 eloquia
836 4537 991 4596 bona:
1031 4546 1194 4603 animi
1241 4554 1556 4617 valetudinis
1585 4567 1936 4629 certissimum

348 4628 429 4673 est
458 4633 857 4690 argumentum.
882 4628 1006 4687 Ideo
1032 4643 1087 4689 et
1114 4637 1366 4701 Dominus
1394 4661 1576 4708 noster
1594 4654 1752 4716 Jesus
1775 4662 1938 4721 Cbri-a

347 4719 463 4767 stus
524 4712 575 4766 in
614 4715 727 4771 suis
774 4717 1204 4796 beatitudinibus,
1237 4749 1371 4804 quas
1405 4739 1456 4795 in
1483 4757 1666 4805 monte
1694 4758 1931 4826 protulit,

351 4803 591 4826 -.:--L.-.,
632 4805 693 4826 ..,
738 4810 769 4826 ..
869 4813 880 4824 .
1025 4818 1036 4826 .
1252 4825 1258 4826 ,

344 4803 555 4860 dicebat
581 4825 594 4860 :
621 4805 769 4864 Beati
793 4813 880 4883 qui
903 4818 1127 4874 esuriant
1150 4832 1196 4877 et
1215 4825 1391 4883 sitiunt
1406 4832 1679 4907 justitiam,
1694 4803 1935 4915 quanio»;

347 4895 447 4962 ipsi
472 4900 834 4958 saturabuntur
858 4905 1071 4975 (Matth.
1095 4914 1149 4969 5.
1182 4915 1257 4987 6).
1290 4895 1421 4988 Quis
1454 4925 1613 4996 igitur

345 4986 564 5042 laudare
587 4992 782 5062 valeat,
823 4998 914 5066 qui
959 5006 1126 5060 semel
1164 5008 1233 5065 ab
1280 5016 1516 5073 omnium
1549 4986 1772 5084 Domino
1802 5031 1931 5089 bea-

344 5076 620 5133 titudinem
647 5086 947 5156 accepistis,
996 5101 1051 5148 et
1087 5097 1155 5152 ab
1201 5115 1269 5156 eo
1316 5103 1518 5164 infinita
1560 5112 1699 5172 bona
1739 5135 1928 5193 exspe-

344 5169 497 5193 nl.\l:n
523 5168 546 5193 ο
583 5170 627 5193 Ι-
662 5174 791 5193 ..-ΛΑ
849 5178 886 5193 n
986 5182 997 5193 ι
1043 5185 1054 5193 .

341 5168 546 5223 etatis?
581 5170 630 5225 ls
656 5174 799 5231 enim
849 5178 1056 5240 Domini
1099 5193 1268 5247 nostri
1310 5211 1428 5252 mos
1463 5210 1565 5270 est,
1613 5216 1671 5262 ut
1716 5168 1928 5280 quoties

342 5256 481 5280 ..ειμι
529 5263 690 5280 -..ξ-μ
843 5269 875 5280 '-

1551 5256 1565 5270 ,
1618 5256 1670 5262 ν-
1720 5256 1926 5280 ,,_........

342 5256 485 5312 videt
526 5263 755 5318 animum
808 5269 1038 5340 aliquam
1092 5281 1260 5338 multo
1318 5287 1586 5349 desiderio
1641 5302 1926 5377 studioque

341 5351 575 5408 maximo
640 5356 1008 5427 spiritualibus
1067 5371 1400 5458 inhiantem,
1448 5385 1735 5450 liberaliter
1779 5351 1922 5457 illam

340 5445 507 5512 gratia
546 5456 603 5503 et
651 5454 916 5520 opulentis
967 5460 1123 5519 donis
1169 5450 1292 5525 suis.
1335 5445 1643 5548 locupletet.
1696 5487 1846 5547 Unde
1871 5506 1926 5551 et

338 5549 439 5604 ego
466 5537 517 5591 in
549 5550 781 5600 vestram
808 5548 1085 5608 utilitatem
1111 5566 1167 5612 et
1206 5562 1613 5628 tcdilicationem
1643 5592 1918 5650 exspecto,

338 5635 389 5680 ut
436 5629 649 5689 uberior
699 5645 752 5692 ct
812 5640 967 5700 nobis
1019 5645 1276 5710 doctrina:
1327 5672 1506 5719 sermo
1577 5629 1915 5732 concedatur.

2123 367 2345 440 Propter
2393 393 2488 434 vos
2533 384 2698 451 enim,
2754 398 2810 447 et
2857 407 3073 464 propter
3107 407 3340 460 vestrum
3386 413 3704 481 profectum.

2115 474 2327 518 omnem
2373 465 2513 527 hunc
2554 473 2791 533 laborem
2836 483 3146 555 toleramus,
3198 503 3256 548 ut
3303 506 3357 553 et
3408 517 3502 558 vos
3545 507 3705 567 citius

2112 553 2178 607 ad
2220 554 2393 624 ipsum
2434 562 2642 621 virtutis
2686 568 2951 643 fastigium
3005 583 3325 654 ascendatis,
3369 590 3531 651 futuri
3578 601 3703 657 vita:

2111 643 2303 701 divina:
2339 654 2576 724 magistri
2626 663 2874 720 omnibus
2911 670 3001 738 qui
3032 687 3126 728 vos
3163 680 3473 751 respiciunt,
3505 696 3560 742 et
3602 706 3703 745 no-

2111 735 2190 791 bis
2234 740 2406 811 major
2440 745 2651 804 dicendi
2701 753 2891 812 fiducia
2929 735 3173 833 accedat,
3202 771 3290 838 qui
3318 772 3559 832 videmus
3590 797 3698 837 non

2109 827 2160 883 in
2207 845 2420 899 vanum,
2474 854 2573 894 nec
2616 842 2811 901 frustra
2860 865 2957 905 nos
3006 827 3286 926 laborare;
3338 864 3433 919 scd
3458 872 3699 937 quotidie

2103 933 2289 977 semen
2321 923 2423 980 hoc
2448 929 2720 997 Spirituale
2750 935 2801 990 in
2831 940 2981 995 vobis
3019 959 3285 1017 crescere,
3341 969 3514 1026 neque
3556 962 3698 1019 sicut

2106 1011 2159 1066 in
2204 1020 2486 1088 evangelio
2531 1027 2814 1084 seminanti
2859 1036 3058 1103 evenit,
3133 1039 3204 1094 ita
3248 1052 3304 1099 et
3350 1048 3504 1105 nobis
3554 1068 3691 1108 con-

2103 1105 2325 1175 tingere.
2372 1108 2448 1164 lbi
2499 1115 2644 1170 enim
2682 1133 2787 1173 una
2832 1133 3032 1180 tantum
3086 1144 3206 1199 pars
3232 1134 3381 1191 salva
3428 1138 3546 1210 fuit,
3581 1154 3694 1202 tres

2103 1197 2393 1262 perierunt.
2443 1202 2576 1270 Quia
2621 1221 2827 1277 semen,
2897 1217 3038 1285 quod
3090 1236 3244 1279 secus
3294 1227 3432 1283 viam
3471 1235 3688 1302 cecidit,

2099 1286 2217 1340 sine
2268 1286 2445 1345 fructu
2498 1297 2824 1364 mansithet
2869 1307 3011 1373 quod
3059 1307 3198 1366 inter
3251 1316 3464 1388 spinas,
3515 1325 3687 1380 sull‘o-

2097 1384 2274 1431 catum
2322 1389 2436 1446 est;
2477 1386 2619 1453 quod
2671 1398 2851 1445 autem
2908 1395 2960 1448 in
3014 1408 3247 1468 petram,
3300 1406 3353 1461 in
3403 1415 3688 1480 superficie

2096 1483 2338 1538 manens,
2383 1473 2613 1534 fructum
2663 1483 2857 1541 afferre
2901 1492 3137 1561 nequivit
3159 1494 3367 1569 (Matt/1.
3394 1473 3483 1559 l5.
3508 1507 3682 1577 4-7):

2096 1560 2182 1616 hic
2223 1562 2278 1618 in
2329 1569 2498 1636 gratia
2552 1572 2645 1628 Dei
2688 1589 2813 1646 spes
2867 1591 2982 1648 est,
3044 1584 3194 1655 fore,
3255 1602 3312 1647 ut
3356 1610 3476 1652 cum
3521 1614 3686 1659 omne

2096 1653 2147 1708 in
2199 1664 2395 1714 terram
2463 1661 2655 1720 bonam
2699 1670 2987 1743 ceciderit,
3041 1679 3130 1735 alii
3173 1681 3397 1742 reddant
3452 1689 3681 1750 fructum

2090 1749 2419 1819 centuplum,
2449 1753 2538 1808 alii
2580 1760 2989 1831 sexagesimum,
3032 1770 3120 1824 alii
3175 1772 3524 1844 trigesimum.
3567 1783 3683 1841 Hoc

2091 1846 2327 1894 nostram
2373 1843 2704 1904 alacritatem
2756 1851 2940 1922 fovet,
2997 1857 3098 1915 hoc
3145 1843 3380 1922 mentem
3439 1874 3678 1945 excitat,

2088 1931 2230 2000 quod
2274 1935 2506 1994 sciamus
2551 1956 2658 1997 non
2709 1944 2761 1999 in
2805 1962 3035 2017 vanum,
3081 1971 3181 2011 nec
3232 1958 3427 2018 frustra
3474 1980 3684 2024 sermo-

2087 2034 2183 2075 nes
2213 2037 2310 2078 nos
2343 2020 2532 2095 facere,
2567 2032 2662 2087 sed
2708 2040 2933 2095 arrectis
2962 2045 3177 2100 auribus
3201 2057 3254 2104 et
3278 2051 3477 2109 intenta
3499 2069 3680 2116 mente

2086 2110 2229 2166 dicta
2264 2125 2445 2172 nostra
2474 2122 2662 2194 accipi.
2701 2127 2874 2198 Atque
2905 2130 3019 2189 lucc
3046 2152 3148 2191 non
3176 2140 3441 2200 adulando
3464 2151 3677 2206 caritati

2091 2212 2282 2259 vestra:
2304 2205 2446 2274 dico,
2487 2212 2579 2268 sed
2609 2216 2853 2286 conjecto
2880 2223 3204 2284 alacritatem
3226 2246 3292 2287 ex
3315 2235 3381 2291 iis
3406 2254 3525 2306 qua:
3558 2240 3675 2299 heri

2082 2305 2112 2346 a
2142 2295 2298 2351 nobis
2324 2297 2466 2355 dicta
2496 2315 2636 2360 sunt.
2689 2307 2942 2369 Videbam
2974 2318 3114 2373 enim
3146 2338 3240 2378 vos
3267 2340 3454 2384 omnes
3490 2334 3677 2392 avidos

2081 2386 2339 2448 doctrinae
2365 2394 2434 2450 ab
2463 2413 2558 2453 ore
2587 2416 2708 2456 meo
2739 2407 3054 2478 pendentes,
3103 2424 3159 2471 et
3185 2420 3362 2476 omnia
3393 2423 3673 2496 facientes,

2081 2496 2149 2536 ne
2176 2484 2304 2553 quid
2330 2501 2426 2543 vos
2454 2488 2714 2548 dictorum
2756 2501 3084 2570 praeteriret;
3134 2519 3391 2576 praeterea
3433 2517 3673 2575 continui

2080 2574 2294 2643 plausus
2332 2582 2571 2640 maxime
2599 2588 2951 2659 testabantur,
2997 2611 3094 2652 vos
3131 2574 3268 2657 dicta
3300 2620 3486 2676 magna
3514 2612 3670 2667 volu-

2079 2674 2221 2736 ptate
2263 2672 2554 2741 suscipere.
2632 2676 2731 2744 Qui
2780 2678 2958 2737 autem
2996 2687 3194 2758 aliquid
3246 2672 3438 2767 volupe
3482 2701 3667 2770 audit,

2075 2769 2278 2816 certum
2309 2773 2391 2819 est
2432 2765 2559 2821 illud
2601 2770 2862 2839 profunde
2909 2777 2963 2831 in
3007 2781 3187 2837 animo
3229 2784 3391 2856 figere
3421 2808 3435 2843 :
3467 2765 3667 2865 ubique

2074 2845 2231 2905 altius
2275 2868 2562 2923 reponens,
2613 2859 2741 2916 facit
2783 2879 2853 2921 ne
2897 2869 3304 2933 eradidelerive
3322 2892 3499 2949 queat.
3533 2845 3668 2952 duis

2076 2939 2235 3009 igitur
2278 2943 2435 3015 digne
2478 2963 2573 3003 vos
2610 2950 2863 3023 laudare,
2912 2967 2968 3014 et
3006 2976 3104 3018 nos
3149 2939 3667 3038 beatos-praedicare

2074 3042 2275 3100 posset,
2322 3040 2412 3107 qui
2459 3040 2513 3094 in
2560 3058 2718 3100 aures
2756 3047 3024 3119 loquimur
3068 3056 3438 3117 audientium?
3472 3064 3665 3123 Beatus

2071 3125 2237 3189 enim,
2265 3129 2360 3191 ait,
2396 3131 2485 3200 qui
2511 3131 2736 3203 loquitur
2757 3138 2811 3192 in
2839 3157 2988 3199 aures
3015 3147 3328 3205 audientium
3359 3153 3542 3225 (Eccli.
3565 3159 3658 3215 25.

2071 3213 2180 3284 12).
2210 3215 2321 3272 [ioc
2360 3222 2673 3288 prmclarum
2711 3243 2848 3298 opus
2881 3232 3086 3302 jejunio
3128 3213 3657 3321 acceptutnrel’ero,

2069 3304 2171 3360 hoc
2217 3310 2509 3377 remedium
2552 3317 2778 3374 salutem
2820 3333 3097 3393 operatum
3123 3339 3207 3386 est
3230 3335 3528 3394 animarum
3560 3358 3659 3397 no-

2065 3403 2317 3453 strarum.
2342 3400 2493 3468 Quod
2526 3405 2569 3459 si
2597 3407 2667 3461 ab
2696 3410 2848 3467 initio
2872 3419 3050 3473 statim
3082 3430 3282 3479 tantum
3312 3429 3465 3485 nobis
3492 3433 3658 3490 robur

2064 3490 2318 3558 ostendit,
2365 3497 2776 3564 procedentibus
2818 3505 3009 3564 diebus
3052 3525 3249 3582 quanta
3295 3528 3653 3591 exspectanda

2064 3582 2265 3638 utilitas
2291 3585 2563 3644 ati'utura?
2600 3591 2771 3649 Unum
2796 3597 2897 3654 hoc
2923 3616 3018 3657 vos
3044 3605 3287 3676 obsecro,
3319 3612 3382 3667 In
3404 3617 3581 3674 timore
3602 3632 3654 3676 et

2061 3685 2274 3732 tremore
2314 3680 2528 3735 salutem
2571 3694 2785 3742 vestram
2825 3697 3097 3761 aperemiui
3150 3698 3318 3772 (Phil.
3347 3705 3401 3759 2.
3436 3709 3549 3779 12),
3596 3723 3653 3768 et

2059 3766 2261 3822 nullum
2287 3771 2487 3827 aditum
2514 3778 2793 3836 concedite
2822 3782 3039 3842 inimico
3062 3791 3248 3847 salutis
3278 3806 3489 3856 vestrae.
3513 3802 3645 3860 Nam

2059 3858 2243 3918 videns
2287 3878 2429 3920 nunc
2476 3868 2780 3937 spirituales
2830 3886 3035 3934 vestras
3080 3881 3309 3952 divitias,
3350 3870 3545 3948 insanit
3592 3906 3649 3952 et

2055 3950 2277 4021 ferocit,
2351 3967 2406 4013 et
2451 3959 2586 4016 sicut
2646 3963 2731 4019 leo
2783 3969 2999 4038 rugiens
3059 3973 3343 4046 circumit,
3395 3997 3642 4053 quaerens

2053 4056 2212 4112 quem
2251 4044 2476 4104 devoret
2496 4051 2574 4121 (l.
2606 4052 2719 4108 Pet.
2750 4057 2803 4111 5.
2833 4058 2910 4127 8).
2969 4060 3166 4119 Verum
3199 4069 3244 4123 si
3279 4044 3443 4128 sobrii
3475 4074 3637 4134 fueri-

2052 4145 2191 4198 mus,
2222 4135 2348 4190 nulli
2378 4142 2688 4206 prmvalebit
2726 4161 2821 4215 per
2843 4151 3066 4218 gratiam
3097 4154 3208 4211 Dei.

2119 4222 2173 4275 2.
2225 4224 2372 4280 Talia
2401 4230 2540 4284 enim
2572 4246 2693 4288 sunt
2719 4252 2865 4293 arma
2891 4251 3069 4298 nostra
3097 4248 3409 4321 spiritualia,
3448 4258 3642 4325 quibus

2051 4326 2147 4366 nos
2193 4313 2362 4370 induit
2403 4317 2632 4387 Spiritus
2659 4327 2846 4393 gratia,
2887 4331 3025 4386 sicut
3071 4313 3184 4392 lteri
3226 4343 3501 4400 caritatem
3541 4364 3637 4405 ve-

2048 4408 2213 4456 stram
2257 4403 2554 4464 docuimus.
2605 4410 2662 4467 Si
2690 4414 2847 4485 igitur
2876 4418 2958 4476 his
2986 4426 3241 4484 continuo
3268 4434 3503 4491 membra
3534 4454 3635 4494 no-

2048 4500 2157 4546 stra
2196 4497 2564 4563 munierimus,
2617 4505 2756 4562 nulla
2808 4510 2907 4565 tela
2954 4514 3023 4570 ab
3062 4518 3151 4573 Illo
3194 4524 3385 4581 emissa
3426 4529 3492 4582 ad
3536 4546 3636 4588 nos

2043 4584 2349 4654 pertingere
2393 4597 2660 4658 poterunt,
2713 4598 2807 4652 sed
2858 4600 3008 4658 irrita
3060 4606 3129 4661 ad
3177 4610 3348 4680 ipsum
3396 4618 3631 4677 reditura

2041 4683 2167 4730 sunt
2193 4694 2207 4730 :
2240 4680 2520 4737 adamante
2548 4687 2690 4741 enim
2714 4690 2993 4750 solidiores
3020 4696 3110 4753 Dei
3133 4703 3299 4770 gratia
3320 4722 3417 4762 nos
3446 4711 3630 4781 efficit,

2039 4772 2095 4820 et
2120 4765 2166 4821 si
2197 4768 2458 4839 volumus,
2506 4777 2726 4833 omnino
2754 4780 2998 4841 invictos.
3045 4788 3227 4862 itaque
3248 4786 3392 4852 sicut
3418 4802 3508 4869 qui
3537 4804 3632 4858 ad-

2038 4869 2305 4916 amantem
2351 4865 2541 4935 tundit,
2586 4869 2717 4925 nihil
2756 4872 3023 4933 adamanti
3066 4893 3243 4952 nocet,
3273 4889 3367 4943 sed
3394 4893 3629 4963 seipsum

2036 4949 2244 5022 fatigat,
2288 4963 2341 5008 et
2384 4956 2551 5013 robur
2578 4977 2732 5017 suum
2762 4965 3063 5038 imminuit;
3103 4983 3158 5029 et
3195 4949 3285 5046 qui
3323 4949 3506 5038 contra
3533 4986 3630 5040 stic

2036 5042 2208 5098 mulos
2232 5045 2492 5115 calcitrat,
2523 5065 2650 5106 suos
2677 5055 2840 5124 pedes
2860 5072 3105 5119 cruentat
3127 5082 3142 5121 :
3166 5065 3218 5121 in
3245 5066 3385 5126 hunc
3409 5075 3626 5133 modum

2034 5147 2121 5188 res
2163 5148 2223 5190 se
2250 5135 2448 5192 habent
2474 5150 2670 5199 nostra:
2695 5160 2815 5202 cum
2841 5150 3026 5208 salutis
3054 5166 3252 5215 nostra:
3292 5163 3623 5237 adversario,

1974 5250 1993 5258 η
2033 5224 2077 5280 si
2104 5227 2288 5294 armis,
2339 5245 2460 5300 quae
2500 5234 2655 5289 nobis
2684 5236 2914 5308 Spiritus
2952 5248 3123 5302 sancti
3171 5253 3338 5320 gratia
3381 5224 3620 5324 exhibet,

2032 5320 2286 5376 continuo
2312 5338 2409 5378 nos
2438 5327 2759 5386 muniamus.
2809 5332 2976 5392 Tanta
3019 5341 3162 5396 enim
3202 5344 3413 5401 illorum
3457 5350 3625 5408 virtus

2031 5418 2133 5474 est,
2178 5418 2236 5466 ut
2273 5414 2450 5471 radios
2478 5417 2602 5474 inde
2639 5420 2963 5494 fulgurantes
2988 5430 3328 5490 adversarius
3353 5442 3625 5499 sustinere

2032 5513 2136 5555 non
2178 5504 2365 5572 possit,
2408 5507 2503 5563 sed
2554 5510 2659 5565 illis
2710 5516 2849 5571 oculi
2889 5519 3007 5589 ejus
3052 5538 3410 5584 exerceantur.
3488 5533 3621 5601 llis,

2028 5606 2231 5661 quaeso,
2277 5598 2443 5653 armis
2480 5614 2693 5671 semper
2737 5620 2834 5662 nos
2880 5613 3204 5683 muniamus,
3234 5629 3289 5673 et
3314 5624 3393 5675 sic
3433 5626 3622 5681 muniti

2030 5682 2081 5737 in
2114 5681 2285 5742 forum
2312 5700 2408 5743 nos
2452 5692 2822 5754 conferamus:
2872 5701 2949 5757 sic
2998 5704 3136 5776 apud
3174 5711 3375 5770 amicos
3417 5716 3614 5787 simus,

3636 318 3710 374 40
