  <div class='ocr_page' id='page_1' title='image "/cluster/home/n/w/nwhite01/storage/ocr_20150623/53/mdp.39015028539479/040.png"; bbox 0 0 4018 6136; ppageno 0'>
   <div class='ocr_carea' id='block_1_1' title="bbox 296 257 368 311">
    <p class='ocr_par' dir='ltr' id='par_1_1' title="bbox 296 257 368 311">
     <span class='ocr_line' id='line_1_1' title="bbox 296 257 368 311; baseline -0.028 0"><span class='ocrx_word' id='word_1_1' title='bbox 296 257 368 311; x_wconf 73' lang='lat'>59</span> 
     </span>
    </p>
   </div>
   <div class='ocr_carea' id='block_1_2' title="bbox 292 372 1977 450">
    <p class='ocr_par' dir='ltr' id='par_1_2' title="bbox 292 372 1977 450">
     <span class='ocr_line' id='line_1_2' title="bbox 292 372 1977 450; baseline -0.002 -19"><span class='ocrx_word' id='word_1_2' title='bbox 292 374 431 429; x_wconf 78' lang='grc' dir='ltr'>ὅπου</span> <span class='ocrx_word' id='word_1_3' title='bbox 462 372 631 445; x_wconf 82' lang='grc' dir='ltr'>πολλὴ</span> <span class='ocrx_word' id='word_1_4' title='bbox 661 374 919 441; x_wconf 77' lang='grc' dir='ltr'>πολλάκις</span> <span class='ocrx_word' id='word_1_5' title='bbox 948 378 1001 448; x_wconf 73' lang='grc' dir='ltr'>ἡ¹</span> <span class='ocrx_word' id='word_1_6' title='bbox 1027 378 1413 450; x_wconf 88' lang='grc' dir='ltr'>ἀγνωμοσύνη,</span> <span class='ocrx_word' id='word_1_7' title='bbox 1445 380 1638 433; x_wconf 70' lang='grc' dir='ltr'>πολλαὶ</span> <span class='ocrx_word' id='word_1_8' title='bbox 1669 379 1777 432; x_wconf 89' lang='grc' dir='ltr'>τῶν</span> <span class='ocrx_word' id='word_1_9' title='bbox 1820 376 1977 430; x_wconf 89' lang='grc' dir='ltr'>πλεο-</span> 
     </span>
    </p>
   </div>
   <div class='ocr_carea' id='block_1_3' title="bbox 294 450 1980 530">
    <p class='ocr_par' dir='ltr' id='par_1_3' title="bbox 294 450 1980 530">
     <span class='ocr_line' id='line_1_3' title="bbox 294 450 1980 530; baseline 0.008 -28"><span class='ocrx_word' id='word_1_10' title='bbox 294 450 634 506; x_wconf 86' lang='grc' dir='ltr'>νεκτούντων</span> <span class='ocrx_word' id='word_1_11' title='bbox 678 456 737 508; x_wconf 87' lang='grc' dir='ltr'>αί</span> <span class='ocrx_word' id='word_1_12' title='bbox 787 456 1105 527; x_wconf 76' lang='grc' dir='ltr'>ὑπερϐολαί,</span> <span class='ocrx_word' id='word_1_13' title='bbox 1154 459 1265 512; x_wconf 73' lang='grc' dir='ltr'>Καὶ</span> <span class='ocrx_word' id='word_1_14' title='bbox 1318 457 1426 530; x_wconf 71' lang='grc' dir='ltr'>γὰρ</span> <span class='ocrx_word' id='word_1_15' title='bbox 1471 459 1567 514; x_wconf 70' lang='grc' dir='ltr'>καὶ</span> <span class='ocrx_word' id='word_1_16' title='bbox 1613 458 1722 511; x_wconf 90' lang='grc' dir='ltr'>τῶν</span> <span class='ocrx_word' id='word_1_17' title='bbox 1773 456 1980 525; x_wconf 74' lang='grc' dir='ltr'>σφόδρα</span> 
     </span>
    </p>
   </div>
   <div class='ocr_carea' id='block_1_4' title="bbox 292 530 1977 600">
    <p class='ocr_par' dir='ltr' id='par_1_4' title="bbox 292 530 1977 600">
     <span class='ocr_line' id='line_1_4' title="bbox 292 530 1977 600; baseline 0.004 -19"><span class='ocrx_word' id='word_1_18' title='bbox 292 530 537 600; x_wconf 75' lang='grc' dir='ltr'>γνησίων</span> <span class='ocrx_word' id='word_1_19' title='bbox 585 533 770 587; x_wconf 76' lang='grc' dir='ltr'>πολλοὶ</span> <span class='ocrx_word' id='word_1_20' title='bbox 798 535 920 589; x_wconf 87' lang='grc' dir='ltr'>οὐδὲ</span> <span class='ocrx_word' id='word_1_21' title='bbox 961 536 1093 590; x_wconf 90' lang='grc' dir='ltr'>αὑτὸ</span> <span class='ocrx_word' id='word_1_22' title='bbox 1131 537 1193 589; x_wconf 89' lang='grc' dir='ltr'>τὸ</span> <span class='ocrx_word' id='word_1_23' title='bbox 1239 537 1517 591; x_wconf 79' lang='grc' dir='ltr'>δανεισθὲν</span> <span class='ocrx_word' id='word_1_24' title='bbox 1561 539 1674 599; x_wconf 88' lang='grc' dir='ltr'>τοῖς</span> <span class='ocrx_word' id='word_1_25' title='bbox 1723 535 1977 589; x_wconf 83' lang='grc' dir='ltr'>δεδωκόσι</span> 
     </span>
    </p>
   </div>
   <div class='ocr_carea' id='block_1_5' title="bbox 294 607 1975 686">
    <p class='ocr_par' dir='ltr' id='par_1_5' title="bbox 294 607 1975 686">
     <span class='ocr_line' id='line_1_5' title="bbox 294 607 1975 686; baseline 0.005 -26"><span class='ocrx_word' id='word_1_26' title='bbox 294 607 611 679; x_wconf 80' lang='grc' dir='ltr'>παρέσχον,</span> <span class='ocrx_word' id='word_1_27' title='bbox 662 611 695 682; x_wconf 77' lang='grc' dir='ltr'><strong>ἢ</strong></span> <span class='ocrx_word' id='word_1_28' title='bbox 738 612 806 665; x_wconf 89' lang='grc' dir='ltr'>δι’</span> <span class='ocrx_word' id='word_1_29' title='bbox 849 614 1241 686; x_wconf 71' lang='grc' dir='ltr'>ἀγνωμοσύνην</span> <span class='ocrx_word' id='word_1_30' title='bbox 1282 616 1436 669; x_wconf 86' lang='grc' dir='ltr'>τοῦτο</span> <span class='ocrx_word' id='word_1_31' title='bbox 1479 615 1893 685; x_wconf 88' lang='grc' dir='ltr'>ὑπομείναντες,</span> <span class='ocrx_word' id='word_1_32' title='bbox 1942 613 1975 684; x_wconf 86' lang='grc' dir='ltr'>ἢ</span> 
     </span>
    </p>
   </div>
   <div class='ocr_carea' id='block_1_6' title="bbox 299 686 1976 756">
    <p class='ocr_par' dir='ltr' id='par_1_6' title="bbox 299 686 1976 756">
     <span class='ocr_line' id='line_1_6' title="bbox 299 686 1976 756; baseline 0.002 -17"><span class='ocrx_word' id='word_1_33' title='bbox 299 686 398 740; x_wconf 74' lang='grc' dir='ltr'>καὶ</span> <span class='ocrx_word' id='word_1_34' title='bbox 424 686 684 753; x_wconf 83' lang='grc' dir='ltr'>πολλάκις</span> <span class='ocrx_word' id='word_1_35' title='bbox 717 691 823 744; x_wconf 91' lang='grc' dir='ltr'>ὑπὸ</span> <span class='ocrx_word' id='word_1_36' title='bbox 857 693 1048 756; x_wconf 84' lang='grc' dir='ltr'>πενίας</span> <span class='ocrx_word' id='word_1_37' title='bbox 1081 693 1433 756; x_wconf 89' lang='grc' dir='ltr'>κωλυθέντες.</span> <span class='ocrx_word' id='word_1_38' title='bbox 1479 694 1602 747; x_wconf 66' lang='grc' dir='ltr'>Ἐπὶ¹</span> <span class='ocrx_word' id='word_1_39' title='bbox 1650 692 1707 746; x_wconf 89' lang='grc' dir='ltr'>δὲ</span> <span class='ocrx_word' id='word_1_40' title='bbox 1738 691 1833 745; x_wconf 91' lang='grc' dir='ltr'>τοῦ</span> <span class='ocrx_word' id='word_1_41' title='bbox 1867 690 1976 744; x_wconf 88' lang='grc' dir='ltr'>τῶν</span> 
     </span>
    </p>
   </div>
   <div class='ocr_carea' id='block_1_7' title="bbox 297 766 1977 840">
    <p class='ocr_par' dir='ltr' id='par_1_7' title="bbox 297 766 1977 840">
     <span class='ocr_line' id='line_1_7' title="bbox 297 766 1977 840; baseline 0.001 -21"><span class='ocrx_word' id='word_1_42' title='bbox 297 766 553 819; x_wconf 79' lang='grc' dir='ltr'>ἁπάντων</span> <span class='ocrx_word' id='word_1_43' title='bbox 584 769 853 822; x_wconf 87' lang='grc' dir='ltr'>Δεσπότου</span> <span class='ocrx_word' id='word_1_44' title='bbox 889 769 1043 823; x_wconf 79' lang='grc' dir='ltr'>οὐδὲν</span> <span class='ocrx_word' id='word_1_45' title='bbox 1076 770 1282 826; x_wconf 87' lang='grc' dir='ltr'>τούτων</span> <span class='ocrx_word' id='word_1_46' title='bbox 1318 772 1437 824; x_wconf 87' lang='grc' dir='ltr'>ἐστί</span> <span class='ocrx_word' id='word_1_47' title='bbox 1468 769 1808 840; x_wconf 86' lang='grc' dir='ltr'>λογίσασθαι,</span> <span class='ocrx_word' id='word_1_48' title='bbox 1839 768 1977 822; x_wconf 79' lang='grc' dir='ltr'>ἀλλά</span> 
     </span>
    </p>
   </div>
   <div class='ocr_carea' id='block_1_8' title="bbox 294 842 1976 920">
    <p class='ocr_par' dir='ltr' id='par_1_8' title="bbox 294 842 1976 920">
     <span class='ocr_line' id='line_1_8' title="bbox 294 842 1976 920; baseline 0.005 -29"><span class='ocrx_word' id='word_1_49' title='bbox 294 842 390 895; x_wconf 73' lang='grc' dir='ltr'>,καὶ</span> <span class='ocrx_word' id='word_1_50' title='bbox 425 843 485 894; x_wconf 80' lang='grc' dir='ltr'>τὸ</span> <span class='ocrx_word' id='word_1_51' title='bbox 516 843 724 900; x_wconf 80' lang='grc' dir='ltr'>δάνειον</span> <span class='ocrx_word' id='word_1_52' title='bbox 758 847 1019 917; x_wconf 79' lang='grc' dir='ltr'>ἀκέραιον</span> <span class='ocrx_word' id='word_1_53' title='bbox 1052 848 1222 918; x_wconf 86' lang='grc' dir='ltr'>μένει,</span> <span class='ocrx_word' id='word_1_54' title='bbox 1257 849 1352 904; x_wconf 78' lang='grc' dir='ltr'>καὶ</span> <span class='ocrx_word' id='word_1_55' title='bbox 1383 849 1523 920; x_wconf 86' lang='grc' dir='ltr'>ὑπὲρ</span> <span class='ocrx_word' id='word_1_56' title='bbox 1551 848 1660 902; x_wconf 87' lang='grc' dir='ltr'>τῶν</span> <span class='ocrx_word' id='word_1_57' title='bbox 1699 846 1976 920; x_wconf 72' lang='grc' dir='ltr'>καταθαλ-</span> 
     </span>
    </p>
   </div>
   <div class='ocr_carea' id='block_1_9' title="bbox 293 917 1975 998">
    <p class='ocr_par' dir='ltr' id='par_1_9' title="bbox 293 917 1975 998">
     <span class='ocr_line' id='line_1_9' title="bbox 293 917 1975 998; baseline 0.002 -25"><span class='ocrx_word' id='word_1_58' title='bbox 293 920 536 989; x_wconf 86' lang='grc' dir='ltr'>λομένων</span> <span class='ocrx_word' id='word_1_59' title='bbox 569 917 1101 980; x_wconf 79' lang='grc' dir='ltr'>ἑκατονταπλασίονα</span> <span class='ocrx_word' id='word_1_60' title='bbox 1127 930 1432 998; x_wconf 82' lang='grc' dir='ltr'>παρασχεῖν</span> <span class='ocrx_word' id='word_1_61' title='bbox 1457 917 1797 998; x_wconf 82' lang='grc' dir='ltr'>ὑπισχνεῖται</span> <span class='ocrx_word' id='word_1_62' title='bbox 1837 917 1975 996; x_wconf 82' lang='grc' dir='ltr'>μετά</span> 
     </span>
    </p>
   </div>
   <div class='ocr_carea' id='block_1_10' title="bbox 292 999 1968 1076">
    <p class='ocr_par' dir='ltr' id='par_1_10' title="bbox 292 999 1968 1076">
     <span class='ocr_line' id='line_1_10' title="bbox 292 999 1968 1076; baseline 0.004 -26"><span class='ocrx_word' id='word_1_63' title='bbox 292 999 476 1076; x_wconf 75' lang='grc' dir='ltr'>τοῦτο,</span> <span class='ocrx_word' id='word_1_64' title='bbox 505 1004 599 1053; x_wconf 79' lang='grc' dir='ltr'>καὶ</span> <span class='ocrx_word' id='word_1_65' title='bbox 631 1002 730 1074; x_wconf 83' lang='grc' dir='ltr'>τὴν</span> <span class='ocrx_word' id='word_1_66' title='bbox 768 1005 826 1056; x_wconf 86' lang='grc' dir='ltr'>ὲν</span> <span class='ocrx_word' id='word_1_67' title='bbox 852 1004 931 1074; x_wconf 86' lang='grc' dir='ltr'>τῷ</span> <span class='ocrx_word' id='word_1_68' title='bbox 959 1004 1203 1074; x_wconf 90' lang='grc' dir='ltr'>μέλλοντι</span> <span class='ocrx_word' id='word_1_69' title='bbox 1235 1005 1380 1076; x_wconf 79' lang='grc' dir='ltr'>ζωὴν</span> <span class='ocrx_word' id='word_1_70' title='bbox 1416 1005 1548 1075; x_wconf 86' lang='grc' dir='ltr'>ἡμῖν</span> <span class='ocrx_word' id='word_1_71' title='bbox 1579 1004 1898 1076; x_wconf 82' lang='grc' dir='ltr'>ταμιεύεται</span> <span class='ocrx_word' id='word_1_72' title='bbox 1921 1016 1968 1056; x_wconf 73' lang='grc' dir='ltr'>ιι.</span> 
     </span>
    </p>
   </div>
   <div class='ocr_carea' id='block_1_11' title="bbox 295 1074 1971 1154">
    <p class='ocr_par' dir='ltr' id='par_1_11' title="bbox 295 1074 1971 1154">
     <span class='ocr_line' id='line_1_11' title="bbox 295 1074 1971 1154; baseline 0.002 -24"><span class='ocrx_word' id='word_1_73' title='bbox 295 1079 391 1140; x_wconf 86' lang='grc' dir='ltr'>Τίς</span> <span class='ocrx_word' id='word_1_74' title='bbox 425 1074 518 1131; x_wconf 84' lang='grc' dir='ltr'>οὖν</span> <span class='ocrx_word' id='word_1_75' title='bbox 552 1082 686 1150; x_wconf 89' lang='grc' dir='ltr'>ἡμῖν</span> <span class='ocrx_word' id='word_1_76' title='bbox 733 1081 919 1136; x_wconf 86' lang='grc' dir='ltr'>λοιπὸν</span> <span class='ocrx_word' id='word_1_77' title='bbox 957 1083 1224 1153; x_wconf 82' lang='grc' dir='ltr'>ἀπολογία</span> <span class='ocrx_word' id='word_1_78' title='bbox 1273 1074 1519 1136; x_wconf 83' lang='grc' dir='ltr'>λείπεται</span> <span class='ocrx_word' id='word_1_79' title='bbox 1573 1074 1971 1154; x_wconf 14' lang='grc' dir='ltr'>μὴήσπεύδουσι</span> 
     </span>
    </p>
   </div>
   <div class='ocr_carea' id='block_1_12' title="bbox 296 1157 1971 1233">
    <p class='ocr_par' dir='ltr' id='par_1_12' title="bbox 296 1157 1971 1233">
     <span class='ocr_line' id='line_1_12' title="bbox 296 1157 1971 1233; baseline 0.004 -25"><span class='ocrx_word' id='word_1_80' title='bbox 296 1157 393 1208; x_wconf 76' lang='grc' dir='ltr'>καὶ</span> <span class='ocrx_word' id='word_1_81' title='bbox 447 1158 825 1228; x_wconf 79' lang='grc' dir='ltr'>ἐπειγομένοις</span> <span class='ocrx_word' id='word_1_82' title='bbox 866 1162 988 1215; x_wconf 76' lang='grc' dir='ltr'>ἀντὶ</span> <span class='ocrx_word' id='word_1_83' title='bbox 1040 1162 1150 1215; x_wconf 87' lang='grc' dir='ltr'>τῶν</span> <span class='ocrx_word' id='word_1_84' title='bbox 1195 1162 1391 1233; x_wconf 84' lang='grc' dir='ltr'>ὀλίγων</span> <span class='ocrx_word' id='word_1_85' title='bbox 1441 1163 1971 1217; x_wconf 78' lang='grc' dir='ltr'>ἑκατονταπλασίονα</span> 
     </span>
    </p>
   </div>
   <div class='ocr_carea' id='block_1_13' title="bbox 293 1235 1970 1314">
    <p class='ocr_par' dir='ltr' id='par_1_13' title="bbox 293 1235 1970 1314">
     <span class='ocr_line' id='line_1_13' title="bbox 293 1235 1970 1314; baseline 0.005 -29"><span class='ocrx_word' id='word_1_86' title='bbox 293 1235 500 1300; x_wconf 83' lang='grc' dir='ltr'>λαϐεῖν,</span> <span class='ocrx_word' id='word_1_87' title='bbox 538 1236 634 1291; x_wconf 78' lang='grc' dir='ltr'>καὶ</span> <span class='ocrx_word' id='word_1_88' title='bbox 674 1238 797 1290; x_wconf 74' lang='grc' dir='ltr'>ἀντὶ</span> <span class='ocrx_word' id='word_1_89' title='bbox 840 1239 949 1293; x_wconf 86' lang='grc' dir='ltr'>τῶν</span> <span class='ocrx_word' id='word_1_90' title='bbox 980 1241 1263 1314; x_wconf 82' lang='grc' dir='ltr'>παρόντων</span> <span class='ocrx_word' id='word_1_91' title='bbox 1305 1243 1373 1297; x_wconf 81' lang='grc' dir='ltr'>τά</span> <span class='ocrx_word' id='word_1_92' title='bbox 1404 1242 1688 1313; x_wconf 84' lang='grc' dir='ltr'>μέλλοντα,</span> <span class='ocrx_word' id='word_1_93' title='bbox 1718 1244 1815 1296; x_wconf 74' lang='grc' dir='ltr'>καὶ</span> <span class='ocrx_word' id='word_1_94' title='bbox 1849 1241 1970 1295; x_wconf 76' lang='grc' dir='ltr'>ἀντὶ</span> 
     </span>
    </p>
   </div>
   <div class='ocr_carea' id='block_1_14' title="bbox 290 1314 1968 1393">
    <p class='ocr_par' dir='ltr' id='par_1_14' title="bbox 290 1314 1968 1393">
     <span class='ocr_line' id='line_1_14' title="bbox 290 1314 1968 1393; baseline 0.004 -26"><span class='ocrx_word' id='word_1_95' title='bbox 290 1314 401 1393; x_wconf 81' lang='grc' dir='ltr'>τῶν</span> <span class='ocrx_word' id='word_1_96' title='bbox 434 1317 790 1387; x_wconf 87' lang='grc' dir='ltr'>προσκαίρων</span> <span class='ocrx_word' id='word_1_97' title='bbox 816 1320 885 1391; x_wconf 82' lang='grc' dir='ltr'>τά</span> <span class='ocrx_word' id='word_1_98' title='bbox 913 1320 1128 1387; x_wconf 77' lang='grc' dir='ltr'>αἰώνια,</span> <span class='ocrx_word' id='word_1_99' title='bbox 1163 1320 1278 1375; x_wconf 89' lang='grc' dir='ltr'>ἀλλ’</span> <span class='ocrx_word' id='word_1_100' title='bbox 1310 1321 1484 1392; x_wconf 80' lang='grc' dir='ltr'>ἡδέως</span> <span class='ocrx_word' id='word_1_101' title='bbox 1513 1321 1706 1393; x_wconf 80' lang='grc' dir='ltr'>θύραις</span> <span class='ocrx_word' id='word_1_102' title='bbox 1739 1321 1832 1374; x_wconf 77' lang='grc' dir='ltr'>καὶ</span> <span class='ocrx_word' id='word_1_103' title='bbox 1869 1338 1968 1392; x_wconf 86' lang='grc' dir='ltr'>μο-</span> 
     </span>
    </p>
   </div>
   <div class='ocr_carea' id='block_1_15' title="bbox 288 1391 1968 1470">
    <p class='ocr_par' dir='ltr' id='par_1_15' title="bbox 288 1391 1968 1470">
     <span class='ocr_line' id='line_1_15' title="bbox 288 1391 1968 1470; baseline 0.006 -28"><span class='ocrx_word' id='word_1_104' title='bbox 288 1391 438 1462; x_wconf 75' lang='grc' dir='ltr'>χλοῖς</span> <span class='ocrx_word' id='word_1_105' title='bbox 483 1394 896 1452; x_wconf 85' lang='grc' dir='ltr'>ἐναποκλείουσι</span> <span class='ocrx_word' id='word_1_106' title='bbox 948 1398 1019 1452; x_wconf 88' lang='grc' dir='ltr'>τὰ</span> <span class='ocrx_word' id='word_1_107' title='bbox 1057 1391 1348 1470; x_wconf 81' lang='grc' dir='ltr'>χρήματα,</span> <span class='ocrx_word' id='word_1_108' title='bbox 1387 1401 1480 1454; x_wconf 69' lang='grc' dir='ltr'>καὶ</span> <span class='ocrx_word' id='word_1_109' title='bbox 1525 1391 1591 1452; x_wconf 22' lang='grc' dir='ltr'>οὑν</span> <span class='ocrx_word' id='word_1_110' title='bbox 1625 1400 1968 1470; x_wconf 84' lang='grc' dir='ltr'>βουλομένοις</span> 
     </span>
    </p>
   </div>
   <div class='ocr_carea' id='block_1_16' title="bbox 286 1471 1965 1550">
    <p class='ocr_par' dir='ltr' id='par_1_16' title="bbox 286 1471 1965 1550">
     <span class='ocr_line' id='line_1_16' title="bbox 286 1471 1965 1550; baseline 0.005 -28"><span class='ocrx_word' id='word_1_111' title='bbox 286 1472 429 1526; x_wconf 83' lang='grc' dir='ltr'>αὑτά</span> <span class='ocrx_word' id='word_1_112' title='bbox 464 1471 560 1526; x_wconf 84' lang='grc' dir='ltr'>νῦν</span> <span class='ocrx_word' id='word_1_113' title='bbox 610 1474 875 1545; x_wconf 80' lang='grc' dir='ltr'>προέσθαι</span> <span class='ocrx_word' id='word_1_114' title='bbox 903 1480 1018 1542; x_wconf 87' lang='grc' dir='ltr'>τοῖς</span> <span class='ocrx_word' id='word_1_115' title='bbox 1055 1477 1349 1549; x_wconf 78' lang='grc' dir='ltr'>δεομένοις</span> <span class='ocrx_word' id='word_1_116' title='bbox 1380 1478 1446 1531; x_wconf 87' lang='grc' dir='ltr'>τά</span> <span class='ocrx_word' id='word_1_117' title='bbox 1479 1478 1667 1542; x_wconf 84' lang='grc' dir='ltr'>ἁπλῶς</span> <span class='ocrx_word' id='word_1_118' title='bbox 1710 1479 1804 1531; x_wconf 72' lang='grc' dir='ltr'>καὶ</span> <span class='ocrx_word' id='word_1_119' title='bbox 1846 1479 1965 1550; x_wconf 79' lang='grc' dir='ltr'>εἰκῆ</span> 
     </span>
    </p>
   </div>
   <div class='ocr_carea' id='block_1_17' title="bbox 284 1551 1969 1630">
    <p class='ocr_par' dir='ltr' id='par_1_17' title="bbox 284 1551 1969 1630">
     <span class='ocr_line' id='line_1_17' title="bbox 284 1551 1969 1630; baseline 0.004 -27"><span class='ocrx_word' id='word_1_120' title='bbox 284 1551 537 1623; x_wconf 87' lang='grc' dir='ltr'>κείμενα,</span> <span class='ocrx_word' id='word_1_121' title='bbox 567 1552 655 1606; x_wconf 87' lang='grc' dir='ltr'>ῐνα</span> <span class='ocrx_word' id='word_1_122' title='bbox 693 1557 750 1607; x_wconf 88' lang='grc' dir='ltr'>ἐν</span> <span class='ocrx_word' id='word_1_123' title='bbox 784 1555 865 1626; x_wconf 84' lang='grc' dir='ltr'>τῷ</span> <span class='ocrx_word' id='word_1_124' title='bbox 891 1556 1139 1628; x_wconf 88' lang='grc' dir='ltr'>μέλλοντι</span> <span class='ocrx_word' id='word_1_125' title='bbox 1161 1556 1317 1611; x_wconf 83' lang='grc' dir='ltr'>αἰῶνι</span> <span class='ocrx_word' id='word_1_126' title='bbox 1350 1558 1449 1628; x_wconf 85' lang='grc' dir='ltr'>τῆς</span> <span class='ocrx_word' id='word_1_127' title='bbox 1482 1559 1613 1630; x_wconf 83' lang='grc' dir='ltr'>παρ’</span> <span class='ocrx_word' id='word_1_128' title='bbox 1636 1557 1816 1611; x_wconf 89' lang='grc' dir='ltr'>αὑτῶν</span> <span class='ocrx_word' id='word_1_129' title='bbox 1843 1574 1969 1628; x_wconf 91' lang='grc' dir='ltr'>προ-</span> 
     </span>
    </p>
   </div>
   <div class='ocr_carea' id='block_1_18' title="bbox 285 1631 1967 1708">
    <p class='ocr_par' dir='ltr' id='par_1_18' title="bbox 285 1631 1967 1708">
     <span class='ocr_line' id='line_1_18' title="bbox 285 1631 1967 1708; baseline 0.005 -26"><span class='ocrx_word' id='word_1_130' title='bbox 285 1631 519 1695; x_wconf 74' lang='grc' dir='ltr'>στασίας</span> <span class='ocrx_word' id='word_1_131' title='bbox 546 1632 979 1706; x_wconf 84' lang='grc' dir='ltr'>ἀπολαύσωμεν;</span> <span class='ocrx_word' id='word_1_132' title='bbox 1024 1634 1325 1704; x_wconf 77' lang='grc' dir='ltr'>Ποιήσατε</span> <span class='ocrx_word' id='word_1_133' title='bbox 1346 1636 1455 1708; x_wconf 90' lang='grc' dir='ltr'>γάρ</span> <span class='ocrx_word' id='word_1_134' title='bbox 1481 1636 1625 1706; x_wconf 80' lang='grc' dir='ltr'>ὑμῖν</span> <span class='ocrx_word' id='word_1_135' title='bbox 1648 1637 1871 1706; x_wconf 75' lang='grc' dir='ltr'>φίλους</span> <span class='ocrx_word' id='word_1_136' title='bbox 1898 1636 1967 1690; x_wconf 83' lang='grc' dir='ltr'>ἐκ</span> 
     </span>
    </p>
   </div>
   <div class='ocr_carea' id='block_1_19' title="bbox 284 1709 1968 1783">
    <p class='ocr_par' dir='ltr' id='par_1_19' title="bbox 284 1709 1968 1783">
     <span class='ocr_line' id='line_1_19' title="bbox 284 1709 1968 1783; baseline 0.005 -22"><span class='ocrx_word' id='word_1_137' title='bbox 284 1709 394 1763; x_wconf 89' lang='grc' dir='ltr'>τοῦ</span> <span class='ocrx_word' id='word_1_138' title='bbox 433 1710 691 1780; x_wconf 78' lang='grc' dir='ltr'>μαμωνᾶ</span> <span class='ocrx_word' id='word_1_139' title='bbox 737 1711 847 1780; x_wconf 82' lang='grc' dir='ltr'>τῆς</span> <span class='ocrx_word' id='word_1_140' title='bbox 891 1713 1149 1782; x_wconf 80' lang='grc' dir='ltr'>ἀδικίας,</span> <span class='ocrx_word' id='word_1_141' title='bbox 1173 1716 1294 1781; x_wconf 80' lang='grc' dir='ltr'>ἵνα,</span> <span class='ocrx_word' id='word_1_142' title='bbox 1326 1713 1473 1768; x_wconf 87' lang='grc' dir='ltr'>ὅταν</span> <span class='ocrx_word' id='word_1_143' title='bbox 1503 1715 1841 1783; x_wconf 81' lang='grc' dir='ltr'>ἐκλείπητε,</span> <span class='ocrx_word' id='word_1_144' title='bbox 1874 1714 1968 1769; x_wconf 84' lang='grc' dir='ltr'>δέ-</span> 
     </span>
    </p>
   </div>
   <div class='ocr_carea' id='block_1_20' title="bbox 285 1790 1967 1861">
    <p class='ocr_par' dir='ltr' id='par_1_20' title="bbox 285 1790 1967 1861">
     <span class='ocr_line' id='line_1_20' title="bbox 285 1790 1967 1861; baseline 0.003 -20"><span class='ocrx_word' id='word_1_145' title='bbox 285 1791 508 1853; x_wconf 81' lang='grc' dir='ltr'>ξωνται</span> <span class='ocrx_word' id='word_1_146' title='bbox 535 1790 687 1859; x_wconf 82' lang='grc' dir='ltr'>ὑμᾶς</span> <span class='ocrx_word' id='word_1_147' title='bbox 724 1794 812 1858; x_wconf 76' lang='grc' dir='ltr'>εὶς</span> <span class='ocrx_word' id='word_1_148' title='bbox 853 1794 960 1859; x_wconf 84' lang='grc' dir='ltr'>τὰς</span> <span class='ocrx_word' id='word_1_149' title='bbox 1002 1794 1284 1860; x_wconf 79' lang='grc' dir='ltr'>αἰωνίους</span> <span class='ocrx_word' id='word_1_150' title='bbox 1320 1792 1522 1847; x_wconf 80' lang='grc' dir='ltr'>αὐτῶν</span> <span class='ocrx_word' id='word_1_151' title='bbox 1557 1792 1814 1861; x_wconf 81' lang='grc' dir='ltr'>σκηνάς.</span> <span class='ocrx_word' id='word_1_152' title='bbox 1857 1791 1967 1846; x_wconf 77' lang='grc' dir='ltr'>Καὶ</span> 
     </span>
    </p>
   </div>
   <div class='ocr_carea' id='block_1_21' title="bbox 283 1864 1966 1944">
    <p class='ocr_par' dir='ltr' id='par_1_21' title="bbox 283 1864 1966 1944">
     <span class='ocr_line' id='line_1_21' title="bbox 283 1864 1966 1944; baseline 0.002 -23"><span class='ocrx_word' id='word_1_153' title='bbox 283 1864 426 1932; x_wconf 75' lang='grc' dir='ltr'>οἶδα,</span> <span class='ocrx_word' id='word_1_154' title='bbox 455 1869 540 1922; x_wconf 83' lang='grc' dir='ltr'>ὅτι</span> <span class='ocrx_word' id='word_1_155' title='bbox 581 1870 766 1924; x_wconf 76' lang='grc' dir='ltr'>πολλοὶ</span> <span class='ocrx_word' id='word_1_156' title='bbox 800 1873 860 1924; x_wconf 90' lang='grc' dir='ltr'>οὑ</span> <span class='ocrx_word' id='word_1_157' title='bbox 898 1873 1060 1942; x_wconf 88' lang='grc' dir='ltr'>μόνον</span> <span class='ocrx_word' id='word_1_158' title='bbox 1091 1873 1153 1926; x_wconf 89' lang='grc' dir='ltr'>οὑ</span> <span class='ocrx_word' id='word_1_159' title='bbox 1188 1873 1505 1943; x_wconf 84' lang='grc' dir='ltr'>προσίενται</span> <span class='ocrx_word' id='word_1_160' title='bbox 1546 1873 1617 1927; x_wconf 86' lang='grc' dir='ltr'>τά</span> <span class='ocrx_word' id='word_1_161' title='bbox 1654 1873 1782 1944; x_wconf 83' lang='grc' dir='ltr'>παρ’</span> <span class='ocrx_word' id='word_1_162' title='bbox 1807 1871 1966 1944; x_wconf 83' lang='grc' dir='ltr'>ἡμῶν</span> 
     </span>
    </p>
   </div>
   <div class='ocr_carea' id='block_1_22' title="bbox 281 1946 1962 2025">
    <p class='ocr_par' dir='ltr' id='par_1_22' title="bbox 281 1946 1962 2025">
     <span class='ocr_line' id='line_1_22' title="bbox 281 1946 1962 2025; baseline 0.004 -27"><span class='ocrx_word' id='word_1_163' title='bbox 281 1946 577 2018; x_wconf 87' lang='grc' dir='ltr'>λεγόμενα,</span> <span class='ocrx_word' id='word_1_164' title='bbox 596 1949 732 2004; x_wconf 86' lang='grc' dir='ltr'>ἀλλά</span> <span class='ocrx_word' id='word_1_165' title='bbox 763 1951 857 2004; x_wconf 71' lang='grc' dir='ltr'>καὶ</span> <span class='ocrx_word' id='word_1_166' title='bbox 887 1951 962 2015; x_wconf 86' lang='grc' dir='ltr'>ὠς</span> <span class='ocrx_word' id='word_1_167' title='bbox 988 1950 1153 2023; x_wconf 84' lang='grc' dir='ltr'>λῆρόν</span> <span class='ocrx_word' id='word_1_168' title='bbox 1184 1968 1308 2005; x_wconf 89' lang='grc' dir='ltr'>τινα</span> <span class='ocrx_word' id='word_1_169' title='bbox 1332 1952 1426 2006; x_wconf 78' lang='grc' dir='ltr'>καὶ</span> <span class='ocrx_word' id='word_1_170' title='bbox 1453 1952 1621 2025; x_wconf 87' lang='grc' dir='ltr'>μῦθον</span> <span class='ocrx_word' id='word_1_171' title='bbox 1651 1951 1962 2017; x_wconf 87' lang='grc' dir='ltr'>ἀκούοντες,</span> 
     </span>
    </p>
   </div>
   <div class='ocr_carea' id='block_1_23' title="bbox 232 2026 1965 2103">
    <p class='ocr_par' dir='ltr' id='par_1_23' title="bbox 232 2026 1965 2103">
     <span class='ocr_line' id='line_1_23' title="bbox 232 2026 1965 2103; baseline 0.002 -25"><span class='ocrx_word' id='word_1_172' title='bbox 232 2078 237 2085; x_wconf 35' lang='grc' dir='ltr'><strong>λ</strong></span> <span class='ocrx_word' id='word_1_173' title='bbox 280 2026 346 2079; x_wconf 88' lang='grc' dir='ltr'>οὑ</span> <span class='ocrx_word' id='word_1_174' title='bbox 387 2028 713 2099; x_wconf 84' lang='grc' dir='ltr'>προσέχουσι</span> <span class='ocrx_word' id='word_1_175' title='bbox 755 2030 784 2069; x_wconf 71' lang='grc' dir='ltr'>δ</span> <span class='ocrx_word' id='word_1_176' title='bbox 820 2032 929 2094; x_wconf 77' lang='grc' dir='ltr'>τοῖς</span> <span class='ocrx_word' id='word_1_177' title='bbox 968 2032 1259 2103; x_wconf 83' lang='grc' dir='ltr'>ἡμετέροις</span> <span class='ocrx_word' id='word_1_178' title='bbox 1291 2032 1490 2102; x_wconf 91' lang='grc' dir='ltr'>λόγοις.</span> <span class='ocrx_word' id='word_1_179' title='bbox 1537 2030 1678 2084; x_wconf 78' lang='grc' dir='ltr'>Ἀλλ’</span> <span class='ocrx_word' id='word_1_180' title='bbox 1717 2029 1829 2099; x_wconf 86' lang='grc' dir='ltr'>ἐγὼ</span> <span class='ocrx_word' id='word_1_181' title='bbox 1873 2031 1965 2083; x_wconf 67' lang='grc' dir='ltr'>κού⁵</span> 
     </span>
    </p>
   </div>
   <div class='ocr_carea' id='block_1_24' title="bbox 279 2105 1960 2180">
    <p class='ocr_par' dir='ltr' id='par_1_24' title="bbox 279 2105 1960 2180">
     <span class='ocr_line' id='line_1_24' title="bbox 279 2105 1960 2180; baseline 0.002 -22"><span class='ocrx_word' id='word_1_182' title='bbox 279 2105 374 2160; x_wconf 78' lang='grc' dir='ltr'>διὰ</span> <span class='ocrx_word' id='word_1_183' title='bbox 399 2105 558 2159; x_wconf 88' lang='grc' dir='ltr'>τοῦτο</span> <span class='ocrx_word' id='word_1_184' title='bbox 597 2106 886 2179; x_wconf 89' lang='grc' dir='ltr'>δάκνομαι,</span> <span class='ocrx_word' id='word_1_185' title='bbox 926 2110 1020 2163; x_wconf 77' lang='grc' dir='ltr'>καὶ</span> <span class='ocrx_word' id='word_1_186' title='bbox 1063 2109 1362 2180; x_wconf 78' lang='grc' dir='ltr'>ὀδυνῶμαι,</span> <span class='ocrx_word' id='word_1_187' title='bbox 1392 2111 1474 2164; x_wconf 83' lang='grc' dir='ltr'>ὅτι</span> <span class='ocrx_word' id='word_1_188' title='bbox 1509 2108 1634 2163; x_wconf 84' lang='grc' dir='ltr'>οὑτε</span> <span class='ocrx_word' id='word_1_189' title='bbox 1672 2109 1780 2162; x_wconf 88' lang='grc' dir='ltr'>τῶν</span> <span class='ocrx_word' id='word_1_190' title='bbox 1818 2126 1960 2179; x_wconf 89' lang='grc' dir='ltr'>πρα-</span> 
     </span>
    </p>
   </div>
   <div class='ocr_carea' id='block_1_25' title="bbox 282 2184 1958 2259">
    <p class='ocr_par' dir='ltr' id='par_1_25' title="bbox 282 2184 1958 2259">
     <span class='ocr_line' id='line_1_25' title="bbox 282 2184 1958 2259; baseline 0.001 -22"><span class='ocrx_word' id='word_1_191' title='bbox 282 2185 515 2256; x_wconf 88' lang='grc' dir='ltr'>γμάτων</span> <span class='ocrx_word' id='word_1_192' title='bbox 545 2187 578 2256; x_wconf 88' lang='grc' dir='ltr'>ή</span> <span class='ocrx_word' id='word_1_193' title='bbox 606 2187 791 2257; x_wconf 89' lang='grc' dir='ltr'>πεῖρα,</span> <span class='ocrx_word' id='word_1_194' title='bbox 833 2184 957 2239; x_wconf 82' lang='grc' dir='ltr'>οὔτε</span> <span class='ocrx_word' id='word_1_195' title='bbox 996 2189 1029 2257; x_wconf 90' lang='grc' dir='ltr'>ἡ</span> <span class='ocrx_word' id='word_1_196' title='bbox 1071 2187 1310 2259; x_wconf 84' lang='grc' dir='ltr'>τοσαύτη</span> <span class='ocrx_word' id='word_1_197' title='bbox 1342 2187 1438 2241; x_wconf 85' lang='grc' dir='ltr'>τοῦ</span> <span class='ocrx_word' id='word_1_198' title='bbox 1474 2186 1609 2240; x_wconf 88' lang='grc' dir='ltr'>Θεοῦ</span> <span class='ocrx_word' id='word_1_199' title='bbox 1645 2186 1958 2257; x_wconf 90' lang='grc' dir='ltr'>ὑπόσχεσις,</span> 
     </span>
    </p>
   </div>
   <div class='ocr_carea' id='block_1_26' title="bbox 280 2263 1963 2336">
    <p class='ocr_par' dir='ltr' id='par_1_26' title="bbox 280 2263 1963 2336">
     <span class='ocr_line' id='line_1_26' title="bbox 280 2263 1963 2336; baseline 0 -19"><span class='ocrx_word' id='word_1_200' title='bbox 280 2263 409 2317; x_wconf 76' lang='grc' dir='ltr'>οὔτε</span> <span class='ocrx_word' id='word_1_201' title='bbox 434 2266 463 2317; x_wconf 98' lang='lat'>6</span> <span class='ocrx_word' id='word_1_202' title='bbox 491 2264 655 2333; x_wconf 69' lang='grc' dir='ltr'>φόϐος</span> <span class='ocrx_word' id='word_1_203' title='bbox 683 2265 792 2317; x_wconf 91' lang='grc' dir='ltr'>τῶν</span> <span class='ocrx_word' id='word_1_204' title='bbox 818 2265 1143 2336; x_wconf 85' lang='grc' dir='ltr'>μελλόντων,</span> <span class='ocrx_word' id='word_1_205' title='bbox 1166 2266 1289 2320; x_wconf 85' lang='grc' dir='ltr'>οὑτε</span> <span class='ocrx_word' id='word_1_206' title='bbox 1316 2268 1373 2321; x_wconf 84' lang='grc' dir='ltr'>αί</span> <span class='ocrx_word' id='word_1_207' title='bbox 1406 2265 1526 2320; x_wconf 80' lang='grc' dir='ltr'>καθ’</span> <span class='ocrx_word' id='word_1_208' title='bbox 1558 2265 1796 2335; x_wconf 78' lang='grc' dir='ltr'>ἑκάστην</span> <span class='ocrx_word' id='word_1_209' title='bbox 1824 2264 1933 2335; x_wconf 85' lang='grc' dir='ltr'>ἡμέ</span> <span class='ocrx_word' id='word_1_210' title='bbox 1950 2292 1963 2303; x_wconf 92' lang='lat'><strong>-</strong></span> 
     </span>
    </p>
   </div>
   <div class='ocr_carea' id='block_1_27' title="bbox 280 2343 1961 2417">
    <p class='ocr_par' dir='ltr' id='par_1_27' title="bbox 280 2343 1961 2417">
     <span class='ocr_line' id='line_1_27' title="bbox 280 2343 1961 2417; baseline -0.001 -20"><span class='ocrx_word' id='word_1_211' title='bbox 280 2361 387 2413; x_wconf 88' lang='grc' dir='ltr'>ραν</span> <span class='ocrx_word' id='word_1_212' title='bbox 421 2343 551 2413; x_wconf 85' lang='grc' dir='ltr'>παρ’</span> <span class='ocrx_word' id='word_1_213' title='bbox 581 2344 741 2417; x_wconf 86' lang='grc' dir='ltr'>ἡμῶν</span> <span class='ocrx_word' id='word_1_214' title='bbox 784 2347 1134 2416; x_wconf 81' lang='grc' dir='ltr'>παραινέσεις</span> <span class='ocrx_word' id='word_1_215' title='bbox 1177 2345 1285 2399; x_wconf 86' lang='grc' dir='ltr'>τῶν</span> <span class='ocrx_word' id='word_1_216' title='bbox 1328 2344 1585 2399; x_wconf 85' lang='grc' dir='ltr'>τοιούτων</span> <span class='ocrx_word' id='word_1_217' title='bbox 1637 2343 1961 2397; x_wconf 79' lang='grc' dir='ltr'>καθικέσθαι</span> 
     </span>
    </p>
   </div>
   <div class='ocr_carea' id='block_1_28' title="bbox 276 2420 1961 2495">
    <p class='ocr_par' dir='ltr' id='par_1_28' title="bbox 276 2420 1961 2495">
     <span class='ocr_line' id='line_1_28' title="bbox 276 2420 1961 2495; baseline 0.001 -21"><span class='ocrx_word' id='word_1_218' title='bbox 276 2422 627 2493; x_wconf 78' lang='grc' dir='ltr'>ἠδυνήθησαν</span> <span class='ocrx_word' id='word_1_219' title='bbox 654 2433 703 2485; x_wconf 78' lang='grc' dir='ltr'>ο,</span> <span class='ocrx_word' id='word_1_220' title='bbox 753 2424 849 2477; x_wconf 75' lang='grc' dir='ltr'>καὶ</span> <span class='ocrx_word' id='word_1_221' title='bbox 893 2424 955 2476; x_wconf 88' lang='grc' dir='ltr'>οὑ</span> <span class='ocrx_word' id='word_1_222' title='bbox 1007 2424 1289 2494; x_wconf 89' lang='grc' dir='ltr'>παύσομαι</span> <span class='ocrx_word' id='word_1_223' title='bbox 1341 2423 1462 2476; x_wconf 87' lang='grc' dir='ltr'>οὑδὲ</span> <span class='ocrx_word' id='word_1_224' title='bbox 1490 2430 1494 2434; x_wconf 85' lang='grc'><em>’</em></span> <span class='ocrx_word' id='word_1_225' title='bbox 1521 2420 1636 2495; x_wconf 65' lang='grc'>[22]</span> <span class='ocrx_word' id='word_1_226' title='bbox 1678 2421 1821 2475; x_wconf 82' lang='grc' dir='ltr'>οὑτω</span> <span class='ocrx_word' id='word_1_227' title='bbox 1863 2425 1961 2493; x_wconf 84' lang='grc' dir='ltr'>τῆς</span> 
     </span>
    </p>
   </div>
   <div class='ocr_carea' id='block_1_29' title="bbox 277 2499 1961 2576">
    <p class='ocr_par' dir='ltr' id='par_1_29' title="bbox 277 2499 1961 2576">
     <span class='ocr_line' id='line_1_29' title="bbox 277 2499 1961 2576; baseline -0.001 -23"><span class='ocrx_word' id='word_1_228' title='bbox 277 2500 536 2571; x_wconf 78' lang='grc' dir='ltr'>τοιαύτης</span> <span class='ocrx_word' id='word_1_229' title='bbox 572 2501 902 2572; x_wconf 79' lang='grc' dir='ltr'>συμϐουλῆς,</span> <span class='ocrx_word' id='word_1_230' title='bbox 921 2501 1118 2576; x_wconf 79' lang='grc' dir='ltr'>μέχρις</span> <span class='ocrx_word' id='word_1_231' title='bbox 1143 2503 1208 2556; x_wconf 84' lang='grc' dir='ltr'>ἂν</span> <span class='ocrx_word' id='word_1_232' title='bbox 1230 2504 1297 2573; x_wconf 78' lang='grc' dir='ltr'>τῇ</span> <span class='ocrx_word' id='word_1_233' title='bbox 1330 2500 1496 2572; x_wconf 81' lang='grc' dir='ltr'>πολλῇ</span> <span class='ocrx_word' id='word_1_234' title='bbox 1530 2499 1782 2571; x_wconf 78' lang='grc' dir='ltr'>συνεχείᾳ</span> <span class='ocrx_word' id='word_1_235' title='bbox 1813 2518 1961 2571; x_wconf 88' lang='grc' dir='ltr'>περι-</span> 
     </span>
    </p>
   </div>
   <div class='ocr_carea' id='block_1_30' title="bbox 277 2579 1959 2652">
    <p class='ocr_par' dir='ltr' id='par_1_30' title="bbox 277 2579 1959 2652">
     <span class='ocr_line' id='line_1_30' title="bbox 277 2579 1959 2652; baseline 0 -20"><span class='ocrx_word' id='word_1_236' title='bbox 277 2579 535 2647; x_wconf 80' lang='grc' dir='ltr'>γενέσθαι</span> <span class='ocrx_word' id='word_1_237' title='bbox 572 2581 803 2652; x_wconf 86' lang='grc' dir='ltr'>δυνηθῶ,</span> <span class='ocrx_word' id='word_1_238' title='bbox 841 2583 935 2636; x_wconf 78' lang='grc' dir='ltr'>καὶ</span> <span class='ocrx_word' id='word_1_239' title='bbox 959 2584 1040 2646; x_wconf 83' lang='grc' dir='ltr'>είς</span> <span class='ocrx_word' id='word_1_240' title='bbox 1070 2582 1231 2651; x_wconf 73' lang='grc' dir='ltr'>νῆψιν</span> <span class='ocrx_word' id='word_1_241' title='bbox 1264 2582 1464 2645; x_wconf 82' lang='grc' dir='ltr'>αὑτοὺς</span> <span class='ocrx_word' id='word_1_242' title='bbox 1497 2582 1745 2648; x_wconf 85' lang='grc' dir='ltr'>ἀγαγεῖν,</span> <span class='ocrx_word' id='word_1_243' title='bbox 1774 2580 1866 2633; x_wconf 75' lang='grc' dir='ltr'>καὶ</span> <span class='ocrx_word' id='word_1_244' title='bbox 1895 2582 1959 2633; x_wconf 83' lang='grc' dir='ltr'>ἐκ</span> 
     </span>
    </p>
   </div>
   <div class='ocr_carea' id='block_1_31' title="bbox 278 2657 2021 2735">
    <p class='ocr_par' dir='ltr' id='par_1_31' title="bbox 278 2657 2021 2735">
     <span class='ocr_line' id='line_1_31' title="bbox 278 2657 2021 2735; baseline 0.001 -24"><span class='ocrx_word' id='word_1_245' title='bbox 278 2659 374 2711; x_wconf 86' lang='grc' dir='ltr'>τοῦ</span> <span class='ocrx_word' id='word_1_246' title='bbox 399 2659 568 2730; x_wconf 89' lang='grc' dir='ltr'>κάρου</span> <span class='ocrx_word' id='word_1_247' title='bbox 606 2660 701 2711; x_wconf 74' lang='grc' dir='ltr'>καὶ</span> <span class='ocrx_word' id='word_1_248' title='bbox 728 2660 829 2732; x_wconf 82' lang='grc' dir='ltr'>τῆς</span> <span class='ocrx_word' id='word_1_249' title='bbox 859 2660 1050 2731; x_wconf 85' lang='grc' dir='ltr'>μέθης,</span> <span class='ocrx_word' id='word_1_250' title='bbox 1088 2660 1206 2735; x_wconf 60' lang='grc' dir='ltr'>ἡνῄ</span> <span class='ocrx_word' id='word_1_251' title='bbox 1235 2659 1342 2713; x_wconf 90' lang='grc' dir='ltr'>τῶν</span> <span class='ocrx_word' id='word_1_252' title='bbox 1371 2658 1667 2730; x_wconf 89' lang='grc' dir='ltr'>χρημάτων</span> <span class='ocrx_word' id='word_1_253' title='bbox 1695 2657 1959 2735; x_wconf 77' lang='grc' dir='ltr'>ἐπιθυμία</span> <span class='ocrx_word' id='word_1_254' title='bbox 2017 2682 2021 2686; x_wconf 46' lang='grc' dir='ltr'>ι</span> 
     </span>
    </p>
   </div>
   <div class='ocr_carea' id='block_1_32' title="bbox 278 2733 1955 2809">
    <p class='ocr_par' dir='ltr' id='par_1_32' title="bbox 278 2733 1955 2809">
     <span class='ocr_line' id='line_1_32' title="bbox 278 2733 1955 2809; baseline -0.001 -17"><span class='ocrx_word' id='word_1_255' title='bbox 278 2738 483 2808; x_wconf 72' lang='grc' dir='ltr'>ἤνεγκε</span> <span class='ocrx_word' id='word_1_256' title='bbox 511 2737 835 2793; x_wconf 83' lang='grc' dir='ltr'>σκοτώσασα</span> <span class='ocrx_word' id='word_1_257' title='bbox 865 2739 957 2794; x_wconf 90' lang='grc' dir='ltr'>τὸν</span> <span class='ocrx_word' id='word_1_258' title='bbox 990 2733 1269 2809; x_wconf 86' lang='grc' dir='ltr'>λογισμὸν,</span> <span class='ocrx_word' id='word_1_259' title='bbox 1305 2739 1637 2806; x_wconf 87' lang='grc' dir='ltr'>ἀνενεγκεῖν.</span> <span class='ocrx_word' id='word_1_260' title='bbox 1664 2733 1796 2791; x_wconf 84' lang='grc' dir='ltr'>Οἶδα</span> <span class='ocrx_word' id='word_1_261' title='bbox 1823 2737 1955 2809; x_wconf 85' lang='grc' dir='ltr'>γάρ,</span> 
     </span>
    </p>
   </div>
   <div class='ocr_carea' id='block_1_33' title="bbox 275 2814 1957 2889">
    <p class='ocr_par' dir='ltr' id='par_1_33' title="bbox 275 2814 1957 2889">
     <span class='ocr_line' id='line_1_33' title="bbox 275 2814 1957 2889; baseline 0.001 -19"><span class='ocrx_word' id='word_1_262' title='bbox 275 2814 399 2871; x_wconf 74' lang='grc' dir='ltr'>οἶδα</span> <span class='ocrx_word' id='word_1_263' title='bbox 426 2818 508 2871; x_wconf 83' lang='grc' dir='ltr'>ὅτι</span> <span class='ocrx_word' id='word_1_264' title='bbox 541 2817 683 2888; x_wconf 87' lang='grc' dir='ltr'>μετά</span> <span class='ocrx_word' id='word_1_265' title='bbox 710 2817 809 2889; x_wconf 84' lang='grc' dir='ltr'>τὴν</span> <span class='ocrx_word' id='word_1_266' title='bbox 853 2818 949 2872; x_wconf 89' lang='grc' dir='ltr'>τοῦ</span> <span class='ocrx_word' id='word_1_267' title='bbox 981 2817 1114 2871; x_wconf 83' lang='grc' dir='ltr'>Θεοῦ</span> <span class='ocrx_word' id='word_1_268' title='bbox 1150 2817 1311 2888; x_wconf 86' lang='grc' dir='ltr'>χάριν</span> <span class='ocrx_word' id='word_1_269' title='bbox 1333 2818 1427 2870; x_wconf 73' lang='grc' dir='ltr'>καὶ</span> <span class='ocrx_word' id='word_1_270' title='bbox 1461 2817 1495 2886; x_wconf 83' lang='grc' dir='ltr'>ἡ</span> <span class='ocrx_word' id='word_1_271' title='bbox 1525 2816 1635 2870; x_wconf 91' lang='grc' dir='ltr'>τῶν</span> <span class='ocrx_word' id='word_1_272' title='bbox 1673 2816 1957 2888; x_wconf 82' lang='grc' dir='ltr'>ἡμετέρων</span> 
     </span>
    </p>
   </div>
   <div class='ocr_carea' id='block_1_34' title="bbox 276 2895 1957 2968">
    <p class='ocr_par' dir='ltr' id='par_1_34' title="bbox 276 2895 1957 2968">
     <span class='ocr_line' id='line_1_34' title="bbox 276 2895 1957 2968; baseline 0.002 -21"><span class='ocrx_word' id='word_1_273' title='bbox 276 2895 455 2965; x_wconf 89' lang='grc' dir='ltr'>λόγων</span> <span class='ocrx_word' id='word_1_274' title='bbox 494 2895 773 2966; x_wconf 85' lang='grc' dir='ltr'>συνέχεια,</span> <span class='ocrx_word' id='word_1_275' title='bbox 808 2896 902 2949; x_wconf 75' lang='grc' dir='ltr'>καὶ</span> <span class='ocrx_word' id='word_1_276' title='bbox 945 2898 980 2968; x_wconf 87' lang='grc' dir='ltr'>ἡ</span> <span class='ocrx_word' id='word_1_277' title='bbox 1034 2898 1183 2967; x_wconf 81' lang='grc' dir='ltr'>παρὰ</span> <span class='ocrx_word' id='word_1_278' title='bbox 1228 2896 1327 2966; x_wconf 79' lang='grc' dir='ltr'>τῆς</span> <span class='ocrx_word' id='word_1_279' title='bbox 1364 2896 1620 2967; x_wconf 88' lang='grc' dir='ltr'>νηστείας</span> <span class='ocrx_word' id='word_1_280' title='bbox 1670 2895 1957 2966; x_wconf 88' lang='grc' dir='ltr'>ἐπιμέλεια</span> 
     </span>
    </p>
   </div>
   <div class='ocr_carea' id='block_1_35' title="bbox 277 2974 1955 3045">
    <p class='ocr_par' dir='ltr' id='par_1_35' title="bbox 277 2974 1955 3045">
     <span class='ocr_line' id='line_1_35' title="bbox 277 2974 1955 3045; baseline 0 -16"><span class='ocrx_word' id='word_1_281' title='bbox 277 2976 566 3045; x_wconf 83' lang='grc' dir='ltr'>δυνήσεται</span> <span class='ocrx_word' id='word_1_282' title='bbox 596 2976 795 3039; x_wconf 76' lang='grc' dir='ltr'>αὑτοὺς</span> <span class='ocrx_word' id='word_1_283' title='bbox 816 2974 915 3044; x_wconf 75' lang='grc' dir='ltr'>ὀψὲ</span> <span class='ocrx_word' id='word_1_284' title='bbox 940 2974 1072 3043; x_wconf 87' lang='grc' dir='ltr'>γοῦν</span> <span class='ocrx_word' id='word_1_285' title='bbox 1097 2992 1228 3028; x_wconf 90' lang='grc' dir='ltr'>ποτε</span> <span class='ocrx_word' id='word_1_286' title='bbox 1258 2974 1567 3042; x_wconf 79' lang='grc' dir='ltr'>ἀπαλλάξαι</span> <span class='ocrx_word' id='word_1_287' title='bbox 1591 2974 1685 3028; x_wconf 89' lang='grc' dir='ltr'>τοῦ</span> <span class='ocrx_word' id='word_1_288' title='bbox 1715 2975 1955 3045; x_wconf 85' lang='grc' dir='ltr'>χαλεποῦ</span> 
     </span>
    </p>
   </div>
   <div class='ocr_carea' id='block_1_36' title="bbox 278 3052 1953 3125">
    <p class='ocr_par' dir='ltr' id='par_1_36' title="bbox 278 3052 1953 3125">
     <span class='ocr_line' id='line_1_36' title="bbox 278 3052 1953 3125; baseline 0.001 -20"><span class='ocrx_word' id='word_1_289' title='bbox 278 3053 467 3106; x_wconf 86' lang='grc' dir='ltr'>τούτου</span> <span class='ocrx_word' id='word_1_290' title='bbox 499 3054 825 3125; x_wconf 82' lang='grc' dir='ltr'>νοσήματος,</span> <span class='ocrx_word' id='word_1_291' title='bbox 849 3053 944 3106; x_wconf 70' lang='grc' dir='ltr'>καὶ</span> <span class='ocrx_word' id='word_1_292' title='bbox 968 3055 1047 3117; x_wconf 78' lang='grc' dir='ltr'>εἰς</span> <span class='ocrx_word' id='word_1_293' title='bbox 1076 3052 1290 3108; x_wconf 84' lang='grc' dir='ltr'>τελείαν</span> <span class='ocrx_word' id='word_1_294' title='bbox 1316 3053 1528 3121; x_wconf 89' lang='grc' dir='ltr'>ὑγίειαν</span> <span class='ocrx_word' id='word_1_295' title='bbox 1561 3054 1953 3124; x_wconf 80' lang='grc' dir='ltr'>ἐπαναγαγεῖν,</span> 
     </span>
    </p>
   </div>
   <div class='ocr_carea' id='block_1_37' title="bbox 278 3132 1955 3205">
    <p class='ocr_par' dir='ltr' id='par_1_37' title="bbox 278 3132 1955 3205">
     <span class='ocr_line' id='line_1_37' title="bbox 278 3132 1955 3205; baseline 0.001 -19"><span class='ocrx_word' id='word_1_296' title='bbox 278 3133 367 3187; x_wconf 83' lang='grc' dir='ltr'>ἴνα</span> <span class='ocrx_word' id='word_1_297' title='bbox 396 3134 492 3188; x_wconf 73' lang='grc' dir='ltr'>καὶ</span> <span class='ocrx_word' id='word_1_298' title='bbox 516 3133 671 3186; x_wconf 75' lang='grc' dir='ltr'>αὑτοὶ</span> <span class='ocrx_word' id='word_1_299' title='bbox 692 3133 793 3203; x_wconf 79' lang='grc' dir='ltr'>τῆς</span> <span class='ocrx_word' id='word_1_300' title='bbox 832 3134 1042 3205; x_wconf 85' lang='grc' dir='ltr'>ἐπηρτη</span> <span class='ocrx_word' id='word_1_301' title='bbox 1052 3134 1218 3203; x_wconf 89' lang='grc' dir='ltr'>μένης</span> <span class='ocrx_word' id='word_1_302' title='bbox 1246 3135 1361 3197; x_wconf 91' lang='grc' dir='ltr'>τοῖς</span> <span class='ocrx_word' id='word_1_303' title='bbox 1395 3132 1658 3196; x_wconf 87' lang='grc' dir='ltr'>τοιούτοις</span> <span class='ocrx_word' id='word_1_304' title='bbox 1685 3134 1955 3204; x_wconf 87' lang='grc' dir='ltr'>τιμωρίας</span> 
     </span>
    </p>
   </div>
   <div class='ocr_carea' id='block_1_38' title="bbox 277 3211 1957 3284">
    <p class='ocr_par' dir='ltr' id='par_1_38' title="bbox 277 3211 1957 3284">
     <span class='ocr_line' id='line_1_38' title="bbox 277 3211 1957 3284; baseline 0.001 -19"><span class='ocrx_word' id='word_1_305' title='bbox 277 3212 709 3284; x_wconf 81' lang='grc' dir='ltr'>ἐλευθερωθῶσι,</span> <span class='ocrx_word' id='word_1_306' title='bbox 726 3213 819 3265; x_wconf 77' lang='grc' dir='ltr'>καὶ</span> <span class='ocrx_word' id='word_1_307' title='bbox 841 3214 1001 3284; x_wconf 81' lang='grc' dir='ltr'>ἡμεῖς</span> <span class='ocrx_word' id='word_1_308' title='bbox 1025 3213 1123 3283; x_wconf 85' lang='grc' dir='ltr'>τῆς</span> <span class='ocrx_word' id='word_1_309' title='bbox 1150 3212 1386 3282; x_wconf 82' lang='grc' dir='ltr'>ἀθυμίας</span> <span class='ocrx_word' id='word_1_310' title='bbox 1407 3211 1835 3283; x_wconf 84' lang='grc' dir='ltr'>ἀπαλλαγῶμεν,</span> <span class='ocrx_word' id='word_1_311' title='bbox 1861 3213 1957 3266; x_wconf 72' lang='grc' dir='ltr'>καὶ</span> 
     </span>
    </p>
   </div>
   <div class='ocr_carea' id='block_1_39' title="bbox 277 3288 1956 3363">
    <p class='ocr_par' dir='ltr' id='par_1_39' title="bbox 277 3288 1956 3363">
     <span class='ocr_line' id='line_1_39' title="bbox 277 3288 1956 3363; baseline 0 -19"><span class='ocrx_word' id='word_1_312' title='bbox 277 3292 421 3363; x_wconf 86' lang='grc' dir='ltr'>ὑπὲρ</span> <span class='ocrx_word' id='word_1_313' title='bbox 453 3291 707 3345; x_wconf 88' lang='grc' dir='ltr'>ἀπάντων</span> <span class='ocrx_word' id='word_1_314' title='bbox 747 3291 907 3357; x_wconf 81' lang='grc' dir='ltr'>δόξαν</span> <span class='ocrx_word' id='word_1_315' title='bbox 951 3288 1364 3361; x_wconf 83' lang='grc' dir='ltr'>ἀναπέμψωμεν</span> <span class='ocrx_word' id='word_1_316' title='bbox 1399 3290 1479 3363; x_wconf 83' lang='grc' dir='ltr'>τῷ</span> <span class='ocrx_word' id='word_1_317' title='bbox 1519 3291 1692 3362; x_wconf 77' lang='grc' dir='ltr'>Πατρὶ</span> <span class='ocrx_word' id='word_1_318' title='bbox 1735 3291 1831 3344; x_wconf 75' lang='grc' dir='ltr'>καὶ</span> <span class='ocrx_word' id='word_1_319' title='bbox 1877 3291 1956 3362; x_wconf 86' lang='grc' dir='ltr'>τῷ</span> 
     </span>
    </p>
   </div>
   <div class='ocr_carea' id='block_1_40' title="bbox 279 3367 1955 3441">
    <p class='ocr_par' dir='ltr' id='par_1_40' title="bbox 279 3367 1955 3441">
     <span class='ocr_line' id='line_1_40' title="bbox 279 3367 1955 3441; baseline 0.002 -19"><span class='ocrx_word' id='word_1_320' title='bbox 279 3370 395 3441; x_wconf 80' lang='grc' dir='ltr'>Υἱῷ</span> <span class='ocrx_word' id='word_1_321' title='bbox 411 3370 505 3424; x_wconf 77' lang='grc' dir='ltr'>καὶ</span> <span class='ocrx_word' id='word_1_322' title='bbox 531 3369 612 3439; x_wconf 85' lang='grc' dir='ltr'>τῷ</span> <span class='ocrx_word' id='word_1_323' title='bbox 633 3369 776 3441; x_wconf 86' lang='grc' dir='ltr'>ἀγίῳ</span> <span class='ocrx_word' id='word_1_324' title='bbox 797 3369 936 3423; x_wconf 89' lang='grc' dir='ltr'>Πνεύ</span> <span class='ocrx_word' id='word_1_325' title='bbox 946 3387 1097 3441; x_wconf 91' lang='grc' dir='ltr'>ματι,</span> <span class='ocrx_word' id='word_1_326' title='bbox 1128 3367 1224 3422; x_wconf 88' lang='grc' dir='ltr'>νῦν</span> <span class='ocrx_word' id='word_1_327' title='bbox 1250 3368 1343 3421; x_wconf 76' lang='grc' dir='ltr'>καὶ</span> <span class='ocrx_word' id='word_1_328' title='bbox 1369 3369 1480 3437; x_wconf 79' lang='grc' dir='ltr'>ἀεὶ,</span> <span class='ocrx_word' id='word_1_329' title='bbox 1504 3370 1598 3425; x_wconf 80' lang='grc' dir='ltr'>καὶ</span> <span class='ocrx_word' id='word_1_330' title='bbox 1622 3371 1705 3433; x_wconf 81' lang='grc' dir='ltr'>εἰς</span> <span class='ocrx_word' id='word_1_331' title='bbox 1726 3370 1851 3434; x_wconf 82' lang='grc' dir='ltr'>τοὺς</span> <span class='ocrx_word' id='word_1_332' title='bbox 1871 3372 1955 3425; x_wconf 85' lang='grc' dir='ltr'>αἱ·</span> 
     </span>
    </p>
   </div>
   <div class='ocr_carea' id='block_1_41' title="bbox 276 3448 1062 3521">
    <p class='ocr_par' dir='ltr' id='par_1_41' title="bbox 276 3448 1062 3521">
     <span class='ocr_line' id='line_1_41' title="bbox 276 3448 1062 3521; baseline 0.004 -17"><span class='ocrx_word' id='word_1_333' title='bbox 276 3449 430 3514; x_wconf 87' lang='grc' dir='ltr'>ῶνας-</span> <span class='ocrx_word' id='word_1_334' title='bbox 453 3450 562 3503; x_wconf 88' lang='grc' dir='ltr'>τῶν</span> <span class='ocrx_word' id='word_1_335' title='bbox 590 3448 826 3505; x_wconf 79' lang='grc' dir='ltr'>αἰώνων.</span> <span class='ocrx_word' id='word_1_336' title='bbox 866 3450 1062 3521; x_wconf 85' lang='grc' dir='ltr'>Ἀμήν.</span> 
     </span>
    </p>
   </div>
   <div class='ocr_carea' id='block_1_42' title="bbox 941 3566 1290 3620">
    <p class='ocr_par' dir='ltr' id='par_1_42' title="bbox 941 3566 1290 3620">
     <span class='ocr_line' id='line_1_42' title="bbox 941 3566 1290 3620; baseline 0 -1"><span class='ocrx_word' id='word_1_337' title='bbox 941 3566 1181 3620; x_wconf 81' lang='lat' dir='ltr'>OMIAIA</span> <span class='ocrx_word' id='word_1_338' title='bbox 1219 3568 1290 3619; x_wconf 83' lang='grc' dir='ltr'>Δ’.</span> 
     </span>
    </p>
   </div>
   <div class='ocr_carea' id='block_1_43' title="bbox 276 3650 1953 3723">
    <p class='ocr_par' dir='ltr' id='par_1_43' title="bbox 276 3650 1953 3723">
     <span class='ocr_line' id='line_1_43' title="bbox 276 3650 1953 3723; baseline -0.002 -15"><span class='ocrx_word' id='word_1_339' title='bbox 276 3652 390 3708; x_wconf 65' lang='grc' dir='ltr'>Καὶ</span> <span class='ocrx_word' id='word_1_340' title='bbox 430 3650 603 3723; x_wconf 74' lang='grc' dir='ltr'>εἶπεν</span> <span class='ocrx_word' id='word_1_341' title='bbox 644 3659 677 3710; x_wconf 81' lang='grc' dir='ltr'><strong><em>ὁ</em></strong></span> <span class='ocrx_word' id='word_1_342' title='bbox 728 3655 868 3720; x_wconf 83' lang='grc' dir='ltr'>Θεός</span> <span class='ocrx_word' id='word_1_343' title='bbox 896 3671 909 3685; x_wconf 92' lang='grc'><strong>·</strong></span> <span class='ocrx_word' id='word_1_344' title='bbox 949 3652 1263 3723; x_wconf 83' lang='grc' dir='ltr'>Γενηθήτω</span> <span class='ocrx_word' id='word_1_345' title='bbox 1315 3650 1619 3723; x_wconf 81' lang='grc' dir='ltr'>στερέωμα</span> <span class='ocrx_word' id='word_1_346' title='bbox 1664 3651 1748 3723; x_wconf 15' lang='grc' dir='ltr'>ίὲν</span> <span class='ocrx_word' id='word_1_347' title='bbox 1783 3652 1953 3723; x_wconf 74' lang='grc' dir='ltr'>μέσῳ</span> 
     </span>
    </p>
   </div>
   <div class='ocr_carea' id='block_1_44' title="bbox 347 3721 1952 3792">
    <p class='ocr_par' dir='ltr' id='par_1_44' title="bbox 347 3721 1952 3792">
     <span class='ocr_line' id='line_1_44' title="bbox 347 3721 1952 3792; baseline 0 -16"><span class='ocrx_word' id='word_1_348' title='bbox 347 3721 458 3776; x_wconf 86' lang='grc' dir='ltr'>τοῦ</span> <span class='ocrx_word' id='word_1_349' title='bbox 510 3724 731 3791; x_wconf 76' lang='grc' dir='ltr'>ὕδατος</span> <span class='ocrx_word' id='word_1_350' title='bbox 749 3766 765 3790; x_wconf 90' lang='grc'>,</span> <span class='ocrx_word' id='word_1_351' title='bbox 832 3725 931 3779; x_wconf 70' lang='grc' dir='ltr'>καὶ</span> <span class='ocrx_word' id='word_1_352' title='bbox 999 3724 1157 3778; x_wconf 73' lang='grc' dir='ltr'>ἔστω</span> <span class='ocrx_word' id='word_1_353' title='bbox 1218 3721 1562 3792; x_wconf 66' lang='grc' dir='ltr'>διαχωρίζῢν</span> <span class='ocrx_word' id='word_1_354' title='bbox 1642 3721 1952 3792; x_wconf 84' lang='grc' dir='ltr'>ἀναμέσον</span> 
     </span>
    </p>
   </div>
   <div class='ocr_carea' id='block_1_45' title="bbox 346 3792 1605 3862">
    <p class='ocr_par' dir='ltr' id='par_1_45' title="bbox 346 3792 1605 3862">
     <span class='ocr_line' id='line_1_45' title="bbox 346 3792 1605 3862; baseline -0.001 -16"><span class='ocrx_word' id='word_1_355' title='bbox 346 3792 572 3860; x_wconf 78' lang='grc' dir='ltr'>ὕδατος</span> <span class='ocrx_word' id='word_1_356' title='bbox 596 3796 695 3849; x_wconf 79' lang='grc' dir='ltr'>καὶ</span> <span class='ocrx_word' id='word_1_357' title='bbox 726 3795 975 3860; x_wconf 76' lang='grc' dir='ltr'>ὕδατος’</span> <span class='ocrx_word' id='word_1_358' title='bbox 998 3793 1097 3848; x_wconf 78' lang='grc' dir='ltr'>καί</span> <span class='ocrx_word' id='word_1_359' title='bbox 1125 3792 1365 3862; x_wconf 79' lang='grc' dir='ltr'>ἐγένετο</span> <span class='ocrx_word' id='word_1_360' title='bbox 1395 3793 1605 3857; x_wconf 86' lang='grc' dir='ltr'>οὕτως.</span> 
     </span>
    </p>
   </div>
   <div class='ocr_carea' id='block_1_46' title="bbox 346 3880 1950 3953">
    <p class='ocr_par' dir='ltr' id='par_1_46' title="bbox 346 3880 1950 3953">
     <span class='ocr_line' id='line_1_46' title="bbox 346 3880 1950 3953; baseline 0.001 -19"><span class='ocrx_word' id='word_1_361' title='bbox 346 3887 415 3934; x_wconf 85' lang='grc' dir='ltr'>α’.</span> <span class='ocrx_word' id='word_1_362' title='bbox 457 3880 630 3953; x_wconf 88' lang='grc' dir='ltr'>Ὁρῶν</span> <span class='ocrx_word' id='word_1_363' title='bbox 649 3882 833 3953; x_wconf 88' lang='grc' dir='ltr'>ὑμῶν,</span> <span class='ocrx_word' id='word_1_364' title='bbox 860 3881 1165 3952; x_wconf 83' lang='grc' dir='ltr'>ἀγαπητοὶ,</span> <span class='ocrx_word' id='word_1_365' title='bbox 1191 3880 1291 3952; x_wconf 80' lang='grc' dir='ltr'>τὴν</span> <span class='ocrx_word' id='word_1_366' title='bbox 1314 3881 1454 3951; x_wconf 86' lang='grc' dir='ltr'>μετά</span> <span class='ocrx_word' id='word_1_367' title='bbox 1487 3881 1799 3952; x_wconf 88' lang='grc' dir='ltr'>προθυμίας</span> <span class='ocrx_word' id='word_1_368' title='bbox 1829 3882 1950 3936; x_wconf 90' lang='grc' dir='ltr'>καθ’</span> 
     </span>
    </p>
   </div>
   <div class='ocr_carea' id='block_1_47' title="bbox 276 3958 1954 4032">
    <p class='ocr_par' dir='ltr' id='par_1_47' title="bbox 276 3958 1954 4032">
     <span class='ocr_line' id='line_1_47' title="bbox 276 3958 1954 4032; baseline 0.002 -21"><span class='ocrx_word' id='word_1_369' title='bbox 276 3958 519 4030; x_wconf 75' lang='grc' dir='ltr'>ἑκάστην</span> <span class='ocrx_word' id='word_1_370' title='bbox 552 3961 764 4032; x_wconf 87' lang='grc' dir='ltr'>ἡμέραν</span> <span class='ocrx_word' id='word_1_371' title='bbox 786 3960 1018 4015; x_wconf 70' lang='grc' dir='ltr'>ἐνταῦθα</span> <span class='ocrx_word' id='word_1_372' title='bbox 1062 3960 1398 4023; x_wconf 83' lang='grc' dir='ltr'>συνέλευσιν,</span> <span class='ocrx_word' id='word_1_373' title='bbox 1433 3960 1675 4030; x_wconf 87' lang='grc' dir='ltr'>μεγάλην</span> <span class='ocrx_word' id='word_1_374' title='bbox 1709 3961 1954 4030; x_wconf 85' lang='grc' dir='ltr'>καρποῦ·</span> 
     </span>
    </p>
   </div>
   <div class='ocr_carea' id='block_1_48' title="bbox 282 4037 1950 4111">
    <p class='ocr_par' dir='ltr' id='par_1_48' title="bbox 282 4037 1950 4111">
     <span class='ocr_line' id='line_1_48' title="bbox 282 4037 1950 4111; baseline 0.002 -21"><span class='ocrx_word' id='word_1_375' title='bbox 282 4055 381 4107; x_wconf 86' lang='grc' dir='ltr'>μαι</span> <span class='ocrx_word' id='word_1_376' title='bbox 420 4038 524 4109; x_wconf 80' lang='grc' dir='ltr'>τὴν</span> <span class='ocrx_word' id='word_1_377' title='bbox 555 4039 768 4111; x_wconf 78' lang='grc' dir='ltr'>ἡδονήν,</span> <span class='ocrx_word' id='word_1_378' title='bbox 816 4040 910 4093; x_wconf 69' lang='grc' dir='ltr'>καὶ</span> <span class='ocrx_word' id='word_1_379' title='bbox 959 4039 1022 4092; x_wconf 88' lang='grc' dir='ltr'>οὑ</span> <span class='ocrx_word' id='word_1_380' title='bbox 1071 4037 1316 4109; x_wconf 88' lang='grc' dir='ltr'>παύομαι</span> <span class='ocrx_word' id='word_1_381' title='bbox 1363 4037 1602 4105; x_wconf 78' lang='grc' dir='ltr'>δοξάζων</span> <span class='ocrx_word' id='word_1_382' title='bbox 1634 4039 1725 4093; x_wconf 87' lang='grc' dir='ltr'>τὸν</span> <span class='ocrx_word' id='word_1_383' title='bbox 1759 4041 1950 4109; x_wconf 86' lang='grc' dir='ltr'>φιλάν-</span> 
     </span>
    </p>
   </div>
   <div class='ocr_carea' id='block_1_49' title="bbox 278 4115 1950 4193">
    <p class='ocr_par' dir='ltr' id='par_1_49' title="bbox 278 4115 1950 4193">
     <span class='ocr_line' id='line_1_49' title="bbox 278 4115 1950 4193; baseline 0.004 -26"><span class='ocrx_word' id='word_1_384' title='bbox 278 4115 500 4186; x_wconf 86' lang='grc' dir='ltr'>θρωπον</span> <span class='ocrx_word' id='word_1_385' title='bbox 532 4116 666 4169; x_wconf 86' lang='grc' dir='ltr'>Θεὸν</span> <span class='ocrx_word' id='word_1_386' title='bbox 700 4118 794 4171; x_wconf 75' lang='grc' dir='ltr'>ἐπὶ</span> <span class='ocrx_word' id='word_1_387' title='bbox 818 4120 885 4187; x_wconf 79' lang='grc' dir='ltr'>τῇ</span> <span class='ocrx_word' id='word_1_388' title='bbox 921 4119 1174 4188; x_wconf 81' lang='grc' dir='ltr'>προκοπῇ</span> <span class='ocrx_word' id='word_1_389' title='bbox 1209 4118 1276 4187; x_wconf 79' lang='grc' dir='ltr'>τῇ</span> <span class='ocrx_word' id='word_1_390' title='bbox 1303 4115 1567 4187; x_wconf 75' lang='grc' dir='ltr'>ὑμετέρα.</span> <span class='ocrx_word' id='word_1_391' title='bbox 1604 4118 1813 4190; x_wconf 84' lang='grc' dir='ltr'>Ὥσπερ</span> <span class='ocrx_word' id='word_1_392' title='bbox 1841 4120 1950 4193; x_wconf 85' lang='grc' dir='ltr'>γὰρ</span> 
     </span>
    </p>
   </div>
   <div class='ocr_carea' id='block_1_50' title="bbox 273 4195 1952 4267">
    <p class='ocr_par' dir='ltr' id='par_1_50' title="bbox 273 4195 1952 4267">
     <span class='ocr_line' id='line_1_50' title="bbox 273 4195 1952 4267; baseline 0.004 -20"><span class='ocrx_word' id='word_1_393' title='bbox 273 4195 338 4247; x_wconf 83' lang='grc' dir='ltr'>τὸ</span> <span class='ocrx_word' id='word_1_394' title='bbox 382 4197 573 4266; x_wconf 81' lang='grc' dir='ltr'>πεινῇν</span> <span class='ocrx_word' id='word_1_395' title='bbox 612 4197 932 4267; x_wconf 83' lang='grc' dir='ltr'>σωματικῆς</span> <span class='ocrx_word' id='word_1_396' title='bbox 973 4195 1344 4262; x_wconf 63' lang='grc' dir='ltr'>εὑεξίαφέστὶ</span> <span class='ocrx_word' id='word_1_397' title='bbox 1378 4197 1623 4265; x_wconf 86' lang='grc' dir='ltr'>σημεῖον,</span> <span class='ocrx_word' id='word_1_398' title='bbox 1667 4196 1809 4252; x_wconf 86' lang='grc' dir='ltr'>οὑτω</span> <span class='ocrx_word' id='word_1_399' title='bbox 1855 4201 1952 4253; x_wconf 72' lang='grc' dir='ltr'>καὶ</span> 
     </span>
    </p>
   </div>
   <div class='ocr_carea' id='block_1_51' title="bbox 274 4273 1945 4347">
    <p class='ocr_par' dir='ltr' id='par_1_51' title="bbox 274 4273 1945 4347">
     <span class='ocr_line' id='line_1_51' title="bbox 274 4273 1945 4347; baseline 0.004 -21"><span class='ocrx_word' id='word_1_400' title='bbox 274 4273 339 4326; x_wconf 84' lang='grc' dir='ltr'>τὸ</span> <span class='ocrx_word' id='word_1_401' title='bbox 367 4274 500 4345; x_wconf 79' lang='grc' dir='ltr'>περὶ</span> <span class='ocrx_word' id='word_1_402' title='bbox 528 4276 628 4347; x_wconf 82' lang='grc' dir='ltr'>τὴν</span> <span class='ocrx_word' id='word_1_403' title='bbox 659 4275 925 4346; x_wconf 87' lang='grc' dir='ltr'>ἀκρόασιν</span> <span class='ocrx_word' id='word_1_404' title='bbox 964 4274 1073 4329; x_wconf 92' lang='grc' dir='ltr'>τῶν</span> <span class='ocrx_word' id='word_1_405' title='bbox 1114 4274 1276 4328; x_wconf 89' lang='grc' dir='ltr'>θείων</span> <span class='ocrx_word' id='word_1_406' title='bbox 1307 4273 1505 4344; x_wconf 85' lang='grc' dir='ltr'>λογίων</span> <span class='ocrx_word' id='word_1_407' title='bbox 1549 4276 1945 4334; x_wconf 68' lang='grc' dir='ltr'>ἐσπουδακέναι</span> 
     </span>
    </p>
   </div>
   <div class='ocr_carea' id='block_1_52' title="bbox 274 4352 1951 4427">
    <p class='ocr_par' dir='ltr' id='par_1_52' title="bbox 274 4352 1951 4427">
     <span class='ocr_line' id='line_1_52' title="bbox 274 4352 1951 4427; baseline 0.003 -20"><span class='ocrx_word' id='word_1_408' title='bbox 274 4352 379 4423; x_wconf 84' lang='grc' dir='ltr'>τῆς</span> <span class='ocrx_word' id='word_1_409' title='bbox 425 4353 570 4408; x_wconf 87' lang='grc' dir='ltr'>κατά</span> <span class='ocrx_word' id='word_1_410' title='bbox 616 4354 795 4427; x_wconf 77' lang='grc' dir='ltr'>ψυχὴν</span> <span class='ocrx_word' id='word_1_411' title='bbox 844 4355 1055 4424; x_wconf 85' lang='grc' dir='ltr'>ὑγιείας</span> <span class='ocrx_word' id='word_1_412' title='bbox 1098 4353 1398 4424; x_wconf 87' lang='grc' dir='ltr'>τεκμήριον</span> <span class='ocrx_word' id='word_1_413' title='bbox 1444 4353 1510 4408; x_wconf 84' lang='grc' dir='ltr'>ἄν</span> <span class='ocrx_word' id='word_1_414' title='bbox 1555 4371 1641 4418; x_wconf 90' lang='grc' dir='ltr'>τις</span> <span class='ocrx_word' id='word_1_415' title='bbox 1692 4355 1951 4426; x_wconf 86' lang='grc' dir='ltr'>μέγιστον</span> 
     </span>
    </p>
   </div>
   <div class='ocr_carea' id='block_1_53' title="bbox 276 4432 1951 4507">
    <p class='ocr_par' dir='ltr' id='par_1_53' title="bbox 276 4432 1951 4507">
     <span class='ocr_line' id='line_1_53' title="bbox 276 4432 1951 4507; baseline 0.004 -23"><span class='ocrx_word' id='word_1_416' title='bbox 276 4432 584 4502; x_wconf 85' lang='grc' dir='ltr'>ποιήσαιτο.</span> <span class='ocrx_word' id='word_1_417' title='bbox 614 4434 706 4487; x_wconf 89' lang='grc' dir='ltr'>Διὸ</span> <span class='ocrx_word' id='word_1_418' title='bbox 749 4435 845 4496; x_wconf 78' lang='grc' dir='ltr'>καὶ</span> <span class='ocrx_word' id='word_1_419' title='bbox 880 4437 908 4489; x_wconf 93' lang='lat'>6</span> <span class='ocrx_word' id='word_1_420' title='bbox 945 4433 1150 4505; x_wconf 80' lang='grc' dir='ltr'>Κύριος</span> <span class='ocrx_word' id='word_1_421' title='bbox 1192 4432 1349 4504; x_wconf 90' lang='grc' dir='ltr'>ἡμῶν</span> <span class='ocrx_word' id='word_1_422' title='bbox 1387 4433 1592 4505; x_wconf 86' lang='grc' dir='ltr'>Ἰησοῦς</span> <span class='ocrx_word' id='word_1_423' title='bbox 1625 4436 1860 4507; x_wconf 87' lang='grc' dir='ltr'>Χριστὸς</span> <span class='ocrx_word' id='word_1_424' title='bbox 1892 4441 1951 4494; x_wconf 81' lang='grc' dir='ltr'>ἐν</span> 
     </span>
    </p>
   </div>
   <div class='ocr_carea' id='block_1_54' title="bbox 273 4510 1952 4588">
    <p class='ocr_par' dir='ltr' id='par_1_54' title="bbox 273 4510 1952 4588">
     <span class='ocr_line' id='line_1_54' title="bbox 273 4510 1952 4588; baseline 0.004 -26"><span class='ocrx_word' id='word_1_425' title='bbox 273 4513 388 4574; x_wconf 85' lang='grc' dir='ltr'>τοῖς</span> <span class='ocrx_word' id='word_1_426' title='bbox 419 4515 789 4583; x_wconf 85' lang='grc' dir='ltr'>μακαρισμοῖς</span> <span class='ocrx_word' id='word_1_427' title='bbox 825 4511 1075 4576; x_wconf 76' lang='grc' dir='ltr'>ἐκείνοις,</span> <span class='ocrx_word' id='word_1_428' title='bbox 1116 4513 1229 4574; x_wconf 90' lang='grc' dir='ltr'>τοῖς</span> <span class='ocrx_word' id='word_1_429' title='bbox 1269 4510 1361 4564; x_wconf 73' lang='grc' dir='ltr'>ἐπὶ</span> <span class='ocrx_word' id='word_1_430' title='bbox 1389 4512 1483 4566; x_wconf 91' lang='grc' dir='ltr'>τοῦ</span> <span class='ocrx_word' id='word_1_431' title='bbox 1523 4511 1683 4583; x_wconf 78' lang='grc' dir='ltr'>ὅρους</span> <span class='ocrx_word' id='word_1_432' title='bbox 1722 4531 1952 4588; x_wconf 85' lang='grc' dir='ltr'>γεγενη-</span> 
     </span>
    </p>
   </div>
   <div class='ocr_carea' id='block_1_55' title="bbox 280 4589 1952 4663">
    <p class='ocr_par' dir='ltr' id='par_1_55' title="bbox 280 4589 1952 4663">
     <span class='ocr_line' id='line_1_55' title="bbox 280 4589 1952 4663; baseline 0.005 -21"><span class='ocrx_word' id='word_1_433' title='bbox 280 4590 486 4659; x_wconf 81' lang='grc' dir='ltr'>μένοις,</span> <span class='ocrx_word' id='word_1_434' title='bbox 519 4591 705 4660; x_wconf 75' lang='grc' dir='ltr'>έλεγεο</span> <span class='ocrx_word' id='word_1_435' title='bbox 733 4590 1017 4659; x_wconf 80' lang='grc' dir='ltr'>Μακάριοι</span> <span class='ocrx_word' id='word_1_436' title='bbox 1064 4592 1118 4644; x_wconf 82' lang='grc' dir='ltr'>οὶ</span> <span class='ocrx_word' id='word_1_437' title='bbox 1161 4589 1486 4655; x_wconf 79' lang='grc' dir='ltr'>πεινῶντες</span> <span class='ocrx_word' id='word_1_438' title='bbox 1523 4591 1621 4645; x_wconf 77' lang='grc' dir='ltr'>καὶ</span> <span class='ocrx_word' id='word_1_439' title='bbox 1658 4591 1952 4663; x_wconf 74' lang='grc' dir='ltr'>διψῶντες</span> 
     </span>
    </p>
   </div>
   <div class='ocr_carea' id='block_1_56' title="bbox 276 4667 1949 4738">
    <p class='ocr_par' dir='ltr' id='par_1_56' title="bbox 276 4667 1949 4738">
     <span class='ocr_line' id='line_1_56' title="bbox 276 4667 1949 4738; baseline 0.003 -15"><span class='ocrx_word' id='word_1_440' title='bbox 276 4668 392 4736; x_wconf 70' lang='grc' dir='ltr'>τὴν</span> <span class='ocrx_word' id='word_1_441' title='bbox 417 4667 832 4737; x_wconf 79' lang='grc' dir='ltr'>δικαιοσύνην,</span> <span class='ocrx_word' id='word_1_442' title='bbox 857 4669 945 4724; x_wconf 85' lang='grc' dir='ltr'>ὅτι</span> <span class='ocrx_word' id='word_1_443' title='bbox 973 4668 1145 4723; x_wconf 78' lang='grc' dir='ltr'>αὐτοὶ</span> <span class='ocrx_word' id='word_1_444' title='bbox 1179 4669 1719 4738; x_wconf 77' lang='grc' dir='ltr'>χορτασθήσονται.</span> <span class='ocrx_word' id='word_1_445' title='bbox 1752 4671 1849 4737; x_wconf 88' lang='grc' dir='ltr'>Τίς</span> <span class='ocrx_word' id='word_1_446' title='bbox 1881 4676 1949 4729; x_wconf 84' lang='grc' dir='ltr'>ἂν</span> 
     </span>
    </p>
   </div>
   <div class='ocr_carea' id='block_1_57' title="bbox 274 4745 1948 4825">
    <p class='ocr_par' dir='ltr' id='par_1_57' title="bbox 274 4745 1948 4825">
     <span class='ocr_line' id='line_1_57' title="bbox 274 4745 1948 4825; baseline 0.004 -24"><span class='ocrx_word' id='word_1_447' title='bbox 274 4745 368 4802; x_wconf 83' lang='grc' dir='ltr'>οῦν</span> <span class='ocrx_word' id='word_1_448' title='bbox 389 4749 533 4819; x_wconf 85' lang='grc' dir='ltr'>ὑμᾶς</span> <span class='ocrx_word' id='word_1_449' title='bbox 557 4752 678 4803; x_wconf 86' lang='grc' dir='ltr'>κατ’</span> <span class='ocrx_word' id='word_1_450' title='bbox 700 4749 857 4815; x_wconf 83' lang='grc' dir='ltr'>ἀξίαν</span> <span class='ocrx_word' id='word_1_451' title='bbox 877 4750 1161 4804; x_wconf 78' lang='grc' dir='ltr'>ἐπαινέσαι</span> <span class='ocrx_word' id='word_1_452' title='bbox 1182 4748 1458 4820; x_wconf 87' lang='grc' dir='ltr'>δυνηθείη,</span> <span class='ocrx_word' id='word_1_453' title='bbox 1477 4750 1602 4814; x_wconf 77' lang='grc' dir='ltr'>τοὺς</span> <span class='ocrx_word' id='word_1_454' title='bbox 1625 4748 1772 4818; x_wconf 79' lang='grc' dir='ltr'>ἅπαξ</span> <span class='ocrx_word' id='word_1_455' title='bbox 1797 4755 1948 4825; x_wconf 74' lang='grc' dir='ltr'>παρὰ</span> 
     </span>
    </p>
   </div>
   <div class='ocr_carea' id='block_1_58' title="bbox 272 4827 1946 4901">
    <p class='ocr_par' dir='ltr' id='par_1_58' title="bbox 272 4827 1946 4901">
     <span class='ocr_line' id='line_1_58' title="bbox 272 4827 1946 4901; baseline 0.004 -21"><span class='ocrx_word' id='word_1_456' title='bbox 272 4827 370 4881; x_wconf 81' lang='grc' dir='ltr'>τοῦ</span> <span class='ocrx_word' id='word_1_457' title='bbox 392 4828 501 4881; x_wconf 88' lang='grc' dir='ltr'>τῶν</span> <span class='ocrx_word' id='word_1_458' title='bbox 532 4830 788 4884; x_wconf 87' lang='grc' dir='ltr'>ἁπάντων</span> <span class='ocrx_word' id='word_1_459' title='bbox 812 4828 1084 4883; x_wconf 86' lang='grc' dir='ltr'>Δεσπότου</span> <span class='ocrx_word' id='word_1_460' title='bbox 1109 4827 1199 4881; x_wconf 83' lang='grc' dir='ltr'>τὸν</span> <span class='ocrx_word' id='word_1_461' title='bbox 1229 4828 1576 4899; x_wconf 84' lang='grc' dir='ltr'>μακαρισμὸν</span> <span class='ocrx_word' id='word_1_462' title='bbox 1597 4829 1946 4901; x_wconf 84' lang='grc' dir='ltr'>δεξαμένους,</span> 
     </span>
    </p>
   </div>
   <div class='ocr_carea' id='block_1_59' title="bbox 275 4906 1951 4980">
    <p class='ocr_par' dir='ltr' id='par_1_59' title="bbox 275 4906 1951 4980">
     <span class='ocr_line' id='line_1_59' title="bbox 275 4906 1951 4980; baseline 0.005 -21"><span class='ocrx_word' id='word_1_463' title='bbox 275 4906 369 4960; x_wconf 74' lang='grc' dir='ltr'>καὶ</span> <span class='ocrx_word' id='word_1_464' title='bbox 392 4907 462 4961; x_wconf 87' lang='grc' dir='ltr'>τά</span> <span class='ocrx_word' id='word_1_465' title='bbox 484 4908 654 4979; x_wconf 85' lang='grc' dir='ltr'>μυρία</span> <span class='ocrx_word' id='word_1_466' title='bbox 676 4908 1092 4980; x_wconf 86' lang='grc' dir='ltr'>προσδοκῶντας</span> <span class='ocrx_word' id='word_1_467' title='bbox 1122 4906 1252 4977; x_wconf 85' lang='grc' dir='ltr'>παρ’</span> <span class='ocrx_word' id='word_1_468' title='bbox 1274 4907 1438 4960; x_wconf 91' lang='grc' dir='ltr'>αὑτοῦ</span> <span class='ocrx_word' id='word_1_469' title='bbox 1460 4907 1672 4974; x_wconf 88' lang='grc' dir='ltr'>ἀγαθά;</span> <span class='ocrx_word' id='word_1_470' title='bbox 1698 4908 1951 4977; x_wconf 84' lang='grc' dir='ltr'>Τοιοῦτος</span> 
     </span>
    </p>
   </div>
   <div class='ocr_carea' id='block_1_60' title="bbox 275 4985 1949 5061">
    <p class='ocr_par' dir='ltr' id='par_1_60' title="bbox 275 4985 1949 5061">
     <span class='ocr_line' id='line_1_60' title="bbox 275 4985 1949 5061; baseline 0.004 -23"><span class='ocrx_word' id='word_1_471' title='bbox 275 4990 385 5057; x_wconf 86' lang='grc' dir='ltr'>γάρ</span> <span class='ocrx_word' id='word_1_472' title='bbox 414 4989 443 5041; x_wconf 94' lang='lat'>6</span> <span class='ocrx_word' id='word_1_473' title='bbox 492 4990 760 5060; x_wconf 86' lang='grc' dir='ltr'>ἡμέτερος</span> <span class='ocrx_word' id='word_1_474' title='bbox 796 4989 1103 5057; x_wconf 88' lang='grc' dir='ltr'>Δεσπότης·</span> <span class='ocrx_word' id='word_1_475' title='bbox 1150 4988 1280 5040; x_wconf 81' lang='grc' dir='ltr'>ὅταν</span> <span class='ocrx_word' id='word_1_476' title='bbox 1322 4985 1409 5057; x_wconf 79' lang='grc' dir='ltr'>ἴδῃ</span> <span class='ocrx_word' id='word_1_477' title='bbox 1438 4985 1616 5058; x_wconf 79' lang='grc' dir='ltr'>ψυχὴν</span> <span class='ocrx_word' id='word_1_478' title='bbox 1656 4988 1835 5059; x_wconf 85' lang='grc' dir='ltr'>πολλῷ</span> <span class='ocrx_word' id='word_1_479' title='bbox 1871 4992 1949 5061; x_wconf 81' lang='grc' dir='ltr'>τῷ</span> 
     </span>
    </p>
   </div>
   <div class='ocr_carea' id='block_1_61' title="bbox 269 5065 1948 5140">
    <p class='ocr_par' dir='ltr' id='par_1_61' title="bbox 269 5065 1948 5140">
     <span class='ocr_line' id='line_1_61' title="bbox 269 5065 1948 5140; baseline 0.004 -24"><span class='ocrx_word' id='word_1_480' title='bbox 269 5065 426 5136; x_wconf 85' lang='grc' dir='ltr'>πόθῳ</span> <span class='ocrx_word' id='word_1_481' title='bbox 455 5068 551 5120; x_wconf 79' lang='grc' dir='ltr'>καὶ</span> <span class='ocrx_word' id='word_1_482' title='bbox 581 5068 951 5140; x_wconf 76' lang='grc' dir='ltr'>ἐπιτεταμένῃ</span> <span class='ocrx_word' id='word_1_483' title='bbox 982 5070 1048 5137; x_wconf 81' lang='grc' dir='ltr'>τῇ</span> <span class='ocrx_word' id='word_1_484' title='bbox 1092 5065 1373 5137; x_wconf 81' lang='grc' dir='ltr'>προθυμίᾳ</span> <span class='ocrx_word' id='word_1_485' title='bbox 1404 5067 1517 5130; x_wconf 90' lang='grc' dir='ltr'>τοῖς</span> <span class='ocrx_word' id='word_1_486' title='bbox 1557 5073 1948 5137; x_wconf 82' lang='grc' dir='ltr'>πνευματικοῖς</span> 
     </span>
    </p>
   </div>
   <div class='ocr_carea' id='block_1_62' title="bbox 267 5143 1949 5216">
    <p class='ocr_par' dir='ltr' id='par_1_62' title="bbox 267 5143 1949 5216">
     <span class='ocr_line' id='line_1_62' title="bbox 267 5143 1949 5216; baseline 0.002 -20"><span class='ocrx_word' id='word_1_487' title='bbox 267 5145 642 5216; x_wconf 75' lang='grc' dir='ltr'>προσιοῦσαν,</span> <span class='ocrx_word' id='word_1_488' title='bbox 678 5144 1113 5215; x_wconf 80' lang='grc' dir='ltr'>ἐπιδαψιλεύεται</span> <span class='ocrx_word' id='word_1_489' title='bbox 1157 5143 1257 5215; x_wconf 83' lang='grc' dir='ltr'>τὴν</span> <span class='ocrx_word' id='word_1_490' title='bbox 1314 5150 1508 5216; x_wconf 86' lang='grc' dir='ltr'>χάριν,</span> <span class='ocrx_word' id='word_1_491' title='bbox 1558 5145 1654 5199; x_wconf 72' lang='grc' dir='ltr'>καὶ</span> <span class='ocrx_word' id='word_1_492' title='bbox 1689 5145 1949 5211; x_wconf 86' lang='grc' dir='ltr'>πλουσίας</span> 
     </span>
    </p>
   </div>
   <div class='ocr_carea' id='block_1_63' title="bbox 278 5223 1948 5297">
    <p class='ocr_par' dir='ltr' id='par_1_63' title="bbox 278 5223 1948 5297">
     <span class='ocr_line' id='line_1_63' title="bbox 278 5223 1948 5297; baseline 0.002 -21"><span class='ocrx_word' id='word_1_493' title='bbox 278 5226 404 5294; x_wconf 85' lang='grc' dir='ltr'>παρ’</span> <span class='ocrx_word' id='word_1_494' title='bbox 434 5226 634 5280; x_wconf 78' lang='grc' dir='ltr'>ἑαυτοῦ</span> <span class='ocrx_word' id='word_1_495' title='bbox 663 5224 946 5297; x_wconf 80' lang='grc' dir='ltr'>χαρίζεται</span> <span class='ocrx_word' id='word_1_496' title='bbox 972 5225 1072 5288; x_wconf 83' lang='grc' dir='ltr'>τὰς</span> <span class='ocrx_word' id='word_1_497' title='bbox 1097 5223 1322 5293; x_wconf 90' lang='grc' dir='ltr'>δωρεάς.</span> <span class='ocrx_word' id='word_1_498' title='bbox 1348 5223 1507 5277; x_wconf 87' lang='grc' dir='ltr'>Ὅθεν</span> <span class='ocrx_word' id='word_1_499' title='bbox 1542 5225 1825 5296; x_wconf 87' lang='grc' dir='ltr'>προσδοκῶ</span> <span class='ocrx_word' id='word_1_500' title='bbox 1856 5227 1948 5280; x_wconf 79' lang='grc' dir='ltr'>καὶ</span> 
     </span>
    </p>
   </div>
   <div class='ocr_carea' id='block_1_64' title="bbox 278 5303 1946 5381">
    <p class='ocr_par' dir='ltr' id='par_1_64' title="bbox 278 5303 1946 5381">
     <span class='ocr_line' id='line_1_64' title="bbox 278 5303 1946 5381; baseline 0.001 -23"><span class='ocrx_word' id='word_1_501' title='bbox 278 5306 405 5376; x_wconf 70' lang='grc' dir='ltr'>ἡμῖν</span> <span class='ocrx_word' id='word_1_502' title='bbox 430 5307 518 5361; x_wconf 78' lang='grc' dir='ltr'>διὰ</span> <span class='ocrx_word' id='word_1_503' title='bbox 554 5308 655 5381; x_wconf 83' lang='grc' dir='ltr'>τὴν</span> <span class='ocrx_word' id='word_1_504' title='bbox 688 5308 959 5378; x_wconf 86' lang='grc' dir='ltr'>ὑμετέραν</span> <span class='ocrx_word' id='word_1_505' title='bbox 982 5305 1009 5345; x_wconf 73' lang='grc' dir='ltr'><strong>ἀ</strong></span> <span class='ocrx_word' id='word_1_506' title='bbox 1038 5304 1307 5374; x_wconf 85' lang='grc' dir='ltr'>ὠφέλειαν</span> <span class='ocrx_word' id='word_1_507' title='bbox 1347 5303 1567 5359; x_wconf 90' lang='grc' dir='ltr'>πλείονα</span> <span class='ocrx_word' id='word_1_508' title='bbox 1592 5307 1946 5379; x_wconf 87' lang='grc' dir='ltr'>παρασχεθή-</span> 
     </span>
    </p>
   </div>
   <div class='ocr_carea' id='block_1_65' title="bbox 268 5382 1947 5457">
    <p class='ocr_par' dir='ltr' id='par_1_65' title="bbox 268 5382 1947 5457">
     <span class='ocr_line' id='line_1_65' title="bbox 268 5382 1947 5457; baseline 0.002 -22"><span class='ocrx_word' id='word_1_509' title='bbox 268 5384 466 5439; x_wconf 78' lang='grc' dir='ltr'>σεσθαι</span> <span class='ocrx_word' id='word_1_510' title='bbox 517 5385 608 5441; x_wconf 80' lang='grc' dir='ltr'>τὸν</span> <span class='ocrx_word' id='word_1_511' title='bbox 656 5386 757 5456; x_wconf 80' lang='grc' dir='ltr'>τῆς</span> <span class='ocrx_word' id='word_1_512' title='bbox 798 5383 1144 5446; x_wconf 87' lang='grc' dir='ltr'>διδασκαλίας</span> <span class='ocrx_word' id='word_1_513' title='bbox 1178 5382 1336 5453; x_wconf 84' lang='grc' dir='ltr'>λόγον</span> <span class='ocrx_word' id='word_1_514' title='bbox 1384 5384 1465 5447; x_wconf 84' lang='grc' dir='ltr'>είς</span> <span class='ocrx_word' id='word_1_515' title='bbox 1515 5383 1803 5455; x_wconf 83' lang='grc' dir='ltr'>οἰκοδομὴν</span> <span class='ocrx_word' id='word_1_516' title='bbox 1845 5386 1947 5457; x_wconf 81' lang='grc' dir='ltr'>τῆς</span> 
     </span>
    </p>
   </div>
   <div class='ocr_carea' id='block_1_66' title="bbox 334 5476 1948 5544">
    <p class='ocr_par' dir='ltr' id='par_1_66' title="bbox 334 5476 1948 5544">
     <span class='ocr_line' id='line_1_66' title="bbox 334 5476 1948 5544; baseline 0.001 -15"><span class='ocrx_word' id='word_1_517' title='bbox 334 5482 361 5510; x_wconf 75' lang='grc'><strong>⁸</strong></span> <span class='ocrx_word' id='word_1_518' title='bbox 388 5481 462 5531; x_wconf 80' lang='lat' dir='ltr'>lla</span> <span class='ocrx_word' id='word_1_519' title='bbox 507 5483 660 5533; x_wconf 73' lang='lat' dir='ltr'>Savil.</span> <span class='ocrx_word' id='word_1_520' title='bbox 697 5487 751 5532; x_wconf 83' lang='lat' dir='ltr'><strong>et</strong></span> <span class='ocrx_word' id='word_1_521' title='bbox 773 5495 861 5532; x_wconf 81' lang='lat' dir='ltr'>sex</span> <span class='ocrx_word' id='word_1_522' title='bbox 880 5495 995 5532; x_wconf 89' lang='lat' dir='ltr'>mss.</span> <span class='ocrx_word' id='word_1_523' title='bbox 1018 5478 1193 5529; x_wconf 76' lang='lat' dir='ltr'>Morel.</span> <span class='ocrx_word' id='word_1_524' title='bbox 1220 5480 1339 5542; x_wconf 83' lang='grc' dir='ltr'>μετά</span> <span class='ocrx_word' id='word_1_525' title='bbox 1366 5476 1453 5528; x_wconf 88' lang='grc' dir='ltr'>τοῦ</span> <span class='ocrx_word' id='word_1_526' title='bbox 1476 5480 1619 5529; x_wconf 82' lang='grc' dir='ltr'>καὶ...</span> <span class='ocrx_word' id='word_1_527' title='bbox 1644 5480 1948 5544; x_wconf 83' lang='grc' dir='ltr'>ἐνταμιεύεσ-</span> 
     </span>
    </p>
   </div>
   <div class='ocr_carea' id='block_1_67' title="bbox 267 5544 1819 5668">
    <p class='ocr_par' dir='ltr' id='par_1_67' title="bbox 267 5544 1819 5668">
     <span class='ocr_line' id='line_1_67' title="bbox 267 5544 1819 5668; baseline -0.001 -15"><span class='ocrx_word' id='word_1_528' title='bbox 267 5544 363 5644; x_wconf 51' lang='lat' dir='ltr'>ac:</span> <span class='ocrx_word' id='word_1_529' title='bbox 388 5604 509 5667; x_wconf 73' lang='lat' dir='ltr'><strong>Reg.</strong></span> <span class='ocrx_word' id='word_1_530' title='bbox 533 5620 661 5654; x_wconf 81' lang='lat' dir='ltr'>unus</span> <span class='ocrx_word' id='word_1_531' title='bbox 678 5606 734 5654; x_wconf 82' lang='grc' dir='ltr'>οὑ</span> <span class='ocrx_word' id='word_1_532' title='bbox 754 5604 1064 5668; x_wconf 69' lang='grc' dir='ltr'>προσέχουσι.</span> <span class='ocrx_word' id='word_1_533' title='bbox 1085 5601 1286 5668; x_wconf 56' lang='lat'>(39151“)1</span> <span class='ocrx_word' id='word_1_534' title='bbox 1311 5602 1819 5668; x_wconf 28' lang='lat' dir='ltr'>oﬁqw-qpoqﬁxowai.</span> 
     </span>
    </p>
   </div>
   <div class='ocr_carea' id='block_1_68' title="bbox 334 5662 1926 5721">
    <p class='ocr_par' dir='ltr' id='par_1_68' title="bbox 334 5662 1926 5721">
     <span class='ocr_line' id='line_1_68' title="bbox 334 5662 1926 5721; baseline -0.001 -6"><span class='ocrx_word' id='word_1_535' title='bbox 334 5670 365 5698; x_wconf 71' lang='grc' dir='ltr'><strong>ο</strong></span> <span class='ocrx_word' id='word_1_536' title='bbox 388 5662 575 5716; x_wconf 76' lang='grc' dir='ltr'>Οηῖηεε</span> <span class='ocrx_word' id='word_1_537' title='bbox 602 5681 702 5715; x_wconf 78' lang='lat' dir='ltr'>mss</span> <span class='ocrx_word' id='word_1_538' title='bbox 743 5662 964 5714; x_wconf 54' lang='lat' dir='ltr'>el&#39;Sav&#39;i&#39;l.</span> <span class='ocrx_word' id='word_1_539' title='bbox 986 5662 1209 5721; x_wconf 67' lang='grc' dir='ltr'>ἠδυνήθη.</span> <span class='ocrx_word' id='word_1_540' title='bbox 1244 5662 1414 5712; x_wconf 66' lang='lat' dir='ltr'>Morel.</span> <span class='ocrx_word' id='word_1_541' title='bbox 1438 5662 1838 5721; x_wconf 61' lang='grc' dir='ltr'>ἠδυνήθησανΈι</span> <span class='ocrx_word' id='word_1_542' title='bbox 1859 5665 1926 5714; x_wconf 81' lang='lat' dir='ltr'><strong>ita</strong></span> 
     </span>
    </p>
   </div>
   <div class='ocr_carea' id='block_1_69' title="bbox 268 5722 1416 5785">
    <p class='ocr_par' dir='ltr' id='par_1_69' title="bbox 268 5722 1416 5785">
     <span class='ocr_line' id='line_1_69' title="bbox 268 5722 1416 5785; baseline -0.005 -7"><span class='ocrx_word' id='word_1_543' title='bbox 268 5731 635 5778; x_wconf 75' lang='lat' dir='ltr'>restituendum</span> <span class='ocrx_word' id='word_1_544' title='bbox 658 5741 719 5777; x_wconf 81' lang='lat' dir='ltr'><strong>ex</strong></span> <span class='ocrx_word' id='word_1_545' title='bbox 741 5728 1018 5785; x_wconf 81' lang='lat' dir='ltr'>conjectura</span> <span class='ocrx_word' id='word_1_546' title='bbox 1034 5730 1171 5772; x_wconf 78' lang='lat' dir='ltr'>notat</span> <span class='ocrx_word' id='word_1_547' title='bbox 1190 5722 1416 5772; x_wconf 78' lang='lat' dir='ltr'>Savilius.</span> 
     </span>
    </p>
   </div>
   <div class='ocr_carea' id='block_1_70' title="bbox 334 5785 1938 5849">
    <p class='ocr_par' dir='ltr' id='par_1_70' title="bbox 334 5785 1938 5849">
     <span class='ocr_line' id='line_1_70' title="bbox 334 5785 1938 5849; baseline 0.016 -19"><span class='ocrx_word' id='word_1_548' title='bbox 334 5790 361 5829; x_wconf 75' lang='lat' dir='ltr'>d</span> <span class='ocrx_word' id='word_1_549' title='bbox 383 5790 585 5840; x_wconf 70' lang='lat' dir='ltr'>Coislin.</span> <span class='ocrx_word' id='word_1_550' title='bbox 611 5789 855 5841; x_wconf 83' lang='grc' dir='ltr'>πλουσίως</span> <span class='ocrx_word' id='word_1_551' title='bbox 876 5788 959 5840; x_wconf 85' lang='grc' dir='ltr'>τὰς</span> <span class='ocrx_word' id='word_1_552' title='bbox 990 5786 1103 5847; x_wconf 82' lang='grc' dir='ltr'>παρ’</span> <span class='ocrx_word' id='word_1_553' title='bbox 1128 5786 1309 5849; x_wconf 65' lang='grc' dir='ltr'>ἑαυτῶν</span> <span class='ocrx_word' id='word_1_554' title='bbox 1342 5785 1581 5848; x_wconf 80' lang='grc' dir='ltr'>χαρίζεται</span> <span class='ocrx_word' id='word_1_555' title='bbox 1609 5785 1805 5849; x_wconf 58' lang='grc' dir='ltr'>δωρεὰς,</span> <span class='ocrx_word' id='word_1_556' title='bbox 1839 5787 1938 5835; x_wconf 55' lang='grc' dir='ltr'>ὅθεν</span> 
     </span>
    </p>
   </div>
   <div class='ocr_carea' id='block_1_71' title="bbox 270 5847 1324 5912">
    <p class='ocr_par' dir='ltr' id='par_1_71' title="bbox 270 5847 1324 5912">
     <span class='ocr_line' id='line_1_71' title="bbox 270 5847 1324 5912; baseline -0.009 -8"><span class='ocrx_word' id='word_1_557' title='bbox 270 5855 616 5912; x_wconf 67' lang='grc' dir='ltr'>πιθα-δοκῶμεν</span> <span class='ocrx_word' id='word_1_558' title='bbox 636 5853 716 5900; x_wconf 85' lang='grc' dir='ltr'>καὶ</span> <span class='ocrx_word' id='word_1_559' title='bbox 736 5850 846 5910; x_wconf 83' lang='grc' dir='ltr'>ἡμῖν</span> <span class='ocrx_word' id='word_1_560' title='bbox 867 5850 945 5897; x_wconf 83' lang='grc' dir='ltr'>διὰ</span> <span class='ocrx_word' id='word_1_561' title='bbox 965 5849 1049 5905; x_wconf 81' lang='grc' dir='ltr'>τήν</span> <span class='ocrx_word' id='word_1_562' title='bbox 1076 5847 1324 5909; x_wconf 72' lang='grc' dir='ltr'>ἡμετέραν.</span> 
     </span>
    </p>
   </div>
   <div class='ocr_carea' id='block_1_72' title="bbox 1515 258 2520 322">
    <p class='ocr_par' dir='ltr' id='par_1_72' title="bbox 1515 258 2520 322">
     <span class='ocr_line' id='line_1_72' title="bbox 1515 258 2520 322; baseline 0.002 -2"><span class='ocrx_word' id='word_1_563' title='bbox 1515 263 1580 320; x_wconf 85' lang='grc' dir='ltr'>ΙΝ</span> <span class='ocrx_word' id='word_1_564' title='bbox 1620 263 1774 319; x_wconf 72' lang='lat' dir='ltr'>CAP.</span> <span class='ocrx_word' id='word_1_565' title='bbox 1817 263 1834 316; x_wconf 94' lang='lat' dir='ltr'><strong>I</strong></span> <span class='ocrx_word' id='word_1_566' title='bbox 1874 258 2119 317; x_wconf 82' lang='lat' dir='ltr'>GENES.</span> <span class='ocrx_word' id='word_1_567' title='bbox 2163 260 2396 322; x_wconf 80' lang='lat' dir='ltr'>HOMIL.</span> <span class='ocrx_word' id='word_1_568' title='bbox 2433 266 2520 322; x_wconf 85' lang='lat' dir='ltr'>IV.</span> 
     </span>
    </p>
   </div>
   <div class='ocr_carea' id='block_1_73' title="bbox 3679 268 3746 322">
    <p class='ocr_par' dir='ltr' id='par_1_73' title="bbox 3679 268 3746 322">
     <span class='ocr_line' id='line_1_73' title="bbox 3679 268 3746 322; baseline -0.03 0"><span class='ocrx_word' id='word_1_569' title='bbox 3679 268 3746 322; x_wconf 68' lang='grc' dir='ltr'>ω</span> 
     </span>
    </p>
   </div>
   <div class='ocr_carea' id='block_1_74' title="bbox 2087 378 3747 455">
    <p class='ocr_par' dir='ltr' id='par_1_74' title="bbox 2087 378 3747 455">
     <span class='ocr_line' id='line_1_74' title="bbox 2087 378 3747 455; baseline 0.002 -24"><span class='ocrx_word' id='word_1_570' title='bbox 2087 378 2357 455; x_wconf 86' lang='grc' dir='ltr'>ὑμετέρας</span> <span class='ocrx_word' id='word_1_571' title='bbox 2384 381 2624 451; x_wconf 85' lang='grc' dir='ltr'>ἀγάπης.</span> <span class='ocrx_word' id='word_1_572' title='bbox 2667 383 2743 434; x_wconf 78' lang='grc' dir='ltr'>Δι’</span> <span class='ocrx_word' id='word_1_573' title='bbox 2778 384 2917 453; x_wconf 80' lang='grc' dir='ltr'>ὑμᾶς</span> <span class='ocrx_word' id='word_1_574' title='bbox 2949 384 3055 455; x_wconf 80' lang='grc' dir='ltr'>γὰρ</span> <span class='ocrx_word' id='word_1_575' title='bbox 3091 385 3184 439; x_wconf 72' lang='grc' dir='ltr'>καὶ</span> <span class='ocrx_word' id='word_1_576' title='bbox 3210 384 3310 455; x_wconf 81' lang='grc' dir='ltr'>τὴν</span> <span class='ocrx_word' id='word_1_577' title='bbox 3332 380 3612 453; x_wconf 76' lang='grc' dir='ltr'>προκοπὴν</span> <span class='ocrx_word' id='word_1_578' title='bbox 3647 382 3747 451; x_wconf 86' lang='grc' dir='ltr'>τὴν</span> 
     </span>
    </p>
   </div>
   <div class='ocr_carea' id='block_1_75' title="bbox 2082 454 3743 531">
    <p class='ocr_par' dir='ltr' id='par_1_75' title="bbox 2082 454 3743 531">
     <span class='ocr_line' id='line_1_75' title="bbox 2082 454 3743 531; baseline 0.005 -26"><span class='ocrx_word' id='word_1_579' title='bbox 2082 454 2352 527; x_wconf 88' lang='grc' dir='ltr'>ὑμετέραν</span> <span class='ocrx_word' id='word_1_580' title='bbox 2396 457 2611 512; x_wconf 77' lang='grc' dir='ltr'>ἅπαντα</span> <span class='ocrx_word' id='word_1_581' title='bbox 2645 459 2833 515; x_wconf 85' lang='grc' dir='ltr'>τοῦτον</span> <span class='ocrx_word' id='word_1_582' title='bbox 2863 461 2953 514; x_wconf 80' lang='grc' dir='ltr'>τὸν</span> <span class='ocrx_word' id='word_1_583' title='bbox 3002 454 3161 516; x_wconf 87' lang='grc' dir='ltr'>πόνον</span> <span class='ocrx_word' id='word_1_584' title='bbox 3197 454 3562 531; x_wconf 85' lang='grc' dir='ltr'>ὑπομένομεν,</span> <span class='ocrx_word' id='word_1_585' title='bbox 3603 459 3743 513; x_wconf 82' lang='grc' dir='ltr'>ὥστε</span> 
     </span>
    </p>
   </div>
   <div class='ocr_carea' id='block_1_76' title="bbox 2079 533 3745 611">
    <p class='ocr_par' dir='ltr' id='par_1_76' title="bbox 2079 533 3745 611">
     <span class='ocr_line' id='line_1_76' title="bbox 2079 533 3745 611; baseline 0.002 -25"><span class='ocrx_word' id='word_1_586' title='bbox 2079 533 2175 611; x_wconf 73' lang='grc' dir='ltr'>καὶ</span> <span class='ocrx_word' id='word_1_587' title='bbox 2222 535 2367 604; x_wconf 82' lang='grc' dir='ltr'>ὑμᾶς</span> <span class='ocrx_word' id='word_1_588' title='bbox 2407 536 2542 606; x_wconf 84' lang='grc' dir='ltr'>πρὸς</span> <span class='ocrx_word' id='word_1_589' title='bbox 2585 538 2753 608; x_wconf 85' lang='grc' dir='ltr'>αὑτὴν</span> <span class='ocrx_word' id='word_1_590' title='bbox 2777 539 2877 609; x_wconf 72' lang='grc' dir='ltr'>τῆς</span> <span class='ocrx_word' id='word_1_591' title='bbox 2908 540 3108 611; x_wconf 80' lang='grc' dir='ltr'>ἀρετῆς</span> <span class='ocrx_word' id='word_1_592' title='bbox 3150 542 3248 610; x_wconf 83' lang='grc' dir='ltr'>τὴν</span> <span class='ocrx_word' id='word_1_593' title='bbox 3275 540 3516 609; x_wconf 82' lang='grc' dir='ltr'>κορυφὴν</span> <span class='ocrx_word' id='word_1_594' title='bbox 3553 538 3745 591; x_wconf 85' lang='grc' dir='ltr'>θάττον</span> 
     </span>
    </p>
   </div>
   <div class='ocr_carea' id='block_1_77' title="bbox 2079 609 3746 689">
    <p class='ocr_par' dir='ltr' id='par_1_77' title="bbox 2079 609 3746 689">
     <span class='ocr_line' id='line_1_77' title="bbox 2079 609 3746 689; baseline 0.004 -26"><span class='ocrx_word' id='word_1_595' title='bbox 2079 609 2429 683; x_wconf 85' lang='grc' dir='ltr'>ἀναδραμεῖν,</span> <span class='ocrx_word' id='word_1_596' title='bbox 2459 616 2552 667; x_wconf 82' lang='grc' dir='ltr'>καὶ</span> <span class='ocrx_word' id='word_1_597' title='bbox 2585 616 2717 669; x_wconf 82' lang='grc' dir='ltr'>πᾶσι</span> <span class='ocrx_word' id='word_1_598' title='bbox 2757 619 2868 680; x_wconf 89' lang='grc' dir='ltr'>τοῖς</span> <span class='ocrx_word' id='word_1_599' title='bbox 2897 609 2975 680; x_wconf 83' lang='grc' dir='ltr'>είς</span> <span class='ocrx_word' id='word_1_600' title='bbox 3009 619 3154 687; x_wconf 82' lang='grc' dir='ltr'>ὑμᾶς</span> <span class='ocrx_word' id='word_1_601' title='bbox 3195 609 3362 689; x_wconf 77' lang='grc' dir='ltr'>δρῶσι</span> <span class='ocrx_word' id='word_1_602' title='bbox 3395 616 3746 681; x_wconf 83' lang='grc' dir='ltr'>διδασκάλους</span> 
     </span>
    </p>
   </div>
   <div class='ocr_carea' id='block_1_78' title="bbox 2077 690 3744 765">
    <p class='ocr_par' dir='ltr' id='par_1_78' title="bbox 2077 690 3744 765">
     <span class='ocr_line' id='line_1_78' title="bbox 2077 690 3744 765; baseline 0.004 -23"><span class='ocrx_word' id='word_1_603' title='bbox 2077 690 2328 757; x_wconf 85' lang='grc' dir='ltr'>γενέσθαι</span> <span class='ocrx_word' id='word_1_604' title='bbox 2360 693 2459 762; x_wconf 86' lang='grc' dir='ltr'>τῆς</span> <span class='ocrx_word' id='word_1_605' title='bbox 2497 694 2637 747; x_wconf 87' lang='grc' dir='ltr'>κατὰ</span> <span class='ocrx_word' id='word_1_606' title='bbox 2678 694 2809 748; x_wconf 86' lang='grc' dir='ltr'>Θεὸν</span> <span class='ocrx_word' id='word_1_607' title='bbox 2863 696 3156 761; x_wconf 85' lang='grc' dir='ltr'>πολιτείας,</span> <span class='ocrx_word' id='word_1_608' title='bbox 3193 697 3287 750; x_wconf 78' lang='grc' dir='ltr'>καὶ</span> <span class='ocrx_word' id='word_1_609' title='bbox 3321 697 3470 765; x_wconf 80' lang='grc' dir='ltr'>ἡμᾶς</span> <span class='ocrx_word' id='word_1_610' title='bbox 3504 695 3744 759; x_wconf 87' lang='grc' dir='ltr'>πλείονος</span> 
     </span>
    </p>
   </div>
   <div class='ocr_carea' id='block_1_79' title="bbox 2077 767 3743 846">
    <p class='ocr_par' dir='ltr' id='par_1_79' title="bbox 2077 767 3743 846">
     <span class='ocr_line' id='line_1_79' title="bbox 2077 767 3743 846; baseline 0.005 -27"><span class='ocrx_word' id='word_1_611' title='bbox 2077 767 2370 823; x_wconf 89' lang='grc' dir='ltr'>ἀπολαύειν</span> <span class='ocrx_word' id='word_1_612' title='bbox 2422 771 2525 839; x_wconf 88' lang='grc' dir='ltr'>τῆς</span> <span class='ocrx_word' id='word_1_613' title='bbox 2578 773 2931 844; x_wconf 66' lang='grc' dir='ltr'>παρρησίας,</span> <span class='ocrx_word' id='word_1_614' title='bbox 2980 775 3221 846; x_wconf 83' lang='grc' dir='ltr'>ὁρῶντας</span> <span class='ocrx_word' id='word_1_615' title='bbox 3268 776 3328 827; x_wconf 88' lang='grc' dir='ltr'>οὐ</span> <span class='ocrx_word' id='word_1_616' title='bbox 3366 773 3580 845; x_wconf 86' lang='grc' dir='ltr'>μάτην,</span> <span class='ocrx_word' id='word_1_617' title='bbox 3620 773 3743 828; x_wconf 81' lang='grc' dir='ltr'>οὑδὲ</span> 
     </span>
    </p>
   </div>
   <div class='ocr_carea' id='block_1_80' title="bbox 2075 856 3744 934">
    <p class='ocr_par' dir='ltr' id='par_1_80' title="bbox 2075 856 3744 934">
     <span class='ocr_line' id='line_1_80' title="bbox 2075 856 3744 934; baseline 0.005 -28"><span class='ocrx_word' id='word_1_618' title='bbox 2075 856 2194 926; x_wconf 87' lang='grc' dir='ltr'>εἰκῆ</span> <span class='ocrx_word' id='word_1_619' title='bbox 2251 858 2612 927; x_wconf 86' lang='grc' dir='ltr'>πονουμένους</span> <span class='ocrx_word' id='word_1_620' title='bbox 2666 862 2813 932; x_wconf 75' lang='grc' dir='ltr'>ἡμᾶς</span> <span class='ocrx_word' id='word_1_621' title='bbox 2838 901 2852 926; x_wconf 96' lang='grc'>,</span> <span class='ocrx_word' id='word_1_622' title='bbox 2887 860 3023 915; x_wconf 88' lang='grc' dir='ltr'>ἀλλά</span> <span class='ocrx_word' id='word_1_623' title='bbox 3069 862 3191 915; x_wconf 84' lang='grc' dir='ltr'>καθ’</span> <span class='ocrx_word' id='word_1_624' title='bbox 3246 862 3482 932; x_wconf 79' lang='grc' dir='ltr'>ἑκάστην</span> <span class='ocrx_word' id='word_1_625' title='bbox 3529 863 3744 934; x_wconf 86' lang='grc' dir='ltr'>ἡμέραν</span> 
     </span>
    </p>
   </div>
   <div class='ocr_carea' id='block_1_81' title="bbox 2075 933 3743 1010">
    <p class='ocr_par' dir='ltr' id='par_1_81' title="bbox 2075 933 3743 1010">
     <span class='ocr_line' id='line_1_81' title="bbox 2075 933 3743 1010; baseline 0.004 -24"><span class='ocrx_word' id='word_1_626' title='bbox 2075 933 2441 1005; x_wconf 82' lang='grc' dir='ltr'>αὐξανόμενον</span> <span class='ocrx_word' id='word_1_627' title='bbox 2492 939 2680 991; x_wconf 84' lang='grc' dir='ltr'>τοῦτον</span> <span class='ocrx_word' id='word_1_628' title='bbox 2713 940 2805 993; x_wconf 89' lang='grc' dir='ltr'>τὸν</span> <span class='ocrx_word' id='word_1_629' title='bbox 2840 941 3040 1008; x_wconf 83' lang='grc' dir='ltr'>σπόρον</span> <span class='ocrx_word' id='word_1_630' title='bbox 3069 943 3160 993; x_wconf 84' lang='grc' dir='ltr'>τὸν</span> <span class='ocrx_word' id='word_1_631' title='bbox 3204 940 3607 1010; x_wconf 86' lang='grc' dir='ltr'>πνευματικὸν,</span> <span class='ocrx_word' id='word_1_632' title='bbox 3649 945 3743 995; x_wconf 72' lang='grc' dir='ltr'>καὶ</span> 
     </span>
    </p>
   </div>
   <div class='ocr_carea' id='block_1_82' title="bbox 2078 1012 3743 1089">
    <p class='ocr_par' dir='ltr' id='par_1_82' title="bbox 2078 1012 3743 1089">
     <span class='ocr_line' id='line_1_82' title="bbox 2078 1012 3743 1089; baseline 0.002 -23"><span class='ocrx_word' id='word_1_633' title='bbox 2078 1012 2152 1082; x_wconf 82' lang='grc' dir='ltr'>μὴ</span> <span class='ocrx_word' id='word_1_634' title='bbox 2178 1014 2432 1086; x_wconf 88' lang='grc' dir='ltr'>καθάπερ</span> <span class='ocrx_word' id='word_1_635' title='bbox 2463 1017 2520 1068; x_wconf 87' lang='grc' dir='ltr'>ὲν</span> <span class='ocrx_word' id='word_1_636' title='bbox 2551 1016 2629 1087; x_wconf 83' lang='grc' dir='ltr'>τῷ</span> <span class='ocrx_word' id='word_1_637' title='bbox 2661 1018 2965 1089; x_wconf 81' lang='grc' dir='ltr'>εὐαγγελίῳ</span> <span class='ocrx_word' id='word_1_638' title='bbox 2993 1019 3086 1071; x_wconf 74' lang='grc' dir='ltr'>ἐπὶ</span> <span class='ocrx_word' id='word_1_639' title='bbox 3117 1019 3211 1072; x_wconf 89' lang='grc' dir='ltr'>τοῦ</span> <span class='ocrx_word' id='word_1_640' title='bbox 3249 1021 3560 1089; x_wconf 87' lang='grc' dir='ltr'>σπείροντος</span> <span class='ocrx_word' id='word_1_641' title='bbox 3583 1019 3743 1087; x_wconf 83' lang='grc' dir='ltr'>γέγο-</span> 
     </span>
    </p>
   </div>
   <div class='ocr_carea' id='block_1_83' title="bbox 2073 1091 3743 1167">
    <p class='ocr_par' dir='ltr' id='par_1_83' title="bbox 2073 1091 3743 1167">
     <span class='ocr_line' id='line_1_83' title="bbox 2073 1091 3743 1167; baseline 0.005 -24"><span class='ocrx_word' id='word_1_642' title='bbox 2073 1107 2183 1156; x_wconf 81' lang='grc' dir='ltr'>νεν,</span> <span class='ocrx_word' id='word_1_643' title='bbox 2211 1091 2354 1146; x_wconf 84' lang='grc' dir='ltr'>οὑτω</span> <span class='ocrx_word' id='word_1_644' title='bbox 2391 1094 2488 1147; x_wconf 73' lang='grc' dir='ltr'>καὶ</span> <span class='ocrx_word' id='word_1_645' title='bbox 2534 1095 2619 1164; x_wconf 82' lang='grc' dir='ltr'>ἐφ’</span> <span class='ocrx_word' id='word_1_646' title='bbox 2647 1095 2804 1166; x_wconf 89' lang='grc' dir='ltr'>ἡμῶν</span> <span class='ocrx_word' id='word_1_647' title='bbox 2841 1109 2863 1135; x_wconf 81' lang='grc' dir='ltr'>θ</span> <span class='ocrx_word' id='word_1_648' title='bbox 2896 1097 3187 1167; x_wconf 75' lang='grc' dir='ltr'>συμϐῆναι.</span> <span class='ocrx_word' id='word_1_649' title='bbox 3232 1098 3379 1151; x_wconf 83' lang='grc' dir='ltr'>Ἐκεῖ</span> <span class='ocrx_word' id='word_1_650' title='bbox 3411 1097 3509 1166; x_wconf 87' lang='grc' dir='ltr'>μὲν</span> <span class='ocrx_word' id='word_1_651' title='bbox 3547 1098 3655 1167; x_wconf 85' lang='grc' dir='ltr'>γάρ</span> <span class='ocrx_word' id='word_1_652' title='bbox 3684 1097 3743 1151; x_wconf 81' lang='grc' dir='ltr'>ἓν</span> 
     </span>
    </p>
   </div>
   <div class='ocr_carea' id='block_1_84' title="bbox 2076 1170 3744 1245">
    <p class='ocr_par' dir='ltr' id='par_1_84' title="bbox 2076 1170 3744 1245">
     <span class='ocr_line' id='line_1_84' title="bbox 2076 1170 3744 1245; baseline 0.004 -23"><span class='ocrx_word' id='word_1_653' title='bbox 2076 1170 2239 1242; x_wconf 84' lang='grc' dir='ltr'>μέρος</span> <span class='ocrx_word' id='word_1_654' title='bbox 2278 1172 2531 1244; x_wconf 80' lang='grc' dir='ltr'>διεσώθη,</span> <span class='ocrx_word' id='word_1_655' title='bbox 2576 1174 2671 1227; x_wconf 74' lang='grc' dir='ltr'>καὶ</span> <span class='ocrx_word' id='word_1_656' title='bbox 2703 1174 2769 1226; x_wconf 90' lang='grc' dir='ltr'>τά</span> <span class='ocrx_word' id='word_1_657' title='bbox 2811 1174 2936 1245; x_wconf 90' lang='grc' dir='ltr'>τρία</span> <span class='ocrx_word' id='word_1_658' title='bbox 2971 1174 3354 1245; x_wconf 85' lang='grc' dir='ltr'>παραπώλετο.</span> <span class='ocrx_word' id='word_1_659' title='bbox 3389 1175 3462 1227; x_wconf 85' lang='grc' dir='ltr'>Τὸ</span> <span class='ocrx_word' id='word_1_660' title='bbox 3505 1175 3602 1244; x_wconf 84' lang='grc' dir='ltr'>μὲν</span> <span class='ocrx_word' id='word_1_661' title='bbox 3634 1175 3744 1244; x_wconf 88' lang='grc' dir='ltr'>γὰρ</span> 
     </span>
    </p>
   </div>
   <div class='ocr_carea' id='block_1_85' title="bbox 2070 1249 3741 1324">
    <p class='ocr_par' dir='ltr' id='par_1_85' title="bbox 2070 1249 3741 1324">
     <span class='ocr_line' id='line_1_85' title="bbox 2070 1249 3741 1324; baseline 0.004 -24"><span class='ocrx_word' id='word_1_662' title='bbox 2070 1249 2181 1300; x_wconf 85' lang='grc' dir='ltr'>τῶν</span> <span class='ocrx_word' id='word_1_663' title='bbox 2225 1252 2556 1322; x_wconf 88' lang='grc' dir='ltr'>σπερμάτων</span> <span class='ocrx_word' id='word_1_664' title='bbox 2606 1252 2665 1306; x_wconf 82' lang='grc' dir='ltr'>τὸ</span> <span class='ocrx_word' id='word_1_665' title='bbox 2715 1253 2863 1324; x_wconf 89' lang='grc' dir='ltr'>παρά</span> <span class='ocrx_word' id='word_1_666' title='bbox 2900 1254 2998 1323; x_wconf 86' lang='grc' dir='ltr'>τὴν</span> <span class='ocrx_word' id='word_1_667' title='bbox 3035 1253 3153 1307; x_wconf 79' lang='grc' dir='ltr'>ὁδὸν</span> <span class='ocrx_word' id='word_1_668' title='bbox 3186 1252 3529 1324; x_wconf 75' lang='grc' dir='ltr'>καταϐληθὲν</span> <span class='ocrx_word' id='word_1_669' title='bbox 3571 1253 3741 1323; x_wconf 80' lang='grc' dir='ltr'>ἀκαρ-</span> 
     </span>
    </p>
   </div>
   <div class='ocr_carea' id='block_1_86' title="bbox 2072 1329 3741 1401">
    <p class='ocr_par' dir='ltr' id='par_1_86' title="bbox 2072 1329 3741 1401">
     <span class='ocr_line' id='line_1_86' title="bbox 2072 1329 3741 1401; baseline 0.001 -19"><span class='ocrx_word' id='word_1_670' title='bbox 2072 1346 2171 1382; x_wconf 88' lang='grc' dir='ltr'>πον</span> <span class='ocrx_word' id='word_1_671' title='bbox 2203 1329 2407 1399; x_wconf 77' lang='grc' dir='ltr'>ἔμεινε,</span> <span class='ocrx_word' id='word_1_672' title='bbox 2450 1332 2511 1384; x_wconf 86' lang='grc' dir='ltr'>τὸ</span> <span class='ocrx_word' id='word_1_673' title='bbox 2541 1332 2598 1384; x_wconf 85' lang='grc' dir='ltr'>δὲ</span> <span class='ocrx_word' id='word_1_674' title='bbox 2633 1332 2738 1386; x_wconf 87' lang='grc' dir='ltr'>ὑπὸ</span> <span class='ocrx_word' id='word_1_675' title='bbox 2779 1332 2889 1384; x_wconf 87' lang='grc' dir='ltr'>τῶν</span> <span class='ocrx_word' id='word_1_676' title='bbox 2922 1331 3171 1385; x_wconf 87' lang='grc' dir='ltr'>ἀκανθῶν</span> <span class='ocrx_word' id='word_1_677' title='bbox 3221 1332 3518 1400; x_wconf 87' lang='grc' dir='ltr'>ἀπεπνίγη,</span> <span class='ocrx_word' id='word_1_678' title='bbox 3557 1332 3741 1401; x_wconf 71' lang='grc' dir='ltr'>ἕτερον</span> 
     </span>
    </p>
   </div>
   <div class='ocr_carea' id='block_1_87' title="bbox 2069 1408 3742 1484">
    <p class='ocr_par' dir='ltr' id='par_1_87' title="bbox 2069 1408 3742 1484">
     <span class='ocr_line' id='line_1_87' title="bbox 2069 1408 3742 1484; baseline 0.001 -22"><span class='ocrx_word' id='word_1_679' title='bbox 2069 1408 2124 1462; x_wconf 88' lang='grc' dir='ltr'>δὲ</span> <span class='ocrx_word' id='word_1_680' title='bbox 2160 1412 2239 1473; x_wconf 84' lang='grc' dir='ltr'>εἰς</span> <span class='ocrx_word' id='word_1_681' title='bbox 2266 1410 2365 1475; x_wconf 88' lang='grc' dir='ltr'>τάς</span> <span class='ocrx_word' id='word_1_682' title='bbox 2396 1411 2602 1482; x_wconf 87' lang='grc' dir='ltr'>πέτρας</span> <span class='ocrx_word' id='word_1_683' title='bbox 2634 1412 2995 1484; x_wconf 80' lang='grc' dir='ltr'>καταϐληθὲν,</span> <span class='ocrx_word' id='word_1_684' title='bbox 3025 1412 3120 1465; x_wconf 77' lang='grc' dir='ltr'>καὶ</span> <span class='ocrx_word' id='word_1_685' title='bbox 3160 1412 3253 1465; x_wconf 80' lang='grc' dir='ltr'>ἐπὶ</span> <span class='ocrx_word' id='word_1_686' title='bbox 3296 1413 3394 1482; x_wconf 82' lang='grc' dir='ltr'>τῆς</span> <span class='ocrx_word' id='word_1_687' title='bbox 3422 1413 3742 1479; x_wconf 76' lang='grc' dir='ltr'>ἐπιφανείας</span> 
     </span>
    </p>
   </div>
   <div class='ocr_carea' id='block_1_88' title="bbox 2073 1488 3742 1562">
    <p class='ocr_par' dir='ltr' id='par_1_88' title="bbox 2073 1488 3742 1562">
     <span class='ocr_line' id='line_1_88' title="bbox 2073 1488 3742 1562; baseline 0.002 -24"><span class='ocrx_word' id='word_1_688' title='bbox 2073 1490 2280 1556; x_wconf 90' lang='grc' dir='ltr'>μεῖναν,</span> <span class='ocrx_word' id='word_1_689' title='bbox 2310 1489 2500 1543; x_wconf 82' lang='grc' dir='ltr'>οὐδένα</span> <span class='ocrx_word' id='word_1_690' title='bbox 2536 1491 2750 1561; x_wconf 86' lang='grc' dir='ltr'>καρπὸν</span> <span class='ocrx_word' id='word_1_691' title='bbox 2779 1492 3022 1560; x_wconf 82' lang='grc' dir='ltr'>ἐνεγκεῖν</span> <span class='ocrx_word' id='word_1_692' title='bbox 3051 1490 3291 1561; x_wconf 80' lang='grc' dir='ltr'>ἠδυνήθη</span> <span class='ocrx_word' id='word_1_693' title='bbox 3315 1506 3328 1520; x_wconf 77' lang='grc'><strong><em>⁸</em></strong></span> <span class='ocrx_word' id='word_1_694' title='bbox 3363 1488 3474 1562; x_wconf 69' lang='grc'>[25]</span> <span class='ocrx_word' id='word_1_695' title='bbox 3507 1490 3742 1542; x_wconf 78' lang='grc' dir='ltr'>ἐνταῦθα</span> 
     </span>
    </p>
   </div>
   <div class='ocr_carea' id='block_1_89' title="bbox 2068 1564 3741 1642">
    <p class='ocr_par' dir='ltr' id='par_1_89' title="bbox 2068 1564 3741 1642">
     <span class='ocr_line' id='line_1_89' title="bbox 2068 1564 3741 1642; baseline 0.002 -25"><span class='ocrx_word' id='word_1_696' title='bbox 2068 1564 2124 1618; x_wconf 89' lang='grc' dir='ltr'>δὲ</span> <span class='ocrx_word' id='word_1_697' title='bbox 2149 1565 2238 1619; x_wconf 84' lang='grc' dir='ltr'>διὰ</span> <span class='ocrx_word' id='word_1_698' title='bbox 2275 1567 2373 1638; x_wconf 79' lang='grc' dir='ltr'>τὴν</span> <span class='ocrx_word' id='word_1_699' title='bbox 2415 1568 2509 1622; x_wconf 90' lang='grc' dir='ltr'>τοῦ</span> <span class='ocrx_word' id='word_1_700' title='bbox 2546 1569 2681 1623; x_wconf 88' lang='grc' dir='ltr'>Θεοῦ</span> <span class='ocrx_word' id='word_1_701' title='bbox 2719 1570 2879 1642; x_wconf 87' lang='grc' dir='ltr'>χάριν</span> <span class='ocrx_word' id='word_1_702' title='bbox 2924 1569 3309 1642; x_wconf 88' lang='grc' dir='ltr'>προσδοκῶμεν</span> <span class='ocrx_word' id='word_1_703' title='bbox 3346 1568 3561 1622; x_wconf 74' lang='grc' dir='ltr'>ἅπαντα</span> <span class='ocrx_word' id='word_1_704' title='bbox 3595 1566 3614 1605; x_wconf 68' lang='grc' dir='ltr'>ί</span> <span class='ocrx_word' id='word_1_705' title='bbox 3650 1569 3741 1621; x_wconf 88' lang='grc' dir='ltr'>τὸν</span> 
     </span>
    </p>
   </div>
   <div class='ocr_carea' id='block_1_90' title="bbox 2070 1651 3741 1727">
    <p class='ocr_par' dir='ltr' id='par_1_90' title="bbox 2070 1651 3741 1727">
     <span class='ocr_line' id='line_1_90' title="bbox 2070 1651 3741 1727; baseline 0.004 -25"><span class='ocrx_word' id='word_1_706' title='bbox 2070 1651 2272 1723; x_wconf 87' lang='grc' dir='ltr'>σπόρον</span> <span class='ocrx_word' id='word_1_707' title='bbox 2318 1655 2399 1718; x_wconf 84' lang='grc' dir='ltr'>είς</span> <span class='ocrx_word' id='word_1_708' title='bbox 2445 1651 2545 1720; x_wconf 80' lang='grc' dir='ltr'>τὴν</span> <span class='ocrx_word' id='word_1_709' title='bbox 2593 1655 2765 1727; x_wconf 82' lang='grc' dir='ltr'>καλὴν</span> <span class='ocrx_word' id='word_1_710' title='bbox 2797 1656 2903 1727; x_wconf 84' lang='grc' dir='ltr'>γῆν</span> <span class='ocrx_word' id='word_1_711' title='bbox 2950 1655 3430 1727; x_wconf 76' lang='grc' dir='ltr'>καταϐεὸλῆσθαι,</span> <span class='ocrx_word' id='word_1_712' title='bbox 3478 1655 3572 1711; x_wconf 75' lang='grc' dir='ltr'>καὶ</span> <span class='ocrx_word' id='word_1_713' title='bbox 3614 1656 3741 1719; x_wconf 75' lang='grc' dir='ltr'>τοὺς</span> 
     </span>
    </p>
   </div>
   <div class='ocr_carea' id='block_1_91' title="bbox 2070 1730 3739 1807">
    <p class='ocr_par' dir='ltr' id='par_1_91' title="bbox 2070 1730 3739 1807">
     <span class='ocr_line' id='line_1_91' title="bbox 2070 1730 3739 1807; baseline 0.002 -24"><span class='ocrx_word' id='word_1_714' title='bbox 2070 1730 2172 1799; x_wconf 87' lang='grc' dir='ltr'>μὲν</span> <span class='ocrx_word' id='word_1_715' title='bbox 2217 1735 2391 1787; x_wconf 85' lang='grc' dir='ltr'>ποιεῖν</span> <span class='ocrx_word' id='word_1_716' title='bbox 2444 1735 2659 1803; x_wconf 82' lang='grc' dir='ltr'>ἑκατὸν,</span> <span class='ocrx_word' id='word_1_717' title='bbox 2695 1738 2818 1801; x_wconf 84' lang='grc' dir='ltr'>τοὺς</span> <span class='ocrx_word' id='word_1_718' title='bbox 2867 1736 2924 1791; x_wconf 90' lang='grc' dir='ltr'>δὲ</span> <span class='ocrx_word' id='word_1_719' title='bbox 2958 1735 3253 1807; x_wconf 79' lang='grc' dir='ltr'>ἑξήκοντα,</span> <span class='ocrx_word' id='word_1_720' title='bbox 3303 1734 3430 1798; x_wconf 81' lang='grc' dir='ltr'>τοὺς</span> <span class='ocrx_word' id='word_1_721' title='bbox 3479 1733 3536 1787; x_wconf 91' lang='grc' dir='ltr'>δὲ</span> <span class='ocrx_word' id='word_1_722' title='bbox 3582 1732 3739 1804; x_wconf 86' lang='grc' dir='ltr'>τριά-</span> 
     </span>
    </p>
   </div>
   <div class='ocr_carea' id='block_1_92' title="bbox 2067 1819 3740 1894">
    <p class='ocr_par' dir='ltr' id='par_1_92' title="bbox 2067 1819 3740 1894">
     <span class='ocr_line' id='line_1_92' title="bbox 2067 1819 3740 1894; baseline 0.002 -25"><span class='ocrx_word' id='word_1_723' title='bbox 2067 1834 2249 1894; x_wconf 85' lang='grc' dir='ltr'>κοντα.</span> <span class='ocrx_word' id='word_1_724' title='bbox 2297 1820 2469 1874; x_wconf 89' lang='grc' dir='ltr'>Τοῦτο</span> <span class='ocrx_word' id='word_1_725' title='bbox 2520 1823 2678 1893; x_wconf 87' lang='grc' dir='ltr'>ἡμῶν</span> <span class='ocrx_word' id='word_1_726' title='bbox 2725 1824 2824 1894; x_wconf 81' lang='grc' dir='ltr'>τὴν</span> <span class='ocrx_word' id='word_1_727' title='bbox 2874 1822 3182 1894; x_wconf 84' lang='grc' dir='ltr'>προθυμίαν</span> <span class='ocrx_word' id='word_1_728' title='bbox 3214 1819 3390 1887; x_wconf 79' lang='grc' dir='ltr'>αὔξει,</span> <span class='ocrx_word' id='word_1_729' title='bbox 3434 1819 3593 1873; x_wconf 84' lang='grc' dir='ltr'>τοῦτο</span> <span class='ocrx_word' id='word_1_730' title='bbox 3642 1819 3740 1891; x_wconf 82' lang='grc' dir='ltr'>τήν</span> 
     </span>
    </p>
   </div>
   <div class='ocr_carea' id='block_1_93' title="bbox 2064 1893 3738 1971">
    <p class='ocr_par' dir='ltr' id='par_1_93' title="bbox 2064 1893 3738 1971">
     <span class='ocr_line' id='line_1_93' title="bbox 2064 1893 3738 1971; baseline 0.003 -25"><span class='ocrx_word' id='word_1_731' title='bbox 2064 1893 2301 1951; x_wconf 88' lang='grc' dir='ltr'>διάνοιαν</span> <span class='ocrx_word' id='word_1_732' title='bbox 2327 1897 2602 1971; x_wconf 81' lang='grc' dir='ltr'>διεγείρει,</span> <span class='ocrx_word' id='word_1_733' title='bbox 2639 1901 2701 1953; x_wconf 87' lang='grc' dir='ltr'>τὸ</span> <span class='ocrx_word' id='word_1_734' title='bbox 2730 1893 2953 1963; x_wconf 84' lang='grc' dir='ltr'>εἰδέναι,</span> <span class='ocrx_word' id='word_1_735' title='bbox 2989 1901 3071 1952; x_wconf 84' lang='grc' dir='ltr'>ὅτι</span> <span class='ocrx_word' id='word_1_736' title='bbox 3102 1900 3200 1969; x_wconf 84' lang='grc' dir='ltr'>οὐχ</span> <span class='ocrx_word' id='word_1_737' title='bbox 3247 1898 3433 1961; x_wconf 86' lang='grc' dir='ltr'>ἁπλῶς</span> <span class='ocrx_word' id='word_1_738' title='bbox 3459 1897 3580 1950; x_wconf 88' lang='grc' dir='ltr'>οὑδὲ</span> <span class='ocrx_word' id='word_1_739' title='bbox 3617 1899 3738 1968; x_wconf 84' lang='grc' dir='ltr'>είκῆ</span> 
     </span>
    </p>
   </div>
   <div class='ocr_carea' id='block_1_94' title="bbox 2064 1974 3737 2048">
    <p class='ocr_par' dir='ltr' id='par_1_94' title="bbox 2064 1974 3737 2048">
     <span class='ocr_line' id='line_1_94' title="bbox 2064 1974 3737 2048; baseline 0.002 -25"><span class='ocrx_word' id='word_1_740' title='bbox 2064 1974 2189 2038; x_wconf 85' lang='grc' dir='ltr'>τοὺς</span> <span class='ocrx_word' id='word_1_741' title='bbox 2230 1975 2422 2044; x_wconf 85' lang='grc' dir='ltr'>λόγους</span> <span class='ocrx_word' id='word_1_742' title='bbox 2453 1978 2776 2048; x_wconf 82' lang='grc' dir='ltr'>προϊέμεθα,</span> <span class='ocrx_word' id='word_1_743' title='bbox 2817 1978 2931 2033; x_wconf 77' lang='grc' dir='ltr'>ἀλλ’</span> <span class='ocrx_word' id='word_1_744' title='bbox 2959 1980 3040 2032; x_wconf 85' lang='grc' dir='ltr'>ὅτι</span> <span class='ocrx_word' id='word_1_745' title='bbox 3076 1976 3373 2048; x_wconf 85' lang='grc' dir='ltr'>νηφούσαις</span> <span class='ocrx_word' id='word_1_746' title='bbox 3399 1978 3520 2037; x_wconf 88' lang='grc' dir='ltr'>ταῖς</span> <span class='ocrx_word' id='word_1_747' title='bbox 3551 1976 3737 2038; x_wconf 79' lang='grc' dir='ltr'>ἀκοαῖς</span> 
     </span>
    </p>
   </div>
   <div class='ocr_carea' id='block_1_95' title="bbox 2064 2060 3735 2138">
    <p class='ocr_par' dir='ltr' id='par_1_95' title="bbox 2064 2060 3735 2138">
     <span class='ocr_line' id='line_1_95' title="bbox 2064 2060 3735 2138; baseline 0.001 -27"><span class='ocrx_word' id='word_1_748' title='bbox 2064 2060 2160 2113; x_wconf 77' lang='grc' dir='ltr'>καὶ</span> <span class='ocrx_word' id='word_1_749' title='bbox 2213 2065 2587 2136; x_wconf 85' lang='grc' dir='ltr'>συντεταμένῃ</span> <span class='ocrx_word' id='word_1_750' title='bbox 2628 2069 2694 2137; x_wconf 85' lang='grc' dir='ltr'>τῇ</span> <span class='ocrx_word' id='word_1_751' title='bbox 2748 2066 2957 2138; x_wconf 82' lang='grc' dir='ltr'>διανοίᾳ</span> <span class='ocrx_word' id='word_1_752' title='bbox 3014 2065 3082 2118; x_wconf 90' lang='grc' dir='ltr'>τά</span> <span class='ocrx_word' id='word_1_753' title='bbox 3128 2064 3257 2135; x_wconf 77' lang='grc' dir='ltr'>παρ’</span> <span class='ocrx_word' id='word_1_754' title='bbox 3298 2062 3454 2135; x_wconf 88' lang='grc' dir='ltr'>ἡμῶν</span> <span class='ocrx_word' id='word_1_755' title='bbox 3493 2061 3735 2132; x_wconf 90' lang='grc' dir='ltr'>δέχεσθε.</span> 
     </span>
    </p>
   </div>
   <div class='ocr_carea' id='block_1_96' title="bbox 2064 2138 3736 2215">
    <p class='ocr_par' dir='ltr' id='par_1_96' title="bbox 2064 2138 3736 2215">
     <span class='ocr_line' id='line_1_96' title="bbox 2064 2138 3736 2215; baseline 0.003 -25"><span class='ocrx_word' id='word_1_756' title='bbox 2064 2138 2174 2191; x_wconf 76' lang='grc' dir='ltr'>Καὶ</span> <span class='ocrx_word' id='word_1_757' title='bbox 2211 2141 2385 2197; x_wconf 90' lang='grc' dir='ltr'>ταῦτα</span> <span class='ocrx_word' id='word_1_758' title='bbox 2416 2144 2477 2197; x_wconf 88' lang='grc' dir='ltr'>οὑ</span> <span class='ocrx_word' id='word_1_759' title='bbox 2507 2143 2816 2198; x_wconf 90' lang='grc' dir='ltr'>κολακεύων</span> <span class='ocrx_word' id='word_1_760' title='bbox 2846 2145 3000 2215; x_wconf 87' lang='grc' dir='ltr'>ὑμῶν</span> <span class='ocrx_word' id='word_1_761' title='bbox 3038 2144 3135 2215; x_wconf 80' lang='grc' dir='ltr'>τὴν</span> <span class='ocrx_word' id='word_1_762' title='bbox 3163 2144 3386 2213; x_wconf 73' lang='grc' dir='ltr'>ἀγάπην</span> <span class='ocrx_word' id='word_1_763' title='bbox 3416 2142 3579 2211; x_wconf 84' lang='grc' dir='ltr'>λέγω,</span> <span class='ocrx_word' id='word_1_764' title='bbox 3604 2140 3736 2195; x_wconf 88' lang='grc' dir='ltr'>ἀλλά</span> 
     </span>
    </p>
   </div>
   <div class='ocr_carea' id='block_1_97' title="bbox 2064 2219 3735 2294">
    <p class='ocr_par' dir='ltr' id='par_1_97' title="bbox 2064 2219 3735 2294">
     <span class='ocr_line' id='line_1_97' title="bbox 2064 2219 3735 2294; baseline 0.002 -26"><span class='ocrx_word' id='word_1_765' title='bbox 2064 2219 2457 2294; x_wconf 81' lang='grc' dir='ltr'>στοχαζόμενος</span> <span class='ocrx_word' id='word_1_766' title='bbox 2500 2222 2598 2294; x_wconf 86' lang='grc' dir='ltr'>τὴν</span> <span class='ocrx_word' id='word_1_767' title='bbox 2649 2223 2959 2294; x_wconf 87' lang='grc' dir='ltr'>προθυμίαν</span> <span class='ocrx_word' id='word_1_768' title='bbox 3005 2224 3068 2275; x_wconf 87' lang='grc' dir='ltr'>ἐκ</span> <span class='ocrx_word' id='word_1_769' title='bbox 3105 2222 3213 2274; x_wconf 89' lang='grc' dir='ltr'>τῶν</span> <span class='ocrx_word' id='word_1_770' title='bbox 3246 2219 3370 2291; x_wconf 70' lang='grc' dir='ltr'>χθὲς</span> <span class='ocrx_word' id='word_1_771' title='bbox 3412 2222 3542 2290; x_wconf 80' lang='grc' dir='ltr'>ἡμῖν</span> <span class='ocrx_word' id='word_1_772' title='bbox 3587 2220 3735 2290; x_wconf 73' lang='grc' dir='ltr'>εἰρη-</span> 
     </span>
    </p>
   </div>
   <div class='ocr_carea' id='block_1_98' title="bbox 2065 2290 3739 2374">
    <p class='ocr_par' dir='ltr' id='par_1_98' title="bbox 2065 2290 3739 2374">
     <span class='ocr_line' id='line_1_98' title="bbox 2065 2290 3739 2374; baseline 0.001 -24"><span class='ocrx_word' id='word_1_773' title='bbox 2065 2298 2241 2368; x_wconf 89' lang='grc' dir='ltr'>μένων</span> <span class='ocrx_word' id='word_1_774' title='bbox 2272 2302 2318 2355; x_wconf 73' lang='grc' dir='ltr'>δ.</span> <span class='ocrx_word' id='word_1_775' title='bbox 2379 2290 2598 2374; x_wconf 82' lang='grc' dir='ltr'>Ἐὠρων</span> <span class='ocrx_word' id='word_1_776' title='bbox 2643 2290 2751 2373; x_wconf 86' lang='grc' dir='ltr'>γάρ</span> <span class='ocrx_word' id='word_1_777' title='bbox 2811 2290 3056 2365; x_wconf 63' lang='grc' dir='ltr'>ἅπαντας</span> <span class='ocrx_word' id='word_1_778' title='bbox 3105 2290 3555 2371; x_wconf 73' lang='grc' dir='ltr'>ἐκκρεμαμένους</span> <span class='ocrx_word' id='word_1_779' title='bbox 3610 2299 3739 2367; x_wconf 78' lang='grc' dir='ltr'>περὶ</span> 
     </span>
    </p>
   </div>
   <div class='ocr_carea' id='block_1_99' title="bbox 2059 2375 3737 2448">
    <p class='ocr_par' dir='ltr' id='par_1_99' title="bbox 2059 2375 3737 2448">
     <span class='ocr_line' id='line_1_99' title="bbox 2059 2375 3737 2448; baseline 0.001 -21"><span class='ocrx_word' id='word_1_780' title='bbox 2059 2375 2158 2447; x_wconf 77' lang='grc' dir='ltr'>τὴν</span> <span class='ocrx_word' id='word_1_781' title='bbox 2195 2377 2569 2444; x_wconf 87' lang='grc' dir='ltr'>διδασκαλίαν,</span> <span class='ocrx_word' id='word_1_782' title='bbox 2607 2381 2703 2433; x_wconf 78' lang='grc' dir='ltr'>καὶ</span> <span class='ocrx_word' id='word_1_783' title='bbox 2740 2380 2920 2433; x_wconf 87' lang='grc' dir='ltr'>πάντα</span> <span class='ocrx_word' id='word_1_784' title='bbox 2964 2378 3279 2443; x_wconf 86' lang='grc' dir='ltr'>ποιοῦντας,</span> <span class='ocrx_word' id='word_1_785' title='bbox 3320 2377 3463 2431; x_wconf 84' lang='grc' dir='ltr'>ὥστε</span> <span class='ocrx_word' id='word_1_786' title='bbox 3501 2377 3636 2448; x_wconf 85' lang='grc' dir='ltr'>μηδὲ</span> <span class='ocrx_word' id='word_1_787' title='bbox 3676 2377 3737 2430; x_wconf 87' lang='grc' dir='ltr'>τὸ</span> 
     </span>
    </p>
   </div>
   <div class='ocr_carea' id='block_1_100' title="bbox 2060 2455 3738 2530">
    <p class='ocr_par' dir='ltr' id='par_1_100' title="bbox 2060 2455 3738 2530">
     <span class='ocr_line' id='line_1_100' title="bbox 2060 2455 3738 2530; baseline 0 -23"><span class='ocrx_word' id='word_1_788' title='bbox 2060 2455 2223 2525; x_wconf 87' lang='grc' dir='ltr'>τυχὸν</span> <span class='ocrx_word' id='word_1_789' title='bbox 2250 2456 2393 2527; x_wconf 81' lang='grc' dir='ltr'>ὑμᾶς</span> <span class='ocrx_word' id='word_1_790' title='bbox 2428 2457 2537 2511; x_wconf 87' lang='grc' dir='ltr'>τῶν</span> <span class='ocrx_word' id='word_1_791' title='bbox 2561 2458 2872 2530; x_wconf 89' lang='grc' dir='ltr'>λεγομένων</span> <span class='ocrx_word' id='word_1_792' title='bbox 2904 2458 3318 2529; x_wconf 60' lang='grc' dir='ltr'>παραδραμεῖν</span> <span class='ocrx_word' id='word_1_793' title='bbox 3351 2457 3529 2519; x_wconf 82' lang='grc' dir='ltr'>ἄλλως</span> <span class='ocrx_word' id='word_1_794' title='bbox 3557 2456 3615 2509; x_wconf 85' lang='grc' dir='ltr'>δὲ</span> <span class='ocrx_word' id='word_1_795' title='bbox 3643 2457 3738 2507; x_wconf 77' lang='grc' dir='ltr'>καὶ</span> 
     </span>
    </p>
   </div>
   <div class='ocr_carea' id='block_1_101' title="bbox 2061 2532 3735 2608">
    <p class='ocr_par' dir='ltr' id='par_1_101' title="bbox 2061 2532 3735 2608">
     <span class='ocr_line' id='line_1_101' title="bbox 2061 2532 3735 2608; baseline 0 -23"><span class='ocrx_word' id='word_1_796' title='bbox 2061 2534 2094 2603; x_wconf 88' lang='grc' dir='ltr'>ἡ</span> <span class='ocrx_word' id='word_1_797' title='bbox 2137 2532 2247 2586; x_wconf 90' lang='grc' dir='ltr'>τῶν</span> <span class='ocrx_word' id='word_1_798' title='bbox 2289 2534 2499 2605; x_wconf 89' lang='grc' dir='ltr'>κρότων</span> <span class='ocrx_word' id='word_1_799' title='bbox 2527 2533 2777 2607; x_wconf 85' lang='grc' dir='ltr'>συνέχεια</span> <span class='ocrx_word' id='word_1_800' title='bbox 2829 2537 3057 2608; x_wconf 80' lang='grc' dir='ltr'>μεγίστη</span> <span class='ocrx_word' id='word_1_801' title='bbox 3086 2535 3363 2602; x_wconf 87' lang='grc' dir='ltr'>ἀπόδειξις</span> <span class='ocrx_word' id='word_1_802' title='bbox 3399 2535 3614 2604; x_wconf 78' lang='grc' dir='ltr'>ἐγένετο</span> <span class='ocrx_word' id='word_1_803' title='bbox 3637 2533 3735 2586; x_wconf 89' lang='grc' dir='ltr'>τοῦ</span> 
     </span>
    </p>
   </div>
   <div class='ocr_carea' id='block_1_102' title="bbox 2062 2611 3736 2685">
    <p class='ocr_par' dir='ltr' id='par_1_102' title="bbox 2062 2611 3736 2685">
     <span class='ocr_line' id='line_1_102' title="bbox 2062 2611 3736 2685; baseline 0.002 -23"><span class='ocrx_word' id='word_1_804' title='bbox 2062 2611 2183 2681; x_wconf 80' lang='grc' dir='ltr'>μεθ’</span> <span class='ocrx_word' id='word_1_805' title='bbox 2221 2612 2415 2684; x_wconf 84' lang='grc' dir='ltr'>ἡδονῆς</span> <span class='ocrx_word' id='word_1_806' title='bbox 2458 2614 2600 2685; x_wconf 77' lang='grc' dir='ltr'>ὑμᾶς</span> <span class='ocrx_word' id='word_1_807' title='bbox 2648 2614 2899 2685; x_wconf 87' lang='grc' dir='ltr'>δέχεσθαι</span> <span class='ocrx_word' id='word_1_808' title='bbox 2950 2614 3019 2668; x_wconf 88' lang='grc' dir='ltr'>τά</span> <span class='ocrx_word' id='word_1_809' title='bbox 3057 2614 3349 2685; x_wconf 88' lang='grc' dir='ltr'>λεγόμενα.</span> <span class='ocrx_word' id='word_1_810' title='bbox 3407 2614 3467 2667; x_wconf 82' lang='grc' dir='ltr'>ὐ</span> <span class='ocrx_word' id='word_1_811' title='bbox 3507 2613 3563 2666; x_wconf 85' lang='grc' dir='ltr'>δὲ</span> <span class='ocrx_word' id='word_1_812' title='bbox 3615 2612 3736 2683; x_wconf 88' lang='grc' dir='ltr'>μεθ’</span> 
     </span>
    </p>
   </div>
   <div class='ocr_carea' id='block_1_103' title="bbox 2059 2690 3737 2765">
    <p class='ocr_par' dir='ltr' id='par_1_103' title="bbox 2059 2690 3737 2765">
     <span class='ocr_line' id='line_1_103' title="bbox 2059 2690 3737 2765; baseline 0.002 -23"><span class='ocrx_word' id='word_1_813' title='bbox 2059 2690 2251 2762; x_wconf 84' lang='grc' dir='ltr'>ἡδονῆς</span> <span class='ocrx_word' id='word_1_814' title='bbox 2285 2691 2499 2747; x_wconf 85' lang='grc' dir='ltr'>ἀκούων</span> <span class='ocrx_word' id='word_1_815' title='bbox 2534 2693 2699 2746; x_wconf 87' lang='grc' dir='ltr'>τινῶν</span> <span class='ocrx_word' id='word_1_816' title='bbox 2736 2693 3066 2764; x_wconf 90' lang='grc' dir='ltr'>λεγομένων,</span> <span class='ocrx_word' id='word_1_817' title='bbox 3110 2693 3267 2765; x_wconf 81' lang='grc' dir='ltr'>δῆλον</span> <span class='ocrx_word' id='word_1_818' title='bbox 3303 2693 3385 2746; x_wconf 81' lang='grc' dir='ltr'>ὅτι</span> <span class='ocrx_word' id='word_1_819' title='bbox 3429 2691 3521 2746; x_wconf 76' lang='grc' dir='ltr'>καὶ</span> <span class='ocrx_word' id='word_1_820' title='bbox 3559 2693 3737 2762; x_wconf 83' lang='grc' dir='ltr'>ἐμπή-</span> 
     </span>
    </p>
   </div>
   <div class='ocr_carea' id='block_1_104' title="bbox 2059 2767 3736 2842">
    <p class='ocr_par' dir='ltr' id='par_1_104' title="bbox 2059 2767 3736 2842">
     <span class='ocr_line' id='line_1_104' title="bbox 2059 2767 3736 2842; baseline 0 -21"><span class='ocrx_word' id='word_1_821' title='bbox 2059 2785 2248 2837; x_wconf 88' lang='grc' dir='ltr'>γνυσιν</span> <span class='ocrx_word' id='word_1_822' title='bbox 2290 2770 2429 2824; x_wconf 89' lang='grc' dir='ltr'>αὑτά</span> <span class='ocrx_word' id='word_1_823' title='bbox 2455 2772 2521 2841; x_wconf 82' lang='grc' dir='ltr'>τῇ</span> <span class='ocrx_word' id='word_1_824' title='bbox 2555 2771 2782 2842; x_wconf 79' lang='grc' dir='ltr'>διανοίᾳ,</span> <span class='ocrx_word' id='word_1_825' title='bbox 2812 2772 2906 2824; x_wconf 83' lang='grc' dir='ltr'>καὶ</span> <span class='ocrx_word' id='word_1_826' title='bbox 2946 2771 3307 2836; x_wconf 80' lang='grc' dir='ltr'>ἀνεξάλειπτα</span> <span class='ocrx_word' id='word_1_827' title='bbox 3338 2769 3630 2842; x_wconf 77' lang='grc' dir='ltr'>ἐργάζεται</span> <span class='ocrx_word' id='word_1_828' title='bbox 3657 2767 3736 2838; x_wconf 83' lang='grc' dir='ltr'>τῷ</span> 
     </span>
    </p>
   </div>
   <div class='ocr_carea' id='block_1_105' title="bbox 2059 2845 3737 2922">
    <p class='ocr_par' dir='ltr' id='par_1_105' title="bbox 2059 2845 3737 2922">
     <span class='ocr_line' id='line_1_105' title="bbox 2059 2845 3737 2922; baseline -0.001 -21"><span class='ocrx_word' id='word_1_829' title='bbox 2059 2848 2253 2903; x_wconf 85' lang='grc' dir='ltr'>πλάτει</span> <span class='ocrx_word' id='word_1_830' title='bbox 2290 2849 2390 2920; x_wconf 80' lang='grc' dir='ltr'>τῆς</span> <span class='ocrx_word' id='word_1_831' title='bbox 2422 2848 2660 2915; x_wconf 89' lang='grc' dir='ltr'>διανοίας</span> <span class='ocrx_word' id='word_1_832' title='bbox 2697 2851 3169 2922; x_wconf 80' lang='grc' dir='ltr'>έναποτιθέμενος.</span> <span class='ocrx_word' id='word_1_833' title='bbox 3212 2851 3310 2915; x_wconf 88' lang='grc' dir='ltr'>Τίς</span> <span class='ocrx_word' id='word_1_834' title='bbox 3351 2849 3417 2904; x_wconf 78' lang='grc' dir='ltr'>ἂν</span> <span class='ocrx_word' id='word_1_835' title='bbox 3462 2845 3556 2903; x_wconf 73' lang='grc' dir='ltr'>οὖν</span> <span class='ocrx_word' id='word_1_836' title='bbox 3600 2847 3737 2919; x_wconf 82' lang='grc' dir='ltr'>πρὸς</span> 
     </span>
    </p>
   </div>
   <div class='ocr_carea' id='block_1_106' title="bbox 2057 2927 3733 3000">
    <p class='ocr_par' dir='ltr' id='par_1_106' title="bbox 2057 2927 3733 3000">
     <span class='ocr_line' id='line_1_106' title="bbox 2057 2927 3733 3000; baseline 0.001 -20"><span class='ocrx_word' id='word_1_837' title='bbox 2057 2927 2214 2993; x_wconf 81' lang='grc' dir='ltr'>ἀξίαν</span> <span class='ocrx_word' id='word_1_838' title='bbox 2257 2929 2351 2982; x_wconf 74' lang='grc' dir='ltr'>καὶ</span> <span class='ocrx_word' id='word_1_839' title='bbox 2397 2930 2541 3000; x_wconf 78' lang='grc' dir='ltr'>ὑμᾶς</span> <span class='ocrx_word' id='word_1_840' title='bbox 2582 2930 2918 2996; x_wconf 83' lang='grc' dir='ltr'>ἐπαινέσειε,</span> <span class='ocrx_word' id='word_1_841' title='bbox 2966 2931 3060 2982; x_wconf 77' lang='grc' dir='ltr'>καὶ</span> <span class='ocrx_word' id='word_1_842' title='bbox 3102 2929 3252 2999; x_wconf 76' lang='grc' dir='ltr'>ἡμᾶς</span> <span class='ocrx_word' id='word_1_843' title='bbox 3293 2928 3648 2999; x_wconf 82' lang='grc' dir='ltr'>μακαρίσειεν</span> <span class='ocrx_word' id='word_1_844' title='bbox 3680 2928 3733 2993; x_wconf 70' lang='grc' dir='ltr'>ιι,</span> 
     </span>
    </p>
   </div>
   <div class='ocr_carea' id='block_1_107' title="bbox 2057 3001 3736 3079">
    <p class='ocr_par' dir='ltr' id='par_1_107' title="bbox 2057 3001 3736 3079">
     <span class='ocr_line' id='line_1_107' title="bbox 2057 3001 3736 3079; baseline 0.002 -20"><span class='ocrx_word' id='word_1_845' title='bbox 2057 3005 2141 3059; x_wconf 81' lang='grc' dir='ltr'>ὅτι</span> <span class='ocrx_word' id='word_1_846' title='bbox 2174 3007 2255 3070; x_wconf 77' lang='grc' dir='ltr'>εἰς</span> <span class='ocrx_word' id='word_1_847' title='bbox 2302 3001 2416 3060; x_wconf 81' lang='grc' dir='ltr'>ὦτα</span> <span class='ocrx_word' id='word_1_848' title='bbox 2446 3009 2676 3079; x_wconf 85' lang='grc' dir='ltr'>λέγομεν</span> <span class='ocrx_word' id='word_1_849' title='bbox 2717 3008 3059 3072; x_wconf 83' lang='grc' dir='ltr'>ἀκουόντων;</span> <span class='ocrx_word' id='word_1_850' title='bbox 3105 3006 3410 3075; x_wconf 79' lang='grc' dir='ltr'>Μακάριος</span> <span class='ocrx_word' id='word_1_851' title='bbox 3454 3006 3585 3077; x_wconf 83' lang='grc' dir='ltr'>γὰρ,</span> <span class='ocrx_word' id='word_1_852' title='bbox 3631 3023 3736 3077; x_wconf 82' lang='grc' dir='ltr'>φη·</span> 
     </span>
    </p>
   </div>
   <div class='ocr_carea' id='block_1_108' title="bbox 2060 3082 3735 3155">
    <p class='ocr_par' dir='ltr' id='par_1_108' title="bbox 2060 3082 3735 3155">
     <span class='ocr_line' id='line_1_108' title="bbox 2060 3082 3735 3155; baseline -0.001 -17"><span class='ocrx_word' id='word_1_853' title='bbox 2060 3085 2162 3150; x_wconf 74' lang='grc' dir='ltr'>σὶν,</span> <span class='ocrx_word' id='word_1_854' title='bbox 2192 3088 2225 3138; x_wconf 87' lang='grc' dir='ltr'><em>ὀ</em></span> <span class='ocrx_word' id='word_1_855' title='bbox 2251 3085 2447 3155; x_wconf 77' lang='grc' dir='ltr'>λέγων</span> <span class='ocrx_word' id='word_1_856' title='bbox 2480 3090 2569 3151; x_wconf 85' lang='grc' dir='ltr'>εἰς</span> <span class='ocrx_word' id='word_1_857' title='bbox 2603 3082 2724 3141; x_wconf 85' lang='grc' dir='ltr'>ὦτα</span> <span class='ocrx_word' id='word_1_858' title='bbox 2765 3088 3128 3141; x_wconf 80' lang='grc' dir='ltr'>ἀκουόντων.</span> <span class='ocrx_word' id='word_1_859' title='bbox 3172 3084 3344 3138; x_wconf 86' lang='grc' dir='ltr'>Τοῦτο</span> <span class='ocrx_word' id='word_1_860' title='bbox 3387 3086 3640 3155; x_wconf 84' lang='grc' dir='ltr'>νηστείας</span> <span class='ocrx_word' id='word_1_861' title='bbox 3671 3085 3735 3137; x_wconf 79' lang='grc' dir='ltr'>τὸ</span> 
     </span>
    </p>
   </div>
   <div class='ocr_carea' id='block_1_109' title="bbox 2058 3162 3734 3235">
    <p class='ocr_par' dir='ltr' id='par_1_109' title="bbox 2058 3162 3734 3235">
     <span class='ocr_line' id='line_1_109' title="bbox 2058 3162 3734 3235; baseline -0.001 -19"><span class='ocrx_word' id='word_1_862' title='bbox 2058 3163 2426 3235; x_wconf 88' lang='grc' dir='ltr'>κατόρθωμα,</span> <span class='ocrx_word' id='word_1_863' title='bbox 2484 3165 2643 3218; x_wconf 88' lang='grc' dir='ltr'>τοῦτο</span> <span class='ocrx_word' id='word_1_864' title='bbox 2700 3167 2762 3217; x_wconf 80' lang='grc' dir='ltr'>τὸ</span> <span class='ocrx_word' id='word_1_865' title='bbox 2808 3166 3098 3235; x_wconf 86' lang='grc' dir='ltr'>φάρμακον</span> <span class='ocrx_word' id='word_1_866' title='bbox 3143 3163 3242 3235; x_wconf 84' lang='grc' dir='ltr'>τὴν</span> <span class='ocrx_word' id='word_1_867' title='bbox 3300 3163 3574 3233; x_wconf 81' lang='grc' dir='ltr'>σωτηρίαν</span> <span class='ocrx_word' id='word_1_868' title='bbox 3624 3162 3734 3216; x_wconf 91' lang='grc' dir='ltr'>τῶν</span> 
     </span>
    </p>
   </div>
   <div class='ocr_carea' id='block_1_110' title="bbox 2057 3240 3733 3315">
    <p class='ocr_par' dir='ltr' id='par_1_110' title="bbox 2057 3240 3733 3315">
     <span class='ocr_line' id='line_1_110' title="bbox 2057 3240 3733 3315; baseline -0.001 -21"><span class='ocrx_word' id='word_1_869' title='bbox 2057 3242 2342 3313; x_wconf 86' lang='grc' dir='ltr'>ἡμετέρων</span> <span class='ocrx_word' id='word_1_870' title='bbox 2389 3242 2576 3313; x_wconf 79' lang='grc' dir='ltr'>ψυχῶν</span> <span class='ocrx_word' id='word_1_871' title='bbox 2631 3242 2946 3315; x_wconf 76' lang='grc' dir='ltr'>εἰργάσατο.</span> <span class='ocrx_word' id='word_1_872' title='bbox 2995 3243 3058 3295; x_wconf 86' lang='grc' dir='ltr'><strong>Εἰ</strong></span> <span class='ocrx_word' id='word_1_873' title='bbox 3093 3241 3151 3295; x_wconf 89' lang='grc' dir='ltr'>δὲ</span> <span class='ocrx_word' id='word_1_874' title='bbox 3194 3241 3254 3307; x_wconf 86' lang='grc' dir='ltr'>ἐξ</span> <span class='ocrx_word' id='word_1_875' title='bbox 3302 3241 3479 3311; x_wconf 82' lang='grc' dir='ltr'>ἀρχῆς</span> <span class='ocrx_word' id='word_1_876' title='bbox 3525 3240 3621 3294; x_wconf 72' lang='grc' dir='ltr'>καὶ</span> <span class='ocrx_word' id='word_1_877' title='bbox 3666 3241 3733 3292; x_wconf 85' lang='grc' dir='ltr'>ἐκ</span> 
     </span>
    </p>
   </div>
   <div class='ocr_carea' id='block_1_111' title="bbox 2058 3318 3733 3394">
    <p class='ocr_par' dir='ltr' id='par_1_111' title="bbox 2058 3318 3733 3394">
     <span class='ocr_line' id='line_1_111' title="bbox 2058 3318 3733 3394; baseline -0.002 -20"><span class='ocrx_word' id='word_1_878' title='bbox 2058 3323 2360 3391; x_wconf 89' lang='grc' dir='ltr'>προοιμίων</span> <span class='ocrx_word' id='word_1_879' title='bbox 2398 3323 2668 3394; x_wconf 87' lang='grc' dir='ltr'>τοσαύτην</span> <span class='ocrx_word' id='word_1_880' title='bbox 2708 3324 2808 3393; x_wconf 79' lang='grc' dir='ltr'>τὴν</span> <span class='ocrx_word' id='word_1_881' title='bbox 2851 3323 3004 3393; x_wconf 77' lang='grc' dir='ltr'>ἰσχὺν</span> <span class='ocrx_word' id='word_1_882' title='bbox 3038 3321 3375 3387; x_wconf 79' lang='grc' dir='ltr'>ἐπεδείξατο,</span> <span class='ocrx_word' id='word_1_883' title='bbox 3429 3318 3733 3390; x_wconf 83' lang='grc' dir='ltr'>προϊουσῶν</span> 
     </span>
    </p>
   </div>
   <div class='ocr_carea' id='block_1_112' title="bbox 2054 3406 3733 3482">
    <p class='ocr_par' dir='ltr' id='par_1_112' title="bbox 2054 3406 3733 3482">
     <span class='ocr_line' id='line_1_112' title="bbox 2054 3406 3733 3482; baseline -0.001 -22"><span class='ocrx_word' id='word_1_884' title='bbox 2054 3409 2166 3461; x_wconf 87' lang='grc' dir='ltr'>τῶν</span> <span class='ocrx_word' id='word_1_885' title='bbox 2200 3408 2424 3481; x_wconf 88' lang='grc' dir='ltr'>ἡμερῶν</span> <span class='ocrx_word' id='word_1_886' title='bbox 2478 3410 2651 3481; x_wconf 87' lang='grc' dir='ltr'>πόσην</span> <span class='ocrx_word' id='word_1_887' title='bbox 2699 3412 2803 3481; x_wconf 84' lang='grc' dir='ltr'>χρὴ</span> <span class='ocrx_word' id='word_1_888' title='bbox 2852 3409 3270 3482; x_wconf 77' lang='grc' dir='ltr'>προσδοκῆσαιί</span> <span class='ocrx_word' id='word_1_889' title='bbox 3323 3409 3420 3479; x_wconf 82' lang='grc' dir='ltr'>τὴν</span> <span class='ocrx_word' id='word_1_890' title='bbox 3467 3406 3733 3476; x_wconf 83' lang='grc' dir='ltr'>ὠφέλειαν</span> 
     </span>
    </p>
   </div>
   <div class='ocr_carea' id='block_1_113' title="bbox 2056 3496 3732 3572">
    <p class='ocr_par' dir='ltr' id='par_1_113' title="bbox 2056 3496 3732 3572">
     <span class='ocr_line' id='line_1_113' title="bbox 2056 3496 3732 3572; baseline -0.003 -18"><span class='ocrx_word' id='word_1_891' title='bbox 2056 3501 2471 3572; x_wconf 87' lang='grc' dir='ltr'>προσγίνεσθαι;</span> <span class='ocrx_word' id='word_1_892' title='bbox 2497 3501 2673 3555; x_wconf 90' lang='grc' dir='ltr'>Μόνον</span> <span class='ocrx_word' id='word_1_893' title='bbox 2696 3501 2874 3571; x_wconf 78' lang='grc' dir='ltr'>ὑμεῖς,</span> <span class='ocrx_word' id='word_1_894' title='bbox 2896 3498 3219 3570; x_wconf 85' lang='grc' dir='ltr'>παρακαλῶ,</span> <span class='ocrx_word' id='word_1_895' title='bbox 3241 3497 3402 3553; x_wconf 84' lang='grc' dir='ltr'>Μετὰ</span> <span class='ocrx_word' id='word_1_896' title='bbox 3423 3498 3612 3566; x_wconf 70' lang='grc' dir='ltr'>φόϐου</span> <span class='ocrx_word' id='word_1_897' title='bbox 3633 3496 3732 3550; x_wconf 77' lang='grc' dir='ltr'>καὶ</span> 
     </span>
    </p>
   </div>
   <div class='ocr_carea' id='block_1_114' title="bbox 2054 3576 3733 3651">
    <p class='ocr_par' dir='ltr' id='par_1_114' title="bbox 2054 3576 3733 3651">
     <span class='ocr_line' id='line_1_114' title="bbox 2054 3576 3733 3651; baseline -0.003 -16"><span class='ocrx_word' id='word_1_898' title='bbox 2054 3582 2276 3651; x_wconf 84' lang='grc' dir='ltr'>τρόμου</span> <span class='ocrx_word' id='word_1_899' title='bbox 2330 3583 2449 3649; x_wconf 79' lang='grc' dir='ltr'>τὴν</span> <span class='ocrx_word' id='word_1_900' title='bbox 2506 3580 2739 3635; x_wconf 77' lang='grc' dir='ltr'>ἑαυτῶν</span> <span class='ocrx_word' id='word_1_901' title='bbox 2792 3581 3095 3650; x_wconf 81' lang='grc' dir='ltr'>σωτηρίαν</span> <span class='ocrx_word' id='word_1_902' title='bbox 3145 3576 3589 3650; x_wconf 75' lang='grc' dir='ltr'>κατεργάζεσθε,</span> <span class='ocrx_word' id='word_1_903' title='bbox 3636 3579 3733 3631; x_wconf 75' lang='grc' dir='ltr'>καὶ</span> 
     </span>
    </p>
   </div>
   <div class='ocr_carea' id='block_1_115' title="bbox 2058 3657 3731 3733">
    <p class='ocr_par' dir='ltr' id='par_1_115' title="bbox 2058 3657 3731 3733">
     <span class='ocr_line' id='line_1_115' title="bbox 2058 3657 3731 3733; baseline -0.004 -18"><span class='ocrx_word' id='word_1_904' title='bbox 2058 3661 2330 3733; x_wconf 88' lang='grc' dir='ltr'>μηδεμίαν</span> <span class='ocrx_word' id='word_1_905' title='bbox 2384 3660 2739 3732; x_wconf 84' lang='grc' dir='ltr'>παρείσδυσιν</span> <span class='ocrx_word' id='word_1_906' title='bbox 2787 3660 2904 3712; x_wconf 88' lang='grc' dir='ltr'>δότε</span> <span class='ocrx_word' id='word_1_907' title='bbox 2952 3659 3030 3729; x_wconf 83' lang='grc' dir='ltr'>τῷ</span> <span class='ocrx_word' id='word_1_908' title='bbox 3080 3658 3261 3729; x_wconf 80' lang='grc' dir='ltr'>ἐχθρῷ</span> <span class='ocrx_word' id='word_1_909' title='bbox 3310 3658 3413 3728; x_wconf 84' lang='grc' dir='ltr'>τῆς</span> <span class='ocrx_word' id='word_1_910' title='bbox 3456 3657 3731 3729; x_wconf 77' lang='grc' dir='ltr'>σωτηρίας</span> 
     </span>
    </p>
   </div>
   <div class='ocr_carea' id='block_1_116' title="bbox 2053 3734 3730 3810">
    <p class='ocr_par' dir='ltr' id='par_1_116' title="bbox 2053 3734 3730 3810">
     <span class='ocr_line' id='line_1_116' title="bbox 2053 3734 3730 3810; baseline -0.001 -18"><span class='ocrx_word' id='word_1_911' title='bbox 2053 3739 2155 3810; x_wconf 83' lang='grc' dir='ltr'>τῆς</span> <span class='ocrx_word' id='word_1_912' title='bbox 2182 3739 2475 3809; x_wconf 84' lang='grc' dir='ltr'>ὑμετέρας.</span> <span class='ocrx_word' id='word_1_913' title='bbox 2511 3738 2684 3810; x_wconf 88' lang='grc' dir='ltr'>Ὁρῶν</span> <span class='ocrx_word' id='word_1_914' title='bbox 2720 3737 2830 3808; x_wconf 85' lang='grc' dir='ltr'>γὰρ</span> <span class='ocrx_word' id='word_1_915' title='bbox 2882 3737 3036 3807; x_wconf 87' lang='grc' dir='ltr'>ὑμῶν</span> <span class='ocrx_word' id='word_1_916' title='bbox 3081 3736 3177 3789; x_wconf 91' lang='grc' dir='ltr'>νῦν</span> <span class='ocrx_word' id='word_1_917' title='bbox 3227 3737 3320 3789; x_wconf 88' lang='grc' dir='ltr'>τὸν</span> <span class='ocrx_word' id='word_1_918' title='bbox 3363 3734 3594 3789; x_wconf 87' lang='grc' dir='ltr'>πλοῦτον</span> <span class='ocrx_word' id='word_1_919' title='bbox 3638 3736 3730 3791; x_wconf 74' lang='grc' dir='ltr'>τὸν</span> 
     </span>
    </p>
   </div>
   <div class='ocr_carea' id='block_1_117' title="bbox 2054 3812 3729 3888">
    <p class='ocr_par' dir='ltr' id='par_1_117' title="bbox 2054 3812 3729 3888">
     <span class='ocr_line' id='line_1_117' title="bbox 2054 3812 3729 3888; baseline -0.005 -15"><span class='ocrx_word' id='word_1_920' title='bbox 2054 3818 2457 3888; x_wconf 86' lang='grc' dir='ltr'>πνευματικὸν,</span> <span class='ocrx_word' id='word_1_921' title='bbox 2528 3817 2740 3888; x_wconf 90' lang='grc' dir='ltr'>μέμηνε</span> <span class='ocrx_word' id='word_1_922' title='bbox 2807 3814 2902 3868; x_wconf 78' lang='grc' dir='ltr'>καὶ</span> <span class='ocrx_word' id='word_1_923' title='bbox 2955 3815 3264 3886; x_wconf 88' lang='grc' dir='ltr'>ἀγριαίνει,</span> <span class='ocrx_word' id='word_1_924' title='bbox 3319 3815 3417 3868; x_wconf 73' lang='grc' dir='ltr'>καὶ</span> <span class='ocrx_word' id='word_1_925' title='bbox 3476 3812 3729 3883; x_wconf 86' lang='grc' dir='ltr'>καθάπερ</span> 
     </span>
    </p>
   </div>
   <div class='ocr_carea' id='block_1_118' title="bbox 2053 3891 3728 3968">
    <p class='ocr_par' dir='ltr' id='par_1_118' title="bbox 2053 3891 3728 3968">
     <span class='ocr_line' id='line_1_118' title="bbox 2053 3891 3728 3968; baseline -0.004 -18"><span class='ocrx_word' id='word_1_926' title='bbox 2053 3898 2189 3951; x_wconf 86' lang='grc' dir='ltr'>λέων</span> <span class='ocrx_word' id='word_1_927' title='bbox 2214 3897 2524 3968; x_wconf 84' lang='grc' dir='ltr'>ὼρυόμενος</span> <span class='ocrx_word' id='word_1_928' title='bbox 2554 3896 2904 3967; x_wconf 82' lang='grc' dir='ltr'>περιέρχεται</span> <span class='ocrx_word' id='word_1_929' title='bbox 2930 3895 3110 3966; x_wconf 79' lang='grc' dir='ltr'>ζητῶν</span> <span class='ocrx_word' id='word_1_930' title='bbox 3132 3896 3251 3948; x_wconf 88' lang='grc' dir='ltr'>τίνα</span> <span class='ocrx_word' id='word_1_931' title='bbox 3284 3893 3549 3966; x_wconf 74' lang='grc' dir='ltr'>καταπίῃ.</span> <span class='ocrx_word' id='word_1_932' title='bbox 3587 3891 3728 3945; x_wconf 85' lang='grc' dir='ltr'>Ἀλλ’</span> 
     </span>
    </p>
   </div>
   <div class='ocr_carea' id='block_1_119' title="bbox 2053 3973 3725 4049">
    <p class='ocr_par' dir='ltr' id='par_1_119' title="bbox 2053 3973 3725 4049">
     <span class='ocr_line' id='line_1_119' title="bbox 2053 3973 3725 4049; baseline -0.004 -17"><span class='ocrx_word' id='word_1_933' title='bbox 2053 3978 2149 4032; x_wconf 84' lang='grc' dir='ltr'>ἐὰν</span> <span class='ocrx_word' id='word_1_934' title='bbox 2191 3979 2473 4049; x_wconf 81' lang='grc' dir='ltr'>νήφωμεν,</span> <span class='ocrx_word' id='word_1_935' title='bbox 2500 3977 2714 4040; x_wconf 82' lang='grc' dir='ltr'>οὐδενὸς</span> <span class='ocrx_word' id='word_1_936' title='bbox 2742 3977 3027 4049; x_wconf 84' lang='grc' dir='ltr'>περιέσται</span> <span class='ocrx_word' id='word_1_937' title='bbox 3043 3976 3131 4030; x_wconf 85' lang='grc' dir='ltr'>διὰ</span> <span class='ocrx_word' id='word_1_938' title='bbox 3145 3975 3245 4047; x_wconf 83' lang='grc' dir='ltr'>τὴν</span> <span class='ocrx_word' id='word_1_939' title='bbox 3275 3975 3368 4028; x_wconf 88' lang='grc' dir='ltr'>τοῦ</span> <span class='ocrx_word' id='word_1_940' title='bbox 3388 3974 3525 4027; x_wconf 85' lang='grc' dir='ltr'>Θεοῦ</span> <span class='ocrx_word' id='word_1_941' title='bbox 3544 3973 3725 4042; x_wconf 87' lang='grc' dir='ltr'>χάριν.</span> 
     </span>
    </p>
   </div>
   <div class='ocr_carea' id='block_1_120' title="bbox 2126 4065 3728 4144">
    <p class='ocr_par' dir='ltr' id='par_1_120' title="bbox 2126 4065 3728 4144">
     <span class='ocr_line' id='line_1_120' title="bbox 2126 4065 3728 4144; baseline -0.005 -20"><span class='ocrx_word' id='word_1_942' title='bbox 2126 4071 2190 4142; x_wconf 85' lang='grc' dir='ltr'>β’.</span> <span class='ocrx_word' id='word_1_943' title='bbox 2209 4069 2442 4124; x_wconf 88' lang='grc' dir='ltr'>Τοιαῦτα</span> <span class='ocrx_word' id='word_1_944' title='bbox 2464 4069 2574 4143; x_wconf 81' lang='grc' dir='ltr'>γὰρ</span> <span class='ocrx_word' id='word_1_945' title='bbox 2594 4069 2750 4144; x_wconf 82' lang='grc' dir='ltr'>ἡμῶν</span> <span class='ocrx_word' id='word_1_946' title='bbox 2787 4070 2856 4124; x_wconf 77' lang='grc' dir='ltr'>τὰ</span> <span class='ocrx_word' id='word_1_947' title='bbox 2902 4069 3042 4124; x_wconf 84' lang='grc' dir='ltr'>ὅπλα</span> <span class='ocrx_word' id='word_1_948' title='bbox 3059 4069 3128 4123; x_wconf 88' lang='grc' dir='ltr'>τά</span> <span class='ocrx_word' id='word_1_949' title='bbox 3166 4065 3512 4137; x_wconf 88' lang='grc' dir='ltr'>πνευματικά</span> <span class='ocrx_word' id='word_1_950' title='bbox 3532 4105 3547 4130; x_wconf 93' lang='grc'>,</span> <span class='ocrx_word' id='word_1_951' title='bbox 3584 4066 3728 4135; x_wconf 82' lang='grc' dir='ltr'>άπερ</span> 
     </span>
    </p>
   </div>
   <div class='ocr_carea' id='block_1_121' title="bbox 2054 4146 3728 4225">
    <p class='ocr_par' dir='ltr' id='par_1_121' title="bbox 2054 4146 3728 4225">
     <span class='ocr_line' id='line_1_121' title="bbox 2054 4146 3728 4225; baseline -0.006 -18"><span class='ocrx_word' id='word_1_952' title='bbox 2054 4153 2202 4225; x_wconf 81' lang='grc' dir='ltr'>ἡμᾶς</span> <span class='ocrx_word' id='word_1_953' title='bbox 2239 4152 2486 4205; x_wconf 76' lang='grc' dir='ltr'>ἐνέδυσεν</span> <span class='ocrx_word' id='word_1_954' title='bbox 2512 4153 2545 4224; x_wconf 94' lang='grc' dir='ltr'>ἡ</span> <span class='ocrx_word' id='word_1_955' title='bbox 2575 4151 2668 4205; x_wconf 88' lang='grc' dir='ltr'>τοῦ</span> <span class='ocrx_word' id='word_1_956' title='bbox 2700 4151 3019 4223; x_wconf 87' lang='grc' dir='ltr'>Πνεύματος</span> <span class='ocrx_word' id='word_1_957' title='bbox 3051 4149 3065 4202; x_wconf 82' lang='lat' dir='ltr'>i</span> <span class='ocrx_word' id='word_1_958' title='bbox 3104 4149 3284 4222; x_wconf 89' lang='grc' dir='ltr'>χάρις,</span> <span class='ocrx_word' id='word_1_959' title='bbox 3318 4147 3567 4217; x_wconf 88' lang='grc' dir='ltr'>καθάπερ</span> <span class='ocrx_word' id='word_1_960' title='bbox 3598 4146 3728 4225; x_wconf 73' lang='grc' dir='ltr'>χίὲς</span> 
     </span>
    </p>
   </div>
   <div class='ocr_carea' id='block_1_122' title="bbox 2054 4224 3727 4304">
    <p class='ocr_par' dir='ltr' id='par_1_122' title="bbox 2054 4224 3727 4304">
     <span class='ocr_line' id='line_1_122' title="bbox 2054 4224 3727 4304; baseline -0.005 -18"><span class='ocrx_word' id='word_1_961' title='bbox 2054 4232 2372 4304; x_wconf 76' lang='grc' dir='ltr'>ἐδιδάξαμεν</span> <span class='ocrx_word' id='word_1_962' title='bbox 2409 4230 2506 4303; x_wconf 76' lang='grc' dir='ltr'>τὴν</span> <span class='ocrx_word' id='word_1_963' title='bbox 2556 4231 2826 4304; x_wconf 86' lang='grc' dir='ltr'>ὑμετέραν</span> <span class='ocrx_word' id='word_1_964' title='bbox 2883 4231 3125 4301; x_wconf 89' lang='grc' dir='ltr'>ἀγάπην.</span> <span class='ocrx_word' id='word_1_965' title='bbox 3156 4230 3252 4281; x_wconf 80' lang='grc' dir='ltr'>Ἂν</span> <span class='ocrx_word' id='word_1_966' title='bbox 3289 4227 3470 4304; x_wconf 83' lang='grc' dir='ltr'>τοίνυν</span> <span class='ocrx_word' id='word_1_967' title='bbox 3505 4224 3727 4304; x_wconf 68' lang='grc' dir='ltr'>τούτοις</span> 
     </span>
    </p>
   </div>
   <div class='ocr_carea' id='block_1_123' title="bbox 2052 4301 3725 4390">
    <p class='ocr_par' dir='ltr' id='par_1_123' title="bbox 2052 4301 3725 4390">
     <span class='ocr_line' id='line_1_123' title="bbox 2052 4301 3725 4390; baseline -0.005 -27"><span class='ocrx_word' id='word_1_968' title='bbox 2052 4301 2316 4390; x_wconf 70' lang='grc' dir='ltr'>διηνεκῶς</span> <span class='ocrx_word' id='word_1_969' title='bbox 2339 4301 2489 4380; x_wconf 80' lang='grc' dir='ltr'>ὦμεν</span> <span class='ocrx_word' id='word_1_970' title='bbox 2523 4301 2901 4381; x_wconf 68' lang='grc' dir='ltr'>πεφραγμένοι</span> <span class='ocrx_word' id='word_1_971' title='bbox 2932 4309 3111 4363; x_wconf 88' lang='grc' dir='ltr'>πάντα</span> <span class='ocrx_word' id='word_1_972' title='bbox 3140 4306 3208 4360; x_wconf 87' lang='grc' dir='ltr'>τά</span> <span class='ocrx_word' id='word_1_973' title='bbox 3243 4303 3402 4378; x_wconf 91' lang='grc' dir='ltr'>μέλη,</span> <span class='ocrx_word' id='word_1_974' title='bbox 3430 4302 3584 4357; x_wconf 80' lang='grc' dir='ltr'>οὐδὲν</span> <span class='ocrx_word' id='word_1_975' title='bbox 3615 4301 3725 4355; x_wconf 90' lang='grc' dir='ltr'>τῶν</span> 
     </span>
    </p>
   </div>
   <div class='ocr_carea' id='block_1_124' title="bbox 2053 4383 3728 4468">
    <p class='ocr_par' dir='ltr' id='par_1_124' title="bbox 2053 4383 3728 4468">
     <span class='ocr_line' id='line_1_124' title="bbox 2053 4383 3728 4468; baseline -0.004 -18"><span class='ocrx_word' id='word_1_976' title='bbox 2053 4383 2144 4450; x_wconf 77' lang='grc' dir='ltr'>ὑπ’</span> <span class='ocrx_word' id='word_1_977' title='bbox 2170 4383 2376 4451; x_wconf 81' lang='grc' dir='ltr'>ἐκείνου</span> <span class='ocrx_word' id='word_1_978' title='bbox 2406 4397 2716 4468; x_wconf 82' lang='grc' dir='ltr'>ἀφιεμένων</span> <span class='ocrx_word' id='word_1_979' title='bbox 2750 4395 2920 4467; x_wconf 86' lang='grc' dir='ltr'>βελῶν</span> <span class='ocrx_word' id='word_1_980' title='bbox 2953 4394 3276 4450; x_wconf 89' lang='grc' dir='ltr'>καθικέσθαι</span> <span class='ocrx_word' id='word_1_981' title='bbox 3311 4393 3470 4464; x_wconf 90' lang='grc' dir='ltr'>ἡμῶν</span> <span class='ocrx_word' id='word_1_982' title='bbox 3505 4391 3728 4462; x_wconf 86' lang='grc' dir='ltr'>δυνήσε-</span> 
     </span>
    </p>
   </div>
   <div class='ocr_carea' id='block_1_125' title="bbox 2052 4471 3727 4547">
    <p class='ocr_par' dir='ltr' id='par_1_125' title="bbox 2052 4471 3727 4547">
     <span class='ocr_line' id='line_1_125' title="bbox 2052 4471 3727 4547; baseline -0.005 -17"><span class='ocrx_word' id='word_1_983' title='bbox 2052 4493 2162 4542; x_wconf 87' lang='grc' dir='ltr'>ται,</span> <span class='ocrx_word' id='word_1_984' title='bbox 2206 4474 2320 4530; x_wconf 90' lang='grc' dir='ltr'>ἀλλ’</span> <span class='ocrx_word' id='word_1_985' title='bbox 2349 4475 2532 4547; x_wconf 82' lang='grc' dir='ltr'>ἀκυρα</span> <span class='ocrx_word' id='word_1_986' title='bbox 2569 4475 2704 4547; x_wconf 83' lang='grc' dir='ltr'>πρὸς</span> <span class='ocrx_word' id='word_1_987' title='bbox 2736 4475 2900 4529; x_wconf 89' lang='grc' dir='ltr'>αὑτὸν</span> <span class='ocrx_word' id='word_1_988' title='bbox 2951 4473 3239 4545; x_wconf 77' lang='grc' dir='ltr'>ἐπανήξειο</span> <span class='ocrx_word' id='word_1_989' title='bbox 3280 4474 3584 4544; x_wconf 89' lang='grc' dir='ltr'>ἀδάμαντος</span> <span class='ocrx_word' id='word_1_990' title='bbox 3617 4471 3727 4540; x_wconf 85' lang='grc' dir='ltr'>γὰρ</span> 
     </span>
    </p>
   </div>
   <div class='ocr_carea' id='block_1_126' title="bbox 2053 4551 3726 4630">
    <p class='ocr_par' dir='ltr' id='par_1_126' title="bbox 2053 4551 3726 4630">
     <span class='ocr_line' id='line_1_126' title="bbox 2053 4551 3726 4630; baseline -0.004 -20"><span class='ocrx_word' id='word_1_991' title='bbox 2053 4558 2199 4630; x_wconf 84' lang='grc' dir='ltr'>ἡμᾶς</span> <span class='ocrx_word' id='word_1_992' title='bbox 2229 4553 2615 4625; x_wconf 78' lang='grc' dir='ltr'>στερῤοτέρους</span> <span class='ocrx_word' id='word_1_993' title='bbox 2641 4555 2675 4624; x_wconf 93' lang='grc' dir='ltr'>ἡ</span> <span class='ocrx_word' id='word_1_994' title='bbox 2704 4554 2797 4608; x_wconf 87' lang='grc' dir='ltr'>τοῦ</span> <span class='ocrx_word' id='word_1_995' title='bbox 2828 4554 2964 4608; x_wconf 85' lang='grc' dir='ltr'>Θεοῦ</span> <span class='ocrx_word' id='word_1_996' title='bbox 2999 4555 3161 4626; x_wconf 91' lang='grc' dir='ltr'>χάρις</span> <span class='ocrx_word' id='word_1_997' title='bbox 3196 4551 3567 4607; x_wconf 86' lang='grc' dir='ltr'>κατεσκεύασε</span> <span class='ocrx_word' id='word_1_998' title='bbox 3585 4591 3599 4614; x_wconf 90' lang='grc'>,</span> <span class='ocrx_word' id='word_1_999' title='bbox 3628 4552 3726 4604; x_wconf 78' lang='grc' dir='ltr'>καὶ</span> 
     </span>
    </p>
   </div>
   <div class='ocr_carea' id='block_1_127' title="bbox 2052 4630 3723 4707">
    <p class='ocr_par' dir='ltr' id='par_1_127' title="bbox 2052 4630 3723 4707">
     <span class='ocr_line' id='line_1_127' title="bbox 2052 4630 3723 4707; baseline -0.005 -16"><span class='ocrx_word' id='word_1_1000' title='bbox 2052 4639 2230 4707; x_wconf 81' lang='grc' dir='ltr'>πάντη</span> <span class='ocrx_word' id='word_1_1001' title='bbox 2268 4632 2595 4697; x_wconf 85' lang='grc' dir='ltr'>ἀναλῶτους,</span> <span class='ocrx_word' id='word_1_1002' title='bbox 2633 4633 2729 4687; x_wconf 83' lang='grc' dir='ltr'>ἐὰν</span> <span class='ocrx_word' id='word_1_1003' title='bbox 2769 4632 3110 4705; x_wconf 85' lang='grc' dir='ltr'>βουλώμεθα.</span> <span class='ocrx_word' id='word_1_1004' title='bbox 3146 4634 3358 4705; x_wconf 83' lang='grc' dir='ltr'>Ὥσπερ</span> <span class='ocrx_word' id='word_1_1005' title='bbox 3405 4630 3498 4688; x_wconf 82' lang='grc' dir='ltr'>οὖν</span> <span class='ocrx_word' id='word_1_1006' title='bbox 3529 4633 3559 4686; x_wconf 89' lang='lat'>6</span> <span class='ocrx_word' id='word_1_1007' title='bbox 3590 4630 3723 4685; x_wconf 88' lang='grc' dir='ltr'>ἀδά-</span> 
     </span>
    </p>
   </div>
   <div class='ocr_carea' id='block_1_128' title="bbox 2055 4711 3723 4790">
    <p class='ocr_par' dir='ltr' id='par_1_128' title="bbox 2055 4711 3723 4790">
     <span class='ocr_line' id='line_1_128' title="bbox 2055 4711 3723 4790; baseline -0.004 -20"><span class='ocrx_word' id='word_1_1008' title='bbox 2055 4733 2232 4790; x_wconf 91' lang='grc' dir='ltr'>μαντα</span> <span class='ocrx_word' id='word_1_1009' title='bbox 2255 4712 2431 4766; x_wconf 89' lang='grc' dir='ltr'>παίων</span> <span class='ocrx_word' id='word_1_1010' title='bbox 2466 4712 2673 4768; x_wconf 88' lang='grc' dir='ltr'>ἐκεῖνον</span> <span class='ocrx_word' id='word_1_1011' title='bbox 2708 4715 2805 4785; x_wconf 89' lang='grc' dir='ltr'>μὲν</span> <span class='ocrx_word' id='word_1_1012' title='bbox 2838 4712 3068 4784; x_wconf 75' lang='grc' dir='ltr'>ἔϐλαψεν</span> <span class='ocrx_word' id='word_1_1013' title='bbox 3096 4713 3270 4778; x_wconf 75' lang='grc' dir='ltr'>οὐδὲν,</span> <span class='ocrx_word' id='word_1_1014' title='bbox 3300 4712 3492 4767; x_wconf 80' lang='grc' dir='ltr'>ἐαυτοῦ</span> <span class='ocrx_word' id='word_1_1015' title='bbox 3524 4711 3582 4765; x_wconf 89' lang='grc' dir='ltr'>δὲ</span> <span class='ocrx_word' id='word_1_1016' title='bbox 3622 4713 3723 4782; x_wconf 83' lang='grc' dir='ltr'>τὴν</span> 
     </span>
    </p>
   </div>
   <div class='ocr_carea' id='block_1_129' title="bbox 2056 4790 3723 4867">
    <p class='ocr_par' dir='ltr' id='par_1_129' title="bbox 2056 4790 3723 4867">
     <span class='ocr_line' id='line_1_129' title="bbox 2056 4790 3723 4867; baseline -0.004 -17"><span class='ocrx_word' id='word_1_1017' title='bbox 2056 4796 2207 4867; x_wconf 82' lang='grc' dir='ltr'>ίσχὺν</span> <span class='ocrx_word' id='word_1_1018' title='bbox 2246 4791 2487 4856; x_wconf 87' lang='grc' dir='ltr'>καθεῖλε,</span> <span class='ocrx_word' id='word_1_1019' title='bbox 2529 4791 2625 4847; x_wconf 75' lang='grc' dir='ltr'>καὶ</span> <span class='ocrx_word' id='word_1_1020' title='bbox 2667 4795 2695 4846; x_wconf 90' lang='lat'>6</span> <span class='ocrx_word' id='word_1_1021' title='bbox 2730 4792 2867 4863; x_wconf 83' lang='grc' dir='ltr'>πρὸς</span> <span class='ocrx_word' id='word_1_1022' title='bbox 2910 4794 3111 4863; x_wconf 89' lang='grc' dir='ltr'>κέντρα</span> <span class='ocrx_word' id='word_1_1023' title='bbox 3142 4790 3435 4857; x_wconf 83' lang='grc' dir='ltr'>λακτίζων,</span> <span class='ocrx_word' id='word_1_1024' title='bbox 3479 4791 3605 4852; x_wconf 84' lang='grc' dir='ltr'>τοὺς</span> <span class='ocrx_word' id='word_1_1025' title='bbox 3643 4793 3723 4844; x_wconf 84' lang='grc' dir='ltr'>οἰ-</span> 
     </span>
    </p>
   </div>
   <div class='ocr_carea' id='block_1_130' title="bbox 2051 4871 3723 4946">
    <p class='ocr_par' dir='ltr' id='par_1_130' title="bbox 2051 4871 3723 4946">
     <span class='ocr_line' id='line_1_130' title="bbox 2051 4871 3723 4946; baseline -0.003 -13"><span class='ocrx_word' id='word_1_1026' title='bbox 2051 4881 2233 4942; x_wconf 90' lang='grc' dir='ltr'>κείους</span> <span class='ocrx_word' id='word_1_1027' title='bbox 2286 4875 2547 4946; x_wconf 79' lang='grc' dir='ltr'>αἱμάσσει</span> <span class='ocrx_word' id='word_1_1028' title='bbox 2586 4875 2784 4939; x_wconf 88' lang='grc' dir='ltr'>πόδας·</span> <span class='ocrx_word' id='word_1_1029' title='bbox 2821 4874 2965 4929; x_wconf 85' lang='grc' dir='ltr'>οὑτω</span> <span class='ocrx_word' id='word_1_1030' title='bbox 3002 4876 3066 4945; x_wconf 85' lang='grc' dir='ltr'>δὴ</span> <span class='ocrx_word' id='word_1_1031' title='bbox 3107 4877 3200 4929; x_wconf 75' lang='grc' dir='ltr'>καὶ</span> <span class='ocrx_word' id='word_1_1032' title='bbox 3239 4876 3325 4942; x_wconf 84' lang='grc' dir='ltr'>ἐφ’</span> <span class='ocrx_word' id='word_1_1033' title='bbox 3365 4873 3521 4943; x_wconf 89' lang='grc' dir='ltr'>ἡμῶν</span> <span class='ocrx_word' id='word_1_1034' title='bbox 3568 4871 3723 4928; x_wconf 74' lang='grc' dir='ltr'>ἔσται</span> 
     </span>
    </p>
   </div>
   <div class='ocr_carea' id='block_1_131' title="bbox 2049 4953 3724 5030">
    <p class='ocr_par' dir='ltr' id='par_1_131' title="bbox 2049 4953 3724 5030">
     <span class='ocr_line' id='line_1_131' title="bbox 2049 4953 3724 5030; baseline -0.003 -15"><span class='ocrx_word' id='word_1_1035' title='bbox 2049 4964 2143 5015; x_wconf 77' lang='grc' dir='ltr'>καὶ</span> <span class='ocrx_word' id='word_1_1036' title='bbox 2181 4961 2274 5015; x_wconf 90' lang='grc' dir='ltr'>τοῦ</span> <span class='ocrx_word' id='word_1_1037' title='bbox 2306 4960 2567 5030; x_wconf 88' lang='grc' dir='ltr'>πολεμίου</span> <span class='ocrx_word' id='word_1_1038' title='bbox 2596 4959 2697 5029; x_wconf 83' lang='grc' dir='ltr'>τῆς</span> <span class='ocrx_word' id='word_1_1039' title='bbox 2730 4959 3004 5028; x_wconf 89' lang='grc' dir='ltr'>σωτηρίας</span> <span class='ocrx_word' id='word_1_1040' title='bbox 3034 4957 3134 5026; x_wconf 75' lang='grc' dir='ltr'>τῆς</span> <span class='ocrx_word' id='word_1_1041' title='bbox 3157 4957 3454 5026; x_wconf 85' lang='grc' dir='ltr'>ἡμετέρας,</span> <span class='ocrx_word' id='word_1_1042' title='bbox 3484 4953 3579 5008; x_wconf 86' lang='grc' dir='ltr'>ὲάν</span> <span class='ocrx_word' id='word_1_1043' title='bbox 3610 4959 3724 5020; x_wconf 86' lang='grc' dir='ltr'>τοῖς</span> 
     </span>
    </p>
   </div>
   <div class='ocr_carea' id='block_1_132' title="bbox 2050 5033 3722 5109">
    <p class='ocr_par' dir='ltr' id='par_1_132' title="bbox 2050 5033 3722 5109">
     <span class='ocr_line' id='line_1_132' title="bbox 2050 5033 3722 5109; baseline -0.004 -14"><span class='ocrx_word' id='word_1_1044' title='bbox 2050 5042 2236 5105; x_wconf 84' lang='grc' dir='ltr'>ὅπλοις</span> <span class='ocrx_word' id='word_1_1045' title='bbox 2281 5043 2394 5103; x_wconf 90' lang='grc' dir='ltr'>τοῖς</span> <span class='ocrx_word' id='word_1_1046' title='bbox 2428 5039 2731 5109; x_wconf 85' lang='grc' dir='ltr'>δεδομένοις</span> <span class='ocrx_word' id='word_1_1047' title='bbox 2782 5041 2916 5106; x_wconf 87' lang='grc' dir='ltr'>ἡμῖν</span> <span class='ocrx_word' id='word_1_1048' title='bbox 2945 5037 3096 5107; x_wconf 80' lang='grc' dir='ltr'>παρὰ</span> <span class='ocrx_word' id='word_1_1049' title='bbox 3137 5035 3237 5105; x_wconf 85' lang='grc' dir='ltr'>τῆς</span> <span class='ocrx_word' id='word_1_1050' title='bbox 3277 5033 3373 5088; x_wconf 88' lang='grc' dir='ltr'>τοῦ</span> <span class='ocrx_word' id='word_1_1051' title='bbox 3402 5034 3722 5106; x_wconf 86' lang='grc' dir='ltr'>Πνεύματος</span> 
     </span>
    </p>
   </div>
   <div class='ocr_carea' id='block_1_133' title="bbox 2050 5115 3720 5195">
    <p class='ocr_par' dir='ltr' id='par_1_133' title="bbox 2050 5115 3720 5195">
     <span class='ocr_line' id='line_1_133' title="bbox 2050 5115 3720 5195; baseline -0.003 -19"><span class='ocrx_word' id='word_1_1052' title='bbox 2050 5124 2269 5195; x_wconf 87' lang='grc' dir='ltr'>χάριτος</span> <span class='ocrx_word' id='word_1_1053' title='bbox 2324 5120 2552 5181; x_wconf 81' lang='grc' dir='ltr'>ἑαυτοὺς</span> <span class='ocrx_word' id='word_1_1054' title='bbox 2602 5116 2865 5187; x_wconf 88' lang='grc' dir='ltr'>διηνεκῶς</span> <span class='ocrx_word' id='word_1_1055' title='bbox 2914 5115 3262 5195; x_wconf 87' lang='grc' dir='ltr'>φράττωμεν.</span> <span class='ocrx_word' id='word_1_1056' title='bbox 3308 5115 3560 5187; x_wconf 84' lang='grc' dir='ltr'>Τοσαύτη</span> <span class='ocrx_word' id='word_1_1057' title='bbox 3608 5120 3720 5189; x_wconf 84' lang='grc' dir='ltr'>γὰρ</span> 
     </span>
    </p>
   </div>
   <div class='ocr_carea' id='block_1_134' title="bbox 2048 5194 3721 5271">
    <p class='ocr_par' dir='ltr' id='par_1_134' title="bbox 2048 5194 3721 5271">
     <span class='ocr_line' id='line_1_134' title="bbox 2048 5194 3721 5271; baseline -0.003 -16"><span class='ocrx_word' id='word_1_1058' title='bbox 2048 5202 2252 5257; x_wconf 87' lang='grc' dir='ltr'>τούτων</span> <span class='ocrx_word' id='word_1_1059' title='bbox 2286 5201 2319 5271; x_wconf 84' lang='grc' dir='ltr'>ἡ</span> <span class='ocrx_word' id='word_1_1060' title='bbox 2353 5199 2612 5269; x_wconf 80' lang='grc' dir='ltr'>δύναμις,</span> <span class='ocrx_word' id='word_1_1061' title='bbox 2662 5198 2738 5262; x_wconf 87' lang='grc' dir='ltr'>ὡς</span> <span class='ocrx_word' id='word_1_1062' title='bbox 2788 5196 2923 5269; x_wconf 86' lang='grc' dir='ltr'>μηδὲ</span> <span class='ocrx_word' id='word_1_1063' title='bbox 2971 5196 3070 5266; x_wconf 86' lang='grc' dir='ltr'>τὴν</span> <span class='ocrx_word' id='word_1_1064' title='bbox 3109 5194 3169 5260; x_wconf 88' lang='grc' dir='ltr'>ἐξ</span> <span class='ocrx_word' id='word_1_1065' title='bbox 3206 5196 3386 5251; x_wconf 84' lang='grc' dir='ltr'>αὐτῶν</span> <span class='ocrx_word' id='word_1_1066' title='bbox 3433 5198 3721 5269; x_wconf 84' lang='grc' dir='ltr'>ἀστραπὴν</span> 
     </span>
    </p>
   </div>
   <div class='ocr_carea' id='block_1_135' title="bbox 2050 5277 3721 5353">
    <p class='ocr_par' dir='ltr' id='par_1_135' title="bbox 2050 5277 3721 5353">
     <span class='ocr_line' id='line_1_135' title="bbox 2050 5277 3721 5353; baseline -0.003 -17"><span class='ocrx_word' id='word_1_1067' title='bbox 2050 5281 2377 5353; x_wconf 86' lang='grc' dir='ltr'>ὑφίστασθαι</span> <span class='ocrx_word' id='word_1_1068' title='bbox 2402 5280 2494 5336; x_wconf 88' lang='grc' dir='ltr'>τὸν</span> <span class='ocrx_word' id='word_1_1069' title='bbox 2527 5280 2809 5350; x_wconf 88' lang='grc' dir='ltr'>πολέμιον,</span> <span class='ocrx_word' id='word_1_1070' title='bbox 2833 5277 2948 5331; x_wconf 86' lang='grc' dir='ltr'>ἀλλ’</span> <span class='ocrx_word' id='word_1_1071' title='bbox 2971 5277 3410 5349; x_wconf 86' lang='grc' dir='ltr'>άποτυφλοῦσθαι</span> <span class='ocrx_word' id='word_1_1072' title='bbox 3441 5278 3541 5343; x_wconf 81' lang='grc' dir='ltr'>τὰς</span> <span class='ocrx_word' id='word_1_1073' title='bbox 3567 5279 3721 5349; x_wconf 75' lang='grc' dir='ltr'>ὄψεις</span> 
     </span>
    </p>
   </div>
   <div class='ocr_carea' id='block_1_136' title="bbox 2116 5412 3718 5525">
    <p class='ocr_par' dir='ltr' id='par_1_136' title="bbox 2116 5412 3718 5525">
     <span class='ocr_line' id='line_1_136' title="bbox 2116 5412 3718 5525; baseline -0.004 -59"><span class='ocrx_word' id='word_1_1074' title='bbox 2116 5421 2141 5448; x_wconf 82' lang='grc' dir='ltr'>θ</span> <span class='ocrx_word' id='word_1_1075' title='bbox 2162 5417 2287 5478; x_wconf 82' lang='lat' dir='ltr'><strong>Reg.</strong></span> <span class='ocrx_word' id='word_1_1076' title='bbox 2311 5429 2438 5495; x_wconf 62' lang='lat' dir='ltr'>npus</span> <span class='ocrx_word' id='word_1_1077' title='bbox 2458 5415 2535 5525; x_wconf 44' lang='grc' dir='ltr'>ἑῇ</span> <span class='ocrx_word' id='word_1_1078' title='bbox 2547 5414 2829 5477; x_wconf 60' lang='grc' dir='ltr'>ἡμᾶςληίη</span> <span class='ocrx_word' id='word_1_1079' title='bbox 2852 5419 3045 5493; x_wconf 73' lang='lat' dir='ltr'><strong>septem</strong></span> <span class='ocrx_word' id='word_1_1080' title='bbox 3066 5427 3181 5490; x_wconf 58' lang='lat' dir='ltr'>gnss.</span> <span class='ocrx_word' id='word_1_1081' title='bbox 3204 5422 3258 5464; x_wconf 79' lang='lat' dir='ltr'><strong>el</strong></span> <span class='ocrx_word' id='word_1_1082' title='bbox 3280 5413 3499 5465; x_wconf 52' lang='lat' dir='ltr'>Savﬂxb</span> <span class='ocrx_word' id='word_1_1083' title='bbox 3524 5412 3606 5475; x_wconf 79' lang='grc' dir='ltr'>μὲν</span> <span class='ocrx_word' id='word_1_1084' title='bbox 3628 5412 3718 5474; x_wconf 75' lang='grc' dir='ltr'>γὰρ</span> 
     </span>
     <span class='ocr_line' id='line_1_137' title="bbox 2116 5476 3194 5525; baseline 0 0"><span class='ocrx_word' id='word_1_1085' title='bbox 2116 5497 2144 5525; x_wconf 66' lang='grc' dir='ltr'>ιν</span> <span class='ocrx_word' id='word_1_1086' title='bbox 2166 5494 2467 5525; x_wconf 76' lang='grc' dir='ltr'>σπεοαατων.</span> <span class='ocrx_word' id='word_1_1087' title='bbox 2539 5476 2664 5523; x_wconf 74' lang='lat' dir='ltr'>ore].</span> <span class='ocrx_word' id='word_1_1088' title='bbox 2693 5476 2749 5524; x_wconf 85' lang='grc' dir='ltr'>τὸ</span> <span class='ocrx_word' id='word_1_1089' title='bbox 2773 5477 2857 5525; x_wconf 77' lang='grc' dir='ltr'>μὲν</span> <span class='ocrx_word' id='word_1_1090' title='bbox 2878 5493 2965 5525; x_wconf 88' lang='grc' dir='ltr'>γαο</span> <span class='ocrx_word' id='word_1_1091' title='bbox 2986 5492 3194 5525; x_wconf 77' lang='grc' dir='ltr'>σπεοιια.</span> 
     </span>
    </p>
   </div>
   <div class='ocr_carea' id='block_1_137' title="bbox 2047 5476 3194 5548">
    <p class='ocr_par' dir='ltr' id='par_1_137' title="bbox 2047 5476 3194 5548">
     <span class='ocr_line' id='line_1_138' title="bbox 2047 5476 3194 5548; baseline -0.002 -20"><span class='ocrx_word' id='word_1_1092' title='bbox 2047 5481 2144 5548; x_wconf 69' lang='grc' dir='ltr'>τῶν</span> <span class='ocrx_word' id='word_1_1093' title='bbox 2166 5476 2467 5548; x_wconf 65' lang='grc' dir='ltr'>σπερμάτων.</span> <span class='ocrx_word' id='word_1_1094' title='bbox 2492 5476 2664 5548; x_wconf 50' lang='lat' dir='ltr'>Morel.</span> <span class='ocrx_word' id='word_1_1095' title='bbox 2693 5476 2857 5548; x_wconf 40' lang='grc' dir='ltr'>τὸημὲν</span> <span class='ocrx_word' id='word_1_1096' title='bbox 2878 5476 2965 5541; x_wconf 84' lang='grc' dir='ltr'>γὰρ</span> <span class='ocrx_word' id='word_1_1097' title='bbox 2986 5477 3194 5540; x_wconf 80' lang='grc' dir='ltr'>σπέρμα.</span> 
     </span>
    </p>
   </div>
   <div class='ocr_carea' id='block_1_138' title="bbox 2116 5538 2963 5601">
    <p class='ocr_par' dir='ltr' id='par_1_138' title="bbox 2116 5538 2963 5601">
     <span class='ocr_line' id='line_1_139' title="bbox 2116 5538 2963 5601; baseline -0.004 -12"><span class='ocrx_word' id='word_1_1098' title='bbox 2116 5540 2136 5578; x_wconf 69' lang='grc' dir='ltr'><em>τ</em></span> <span class='ocrx_word' id='word_1_1099' title='bbox 2161 5538 2355 5589; x_wconf 74' lang='grc' dir='ltr'>(ἷοίέιίυ.</span> <span class='ocrx_word' id='word_1_1100' title='bbox 2381 5539 2723 5601; x_wconf 82' lang='grc' dir='ltr'>προσδοκῶμεν</span> <span class='ocrx_word' id='word_1_1101' title='bbox 2745 5538 2963 5594; x_wconf 74' lang='grc' dir='ltr'>ἅπαντες.</span> 
     </span>
    </p>
   </div>
   <div class='ocr_carea' id='block_1_139' title="bbox 2114 5554 3295 5670">
    <p class='ocr_par' dir='ltr' id='par_1_139' title="bbox 2114 5554 3295 5670">
     <span class='ocr_line' id='line_1_140' title="bbox 2116 5554 2963 5646; baseline -0.004 -57"><span class='ocrx_word' id='word_1_1102' title='bbox 2116 5554 2131 5578; x_wconf 73' lang='grc'>⁸</span> <span class='ocrx_word' id='word_1_1103' title='bbox 2161 5554 2355 5589; x_wconf 61' lang='grc'><strong>(0181111.</strong></span> <span class='ocrx_word' id='word_1_1104' title='bbox 2381 5554 2723 5646; x_wconf 69' lang='grc' dir='ltr'>προσοοκωμεν</span> <span class='ocrx_word' id='word_1_1105' title='bbox 2745 5554 2963 5594; x_wconf 88' lang='grc' dir='ltr'>απαντες.</span> 
     </span>
     <span class='ocr_line' id='line_1_141' title="bbox 2114 5598 3295 5670; baseline -0.003 -21"><span class='ocrx_word' id='word_1_1106' title='bbox 2114 5603 2140 5670; x_wconf 67' lang='grc' dir='ltr'>ξε</span> <span class='ocrx_word' id='word_1_1107' title='bbox 2167 5602 2294 5670; x_wconf 40' lang='grc' dir='ltr'>ᾖξε..</span> <span class='ocrx_word' id='word_1_1108' title='bbox 2313 5612 2440 5670; x_wconf 71' lang='grc' dir='ltr'>ιιηυε</span> <span class='ocrx_word' id='word_1_1109' title='bbox 2463 5605 2517 5647; x_wconf 79' lang='grc' dir='ltr'>ει</span> <span class='ocrx_word' id='word_1_1110' title='bbox 2533 5599 2643 5649; x_wconf 87' lang='lat' dir='ltr'>Cois</span> <span class='ocrx_word' id='word_1_1111' title='bbox 2664 5600 2732 5648; x_wconf 84' lang='lat' dir='ltr'>in.</span> <span class='ocrx_word' id='word_1_1112' title='bbox 2758 5600 2994 5670; x_wconf 59' lang='grc' dir='ltr'>χθὲςπαᾴ</span> <span class='ocrx_word' id='word_1_1113' title='bbox 3016 5598 3244 5670; x_wconf 42' lang='grc' dir='ltr'>ἡμῷνλείρ</span> <span class='ocrx_word' id='word_1_1114' title='bbox 3284 5656 3295 5670; x_wconf 38' lang='lat' dir='ltr'><em>t</em></span> 
     </span>
    </p>
   </div>
   <div class='ocr_carea' id='block_1_140' title="bbox 2112 5660 3446 5724">
    <p class='ocr_par' dir='ltr' id='par_1_140' title="bbox 2112 5660 3446 5724">
     <span class='ocr_line' id='line_1_142' title="bbox 2112 5660 3446 5724; baseline -0.007 -14"><span class='ocrx_word' id='word_1_1115' title='bbox 2112 5661 2143 5701; x_wconf 73' lang='grc' dir='ltr'>Ιι</span> <span class='ocrx_word' id='word_1_1116' title='bbox 2167 5662 2315 5710; x_wconf 67' lang='grc' dir='ltr'>εάνὶι.</span> <span class='ocrx_word' id='word_1_1117' title='bbox 2345 5664 2399 5708; x_wconf 82' lang='lat' dir='ltr'><strong>et</strong></span> <span class='ocrx_word' id='word_1_1118' title='bbox 2423 5666 2525 5713; x_wconf 72' lang='lat' dir='ltr'>[res</span> <span class='ocrx_word' id='word_1_1119' title='bbox 2706 5660 3069 5724; x_wconf 56' lang='lat' dir='ltr'>pdigpigeté‘l._.}</span> <span class='ocrx_word' id='word_1_1120' title='bbox 3091 5660 3446 5724; x_wconf 77' lang='grc' dir='ltr'>ἐκθαυμάσειεν.</span> 
     </span>
    </p>
   </div>
   <div class='ocr_carea' id='block_1_141' title="bbox 2118 5714 3614 5783">
    <p class='ocr_par' dir='ltr' id='par_1_141' title="bbox 2118 5714 3614 5783">
     <span class='ocr_line' id='line_1_143' title="bbox 2118 5714 3614 5783; baseline -0.006 -13"><span class='ocrx_word' id='word_1_1121' title='bbox 2118 5725 2135 5762; x_wconf 79' lang='grc' dir='ltr'>ί</span> <span class='ocrx_word' id='word_1_1122' title='bbox 2163 5723 2245 5770; x_wconf 83' lang='lat' dir='ltr'>Sic</span> <span class='ocrx_word' id='word_1_1123' title='bbox 2268 5723 2418 5771; x_wconf 83' lang='lat' dir='ltr'>Savil.</span> <span class='ocrx_word' id='word_1_1124' title='bbox 2442 5728 2494 5770; x_wconf 81' lang='lat' dir='ltr'><strong>et</strong></span> <span class='ocrx_word' id='word_1_1125' title='bbox 2517 5722 2659 5770; x_wconf 83' lang='lat' dir='ltr'>mulli</span> <span class='ocrx_word' id='word_1_1126' title='bbox 2678 5714 2788 5770; x_wconf 72' lang='lat' dir='ltr'>rﬁss.</span> <span class='ocrx_word' id='word_1_1127' title='bbox 2810 5714 2862 5770; x_wconf 77' lang='lat' dir='ltr'>Ii)</span> <span class='ocrx_word' id='word_1_1128' title='bbox 2888 5720 3059 5769; x_wconf 81' lang='lat' dir='ltr'>More].</span> <span class='ocrx_word' id='word_1_1129' title='bbox 3080 5714 3412 5783; x_wconf 68' lang='grc' dir='ltr'>προσδοκῆσαι</span> <span class='ocrx_word' id='word_1_1130' title='bbox 3428 5714 3614 5783; x_wconf 66' lang='grc' dir='ltr'>ᾀθετει.</span> 
     </span>
    </p>
   </div>
   <div class='ocr_carea' id='block_1_142' title="bbox 2121 5775 3710 5843">
    <p class='ocr_par' dir='ltr' id='par_1_142' title="bbox 2121 5775 3710 5843">
     <span class='ocr_line' id='line_1_144' title="bbox 2121 5775 3710 5843; baseline -0.007 -9"><span class='ocrx_word' id='word_1_1131' title='bbox 2121 5785 2134 5834; x_wconf 83' lang='lat' dir='ltr'><strong>i</strong></span> <span class='ocrx_word' id='word_1_1132' title='bbox 2172 5785 2253 5832; x_wconf 81' lang='lat' dir='ltr'>Sic</span> <span class='ocrx_word' id='word_1_1133' title='bbox 2273 5783 2423 5843; x_wconf 70' lang='lat' dir='ltr'>Savjl.</span> <span class='ocrx_word' id='word_1_1134' title='bbox 2451 5790 2496 5831; x_wconf 72' lang='lat' dir='ltr'><strong>et</strong></span> <span class='ocrx_word' id='word_1_1135' title='bbox 2522 5796 2697 5832; x_wconf 87' lang='lat' dir='ltr'>omnes</span> <span class='ocrx_word' id='word_1_1136' title='bbox 2720 5783 2824 5831; x_wconf 81' lang='lat' dir='ltr'><strong>fere</strong></span> <span class='ocrx_word' id='word_1_1137' title='bbox 2859 5794 2995 5843; x_wconf 85' lang='lat' dir='ltr'>mss.,</span> <span class='ocrx_word' id='word_1_1138' title='bbox 3021 5775 3167 5840; x_wconf 73' lang='lat' dir='ltr'>alqlie</span> <span class='ocrx_word' id='word_1_1139' title='bbox 3192 5782 3258 5828; x_wconf 78' lang='lat' dir='ltr'>ita</span> <span class='ocrx_word' id='word_1_1140' title='bbox 3297 5775 3421 5837; x_wconf 74' lang='lat' dir='ltr'><strong>legit</strong></span> <span class='ocrx_word' id='word_1_1141' title='bbox 3442 5775 3710 5837; x_wconf 67' lang='lat' dir='ltr'>interpres.</span> 
     </span>
    </p>
   </div>
   <div class='ocr_carea' id='block_1_143' title="bbox 2052 5841 2621 5908">
    <p class='ocr_par' dir='ltr' id='par_1_143' title="bbox 2052 5841 2621 5908">
     <span class='ocr_line' id='line_1_145' title="bbox 2052 5841 2621 5908; baseline -0.014 -11"><span class='ocrx_word' id='word_1_1142' title='bbox 2052 5846 2225 5897; x_wconf 76' lang='lat' dir='ltr'>Morel.</span> <span class='ocrx_word' id='word_1_1143' title='bbox 2252 5847 2284 5897; x_wconf 73' lang='grc' dir='ltr'>ἡ</span> <span class='ocrx_word' id='word_1_1144' title='bbox 2307 5841 2394 5891; x_wconf 88' lang='grc' dir='ltr'>τοῦ</span> <span class='ocrx_word' id='word_1_1145' title='bbox 2421 5846 2621 5908; x_wconf 76' lang='grc' dir='ltr'>Πατρός.</span> 
     </span>
    </p>
   </div>
   <div class='ocr_carea' id='block_1_144' title="bbox 3748 5978 3820 6032">
    <p class='ocr_par' dir='ltr' id='par_1_144' title="bbox 3748 5978 3820 6032">
     <span class='ocr_line' id='line_1_146' title="bbox 3748 5978 3820 6032; baseline 0 0"><span class='ocrx_word' id='word_1_1146' title='bbox 3748 5978 3820 6032; x_wconf 66' lang='grc' dir='ltr'><strong><em>Δ</em></strong></span> 
     </span>
    </p>
   </div>
   <div class='ocr_carea' id='block_1_145' title="bbox 3891 6004 3921 6032">
    <p class='ocr_par' dir='ltr' id='par_1_145' title="bbox 3891 6004 3921 6032">
     <span class='ocr_line' id='line_1_147' title="bbox 3891 6004 3921 6032; baseline 0 0"><span class='ocrx_word' id='word_1_1147' title='bbox 3891 6004 3921 6032; x_wconf 62' lang='grc' dir='ltr'>ι</span> 
     </span>
    </p>
   </div>
  </div>
