4018 6136
271 245 335 303 ιι
1062 243 1120 302 S.
1161 242 1446 301 JOANNIS
1484 239 1976 299 CHRYSOSTOMI
2018 237 2329 294 ARCIIIEP.
2371 234 2915 293 CONSTANTINOP.
3628 230 3699 288 42

209 347 215 353 ’
275 359 340 412 ἔκ
377 358 476 430 τῆς
518 359 690 431 αὑγῆς
732 359 828 429 τῆς
881 357 1094 412 ἐκεῖθεν
1123 370 1148 399 α
1196 356 1641 427 ἐκπεμπομένης.
1686 355 1929 417 Τούτοις,

280 446 600 517 παρακαλῶ,
643 447 750 508 τοῖς
789 446 971 507 ὅπλοις
1018 444 1305 507 διαπαντὸς
1336 445 1558 507 ἑαυτοὺς
1585 440 1930 513 τειχίζοντες,

284 533 428 585 οὑτω
460 534 552 586 καὶ
587 534 665 595 εἰς
692 533 896 603 ἀγοράν
926 529 1299 601 ὲμϐἀλλωμεν,
1329 532 1422 584 καὶ
1454 531 1626 599 φίλοις
1665 527 1936 598 συγγενώ-

286 617 442 688 μεθα,
480 620 572 671 καὶ
601 618 896 690 πράγματα
933 616 1418 688 μεταχειρίζωμεν.
1452 617 1562 670 Καὶ
1601 616 1653 669 τί
1689 617 1831 685 λέγω
1858 615 1939 679 είς

284 706 526 776 ἁγοράν;
562 706 671 759 Καὶ
722 706 802 768 εἰς
835 704 1129 774 ἐκκλησίαν
1158 704 1504 766 ἀπαντῶντες
1532 703 1702 757 ταῦτα
1728 702 1938 774 ἔχωμεν

285 793 412 861 ἡμῖν
446 791 558 864 [9-4]
590 792 967 863 περικείμενα,
1008 791 1101 844 καὶ
1138 790 1318 844 οἶκαδε
1353 792 1661 854 ἐπανιόντες
1689 791 1781 843 καὶ
1808 789 1940 843 καθ-

284 876 542 941 εύδοντες,
583 878 675 932 καὶ
711 878 1141 949 διανιστάμενοι,
1185 878 1279 931 καὶ
1323 877 1590 948 μηδέποτε
1629 876 1767 931 αὑτά
1801 877 1939 930 ἀπο-

288 963 509 1033 θώμεθα
533 965 684 1035 παρά
711 966 889 1018 πᾶσαν
924 964 1084 1035 ἡμῶν
1111 965 1210 1032 τὴν
1237 962 1380 1035 ζωήν
1400 981 1413 993 ·
1446 964 1631 1018 ἄπεισι
1666 964 1775 1035 γὰρ
1815 963 1937 1034 μεθ’

281 1048 465 1118 ἡμῶν,
491 1051 583 1103 καὶ
617 1050 718 1119 τῆς
743 1052 860 1103 ἐκεῖ
883 1051 1192 1121 παρρησίας
1217 1050 1243 1089 ιν
1271 1049 1524 1113 ὑπόθεσις
1553 1053 1684 1121 ἡμῖν
1710 1049 1939 1119 μεγίστη

283 1137 514 1202 γίνεται.
540 1136 675 1189 Οὐδὲ
702 1136 812 1208 γὰρ
838 1137 1036 1207 ὁμοίως
1073 1139 1185 1199 τοῖς
1215 1135 1491 1206 αἰσθητοῖς
1514 1137 1697 1201 ὅπλοις
1720 1136 1941 1208 βαρύνει

284 1220 346 1272 τὸ
377 1220 559 1291 σῶμα,
587 1221 724 1276 ἀλλὰ
779 1221 978 1292 μᾶλλον
1012 1221 1280 1290 κουφίζει,
1319 1223 1411 1274 καὶ
1446 1223 1733 1293 μετάρσιον
1773 1222 1943 1295 ἐργά-

287 1305 458 1373 ζεται,
490 1309 584 1361 καὶ
631 1308 729 1378 τὴν
765 1309 917 1378 ἰσχὺν
964 1307 1253 1361 ἐπιτείνει·
1293 1307 1452 1378 μόνον
1500 1308 1616 1362 ἐὰν
1641 1310 1778 1363 αὑτά
1820 1308 1941 1362 καθ’

288 1390 527 1461 ἑκάστην
574 1392 792 1462 ἡμέραν
840 1393 1268 1462 ἀποσμήχωμεν,
1315 1391 1453 1445 ὥστε
1503 1391 1728 1464 λαμπρά
1756 1393 1942 1462 φαινό-

290 1493 429 1546 μενα
468 1477 555 1532 διὰ
586 1478 686 1549 τῆς
732 1478 936 1542 οἰκείας
977 1480 1261 1549 ἀστραπῆς
1300 1466 1635 1549 πηροῦν’τάς
1665 1479 1813 1548 ὅψεις
1852 1478 1942 1533 τοῦ

291 1563 526 1635 πονηροῦ
554 1563 824 1636 δαίμονος,
860 1565 1035 1619 πάντα
1066 1564 1210 1618 κατά
1243 1565 1340 1635 τῆς
1380 1564 1650 1635 σωτηρίας
1681 1565 1779 1633 τῆς
1818 1566 1947 1636 ἡμε-

293 1649 458 1718 τέρας
512 1650 927 1721 μηχανωμένου.
971 1650 1107 1720 Φέρε
1150 1649 1214 1722 δὴ
1257 1650 1460 1715 λοιπὸν,
1511 1649 1697 1721 ἐπειδὴ
1750 1650 1946 1714 ἱκανῶς

293 1735 436 1804 ὑμᾶς
495 1736 936 1807 καθωπλίσαμεν,
990 1736 1090 1808 τὴν
1157 1738 1359 1806 συνήθη
1423 1736 1755 1807 παραϐῶμεν
1816 1737 1945 1806 ὑμῖν

291 1820 588 1891 τράπεζαν,
633 1823 725 1877 καὶ
766 1822 834 1876 τὰ
866 1822 1133 1877 ἀκόλουθα
1181 1823 1288 1875 τῶν
1317 1822 1441 1893 χθὲς
1471 1825 1603 1893 ἡμῖν
1643 1822 1946 1893 εἰρημένων

291 1906 579 1979 προθῶμεν
608 1909 701 1961 ἐπὶ
745 1909 845 1979 τῆς
892 1908 1161 1981 ὑμετέρας
1191 1908 1432 1978 ἀγάπης,
1480 1909 1640 1963 πάλιν
1671 1909 1762 1963 τὸν
1814 1909 1946 1963 θαυο

295 1993 486 2062 μάσιον
524 1995 814 2066 ἑστιάτορα
865 1995 955 2048 τὸν
997 1996 1261 2067 μακάριον
1319 1995 1576 2056 Μωῦσέα,
1629 1995 1719 2048 τὸν
1776 1996 1946 2065 μέγαν

294 2078 577 2151 προφήτην
603 2082 701 2151 τῆς
725 2082 896 2152 καλῆς
920 2081 1121 2152 ταύτης
1141 2070 1489 2145 διδασκαλίας
1509 2080 1751 2153 ἡγεμόνα
1791 2098 1949 2151 ποιη-

296 2167 536 2236 σάμενοι.
570 2166 796 2236 Ἰδωμεν
828 2163 919 2221 οὖν
964 2170 1086 2221 τίνα
1121 2169 1290 2233 ἐστὶν,
1342 2167 1379 2222 ἃ.
1407 2171 1500 2222 καὶ
1539 2171 1774 2240 σήμερον
1806 2170 1949 2238 ἡμᾶς

294 2253 499 2320 διδάξαι
537 2253 802 2323 βούλεται,
844 2255 937 2307 καὶ
985 2255 1338 2325 προσέχωμεν
1385 2254 1628 2324 ἀκριϐῶς
1669 2257 1778 2318 τοῖς
1820 2256 1949 2326 παρ’

297 2339 463 2391 αὑτοῦ
493 2339 830 2409 λεγομένοις.
861 2340 995 2392 Οὐδὲ
1036 2340 1143 2409 γὰρ
1172 2340 1349 2410 οἰκείᾳ
1376 2340 1598 2409 δυνάμει
1632 2340 1948 2409 φθέγγεται,

296 2426 411 2479 ἀλλ’
453 2426 597 2496 ἅπερ
636 2426 703 2480 ἃν
733 2428 766 2496 ἡ
802 2424 896 2478 τοῦ
930 2427 1244 2496 Ιινεύματος
1275 2427 1434 2496 χάρις
1477 2428 1736 2500 ὲνηχὴσῃ,
1785 2428 1953 2481 ταῦτα

299 2511 387 2563 διὰ
416 2512 515 2582 τῆς
547 2512 750 2575 οἰκείας
796 2511 1057 2582 προφέρει
1101 2510 1366 2582 γλώττης,
1408 2511 1671 2566 διδάσκων
1706 2512 1805 2584 τὴν
1844 2514 1953 2566 τῶν

300 2595 606 2667 ἀνθρώπων
668 2596 850 2667 φύσιν.
904 2596 1235 2668 Ἀπαρτίσας
1290 2598 1469 2652 τοίνυν
1523 2599 1613 2651 τὸν
1665 2600 1794 2670 περὶ
1854 2599 1953 2669 τῆς

302 2683 523 2755 πρώτης
553 2683 763 2754 ἡμέρας
796 2682 972 2751 λόγον,
1006 2685 1099 2737 καὶ
1141 2683 1310 2737 εἰπὼν
1344 2684 1481 2756 μετὰ
1515 2685 1612 2755 τὴν
1647 2685 1740 2738 τοῦ
1777 2685 1954 2754 φωτὸς

302 2771 680 2842 δημιουργίαν,
736 2771 996 2840 Ἐγένετο
1050 2772 1312 2841 ἑσπέρα,
1365 2773 1463 2827 καὶ
1512 2772 1748 2843 ἐγένετο
1784 2774 1954 2843 πρωῒ,

301 2858 490 2927 ἡμέρα
512 2859 641 2927 μία,
675 2858 835 2911 πάλιν
860 2858 990 2928 φησί
1010 2876 1023 2890 ·
1052 2860 1159 2915 Καὶ
1188 2857 1356 2914 εἶπεν
1382 2862 1415 2914 ό
1441 2861 1611 2927 Θεός·
1642 2862 1957 2929 Γενηθήτω

300 2944 601 3014 στερέωμα
631 2946 700 3000 ἐν
739 2945 908 3016 μέσῳ
957 2946 1063 3003 τοῦ
1116 2946 1327 3013 ὕδατος
1352 2987 1368 3012 ,
1412 2946 1510 3001 καὶ
1547 2946 1703 3001 ἔστω
1747 2947 1957 3018 διαχωο

296 3029 458 3098 ρίζον
487 3032 788 3103 ἀναμέσον
832 3033 1049 3101 ὕδατος
1087 3034 1186 3088 καὶ
1224 3033 1462 3100 ὕδατος.
1496 3033 1696 3086 Σκόπει
1740 3050 1831 3103 μοι
1873 3036 1959 3088 ὲν-

299 3119 497 3183 ταῦθα,
522 3123 790 3192 ἀγαπητὲ,
829 3122 1175 3187 διδασκαλίας
1211 3121 1555 3177 ἀκολουθίαν.
1594 3120 1811 3193 Ἐπειδὴ
1851 3122 1957 3195 γὰρ

300 3207 587 3278 προλαϐὼν
619 3211 748 3280 ἡμῖν
772 3206 891 3262 εἷπε
931 3210 1072 3280 μετὰ
1097 3209 1195 3281 τὴν
1230 3208 1325 3263 τοῦ
1350 3206 1581 3279 οὐρανοῦ
1610 3209 1704 3261 καὶ
1729 3208 1829 3277 τῆς
1857 3209 1959 3280 γῆς

300 3292 678 3364 δημιουργίαν,
721 3295 802 3348 δτι
858 3297 917 3350 Ἠ
953 3295 1022 3349 δὲ
1065 3294 1141 3364 γῆ
1192 3292 1269 3365 ἦν
1300 3295 1552 3361 ἀόρατος
1596 3295 1695 3348 καὶ
1746 3294 1961 3349 ἀκατα-

302 3372 672 3437 σκεύαστος,
718 3373 816 3425 καί
872 3371 990 3440 τὴν
1048 3373 1246 3428 αἰτίαν
1307 3372 1699 3442 προσέθηκεν,
1747 3374 1828 3427 ὅτι
1875 3373 1963 3427 διὰ

300 3449 461 3503 τοῦτο
483 3444 550 3519 ἡν
576 3449 827 3519 ἀόρατος,
850 3451 938 3504 διὰ
970 3450 1032 3504 τὺ
1060 3451 1426 3504 καλύπτεσθαι
1452 3453 1558 3508 ὑπὸ
1584 3450 1679 3505 τοῦ
1718 3452 1959 3516 σκότους,

304 3530 402 3584 καὶ
424 3530 534 3582 τῶν
569 3530 776 3584 ὑδάτων
796 3548 809 3561 ·
853 3530 996 3600 ὕδωρ
1023 3531 1130 3602 γάρ
1167 3525 1235 3602 ἦν
1263 3531 1325 3584 τὸ
1350 3532 1481 3596 πᾶν,
1506 3532 1601 3586 καὶ
1631 3530 1839 3595 σκότος,
1868 3530 1965 3584 καὶ

304 3607 458 3660 οὐδὲν
489 3607 705 3680 ἕτερον*
739 3605 856 3663 εἶτα
895 3609 988 3663 τοῦ
1020 3609 1290 3664 Δεσπότου
1333 3612 1736 3681 προστάξαντος
1765 3651 1779 3673 .
1824 3629 1966 3683 παρ·

305 3684 444 3756 ήχθη
484 3686 546 3739 τὸ
591 3687 738 3755 φῶς,
788 3687 883 3742 καὶ
935 3688 1301 3760 διαχωρισμὸς
1349 3690 1543 3758 γέγονε
1588 3700 1609 3731 α
1659 3691 1831 3758 φωτὸς
1871 3693 1965 3746 καὶ

307 3766 561 3829 σκότους,
610 3766 707 3822 καὶ
760 3768 823 3821 τὸ
881 3767 979 3838 μὲν
1015 3765 1115 3839 τὴν
1177 3768 1275 3837 τῆς
1328 3767 1542 3840 ἡμέρας
1595 3769 1964 3839 προσηγορίαν

304 3844 485 3907 ἔλαϐε,
511 3844 574 3898 τὸ
619 3846 676 3900 δὲ
703 3847 802 3917 τὴν
848 3847 946 3919 τῆς
979 3847 1172 3910 νυκτὸς
1198 3845 1449 3912 ἐδέξατο·
1495 3845 1655 3900 πάλιν
1702 3847 1849 3916 ἡμᾶς
1885 3848 1965 3903 δι-

300 3921 460 3986 δάξαι
503 3922 778 3991 βούλεται,
825 3924 906 3977 ὅτι
955 3923 1145 3993 ὥσπερ
1188 3920 1249 3975 τὸ
1298 3922 1487 3985 σκότος
1520 3922 1683 3976 διεῖλε
1734 3925 1795 3976 τὸ
1851 3925 1965 3994 φῶς

307 4001 663 4071 παραγαγὼν,
704 4004 798 4057 καὶ
845 4003 1059 4071 ἑκάστῳ
1086 4000 1185 4068 τὴν
1215 3998 1560 4069 ἁρμόζουσαν
1597 4000 1964 4071 προσηγορίαν

308 4081 597 4152 ἐπέθηκεν,
621 4081 761 4135 οὕτω
785 4081 878 4135 καὶ
900 4081 961 4134 τὸ
989 4079 1190 4151 πλῆθος
1214 4078 1320 4131 τῶν
1349 4077 1556 4131 ὑδάτων
1585 4079 1965 4150 προστάγματι

303 4159 522 4214 διαιρεῖ.

377 4179 575 4308 ζ’ῗῗέαὶ
605 4239 707 4311 δρα
725 4237 951 4307 δύναμιν
967 4237 1192 4306 ἄφατον,
1223 4234 1317 4288 καὶ
1342 4234 1519 4288 πάντα
1533 4233 1868 4306 ἀνθρώπινον
1881 4236 1969 4290 λο-

308 4318 503 4389 γισμὸν
536 4316 987 4386 ὑπερϐαίνουσαν.
1029 4312 1254 4366 Κελεύει
1293 4312 1402 4382 γὰρ
1442 4313 1621 4383 μόνον,
1653 4314 1744 4367 καὶ
1774 4314 1834 4368 τὸ
1868 4314 1967 4385 μὲν

308 4398 620 4469 παράγεται
654 4395 682 4434 ἀ
728 4394 838 4448 τῶν
892 4393 1190 4463 στοιχείων,
1242 4391 1303 4444 τὸ
1355 4391 1414 4444 δὲ
1466 4395 1807 4463 παραχωρεῖ.
1859 4393 1968 4447 Καὶ

307 4473 457 4543 εἶπε,
497 4476 683 4547 φησιν,
727 4477 759 4529 ό
802 4472 963 4540 Θεὸς,
1014 4471 1330 4539 Γενηθήτω
1372 4472 1672 4542 στερέωμα
1698 4471 1766 4525 ἐν
1801 4471 1969 4541 μέσῳ

307 4556 416 4610 τοῦ
452 4554 686 4618 ὕδατος,
720 4551 816 4605 καί
855 4551 1010 4605 ἔστω
1037 4548 1382 4619 διαχωρίζον
1415 4549 1724 4620 ἀναμέσον
1753 4550 1969 4618 ὕδατος

308 4632 409 4687 καί
442 4631 679 4695 ὕδατος.
725 4630 790 4682 Τί
838 4630 982 4694 ἐστι,
1026 4628 1344 4696 Γενηθήτω
1392 4629 1733 4698 στερέωμα;
1772 4628 1857 4691 Ὧς
1901 4628 1966 4682 ἂν

308 4712 453 4765 εῐποι
484 4725 568 4772 τις
595 4707 811 4781 γλώττῃ
844 4707 1179 4778 ἀνθρωπίνῃ,
1210 4707 1408 4776 τειχίον
1441 4724 1492 4759 τι
1519 4707 1611 4760 καὶ⁸
1638 4706 1966 4778 διάφραγμα

306 4792 552 4865 διαιροῦν
587 4792 813 4865 μεταξὺ,
855 4793 950 4846 καὶ
977 4789 1253 4862 χωρισμὸν
1289 4786 1682 4859 ἐργαζόμενον.
1729 4791 1838 4843 Καὶ
1880 4790 1967 4843 ἵνα

313 4874 492 4946 μάθῃς
541 4874 639 4944 τὴν
686 4873 886 4943 πολλὴν
932 4870 1176 4940 ὑπακοὴν
1214 4868 1322 4921 τῶν
1370 4866 1666 4946 στοιχείων,
1720 4868 1814 4946 καὶ
1869 4868 1967 4938 τὴν

311 4944 753 5024 ὑπερϐάλλουσαν
802 4950 1029 5021 δύναμιν
1083 4946 1178 5002 τοῦ
1227 4945 1592 5019 δημιουργοῦ,
1645 4944 1810 5016 φησί·
1860 4946 1966 4999 Καί

310 5031 547 5100 ἐγένετο
576 5031 781 5096 οὕτως.
820 5025 957 5085 Είπε
992 5030 1171 5101 μόνον,
1208 5026 1301 5081 καὶ
1329 5026 1390 5079 τὸ
1423 5024 1582 5097 ἔργον
1612 5024 1964 5094 ἠκολούθησε.

313 5109 421 5164 Καὶ
455 5108 723 5175 ἐποίησε,
751 5109 932 5178 φησὶν,
962 5111 995 5162 ό
1029 5107 1171 5173 Θεὸς
1204 5106 1268 5159 τὸ
1294 5103 1616 5178 στερέωμα,
1648 5105 1744 5157 καί
1771 5102 1971 5172 διεχώ-

306 5202 482 5256 ρισεν
518 5189 552 5241 ὁ
581 5186 724 5252 Θεὸς
760 5176 1066 5256 ἀναμέσον
1092 5184 1201 5238 τοῦ
1239 5183 1475 5248 ὕδατος,
1507 5181 1538 5235 δ
1572 5176 1651 5251 ἦν
1692 5182 1970 5237 ὑποκάτω

313 5263 432 5321 τοῦ
466 5267 868 5337 στερεώματος
886 5308 900 5333 ,
947 5267 1044 5321 καί
1077 5262 1386 5333 ἀναμέσον
1435 5260 1540 5316 τοδ
1596 5262 1812 5329 ὕδατος
1864 5263 1970 5316 τοῦ

315 5344 513 5398 ἐπάνω
544 5345 649 5400 τοῦ
695 5344 1115 5414 στερεώματος.
1160 5341 1474 5410 Γενομένου,
1508 5340 1670 5410 φησὶ,
1715 5339 1808 5393 τοῦ
1848 5356 1969 5393 στε-

319 5423 618 5494 ρεώματος,
642 5425 712 5479 τὰ
747 5424 847 5494 μὲν
873 5421 980 5477 τῶν
1010 5421 1214 5475 ὑδάτων
1248 5418 1581 5490 προσέταξεν
1607 5418 1710 5472 ὑπὸ
1737 5416 1852 5490 [25]
1876 5416 1970 5471 τοῦ

379 5530 405 5556 ⁸
431 5528 526 5575 Sex
551 5541 668 5578 mss.
692 5533 746 5576 et
768 5526 916 5576 Savil.
942 5531 1025 5584 τῆς
1047 5521 1269 5573 ἐντεῦθεν.
1299 5520 1470 5584 Morel.
1494 5526 1579 5584 τῆς
1604 5520 1794 5569 ἐκεῖθεν.
1816 5519 1973 5584 Paulo

316 5600 380 5649 po
398 5594 427 5636 .ι
436 5588 633 5639 Coislin.
645 5589 703 5637 τὰ
710 5589 959 5651 πράγματα
968 5581 1503 5648 διαχειριζώμεθαὸενὶι
1513 5581 1953 5644 ,μεταχειριζώμεθα

377 5648 406 5689 δ
440 5651 510 5711 ,ιω
531 5656 669 5699 recte
688 5649 914 5711 Savil._el
937 5650 1059 5711 Reg.
1084 5647 1135 5696 In
1155 5643 1469 5711 _Morel.__h:cc_
1491 5643 1732 5711 pgrmixta
1754 5640 1907 5691 fuere.

380 5714 406 5773 ς
427 5710 575 5773 Savil.
603 5711 802 5772 ἐγένετο.
829 5709 951 5760 Octo
973 5701 1086 5760 m‘és.
1110 5707 1291 5768 γέγονε.
1319 5701 1590 5760 “orci-713V-

382 5768 408 5810 δ
440 5771 573 5822 Unus
588 5768 907 5836 πὰραγίνεται.

2037 350 2412 422 στερεώματος
2440 351 2702 423 φέρεσθαι
2740 359 2789 417 ε,
2831 351 2902 404 τά
2945 328 3015 403 δὲκ
3036 349 3176 420 ὑπὲρ
3205 348 3314 402 τῶν
3344 347 3527 423 νώτων
3559 342 3701 402 εῐναι

2034 428 2128 481 τοῦ
2174 422 2570 498 στερεώματος.
2610 428 2772 482 Ἀλλά
2798 428 2850 481 τί
2892 427 2958 481 ἄν
2991 443 3077 490 τις
3105 426 3248 479 εἴποι
3280 427 3439 479 τοῦτο
3470 422 3608 479 εἶναι
3637 426 3701 479 τὸ

2036 515 2349 587 στερέωμα;
2381 516 2563 587 ’Υδωρ
2601 516 2865 587 πεπηγὸς,
2894 515 3009 569 ἀλλ’
3043 516 3182 585 ἀέρα
3217 513 3340 567 τινὰ
3367 532 3702 587 συνεστραμ-

2040 594 2218 665 μένον,
2260 594 2373 648 ἀλλ’
2406 595 2596 666 ἑτέραν
2623 595 2744 647 τινὰ
2770 594 2990 657 οὑσίαν;
3018 594 3131 647 Οὑκ
3169 593 3233 647 ἄν
3271 612 3352 656 τις
3377 594 3563 656 ἁπλῶς
3591 593 3702 647 τῶν

2036 669 2096 726 εὖ
2131 672 2468 743 φρονούντων
2503 672 2912 743 διισχυρισαιτο.
2952 671 3112 725 Ἀλλά
3141 672 3405 742 προσήκει
3437 671 3604 743 πολλῇ
3630 675 3698 741 τῇ

2038 759 2420 831 εὐγνωμοσύνῃ
2467 759 2835 830 κεχρημένους
2867 758 3115 828 δέχεσθαι
3159 757 3229 811 τὰ
3274 758 3564 828 λεγόμενα,
3605 758 3703 810 καὶ

2042 849 2116 918 μὴ
2156 849 2460 920 περαιτέρω
2495 850 2594 917 τῆς
2633 846 2838 910 οἰκείας
2888 846 3100 914 φύσεως
3155 845 3584 918 ὑπερϐαίνοντας
3622 845 3704 898 διο

2040 926 2358 996 ερευνᾶσθαι
2402 926 2468 979 τὰ
2512 925 2651 995 ὑπὲρ
2695 925 2873 994 ἡμᾶς,
2916 924 3051 978 ἀλλὰ
3093 924 3250 977 τοῦτο
3297 924 3456 994 μόνον
3503 924 3703 977 εἰδέναι

2040 1005 2132 1059 καὶ
2182 1005 2431 1074 κατέχειν
2469 1003 2596 1072 παρ’
2630 1003 2877 1066 ἑαυτοῖς,
2925 1002 3007 1056 ὅτι
3051 1002 3128 1072 τῷ
3184 1002 3564 1073 προστάγματι
3606 1001 3703 1056 τοῦ

2039 1081 2306 1135 Δεσπότου
2356 1080 2611 1152 παρήχθη
2652 1080 2724 1147 ⁸τὸ
2772 1080 3060 1149 στερέωμα
3105 1078 3196 1133 τὸν
3258 1079 3534 1150 χωρισμὸν
3592 1078 3704 1132 τῶν

2041 1161 2246 1215 ὑδάτων
2279 1159 2659 1231 ἐργαζόμενον,
2702 1160 2795 1212 καὶ
2825 1159 2893 1212 τὰ
2939 1160 3035 1230 μὲν
3079 1159 3230 1213 κάτω
3259 1158 3507 1227 κατέχον,
3541 1156 3611 1210 τὰ
3645 1158 3706 1211 δὲ

2041 1239 2153 1293 ἄνω
2185 1238 2432 1310 μετέωρα
2461 1239 2600 1308 ὑπὲρ
2629 1237 2738 1291 τῶν
2772 1238 2990 1292 οἰκείων
3032 1237 3216 1291 νώτων
3246 1236 3430 1307 φέρειν
3466 1236 3704 1305 δυνάμεο

2039 1333 2149 1370 νον.
2179 1317 2289 1370 Καὶ
2338 1315 2612 1380 ἐκάλεσε,
2657 1317 2842 1386 φησὶν,
2891 1318 2923 1370 ὁ
2965 1315 3109 1380 Θεὸς
3149 1315 3217 1369 τὸ
3256 1315 3557 1384 στερέωμα
3602 1317 3707 1369 οὺ-

2034 1395 2244 1464 ρανόν.
2268 1394 2407 1465 Ὅρα
2440 1393 2554 1457 πῶς
2586 1397 2651 1465 τῇ
2679 1395 2813 1465 αὑτῇ
2849 1394 3138 1465 ἀκολουθία
3175 1394 3269 1445 καὶ
3301 1392 3396 1446 νῦν
3437 1395 3708 1463 ἐχρήσατο

2043 1474 2076 1543 ἡ
2115 1471 2234 1526 θεία
2274 1472 2483 1545 Γραφὴ.
2527 1472 2793 1543 Καθάπερ
2828 1467 2948 1524 εἶπε
2980 1470 3136 1541 χθὲς,
3184 1470 3502 1537 Γενηθήτω
3555 1470 3706 1539 φῶς,

2043 1552 2138 1603 καὶ
2187 1549 2323 1619 μετά
2354 1550 2413 1601 τὸ
2453 1550 2816 1620 παραχθῆναι,
2868 1549 2988 1602 τότε
3027 1549 3328 1619 ἐπήγαγεν,
3358 1549 3550 1601 Ἔστω
3578 1548 3710 1601 δια-

2045 1626 2288 1696 χωρίζον
2313 1627 2617 1695 ἀναμέσον
2647 1627 2751 1681 τοῦ
2785 1626 2999 1696 φωτὸς,
3027 1627 3121 1679 καὶ
3149 1625 3418 1695 ἀναμέσον
3449 1625 3544 1678 τοῦ
3581 1626 3708 1680 σκό-

2044 1722 2188 1768 τους,
2233 1705 2326 1758 καὶ
2367 1704 2542 1768 οὑτως
2579 1705 2640 1757 τὸ
2678 1704 2793 1773 φῶς
2837 1704 3052 1775 ἡμέραν
3099 1704 3391 1757 ἐκάλεσεν·
3427 1702 3570 1756 οὕτω
3613 1705 3709 1758 καὶ

2047 1784 2283 1852 σήμερον
2341 1779 2458 1835 εἰπε
2479 1798 2495 1812 ·
2545 1782 2861 1848 Γενηθήτω
2913 1781 3217 1851 στερέωμα
3269 1782 3339 1835 ἐν
3385 1779 3554 1850 μέσῳ
3598 1781 3709 1836 τοῦ

2044 1859 2280 1925 ὕδατος.
2314 1857 2444 1913 Εἶτα
2492 1859 2744 1929 καθάπερ
2793 1859 2886 1913 ἐπὶ
2934 1859 3028 1913 τοῦ
3068 1859 3262 1928 φωτὸς,
3309 1859 3453 1912 οὑτω
3484 1860 3577 1911 καὶ⁵
3622 1861 3710 1912 ὲν-

2044 1946 2219 1999 ταῦθα
2270 1945 2504 2010 ἐδίδαξεν
2548 1947 2696 2016 ἡμᾶς
2740 1945 2838 2015 τὴν
2897 1945 3083 2017 χρείαν
3139 1945 3233 1998 τοῦ
3292 1946 3706 2016 στερεώματος,

2050 2023 2232 2077 Ὥστε
2290 2023 2671 2091 διαχωρίζειν,
2713 2024 2895 2092 φησιν.
2954 2022 3257 2092 ἀναμέσον
3325 2023 3544 2089 ὕδατος
3609 2023 3711 2077 καί

2047 2101 2285 2169 ὕδατος.
2321 2104 2429 2157 Καὶ
2457 2105 2546 2156 ὅτε
2586 2103 2749 2156 αὑτοῦ
2792 2105 2889 2174 τὴν
2927 2102 3116 2173 χρείαν
3145 2101 3382 2174 φανερὰν
3409 2104 3542 2172 ἡμῖν
3575 2119 3711 2155 κατ·

2050 2179 2263 2251 έστησε,
2288 2181 2408 2234 τότε
2440 2180 2690 2251 καθάπερ
2717 2181 2794 2250 τῷ
2825 2183 2962 2249 φωτὶ
2993 2181 3089 2251 τὴν
3118 2179 3410 2251 ὀνομασίαν
3439 2180 3711 2249 προσέθη-

2050 2276 2163 2322 κεν,
2195 2259 2337 2313 οὑτω
2370 2260 2463 2314 καὶ
2491 2258 2569 2331 τῷ
2608 2257 2945 2331 στερεώματι
2975 2258 3073 2329 τὴν
3116 2258 3490 2329 προσηγορίαν
3518 2257 3714 2328 ἐπέθηι

2051 2354 2166 2392 κεν.
2197 2339 2309 2392 Καὶ
2337 2338 2609 2403 ἐκάλεσε,
2642 2339 2797 2408 φησὶ,
2823 2337 2891 2391 τὸ
2920 2337 3222 2406 στερέωμα
3249 2334 3528 2404 οὐρανὸν,
3554 2335 3715 2388 τοῦτο

2051 2415 2114 2468 τὸ
2154 2417 2447 2488 ὁρώμενον.
2498 2418 2607 2469 Καὶ
2653 2415 2800 2480 πῶς,
2845 2416 3011 2486 φησι,
3046 2417 3188 2478 τινὲς
3221 2413 3498 2484 βούλονται
3530 2411 3714 2481 λέγειν

2054 2494 2282 2559 πολλοὺς
2334 2496 2595 2566 οὐρανοὺς
2648 2494 3015 2565 γεγενῆσθαις
3067 2493 3180 2547 Οὐκ
3236 2492 3344 2546 ἀπὸ
3401 2492 3503 2559 τῆς
3559 2491 3712 2554 θείας

2055 2574 2275 2644 Γραφῆς
2314 2574 2484 2627 ταῦτα
2517 2573 2907 2643 διδασκόμενοι,
2944 2571 3060 2626 ἀλλ’
3092 2570 3151 2636 ἐξ
3181 2571 3396 2624 οἰκείων
3436 2568 3715 2638 λογισμῶν

2054 2651 2381 2722 ὁρμώμενοι.
2436 2652 2494 2704 '0
2545 2651 2652 2723 γὰρ
2696 2650 2965 2722 μακάριος
3013 2650 3252 2720 Μωῦσῆς
3308 2647 3460 2701 οὐδὲν
3509 2647 3715 2701 τούτων

2056 2730 2216 2783 πλέον
2251 2732 2397 2801 ἡμᾶς
2435 2729 2699 2783 διδάσκει·
2734 2728 2905 2783 εἰπὼν
2937 2727 3069 2800 γὰρ,
3103 2729 3199 2781 Ἐν
3228 2725 3386 2796 ἀρχῇ
3424 2727 3716 2794 ἐποίησεν

2058 2810 2091 2861 0'
2126 2806 2267 2873 Θεὸς
2305 2808 2410 2861 τὸν
2453 2807 2714 2875 οὐρανὸν
2753 2807 2852 2861 καί
2898 2806 3012 2875 τὴν
3048 2805 3196 2877 γῆν·
3236 2802 3356 2859 εἶτα
3386 2804 3484 2877 τὴν
3537 2805 3716 2859 αἰτίαν

2057 2885 2274 2950 διδάξας
2310 2884 2376 2938 δι’
2406 2887 2472 2957 ἣν
2510 2886 2740 2955 ἀόρατος
2781 2885 3075 2956 ἐτύγχανεν
3112 2888 3146 2956 ἡ
3187 2885 3280 2955 γῆ,
3317 2884 3424 2938 ὑπὸ
3454 2883 3548 2937 τοῦ
3590 2884 3717 2938 σκό-

2058 2981 2183 3028 τους
2212 2966 2304 3018 καὶ
2333 2964 2442 3018 τῶν
2474 2966 2679 3020 ὑδάτων
2718 2966 2817 3036 τῆς
2856 2966 3093 3019 ἀϐύσσου
3133 2964 3538 3035 καλυπτομένη,
3578 2964 3718 3034 μετὰ

2056 3045 2155 3116 τὴν
2200 3043 2293 3097 τοῦ
2333 3045 2508 3114 φωτὸς
2547 3046 2907 3117 δημιουργίαν
2953 3045 3103 3111 τάξει
3149 3045 3257 3098 τινὶ
3291 3044 3381 3097 καὶ
3419 3043 3720 3114 ἀκολουθίᾳ

2057 3121 2336 3191 χρώμενός
2382 3138 2539 3192 φησι·
2586 3122 2694 3177 Καὶ
2736 3118 2903 3176 εἶπεν
2938 3125 2971 3176 ὁ
3006 3121 3177 3187 Θεὸς,
3219 3121 3536 3191 Γενηθήτω
3585 3136 3721 3174 στε-

2051 3200 2268 3270 ρέωμα.
2294 3197 2424 3253 Εἶτα
2446 3201 2543 3272 τὴν
2573 3201 2758 3271 χρείαν
2788 3202 2950 3255 αὑτοῦ
2982 3200 3169 3255 τούτου
3201 3201 3294 3255 τοῦ
3339 3201 3720 3273 στερεώματος

2064 3279 2200 3349 μετά
2230 3279 2511 3351 ἀκριϐείας
2534 3279 2771 3346 διδάξας,
2800 3281 2893 3334 καὶ
2932 3280 3121 3345 εἰπὼν,
3147 3280 3326 3334 Ὥστε
3352 3278 3722 3350 διαχειρίζειν

2061 3356 2368 3425 ἀναμέσον
2421 3358 2640 3422 ὕδατος
2683 3359 2782 3412 καί
2835 3358 3083 3424 ὕδατος,
3128 3358 3259 3412 αὑτὸ
3303 3357 3459 3411 τοῦτο
3494 3359 3555 3410 τὸ
3595 3351 3721 3411 στε-

2066 3434 2252 3506 ρέωμα
2276 3436 2502 3506 οὐρανὸν
2530 3436 2755 3490 ἐκάλεσε
2786 3436 2846 3489 τὸ
2875 3437 2982 3491 τῶν
3014 3435 3219 3490 ὑδάτων
3253 3435 3527 3506 χωρισμὸν
3556 3438 3725 3507 ἔργα·

2064 3517 2316 3587 σάμενον.
2345 3518 2441 3581 Τίς
2465 3516 2530 3571 ἂν
2562 3514 2654 3572 οὖν
2675 3517 2860 3571 λοιπὸν
2896 3517 3034 3588 μετὰ
3062 3517 3160 3588 τὴν
3186 3515 3452 3587 τοσαύτην
3477 3516 3724 3570 διδασκα-

2065 3594 2182 3648 λίαν
2221 3594 2512 3666 ἀνάσχοιτο
2540 3596 2650 3651 τῶν
2702 3595 2887 3660 ἁπλῶς
2919 3596 2980 3660 ἐξ
3017 3595 3224 3659 οἰκείας
3266 3594 3503 3659 διανοίας
3550 3595 3725 3664 φθέγ-

2062 3670 2258 3739 γεσθαι
2319 3672 2677 3742 βουλομένων,
2731 3674 2825 3728 καὶ
2857 3672 3186 3736 ἀπεναντίας
3235 3675 3300 3743 τῇ
3352 3672 3473 3741 θεία
3527 3673 3723 3745 Γραφῇ

2064 3749 2291 3814 πολλοὺς
2339 3751 2598 3822 οὐρανοὺς
2652 3751 2832 3820 λέγειν
2881 3749 3335 3822 ὲπιχειρούντων;
3394 3750 3534 3803 Ἀλλ’
3585 3752 3724 3817 ἰδοὺ,

2063 3830 2247 3899 φησὶν,
2274 3831 2304 3882 ὁ
2337 3828 2600 3902 μακάριος
2625 3829 2786 3884 Δαυῒδ
2812 3823 2959 3883 αἶνον
2988 3830 3273 3899 ἀναφέρων
3309 3828 3389 3898 τῷ
3427 3828 3545 3899 Θεῷ
3583 3829 3723 3899 ἔφη..

2065 3924 2156 3962 σεν
2173 3923 2189 3939 ·
2237 3906 2462 3963 Αἰνεῖτε
2501 3909 2687 3964 αὑτὸν
2731 3911 2785 3963 οἱ
2829 3908 3072 3976 οὐρανοί
3113 3905 3236 3961 τῶν
3285 3907 3575 3974 οὐρανῶν.
3628 3910 3726 3979 Μὴ

2065 3983 2391 4055 θορυϐηθῇς,
2431 3986 2702 4056 ἀγαπητὲ,
2739 3986 2874 4057 μηδὲ
2913 3986 3141 4057 νομίσῃς
3171 3984 3269 4056 τὴν
3306 3985 3470 4052 ἁγίαν
3501 3987 3728 4058 Γραφὴν

2064 4063 2281 4117 ἐναντία
2309 4065 2476 4134 ἑαυτῇ
2507 4063 2689 4132 λέγειν
2723 4064 2878 4118 ποτέ·
2910 4064 3045 4118 ἀλλά
3074 4062 3309 4133 μάνθανε
3335 4064 3437 4133 τὴν
3462 4063 3727 4134 ἀλήθειαν

2064 4141 2170 4195 τῶν
2209 4142 2534 4212 εἰρημένων,
2566 4142 2657 4196 καί⁵
2697 4142 2941 4212 κατέχων
2971 4142 3068 4214 τὴν
3103 4141 3307 4213 ἀκριϐῆ
3346 4141 3549 4213 ταύτης
3576 4142 3726 4196 διδα-

2066 4228 2289 4282 σκαλίαν
2316 4230 2362 4295 ί,
2390 4228 2703 4301 ἀπόφραξω
2730 4228 2830 4293 τὰς
2860 4228 3029 4294 ἀκοὰς
3056 4230 3168 4293 τοῖς
3190 4228 3517 4293 ἀπεναντίας
3546 4228 3724 4302 ταύτῃ

2066 4317 2481 4387 φθεγγομένοις.

2136 4405 2199 4460 δ’.
2221 4406 2285 4458 Τί
2307 4405 2363 4459 δέ
2393 4408 2560 4469 ἐστιν,
2587 4404 2615 4459 ὃ
2648 4404 2907 4476 βούλομαι
2941 4405 3131 4471 εἰπεῖν,
3159 4403 3424 4459 ἀκούσατε
3446 4404 3586 4475 μετά
3599 4405 3726 4458 πολ-

2065 4487 2163 4559 λῆς
2192 4488 2290 4559 τῆς
2319 4489 2609 4560 προσοχῆς,
2635 4488 2722 4542 ἴνα
2755 4487 2830 4559 μὴ
2870 4487 3104 4551 εὐκόλως
3136 4486 3585 4559 παρασαλεύησθε
3619 4490 3726 4543 ὑπὸ

2064 4576 2172 4629 τῶν
2201 4576 2267 4632 τὰ
2299 4576 2679 4648 παριστάμενα
2710 4576 2884 4644 λέγειν
2910 4574 3266 4646 βουλομένων.
3295 4576 3471 4629 Πᾶσαι
3499 4577 3552 4629 αἱ
3584 4576 3727 4630 θεῖαι

2069 4657 2238 4730 βίϐλοι
2281 4656 2377 4726 τῆς
2411 4656 2650 4720 Παλαιᾶς
2675 4656 2944 4726 Διαθὴκης
2975 4657 3039 4727 τῇ
3079 4653 3339 4725 Ἐϐραίων
3362 4654 3574 4727 γλώττῃ
3607 4655 3725 4727 [26]

2070 4735 2127 4802 ἐξ
2152 4736 2325 4807 ἀρχῆς
2352 4731 2491 4806 ἦσαν
2520 4734 2946 4805 συντεθειμέναι,
2973 4735 3066 4787 καὶ
3090 4734 3248 4787 τοῦτο
3279 4733 3477 4797 πάντες
3502 4733 3567 4787 ἂν
3593 4736 3727 4805 ἡμῖν

2069 4814 2575 4885 συνομολογήσαιεν.
2601 4815 2675 4867 Οὑ
2713 4813 2818 4884 πρὸ
2849 4810 3054 4866 πολλῶν
3089 4811 3144 4864 δὲ
3182 4811 3319 4864 ὲτῶν
3345 4813 3444 4882 τῆς
3476 4811 3570 4865 τοῦ
3599 4814 3730 4884 Χριο

2071 4893 2193 4946 στοῦ
2257 4893 2553 4962 παρουσίας
2624 4890 2874 4961 βασιλεύς
2921 4907 3004 4953 τις
3066 4887 3399 4960 Πτολεμαῖος
3450 4890 3579 4961 περὶ
3625 4891 3729 4962 τὴν

2067 4973 2176 5027 τῶν
2217 4970 2434 5042 βιϐλίων
2473 4969 2795 5040 συναγωγὴν
2832 4967 3031 5038 πολλήν
3069 4984 3190 5020 τινα
3231 4968 3464 5038 σπουδὴν
3495 4970 3727 5039 ποιησά-

2074 5067 2251 5122 μενος,
2299 5050 2391 5102 καὶ
2426 5048 2594 5102 πολλά
2625 5049 2785 5118 ἔτερα
2825 5044 3141 5114 συναγαγὼν
3171 5044 3267 5099 καὶ
3298 5044 3550 5116 διάφορα,
3585 5046 3730 5114 ἔγνω

2068 5132 2177 5186 δεῖν
2208 5128 2302 5181 καὶ
2339 5127 2541 5191 ταύτας
2582 5126 2679 5192 τὰς
2717 5125 2931 5196 βίϐλους
2974 5126 3316 5192 συναγαγεῖν.
3350 5127 3726 5196 Μεταπεμψά-

2074 5224 2234 5280 μενος
2262 5203 2355 5262 οῦν
2390 5223 2540 5270 τινας
2575 5205 2682 5260 τῶν
2716 5206 2773 5260 ὲν
2813 5202 3205 5274 Ἱεροσολύμοις
3236 5202 3522 5271 Ἰουδαίων,
3562 5222 3731 5276 μετα.

2071 5289 2254 5342 ϐαλεῖν
2294 5289 2373 5352 εἰς
2420 5286 2520 5358 τὴν
2555 5285 2778 5339 Ἑλλάδα
2820 5284 3062 5354 γλῶτταν
3104 5283 3403 5355 προσέταξε
3432 5285 3487 5324 ⁸·
3535 5287 3628 5339 καὶ
3664 5287 3730 5358 δὴ

2070 5369 2228 5424 τοῦτο
2275 5370 2355 5433 εἰς
2407 5367 2566 5437 ἔργον
2623 5366 2768 5437 αὑτῷ
2820 5366 3183 5436 ἐξενήνεκται.
3228 5364 3483 5431 Ἐγένετο
3526 5365 3584 5418 δὲ
3634 5368 3731 5419 καὶ

2071 5450 2227 5505 τοῦτο
2265 5450 2364 5519 τῆς
2405 5448 2498 5500 τοῦ
2525 5446 2660 5499 Θεοῦ
2702 5445 3011 5515 οἰκονομίας
3046 5443 3225 5515 ἔργον,
3254 5442 3395 5496 ὥστε
3447 5442 3522 5514 μη
3567 5444 3731 5513 μόνον
3782 5452 3783 5455 “

2139 5565 2162 5592 ο
2185 5553 2386 5614 Seplem
2411 5565 2522 5600 mss.
2552 5557 2602 5600 el
2625 5551 2870 5616 Ξενίιὺπρ
2892 5552 2947 5599 τὸ
2970 5551 3218 5614 στερέωμα
3244 5551 3482 5614 φέρεσθαι.

2140 5613 2160 5651 ί
2185 5615 2380 5667 Coislin.
2427 5615 2510 5668 τήν
2550 5612 2786 5674 ἀκρίϐειαν
2826 5613 2997 5670 ταύτης
3035 5611 3500 5674 τῆς-διδασκαλίας.
3522 5608 3734 5674 Infra

2080 5676 2418 5777 παριστάμενα.
2436 5670 2677 5737 Quidquid
2698 5671 2748 5723 in
2766 5681 2969 5724 menlem
2986 5670 3178 5723 venerit.
3197 5673 3300 5723 [loc
3318 5672 3729 5745 non'elialnalibi.

2196 5737 2279 5777 Sic
2303 5736 2451 5777 Savil-
2477 5743 2639 5777 mole:
2680 5738 2731 5777 in
2755 5736 2865 5777 odit.
2898 5734 3062 5777 anl‘.
3091 5734 3262 5777 aberat
3287 5735 3561 5777 προσεταει.
3590 5734 3726 5777 Enn.

2196 5734 2451 5786 SicSavil.
2477 5734 2639 5795 rode;
2680 5738 2731 5785 in
2755 5736 2865 5785 edit,
2897 5734 3062 5784 Moulf.
3091 5734 3262 5784 aberat
3287 5735 3561 5796 προσέταξε.
3590 5734 3726 5782 Eon.
