4018 6136
215 263 274 319 41
1389 243 1450 301 ΙΝ
1489 240 1643 300 CAP.
1685 241 1724 295 l.
1759 238 1829 294 Gl

1937 237 2003 294 :s.
2046 239 2275 298 llOMlL.
2321 242 2408 297 tv.
3305 237 3310 240 ’
3436 259 3505 313 t2

142 414 147 415 ν
214 381 295 433 sic
341 388 506 445 opera
555 369 947 443 aggrediamur.
1019 364 1086 420 Et
1129 361 1254 434 quid
1306 360 1427 417 dico
1482 360 1532 412 in
1588 354 1808 412 forum?

216 470 393 525 Etiam
437 468 490 522 in
537 465 820 522 ecclesiam
865 466 1148 531 pergentes
1191 453 1435 512 instructi
1477 451 1581 507 illis
1623 448 1808 514 simus,

218 577 273 623 et
323 564 546 621 domum
596 559 906 622 redeuntes,
959 565 1016 612 et
1057 544 1410 618 dormientes,
1454 557 1510 605 et
1555 544 1809 617 evigilan-

219 667 323 719 tes,
375 668 551 725 neque
594 665 848 722 umquam
904 662 999 718 per
1041 653 1207 701 totam
1252 642 1415 698 vitam
1450 647 1684 695 nostram
1724 634 1811 690 illa

215 748 584 818 deponamus;
610 740 966 811 commigrent
992 737 1134 794 enim
1164 733 1463 797 nobiscum,
1490 738 1546 786 ct
1583 729 1649 783 ad
1672 727 1813 782 illam

217 842 383 896 vitam
410 851 662 909 magnum
689 832 898 889 ﬁduciae
927 829 1082 885 nobis
1110 832 1481 897 argumentum
1508 828 1652 877 sunt.
1699 818 1813 875 Non

217 933 365 989 enim
385 932 522 987 sicut
545 927 819 986 sensibilia
845 939 992 981 arma
1012 937 1206 993 corpus
1230 927 1451 992 gravant
1483 935 1497 972 :
1521 916 1618 973 sed
1646 915 1817 971 levius

220 1025 455 1080 reddunt
497 1030 552 1077 et
599 1018 926 1089 expeditius,
973 1026 1038 1069 ac
1079 1011 1383 1076 sublimius,
1426 1009 1696 1078 roburque
1718 1023 1814 1062 au-

218 1124 352 1186 gent
382 1131 398 1167 :
436 1122 640 1168 tantum
666 1124 809 1165 curae
831 1107 921 1173 sit,
948 1114 1006 1162 ut
1031 1106 1148 1175 ipsa
1166 1100 1402 1173 quotidie
1427 1099 1816 1168 abstergamus,

221 1212 294 1264 ita
338 1216 397 1262 ut
426 1203 623 1275 fulgida
654 1204 779 1267 sint,
805 1211 861 1256 et
888 1198 1050 1254 radiis
1077 1199 1351 1253 excmcent
1376 1192 1560 1249 oculos
1602 1189 1816 1261 maligni

220 1297 513 1360 daemonis,
556 1293 734 1347 omnia
771 1299 955 1345 contra
995 1287 1221 1344 salutem
1251 1293 1485 1340 nostram
1511 1278 1808 1336 machinan-

223 1390 315 1443 tis.
346 1389 482 1457 Age,
511 1384 761 1455 quoniam
800 1381 931 1437 satis
975 1392 1073 1433 vos
1095 1375 1261 1432 armis
1291 1373 1659 1438 instruximus,
1684 1385 1816 1426 con-

224 1493 437 1537 suetam
480 1491 621 1534 nunc
649 1476 801 1531 vobis
838 1486 1078 1528 mensam
1112 1480 1463 1541 apponamus,
1511 1473 1568 1521 et
1599 1477 1665 1519 ea
1699 1476 1819 1534 qum

224 1573 538 1629 hesternam
588 1568 869 1624 lectionem
923 1570 1254 1635 sequuntur,
1311 1558 1566 1627 deinceps
1610 1553 1817 1610 caritati

223 1674 421 1721 vestra:
450 1671 833 1732 proponamus,
865 1670 1074 1711 rursum
1115 1649 1485 1708 admirabilem
1515 1646 1663 1703 illum
1692 1658 1820 1699 con-

226 1754 358 1810 vivii
389 1750 748 1809 exbibitorem
789 1747 1000 1803 beatum
1035 1743 1261 1811 Mosam,
1292 1754 1542 1809 magnum
1592 1733 1821 1807 prophe-

226 1857 359 1915 tam,
406 1846 563 1901 bonm
595 1842 751 1913 hujus
788 1838 1046 1895 doctrinm
1085 1834 1278 1891 ducem
1326 1830 1597 1887 facientes.
1624 1826 1821 1882 Videa-

228 1952 349 1993 mus
388 1937 547 2007 igitur
591 1947 835 2004 qumnam
883 1929 991 1986 sint
1037 1942 1099 1983 ea
1127 1940 1248 1996 qum
1290 1922 1450 1979 hodie
1481 1934 1580 1976 nos
1626 1917 1822 1974 docere

227 2029 362 2095 vult,
412 2035 469 2083 et
498 2026 783 2097 diligenter
816 2022 971 2077 dictis
996 2020 1113 2090 ejus
1141 2015 1503 2073 attendamus.
1532 2011 1650 2067 Non
1677 2008 1820 2065 enim

226 2135 325 2175 sua
376 2118 574 2174 virtute
618 2114 884 2187 loquitur,
941 2111 1036 2167 sed
1076 2121 1426 2181 quaecumque
1468 2103 1545 2160 illi
1594 2101 1823 2174 Spiritus

227 2214 402 2272 sancti
449 2212 622 2284 gratia
676 2209 924 2272 insonat,
962 2219 1027 2261 ea
1067 2217 1161 2275 per
1196 2215 1348 2258 suam
1391 2197 1662 2269 linguam,
1726 2193 1825 2249 do.

226 2304 403 2362 cendo
431 2304 720 2358 humanum
743 2313 935 2370 genus,
982 2294 1200 2368 profert.
1248 2292 1629 2347 Consummato
1666 2285 1825 2358 igitur

226 2396 297 2452 de
349 2395 441 2450 die
469 2393 643 2465 primo
675 2403 945 2453 sermone,
980 2394 1259 2458 postquam
1282 2382 1506 2437 formata
1535 2379 1655 2435 luce
1668 2377 1823 2444 dixit,

229 2488 454 2543 Factum
489 2495 562 2540 est
603 2498 822 2554 uespere,
871 2488 921 2535 et
967 2481 1159 2552 factum
1200 2483 1270 2530 est
1307 2488 1474 2538 mane,
1519 2471 1628 2526 dies
1669 2485 1822 2537 unus,

230 2581 428 2637 iterum
456 2578 588 2633 dicit
619 2594 633 2630 :
665 2576 721 2630 6.
765 2573 1001 2643 Dixitque
1037 2569 1177 2625 Deus
1225 2583 1244 2623 :
1288 2564 1410 2621 Fiat
1452 2565 1827 2635 ﬁrmamentum

229 2672 283 2726 in
327 2670 497 2724 medio
548 2682 694 2740 aqua
713 2706 731 2734 ,
792 2674 837 2719 et
898 2664 964 2718 sit
1021 2661 1335 2730 distinguens
1372 2657 1502 2711 inter
1547 2668 1732 2724 aquam
1779 2659 1827 2705 et

229 2779 438 2834 aquam.
500 2757 733 2816 Attende
782 2757 905 2824 hic,
958 2740 1237 2811 carissime
1256 2792 1273 2818 ,
1329 2748 1589 2805 doctrinae
1635 2759 1828 2805 conse-

229 2853 530 2925 quentiam.
561 2851 823 2919 Quoniam
872 2849 1017 2906 enim
1068 2853 1224 2902 antea
1276 2842 1431 2900 nobis
1476 2840 1646 2905 dixit,
1706 2846 1829 2909 post

230 2944 352 3000 caeli
398 2951 455 2999 et
499 2952 657 3001 teme
707 2940 1032 2997 creationem
1083 2955 1098 2991 :
1150 2936 1306 2991 Terra
1330 2943 1499 2989 autent
1524 2940 1635 2988 erat
1663 2929 1828 2985 invisi-

233 3035 355 3091 bilis
389 3044 437 3089 et
483 3033 862 3105 incomposita;
911 3039 969 3087 et
1006 3043 1224 3085 causam
1276 3025 1561 3097 apposuit,
1612 3032 1829 3095 propter

236 3128 342 3182 hcc
384 3126 548 3182 fuisse
594 3122 933 3189 invisibilem,
984 3121 1109 3193 quia
1158 3118 1395 3176 tenebris
1429 3125 1483 3173 et
1529 3116 1685 3187 aquis
1731 3117 1832 3169 ob-

237 3219 516 3290 tegebatur
551 3234 569 3273 :
604 3217 784 3273 omnia
818 3215 962 3271 enim
1011 3223 1164 3269 erant
1204 3227 1339 3283 aqua
1386 3219 1444 3268 et
1481 3210 1735 3278 tenebrm,
1774 3216 1830 3264 et

238 3313 374 3368 nihil
419 3322 717 3383 praeterea;
776 3318 832 3364 et
880 3315 1063 3379 postea
1120 3315 1385 3378 praecepto
1438 3302 1649 3360 Domini
1705 3316 1827 3372 pro.

238 3405 454 3460 ductam
498 3417 618 3458 esse
659 3402 832 3457 lucem
889 3398 1190 3470 factamque
1239 3396 1638 3454 distinctionem
1694 3393 1828 3450 lucis

238 3505 295 3550 et
350 3493 728 3556 tenebrarum;
796 3492 867 3547 ita
905 3501 963 3545 ut
1002 3490 1090 3544 illa
1126 3488 1230 3545 diei
1270 3486 1682 3558 appellationem
1734 3498 1829 3540 ac-

238 3584 467 3655 ceperit,
519 3583 639 3639 hmc
676 3596 806 3638 vero
844 3582 1019 3636 noctis
1048 3595 1063 3635 :
1092 3579 1287 3634 iterum
1329 3592 1430 3634 nos
1461 3576 1658 3632 docere
1694 3574 1829 3642 vult,

237 3690 389 3741 eum,
422 3675 559 3731 sicut
584 3672 832 3729 tenebras
855 3670 1122 3741 separavit
1150 3668 1403 3740 producta
1430 3667 1570 3731 luce,
1593 3673 1648 3721 et
1671 3665 1832 3720 utris-

238 3782 348 3837 que
388 3779 680 3837 congruum
728 3762 1044 3818 vocabulum
1093 3759 1318 3827 indidit,
1364 3759 1437 3814 ita
1494 3767 1550 3814 et
1592 3757 1832 3813 multitu—

240 3858 425 3913 dinem
460 3869 722 3926 aquarum
767 3862 1035 3924 praecepto
1082 3863 1387 3921 segregare.

317 3947 373 4001 '5.
415 3945 654 4001 Potentia
682 3937 777 4000 Dei
806 3942 1000 3998 nullam
1024 3958 1219 3996 moram
1260 3940 1519 4006 admittit;
1545 3938 1833 4007 ﬁrmamen-

245 4052 354 4095 tum
377 4040 499 4111 quid
514 4040 602 4105 sit,
632 4038 715 4093 ria
739 4037 859 4092 sciri
884 4042 1083 4108 potest;
1106 4033 1292 4088 multas
1314 4031 1465 4087 rietes
1484 4046 1591 4086 esse
1613 4046 1714 4084 non
1743 4044 1838 4098 pu-

246 4141 324 4186 tat
374 4130 441 4185 B.
490 4129 900 4201 Chrysostomus.
934 4156 1007 4170 -—-
1032 4127 1097 4182 Et
1137 4124 1261 4180 vide
1297 4121 1622 4180 ineﬁ'abilem
1649 4128 1832 4192 poten-

247 4222 402 4289 tiam,
419 4236 542 4292 qum
566 4234 784 4277 omnem
824 4218 1113 4274 humanam
1149 4214 1363 4273 excedit
1388 4214 1675 4270 rationem.
1703 4209 1838 4266 Nam

247 4314 423 4370 solum
447 4312 621 4382 jubet,
662 4320 718 4366 et
748 4310 958 4366 accedit
992 4307 1139 4364 aliud
1164 4307 1574 4372 elementorum,
1605 4312 1661 4360 et
1696 4300 1839 4359 aliud

246 4405 480 4463 decedit.
507 4403 767 4474 Dixitque,
790 4393 884 4467 ait,
911 4401 1045 4456 Deus
1066 4415 1088 4455 :
1115 4398 1235 4454 Fiat
1256 4398 1631 4469 ﬁrmamentum
1659 4395 1716 4450 in
1738 4409 1844 4449 me-

248 4499 338 4552 dio
361 4512 529 4568 aqua,
555 4506 605 4550 et
625 4496 692 4550 sit
710 4494 1023 4564 distinguens
1044 4492 1176 4546 inter
1193 4506 1380 4561 aquam
1403 4497 1453 4543 et
1473 4501 1678 4559 aquam.
1701 4483 1842 4553 Quid

249 4600 356 4653 est,
384 4588 505 4643 Fiat
535 4584 951 4658 ﬁrmamentum!
983 4581 1147 4652 Quasi
1164 4580 1286 4652 quis
1309 4580 1455 4637 dicat
1473 4576 1707 4633 humana
1735 4575 1844 4631 lin-

251 4700 354 4755 gua
384 4704 398 4740 :
430 4682 547 4737 Fiat
566 4681 743 4751 paries
767 4676 982 4750 quidam
1008 4684 1064 4732 et
1086 4682 1295 4745 septum
1317 4673 1371 4728 in
1399 4667 1845 4728 mediodividens

254 4785 310 4832 et
338 4773 734 4843 separationem
759 4769 1040 4824 inducens.
1079 4766 1148 4822 Et
1173 4774 1228 4821 ut
1250 4764 1428 4821 discas
1453 4776 1701 4836 magnam
1728 4759 1845 4816 ele-

254 4875 562 4923 mentorum
624 4861 1022 4929 obedientiam,
1084 4858 1546 4926 eseellentemque
1594 4854 1845 4911 virtutem

251 4956 499 5029 Opiﬁcis,
537 4956 610 5011 ait
633 4972 648 5008 :
671 4953 741 5008 Et
765 4953 957 5024 factum
984 4960 1056 5006 est
1083 4951 1177 5005 ita.
1207 4947 1350 5003 Dixit
1391 4945 1588 5013 solum,
1633 4952 1686 5000 et
1713 4958 1849 5014 epos

254 5056 546 5119 sequutum
584 5054 685 5100 est.
718 5045 773 5099 7.
807 5042 872 5097 Et
901 5042 1038 5114 fecit,
1067 5041 1164 5106 ait,
1198 5039 1338 5094 Deus
1375 5038 1770 5108 ﬁrmamentum,
1801 5043 1848 5088 et

256 5139 430 5193 diuisit
471 5135 611 5191 Deus
651 5135 783 5190 inter
806 5149 1014 5204 aquam,
1034 5146 1148 5203 qua
1171 5139 1283 5185 erat
1310 5128 1401 5185 sub
1430 5129 1773 5197 ﬁrmamento,
1802 5133 1851 5180 et

255 5231 389 5285 inter
412 5241 624 5297 aquatn,
663 5239 778 5295 qua:
803 5232 908 5278 erat
950 5238 1103 5292 super
1135 5220 1527 5291 ﬁrmamentum.
1567 5216 1733 5273 Facto
1762 5215 1851 5269 lir-

257 5327 558 5383 memento,
589 5315 782 5386 inquit,
806 5313 966 5385 jussit
989 5326 1154 5384 aquas
1177 5311 1310 5367 alias
1336 5308 1437 5365 sub
1457 5306 1853 5364 ﬁrmamentum

261 5409 414 5475 ferri,
448 5409 582 5463 alias
597 5415 776 5462 autem
802 5419 962 5475 supra
989 5404 1209 5460 dorsum
1229 5415 1351 5456 esse
1377 5399 1718 5455 ﬁrmamenti.
1748 5396 1855 5454 Sed

260 5503 387 5573 quid
407 5500 624 5555 tandem
647 5513 770 5555 esse
784 5498 1027 5553 dicemus
1046 5481 1146 5551 hoc
1161 5496 1555 5550 ﬁrmamentum
1570 5493 1596 5547 ἶ)
1620 5494 1854 5565 Aquam-

265 5612 330 5655 ne
373 5596 679 5659 deusatam,
710 5591 794 5647 vel
822 5605 1002 5647 aerem
1042 5587 1326 5661 quemdam
1363 5585 1733 5655 convolutum,
1772 5587 1853 5642 vel

266 5689 420 5743 etiam
446 5685 837 5741 substantiam?
862 5682 1030 5739 Nemo
1055 5678 1394 5752 prudentium
1418 5679 1522 5736 hoc
1551 5688 1752 5735 temere
1773 5693 1856 5733 as-

1925 358 2272 449 severaverit.
2303 356 2525 429 Oportet
2566 362 2708 417 enim
2752 380 2940 437 magna
2984 370 3243 429 modestia
3272 384 3324 432 et
3353 392 3506 449 grato

1922 448 2103 502 animo
2141 465 2206 505 ea
2229 467 2348 522 qum
2369 451 2621 510 dicuntur
2658 472 2688 512 a
2734 460 2886 516 nobis
2913 463 3102 534 accipi,
3136 475 3189 520 ct
3230 484 3338 526 non
3362 448 3504 529 ultra

1922 548 2166 598 naturam
2189 551 2428 600 nostram
2449 549 2716 619 progredi,
2747 561 2802 606 et
2825 555 3049 609 scrutari
3074 572 3194 626 qum
3217 574 3377 630 supra
3409 580 3509 620 nos

1923 647 2079 694 sunt:
2109 639 2204 694 sed
2230 639 2330 696 boc
2357 644 2530 699 solum
2563 645 2703 702 scire
2742 659 2797 704 et
2836 658 3019 707 tenere
3043 655 3181 724 apud
3214 672 3332 725 nos,
3365 674 3506 730 pra:-

1921 739 2078 800 cepto
2109 731 2315 787 Domini
2343 735 2660 804 productum
2686 753 2808 795 esse
2836 741 3250 816 ﬁrmamentum,
3275 749 3327 804 in
3355 765 3510 819 sepa-

1924 821 2187 879 rationem
2229 838 2509 896 aquarum,
2553 830 2696 899 quod
2726 832 2897 888 valeat
2939 834 3070 891 alias
3111 838 3211 894 sub
3256 856 3314 895 se
3342 845 3506 897 conti-

1923 929 2072 980 nere,
2105 916 2236 973 alias
2259 933 2388 975 vero
2423 932 2636 976 sursum
2667 925 2720 978 in
2749 923 2913 981 dorso
2940 940 3037 984 suo
3065 927 3205 986 ferre
3229 932 3505 991 sublimes.

1921 1004 1978 1061 8.
2027 1005 2092 1061 Et
2132 1009 2350 1075 vocavit,
2399 1011 2494 1079 ait,
2540 1010 2678 1068 Deus
2716 1015 3094 1083 ﬁrmamentum
3130 1022 3328 1079 caelum.
3374 1024 3509 1082 Vide

1922 1097 2190 1165 quomodo
2239 1098 2428 1156 eadem
2484 1108 2864 1174 consequentia
2920 1110 3080 1164 etiam
3133 1127 3275 1168 nunc
3324 1114 3506 1171 divina

1918 1185 2194 1258 Scriptura
2226 1204 2320 1245 usa
2346 1199 2448 1248 est.
2476 1192 2611 1250 Nam
2649 1196 2787 1251 sicut
2812 1196 2947 1253 dixit
2990 1198 3128 1268 heri,
3161 1200 3282 1257 Fiat
3309 1205 3419 1273 lux,
3447 1215 3504 1261 et

1921 1285 2202 1348 postquam
2230 1279 2485 1349 producta
2519 1280 2778 1351 fuit,t.unc
2800 1285 3031 1357 subjecit
3054 1311 3067 1347 :
3091 1292 3172 1350 Sit
3189 1297 3510 1365 distinguens

1923 1368 2056 1422 inter
2084 1367 2248 1424 lucem
2271 1380 2319 1425 et
2347 1372 2480 1428 inter
2503 1374 2750 1441 tenebras,
2791 1387 2848 1435 et
2872 1380 2949 1435 sic
2973 1381 3147 1438 lucem
3178 1383 3318 1440 diem
3346 1402 3506 1442 voca-

1922 1460 2040 1516 vit:
2073 1460 2145 1516 ita
2189 1471 2242 1518 ct
2276 1464 2436 1521 hodie
2471 1466 2644 1522 dixit:
2676 1467 2795 1523 Fiat
2836 1472 3212 1541 ﬁrmamentum
3253 1478 3307 1532 in
3347 1479 3510 1533 medio

1924 1568 2088 1625 aqua.
2119 1553 2248 1609 Dein
2270 1557 2409 1612 sicut
2434 1557 2504 1614 de
2533 1558 2651 1615 lucc
2674 1559 2904 1630 dixerat,
2928 1564 2999 1618 ita
3024 1574 3077 1619 et
3100 1566 3185 1621 liic
3213 1566 3392 1624 docuit
3413 1586 3511 1625 nos

1925 1661 2079 1701 usum
2125 1647 2465 1716 ﬁrmamenti,
2522 1650 2591 1707 Ut
2638 1652 2854 1722 dividat,
2916 1657 3011 1723 ait,
3053 1659 3187 1714 inter
3233 1676 3415 1732 aquam
3463 1673 3512 1716 et

1924 1754 2128 1809 aquam.
2163 1739 2230 1794 Et
2255 1748 2535 1812 postquam
2563 1742 2706 1800 hunc
2723 1747 2839 1815 ejus
2863 1761 3015 1802 usum
3043 1748 3350 1818 declaravit,
3387 1760 3511 1807 tunc

1925 1830 2064 1885 sicut
2088 1831 2193 1886 luci
2219 1846 2412 1886 nomen
2443 1832 2613 1897 dedit,
2659 1834 2730 1889 ita
2769 1843 2826 1891 et
2855 1836 3192 1894 ﬁrmamento
3228 1856 3382 1895 suum
3412 1857 3512 1897 no-

1928 1937 2050 1977 men
2081 1921 2354 1992 imposuit.
2405 1923 2471 1978 Et
2506 1926 2720 1992 vocavit,
2765 1927 2860 1997 ait,
2891 1929 3267 2001 ﬁrmamentum
3307 1937 3512 2001 aetatu,

1928 2013 2030 2071 hoc
2054 2018 2195 2087 quod
2218 2016 2445 2073 videtur.
2465 2017 2531 2073 Et
2544 2020 2831 2089 quomodo,
2860 2021 3090 2092 inquies,
3119 2026 3302 2080 volunt
3329 2026 3510 2096 aliqui,

1928 2106 2095 2164 factos
2116 2109 2313 2165 multos
2339 2109 2534 2165 cados?
2561 2124 2668 2166 non
2692 2126 2761 2166 ex
2789 2111 2967 2168 divina
3002 2112 3274 2185 Scriptura
3304 2115 3406 2173 hoc
3433 2118 3515 2173 di-

1927 2201 2196 2268 dicerunt,
2226 2201 2319 2256 sed
2343 2216 2408 2257 ex
2438 2202 2550 2257 suis
2579 2204 2873 2260 ratiociniis
2900 2204 3005 2261 hoc
3038 2206 3292 2263 inferunt.
3320 2207 3515 2267 Beatus

1927 2303 2105 2349 autem
2136 2294 2309 2350 Moses
2338 2294 2468 2349 nihil
2506 2295 2591 2351 his
2616 2297 2846 2367 amplius
2868 2301 3024 2354 docet
3052 2317 3066 2353 :
3100 2316 3221 2355 nam
3265 2312 3323 2356 ut
3359 2303 3511 2371 dixit,

1929 2384 1996 2440 1η
2019 2385 2270 2456 principio
2291 2386 2408 2457 fecit
2442 2385 2579 2441 Deus
2605 2388 2788 2443 cretum
2816 2399 2864 2444 et
2901 2397 3084 2447 terram
3114 2407 3134 2447 :
3157 2401 3213 2449 et
3231 2392 3355 2449 dein
3384 2410 3514 2451 cau-

1928 2491 2044 2532 sam
2067 2475 2250 2531 docuit
2274 2492 2439 2547 quare
2470 2485 2608 2533 terra
2636 2489 2780 2535 esset
2809 2479 3112 2549 invisibilis,
3155 2499 3346 2555 nempe
3374 2487 3519 2556 quod

1930 2569 2143 2624 obtecta
2163 2583 2195 2623 a
2218 2571 2453 2626 tenebris
2482 2580 2536 2627 et
2561 2573 2714 2643 aquis
2747 2571 2961 2647 abyssi;
2992 2584 3114 2646 post
3141 2574 3515 2635 formationem

1931 2659 2084 2728 lucis,
2114 2660 2301 2716 ordine
2326 2669 2382 2716 et
2408 2663 2789 2733 consequentia
2824 2663 3055 2736 quadam
3098 2676 3274 2735 utens,
3303 2668 3473 2739 inquit
3501 2687 3514 2724 :

1935 2749 2001 2805 Et
2043 2750 2174 2807 dixit
2204 2750 2365 2819 Deus,
2413 2750 2537 2807 Fiat
2578 2754 2974 2824 ﬁrmamentum.
3009 2757 3210 2815 Deinde
3240 2770 3518 2831 postquam

1930 2840 2111 2896 docuit
2135 2841 2419 2913 diligenter
2445 2859 2596 2899 usum
2635 2843 2788 2901 istius
2805 2844 3148 2917 ﬁrmamenti,
3173 2861 3228 2906 et
3256 2852 3415 2919 dixit,
3450 2852 3519 2909 Ut

1930 2934 2256 3006 distingueret
2294 2935 2423 2990 inter
2442 2952 2627 3004 aquam
2655 2947 2701 2991 et
2730 2955 2933 3010 aquam,
2966 2941 3103 2995 istud
3134 2943 3305 3014 ipsum
3337 2944 3514 3000 ﬁrma-

1932 3035 2170 3082 mentum
2197 3027 2337 3097 quod
2364 3043 2620 3099 aquarum
2642 3032 3031 3101 separationem
3056 3033 3301 3103 faciebat,
3329 3038 3520 3093 cazlum

1931 3119 2162 3174 vocavit.
2194 3119 2324 3188 Quis
2356 3119 2517 3190 igitur
2553 3128 2672 3190 post
2700 3130 2897 3177 tantam
2935 3122 3237 3179 doctrinam
3261 3124 3394 3181 feret
3427 3142 3522 3184 eos

1933 3213 2023 3284 qui
2049 3227 2115 3268 ex
2159 3227 2256 3268 sua
2284 3223 2464 3269 mente
2493 3213 2657 3284 loqui,
2692 3225 2746 3269 et
2783 3223 2970 3270 contra
3012 3214 3246 3271 divinam
3277 3217 3524 3289 Scriptu-

1934 3319 2048 3359 ram
2075 3304 2271 3360 multos
2296 3304 2460 3361 caelos
2480 3305 2660 3361 dicere
2689 3306 2925 3362 audent?
2965 3308 3034 3376 At
3060 3309 3306 3378 inquiunt
3338 3327 3352 3363 :
3385 3311 3523 3367 Ecce

1935 3394 2123 3451 beatus
2171 3396 2336 3451 David
2381 3396 2593 3452 laudem
2636 3397 2746 3453 Deo
2783 3396 3035 3466 oﬁ‘erens,
3072 3399 3206 3454 dixit
3239 3419 3253 3456 :
3295 3400 3525 3457 Laudate

1936 3502 2071 3555 eum,
2100 3488 2212 3545 mli
2238 3488 2478 3546 cwlorum
2503 3487 2820 3562 (Psal.148.
2848 3491 2923 3563 4).
2949 3490 3026 3546 Ne
3047 3491 3524 3559 turberis,dilccte,

1905 3574 1910 3579 ’
1936 3595 2110 3652 neque
2140 3589 2294 3651 putes
2326 3595 2531 3637 sacram
2561 3580 2889 3652 Scripturam
2921 3581 3126 3654 sibiipsi
3169 3584 3362 3639 alicubi
3389 3599 3521 3640 con-

1938 3673 2154 3729 trariam
2190 3691 2203 3727 :
2233 3672 2331 3729 sed
2356 3673 2501 3729 disce
2527 3674 2702 3742 pctius
2727 3672 2988 3727 dictorum
3014 3675 3289 3729 veritatem
3307 3717 3323 3742 ,
3365 3687 3420 3730 et
3446 3686 3526 3731 te-

1939 3780 2072 3823 nens
2113 3764 2398 3835 diligenter
2445 3763 2588 3817 illius
2627 3763 2949 3832 doctrinam,
3001 3763 3193 3819 obtura
3230 3778 3390 3822 aures
3446 3767 3522 3823 illi

1940 3859 2209 3915 contraria
2231 3855 2553 3913 dicentibus.

2008 3953 2064 4007 4.
2107 3946 2415 4004 Ptolemaeus
2441 3954 2679 4002 conuocat
2699 3943 2852 4001 LXX
2871 3943 3200 4018 Interpretes.
3223 3975 3294 3988 —
3310 3945 3377 4002 Et
3396 3947 3527 4018 quid

1943 4041 2045 4098 hoc
2069 4042 2159 4109 sit,
2190 4039 2331 4112 quod
2360 4039 2540 4094 dicere
2583 4036 2727 4105 volo,
2757 4036 2938 4092 audite
2980 4052 3167 4107 magna
3209 4037 3527 4104 attentione,

1942 4144 2001 4192 ut
2026 4150 2095 4192 ne
2120 4134 2274 4190 facile
2293 4130 2611 4188 moveamini
2634 4145 2664 4184 a
2694 4129 2992 4185 volentibus
3013 4129 3267 4199 quidquid
3300 4129 3351 4185 in
3378 4144 3530 4185 mcu-

1945 4239 2051 4286 tem
2079 4227 2285 4284 venerit
2312 4224 2513 4280 dicere.
2538 4222 2740 4280 Omnes
2763 4221 2930 4277 divini
2959 4220 3079 4276 libri
3110 4219 3320 4277 Veteris
3347 4220 3536 4276 Testa-

1945 4318 2112 4378 menti
2142 4317 2487 4375 llebrmorum
2514 4314 2691 4384 lingua
2734 4312 2803 4368 ab
2850 4311 3001 4367 initio
3046 4311 3196 4367 fuere
3225 4312 3537 4383 compositi,

1945 4422 2000 4467 et
2027 4411 2081 4467 in
2113 4412 2216 4465 hoc
2241 4407 2517 4463 nobiscum
2560 4403 2931 4460 consenserint
2967 4416 3178 4457 omnes.
3208 4400 3324 4456 Non
3354 4401 3540 4457 multis

1947 4511 2124 4557 autem
2150 4498 2307 4555 annis
2334 4505 2461 4552 ante
2492 4494 2780 4550 adventum
2809 4491 3007 4549 Christi
3036 4507 3135 4547 rex
3160 4491 3375 4562 quidam
3405 4490 3537 4547 Dte-

1948 4595 2165 4650 lemmus
2194 4591 2295 4666 (a),
2326 4591 2380 4645 in
2403 4586 2718 4658 colligendis
2754 4585 2903 4641 libris
2927 4584 3214 4640 admodum
3239 4583 3535 4651 studiosus,

1949 4685 2133 4742 multis
2155 4684 2276 4738 aliis
2302 4680 2636 4749 diversisque
2668 4677 2890 4742 coactis,
2918 4690 3097 4748 operae
3118 4678 3347 4748 pretium
3375 4686 3535 4747 puta--

1949 4778 2027 4833 vit
2054 4778 2153 4832 hos
2176 4775 2338 4832 etiam
2379 4772 2548 4829 libros
2585 4766 2856 4840 colligere.
2891 4769 2973 4825 Ea
2993 4767 3062 4824 de
3089 4783 3249 4823 causa
3274 4766 3544 4838 quosdam

1950 4869 2256 4926 Judaeorum
2302 4862 2871 4937 Jerosolymitanorum
2925 4859 3146 4926 accivit,
3189 4859 3278 4929 qui
3330 4872 3426 4913 eos
3479 4857 3539 4911 in

1951 4959 2191 5015 Grmcam
2220 4957 2450 5028 linguam
2474 4959 2783 5010 verterent:
2812 4950 2954 5022 quod
2980 4950 3140 5005 etiam
3172 4946 3471 5017 perfectura
3488 4956 3545 5002 et

1953 5051 2253 5107 absolutum
2284 5047 2400 5104 fuit.
2434 5045 2652 5100 Factum
2676 5052 2854 5096 autem
2876 5048 2960 5094 est
2980 5039 3081 5093 hoc
3099 5038 3294 5093 divina:
3324 5037 3544 5108 dispen—

1956 5141 2179 5198 sationis
2209 5154 2364 5211 0pus,
2395 5143 2456 5192 ut
2480 5150 2585 5191 non
2625 5133 2798 5189 solum
2843 5129 3117 5185 llebraicae
3147 5128 3343 5201 lingua:
3363 5129 3547 5200 periti,

1960 5233 2053 5290 sed
2080 5241 2135 5289 et
2162 5244 2351 5286 omnes
2375 5226 2462 5300 qui
2495 5234 2664 5281 totum
2689 5222 2875 5277 orbem
2902 5218 3221 5285 inhabitant,
3244 5234 3312 5275 ex
3337 5220 3416 5275 eis
3442 5222 3551 5275 uti-

2020 5432 2093 5494 ta)
2126 5423 2517 5494 “clamasse
2538 5417 2737 5494 φιοὲξίιὲ
2750 5414 3553 5494 .‘mullHEPE'tususmrs3W?-

1959 5477 2338 5558 ἀεὶῦίιιίέίῖιίεεβ
2360 5477 2536 5558 diem
2557 5477 2608 5557 tu
2640 5477 3259 5558 assesasses:
3281 5477 3424 5558 llus"
3459 5492 3555 5527 εωσ

1964 5539 2167 5621 {alii};
2189 5539 2346 5621 omnia
2367 5548 2430 5619 ad
2452 5539 3059 5621 νοτεῇοηριημριωιρέςειρ
3067 5545 3401 5621 Διζιιεινρνειμηε
3439 5553 3553 5611 μην.

1962 5601 2166 5676 ἶῆίὲἓίῖἇ
2182 5601 2548 5676 exploravimus
2565 5609 2612 5676 in
2636 5601 3037 5656 Prmllutinaribus
3067 5601 3127 5651 ad
3151 5601 3549 5663 tlesaplanrigm

1969 5670 2046 5729 nis
2067 5687 2170 5734 cap.
2193 5670 2359 5732 {ubi
2375 5670 2486 5722 vide
2505 5670 2595 5722 sis;
