4018 6136
503 243 572 296 43
1342 238 1400 294 S.
1429 235 1704 293 JOANNIS
1745 232 2215 290 CllRYSOSTOMI
2256 230 2568 287 AﬂClllEP.
2612 228 3141 286 CONSTANTINOP.
3726 231 3797 285 44

506 354 707 408 litatem
741 352 1092 422 perciperent.
1134 349 1391 419 Quodque
1430 347 1740 403 admirabile
1766 362 1829 401 ac
1864 356 2073 414 stupen-

503 444 629 499 dum
672 451 770 507 est,
804 444 892 513 qui
938 442 1068 496 illud
1106 442 1236 511 egit,
1285 454 1388 495 non
1423 439 1728 493 Jndmorum
1775 437 2083 506 religionem

503 533 825 594 sectabatur,
857 531 950 585 sed
979 530 1240 585 idolorum
1277 529 1439 584 cultui
1464 528 1674 583 deditus
1703 536 1839 590 erat,
1871 536 1923 581 et
1956 525 2085 596 ipsis

502 624 765 677 contraria
794 622 1076 677 sentiebat.
1107 622 1221 678 Hoc
1240 623 1381 677 enim
1405 622 1565 676 modo
1599 637 1659 675 se
1685 620 1883 675 habent
1908 622 2085 675 omnia

503 729 620 782 qnzc
642 728 672 767 a
703 710 927 768 Domino
957 723 1143 768 nostro
1183 713 1582 783 dispensentur,
1618 721 1675 765 ut
1710 728 1802 781 per
1829 712 2085 766 advcha-

502 810 610 860 r%os
640 820 853 875 semper
880 814 1125 861 crescant
1157 805 1394 860 veritatis
1420 813 1707 874 prmccpta.
1749 804 1874 858 llaec
1906 813 2083 858 autem

500 913 605 951 nan
637 907 839 953 temere
869 907 1062 952 vestrae
1102 895 1309 952 caritati
1341 895 1691 960 narraverim,
1734 895 1827 950 sed
1864 902 1920 948 ut
1947 895 2086 949 scire

502 987 740 1056 possitis,
789 1000 897 1041 non
931 985 1031 1041 hac
1075 986 1276 1057 lingua,
1321 994 1528 1052 nostra,
1574 985 1808 1055 inquam,
1858 983 1952 1038 sed
1984 983 2085 1037 lle-

501 1076 705 1141 hraiCa,
727 1076 891 1132 fuisse
917 1075 1016 1131 hos
1036 1076 1198 1131 libros
1223 1076 1567 1145 compositos.
1592 1076 1782 1130 Dicunt
1807 1074 1969 1145 igitur
1997 1074 2085 1143 qui

503 1165 698 1236 iinguas
724 1166 842 1236 ejus
879 1167 1120 1237 apprime
1146 1166 1297 1236 gnari
1327 1174 1470 1232 sunt,
1510 1165 1626 1220 caeli
1667 1180 1862 1220 nomen
1895 1164 2084 1233 plurali

501 1272 730 1311 numero
773 1257 840 1312 ab
879 1257 1116 1313 Hebraeis
1144 1257 1346 1324 vocari,
1378 1255 1520 1324 quod
1559 1255 1881 1310 confitentur
1922 1255 2085 1309 etiam

501 1349 590 1417 qui
623 1348 880 1419 Syrorum
910 1348 1141 1418 linguam
1163 1347 1360 1402 sciunt.
1386 1346 1454 1400 Et
1484 1360 1642 1400 nemo
1668 1360 1731 1401 ea
1755 1345 1931 1414 lingua
1956 1344 2089 1399 dicit

500 1437 712 1505 ωριιιηι,
742 1438 832 1493 sed
857 1439 992 1494 caeli.
1022 1438 1197 1507 Atque
1223 1437 1422 1492 idcirco
1451 1437 1529 1491 sic
1548 1437 1746 1491 dictum
1777 1444 1862 1491 est
1884 1450 1912 1488 a
1934 1435 2090 1489 beato

507 1530 725 1598 Davidc,
769 1527 891 1585 Caeli
926 1530 1163 1583 cistarum
1187 1544 1206 1583 :
1233 1543 1338 1584 non
1386 1527 1528 1597 quod
1571 1527 1717 1581 multi
1771 1527 1881 1581 sint
1922 1526 2084 1582 caeli:

506 1637 610 1674 non
638 1622 780 1675 enim
816 1620 915 1674 hoc
947 1634 1044 1674 nos
1066 1620 1246 1673 docuit
1270 1618 1459 1674 beatus
1476 1616 1684 1678 Moses;
1714 1615 1808 1670 sed
1830 1615 1951 1685 quia
1975 1629 2091 1669 mos

502 1723 583 1766 est
626 1712 816 1781 linguae
848 1710 1118 1771 [lchraicxc
1147 1724 1305 1764 unam
1339 1723 1450 1762 rem
1481 1708 1756 1762 nominare
1783 1706 1969 1776 plurali
1999 1722 2091 1761 nu-

506 1816 653 1855 mero
679 1800 756 1871 (a)
786 1818 798 1852 :
833 1800 951 1868 quia
983 1799 1027 1853 si
1069 1798 1220 1852 multi
1247 1805 1444 1863 essent,
1481 1811 1586 1850 non
1616 1795 1887 1850 omisisset
1912 1794 2083 1864 Spiri-

507 1900 592 1946 tus
631 1900 848 1946 sanctus
875 1905 971 1960 per
1010 1889 1241 1960 linguam
1283 1887 1421 1942 beati
1472 1886 1694 1955 hujusce
1720 1885 1996 1956 prepheta:
2034 1894 2092 1941 et

502 1983 725 2036 aliorum
757 1980 1124 2035 formationem
1164 1994 1263 2034 nos
1291 1978 1503 2033 docere.
1552 1977 1676 2032 Haec
1697 1976 1976 2047 diligenter
2002 1992 2093 2032 rc-

507 2072 693 2139 tinete,
726 2071 969 2137 obsecro,
1009 2080 1063 2123 ut
1092 2069 1306 2138 possitis
1349 2067 1630 2122 obstruere
1659 2081 1751 2120 ora
1790 2081 1975 2121 eorum
2001 2065 2093 2136 qui

502 2162 773 2217 contraria
801 2160 1178 2217 ecclesiasticis
1217 2158 1476 2213 doctrinis
1516 2157 1766 2222 afferunt,
1799 2167 1854 2211 ct
1891 2157 1944 2210 in
1980 2165 2094 2211 tato

504 2252 728 2307 videatis
754 2252 1003 2305 virtutem
1047 2264 1231 2305 eorum
1259 2264 1378 2318 qua:
1426 2249 1479 2302 in
1511 2247 1785 2317 Scriptura
1813 2246 2096 2301 continen-

420 2388 429 2393 -
506 2353 611 2399 tur.
644 2341 776 2396 Nam
819 2341 1019 2396 ideirco
1061 2341 1375 2410 frequenter
1404 2339 1491 2392 hic
1538 2338 1854 2403 convenitis,
1903 2346 1958 2393 et
1995 2352 2096 2395 nos

508 2433 809 2488 uberiorem
833 2432 1135 2487 doctrinam
1162 2431 1640 2496 communicamus,
1664 2438 1721 2484 ut
1749 2431 1917 2500 parati
1978 2431 2095 2487 sitis

506 2523 653 2578 otnui
677 2524 917 2595 poscenti
948 2538 1044 2578 vos
1071 2522 1337 2577 rationem
1368 2520 1595 2577 reddere
1626 2521 1702 2593 (1.
1735 2520 1854 2575 Pet.
1886 2522 1940 2576 5.
1980 2522 2092 2591 15).

505 2616 613 2672 Sed
639 2615 704 2671 ad
728 2615 1113 2686 consequentia
1139 2613 1444 2680 redeamus,
1477 2612 1520 2666 si
1551 2612 1740 2681 placet.
1778 2611 1834 2667 8.
1863 2611 1927 2666 Et
1957 2628 2096 2667 voca-

506 2710 595 2770 vit,
637 2707 750 2773 ait,
798 2704 941 2760 Deus
988 2705 1364 2774 ﬁrmamentum
1410 2701 1612 2756 cretum.
1650 2700 1718 2754 Et
1765 2701 1890 2756 vidit
1926 2699 2092 2769 Deus,

503 2798 645 2866 quod
666 2807 791 2853 esset
818 2799 1024 2851 bonum.
1054 2793 1287 2850 Attende
1307 2803 1565 2865 quantum
1593 2792 1674 2846 his
1700 2792 1879 2848 verbis
1908 2793 2096 2848 humao

508 2908 591 2945 nm
616 2905 678 2944 se
696 2897 1014 2959 attemperet
1037 2885 1352 2942 infirmitati.
1374 2885 1509 2941 Nam
1538 2887 1677 2940 sicut
1699 2884 1766 2939 de
1792 2886 1911 2940 luce
1931 2885 2093 2940 dixit:

519 2979 656 3034 Vidit
683 2980 820 3051 quod
845 2988 973 3034 esset
998 2977 1130 3033 bona
1159 2994 1179 3034 :
1204 2979 1273 3032 ita
1313 2987 1368 3033 et
1397 2994 1539 3032 nunc
1566 2977 1635 3033 de
1658 2977 1790 3033 etrlo
1812 2977 1966 3045 dicit,
1993 2977 2096 3035 hoc

506 3081 609 3139 est,
638 3071 706 3128 de
729 3071 1062 3126 firmamento
1090 3087 1104 3124 :
1135 3070 1203 3124 Et
1229 3071 1374 3134 vidit,
1409 3069 1601 3139 inquit,
1632 3069 1788 3135 Deus,
1808 3071 1944 3139 quod
1971 3079 2117 3133 esset.

505 3165 732 3218 bonum:
751 3150 952 3217 dﬁcens
970 3177 1070 3217 nos
1101 3177 1194 3233 per
1221 3161 1363 3216 istud
1392 3162 1707 3215 immensam
1739 3160 2096 3231 pulchritudi-

508 3269 630 3307 nem
658 3253 802 3322 ejus.
826 3251 957 3318 Quis
984 3252 1129 3306 enim
1161 3266 1266 3305 non
1295 3251 1701 3320 obstupesceret
1734 3260 1894 3321 atque
1923 3252 2096 3307 admi-

508 3353 717 3399 raretur
736 3340 879 3414 quod
912 3342 1308 3396 firmamentum
1355 3349 1504 3395 tanto
1546 3349 1789 3412 tempore
1829 3343 2096 3413 vigentem

508 3441 688 3487 servet
714 3431 1187 3503 pulchritudinem,
1228 3439 1283 3486 et
1307 3430 1447 3501 quod
1474 3441 1730 3502 quantum
1758 3433 2099 3504 progreditur

511 3534 742 3595 tempus,
772 3533 976 3578 tantum
1004 3533 1262 3594 augeatur
1289 3532 1345 3579 et
1379 3522 1761 3594 pulchritudo?
1790 3525 1928 3592 Quid
1951 3525 2095 3580 enim

509 3617 805 3683 Speciosius
827 3631 912 3681 eo,
936 3615 1079 3686 quod
1105 3615 1312 3670 laudem
1338 3617 1406 3671 ab
1448 3616 1563 3686 ipso
1602 3615 1807 3686 Opifice
1853 3617 2100 3698 accepit?

509 3707 641 3762 Nam
671 3709 714 3763 si
745 3723 847 3765 nos
874 3707 1107 3763 hominis
1134 3722 1271 3777 opus
1296 3706 1542 3762 videntes
1562 3708 1891 3776 absolutum,
1921 3709 2098 3764 admi-

510 3816 690 3855 rantur
707 3801 947 3871 figurant,
970 3799 1154 3863 situm,
1179 3797 1651 3870 pulchritudinem,
1671 3799 2097 3870 proportionem,

509 3893 849 3962 elegantiam,
892 3892 1105 3961 aliaque
1134 3891 1314 3945 omnia
1342 3906 1356 3943 :
1380 3888 1528 3958 quod
1570 3888 1769 3943 factum
1811 3898 1897 3945 est
1930 3905 1960 3944 a
1988 3890 2100 3946 Deo

509 3985 629 4053 quis
655 3983 815 4054 digne
844 3981 1092 4047 laudarit,
1127 3979 1427 4051 praesertim
1463 3993 1585 4032 cum
1629 3979 1696 4033 ab
1729 3980 1845 4049 ipso
1872 3979 2099 4036 Domino

513 4075 722 4130 laudem
771 4072 1010 4142 accepit?
1046 4070 1173 4126 Haec
1198 4069 1339 4124 enim
1370 4068 1511 4123 dicta
1553 4067 1625 4121 ita
1655 4077 1801 4138 sunt,
1845 4079 1904 4124 ut
1930 4085 1990 4127 se
2015 4083 2099 4128 at-

513 4171 839 4235 temperaret
889 4169 1089 4217 nostra:
1134 4158 1439 4228 fragilitati,
1494 4156 1809 4229 videbisque
1859 4160 1964 4216 hoc
2007 4177 2102 4233 per

510 4255 749 4327 singulas
790 4261 1064 4309 creaturas
1087 4249 1215 4316 dici,
1258 4258 1315 4304 et
1358 4249 1428 4302 ita
1471 4247 1653 4304 multis
1691 4258 1848 4305 antea
1887 4254 2102 4310 saeculis

509 4347 779 4419 profligari
815 4359 1002 4401 ausum
1051 4356 1260 4408 eorum,
1305 4339 1393 4410 qui
1424 4340 1655 4410 linguam
1686 4354 1838 4396 suam
1894 4348 2099 4402 acuturi

509 4453 663 4499 erant
691 4449 877 4495 contra
906 4434 1174 4506 opificium
1203 4433 1320 4500 Dei,
1353 4442 1408 4488 et
1431 4432 1625 4489 dicturi
1651 4450 1665 4488 :
1698 4434 1875 4502 Quare
1917 4436 2019 4494 hoc
2046 4448 2101 4495 ct

510 4537 614 4590 hoc
637 4534 830 4588 factum
857 4529 976 4586 est?
1001 4527 1149 4581 Talia
1182 4525 1343 4596 igitur
1361 4525 1596 4581 dicturos
1621 4533 1747 4581 ante
1770 4530 2095 4599 comprimit,

507 4626 696 4682 dicens
719 4641 732 4677 ε
757 4621 825 4677 Et
848 4620 975 4675 vidit
1008 4617 1148 4672 Deus
1170 4616 1304 4687 quod
1328 4626 1454 4671 esset
1495 4618 1700 4672 bonum.
1732 4618 1955 4686 Quando
1998 4636 2098 4677 au-

512 4729 618 4772 tem
657 4713 834 4780 audis,
864 4710 1011 4767 Ἤάὶι
1037 4710 1178 4764 Deus
1215 4716 1270 4763 et
1310 4706 1564 4771 laudavit,
1606 4708 1842 4776 intellige
1869 4709 2095 4777 dictum,

513 4813 672 4878 prout
697 4804 916 4875 dignum
957 4807 1039 4855 est
1066 4798 1134 4854 de
1183 4797 1293 4852 Deo
1326 4796 1492 4865 loqui.
1526 4795 1657 4851 Nam
1700 4799 1790 4868 qui
1829 4800 2097 4868 produxit,

510 4899 673 4954 etiam
698 4895 1009 4966 priusquam
1040 4889 1315 4952 formaret,
1340 4885 1541 4940 sciebat
1565 4884 1855 4943 formanda:
1883 4889 1956 4945 rei
1986 4892 2099 4959 pul-

509 4987 912 5049 chritudinem;
962 4980 1056 5037 sed
1104 4979 1227 5050 quia
1278 4992 1377 5032 nos
1420 4976 1664 5032 homines
1697 4977 1868 5048 (tanta
1915 4994 2099 5038 sumus

511 5076 880 5133 imbeciliitate
911 5069 1252 5140 circumdati)
1299 5067 1457 5124 aliter
1493 5066 1596 5124 hoc
1643 5068 1943 5141 intelligere
1988 5089 2094 5129 non

511 5169 805 5241 potuimus,
848 5166 971 5221 ideo
1015 5165 1097 5220 sic
1127 5161 1325 5219 direxit
1364 5158 1503 5216 beati
1533 5163 1810 5230 propheta:
1839 5162 2094 5234 linguam,

512 5269 569 5315 ut
610 5259 679 5314 ad
707 5257 1055 5315 erudiendum
1084 5255 1376 5311 humanum
1421 5266 1589 5322 genus
1629 5260 1773 5308 tanta
1815 5255 2098 5313 verborum

513 5361 753 5407 uteretur
779 5348 1151 5405 crassitudine.

574 5468 650 5526 (a)
681 5464 913 5514 caelorum
958 5476 1137 5513 nomen
1182 5460 1417 5526 hehraice
1451 5460 1638 5512 Dm.
1685 5462 1880 5509 Unicum
1926 5459 2098 5526 cretum

509 5521 716 5589 admittit
735 5527 1111 5589 Chrysostomus,
1138 5533 1190 5575 et
1207 5525 1473 5589 respondet
1492 5532 1790 5589 argumento
1813 5534 1876 5570 ex
1903 5521 2098 5589 Psalmis

509 5588 734 5652 deducw,
758 5582 855 5652 quo
880 5588 1046 5651 plures
1084 5582 1384 5647 comprobari
1427 5582 1652 5652 videntur
1690 5584 1814 5647 caeli;
1840 5582 1931 5631 sed
1967 5589 2099 5632 tacet

506 5648 708 5704 l‘aulum
728 5648 909 5714 raptum
933 5663 1089 5714 usque
1114 5651 1172 5699 ad
1194 5657 1393 5699 tertium
1425 5648 1616 5699 caelum.

2261 345 2315 400 5.
2358 343 2582 409 Quando
2628 344 2784 413 igitur
2813 343 3063 398 sublevas
3084 340 3305 407 oculos,
3338 351 3395 397 et
3422 353 3637 411 spectas
3664 344 3792 399 ca-li

2189 433 2663 505 pulchritudinem,
2695 435 3135 504 magnitudinem,
3167 433 3471 496 utilitatem.
3502 441 3630 490 tunc
3657 432 3793 489 inde

2188 529 2255 581 ad
2299 525 2559 597 Opiticcm
2603 526 3060 593 ascende,.sicut
3105 535 3161 582 et
3194 527 3408 595 sapiens
3434 527 3652 597 quidam
3703 528 3793 584 di—

2186 616 2343 670 cebat
2393 632 2407 669 :
2455 615 2538 670 Ea:
2598 616 2944 686 magnitudine
2999 625 3045 670 et
3103 616 3481 687 pulchritudine
3529 628 3792 673 creatura-

2187 722 2302 760 rum
2348 706 2566 760 universi
2607 705 2851 761 Conditor
2887 723 2975 777 per
3013 708 3391 776 proportionem
3429 709 3798 764 consideratur

2194 796 2349 866 (Sap.
2384 799 2469 852 15.
2499 798 2576 868 5).
2609 797 2677 851 Ει
2715 797 2837 853 vide
2864 799 3023 853 etiam
3052 814 3115 853 ex
3156 799 3347 854 horum
3389 801 3791 857 elementorum

2190 888 2529 953 formatione,
2574 901 2770 959 quanta
2811 890 2882 943 sit
2924 890 3135 945 Domini
3178 891 3251 945 tui
3282 893 3470 948 virtus.
3512 892 3647 947 Nam
3698 895 3791 949 cui

2191 992 2352 1046 Sagax
2376 987 2431 1033 et
2460 979 2657 1048 probus
2702 993 2786 1035 εει
2812 981 3044 1050 animus,
3089 981 3137 1036 si
3162 982 3393 1038 voluerit
3417 983 3625 1055 singula
3655 984 3793 1038 visi-

2193 1068 2316 1123 bilia
2344 1070 2568 1124 scrutari
2594 1086 2608 1135 ;
2637 1078 2695 1125 et
2731 1070 2857 1141 quid
2897 1071 3041 1138 dico,
3071 1072 3276 1143 singula
3305 1088 3424 1144 quae
3450 1073 3587 1129 facta
3618 1075 3793 1129 sunt!

2193 1175 2343 1215 suam
2377 1162 2544 1217 solam
2572 1160 2945 1218 formationem
2991 1165 3035 1219 si
3066 1172 3318 1222 accurate
3347 1166 3573 1222 voluerit
3599 1168 3793 1223 consi-

2195 1251 2405 1318 dcrare,
2438 1252 2635 1307 \‘idcbit
2659 1268 2721 1308 ex
2751 1255 2927 1323 parvis
2968 1254 3074 1309 illis
3105 1255 3420 1311 immensam
3451 1262 3506 1312 et
3534 1257 3793 1313 inetl'ahi-

2193 1340 2297 1396 lem
2333 1341 2425 1396 Dei
2473 1344 2783 1413 potentiam.
2810 1344 2965 1411 Quod
3007 1346 3053 1400 si
3083 1346 3310 1402 visibilia
3353 1347 3465 1402 sola
3510 1348 3799 1404 sufﬁciunt

2193 1433 2348 1487 nobis
2382 1433 2449 1487 ad
2490 1434 2785 1490 docendam
2823 1438 3076 1506 potentiae
3115 1436 3419 1494 Conditoris
3462 1439 3798 1510 magnitudi-

2196 1537 2342 1588 nem,
2383 1524 2427 1577 si
2465 1534 2518 1579 et
2545 1524 2611 1578 ad
2640 1524 2930 1581 invisibiles
2961 1527 3169 1582 veneris
3196 1528 3442 1596 virtutes,
3470 1537 3525 1584 et
3551 1540 3795 1585 mentem

2195 1615 2498 1672 ostenderis
2529 1616 2595 1671 ad
2639 1617 2947 1687 angelorum
2990 1619 3276 1688 exercitus,
3319 1619 3794 1690 arehangelorum,

2198 1721 2549 1775 supernarum
2603 1708 2877 1775 virtutum,
2941 1709 3280 1779 thronorum,
3337 1711 3791 1777 dominationum,

2197 1797 2607 1866 principatuum,
2629 1806 2967 1866 potestatum,
2995 1798 3305 1866 Cberubim,
3338 1801 3618 1871 Seraphim
3641 1819 3798 1873 :quzc

2198 1905 2372 1954 mens,
2396 1890 2484 1959 qui
2505 1904 2683 1945 sermo
2705 1891 2896 1960 poterit
2916 1906 3169 1948 enarrare
3196 1894 3641 1963 magnificentiam
3671 1896 3794 1965 ejus
3852 1951 3859 1954 .

2197 1977 2557 2034 ineffabilem?
2602 1979 2734 2035 Nam
2780 1981 2825 2036 si
2880 1981 3066 2038 beatus
3121 1984 3379 2053 pr0plteta
3427 1984 3612 2051 David,
3664 2001 3793 2042 cum

2197 2069 2601 2141 dispositionem
2645 2072 2932 2127 visibilium
2971 2074 3385 2140 considerasset,
3431 2075 3795 2144 exclamabat,

2200 2160 2423 2216 dicens:
2458 2161 2625 2228 Quam
2666 2163 2994 2233 magniﬁcam
3032 2175 3149 2217 sunt
3198 2180 3350 2235 opera
3392 2175 3501 2233 tua,
3534 2165 3800 2221 Domine!

2199 2252 2370 2305 omnia
2394 2252 2448 2306 in
2473 2255 2722 2323 sapientia
2750 2255 2915 2323 fecisti
2936 2253 3105 2325 (Psal.
3132 2255 3253 2310 105.
3279 2255 3374 2327 24)
3403 2274 3420 2313 :
3452 2257 3519 2322 si,
3548 2257 3795 2328 inquam,

2202 2342 2282 2397 vir
2309 2349 2456 2397 tanto
2484 2343 2680 2413 Spiritu
2712 2346 2982 2415 prmditus,
3011 2353 3065 2402 et
3105 2346 3294 2417 dignus
3324 2346 3557 2415 habitus,
3598 2350 3686 2404 cui
3714 2350 3802 2405 in—

2199 2444 2346 2489 certa
2370 2444 2425 2490 et
2448 2437 2653 2491 occulta
2679 2437 2956 2507 sapientiae
2975 2438 3168 2493 divina:
3189 2438 3681 2508 manifestarcntur,
3712 2443 3798 2498 sic

2199 2525 2532 2581 exclamabat
2563 2543 2579 2582 ε
2610 2527 2737 2597 quid
2778 2528 3080 2584 diceremus
3118 2544 3216 2585 nos
3257 2530 3348 2600 qui
3377 2539 3519 2585 terra
3568 2542 3624 2586 et
3658 2534 3800 2588 cinis

2200 2632 2407 2685 sumus,
2453 2629 2509 2675 et
2532 2618 2790 2676 debemus
2818 2622 3075 2677 continuo
3103 2623 3308 2679 vultum
3354 2625 3699 2692 submittere,
3743 2634 3803 2683 et

2201 2710 2583 2782 obstupescere
2618 2706 2989 2769 universorum
3038 2714 3247 2770 Domini
3286 2715 3612 2773 ineffabilem
3641 2717 3801 2774 benio

2200 2802 2500 2872 gnitatem?
2569 2803 2637 2857 Et
2672 2803 2800 2873 quid
2843 2805 2962 2860 dico
3028 2804 3380 2875 prophetam?
3428 2807 3626 2864 Beatus
3682 2807 3805 2877 ipse

2202 2892 2418 2960 Paulus,
2439 2894 2615 2949 anima
2641 2894 2730 2950 illa
2773 2894 2842 2950 ad
2875 2896 3037 2952 caelos
3066 2912 3234 2967 usque
3258 2897 3528 2966 sublimis,
3569 2912 3803 2971 corpore

2200 2989 2581 3058 circumdatus,
2614 2999 2818 3048 etcum
2869 2992 3198 3063 incorporeis
3222 2993 3511 3050 virtutibus
3556 3003 3800 3061 certans,

2202 3081 2257 3135 in
2284 3089 2426 3137 terra
2456 3082 2756 3150 ambulans,
2786 3095 2842 3140 et
2871 3086 3034 3140 animi
3061 3086 3239 3141 studio
3266 3086 3454 3141 cadum
3484 3101 3802 3156 peragrans,

2200 3187 2321 3228 cum
2364 3175 2416 3229 in
2466 3190 2623 3229 unam
2654 3184 2856 3245 partem
2887 3177 3344 3247 diSpeusationum
3394 3179 3488 3233 Dei
3535 3179 3805 3235 incideret

2207 3262 2297 3334 (de
2341 3262 2541 3320 Judaeis
2579 3274 2635 3320 et
2681 3266 2970 3336 gentilibus
3008 3268 3223 3339 loquor,
3270 3269 3412 3340 quod
3457 3269 3534 3324 illi
3581 3270 3804 3340 quidem

2201 3355 2382 3425 ejecti,
2411 3356 2464 3409 hi
2485 3365 2662 3411 autem
2692 3358 2743 3413 in
2766 3358 2940 3414 locum
2968 3360 3182 3415 illorum
3210 3361 3497 3416 introducti
3520 3361 3803 3433 fuissent),

2202 3455 2256 3500 et
2284 3460 2468 3501 secum
2509 3446 2793 3513 dubitaret,
2838 3458 2895 3506 et
2938 3451 3267 3507 interuorum
3309 3453 3592 3507 oculorum
3627 3455 3804 3507 verti-

2201 3537 2326 3605 gine
2355 3536 2640 3607 laboraret,
2689 3542 3026 3608 exclamavit,
3068 3543 3294 3599 dicens:
3331 3542 3376 3599 0
3416 3545 3641 3600 altitudo
3670 3546 3805 3599 divi-

2204 3626 2391 3681 tiarum
2415 3636 2461 3682 et
2484 3631 2767 3699 sapientiae,
2795 3641 2842 3685 et
2870 3632 3093 3687 scientias
3122 3632 3239 3701 Dei,
3266 3651 3419 3704 quam
3449 3634 3807 3689 inscr-utubilia

2203 3729 2322 3774 sunt
2350 3721 2545 3788 iudicia
2570 3723 2698 3793 ejus,
2731 3733 2779 3777 et
2820 3723 3188 3796 investigabites
3224 3726 3321 3780 vite
3347 3727 3458 3797 ejus
3489 3726 3676 3796 (Rom.
3712 3728 3800 3781 ll.

2203 3810 2332 3881 53)!
2366 3809 2471 3867 Sed
2522 3810 2607 3867 hic
2648 3813 2878 3869 libenter
2907 3815 3139 3885 rogarim
3190 3830 3306 3883 eos,
3339 3817 3430 3887 qui
3462 3816 3532 3872 de
3570 3832 3805 3887 genera-

2205 3903 2351 3957 tione
2383 3901 2503 3957 Filii
2532 3903 2626 3959 Dei
2654 3905 2917 3960 curiosius
2945 3905 3251 3976 quuirunt,
3279 3915 3335 3962 et
3360 3907 3535 3962 sancti
3566 3907 3803 3977 Spiritus

2205 3993 2515 4063 dignitatem
2567 3993 2779 4049 auferre
2818 4002 3025 4050 tentant
3067 4014 3082 4051 :
3125 3995 3281 4052 Unde
3319 3996 3493 4062 vobis,
3549 3998 3804 4063 obsecro.

2206 4091 2373 4139 tantae
2400 4084 2640 4141 audacias
2669 4085 2978 4142 temeritas?
2997 4102 3028 4141 a
3054 4100 3158 4156 qua
3184 4087 3486 4143 temeritate
3517 4087 3570 4142 in
3599 4097 3806 4144 tantam

2205 4175 2387 4231 ruistis
2426 4176 2727 4231 insaniam?
2767 4177 2899 4232 Nam
2929 4177 2974 4231 si
3004 4177 3202 4233 Paulus
3246 4177 3337 4232 ille
3388 4187 3570 4234 tantus
3598 4187 3658 4235 et
3682 4180 3809 4236 talis

2200 4264 2399 4332 judicia
2421 4265 2555 4334 ejus,
2587 4265 2691 4322 hoc
2713 4277 2815 4333 est,
2838 4266 3265 4337 dispensationes
3283 4276 3340 4324 et
3356 4268 3803 4340 gubernationes,

2190 4355 2570 4433 .inscrutabilia
2597 4370 2718 4412 esse
2740 4356 2871 4412 dicit
2898 4373 2912 4410 :
2942 4366 2998 4411 et
3021 4372 3129 4412 non
3167 4357 3299 4413 dicit
3328 4358 3803 4429 incomprehensi-

2204 4444 2353 4513 bilia,
2390 4446 2487 4502 sed
2515 4447 2897 4515 inscrutabilia,
2942 4448 3012 4502 ita
3040 4457 3099 4503 ut
3135 4449 3365 4504 serutari
3393 4464 3456 4503 ea
3486 4464 3652 4504 nemo
3682 4465 3808 4519 pos-

2205 4537 2310 4603 sit;
2350 4545 2407 4593 et
2448 4537 2844 4609 investigabiles
2891 4539 3022 4594 dicit
3064 4539 3180 4594 vias
3223 4540 3372 4610 ejus;
3419 4540 3619 4595 iterum
3661 4542 3804 4597 idem

2205 4630 2408 4696 dicens,
2438 4630 2549 4686 vias
2588 4632 2836 4687 mandata
2863 4647 3064 4688 vocans
3092 4641 3148 4688 et
3186 4642 3453 4704 prmcepta
3481 4652 3497 4689 :
3527 4636 3805 4705 quomodo

2205 4739 2300 4780 vos
2329 4725 2676 4780 substantiam
2706 4726 2872 4795 ipsam
2898 4726 3168 4797 Unigeniti
3191 4726 3458 4782 curiosius
3492 4728 3803 4797 explorare,

2205 4826 2261 4872 et
2292 4815 2524 4887 Spiritus
2550 4817 2722 4874 sancti
2748 4818 3083 4888 dignitatem,
3130 4827 3393 4889 quantum
3435 4821 3489 4874 in
3518 4820 3673 4875 vobis
3697 4831 3805 4887 est,

2207 4909 2523 4965 imminuere
2546 4909 2750 4965 audetis
2775 4908 2887 4982 (a)?
2915 4910 3114 4975 Videte,
3148 4911 3508 4976 dilectissimi,
3538 4923 3805 4982 quantum

2206 5002 2403 5056 malum
2441 5002 2512 5054 sit
2539 5016 2645 5056 non
2673 5001 2956 5071 diligenter
2983 5001 3264 5056 attendere
3295 5003 3364 5058 ad
3390 5017 3454 5058 ea
3484 5019 3606 5074 qua:
3634 5004 3687 5058 in
3716 5004 3805 5059 di-

2205 5092 2343 5146 vinis
2365 5092 2653 5162 Seripturis
2682 5100 3095 5147 suntcontenta.
3128 5093 3191 5147 lli
3219 5093 3363 5148 enim
3390 5095 3435 5150 si
3466 5109 3591 5149 cum
3622 5097 3804 5166 sagaci

2204 5194 2259 5242 et
2288 5185 2451 5256 proba
2479 5193 2659 5240 mente
2686 5183 2984 5239 doctrinam
3013 5185 3207 5240 divinae
3232 5182 3528 5255 Scriptura:
3553 5187 3806 5256 accepis-

2203 5287 2341 5344 sent,
2378 5285 2435 5331 et
2474 5291 2579 5330 non
2606 5289 2702 5331 sua
2732 5290 2798 5331 ex
2825 5276 3042 5346 proprio
3067 5277 3352 5332 ratiocinio
3379 5277 3803 5348 excogitassent,

2264 5452 2337 5517 (a)
2356 5454 2600 5521 haeretici
2626 5454 2709 5517 qui
2736 5453 3052 5521 substantiam
3075 5454 3323 5521 Uuigemtt
3361 5454 3607 5521 curiosius
3627 5452 3805 5521 explo-

2202 5515 2390 5574 raliaut,
2416 5522 2467 5565 et
2488 5515 2687 5576 Spiritus
2708 5516 2858 5564 sancti
2887 5515 3179 5578 dignitatem
3218 5515 3524 5578 minuebant,
3570 5515 3797 5578 Anonun'

2205 5587 2343 5627 crant
2382 5583 2434 5625 et
2471 5575 2805 5625 Macedoniam.
2831 5575 3003 5625 Contra
3028 5577 3293 5627 Anommos
3336 5576 3516 5627 multas
3550 5575 3803 5626 muliones

2206 5638 2371 5687 habuit
2392 5637 2749 5699 Chrysosttnnus
2765 5638 3032 5689 Antiochiae
3054 5646 3105 5687 et
3127 5636 3555 5700 constantmopoli.
