4018 6136
226 185 309 242 o3
1437 190 1502 249 IN
1541 194 1695 254 CAP.
1735 197 1751 253 l
1788 198 2036 258 GENES.
2084 199 2318 261 IIOMIL.
2363 201 2452 262 IV.
3602 225 3672 279 ιι

222 302 364 366 τοὺς
404 301 508 374 τὴν
555 302 823 374 Ἐϐραίων
866 304 1110 372 γλῶτταν
1161 309 1504 380 ἠσκημένους
1526 324 1584 374 ει,
1625 313 1762 367 ἀλλά
1815 315 1906 368 καὶ

224 388 452 451 πάντας
496 390 622 451 τοὺς
654 390 750 460 τὴν
794 391 1120 463 οἰκουμένην
1166 394 1450 460 οἰκοῦντας
1496 399 1595 466 τὴν
1631 401 1689 466 ἐξ
1731 401 1907 454 αὐτῶν

221 470 506 539 ὠφέλειαν
545 475 960 545 καρπώσασθαι.
997 479 1106 532 Καὶ
1142 479 1204 532 τὸ
1239 480 1303 552 δὴ
1334 481 1765 552 θαυμαστδνααὶ
1805 504 1908 540 πα-

225 560 481 629 ράδοξον,
512 561 593 614 ὅτι
635 563 694 614 ού
733 561 843 615 τῶν
875 564 945 617 τά
984 565 1246 619 Ἰουδαῖκά
1295 570 1636 637 φρονούντων
1682 590 1767 637 τις
1811 574 1906 645 τὴν

225 644 472 716 σπουδὴν
525 645 728 719 ταύτην
779 652 1102 723 ἐποιήσατο,
1145 654 1262 708 ἀλλ’
1301 657 1440 728 ἀνὴρ
1487 663 1602 721 τοῖς
1672 644 1908 726 εἰδώλοις

225 731 643 803 προστετηκὼς,
675 735 766 788 καὶ
800 737 1128 802 ἀπεναντίας
1151 743 1216 811 τῇ
1251 741 1516 814 θρησκείᾳ
1545 744 1900 816 διακείμενος.

224 817 472 873 Τοιαῦτα
498 821 608 892 γάρ
662 823 806 875 ἐστιν
856 822 1075 878 ἅπαντα
1105 827 1172 880 τά
1215 827 1320 880 ὑπὸ
1366 829 1460 882 τοῦ
1511 832 1782 887 Δεσπότου
1812 835 1904 889 τοῦ

224 905 506 974 ἡμετέρου
553 908 1009 979 οἰκονομούμενα·
1047 911 1136 963 άεί
1177 911 1266 967 διά
1307 913 1416 968 τῶν
1461 917 1718 971 ἐναντίων
1753 918 1906 985 αὔξει

222 993 300 1043 τά
345 994 444 1063 τῆς
471 989 729 1062 ἀληθείας
772 998 1184 1068 προστάγματα.
1232 1000 1418 1055 Ταῦτα
1466 1003 1524 1056 δὲ
1567 1006 1666 1075 οὐχ
1718 1007 1905 1073 ἁπλῶς

224 1077 581 1150 διηγησάμην
604 1079 697 1134 ἐπὶ
734 1083 832 1152 τῆς
867 1083 1138 1154 ὑμετέρας
1167 1087 1404 1158 ἀγάπης,
1449 1090 1564 1142 ἀλλ’
1591 1091 1678 1145 ἵνα
1707 1093 1904 1148 εἰδέναι

224 1162 413 1233 ἔχητε,
437 1166 520 1217 ὅτι
544 1165 605 1219 οὐ
633 1167 806 1240 ταύτῃ
845 1171 912 1240 τῇ
945 1169 1180 1242 γλώττῃ,
1210 1175 1276 1243 τῇ
1312 1174 1556 1245 ἡμετέρᾳ
1583 1176 1744 1245 λέγω,
1771 1179 1905 1233 ἀλλά

223 1251 294 1319 τῇ
331 1251 574 1321 Ἐϐραΐδι
604 1248 743 1323 ἦσαν
774 1255 1198 1327 συντεθειμέναι.
1227 1258 1461 1326 Λέγουσι
1493 1262 1671 1315 τοίνυν
1711 1265 1760 1316 οἰ
1805 1264 1903 1336 τὴν

223 1339 477 1404 γλῶτταν
508 1342 723 1412 ἐκείνην
763 1342 1005 1413 ἀκριϐῶς
1035 1346 1334 1417 ἠσκημένοι
1357 1348 1406 1412 ι),
1440 1349 1503 1402 τὺ
1545 1349 1640 1402 τοῦ
1671 1351 1902 1422 ούρανοῦ

224 1423 402 1494 ὄνομα
434 1425 814 1496 πληθυντικῶς
839 1429 1122 1484 καλεῖσθαι
1153 1431 1303 1504 παρά
1325 1436 1437 1496 τοῖς
1475 1435 1770 1506 Ἑϐραίοις.
1805 1438 1901 1492 καί

222 1510 382 1561 τοῦτο
416 1513 508 1564 καὶ
539 1514 588 1565 οἰ
633 1513 730 1584 τὴν
769 1513 956 1584 Σύρων
993 1516 1240 1584 γλῶτταν
1271 1519 1623 1590 ἐπιστάμενοι
1673 1538 1902 1594 συνομο-

221 1595 464 1662 λογοῦσι.
504 1601 613 1652 Καὶ
651 1600 751 1652 οὐκ
795 1599 861 1654 ἄν
911 1617 995 1664 τις
1049 1602 1222 1670 είποι,
1257 1607 1324 1674 τῇ
1378 1605 1612 1679 γλώττῃ,
1651 1609 1802 1679 φησὶ,
1833 1613 1898 1681 τῇ

219 1684 354 1754 παρ’
407 1685 626 1752 αὐτοῖς,
666 1689 694 1740 ό
749 1687 1008 1758 οὐρανὸς,
1054 1689 1166 1743 ἀλλ’
1219 1694 1269 1744 οἰ
1315 1693 1549 1764 οὐρανοί.
1585 1695 1683 1748 Διά
1741 1695 1900 1749 τοῦτο

217 1770 404 1822 τοίνυν
457 1769 642 1837 Δοὕτως
699 1773 916 1844 εἴρηται
976 1777 1039 1827 τδ
1087 1776 1190 1829 ὑπὸ
1249 1777 1341 1831 τοῦ
1409 1781 1678 1850 μακαρίου
1737 1783 1900 1836 Δαυῒδ

219 1857 539 1926 εἰρημένον,
574 1861 642 1911 Οἱ
670 1861 914 1926 οὐρανοὶ
947 1860 1066 1916 τῶν
1091 1863 1384 1933 οὐρανῶν,
1420 1867 1519 1918 οὐκ
1551 1867 1736 1940 ἐπειδὴ
1771 1868 1898 1922 πολ-

219 1939 303 1993 lo!
333 1943 473 1994 εἰσιν
505 1945 555 1995 οἰ
605 1943 856 2014 οὐρανοί·
895 1947 1018 1999 οὐδὲ
1062 1947 1171 2020 γάρ
1213 1948 1374 2003 τοῦτο
1416 1952 1562 2021 ἡμᾶς
1609 1939 1844 2019 ἐδίδαξεν
1870 1958 1898 2009 ό

220 2027 496 2097 μακάριος
525 2031 796 2100 Μωῦσῆςο
831 2031 946 2084 ἀλλ’
975 2035 1163 2107 ἐπειδὴ
1194 2035 1421 2106 σύνηθες
1455 2041 1520 2108 τῇ
1551 2038 1764 2112 γλώττῃ
1791 2041 1897 2095 τῶν

228 2113 507 2182 Ἐϐραίων
545 2114 716 2179 οὕτως
762 2117 1053 2188 ὀνομάζειν
1087 2122 1179 2174 τοῦ
1213 2124 1312 2193 τὴν
1359 2124 1478 2187 ἐνὸς
1527 2129 1896 2198 προσηγορίαν

213 2199 635 2270 πληθυντικῶς·
680 2204 802 2256 ἐπεὶ
850 2206 900 2257 εἰ
934 2207 1118 2260 πολλοί
1158 2204 1318 2280 ἦσαν,
1360 2211 1462 2264 οὐκ
1500 2211 1566 2264 ἂν
1598 2213 1894 2284 παρέλειπε

209 2282 276 2333 τὸ
340 2283 566 2354 Πνεῦμα
595 2285 655 2338 τὺ
682 2285 837 2354 ἅγιον
874 2290 948 2359 μὴ
975 2289 1063 2342 διά
1092 2291 1190 2360 τῆς
1219 2291 1464 2362 γλώττης
1493 2293 1586 2346 τοῦ
1620 2282 1893 2368 μακαρίου

208 2368 407 2422 τούτου
453 2373 733 2442 προφήτου
767 2373 975 2438 διδάξαι
1005 2378 1153 2446 ἡμᾶς
1181 2379 1276 2431 καὶ
1306 2379 1415 2432 τῶν
1443 2380 1618 2434 ἄλλων
1663 2383 1760 2453 τὴν
1798 2384 1891 2454 δη-

211 2457 530 2528 μιουργίαν.
579 2458 763 2513 Ταῦτα
805 2461 1050 2532 ἀκριϐῶς
1098 2465 1393 2535 κατέχετε,
1439 2469 1763 2540 παρακαλῶ,
1805 2471 1892 2525 ἵνα

207 2543 445 2614 δύνησθε
496 2547 865 2616 ἐπιστομίζειν
907 2551 1031 2613 τοὺς
1077 2551 1295 2604 ἐναντία
1337 2557 1403 2624 τῇ
1459 2555 1760 2627 Ἐκκλησία
1803 2557 1889 2610 δό-

209 2645 398 2700 γματα
457 2632 806 2704 ἐπεισφέρειν
851 2646 873 2674 ο
928 2635 1317 2708 βουλομένους,
1371 2640 1465 2692 καὶ
1518 2641 1692 2710 εἰδῆτε
1753 2644 1890 2713 μετὰ

211 2717 518 2785 ἀσφαλείας
555 2719 666 2772 τῶν
697 2722 756 2774 ἐν
795 2724 917 2785 ταῖς
963 2723 1138 2788 θείαις
1181 2726 1425 2796 Γραφαίς
1473 2728 1745 2800 κειμένων
1792 2730 1890 2802 τὴν

210 2801 462 2873 δύναμιν.
489 2805 588 2858 Διά
625 2806 732 2878 γάρ
774 2807 932 2862 τοῦτο
965 2810 1058 2862 καὶ
1097 2812 1332 2882 συνεχῶς
1378 2814 1614 2869 ἐνταῦθα
1654 2801 1890 2887 παραγί-

206 2892 395 2957 νεσθε,
439 2895 534 2946 καὶ
572 2896 734 2965 ἡμεῖς
774 2899 1104 2970 πυκνότερον
1144 2900 1244 2970 τὴν
1283 2901 1420 2972 πρὸς
1448 2903 1593 2974 ὑμᾶς
1633 2904 1886 2959 διδασκα-

206 2977 331 3031 λίαν
384 2980 718 3050 ποιούμεθα,
762 2983 847 3036 ἵνα
903 2987 1412 3058 παρεσκευασμένοι
1456 2985 1556 3060 ἦτε
1595 2992 1762 3046 παντὶ
1811 2993 1886 3066 τῷ

207 3064 454 3117 αἰτοῦντι
500 3067 646 3137 ὑμᾶς
689 3067 891 3123 διδόναι
929 3069 1083 3139 λόγον
1114 3071 1165 3127 τι.
1210 3073 1349 3127 Ἀλλ’
1377 3076 1472 3128 ἐπὶ
1516 3077 1616 3147 τὴν
1659 3064 1886 3132 ἀκολουζ-

207 3150 334 3204 θίαν
362 3151 772 3224 ἐπανέλθωμεν,
792 3157 839 3208 εἰ
860 3155 1025 3210 δοκεῖ.
1049 3159 1156 3212 Καὶ
1179 3159 1519 3216 ἐκάλεσεν-ὸ
1541 3162 1704 3230 Θεὸς,
1730 3167 1882 3236 φησί,

208 3237 275 3290 τὸ
307 3238 615 3308 στερέωμα
654 3243 932 3308 οὐρανόν.
967 3244 1075 3298 Καὶ
1123 3242 1283 3299 εἶδεν
1309 3250 1342 3302 ὀ
1383 3249 1524 3314 Θεὸς
1548 3249 1638 3303 ὅτι
1671 3253 1880 3307 καλόν.

207 3324 415 3377 Σκόπει
464 3328 604 3398 πόση
652 3328 761 3380 τῶν
807 3330 1068 3400 ῥημάτων
1113 3333 1145 3402 ὴ
1198 3337 1602 3402 συγκατάϐασις
1651 3337 1740 3392 διά
1787 3339 1884 3409 τὴν

207 3414 496 3467 ἀσθένειαν
532 3415 630 3486 τὴν
659 3416 1021 3489 ἀνθρωπίνην.
1049 3420 1312 3492 Καθάπερ
1367 3424 1476 3494 γάρ
1508 3424 1600 3476 ἐπὶ⁹
1641 3425 1735 3477 τοῦ
1775 3443 1885 3494 φω-

206 3501 300 3563 τὸς
339 3497 515 3566 εἶπεν,
549 3498 728 3555 Εἷδεν
760 3503 849 3556 ὅτι
879 3506 1090 3570 καλὸν,
1118 3505 1259 3561 οὕτω
1291 3509 1385 3561 καὶ
1414 3508 1507 3562 νῦν
1543 3513 1634 3564 ἐπὶ
1667 3511 1758 3564 τοῦ
1795 3513 1882 3564 οὺ-

212 3587 401 3659 ρανοῦ,
452 3591 568 3658 ἦτοι
616 3589 709 3642 τοῦ
763 3592 1176 3662 στερεώματος,
1217 3596 1326 3648 Kal
1364 3591 1552 3662 εἶδεν,
1609 3598 1800 3668 φησὶν,
1849 3602 1882 3652 ό

208 3675 359 3740 Θεὸς
401 3675 491 3727 ὅτι
542 3679 768 3729 καλόν·
804 3677 1067 3732 διδάσκων
1101 3681 1244 3750 ἡμᾶς
1279 3679 1368 3733 διά
1412 3681 1602 3734 τούτου
1641 3683 1702 3735 τὸ
1747 3683 1880 3738 κάλο-

205 3760 297 3824 λος
323 3761 492 3814 αὑτοῦ
535 3763 594 3814 τὸ
623 3763 920 3833 ἀμήχανον.
952 3765 1048 3827 Τίς
1081 3767 1188 3834 γάρ
1221 3766 1318 3819 οὐκ
1344 3765 1409 3819 ἂν
1453 3767 1752 3839 ἐκπλαγείη
1788 3771 1881 3822 καί⁵

205 3848 566 3917 θαυμάσειεν,
615 3848 696 3901 ὅτι
733 3851 789 3902 ἐν
825 3851 1065 3920 τοσούτῳ
1105 3852 1281 3923 χρόνῳ
1321 3855 1554 3922 ἀκμαῖον
1595 3855 1880 3926 διετήρησε

204 3935 267 3986 τὸ
299 3934 517 3997 κάλλος,
559 3936 652 3988 καί
682 3937 792 4007 ὅσῳ
825 3937 1068 4006 πρόεισιν
1099 3941 1127 3991 ό
1163 3940 1372 4010 χρόνος,
1409 3941 1645 4012 τοσούτῳ
1676 3943 1770 3996 καὶ
1819 3943 1880 3996 τὸ

206 4020 405 4083 κάλλος
434 4021 794 4087 ἐπιτείνεταις
828 4024 890 4075 Τί
926 4027 1036 4094 γάρ
1073 4025 1400 4096 ὡραιότερον
1427 4027 1543 4098 [‘27]
1578 4028 1777 4096 γένοιτ’
1812 4029 1879 4083 ἂν

203 4108 300 4160 τοῦ
323 4110 477 4179 παρὰ
499 4109 592 4162 τοῦ
613 4109 946 4182 δημιουργοῦ
971 4113 1062 4165 τὸν
1090 4113 1308 4166 ἔπαινον
1327 4114 1616 4184 δεξαμένου
1637 4133 1651 4182 ;
1686 4117 1748 4169 Εἰ
1770 4117 1878 4189 γὰρ

204 4197 368 4265 ἡμεῖς
402 4196 693 4267 ἀνθρώπου
728 4197 886 4268 ἔργον
917 4199 1150 4271 ὁρῶντες
1201 4202 1632 4272 άπηρτισμένον,
1668 4205 1878 4274 θαυμά-

204 4284 375 4354 ζομεν
405 4283 465 4336 τὸ
507 4283 715 4353 σχῆμα,
747 4283 847 4354 τὴν
885 4285 1052 4349 θέσιν,
1093 4286 1151 4338 τὸ
1183 4286 1399 4351 κάλλος,
1433 4287 1532 4359 τὴν
1565 4289 1873 4359 ἀναλογίαν,

201 4373 296 4423 τὸν
327 4371 557 4442 ῥυθμὸν,
590 4370 660 4423 τὰ
686 4371 822 4424 ἀλλα
851 4371 1084 4437 ἅπαντα,
1113 4373 1174 4426 τὸ
1208 4374 1313 4427 ὑπὸ
1335 4375 1429 4427 τοῦ
1455 4376 1592 4456 ¹Θεοῦ
1616 4377 1878 4449 δημιουρ-

201 4459 375 4527 γηθὲν
421 4457 538 4521 πῶς
595 4458 660 4511 ἀν
692 4475 777 4521 τις
802 4459 922 4512 κατ’
949 4458 1108 4523 ἀξίαν
1135 4461 1462 4526 ἐπαινέσειε,
1505 4464 1600 4516 καὶ
1642 4464 1876 4533 μάλιστα

203 4546 336 4596 ὅταν
389 4546 484 4597 καὶ
533 4543 698 4596 αὑτοῦ
755 4544 847 4597 τοῦ
893 4546 1161 4599 Δεσπότου
1206 4546 1298 4599 τόν
1347 4547 1567 4603 ἔπαινον
1613 4549 1870 4620 δέξηται;

203 4631 378 4684 Τοῦτο
404 4631 512 4702 γάρ
537 4631 624 4684 διά
647 4631 748 4701 τὴν
777 4632 1052 4701 ἡμετέραν
1080 4635 1484 4701 συγκατάϐασιν
1512 4635 1749 4706 εἴρηται,
1781 4640 1874 4692 καί⁹

203 4718 326 4786 ὄψει
356 4718 520 4771 αὐτὸν
554 4719 640 4786 ἐφ’
681 4717 913 4771 ἐκάστου
945 4718 1053 4771 τῶν
1092 4721 1388 4789 γινομένων
1429 4722 1588 4776 τοῦτο
1627 4723 1870 4791 λέγοντα,

203 4805 297 4856 καὶ
337 4803 770 4876 προαναιροῦντα
813 4805 912 4875 τὴν
941 4805 1142 4874 τόλμαν
1187 4806 1298 4859 τῶν
1353 4808 1492 4876 μετά
1529 4809 1699 4862 ταῦτα
1747 4811 1872 4880 μελ-

199 4891 408 4944 λόντων
445 4889 544 4960 τὴν
565 4890 771 4942 οἰκείαν
797 4890 1048 4959 γλῶσσαν
1075 4892 1275 4962 ἀκονᾷν
1315 4893 1458 4946 κατά
1485 4895 1583 4963 τῆς
1615 4895 1708 4948 τοῦ
1735 4896 1868 4950 Θεοῦ

201 4978 586 5048 δημιουργίας,
621 4978 714 5031 καὶ
755 4977 1042 5045 λεγόντων,
1081 4977 1168 5032 διὰ
1205 4979 1258 5032 τί
1294 4980 1354 5033 τὸ
1385 4981 1477 5034 καὶ
1535 4982 1595 5034 τὸ
1647 4984 1868 5052 γέγονε;

201 5067 342 5128 Τοὺς
365 5064 539 5117 ταῦτα
568 5064 746 5126 τοίνυν
778 5065 1188 5137 ἐπιχειροῦντας
1217 5066 1392 5134 λέγειν
1427 5069 1868 5138 προαναστέλλων

201 5153 369 5223 φησί·
408 5153 517 5205 Καὶ
554 5147 714 5205 εἶδεν
759 5155 792 5205 ὸ
839 5151 984 5218 Θεὸς
1028 5153 1118 5205 ὅτι
1157 5156 1367 5207 καλόν.
1397 5155 1565 5208 Ὅταν
1608 5157 1663 5208 δὲ
1701 5155 1867 5208 ἀκού-

202 5254 303 5312 σῃς
326 5250 372 5304 ε,
392 5239 472 5291 ὅτι
512 5233 651 5291 εἶδεν
680 5240 708 5292 ό
733 5237 882 5302 Θεὸς,
905 5240 998 5292 καὶ
1026 5238 1274 5310 ἐπῄνεσε,
1315 5239 1631 5310 θεοπρεπῶς
1664 5242 1770 5296 νόει
1806 5243 1867 5296 τὸ

265 5381 288 5440 τ’
315 5379 389 5440 Ila
410 5383 523 5440 octo
546 5392 659 5427 mss.
688 5384 740 5427 et
759 5377 908 5428 SaVil.
935 5385 986 5427 el
1013 5378 1183 5428 Morel.
1210 5384 1328 5426 Vero
1348 5381 1681 5440 κεκτημένους.
1807 5376 1842 5407 ’δ

257 5437 288 5476 δ
310 5439 464 5494 Iidem
485 5439 962 5513 ἠσκημένοιλξιονοι.
984 5441 1280 5502 κεκτημένοι.
1303 5441 1430 5490 lufra
1449 5437 1546 5488 duo
1571 5455 1684 5490 mss.
1712 5440 1860 5491 Savil.

201 5503 250 5550 in
273 5515 427 5562 marg.
451 5517 538 5556 την
566 5502 712 5562 Σύραν
736 5503 966 5561 γλῶτταν.

263 5567 284 5626 ς
308 5564 513 5626 Aliquo}
533 5561 657 5626 [ηας.-
674 5562 976 5626 ἐπεισφέρειν.
991 5561 1145 5626 ειη*ἰί1
1156 5563 1411 5626 ⁸ἐπιφέρειν.
1429 5562 1599 5626 Μοτρί.
1615 5563 1859 5626 εἰσφέρειν.

257 5622 281 5659 ﬂ
307 5623 458 5670 Savil.
484 5624 606 5690 ῦμᾷς
639 5622 1013 5690 διδόναι-λόγονἶ
1052 5623 1102 5670 In
1129 5622 1496 5690 vorél:_'8L<$_6'\oat
1516 5624 1677 5690 degsg.

266 5689 291 5716 ε
317 5686 443 5732 'I‘res
484 5681 598 5729 msS.
643 5691 694 5728 el
717 5681 930 5747 ιζιήςιὶιιζ
942 5686 1050 5747 τοὺς
1072 5684 1222 5730 ταῦτα
1261 5684 1339 5730 νῦν
1378 5685 1626 5747 ἐπιχειρεῖν
1644 5684 1865 5745 λέγοντας

202 5745 609 5807 προαναστέλλων.
620 5780 630 5790 .
640 5784 647 5790 .
658 5782 668 5792 .
679 5782 690 5792 .
704 5745 816 5791 ὅταν
831 5745 908 5791 οὖν
929 5745 1151 5807 ἀκούσῃς.

626 5853 889 5911 Ριτιιοι..
929 5805 1050 5910 ἐκ.
1099 5837 1258 5910 Lm.

2011 319 2192 389 ῥηθὲν.
2223 323 2318 375 καί
2344 325 2419 396 ὡς
2453 323 2600 387 εἰκὸς
2629 325 2722 379 ἐπὶ
2753 325 2910 381 Θεοῦ.
2948 329 3004 382 '0
3032 331 3146 402 γάρ
3191 335 3549 404 παραγαγὼν,
3582 339 3675 393 καὶ

2009 406 2205 494 πρὶνὴ
2259 408 2673 483 δημιουργήσῃ,
2726 413 2995 482 ἠπίστατο
3031 417 3126 471 τοῦ
3176 419 3675 494 δημιουργουμένου

2004 492 2066 544 τὸ
2109 495 2333 558 κάλλος·
2381 497 2498 550 ἀλλ’
2544 501 2732 570 ἐπειδὴ
2775 502 3094 573 ἀνθρώπους
3148 507 3295 576 ἡμᾶς
3339 492 3534 575 ὄντας,
3580 513 3676 566 καὶ

2005 585 2241 654 τοσατύῃ
2284 585 2538 658 ἀσθενείᾳ
2587 590 3083 661 περιϐεϐλημένους
3136 594 3236 648 οὐκ
3285 597 3407 667 ἐνῆν
3469 594 3674 671 ἑτέρως

2003 668 2250 731 ἀκοῦσαι,
2299 671 2386 725 διὰ
2422 673 2578 727 τοῦτο
2612 678 2988 746 παρεσκεύασε
3019 680 3112 733 τοῦ
3149 683 3421 754 μακαρίου
3457 689 3673 756 προφήο

2002 771 2096 807 του
2138 757 2238 828 τὴν
2277 759 2540 825 γλῶτταν,
2581 765 2646 833 τῇ
2689 762 2956 834 παχύτητι
2989 765 3193 819 τούτων
3226 770 3532 839 χρήσασθαι
3562 772 3670 826 τῶν

2005 843 2266 912 ῥημάτων
2308 845 2443 917 πρὸς
2468 848 2816 902 διδασκαλίαν
2838 851 2936 921 τῆς
2965 851 3073 905 τῶν
3097 853 3402 925 ἀνθρώπων
3434 857 3671 926 φύσεως.

2076 935 2138 986 ε’.
2167 930 2340 986 Ὅταν
2369 934 2550 987 τοίνυν
2563 936 2850 1007 άνατείνης
2881 937 2943 990 τὸ
2959 937 3135 1009 ὄμμα,
3164 940 3258 992 καὶ
3282 941 3448 1013 θεάσῃ
3464 942 3557 996 τοῦ
3581 945 3675 998 οὒς

2006 1016 2168 1084 ρανοῦ
2201 1016 2262 1069 τὸ
2285 1019 2498 1084 κάλλος,
2523 1020 2586 1073 τὸ
2625 1021 2874 1091 μέγεθος,
2903 1023 3002 1095 τὴν
3032 1024 3240 1096 χρείαν,
3270 1027 3391 1080 τότε
3425 1030 3673 1084 ἐντεῦθεν

2004 1101 2100 1155 ἐπὶ
2133 1103 2225 1156 τὸν
2254 1105 2586 1178 δημιουργὸν
2623 1109 2922 1180 ἀνάδραμε,
2966 1111 3217 1183 καθάπερ
3257 1115 3418 1184 σοφός
3449 1134 3533 1180 τις
3558 1117 3673 1170 ἕλει

2003 1205 2099 1256 γεν
2121 1205 2136 1219 θ
2187 1191 2286 1244 Ἐκ
2335 1193 2446 1260 γὰρ
2495 1194 2786 1264 μεγέθους
2828 1198 2925 1250 καὶ
2977 1196 3285 1268 καλλονῆς
3333 1202 3673 1271 κτισμάτων

2001 1276 2323 1346 ἀναλόγως
2351 1281 2384 1333 ό
2417 1283 2839 1352 γενεσιουργὸς
2866 1285 3180 1351 θεωρεῖται.
3209 1287 3319 1340 Καὶ
3359 1289 3549 1343 σκόπει
3575 1287 3670 1345 τοῦ

2001 1351 2268 1417 Δεσπότου
2309 1383 2402 1419 σου
2437 1367 2536 1438 τὴν
2579 1351 2829 1441 δύναμιν,
2871 1372 2971 1441 ὅση
3009 1389 3094 1434 τις
3135 1375 3272 1437 ἐστὶ,
3323 1377 3416 1429 καί
3460 1377 3524 1430 ἐκ
3572 1380 3672 1449 τῆς

1998 1450 2108 1503 τῶν
2144 1454 2424 1522 στοιχείων
2453 1455 2659 1509 τούτων
2689 1458 3068 1530 δημιουργίας.
3106 1461 3164 1513 ’0
3208 1462 3314 1532 γὰρ
3354 1462 3670 1533 εὐγνώμονα

1998 1536 2174 1609 ψυχὴν
2202 1539 2360 1610 ἔχων,
2393 1543 2442 1594 εἰ
2485 1541 2772 1615 βουληθείη
2815 1547 2937 1599 καθ’
2965 1547 3196 1600 ἕκαστον
3232 1549 3342 1602 τῶν
3377 1551 3670 1622 ὁρωμένων

1998 1623 2403 1696 διερευνᾶσθαιο
2442 1629 2536 1681 καὶ
2567 1629 2621 1683 τί
2652 1630 2793 1699 λέγω
2823 1633 2946 1685 καθ’
3007 1634 3240 1688 ἕκαστον
3305 1637 3414 1690 τῶν
3459 1638 3671 1710 γινομέ-

1998 1728 2105 1765 νων
2127 1713 2171 1779 f;
2203 1714 2303 1786 τήν
2333 1716 2542 1770 οἰκείαν
2559 1717 2718 1788 μόνον
2741 1718 3026 1775 διάπλασιν
3043 1722 3136 1775 ἐὰν
3160 1724 3401 1794 ἀκριϐῶς
3432 1725 3666 1798 βουληθῇ

1995 1798 2408 1869 διασκέψασθαι,
2432 1803 2624 1872 ὄψεται
2653 1806 2748 1859 καὶ
2788 1806 2880 1860 διὰ
2925 1809 3032 1860 τῶν
3075 1811 3289 1881 μικρῶν
3322 1813 3526 1866 τούτων
3566 1816 3668 1885 τὴν

1995 1886 2202 1955 ἄφατον
2240 1888 2334 1941 καὶ
2365 1891 2756 1962 ἀνεκδιήγητον
2787 1892 2882 1946 τοῦ
2937 1893 3073 1948 Θεοῦ
3111 1895 3360 1967 δύναμιν.
3402 1900 3464 1952 Εἰ
3496 1900 3554 1953 δὲ
3598 1904 3667 1955 τά

1995 1973 2244 2044 ὁρώμενα
2271 1975 2431 2029 ἰκανά
2460 1977 2669 2042 διδάξαι
2704 1979 2766 2032 τὸ
2802 1979 3032 2050 μέγεθος
3060 1982 3162 2053 τῆς
3202 1983 3296 2037 τοῦ
3332 1984 3665 2058 δημιουργοῦ

1993 2060 2293 2130 δυνάμεως,
2339 2063 2435 2116 ἐάν
2466 2066 2561 2118 καὶ
2607 2067 2701 2120 ἐπὶ
2745 2066 2846 2129 τὰς
2893 2067 3158 2136 ἀοράτους
3195 2070 3457 2143 δυνάμεις
3482 2073 3664 2146 ἔλθῃς,

1995 2147 2090 2200 καὶ
2118 2147 2208 2202 τὸν
2240 2149 2500 2230 λογισμδν
2528 2151 2817 2226 ἀνατείνῃς
2851 2154 2945 2207 ἐπὶ
2975 2156 3074 2219 τάς
3101 2156 3208 2209 τῶν
3233 2158 3480 2227 ἀγγέλων
3509 2177 3668 2230 στρα-

1992 2233 2132 2297 τιάς,
2174 2234 2281 2287 τῶν
2312 2227 2688 2306 ἀρχαγγέλων,
2728 2239 2836 2292 τῶν
2873 2240 2986 2294 ἀνω
3025 2242 3333 2312 δυνάμεων,
3377 2244 3493 2298 τῶν
3541 2227 3666 2316 θρόο

1992 2337 2118 2384 νων,
2149 2321 2257 2377 τῶν
2295 2325 2651 2394 κυριοτήτων,
2683 2325 2792 2380 τῶν
2834 2327 3040 2399 ἀρχῶν,
3087 2329 3194 2382 τῶν
3238 2331 3516 2401 ἐξουσιῶν,
3555 2331 3664 2386 τῶν

1992 2407 2290 2478 Χερουϐὶμ,
2320 2410 2426 2462 τῶν
2463 2411 2731 2482 Σεραφὶμ,
2768 2413 2896 2467 ποία
2923 2415 3151 2479 διάνοια,
3193 2419 3344 2481 ποῖος
3376 2417 3533 2488 λόγος
3565 2420 3667 2491 ἀρ-

1991 2497 2079 2548 κεῖ
2126 2493 2359 2559 ἐξειπεῖν
2405 2496 2506 2569 τὴν
2556 2499 2947 2572 μεγαλωσύνην
2997 2503 3160 2556 αὑτοῦ
3189 2503 3290 2575 τὴν
3331 2505 3664 2579 ἀνεκδιήγηο

1989 2599 2083 2636 τον
2118 2600 2132 2648 ;
2192 2585 2256 2637 Εἰ
2291 2585 2400 2657 γὰρ
2438 2585 2600 2639 Δαυῖδ
2622 2589 2653 2640 ὁ
2689 2589 2958 2661 μακάριος
2995 2593 3276 2663 προφήτης
3305 2593 3414 2647 τῶν
3452 2596 3664 2666 δρωμέ-

1989 2687 2096 2724 νων
2123 2671 2221 2742 τὴν
2254 2672 2615 2744 διακόσμησιν
2656 2676 2990 2747 καταμαθὼν
3019 2679 3146 2731 ἐϐόα
3183 2679 3372 2749 λέγων,
3417 2681 3515 2747 Ὠς
3540 2683 3663 2752 ἐμρο

1988 2759 2256 2828 γαλύνθη
2291 2760 2363 2814 τὰ
2385 2763 2529 2831 ἔργα
2555 2777 2692 2826 σου,
2725 2766 2919 2832 Κύριε’
2945 2765 3140 2821 πάντα
3160 2769 3231 2822 ἐν
3254 2771 3441 2840 σοφίῃ
3466 2772 3662 2838 ἐποίηο

1987 2863 2136 2913 σας’
2193 2848 2329 2920 ἀνὴρ
2383 2851 2638 2905 τοσούτου
2701 2852 3019 2924 Πνεύματος
3081 2857 3410 2928 ἠξιωμένος,
3459 2860 3552 2913 καὶ
3592 2861 3659 2914 τά

1987 2932 2155 3003 ἄδηλα
2214 2937 2309 2989 καὶ
2348 2936 2416 2989 τά
2449 2937 2657 3008 κρύφια
2692 2939 2790 3008 τῆς
2827 2941 3019 3009 σοφίας
3065 2943 3228 2996 αὑτοῦ
3278 2945 3472 3014 μαθεῖν
3523 2963 3657 3000 κατ-

1985 3021 2258 3089 αξιωθείς,
2285 3024 2338 3077 τί
2376 3024 2442 3078 ἂν
2471 3027 2718 3096 εἴποιμεν
2739 3030 2920 3099 ἡμεῖς,
2945 3031 2993 3083 οἱ
3023 3032 3094 3099 γῆ
3131 3033 3224 3085 καὶ
3248 3034 3439 3098 σποδὸς
3480 3036 3654 3101 ὄντες,

1985 3110 2079 3164 καὶ
2123 3111 2384 3182 διηνεκῶς
2429 3113 2736 3182 ὀφείλοντες
2782 3118 2934 3170 κάτω
2976 3119 3226 3182 κύπτειν,
3271 3120 3365 3174 κα)⁴
3416 3123 3657 3195 ἐκπλήτ-

1983 3193 2170 3247 τεσθαι
2204 3195 2299 3248 τοῦ
2338 3196 2447 3250 τῶν
2490 3198 2745 3252 ἀπάντων
2777 3202 3045 3255 Δεσπότου
3089 3202 3189 3274 τὴν
3222 3205 3425 3272 ἄφατον
3469 3193 3656 3272 φιλανο

1983 3280 2256 3351 θρωπίαν;
2301 3284 2410 3336 Καὶ
2455 3285 2508 3337 τί
2537 3285 2680 3354 λέγω
2711 3287 2800 3340 τὸν
2855 3290 3175 3361 προφήτην;
3216 3290 3275 3343 ὐ
3321 3291 3430 3362 γὰρ
3477 3295 3652 3362 μακάο

1987 3383 2098 3436 ριος
2131 3367 2363 3434 Παῦλος,
2399 3372 2431 3440 ἡ
2471 3371 2855 3444 οὐρανομήκης
2885 3377 3068 3445 ἐκείνη
3101 3375 3271 3448 ψυχὴ,
3297 3377 3326 3429 ό
3362 3377 3523 3447 σῶμα
3555 3397 3652 3432 πε-

1985 3455 2128 3524 ρικεί
2134 3473 2311 3525 μενος,
2345 3459 2450 3537 καῖ
2469 3462 2591 3523 ταῖς
2620 3461 2932 3531 ἀσωμάτοις
2953 3462 3249 3533 δυνάμεσιν
3335 3465 3651 3537 ἁμιλλώμε-

1983 3551 2091 3597 νος,
2119 3538 2147 3587 ὸ
2172 3536 2229 3587 ἐν
2259 3538 2328 3606 γῇ
2365 3535 2618 3606 βαδίζων,
2648 3540 2740 3591 καὶ
2766 3539 2882 3610 [‘28]
2905 3542 2970 3610 τῇ
3005 3539 3284 3612 προθυμία
3314 3541 3406 3595 τὸν
3428 3535 3653 3614 οὐρανὸν

1985 3621 2310 3690 περιπολῶν,
2353 3624 2432 3686 εἰς
2481 3622 2644 3693 μέρος
2684 3624 2743 3676 ἐν
2772 3642 2824 3676 τι
2855 3623 2963 3677 τῶν
3009 3624 3333 3695 οἰκονομιῶν
3370 3625 3464 3678 τοῦ
3517 3625 3649 3680 Θεοῦ

1983 3698 2236 3766 ἐμπεσὼν
2274 3699 2356 3768 (τὸ
2403 3700 2544 3752 κατά
2581 3701 2862 3764 Ἰουδαίους
2906 3700 3000 3754 καὶ
3029 3701 3297 3771 ’Έλληνας
3344 3703 3509 3770 λέγω,
3557 3705 3656 3758 καὶ

1982 3775 2100 3838 πῶς
2125 3777 2172 3828 οἱ
2212 3777 2310 3846 μὲν
2341 3774 2726 3847 ἐξεϐλήθησαν,
2756 3779 2805 3831 οἰ
2829 3778 2883 3830 δὲ
2911 3778 3393 3849 ἀντεισὴχθησαν),
3417 3780 3511 3833 καὶ
3535 3783 3652 3836 ίιια-

1981 3861 2226 3929 πορήσας
2249 3862 2343 3915 καὶ
2369 3862 2672 3930 ἰλιγγιάσας
2695 3861 2959 3934 ἀνέκραξε
2991 3864 3131 3935 μέγα
3155 3864 3311 3934 βοῶν,
3332 3867 3425 3920 καὶ
3449 3866 3646 3934 λέγων,

1981 3937 2041 3989 Ὢ
2067 3938 2256 4005 ,Βάθος
2290 3942 2558 3994 πλούτου
2582 3941 2678 3994 καί
2712 3943 2934 4010 σοφίας
2954 3943 3050 3995 καί
3079 3945 3355 4013 γνώσεως
3377 3945 3545 4009 Θεοῦ,
3567 3948 3650 4011 ὡς

1979 4016 2415 4086 ἀνεξερεύνητα
2446 4020 2516 4075 τὰ
2551 4022 2803 4089 κρίματα
2834 4022 3040 4091 αὑτοῦ,
3070 4023 3167 4075 καὶ
3201 4022 3649 4092 ἀνεξιχνίαστοι

1978 4096 2201 4176 αίῌόδοί
2224 4098 2448 4176 αὑτοῦ.
2492 4101 2630 4153 Ἀλλ’
2661 4101 2896 4154 ἐνταῦθα
2925 4101 3097 4172 ἡδέως
3123 4102 3352 4173 ἐροίμην
3392 4104 3519 4167 τοὺς
3544 4104 3647 4176 τὴν

1976 4172 2071 4225 τοῦ
2115 4175 2244 4229 Υἰοῦ
2275 4175 2372 4229 τοῦ
2415 4177 2551 4231 Θεοῦ
2603 4179 2858 4250 γέννησιν
2895 4172 3359 4251 περιεργάζεσθαι
3407 4172 3646 4252 τολμῶν-

1975 4277 2096 4328 τας,
2131 4265 2225 4318 καὶ
2250 4266 2344 4319 τοῦ
2375 4268 2534 4334 ἁγίου
2566 4269 2884 4340 Πνεύματος
2907 4270 3006 4340 τὴν
3031 4269 3188 4334 ἀξίαν
3217 4269 3500 4342 καθαιρεῖν
3520 4274 3643 4326 ἑπι-

1976 4353 2292 4424 χειροῦντας
2310 4371 2324 4385 ο
2360 4354 2525 4409 πόθεν
2549 4357 2698 4427 ὑμῖν,
2726 4357 2848 4410 εἰπέ
2884 4374 2993 4427 μοι,
3020 4358 3118 4429 τῆς
3148 4360 3416 4430 τοσαύτης
3438 4360 3644 4432 τόλμης

1975 4434 2007 4502 ἡ
2037 4434 2371 4503 προπέτεια;
2409 4436 2518 4487 ἀπὸ
2559 4437 2717 4498 ποίας
2752 4437 3037 4506 παροινίας
3059 4439 3083 4476 8
3115 4439 3196 4499 εἰς
3235 4439 3490 4492 τοσοῦτον
3536 4458 3641 4510 μα-

1974 4512 2093 4577 νίας
2124 4514 2474 4581 ἐξωκείλατε;
2512 4518 2575 4569 Εἰ
2622 4519 2730 4589 γάρ
2761 4519 2970 4582 Παῦλος
3003 4521 3034 4572 ό
3061 4520 3334 4583 τοσοῦτος,
3369 4523 3462 4576 καὶ
3489 4523 3642 4592 τηλι-

1973 4600 2188 4680 κοῦτος,
2229 4603 2298 4656 τὰ
2334 4604 2579 4675 κρίματα
2609 4604 2796 4669 αὑτοῦ,
2832 4607 2974 4658 τοῦτ’
2995 4607 3132 4667 ἔστι,
3161 4608 3262 4672 τὰς
3301 4610 3638 4680 οἰκονομίας,

1971 4679 2068 4741 τὰς
2092 4679 2406 4751 διοικήσεις,
2440 4681 2838 4755 ἀνεξερεύνητά
2870 4701 3034 4754 φησιν
3063 4683 3224 4752 εἶναι,
3251 4689 3344 4741 καὶ
3364 4689 3463 4742 οὐκ
3486 4679 3641 4743 εἶπεν

1970 4758 2352 4839 ἀκατάληπτα,
2407 4762 2522 4815 ἀλλ’
2568 4764 2986 4835 ἀνεξερεύνητα,
3039 4766 3179 4820 ὥστε
3238 4767 3373 4837 μηδὲ
3413 4768 3640 4839 ἔρευναν

1973 4837 2393 4904 ἐπιδέξασθαιδ,
2425 4841 2520 4894 καὶ
2556 4843 2972 4913 ἀνεξιχνίαστοι,
3004 4846 3186 4915 φησὶν,
3221 4849 3276 4898 αἰ
3305 4847 3414 4898 ὁδοὶ
3445 4837 3633 4909 αὑτοῦ,

1972 4916 2138 4968 πάλιν
2163 4918 2226 4970 τὸ
2251 4917 2384 4972 αὐτὸ
2411 4920 2604 4989 λέγων,
2636 4923 2787 4986 ὁδοὺς
2819 4922 2886 4976 τὰ
2915 4924 3308 4993 προστάγματα
3336 4922 3516 4975 καλῶν
3540 4927 3636 4978 καὶ

1967 5005 2064 5066 τὰς
2095 5005 2335 5070 ἐντολάς,
2367 5008 2485 5070 πῶς
2513 5009 2670 5076 ὑμεῖς
2703 5009 2872 5076 αὐτὴν
2907 5007 3003 5076 τὴν
3045 5008 3234 5060 οὐσίαν
3272 5007 3366 5061 τοῦ
3397 5010 3635 5078 Μονογε-

1967 5082 2092 5146 νοῦς
2122 5087 2578 5156 περιεργάζεσθαι
2599 5085 2852 5154 τολμᾶτε,
2894 5085 2988 5137 καὶ
3009 5085 3102 5138 τοῦ
3137 5085 3290 5152 ἀγίου
3316 5086 3633 5156 Πνεύματος

1966 5160 2063 5231 τὴν
2095 5163 2252 5227 ἀξίαν
2298 5163 2554 5218 ἐλαττοῦν
2591 5164 2648 5216 τό
2688 5180 2751 5232 γε
2793 5164 2913 5218 καθ’
2944 5165 3120 5234 ὑμᾶςς
3159 5165 3371 5237 Ὁρᾶτε,
3407 5167 3628 5239 ἀγαπη-

1965 5240 2067 5302 τοὶ,
2101 5241 2224 5294 ὅσον
2256 5243 2372 5295 ἐστί
2403 5243 2571 5296 κακὸν
2604 5243 2664 5296 τὸ
2702 5243 2774 5314 μὴ
2821 5243 3108 5314 προσέχειν
3159 5245 3295 5313 μετά
3344 5247 3629 5315 ἀκριϐείας

1963 5321 2075 5381 τοῖς
2106 5319 2164 5370 ἐν
2197 5322 2260 5390 τῇ
2294 5321 2413 5392 θεία
2442 5323 2630 5392 Γραφῇ
2653 5323 2944 5392 κειμένοις.
2990 5317 3145 5376 Οὗτοι
3190 5323 3299 5394 γάρ
3331 5326 3380 5377 εἰ
3419 5324 3488 5378 τά
3517 5327 3627 5378 ἀπὸ

1962 5397 2064 5458 τῆς
2103 5396 2254 5460 θείας
2285 5399 2507 5469 Γραφῆς
2553 5401 2857 5471 διδάγματα
2904 5404 3022 5471 μετ’
3059 5403 3478 5474 εὐγνωμοσύνης
3507 5403 3623 5456 ἐδέ-

1962 5499 2139 5552 χοντο,
2175 5485 2268 5538 καί⁵
2301 5486 2374 5557 μὴ
2405 5487 2473 5538 τά
2503 5487 2613 5538 ἀπὸ
2640 5487 2747 5539 τῶν
2775 5488 2990 5543 οἰκείων
3015 5489 3290 5560 λογισμῶν
3320 5489 3628 5560 εἰσέφερον,

2031 5617 2056 5685 αἱ
2083 5621 2208 5685 Reg.
2233 5636 2358 5671 unus
2378 5625 2474 5671 τῶν
2490 5623 2757 5685 ὁρωμένων.

2035 5684 2059 5750 ξ
2083 5684 2278 5750 (Ξοίςιίη.
2302 5684 2557 5750 παροινίας,
2583 5684 2675 5732 Alii
2698 5686 2969 5750 παρανοίας.

2035 5742 2059 5779 ιι
2089 5744 2208 5803 Reg.
2242 5742 2438 5794 unus'el
2460 5745 2672 5794 Coiberl.
2701 5742 2825 5794 unhs
2852 5750 3179 5802 ἐπιδείξασθαι.
