4018 6136
308 236 381 298 ιι
1031 191 1039 200 ’
1454 239 1522 296 IN
1551 240 1713 299 CAP.
1752 238 1794 295 ι.
1833 236 1918 294 δε

2023 236 2080 293 5.
2119 236 2352 295 IIOIIL.
2392 237 2480 295 IV.
3527 242 3597 301 ιθ

308 353 625 424 neutiquam
668 352 727 407 in
764 360 974 409 talitatis
1021 352 1297 409 venissent
1343 353 1653 408 amentiam.
1695 352 1764 408 At
1805 364 1904 407 nos

310 459 491 514 iustine
514 446 589 499 sit
618 457 894 500 cessemus
920 444 1115 499 divina:
1130 444 1424 514 Seriptune
1452 444 1751 500 testimonia
1778 443 1907 512 ipsis

309 536 573 605 obiicere,
610 545 670 591 et
704 551 865 592 amics
910 548 1123 591 nostras
1149 537 1218 591 ad
1241 537 1559 606 pestilentes
1588 551 1773 591 eorum
1813 536 1907 591 deo

303 634 515 688 etriuas
541 632 814 704 οὐρανίη.

378 724 443 780 6.
470 723 575 780 Sed
613 725 795 780 nescio
830 722 1102 795 quomodo
1131 725 1329 781 iterum
1350 724 1421 779 ab
1451 722 1661 794 impetu
1707 724 1908 779 oratio-

314 816 405 870 nis
432 816 489 871 iu
515 816 631 872 huc
673 817 848 873 evecti
892 831 1080 871 sumus
1101 855 1117 881 ,
1149 825 1203 872 et
1238 830 1267 870 a
1292 824 1547 872 contem
1569 815 1862 871 excidimus
1887 831 1907 869 ε

312 907 447 963 ideo
468 909 761 965 itonun-od
798 910 973 979 priora
996 909 1180 965 redeat
1203 924 1402 965 sermo.
1444 908 1510 964 Et
1538 908 1763 972 vocavit,
1800 907 1909 972 ait,

318 993 461 1054 Deus
495 1001 872 1069 ﬁrmamentum
930 1003 1146 1066 calum,
1189 1011 1238 1056 et
1265 1002 1391 1057 cidit
1430 999 1571 1055 Deus
1614 1000 1753 1073 quod
1784 1010 1913 1054 esset

315 1090 525 1144 bonum.
568 1090 637 1145 Et
663 1095 854 1163 factum
880 1105 953 1147 est
981 1109 1201 1163 uespere,
1227 1101 1273 1146 et
1303 1092 1493 1164 factum
1513 1101 1587 1147 est
1607 1107 1782 1157 mane,
1807 1091 1914 1145 dies

319 1181 595 1234 secundus.
617 1182 993 1253 Appellationo
1016 1183 1185 1237 indita
1226 1182 1562 1238 firmamento
1581 1223 1597 1248 ,
1622 1190 1680 1238 et
1699 1181 1914 1236 laudato

314 1288 509 1342 opere,
534 1272 700 1328 ﬁnem
730 1275 984 1345 imposuit
1025 1272 1131 1330 diei
1165 1266 1438 1341 secundo,
1465 1283 1519 1329 et
1534 1273 1673 1329 dixit
1696 1290 1711 1330 τ
1739 1270 1808 1327 Et
1832 1276 1915 1343 fa-

318 1375 461 1417 ctum
484 1372 558 1418 est
604 1380 844 1436 uespere,
869 1375 914 1420 et
948 1368 1142 1437 factum
1185 1376 1262 1421 est
1287 1383 1437 1422 tuane
1455 1408 1470 1433 ,
1496 1367 1605 1421 dies
1645 1366 1914 1421 secundus.

325 1454 515 1509 Vidisti
538 1465 734 1526 quanta
755 1457 1027 1528 diligentia
1052 1473 1151 1513 nos
1167 1457 1346 1523 docet,
1380 1457 1541 1513 linem
1564 1457 1702 1513 lucis
1725 1472 1916 1527 vespe-

317 1560 440 1598 ram
485 1560 713 1613 vocans,
739 1555 795 1602 et
831 1548 993 1604 illum
1034 1549 1209 1604 noctis
1259 1562 1450 1614 mane,
1488 1557 1546 1604 et
1574 1557 1744 1605 totum
1789 1548 1916 1603 ιιιυά

320 1638 469 1689 «licia
493 1678 510 1701 ,
541 1646 600 1693 ut
638 1652 707 1693 ne
730 1654 974 1695 erretnus
1001 1650 1100 1696 nos
1118 1680 1133 1706 ,
1161 1655 1335 1712 neque
1366 1650 1611 1712 putemus
1637 1657 1914 1712 vesperam

321 1726 489 1781 linem
529 1742 653 1783 esse
699 1727 846 1797 diei,
893 1730 988 1786 sed
1035 1730 1316 1787 manifeste
1363 1732 1596 1788 sciamus
1646 1733 1919 1804 utriusque

326 1819 562 1885 Spatium
591 1835 755 1876 unum
800 1821 944 1878 diem
974 1822 1232 1894 implere?
1261 1823 1329 1878 Et
1352 1839 1575 1895 vespere
1598 1824 1758 1881 linem
1783 1824 1919 1880 lueis

326 1914 479 1962 recte
516 1909 639 1979 quis
683 1909 914 1979 dixerit,
976 1926 1139 1967 mane
1179 1920 1399 1979 autem,
1453 1912 1556 1968 hoc
1605 1922 1722 1979 est,
1756 1912 1917 1969 ﬁnem

326 1998 538 2063 metis,
576 1999 1027 2070 complementum
1076 2001 1205 2058 diei.
1248 2001 1362 2058 Hoc
1401 2003 1549 2058 enim
1591 2004 1705 2058 vult
1741 2002 1918 2059 divina

327 2087 607 2160 Scriptura
635 2091 1005 2159 manifestare,
1034 2093 1221 2150 dicens
1245 2112 1260 2149 :
1290 2093 1357 2149 Et
1377 2097 1573 2167 factum
1595 2104 1668 2150 est
1691 2111 1915 2167 uespere,

325 2189 380 2233 et
430 2182 624 2249 factum
648 2192 723 2236 est
763 2198 951 2248 mane,
988 2183 1099 2239 dies
1133 2185 1405 2240 secundus.
1448 2184 1617 2241 Forte
1658 2186 1921 2256 pmiiaitts

328 2284 639 2327 sartionem
658 2274 1021 2343 extendimus,
1052 2291 1158 2332 non
1181 2276 1305 2331 data
1324 2291 1493 2347 opera
1509 2316 1526 2342 ,
1555 2275 1651 2333 sed
1677 2277 1746 2334 ab
1768 2278 1884 2348 ipsa
1900 2321 1918 2343 ,

327 2370 394 2415 ut
438 2363 644 2420 dixerit
673 2366 977 2437 «luispiatn,
1002 2368 1290 2425 verba-um
1323 2368 1708 2439 consequentia
1731 2409 1748 2436 ,
1772 2368 1919 2440 quissi

328 2453 523 2524 vapido
560 2456 792 2527 quodam
816 2472 977 2514 amne
1017 2460 1067 2514 vi
1094 2459 1372 2515 abstracti.
1412 2458 1630 2530 Vosque
1657 2459 1817 2529 hujus
1839 2460 1918 2516 rei

328 2559 497 2601 causa
537 2549 696 2615 estis,
723 2550 815 2620 qui
858 2565 1050 2621 magna
1091 2565 1214 2607 eum
1243 2552 1517 2622 voluptate
1560 2552 1702 2608 dicta
1733 2564 1920 2609 nostra

327 2638 550 2692 auditis.
594 2639 738 2695 Nihil
765 2642 910 2698 enim
947 2646 1026 2698 sic
1068 2644 1312 2699 excitare
1332 2652 1509 2713 praest
1532 2643 1802 2701 dicentem
1824 2686 1840 2711 ,
1864 2654 1921 2701 et

331 2728 721 2785 sententiarum
764 2745 1012 2801 magnam
1058 2734 1271 2802 cupiant
1322 2732 1399 2787 illi
1438 2732 1669 2801 afferre,
1717 2743 1777 2789 ut
1822 2746 1923 2790 au-

332 2816 569 2873 ditorum
595 2819 866 2875 alacritas.
890 2822 957 2876 Et
978 2823 1119 2877 sicut
1143 2822 1319 2892 supini
1339 2831 1395 2878 ot
1421 2822 1635 2879 desides
1653 2823 1924 2881 auditores

328 2907 501 2963 etiam
524 2910 753 2966 multum
784 2912 998 2982 eloquio
1023 2912 1289 2969 valentem
1319 2913 1547 2969 reddunt
1573 2914 1881 2985 segniorem
1905 2932 1920 2972 :

332 2998 415 3052 ita
438 3013 535 3054 vos
559 3014 655 3069 per
694 3001 786 3057 Dei
826 3003 1055 3073 gratiam
1074 3043 1095 3070 ,
1122 3002 1333 3059 etiamsi
1360 3003 1489 3058 muti
1534 3019 1777 3060 essemus
1805 3005 1925 3074 plus

333 3104 498 3159 quam
515 3091 718 3162 lapides
740 3093 780 3161 ί,
803 3094 1034 3164 possetis
1062 3102 1298 3149 nostrum
1319 3101 1592 3163 stuporem
1607 3094 1921 3162 emendare,

333 3193 394 3239 ct
416 3185 828 3241 somnolentiam
857 3186 1129 3242 discutere
1144 3226 1160 3251 ,
1188 3200 1491 3258 cogereque
1509 3195 1568 3241 ut
1596 3186 1839 3242 dicamus
1860 3202 1923 3243 ea

332 3291 462 3346 quae
489 3277 640 3333 vobis
681 3278 1023 3345 conducunt,
1053 3288 1110 3334 et
1148 3277 1217 3333 ad
1259 3286 1494 3334 vestram
1536 3278 1924 3334 institutionem

338 3368 631 3438 pertinent.
671 3369 936 3439 Quoniam
964 3370 1124 3441 igitur
1152 3370 1286 3426 tales
1327 3369 1495 3437 estis,
1527 3378 1711 3440 utpote
1738 3385 1769 3425 a
1817 3369 1925 3425 Deo

333 3463 485 3520 docti
509 3476 607 3528 ,et
646 3464 940 3521 secundum
982 3464 1196 3521 beatum
1241 3462 1498 3531 Paulum,
1528 3462 1752 3535 potestis
1790 3462 1926 3519 alios

336 3562 640 3617 admonere
665 3559 845 3632 (Rom.
870 3558 958 3615 l5.
983 3559 1076 3629 ιι)
1100 3577 1116 3615 :
1136 3573 1253 3631 ago,
1274 3562 1633 3621 obsecramus
1652 3579 1774 3633 vos,
1791 3574 1852 3621 ut
1871 3568 1917 3623 si

342 3668 444 3723 per
479 3651 626 3722 quod
664 3649 838 3716 aliud,
880 3650 1118 3706 maxime
1165 3662 1266 3721 per
1291 3651 1492 3721 ieiunii
1528 3660 1770 3725 tempus.
1800 3670 1919 3712 ma-

339 3757 510 3812 gnam
535 3742 675 3796 bene
718 3739 936 3795 vivendi
986 3754 1177 3794 curam
1215 3741 1455 3809 geratis,
1510 3750 1613 3798 nec
1645 3743 1740 3799 ﬂat
1762 3745 1918 3803 vobis

343 3846 533 3888 sermo
560 3829 903 3896 fastidiosus,
933 3829 984 3885 si
1006 3830 1337 3900 quotidiede
1356 3831 1562 3889 eisdem
1593 3834 1914 3905 loquamur:

338 3924 533 3978 «idem
558 3923 705 3979 enim
739 3922 920 3978 dicere
960 3921 1092 3977 mihi
1126 3921 1340 3992 quidem
1364 3936 1473 3978 non
1494 3935 1660 3992 gravo
1681 3963 1698 3988 ,
1726 3937 1924 3979 secun-

336 4013 471 4067 dum
499 4013 714 4068 beatum
736 4012 980 4078 Paulum,
1006 4011 1162 4067 vobis
1189 4019 1368 4069 autem
1390 4020 1562 4068 tutum
1583 4012 1842 4085 (Philipp.
1867 4015 1921 4070 δ.

342 4107 422 4173 t).
449 4106 600 4174 Opus
617 4105 760 4160 enim
803 4104 963 4159 habet
1001 4104 1177 4158 anima
1201 4113 1381 4158 nostra
1402 4142 1421 4169 ,
1448 4103 1632 4174 segnis
1669 4119 1794 4160 eum
1824 4106 1921 4172 sit,

338 4196 593 4251 continua
634 4194 1019 4251 admonitione.
1061 4194 1130 4250 Et
1166 4194 1307 4251 sicut
1340 4208 1536 4264 corpus
1565 4194 1669 4252 hoc
1687 4196 1926 4267 quotidie

339 4300 479 4356 opus
505 4285 663 4340 habet
676 4286 940 4356 corporali
962 4286 1237 4351 alimento,
1258 4294 1318 4340 ut
1344 4300 1412 4341 ne
1429 4287 1481 4342 in
1507 4301 1750 4358 magnam
1766 4288 1924 4359 :egri-

340 4377 583 4432 tndinern
602 4375 862 4444 incidens,
878 4377 1009 4432 nihil
1025 4375 1202 4432 facere
1221 4376 1386 4446 possit
1404 4399 1419 4433 :
1439 4378 1509 4432 ita
1524 4386 1580 4433 et
1595 4378 1771 4433 anima
1792 4394 1926 4449 opus

343 4469 504 4524 habet
539 4469 801 4538 spirituali
827 4470 986 4537 cibo,
1012 4479 1070 4525 et
1104 4470 1306 4540 optima
1329 4470 1453 4525 vitae
1489 4471 1735 4539 ratione,
1767 4481 1826 4527 ut
1870 4474 1922 4527 in

339 4561 785 4618 consuetudinem
813 4561 1043 4632 utiquam
1063 4561 1323 4617 bonorum
1352 4564 1666 4632 perveniens
1687 4604 1704 4629 ,
1731 4564 1923 4620 invicta

338 4655 410 4706 sit
429 4694 445 4715 .
472 4660 527 4707 et
548 4652 803 4708 resistere
828 4652 995 4722 possit
1020 4651 1234 4723 maligni
1262 4652 1429 4708 hostis
1478 4653 1701 4709 insidiis.

413 4744 467 4796 7.
496 4742 709 4798 Horatia
731 4743 1036 4809 exhortatio;
1054 4743 1252 4800 Judteis
1262 4744 1519 4814 jejunium
1546 4760 1647 4800 non
1664 4746 1924 4816 proderat;

339 4845 588 4907 quantum
602 4837 788 4891 bonqu
800 4837 864 4891 sit
880 4837 1198 4891 inimicorum
1218 4835 1926 4909 dilectio.—-Quotidieigitur

339 4930 458 4998 ejus
478 4930 723 4985 virtutem
739 4944 964 5000 operose
978 4942 1248 4993 curemus,
1269 4938 1327 4984 et
1340 4943 1439 4983 nos
1453 4929 1597 4998 ipsos
1610 4931 1923 4986 examinan-

341 5028 423 5072 tes
442 5059 457 5079 .
490 5032 779 5088 numquam
798 5019 1142 5086 deficiamus;
1167 5018 1512 5074 rationarium
1534 5033 1742 5089 quoque
1770 5021 1924 5076 nobis

338 5111 691 5166 conficiamus
710 5126 893 5166 eorum
915 5126 1033 5181 qua:
1065 5110 1378 5180 accipimus,
1398 5119 1453 5166 et
1470 5124 1654 5166 eorum
1683 5127 1802 5182 qua!
1826 5128 1923 5167 ex-

343 5203 657 5272 pendimus,
683 5203 935 5273 quidnam
966 5201 1170 5257 utiliter
1182 5210 1237 5256 et
1257 5201 1394 5257 bene
1412 5202 1612 5273 loquuti
1641 5203 1837 5267 simus,
1868 5212 1923 5257 et

339 5294 480 5364 quod
505 5295 734 5350 otiosum
761 5293 984 5350 verbum
1011 5292 1416 5365 protulerimns,
1442 5300 1499 5349 et
1528 5292 1747 5358 iterum,
1789 5292 1917 5364 quid

341 5388 472 5441 utile
509 5401 609 5455 per
630 5399 792 5441 aures
820 5386 873 5440 in
917 5385 1151 5439 animam
1177 5382 1656 5448 intromiserimus,
1685 5393 1737 5438 et
1764 5383 1918 5454 quid,

339 5479 480 5550 quod
503 5478 884 5535 detrimentum
913 5478 1109 5534 ali'erre
1138 5476 1322 5548 possit.
1354 5475 1618 5531 Prmterea
1646 5482 1701 5529 c‘t
1729 5475 1922 5546 lingua:

400 5609 423 5628 ι
454 5596 677 5659 ςειιυῆιηει
697 5605 901 5659 quatuor
925 5602 1028 5646 uss.
1068 5593 1270 5648 habent.
1308 5591 1494 5643 etiamsi
1531 5590 1782 5655 trifariam
1802 5605 1924 5646 csso-

337 5671 443 5710 W
460 5657 716 5717 lapidibus.

2016 348 2229 422 tegulas
2252 351 2456 424 aliquas
2484 360 2542 409 et
2565 366 2801 413 canones
2823 363 3089 429 ponamus
3105 398 3123 422 .
3146 357 3219 416 ita
3245 370 3311 429 ut
3332 359 3478 434 prius
3505 378 3593 418 ru-

2014 446 2286 502 mincntur
2308 455 2368 502 et
2395 446 2759 518 ponderentur
2783 450 2945 509 verba
2969 489 2987 517 ,
3015 459 3071 508 et
3106 460 3290 522 postea
3314 454 3593 525 proteram-

2012 544 2101 590 tur
2142 549 2454 603 sermones;
2482 547 2715 595 mentem
2755 553 2888 597 vero
2937 541 3007 596 ita
3036 544 3408 605 instituamus.
3441 554 3500 600 nt
3526 560 3595 601 ne

2010 626 2141 698 quid
2166 627 2481 684 damnosum
2512 639 2740 701 promat,
2762 640 2821 687 et
2837 631 2882 687 si
2909 631 3046 689 forte
3070 633 3268 705 aliquid
3290 635 3396 690 tale
3422 635 3592 692 forin-

2013 731 2170 775 secus
2198 718 2474 790 infcratur,
2506 721 2559 778 id
2586 723 2766 779 statim
2801 734 2863 780 ut
2900 724 3223 795 superfluum
3247 735 3302 782 et
3330 727 3598 798 pernicie.

2015 827 2135 866 sum
2160 826 2538 881 amoveantus,
2561 823 2623 871 et
2662 814 2709 871 si
2747 815 3072 874 intrinsecus
3123 828 3388 885 nascatur,
3417 821 3595 875 statim

2014 900 2101 972 pia
2124 903 2445 977 cogitatione
2471 905 2598 959 illud
2628 906 2891 977 legemus,
2918 917 2972 963 ct
2997 923 3063 964 ne
3090 908 3458 966 existimemus
3488 911 3599 964 ine-

2016 990 2159 1048 diam
2190 1009 2358 1063 usqne
2384 993 2450 1050 ad
2480 1010 2753 1065 vesperam
2778 995 2845 1051 ad
2884 997 3106 1054 salutem
3136 1000 3290 1056 nobis
3330 1000 3598 1059 sufficere.

2017 1081 2149 1138 Nunt
2171 1084 2214 1139 si
2258 1086 2524 1155 perversis
2564 1086 2766 1143 ludazis
2795 1088 3007 1145 dicebat
3042 1090 3304 1162 benignus
3348 1092 3599 1147 Dominus

2020 1188 2115 1244 per
2141 1176 2452 1245 pmpltctam
2484 1194 2499 1231 :
2532 1176 2660 1232 Ecce
2693 1179 2821 1233 enni
2866 1182 3189 1253 septuaginta
3212 1197 3232 1237 :
3253 1183 3494 1253 numquid
3510 1184 3599 1253 je-

2015 1264 2284 1332 junovistis
2327 1266 2452 1320 utiln'
2485 1267 2743 1337 ieiunium
2761 1268 2788 1323 7
2813 1267 2879 1324 Et
2924 1271 2973 1325 si
2992 1272 3308 1326 comederitis
3332 1282 3383 1328 et
3417 1273 3599 1327 ﬁliai.

2020 1359 2102 1424 tis,
2132 1374 2297 1413 mune
2316 1375 2403 1416 vos
2429 1361 2691 1416 comeditis
2714 1371 2761 1417 et
2787 1361 2960 1417 bibitis
2976 1362 3004 1419 2
3034 1362 3161 1420 llaec
3201 1365 3326 1420 dicit
3353 1364 3602 1421 Dominus

2015 1453 2334 1522 ontnipotens
2356 1468 2376 1504 :
2399 1452 2660 1508 Iudicium
2676 1454 2878 1525 justum
2906 1454 3141 1526 judientr
3160 1495 3178 1521 ,
3206 1457 3602 1511 misericordiam

2020 1550 2067 1597 et
2094 1542 2462 1598 miserationem
2492 1544 2647 1613 faciat
2686 1546 3029 1615 unusquisque
3063 1562 3177 1601 cum
3208 1548 3441 1618 proximo
3464 1563 3559 1601 suo
3582 1562 3603 1602 :

2016 1639 2068 1687 et
2100 1633 2327 1698 viduam,
2355 1644 2404 1688 et
2427 1635 2715 1705 orphanutn
2737 1674 2753 1699 ,
2775 1647 2821 1691 et
2846 1636 3109 1701 adsertam.
3139 1647 3187 1692 et
3208 1654 3479 1709 pauperem
3500 1655 3602 1694 non

2020 1724 2321 1795 Opprimatis
2348 1740 2371 1779 :
2399 1735 2447 1780 et
2484 1729 2676 1780 malum
2712 1728 3054 1798 unusquisque
3090 1739 3309 1783 uestrum
3339 1745 3459 1799 ergo
3496 1732 3604 1800 fra-

2022 1823 2149 1869 trem
2171 1831 2321 1869 suum
2356 1831 2457 1869 non
2478 1817 2664 1886 cogitet
2687 1818 2740 1870 in
2773 1817 3013 1873 cordibus
3031 1819 3138 1872 suis
3164 1818 3350 1891 (lactt.
3379 1821 3434 1874 7.
3466 1821 3519 1876 5.
3547 1820 3601 1875 6.

2017 1904 2078 1961 9.
2108 1904 2222 1977 10).
2250 1905 2311 1961 Si
2334 1904 2494 1977 igitur
2521 1907 2625 1962 illis
2650 1907 2740 1978 qtti
2768 1907 2823 1962 iu
2853 1907 3038 1963 umbra
3076 1909 3334 1965 sedelnnt
3372 1919 3430 1965 et
3456 1918 3604 1966 tene-

2021 1996 2133 2052 bris
2155 2011 2400 2053 errorum
2440 1996 2584 2052 aflisi
2609 2008 2760 2054 erant
2782 2038 2801 2067 ,
2831 1998 2964 2053 nihil
2987 2000 3242 2070 proderat
3270 2002 3442 2057 solum
3461 2002 3625 2073 jcju-A

2020 2089 2191 2155 nium,
2215 2102 2343 2144 cum
2369 2088 2485 2146 haec
2520 2089 2657 2146 bona
2681 2105 2845 2160 opera
2881 2106 2989 2146 non
3008 2091 3243 2148 Etcereut
3260 2133 3278 2158 ,
3300 2102 3361 2147 et
3386 2108 3421 2149 e
3442 2092 3604 2149 corde

2024 2180 2222 2235 malum
2247 2192 2374 2251 erga
2400 2181 2699 2250 proximum
2741 2195 2846 2235 non
2869 2181 3244 2248 eliminare..t,
3275 2183 3484 2252 qtutlent
3510 2183 3605 2238 ba-

2024 2270 2183 2327 bituri
2208 2287 2306 2327 nos
2332 2286 2517 2327 sumus
2540 2271 2905 2328 defensionem
2935 2313 2953 2340 ,
2981 2289 3011 2327 a
3039 2275 3232 2344 quibus
3259 2274 3461 2345 majora
3488 2278 3605 2329 exi—

2023 2374 2240 2435 guntur,
2269 2375 2457 2422 etnon
2477 2366 2650 2422 solum
2682 2364 2989 2421 baeclacere
3011 2367 3279 2435 iubemur,
3306 2367 3399 2422 sed
3427 2376 3482 2422 et
3510 2368 3605 2423 ini-

2023 2460 2193 2514 micos
2233 2458 2456 2529 diligere
2479 2499 2496 2525 ,
2524 2467 2581 2514 et
2606 2472 2701 2515 eos
2744 2458 3049 2515 demereri!
3075 2459 3205 2530 quid
3243 2460 3397 2525 dico,
3423 2460 3607 2516 deme-

2022 2552 2130 2605 reri
2154 2549 2309 2621 (Luc.
2330 2550 2384 2606 6.
2417 2548 2553 2624 27)?
2583 2551 2690 2606 imo
2709 2550 2871 2607 etiam
2894 2565 2992 2622 pro
3018 2551 3148 2622 ipsis
3174 2551 3453 2607 hominum
3484 2566 3607 2621 pro-

2024 2642 2166 2707 cari,
2198 2650 2254 2697 et
2286 2657 2448 2698 orare
2471 2650 2529 2697 ut
2570 2643 2759 2697 salutis
2809 2641 3019 2699 illorum
3061 2657 3249 2699 curam
3279 2642 3472 2713 gerat?
3500 2642 3609 2698 lloc

2021 2732 2171 2789 enim
2201 2732 2357 2787 nobis
2388 2732 2723 2802 potissimum
2754 2732 2808 2788 in
2856 2732 3067 2788 dieillo
3105 2733 3331 2789 terribili
3381 2732 3609 2803 patresi-

2026 2822 2260 2889 nabimr,
2291 2831 2349 2879 et
2375 2822 2672 2893 redemptio
2710 2823 2942 2878 maxima
2979 2824 3088 2879 erit
3136 2832 3475 2895 peccatorum
3515 2838 3610 2878 no-

2027 2926 2259 2970 strorum
2285 2953 2300 2978 ,
2331 2914 2381 2968 si
2425 2914 2504 2969 sic
2548 2913 2724 2969 allecti
2771 2911 3033 2969 fuerimus
3078 2914 3335 2970 adversus
3363 2914 3609 2968 inimicos

2028 3015 2261 3063 nostros.
2302 3004 2454 3061 Licet
2481 3004 2624 3060 cuitu
2653 3019 2901 3075 magnum
2960 3004 3032 3059 sit
3067 3011 3125 3060 et
3150 3004 3374 3058 ardumn
3411 3017 3627 3079 prece:

2027 3108 2177 3172 ptum
2199 3138 2216 3164 ,
2246 3099 2292 3154 si
2321 3108 2497 3154 tamen
2522 3098 2801 3168 pmmitun
2828 3097 3032 3168 cogites
3056 3094 3351 3166 repositum
3393 3104 3610 3151 strenuo

2028 3192 2085 3247 id
2124 3189 2574 3261 exsequentibus,
2604 3185 2743 3244 nihil
2788 3188 3010 3242 omnino
3052 3187 3352 3251 videbitur,
3395 3185 3603 3241 etiamsi

2027 3284 2184 3340 valde
2198 3282 2420 3339 arduum
2436 3280 2524 3336 sit.
2537 3278 2814 3348 Quodnam
2832 3288 2917 3335 est
2927 3277 3032 3335 hoc
3042 3279 3068 3335 2
3079 3277 3143 3333 Si
3156 3280 3252 3333 hoc
3261 3278 3498 3348 feceritis,
3515 3277 3610 3338 ait.

2026 3376 2216 3434 cunila
2240 3376 2381 3431 eritis
2408 3373 2556 3431 Patri
2581 3384 2743 3428 oestro
2761 3412 2778 3440 ,
2816 3372 2907 3444 qui
2947 3372 3003 3426 in
3026 3372 3169 3427 aulis
3210 3380 3284 3425 est
3309 3368 3524 3441 (Matth.
3553 3368 3608 3423 5.

2026 3467 2123 3536 iii)
2172 3466 2242 3522 Et
2283 3476 2346 3521 ut
2372 3465 2702 3521 manifestius
2737 3462 2884 3518 hunc
2910 3476 3216 3519 sermonem
3246 3461 3401 3516 nobis
3428 3459 3609 3515 decla-

2028 3566 2146 3623 ret,
2165 3555 2404 3613 subdidit
2427 3594 2447 3621 ,
2474 3555 2607 3623 Quia
2626 3553 2784 3610 solum
2809 3570 2959 3610 suurn
2979 3554 3104 3608 oriri
3128 3553 3251 3625 facit
3278 3567 3432 3623 super
3451 3551 3611 3606 mlas

2028 3658 2077 3704 et
2124 3648 2319 3713 bonos,
2359 3654 2406 3701 et
2452 3646 2579 3717 pluit
2624 3662 2777 3716 super
2817 3646 2979 3711 iustos
3018 3653 3069 3699 et
3104 3644 3341 3716 injustos.
3383 3641 3611 3697 Imitaris

2027 3738 2195 3806 enim,
2222 3739 2413 3808 inquit.
2444 3752 2540 3807 pro
2581 3737 2830 3791 humanis
2852 3735 3058 3789 viribus
3100 3735 3287 3789 Deum.
3314 3732 3447 3788 Nam
3474 3733 3609 3787 sicut

2029 3830 2122 3886 ille
2166 3844 2277 3885 non
2304 3828 2477 3883 stilum
2500 3827 2660 3897 iustis
2681 3862 2699 3890 ,
2737 3824 2832 3880 sed
2853 3833 2907 3880 et
2928 3824 2996 3880 iis
3019 3824 3110 3895 qui
3137 3823 3274 3878 mala
3318 3832 3607 3893 operantur

2028 3923 2196 3979 solem
2226 3920 2357 3976 oriri
2407 3918 2564 3983 facit,
2593 3925 2648 3973 et
2673 3916 2901 3988 pluviam
2938 3924 2996 3971 et
3039 3914 3236 3970 imbres
3272 3928 3482 3969 annuos
3503 3929 3607 3968 non

2030 4014 2184 4070 bonis
2225 4013 2401 4069 solum
2434 4011 2768 4081 suppeditat,
2796 4008 2890 4065 sed
2914 4015 2972 4064 et
2998 4007 3255 4077 improbis
3287 4025 3302 4062 :
3329 4006 3406 4061 sic
3431 4015 3485 4060 et
3514 4015 3569 4060 ιιι
3592 4046 3607 4067 .

2027 4108 2073 4164 si
2103 4120 2212 4163 non
2241 4106 2414 4162 solum
2438 4104 2722 4174 diligentes
2744 4101 3007 4172 tcdiligis,
3029 4099 3124 4157 scd
3148 4100 3309 4156 etiam
3337 4097 3601 4158 inimicos.

2029 4213 2127 4270 pro
2153 4197 2290 4254 virili
2330 4197 2613 4253 [hminum
2643 4205 2791 4249 tuum
2831 4193 3080 4249 imitaris.
3115 4192 3300 4247 Vidisti
3341 4190 3608 4261 quomodo

2030 4292 2083 4347 in
2130 4302 2443 4361 supremum
2471 4288 2685 4342 culmen
2715 4286 2900 4342 eduxit
2922 4300 3045 4341 eum
3089 4285 3178 4355 qui
3221 4283 3357 4337 hanc
3398 4282 3608 4351 operari

2029 4382 2170 4438 valet
2213 4379 2509 4436 virtutem?
2534 4378 2914 4433 Verumtamen
2956 4390 3028 4432 no
3068 4373 3435 4430 difticultatem
3478 4373 3553 4428 rei
3590 4374 3605 4402 ‘

2026 4478 2199 4534 solum
2254 4476 2493 4547 cogites,
2518 4472 2734 4535 dilecte.
2768 4470 2862 4526 sed
2914 4470 3061 4540 prius
3112 4475 3340 4537 supputa
3392 4476 3602 4523 tecum.

2027 4576 2230 4642 quanto
2272 4568 2477 4623 honore
2516 4563 2814 4635 dignandus
2856 4562 2973 4617 sis:
3005 4569 3063 4617 et
3087 4558 3204 4616 haec
3251 4557 3472 4613 honoris
3511 4572 3576 4611 oc

2027 4662 2178 4719 casio
2203 4661 2321 4717 leve
2369 4659 2467 4715 tibi
2513 4657 2674 4713 faciat
2696 4653 2951 4727 quidquid
2986 4667 3153 4724 grave
3197 4661 3280 4708 cst
3307 4660 3362 4706 et
3398 4663 3603 4706 onero-

2027 4770 2170 4810 sum.
2194 4754 2387 4808 Annon
2432 4763 2530 4820 pro
2554 4746 2813 4804 beneﬂcio
2853 4743 3155 4800 habendum
3175 4782 3191 4806 ,
3218 4739 3361 4812 quod
3397 4738 3607 4795 occasio

2028 4845 2123 4901 tibi
2148 4844 2450 4916 praebeatur
2464 4841 2592 4896 dunt
2638 4838 2852 4895 inimico
2880 4834 3151 4893 benefacis
3169 4875 3185 4899 ,
3215 4840 3272 4886 ut
3300 4829 3607 4901 aperiantur

2029 4938 2123 4993 tibi
2145 4938 2322 5007 ianuae
2362 4932 2569 4989 fiducia:
2598 4928 2846 4986 veniendi
2887 4928 2952 4982 ad
2988 4927 3188 4988 Deum,
3219 4931 3273 4976 et
3313 4918 3604 4974 redimendi

2029 5039 2245 5101 peccata
2295 5029 2427 5083 tua?
2460 5027 2530 5082 At
2557 5024 2693 5079 forte
2723 5020 2995 5075 inimicum
3039 5013 3221 5070 ulcisci
3242 5052 3259 5078 .
3285 5019 3341 5066 et
3366 5010 3603 5101 eumqui

2029 5100 2184 5176 neniis
2225 5129 2277 5174 te
2301 5116 2468 5173 afﬁcit
2504 5112 2719 5184 paribus
2745 5109 2829 5166 vel
2871 5106 3162 5174 majoribus
3205 5103 3361 5174 plecti
3392 5100 3509 5156 vis?
3541 5101 3603 5156 Et

2028 5210 2155 5283 quid
2186 5209 2309 5264 inde
2335 5203 2624 5268 commodi,
2650 5216 2774 5258 cum
2802 5213 2976 5269 neque
3006 5205 3062 5251 tu
3080 5195 3279 5267 aliquid
3308 5194 3432 5250 inde
3458 5193 3596 5250 utili-

2031 5306 2157 5360 tatis
2186 5302 2464 5357 habiturus
2503 5297 2580 5352 sis
2603 5337 2620 5360 ,
2639 5294 2733 5349 sed
2762 5301 2976 5363 propter
2998 5291 3098 5345 hoc
3144 5291 3220 5345 sis
3243 5300 3432 5361 pmnas
3453 5286 3611 5342 datu—

2031 5412 2124 5452 rns
2174 5393 2315 5465 apud
2369 5388 2697 5445 horrendum
2737 5384 2863 5441 illud
2910 5381 3171 5447 tribunal,
3215 5388 3276 5435 nt
3325 5379 3417 5449 qui
3463 5378 3608 5445 leges

2033 5487 2163 5543 tanti
2195 5484 2386 5556 iudicis
2413 5477 2780 5535 obliteravcris
2804 5485 2858 5531 et
2884 5472 3209 5544 inm-geris?
3238 5469 3334 5525 Dic
3352 5510 3369 5536 ,
3395 5480 3496 5523 oro
3515 5504 3533 5535 ,
3563 5468 3614 5522 si

2100 5647 2116 5680 ⁸
2150 5646 2222 5696 Sic
2243 5641 2349 5693 fere
2371 5649 2556 5691 omnes.
2584 5633 2691 5699 alii.
2708 5631 2938 5692 mandati,
2965 5643 3068 5695 pro.
3091 5631 3183 5682 rei.
