4018 6136
432 219 500 274 G7
1138 220 1193 275 S.
1236 220 1511 277 JO.\N.\'IS
1551 222 2026 279 CllllYSOSTOMI
2068 226 2388 284 ARClllEP.
2428 230 2967 289 CONSTANTINOP.
3651 233 3727 292 18

432 366 526 408 rex
557 352 748 424 aliquis
792 362 1034 409 terrenus
1081 353 1252 425 legem
1294 357 1590 424 posuisset,
1627 368 1683 412 ut
1708 358 1789 412 vel
1838 359 2017 413 inimi-

435 461 620 499 corum
646 457 1163 502 nostrorum'curam
1198 462 1451 516 geramus
1478 488 1493 513 ,
1520 449 1601 503 vel
1634 461 1804 504 morte
1832 453 2020 515 punia-

430 554 573 603 mur,
607 553 782 592 annon
833 546 974 593 metu
1021 539 1530 609 mortiscorporalis
1557 557 1744 596 omnes
1770 557 2018 599 accurre-

434 641 551 683 ront
579 631 645 684 ad
675 628 995 699 implendam
1016 632 1222 702 legem?
1244 633 1452 699 Quanta
1476 635 1633 705 igitur
1650 637 2021 694 criminatione

426 722 622 792 dignus
654 722 809 776 fuerit
839 723 883 777 is
906 765 919 788 ,
951 723 1139 794 qui'ob
1185 727 1518 795 corporalem
1568 737 1792 784 mortem
1822 772 1835 792 ,
1862 745 2021 798 quam

432 814 629 883 alioqui
664 824 865 869 natura:
892 817 1185 871 necessitas
1211 817 1415 882 all'crct,
1447 821 1623 873 omnia
1646 822 1895 890 amplecti
1920 837 2018 891 pa-

431 912 600 969 ratus,
620 907 889 975 preposita
919 917 1096 961 autem
1126 922 1280 978 paena
1306 910 1492 963 mortis
1512 951 1528 974 ,
1561 926 1679 980 qua:
1710 912 1907 965 nullam
1938 914 2020 965 in-

430 995 639 1047 venerit
680 995 1139 1061 consolationem,
1175 998 1350 1052 minus
1396 1010 1545 1054 curat
1594 1000 1762 1070 legem
1792 1001 1858 1056 ab
1906 1002 2022 1055 titti-

433 1098 712 1138 versurum
742 1085 965 1141 Domino
995 1086 1195 1142 latam?

468 1173 555 1231 ‘-8.
584 1174 691 1229 Sed
720 1176 822 1231 mei
864 1176 1061 1233 oblitus
1098 1191 1216 1232 sum
1247 1221 1259 1245 ,
1286 1178 1411 1233 dum
1436 1179 1549 1235 hzec
1578 1180 1767 1251 loquor
1797 1183 1860 1236 iis
1885 1227 1898 1249 ,
1932 1184 2019 1252 qui

429 1279 531 1319 nec
570 1264 1024 1323 benefacientibus
1064 1284 1245 1338 parem
1281 1272 1502 1340 gratiam
1548 1273 1866 1342 rependunt.
1894 1274 2021 1341 Quis

430 1354 591 1423 igizur
614 1356 836 1425 posthac
859 1360 1175 1429 e-supplicio
1197 1360 1287 1415 illo
1314 1376 1410 1414 nos
1441 1362 1651 1431 eripiet,
1678 1366 1889 1432 quando
1915 1383 2017 1419 non

424 1447 603 1500 solum
625 1447 693 1502 ab
714 1448 815 1504 hoc
845 1450 1096 1506 mandato
1119 1452 1275 1523 longe
1314 1453 1576 1507 distamus
1597 1497 1609 1517 ,
1640 1455 1731 1509 sed
1760 1473 1929 1525 neque
1959 1473 2019 1511 ea

431 1538 653 1593 facimus
705 1555 823 1610 qua:
871 1542 1179 1611 publicani?
1222 1543 1294 1598 -δε
1322 1546 1469 1598 enim
1512 1546 1722 1615 diligitis
1761 1547 2021 1617 diligentes

428 1645 519 1682 vos
538 1671 553 1695 ,
576 1630 651 1684 ait
676 1672 691 1693 ,
722 1632 845 1702 quid
872 1635 1059 1704 ‘magni
1087 1635 1296 1703 facitis?
1320 1652 1503 1690 rnonne
1529 1646 1575 1690 cl
1607 1637 1879 1707 publicani
1926 1640 2022 1693 line

421 1722 565 1776 idem
594 1724 788 1793 faciunt
819 1724 1106 1798 (Matt/1.5.
1148 1728 1286 1797 46)?
1334 1727 1466 1783 Cum
1505 1729 1663 1799 igitur
1705 1747 1876 1800 neque
1923 1733 2023 1787 hoc

426 1827 461 1863 a
492 1828 525 1865 n
549 1813 645 1867 ibis
678 1814 794 1879 ﬁat,
826 1832 944 1885 qua:
986 1818 1172 1871 salutis
1216 1828 1411 1874 nostra:
1452 1820 1617 1889 Spes?
1662 1822 1785 1876 Ideo
1815 1838 1928 1884 oro,
1956 1838 2022 1878 ne

427 1903 598 1957 simus
617 1903 959 1961 immisericor
971 1907 1065 1964 des
1082 1908 1123 1973 ί,
1137 1908 1230 1963 sed
1246 1919 1464 1965 nostras
1480 1912 1828 1980 cogitationes
1847 1913 2021 1968 dome-

435 2010 555 2050 mus
578 2005 676 2061 ,τί
695 1998 922 2068 primum
947 1998 1159 2066 quidem
1178 2000 1311 2055 disc.
1336 2015 1455 2056 mus
1466 2002 1701 2058 vincere
1715 2019 1764 2074 p:
1779 2004 2019 2060 oxi:num

416 2086 651 2143 caritate
669 2129 683 2154 ,
707 2099 761 2144 et
786 2090 1079 2146 secundum
1110 2091 1323 2147 beatum
1350 2095 1682 2163 apostolum,
1719 2096 1884 2150 alium
1909 2097 2023 2153 sin-

414 2176 538 2254 :guli
569 2192 629 2233 se
668 2179 870 2237 honore
900 2184 1326 2252 prmstantiorem
1368 2185 1688 2241 arbitrantes
1704 2186 1932 2258 (Philip.
1964 2188 2018 2242 2.

424 2267 517 2337 ὅ),
548 2269 601 2323 in
624 2268 727 2325 hoc
756 2272 893 2326 vinci
922 2288 1028 2327 non
1056 2274 1310 2340 feramus,
1338 2275 1433 2329 sed
1460 2276 1734 2331 vincamus
1773 2285 1825 2331 et
1866 2293 2023 2348 supe-

425 2372 637 2425 remus,
662 2362 825 2418 sedet
847 2363 1103 2433 majorem
1131 2374 1187 2419 et
1200 2364 1575 2421 lervcntiorem
1599 2382 1720 2437 erga
1744 2368 2022 2438 diligentes

434 2453 680 2509 allectum
708 2456 1159 2513 demonstremus.
1190 2458 1301 2514 Hoc
1349 2460 1491 2514 enim
1524 2460 1754 2515 maxime
1785 2446 2021 2515 omnium

434 2547 597 2599 vitam
630 2557 865 2603 nostram
892 2550 1131 2604 continet
1154 2559 1209 2605 et
1232 2558 1549 2617 conservat,
1582 2560 1634 2605 et
1664 2551 1765 2607 hoc
1792 2567 1821 2605 a
1853 2552 2022 2607 brutis

438 2638 670 2709 ferisque
717 2640 976 2697 distamus
999 2684 1013 2708 ,
1037 2642 1177 2713 quod
1228 2647 1528 2713 possimus,
1578 2646 1622 2700 si
1656 2646 1979 2702 voluerimus
2005 2688 2020 2713 ,

439 2739 821 2800 congruentem
850 2733 1004 2789 nobis
1032 2748 1351 2791 conservare
1376 2735 1621 2792 ordinem
1643 2778 1659 2803 ,
1687 2746 1741 2792 et
1778 2752 2023 2807 magnam

439 2835 561 2874 eum
596 2822 849 2890 proximis
874 2824 1210 2879 concordiam
1233 2825 1526 2882 exhibere:
1558 2826 1751 2882 deinde
1781 2842 1908 2882 vero
1935 2842 2027 2882 co-

437 2913 745 2981 gitationem
789 2923 1025 2970 nostram
1070 2931 1351 2982 coercere,
1395 2932 1456 2973 ac
1483 2918 1835 2973 truculentam
1882 2918 2023 2973 illam

428 3006 603 3057 trram
632 3046 645 3067 ,
681 3006 810 3059 iram
840 3007 959 3061 dico
979 3049 993 3074 ,
1032 3008 1305 3063 lancinare
1330 3050 1344 3073 ,
1372 3023 1435 3063 ac
1465 3009 1724 3063 tremendi
1755 3010 1896 3065 illius
1928 3010 2022 3065 tri-

426 3094 649 3147 ‘lmualis
677 3095 952 3150 horrorem
981 3098 1076 3165 ipsi
1103 3108 1509 3167 repraesentare,
1536 3099 1783 3169 illamque
1807 3100 2024 3169 docere,

432 3186 487 3237 si
518 3185 707 3240 adduci
742 3188 909 3256 possit
936 3197 993 3242 ut
1019 3188 1246 3243 inimicis
1274 3190 1647 3245 reconcilietur
1666 3231 1680 3255 ,
1710 3188 1823 3245 fore
1847 3200 1906 3244 ut
1934 3191 2031 3245 bo-

428 3276 531 3327 -nis
562 3275 865 3345 ingentibus
893 3278 1213 3344 cumnletnr;
1246 3280 1327 3333 sin
1369 3289 1547 3334 autem
1589 3281 1639 3334 in
1685 3282 2029 3337 contentione

428 3375 751 3431 perseveret
771 3407 784 3425 ,
804 3369 952 3435 gravi
983 3368 1244 3439 supplicio
1276 3369 1540 3439 puniatur.
1575 3370 1757 3441 Neque
1780 3373 1921 3427 enim
1946 3381 2027 3426 te-

447 3470 595 3509 mere
621 3465 673 3509 et
698 3454 957 3511 inutiliter
985 3467 1195 3529 tempus
1217 3461 1522 3529 expendere
1548 3476 1645 3517 nos
1674 3472 1903 3532 oportet,
1934 3463 2029 3519 scd

442 3546 664 3615 singulis
690 3548 877 3604 diebus
906 3561 960 3605 et
1010 3551 1155 3606 horis
1189 3561 1314 3608 ante
1356 3554 1542 3609 oculos
1572 3564 1783 3611 nostros
1830 3570 2028 3626 prepo-

444 3652 577 3691 nere
609 3638 818 3693 Domini
852 3640 1108 3710 judicium
1135 3658 1149 3708 ;
1182 3653 1233 3698 et
1256 3659 1372 3715 qua:
1399 3644 1507 3699 sint
1549 3660 1611 3701 ea
1639 3661 1759 3717 qua:
1783 3662 2027 3717 magnam

446 3730 596 3783 nobis
629 3730 870 3786 tidut-iam
893 3734 1082 3790 atl‘crre
1108 3746 1319 3805 queant,
1347 3752 1588 3807 quanam
1616 3738 1740 3793 item
1766 3754 1884 3808 qua:
1912 3754 2028 3808 pte-

447 3834 567 3872 nam
597 3821 844 3876 inferant.
875 3827 1047 3895 Atque
1068 3826 1180 3881 hzec
1226 3829 1293 3881 ita
1324 3838 1597 3884 versantes
1626 3830 1679 3883 in
1720 3834 1916 3885 nostris
1940 3846 2032 3885 co-

445 3912 788 3977 gitationihus
816 3957 830 3981 ,
859 3930 1171 3984 superemus
1198 3917 1420 3972 allectus
1439 3956 1455 3983 ,
1483 3933 1887 3988 compescamus
1908 3936 2028 3975 car-

450 4002 815 4072 nis-lascivias,
836 4014 889 4059 cl
912 4008 1315 4073 murtiﬁcemus,
1339 4009 1630 4063 secundum
1657 4011 1871 4065 beatum
1896 4012 2028 4065 Pau-

447 4093 577 4159 lum,
612 4095 838 4149 Membra
880 4106 1051 4151 nostra
1075 4114 1187 4169 qua:
1213 4107 1330 4152 sunt
1374 4115 1524 4170 super
1553 4108 1737 4154 terram
1761 4143 1774 4167 ,
1804 4104 2029 4172 fornica-

446 4186 677 4252 tionem,
740 4188 1111 4241 intumuditiam
1140 4227 1157 4255 ,
1212 4189 1514 4255 mollitiem,
1576 4194 2030 4261 concupiscentiam

447 4277 631 4329 nmium
658 4276 834 4344 (Colos
858 4282 1061 4335 sens.5.
1087 4279 1162 4344 5),
1198 4278 1431 4334 furorem
1458 4322 1473 4348 ,
1501 4282 1769 4335 avaritiam
1791 4324 1805 4348 ,
1838 4299 2027 4338 vanam

442 4368 685 4435 gloriam,
702 4369 1220 4439 invidentiam.Quod
1238 4373 1281 4426 si
1300 4372 1382 4427 his
1396 4373 1761 4430 allectionibus
1777 4392 1872 4430 nos
1885 4394 2030 4431 mor-

445 4474 565 4515 tuos
598 4463 1005 4531 reddiderimus,
1043 4465 1112 4519 ita
1158 4476 1213 4520 ut
1258 4467 1308 4520 in
1341 4467 1494 4522 nobis
1532 4470 1662 4524 nihil
1688 4471 1895 4540 operari
1936 4487 2027 4525 va-

443 4553 603 4617 leant,
624 4555 914 4623 poterimus
931 4558 1168 4626 accipere
1186 4559 1206 4610 Γ
1206 4568 1383 4615 ructus
1399 4559 1741 4634 Spiritus,qui
1758 4571 1881 4617 snnt
1895 4564 2033 4618 Cari-

440 4656 541 4711 tas,
565 4647 827 4713 gaudium,
848 4664 968 4715 pax,
993 4650 1365 4719 longanimitas,
1390 4653 1686 4725 benignitas,
1718 4654 1933 4720 bonitas,
1964 4657 2031 4722 ﬁ-

443 4738 550 4799 des,
571 4740 919 4794 mansuetudo.
937 4743 1237 4795 continentia
1253 4743 1397 4813 (Gal.
1416 4746 1467 4800 5.
1483 4746 1600 4816 22).
1619 4747 1731 4802 Hoc
1742 4746 2031 4802 Christiani

442 4827 512 4881 ab
540 4828 737 4885 iulideli
770 4830 1051 4886 discrimen
1096 4834 1162 4886 sit
1198 4852 1211 4886 :
1243 4834 1325 4887 his
1366 4835 1652 4905 signaculis
1694 4837 2028 4892 internosca-

444 4934 582 4985 tnnr,
619 4936 684 4973 ne
705 4921 816 4975 sola
846 4922 1200 4992 appellatione
1225 4939 1501 4991 ornentur,
1527 4941 1698 4997 neque
1726 4926 1907 4982 habitu
1938 4943 2032 4982 ex-

438 5019 600 5063 terno
641 5010 884 5066 inﬂentur
917 5024 972 5068 et
999 5016 1376 5084 superbiamus
1398 5058 1411 5080 ,
1442 5016 1551 5071 imo
1577 5016 1701 5072 licet
1729 5018 2030 5086 possidere-

436 5115 565 5152 ~iuns
592 5103 766 5156 omnia
793 5145 808 5169 ,
838 5120 955 5172 quae
1000 5120 1142 5159 nunc
1181 5108 1526 5174 enumeravi,
1560 5122 1629 5162 ne
1658 5108 2029 5178 superbiamus

444 5206 724 5261 umquam,
764 5195 869 5247 imo
915 5197 1082 5266 magis
1134 5212 1231 5251 nos
1281 5197 1640 5253 humiliemns.
1688 5198 1856 5265 Nam,
1905 5200 2028 5252 Cum

444 5287 613 5339 omnia
644 5289 879 5356 feceritis,
912 5289 1004 5354 ait,
1037 5290 1189 5343 dicite
1220 5306 1237 5343 :
1264 5290 1412 5345 Servi
1440 5289 1646 5346 inutiles
1668 5307 1843 5346 sumas
1872 5290 2028 5365 (Luc.

445 5380 531 5431 17.
569 5380 676 5446 10).
710 5378 763 5435 Si
794 5381 863 5435 ita
886 5381 1096 5436 solliciti
1122 5392 1357 5436 nostram
1384 5384 1604 5438 salutem
1637 5382 2025 5448 curaverimus,

496 5540 519 5566 '1
555 5534 641 5597 ttic
661 5533 861 5583 multum
884 5535 1065 5597 variant
1085 5534 1399 5597 exemplaria.
1419 5535 1558 5586 Savil.
1582 5546 1627 5585 et
1650 5534 1863 5586 Colliert.
1885 5549 2026 5596 unus,

438 5606 499 5641 ne
522 5595 667 5643 simus
694 5597 848 5657 igmui
872 5596 1003 5646 circa
1025 5595 1395 5647 observationem
1417 5605 1768 5647 mandatorum.
1817 5598 1985 5645 cuisliu
2010 5595 2023 5655 ,

440 5666 499 5705 ne
515 5657 780 5717 publicanis
797 5658 944 5709 simas
962 5658 1157 5709 similes.
1179 5658 1358 5721 Morel.,
1373 5672 1428 5709 ne
1445 5660 1593 5710 simus
1612 5659 1743 5710 imini
1758 5659 2026 5710 .cricordes.

2138 344 2432 411 poterimus
2455 345 2688 399 et‘nobis
2715 346 2843 415 ipsis
2878 346 3133 415 prodesse
3164 348 3472 422 pldrimum,
3498 360 3548 408 et
3576 369 3606 407 ι
3640 352 3719 407 ln-

2135 443 2252 488 turo
2276 436 2693 505 supplicioeripi
2720 478 2735 503 ,
2758 447 2813 491 et
2837 438 2901 491 iis
2935 440 3024 508 qui
3054 454 3153 493 nos
3180 441 3445 509 viderint,
3478 446 3720 515 magistri

2131 542 2249 582 esse
2288 542 2467 581 rerum
2500 528 2708 583 utilium
2743 548 2755 583 :
2785 540 2841 584 nt
2886 531 3173 601 diligenter
3201 544 3387 589 exacta
3441 536 3539 592 hac
3563 538 3674 592 vita
3701 581 3716 603 ,

2130 630 2477 685 assequamur
2504 632 2645 684 eam,
2674 635 2795 688 qua:
2826 620 2877 674 in
2902 620 3079 675 futuro
3109 624 3307 678 smcnlo
3329 626 3450 693 erit,
3474 627 3718 697 benigni-

2132 714 2317 774 tatem,
2345 725 2501 778 quam
2519 710 2671 765 nobis
2695 712 2943 767 omnibus
2966 715 3224 770 concedat
3240 718 3405 785 gratia
3432 728 3488 774 et
3505 721 3719 774 miseri-

2129 799 2312 854 cordia
2338 802 2543 857 Domini
2572 805 2740 859 nostri
2764 804 2887 859 .lcsu
2915 804 3134 872 Christi,
3158 823 3279 862 eum
3301 824 3409 878 quo
3438 811 3577 864 Patri
3595 812 3721 880 glo-

2131 893 2228 959 ria,
2258 893 2562 963 imperium,
2587 894 2759 950 honor
2777 896 2829 950 in
2860 899 3050 952 sarcula
3069 901 3593 959 szeculorum.Amen
3614 904 3721 974 (a).

2695 1006 2973 1063 IIOMILIA
3016 1008 3080 1064 V.

2134 1131 2195 1184 Et
2232 1132 2358 1185 dixit
2385 1131 2447 1186 Ι).
2466 1150 2521 1187 us
2554 1152 2565 1187 :
2596 1132 2962 1205 Congregctnr
2998 1152 3130 1206 aqua
3159 1152 3280 1208 quae
3311 1137 3411 1193 sub
3434 1139 3566 1193 ca‘lo
3595 1150 3676 1195 est
3705 1182 3723 1206 ,

2131 1223 2181 1277 in
2207 1226 2667 1293 c0ngrcgatiot;em
2688 1241 2864 1291 unam,
2888 1237 2940 1283 et
2956 1240 3207 1299 appareat
3224 1229 3367 1283 arida
3391 1229 3543 1300 (Gen.
3570 1233 3619 1286 l.
3642 1233 3725 1301 9).

2202 1355 2252 1407 1.
2278 1354 2546 1426 Scriptura
2568 1358 2873 1426 aurifodmis
2898 1371 3243 1428 comparatur.
3267 1388 3337 1402 -—
3357 1362 3467 1430 Age
3488 1371 3540 1415 et
3562 1360 3724 1416 hodie

2127 1461 2193 1501 ex
2224 1446 2364 1501 beati
2392 1448 2599 1503 Moseos
2633 1451 2812 1504 verbis
2833 1452 3133 1506 convivium
3166 1454 3489 1509 instruamus
3528 1466 3724 1509 vestra:

2127 1539 2369 1605 caritati,
2401 1549 2455 1594 et
2479 1556 2597 1609 qtae
2632 1557 2659 1594 a
2693 1541 2921 1596 Domino
2954 1542 3042 1598 die
3075 1544 3234 1598 tertio
3258 1545 3393 1599 facta
3423 1547 3525 1599 sint
3548 1587 3563 1612 ,
3596 1546 3724 1599 dili-

2128 1638 2315 1698 genter
2330 1629 2749 1684 consideremus.
2775 1631 2904 1685 Nam
2932 1633 2975 1685 si
3004 1632 3035 1686 ii
3055 1634 3141 1703 qui
3161 1634 3210 1687 in
3230 1634 3545 1688 aurifodinis
3568 1635 3724 1689 labo-

2128 1729 2246 1773 rant
2272 1718 2345 1791 (li)
2366 1761 2381 1786 ,
2410 1720 2496 1776 ubi
2528 1737 2688 1776 venas
2714 1724 2969 1791 quasdam
3001 1734 3240 1779 ramenta
3272 1742 3380 1795 pra:
3410 1727 3723 1783 seferentes

2127 1813 2419 1881 con5picati
2462 1814 2651 1869 iuerint
2678 1856 2691 1879 ,
2725 1831 2752 1868 a
2788 1816 3040 1871 fodiendo
3070 1833 3175 1873 non
3207 1819 3509 1888 desistunt,
3552 1822 3725 1877 donec

2126 1918 2246 1973 qua:
2262 1904 2477 1959 obstant
2492 1908 2808 1973 amoverim,
2830 1910 2953 1963 etin
2976 1909 3293 1978 profundum
3311 1912 3722 1976 descendentes.

2128 2008 2258 2064 opes
2281 1995 2402 2051 inde
2427 2012 2646 2068 magnas
2678 1988 3017 2069 perceperint
3041 2019 3055 2055 :
3083 2002 3252 2056 multo
3291 2003 3458 2073 magis
3493 2019 3592 2057 nos
3616 2021 3720 2058 non

2128 2085 2241 2139 auri
2260 2096 2496 2142 ramenta
2515 2088 2860 2159 inquirentes,
2880 2090 2973 2145 sed
2993 2091 3394 2147 inenarrabilem
3405 2095 3721 2149 thesaurum
3752 2116 3755 2119 ·

2130 2178 2441 2234 inventuros
2461 2191 2760 2250 sperantes,
2780 2183 2936 2237 decet
2956 2184 3191 2254 quotidie
3216 2185 3722 2257 illuminvestigare,

2139 2282 2197 2326 ut
2226 2272 2402 2327 multis
2433 2275 2795 2343 Spiritualihus
2819 2275 3018 2330 divitiis
3051 2275 3174 2331 inde
3200 2278 3463 2343 collectis,
3502 2279 3723 2333 donnim

2131 2362 2433 2418 redeamus.
2452 2364 2581 2418 Nam
2602 2366 2707 2420 illic
2734 2365 2947 2435 quidem
2964 2367 3162 2423 divitia:
3188 2369 3468 2424 sensibiles
3494 2369 3727 2423 dominis

2129 2455 2239 2509 suis
2270 2454 2577 2525 frequenter
2600 2456 2888 2512 multorum
2918 2459 3276 2528 periculorum
3303 2474 3462 2515 causa
3488 2459 3724 2523 luet-init,

2132 2552 2187 2599 et
2227 2553 2349 2599 ante
2379 2546 2614 2615 pericula
2644 2548 2859 2603 brevem
2894 2549 3218 2618 voluptatem
3254 2549 3556 2619 prmbenles
3584 2551 3723 2614 illis,

2131 2635 2314 2689 statim
2358 2636 2677 2701 avolarunt,
2703 2637 2787 2691 vel
2816 2638 3161 2707 sycophantis
3203 2639 3574 2693 insidiantibus
3595 2681 3609 2701 ,
3640 2640 3725 2693 vel

2131 2725 2352 2787 furibus,
2384 2727 2469 2781 vel
2499 2727 2794 2783 latronibus
2816 2728 3050 2806 parietes
3068 2729 3485 2800 cll‘ringentibns,
3517 2732 3599 2785 vel
3628 2748 3728 2784 ett-

2134 2816 2377 2871 stodibus
2405 2816 2612 2872 famulis
2637 2818 3049 2888 surripientibus
3076 2860 3089 2883 ,
3129 2830 3184 2874 et
3214 2821 3331 2891 fuga
3371 2821 3724 2878 elabentilms.

2134 2908 2232 2963 Hic
2275 2918 2453 2963 autem
2481 2910 2611 2963 nihil
2632 2910 2744 2964 tale
2783 2913 3038 2982 suspicari
3068 2913 3227 2967 licet:
3261 2914 3416 2983 diripi
3445 2915 3586 2969 enim
3613 2916 3726 2984 spi-

2130 3001 2471 3056 ritualisiste
2498 3000 2777 3056 thesaurus
2822 3003 3030 3072 nequit,
3065 3013 3117 3058 et
3150 3004 3237 3057 ubi
3268 3004 3320 3058 in
3352 3007 3727 3074 prontmuariis

2132 3093 2328 3148 mentis
2352 3102 2546 3146 nostrae
2582 3092 2891 3148 reconditus
2934 3093 3087 3149 fuerit
3108 3137 3121 3158 ,
3151 3096 3218 3149 ab
3247 3097 3494 3150 onmihus
3522 3097 3724 3151 insidiis

2133 3195 2215 3241 est
2243 3185 2686 3241 securusrmodo
2734 3201 2839 3240 non
2884 3202 2982 3256 per
3009 3186 3274 3256 ignaviam
3317 3189 3489 3243 locum
3538 3188 3726 3243 demus

2135 3277 2183 3331 ei
2214 3276 2303 3346 qui
2350 3277 2499 3330 illum
2531 3276 2686 3331 nobis
2718 3277 2930 3331 auferre
2963 3279 3132 3347 cupit.
3162 3278 3597 3349 Quandoquidem
3627 3280 3726 3333 ini-

2135 3368 2305 3423 micus
2336 3376 2537 3431 noster,
2567 3368 2854 3438 malignus,
2882 3370 3096 3440 inquam
3122 3412 3136 3436 ,
3166 3370 3375 3425 dmtnon
3394 3415 3406 3435 ,
3430 3387 3553 3427 cum
3584 3373 3727 3427 videt

2133 3460 2432 3530 quempiam
2482 3460 2784 3528 spiritualcs
2833 3461 3115 3530 collegisse
3168 3461 3379 3517 divitias
3409 3505 3426 3530 ,
3484 3462 3614 3517 furit
3668 3473 3724 3518 et

2134 3552 2379 3607 dentibus
2409 3549 2585 3606 fremit
2610 3592 2623 3615 ,
2652 3552 2980 3622 multumque
3021 3552 3235 3622 vigilat,
3265 3563 3322 3606 ut
3362 3563 3719 3623 opportunum

2135 3653 2344 3715 tempus
2371 3652 2580 3713 captet,
2611 3660 2717 3714 quo
2753 3644 2915 3698 furari
2947 3653 3105 3714 queat
3135 3645 3331 3715 aliquid
3371 3663 3433 3700 ex
3464 3648 3606 3700 intus
3636 3663 3724 3701 rc-

2137 3735 2391 3790 conditis.
2418 3734 2631 3789 Nullum
2676 3744 2855 3788 autem
2881 3734 3219 3789 commodum
3252 3735 3325 3789 illi
3356 3745 3560 3804 tempus
3601 3748 3679 3790 est
3706 3778 3724 3802 ,

2135 3836 2490 3897 praeterquam
2520 3826 2644 3879 dmn
2675 3825 2847 3895 ignavi
2877 3839 3060 3879 sumus
3094 3843 3106 3878 :
3141 3825 3261 3880 ideo
3290 3837 3539 3896 perpetua
3572 3828 3727 3881 nobis

2134 3920 2401 3989 vigilantia
2431 3932 2565 3986 opus
2599 3924 2681 3970 est
2720 3916 2786 3970 ad
2817 3916 3174 3971 excludendas
3199 3916 3337 3970 illius
3366 3916 3722 3971 incursiones.

2135 4010 2265 4066 Nam
2307 4024 2402 4065 eos
2443 4022 2580 4079 quos
2625 4007 2817 4062 viderit
2847 4006 3137 4061 admodum
3181 4007 3390 4062 sobrios
3418 4017 3471 4062 et
3497 4008 3723 4077 vigiles,

2135 4116 2255 4155 eum
2282 4099 2451 4155 semel
2476 4108 2636 4168 atque
2663 4098 2855 4151 iterum
2899 4111 3180 4167 aggressus
3203 4137 3218 4161 ,
3242 4097 3445 4151 irritum
3476 4108 3725 4151 conatum

2134 4191 2311 4255 videt,
2353 4189 2606 4258 relinquit
2653 4187 2864 4243 tandem
2896 4187 3101 4257 pudore
3139 4186 3396 4248 allectus.
3427 4202 3622 4256 gnarus
3665 4202 3726 4241 se

2139 4282 2268 4336 nihil
2298 4282 2559 4350 proﬁt-ere
2580 4321 2594 4345 ,
2626 4280 2669 4334 si
2702 4280 2753 4333 in
2782 4279 3021 4333 custodia
3050 4279 3456 4348 perstiterimns.
3496 4278 3725 4332 Proinde

2134 4388 2254 4427 cum
2285 4372 2518 4425 sciamus
2547 4385 2642 4439 per
2669 4379 2837 4424 totam
2870 4369 3007 4424 hanc
3045 4371 3207 4423 vitam
3239 4370 3392 4424 nobis
3411 4370 3722 4424 certandum

2137 4478 2277 4527 csse,
2315 4464 2392 4516 sic
2416 4476 2514 4515 nos
2540 4476 2807 4515 armemus
2827 4500 2842 4525 ,
2873 4461 3021 4531 quasi
3051 4470 3366 4530 prtesentem
3395 4475 3604 4527 semper
3634 4462 3725 4512 ha-

2137 4557 2354 4609 beamus
2382 4555 2672 4616 inimicum,
2702 4554 2788 4623 qui
2817 4553 3017 4623 absque
3039 4553 3432 4607 intermissione
3450 4554 3718 4619 observet,

2138 4662 2261 4699 ntun
2310 4645 2593 4713 aliquando
2636 4644 2717 4696 vel
2764 4658 2947 4712 parum
3001 4643 3389 4708 dormitantes,
3441 4643 3722 4698 insidiandi

2136 4740 2468 4794 occasionem
2494 4738 2541 4791 ei
2571 4737 2929 4807 praebeamus.

2220 4832 2465 4886 Viaticum
2492 4831 2559 4883 ad
2583 4831 2733 4884 vitam
2762 4831 2990 4897 futuram
3017 4829 3157 4882 nobis
3193 4827 3588 4898 comparandum
3612 4836 3720 4893 est,

2183 4935 2256 4995 (a)
2290 4934 2537 4985 Conclusio
2558 4933 2767 4999 humilia:
2806 4937 2853 4984 in
2888 4942 2994 4999 Mss.
3022 4942 3073 4984 et
3095 4936 3236 4985 Savil.
3260 4938 3414 4986 variat
3434 4951 3522 4999 pro
3545 4950 3701 4988 more.

2119 5004 2229 5046 "me
2252 5005 2416 5059 autem
2440 4998 2660 5059 apposite
2683 5004 2819 5059 notat
2851 4996 3051 5059 Savilius
3074 5011 3086 5045 :
3131 5014 3153 5042 α
3178 4999 3285 5046 Mira
3327 5006 3405 5048 est
3428 4996 3610 5059 ubique
3650 5002 3700 5049 in

2119 5056 2349 5107 clausulis
2382 5056 2686 5122 hami—[ianua
2711 5058 3033 5122 inconstantia
3073 5060 3120 5106 in
3146 5059 3287 5106 Codd.
3328 5066 3453 5117 Mss,
3490 5056 3705 5122 ideoque

2121 5132 2207 5169 eas
2230 5131 2324 5168 non
2348 5118 2505 5168 semel
2529 5130 2553 5165 a
2577 5119 2751 5168 scribis
2771 5121 2947 5179 potius,
2973 5132 3115 5179 quam
3155 5122 3217 5167 ab
3248 5122 3458 5170 auctoris
3494 5118 3706 5169 ceruina

2120 5190 2290 5231 enalas
2311 5181 2471 5241 putavi
2498 5194 2510 5228 :
2538 5188 2591 5229 ut
2614 5194 2707 5228 non
2734 5181 2902 5229 insonte
2923 5179 3035 5229 mihi
3062 5179 3237 5241 fecisse
3260 5182 3513 5229 videantur
3546 5182 3704 5230 Vero-

2119 5256 2260 5291 nens.
2285 5239 2402 5290 Edit.
2428 5241 2742 5303 tzhrysostomi
2769 5241 2817 5288 in
2844 5242 2984 5303 Epist.
3000 5239 3217 5290 Pauliuas
3228 5249 3471 5301 auctores,
3493 5245 3575 5304 qui
3594 5256 3705 5292 eum

2121 5316 2321 5375 ventum
2348 5308 2506 5375 estad
2540 5306 2678 5375 illud,
2708 5307 2869 5375 gratia
2908 5316 2953 5358 et
2976 5309 3335 5375 inriserit-ordia
3358 5348 3370 5369 ,
3412 5315 3566 5375 χάριτι
3610 5317 3693 5362 καὶ

2128 5369 2457 5432 μιλανθρωπίᾳ,
2484 5368 2672 5428 reliqua
2696 5368 2784 5430 pro
2815 5373 3012 5420 lectoris
3037 5372 3242 5422 arbitrio
3264 5368 3509 5435 explenda
3536 5379 3694 5423 relin-

2118 5435 2297 5492 quunL
2337 5444 2359 5477 ›

2181 5498 2250 5568 (ὁ)
2286 5499 2399 5547 Itinc
2420 5499 2725 5568 desumptnm
2751 5508 2824 5549 est
2851 5503 3034 5568 initium
3051 5503 3262 5553 Homilies
3287 5503 3412 5553 illius
3433 5521 3543 5568 quae
3577 5509 3708 5561 inter

2117 5572 2155 5619 s:
2177 5562 2275 5607 uria
2310 5570 2352 5606 δ.
2395 5561 2627 5629 A_t_hanisii
2665 5566 2891 5629 omsc‘rla
2915 5568 3346 5629 cireutnt'ertur,et
3380 5561 3524 5629 quam
3547 5571 3707 5620 edidi-

2121 5630 2390 5693 nuis't'mm
2424 5622 2459 5667 ll
2500 5635 2707 5681 tipertnn
2752 5625 2989 5672 Athanasii
3033 5640 3077 5686 ι».
3113 5628 3215 5676 ιοι.
3247 5628 3353 5689 Ejus
3379 5622 3564 5680 tullium
3602 5643 3700 5693 est,

2126 5685 2243 5744 ὗσιιρ
2265 5697 2299 5731 oi
2322 5697 2382 5742 τήν
2406 5708 2551 5744 “suae
2584 5702 2643 5746 τῇ·
2665 5698 2903 5742 μκαλλιυιιν.
