4018 6136
364 331 434 387 ,9
1508 300 1773 361 nume.-
1804 298 2133 359 1.1GENES:
2168 298 2400 359 ιιοιιιι..
2442 297 2507 357 vs.

344 442 716 493 exercitatione
741 444 979 488 variatum
1006 437 1054 483 et
1077 426 1287 485 assidua
1307 435 1625 497 peccatorum
1654 421 1933 495 cou{essio-

356 524 633 580 ne.-—i\ton
649 521 799 581 vides
826 519 1141 592 pecuniosos
1158 517 1295 585 illos,
1317 530 1439 575 cum
1459 514 1689 571 hostium
1700 519 1948 571 metuunt

360 615 746 680 incursionem,
768 621 966 684 quanta
992 610 1197 668 scilicet
1219 601 1948 664 cura-res-suascustodiant?
1972 628 1978 632 -

362 706 494 761 Nam
520 705 612 760 alii
638 704 860 761 serisct
886 700 1159 774 repagulis
1178 699 1372 770 .januas
1399 697 1663 761 muniunt,
1696 704 1753 750 ut
1775 708 1869 750 eas
1892 692 1947 747 in

360 811 476 854 tuto
496 797 798 860 collucent:
821 795 910 851 alii
934 795 988 851 in
1010 803 1207 850 terram
1230 789 1583 857 abscondunt,
1611 788 1683 845 ita
1707 796 1762 843 ut
1790 800 1949 843 nemo

357 890 499 951 scire
525 889 697 959 possit
731 889 819 944 uhi
847 888 1077 944 lateant.‘
1099 885 1298 949 Eadem
1325 882 1605 955 diligentia.
1621 890 1678 939 et
1709 895 1810 937 nos
1834 880 1947 934 col-

360 981 570 1037 lectam
588 980 844 1036 virtutum
869 993 1054 1050 gazam
1075 975 1347 1035 custodire
1372 989 1467 1045 par
1485 982 1588 1041 est,
1612 981 1668 1030 et
1692 986 1799 1028 non
1825 978 1950 1026 ante

360 1072 609 1130 etunium
634 1072 822 1127 oculos
868 1054 1170 1141 proponere
1193 1109 1211 1134 ,
1235 1065 1332 1124 sed
1368 1064 1424 1121 in
1450 1064 1714 1123 tutissimo
1755 1060 1951 1118 mentis

364 1166 733 1238 promptuario
760 1179 1025 1235 reponere
1042 1203 1061 1230 ,
1088 1171 1144 1218 et
1165 1175 1366 1219 omnes
1380 1173 1571 1231 rapere
1598 1155 1830 1214 volentis
1866 1155 1971 1210 iu-L

361 1257 533 1314 sidias
559 1256 878 1321 excludere,
908 1263 966 1310 nt
992 1268 1114 1310 cum
1144 1268 1175 1307 a
1205 1251 1455 1323 pncdonc
1481 1258 1648 1305 tutam
1672 1262 1791 1303 eam
1833 1261 1953 1302 ser-

366 1347 674 1404 vaverimus
694 1386 713 1414 ,
738 1347 808 1401 sit
832 1345 987 1401 nobis
1014 1344 1262 1399 viaticum
1290 1341 1357 1398 ad
1385 1340 1615 1397 futuram
1639 1339 1803 1394 vitam
1828 1336 1973 1393 hinc.

365 1437 742 1508 migrantibus.
785 1435 995 1492 Etenim
1021 1434 1158 1491 sicut
1182 1433 1225 1488 ii
1244 1432 1335 1505 qui
1365 1431 1418 1486 in
1444 1439 1582 1487 terra
1607 1428 1779 1487 alium
1806 1434 1952 1494 Sunt,

365 1528 666 1599 quandoin
694 1528 920 1599 patriam
951 1541 1104 1582 suam
1133 1525 1311 1582 redire
1342 1522 1602 1595 cupiunt,
1628 1521 1796 1578 multo
1821 1528 1956 1577 tem-

370 1636 511 1692 pore
548 1621 801 1692 paulatim
847 1619 1064 1676 student
1089 1625 1144 1674 et
1186 1624 1376 1677 curant
1420 1624 1624 1675 tantum
1669 1612 1956 1669 corradere

370 1712 549 1769 viatici
573 1755 591 1780 ,
634 1721 890 1783 quantum
932 1710 1000 1767 ad
1030 1710 1130 1766 viae
1172 1707 1554 1780 longitudinem
1594 1706 1674 1763 eis
1713 1705 1958 1769 sufﬁcere

371 1815 578 1876 queat,
607 1814 666 1860 ut
694 1820 762 1860 ne
792 1803 998 1865 incuria
1022 1801 1165 1858 fame
1204 1801 1411 1872 seipsos
1433 1799 1659 1872 perdant
1686 1817 1701 1854 :
1730 1799 1805 1855 ita
1825 1813 1978 1856 sane.

373 1900 550 1956 facere
589 1907 663 1955 et.
682 1912 786 1953 nos
824 1904 1078 1966 oportet,
1116 1894 1239 1965 quia
1266 1892 1530 1964 peregrini
1568 1891 1655 1949 hic
1694 1906 1878 1953 sumus
1903 1899 1959 1948 et
1990 1932 1993 1933 ν

368 1990 632 2053 advena},
677 1986 1130 2058 tit-provideamus
1155 1995 1205 2043 et
1250 1998 1572 2056 reponamus
1608 1982 1764 2039 nobis
1790 1981 1959 2052 spiri-

373 2080 592 2135 tualium
621 2079 874 2133 virtutum
898 2077 1087 2134 viatica
1113 2094 1128 2133 :
1157 2085 1214 2131 ut
1233 2075 1445 2147 quando
1462 2073 1778 2147 prmceperit
1793 2073 1952 2130 nobis

373 2171 632 2228 horninus
651 2171 704 2235 in
732 2180 967 2227 nostram
995 2168 1177 2227 redire
1204 2168 1449 2239 patriam,
1482 2166 1649 2238 parati
1686 2165 1877 2233 simus,
1902 2172 1960 2221 et

369 2262 476 2319 alia
497 2262 708 2333 quidem
730 2262 1005 2320 nobiscum
1028 2261 1339 2327 aderamus,
1362 2259 1469 2316 alia
1484 2267 1666 2315 autem
1686 2258 1797 2330 jam
1818 2272 1962 2329 prae,

371 2353 538 2408 missa
566 2351 879 2409 habeamus.
912 2350 1113 2409 llorum
1133 2350 1276 2405 enim
1296 2348 1608 2405 viaticorum
1633 2348 1755 2404 talis
1774 2357 1967 2407 natura

368 2453 478 2509 est,
505 2454 565 2499 ut
589 2459 651 2500 ea
679 2460 799 2515 qua:
828 2460 925 2515 pcr-
952 2444 1212 2500 bouorum
1242 2440 1965 2510 operationcmvoluerimus

370 2543 500 2595 ante
539 2549 638 2590 nos
684 2535 1053 2605 praemittere,
1098 2548 1221 2590 cum
1245 2532 1394 2601 .illuc
1433 2544 1534 2587 nos
1558 2531 1917 2601 prtevencrint
1940 2570 1957 2598 ,

367 2625 562 2694 ianuas
586 2624 740 2683 nobis
766 2624 1025 2695 aperiant
1053 2622 1261 2680 fiducia:
1286 2621 1354 2678 ad
1380 2622 1661 2683 Dominum
1687 2631 1743 2679 et
1772 2621 1961 2679 introi-

372 2725 487 2770 tum
510 2715 740 2782 facilem,
762 2724 822 2775 .et
851 2715 1050 2786 absque
1079 2729 1279 2786 pavore
1295 2755 1311 2780 ,
1337 2722 1394 2772 et
1421 2728 1667 2785 magnam
1693 2712 1835 2785 apud
1861 2711 1960 2769 Ju-

369 2805 557 2862 dicem.
575 2805 994 2862 benevolentiam
1020 2804 1335 2861 concilient,

441 2896 509 2953 2.:
531 2897 598 2951 Et
640 2906 703 2955 ut
724 2895 902 2952 discas
927 2935 942 2961 ,
968 2894 1167 2951 dilecte
1187 2934 1203 2961 ,
1236 2893 1351 2951 haec
1378 2894 1432 2950 in
1462 2894 1606 2950 hunc
1645 2908 1709 2957 se
1745 2893 1962 2951 modum

374 2986 592 3051 habere,
612 2986 803 3056 collige
827 2985 972 3051 hinc,
989 2985 1129 3055 quod
1151 2986 1239 3055 qui
1255 2984 1550 3049 liberaliter
1567 2984 1962 3056 eleemosynam

374 3078 646 3148 impertit,
677 3086 732 3132 et
760 3076 848 3131 hic
874 3091 998 3130 cum
1030 3075 1167 3131 bona
1211 3074 1539 3130 conscientia
1567 3082 1843 3142 versatur,
1873 3075 1961 3129 ubi

373 3169 496 3224 hinc
523 3167 806 3223 translatus
837 3165 1015 3236 fuerit,
1047 3182 1293 3238 magnam
1318 3166 1459 3238 apud
1485 3165 1726 3223 Iudicem
1754 3166 1987 3223 miserit

371 3259 610 3315 cordiam
638 3259 871 3316 inveniat
890 3299 907 3324 ,
937 3268 1100 3334 atque
1125 3259 1280 3316 beata
1298 3258 1393 3314 illa
1421 3258 1726 3316 verbacum
1756 3262 1972 3319 caeteris

370 3351 554 3407 audiat
575 3369 593 3406 :
636 3350 1103 3418 Venite,-benedieli
1130 3350 1306 3411 Patris
1342 3352 1440 3406 mei
1458 3390 1473 3420 ,
1501 3352 1714 3423 accipite
1734 3354 1786 3409 in
1806 3358 1965 3411 hare-

370 3446 581 3503 ditalem
603 3461 838 3517 regnum,
865 3445 1003 3517 quod
1022 3444 1159 3503 vobis
1181 3454 1527 3516 praporatum
1555 3432 1631 3501 est
1661 3462 1694 3500 a
1726 3448 1965 3505 comttht-

371 3538 507 3593 tione
534 3537 749 3591 mundi:
766 3536 886 3607 quia
920 3537 1139 3603 ascribi,
1187 3544 1234 3591 et
1252 3536 1471 3592 dedistis
1490 3536 1629 3592 mihi
1658 3538 1964 3597 manducare

371 3629 395 3701 (
410 3628 599 3703 ﬂatur.
624 3628 716 3684 25.
741 3629 832 3685 51.
864 3628 991 3699 '55).
1021 3628 1252 3699 ldipsum
1280 3635 1428 3684 certe
1467 3636 1522 3682 et
1545 3628 1598 3683 in
1639 3627 1761 3684 aliis
1789 3628 1973 3687 virtu--

373 3720 517 3777 tibus
540 3720 867 3790 contingere.
880 3719 1142 3775 invenias.
1170 3718 1343 3774 Sic-et
1376 3718 1431 3773 in
1475 3718 1814 3776 confessione
1840 3733 1989 3789 pecv.

369 3820 615 3866 catorutn
640 3819 744 3876 “et
784 3810 838 3865 in
880 3809 1192 3869 assiduitate
1234 3808 1554 3880 fervorcqne
1598 3810 1977 3880 precationum

377 3911 699 3958 eventurum
744 3909 846 3959 est.
892 3900 1118 3970 Quando
1157 3900 1303 3957 enim
1342 3901 1409 3957 ia.
1445 3900 1693 3971 praesenti
1721 3901 1826 3956 vita
1872 3916 1968 3970 per

370 3993 765 4050 confessionem
794 4001 1009 4063 peccata
1037 3992 1284 4061 abluere,
1318 4001 1373 4049 ct
1400 3992 1768 4050 remissionem
1796 4008 1829 4049 a
1856 3993 1966 4049 Do-

383 4086 769 4157 minoassequi
811 4085 1179 4155 potuerimus,
1222 4068 1483 4141 abibimus
1502 4084 1637 4141 illuc
1679 4100 1709 4143 a
1736 4084 1969 4155 peccatis

376 4177 514 4247 puri,
546 4185 600 4232 et
623 4191 890 4247 magnam,
908 4191 1033 4247 qua:
1060 4184 1185 4232 tunc
1207 4175 1364 4232 nobis
1385 4174 1690 4245 donabitur,
1721 4175 1966 4232 fiduciam

375 4268 733 4323 inveniemus.
758 4266 942 4338 Neque
956 4267 1097 4323 enim
1114 4267 1226 4322 fieri
1252 4274 1428 4337 potest
1447 4266 1614 4333 utxiis,
1642 4265 1731 4336 qui
1751 4265 1821 4321 in
1833 4281 1969 4338 pra:-

372 4361 513 4418 senti
540 4362 642 4415 vita
671 4368 887 4430 peccata
913 4375 1017 4416 non
1047 4358 1307 4424 abluerit,
1340 4366 1519 4429 postea
1548 4359 1967 4415 consolationem

371 4453 604 4523 aliquam
636 4452 744 4508 illic
772 4451 1083 4509 inventurus
1107 4451 1196 4508 sit.
1228 4449 1293 4504 In
1321 4450 1518 4521 inferno
1541 4450 1831 4518 enim,_ait,
1858 4450 1991 4521 quis

371 4543 692 4613 conﬁtebitur
714 4543 803 4598 tibi
827 4542 1016 4615 (PsaL
1042 4542 1150 4601 6.6
1172 4543 1326 4614 )‘H‘Zt
1355 4542 1580 4599 merito:
1609 4540 1711 4598 hoc
1730 4541 1871 4598 enim
1888 4547 1971 4605 est

373 4637 670 4693 stadiorum
692 4642 926 4709 tempus,
960 4644 1013 4694 et
1040 4634 1401 4702 conﬂictuum,
1428 4642 1484 4690 ct
1500 4634 1882 4693 certaminum:
1906 4634 1974 4690 il-

376 4730 468 4787 lud
496 4745 625 4786 vero
641 4744 981 4796 coronarum,
994 4728 1279 4794 mercedis,
1294 4737 1349 4784 et
1365 4727 1725 4798 praemiorum.
1745 4726 1973 4784 Proinde

374 4828 643 4876 certemus
666 4819 795 4877 dum
821 4817 995 4875 adhuc
1019 4818 1071 4874 in
1091 4817 1574 4883 stadiovcrsamur,
1602 4832 1672 4873 ne
1693 4826 1963 4889 tempore,

372 4927 485 4983 quo
500 4926 715 4968 corona:
741 4920 798 4967 et
833 4910 1087 4967 laborum.
1104 4911 1320 4981 prtemia
1357 4919 1672 4977 sumuntur,
1703 4910 1843 4966 inter
1877 4924 1991 4967 cos—

375 5004 568 5069 simus,
597 5004 687 5074 qui
719 5002 926 5073 pudore
950 5001 1290 5069 afficientur;
1320 5001 1597 5059 sed'inter
1617 5016 1713 5058 eos
1735 5001 1981 5073 quicum

376 5093 570 5150 fiducia
585 5094 847 5165 capitibus
867 5094 1398 5166 ceronasexcipient.
1421 5094 1533 5150 Hoc
1548 5094 1808 5165 procando
1831 5093 1983 5165 apud.

374 5184 653 5242 caritatem
671 5194 899 5241 vestram
913 5200 1022 5242 non
1046 5194 1459 5256 temere,.neque
1474 5185 1735 5242 invanum
1754 5185 1981 5241 utimur:

374 5275 474 5333 scd
493 5274 739 5347 quotidie
754 5275 822 5332 de
840 5275 994 5333 bonis
1014 5277 1263 5347 operibus
1283 5290 1380 5334 vos
1394 5276 1686 5333 admonere
1706 5277 1972 5347 cupimus,

374 5376 439 5422 ut
463 5366 727 5439 perfecti,
754 5367 1149 5434 consummati,
1190 5367 1580 5438 virtutibusque
1608 5366 1831 5438 pmdita
1867 5366 1975 5423 vita

377 5460 704 5530 spectabiles
733 5459 879 5528 facti,
894 5459 1015 5516 sitis
1034 5457 1527 5531 irreprchensibiles
1550 5469 1606 5516 et
1634 5460 1851 5527 sinceri,
1870 5461 1975 5519 im-

379 5552 641 5608 ntaeulati.
666 5552 758 5606 lilii
788 5552 879 5607 Dei
913 5568 928 5607 :
957 5562 1012 5607 et
1036 5551 1257 5607 luceatis
1276 5552 1415 5609 sicut
1435 5551 1715 5606 luminaria
1744 5552 1797 5607 in
1817 5567 1975 5613 mun-

378 5646 452 5700 do
478 5687 493 5708 ,
536 5659 841 5701 sermonem
877 5645 1000 5699 vita:
1030 5643 1289 5700 habentes
1316 5645 1370 5700 in
1409 5643 1579 5700 nostri
1607 5642 1973 5714 gloriationem

383 5737 439 5793 ιιι
456 5736 546 5794 die
563 5735 782 5803 Christi,
816 5743 872 5791 ut
893 5734 976 5791 vel
1006 5734 1122 5792 solo
1146 5743 1360 5807 aspectu
1389 5736 1453 5793 iis
1483 5734 1736 5807 prodesse
1759 5732 1973 5806 possitis

3563 312 3658 369 ω

2053 421 2146 493 qui
2160 420 2438 480 .vobiscum
2463 433 2760 495 versantur,
2792 434 3060 484 utsestrm
3078 429 3365 502 spiritualis
3394 429 3635 503 fragran-

2053 514 2138 569 tia:
2162 554 2178 580 ,
2206 522 2507 586 restemque
2530 517 2746 585 Optima:
2768 516 2891 575 vita:
2918 520 3226 578 rationis‘ex
3252 522 3444 579 vestris
3467 523 3637 579 collo-

2052 605 2192 675 quiis
2216 605 2674 679 ﬂantrpaeticipes.
2696 610 3074 669 Etenimsicut
3115 612 3478 685 improborum
3505 629 3637 669 con.

2058 698 2288 755 suetudo
2312 698 3057 760 familiaribussuis-mulnnn
3082 715 3258 775 nocet,
3285 706 3639 776 quemadmo-

2053 788 2180 845 dum
2220 790 2405 849 beatus
2437 793 2868 866 Paulusinquit:
2897 794 3437 867 Corrumpunt-bonos
3472 813 3637 852 mores

2053 880 2306 953 colloquia
2331 884 2530 955 prm~(
2553 886 2603 941 1.
2636 885 2756 942 Cor.
2787 886 2875 942 i5.
2906 886 2977 943 33
2999 889 3018 958 )
3041 903 3057 943 :
3081 888 3160 943 sic
3182 896 3238 943 et
3264 888 3527 944 honorum
3556 887 3640 942 fa-

2056 972 2335 1034 miliaritas
2372 993 2475 1034 una
2504 980 2840 1036 versantibus
2864 980 3101 1035 maxima
3142 981 3421 1037 commoda
3459 981 3636 1037 aﬂ‘ert.

2056 1067 2413 1135 Quamobrem
2458 1070 2720 1142 benignus
2768 1071 3022 1129 Dominus
3059 1079 3241 1127 noster
3282 1072 3423 1128 inter
3468 1072 3639 1128 malos

2056 1160 2299 1228 permisit
2341 1161 2512 1218 honos
2552 1163 2774 1231 vivere,
2812 1172 2878 1220 ut-
2910 1163 3140 1235 improbi
3183 1164 3386 1219 lucrum
3427 1164 3677 1234 aliquodue

2057 1249 2288 1306 habeant
2312 1265 2376 1306 ex
2403 1267 2468 1308 ea
2488 1252 2877 1309 consuetudine
2894 1293 2911 1321 ,
2944 1269 3044 1315 nec
3068 1269 3294 1325 semper
3318 1254 3370 1309 in
3397 1268 3492 1310 sua
3519 1270 3646 1326 pcr—

2058 1350 2313 1397 maneant
2349 1343 2550 1400 malitia
2590 1362 2604 1399 :
2647 1344 2746 1401 sed
2791 1344 2965 1402 bonos
3002 1345 3257 1402 continuo
3292 1357 3417 1402 ante
3454 1345 3672 1402 oculos-

2058 1441 2383 1502 spcctantes,
2406 1434 2606 1506 aliquid
2633 1436 2873 1492 utilitatis
2891 1453 2959 1493 ex
2977 1452 3164 1494 eorum
3182 1438 3398 1509 capiant
3418 1437 3649 1494 familia?

2059 1521 2237 1578 ritate.
2265 1521 2433 1580 Tanta
2461 1525 2604 1581 enim
2628 1527 2838 1583 virtutis
2864 1528 3101 1599 potentia
3120 1536 3203 1585 est
3222 1569 3238 1594 ,
3272 1536 3326 1583 ut
3360 1541 3644 1584 reverean-

2061 1622 2149 1683 tur
2184 1624 2241 1671 et
2281 1617 2746 1675 multum~laudent
2784 1634 2949 1687 eam,
2980 1619 3154 1679 etiam
3182 1619 3273 1691 qui
3303 1619 3391 1675 illa
3418 1626 3643 1675 .carent.

2058 1704 2209 1764 Sicut
2247 1714 2305 1764 et
2329 1708 2512 1764 vitium
2546 1709 2711 1766 etiam
2745 1710 2903 1767 abiis
2921 1753 2937 1779 ,
2962 1711 3051 1782 qui
3081 1712 3206 1767 mali
3230 1717 3389 1777 sunt,
3418 1707 3647 1767 subinde

2059 1804 2338 1853 accusatur
2362 1807 2421 1854 et
2445 1799 2682 1868 carpitur
2701 1817 2715 1854 :
2732 1801 2869 1856 adeo
2887 1801 3073 1857 vitium
3094 1801 3343 1857 omnibus
3362 1809 3449 1855 est
3475 1801 3648 1855 mani-

2059 1886 2253 1944 festum
2281 1897 2337 1945 et
2376 1891 2713 1961 perspicuum
2739 1932 2754 1957 ,
2783 1906 2954 1964 neque
2981 1893 3147 1948 ullum
3195 1907 3444 1962 umquam
3491 1891 3649 1947 facile

2060 1978 2304 2050 reperias
2329 1981 2428 2051 qui
2456 1981 2633 2039 libere
2673 1983 2870 2038 malum
2914 1998 2974 2040 se
3012 1997 3141 2039 esse
3172 1982 3523 2054 profiteatur:
3551 1983 3649 2038 sed

2062 2070 2203 2141 quod
2231 2072 2423 2129 mirum
2469 2080 2591 2141 est,
2636 2074 2869 2142 ipsimetr.
2886 2088 2948 2130 ea
2974 2115 2990 2142 ,
3015 2089 3136 2144 qum
3175 2075 3428 2145 operibus
3471 2073 3648 2131 facere

2066 2170 2344 2229 attentam,
2375 2164 2558 2221 verbis
2571 2164 2717 2219 mala
2739 2178 2862 2220 esse
2886 2164 3141 2232 fatentur,
3168 2180 3233 2221 ac
3256 2164 3527 2237 plerisque
3549 2178 3647 2220 oc-

2061 2256 2341 2313 cultaesse
2360 2256 2579 2314 vcilent.
2605 2256 2757 2324 Quod
2780 2266 2836 2314 et
2858 2258 3031 2329 ipsum
3054 2258 3246 2314 divinae
3267 2258 3649 2316 misericordia:

2063 2356 2166 2412 est.
2193 2363 2313 2419 quae
2341 2347 2616 2403 hominum
2644 2348 2827 2419 generi
2850 2350 3138 2416 concessit,
3170 2358 3228 2404 ut
3246 2350 3531 2420 unicuique
3555 2364 3651 2405 no-

2063 2446 2234 2493 strum
2261 2439 2477 2494 insitum
2501 2439 2572 2494 sit
2592 2439 2955 2511 incorruptum
2978 2439 3237 2509 judicium
3266 2441 3611 2497 conscientiae
3630 2482 3647 2506 ,

2064 2529 2205 2600 quod
2224 2537 2471 2586 accurate
2492 2537 2667 2601 potest
2690 2544 2719 2583 a
2741 2529 2884 2586 malo
2903 2530 3100 2585 bonum
3122 2530 3431 2586 discernere
3454 2548 3469 2598 ;
3494 2532 3655 2603 idque

2066 2618 2401 2689 potissimum
2444 2635 2657 2676 omnem
2697 2621 2852 2677 nobis
2892 2620 3258 2678 defensionem
3287 2621 3464 2691 tollit,
3507 2624 3651 2693 quod

2066 2725 2173 2765 non
2203 2724 2297 2779 per
2325 2699 2675 2781 ignorantiam
2716 2710 2769 2765 in
2798 2720 3014 2781 peccata
3055 2710 3350 2767 incidamus
3373 2752 3390 2779 ,
3436 2712 3532 2769 sed
3556 2727 3696 2783 per--

2064 2803 2257 2858 anima:
2281 2801 2540 2860 desidiam
2562 2812 2618 2860 et
2644 2803 2853 2859 virtutis
2875 2811 3259 2875 contemptum.

2136 2896 2190 2951 3.
2231 2894 2358 2951 Haec
2384 2895 2609 2967 singulis
2632 2895 2778 2953 horis
2802 2907 2989 2952 nostro
3006 2911 3280 2954 versemus
3303 2898 3502 2966 animo,
3535 2912 3653 2955 ma-

2065 3003 2221 3059 gnam
2270 2988 2459 3045 salutis
2499 2996 2699 3044 nostras
2746 2988 3002 3046 habentes
3047 2989 3455 3047 sollicitudinem
3480 3031 3496 3057 ,
3544 3006 3692 3059 ne,__

2067 3088 2420 3151 pra-toreuma
2458 3089 2718 3151 tempore,
2762 3079 3088 3152 ignorantes,
3132 3080 3287 3137 nobis
3330 3081 3459 3151 ipsis
3485 3084 3669 3144 maxim

2067 3187 2212 3227 mum
2253 3168 2546 3229 inferamus
2587 3169 2862 3226 damnum.
2898 3170 3012 3231 Sed
3056 3171 3435 3241 prommiorum
3478 3172 3650 3228 satis:

2064 3260 2342 3317 audiamus
2365 3268 2543 3319 autem
2563 3302 2580 3328 ,
2611 3260 2657 3316 si
2686 3260 2877 3331 placet,
2907 3277 3027 3332 qua:
3055 3271 3109 3318 et
3131 3261 3292 3318 hodie
3330 3278 3427 3317 nos
3454 3260 3650 3318 docere

2067 3353 2180 3409 vult
2204 3352 2435 3424 Spiritus
2454 3353 2625 3410 sancti
2650 3353 2819 3424 gratia
2845 3368 2942 3424 per
2967 3353 3106 3410 beati
3134 3354 3299 3410 Musis
3317 3355 3569 3427 linguam.
3591 3356 3649 3411 9.
3668 3385 3673 3390 ~

2069 3444 2136 3503 Et
2165 3445 2314 3512 dixit,
2338 3444 2529 3515 inquit,
2560 3442 2699 3502 Deus
2718 3460 2739 3500 :
2761 3444 3104 3516 Congregetur
3122 3461 3257 3515 aqua
3279 3462 3393 3515 qua:
3416 3446 3508 3501 sub
3527 3447 3654 3502 calo
3686 3484 3697 3497 .

2066 3548 2171 3603 est,
2201 3537 2258 3593 iu
2296 3538 2747 3609 congregationem.
2776 3553 2953 3606 unam,
2998 3547 3045 3592 et
3085 3548 3331 3608 appareat
3372 3539 3541 3595 arida.
3589 3539 3657 3595 Et
3678 3569 3700 3582 οι

2069 3632 2261 3699 factum
2278 3637 2354 3683 est
2373 3628 2482 3689 ita.
2496 3625 2626 3684 Vide
2649 3626 2768 3694 hic,
2794 3628 3020 3683 obsecro
3036 3667 3052 3692 ,
3075 3627 3273 3687 dilecte
3290 3670 3305 3693 ,
3326 3630 3569 3687 ordinem
3596 3641 3655 3687 et
3670 3662 3695 3679 .-

2067 3717 2501 3788 consequentiam
2540 3716 2817 3786 optimam.
2847 3716 2982 3785 Quia
3022 3717 3231 3774 dixerat
3266 3718 3320 3775 in
3356 3720 3650 3790 principio:

2068 3809 2228 3865 Terra
2255 3821 2363 3865 erat
2385 3807 2647 3864 invisibilis
2675 3817 2722 3862 et
2758 3808 3116 3878 incomposita,
3145 3824 3213 3865 co
3250 3810 3390 3879 quod
3419 3811 3662 3871 tenebris

2069 3909 2129 3957 et
2149 3899 2303 3971 aquis
2319 3899 2664 3971 obtegeretur
2686 3917 2701 3954 :
2724 3906 2782 3955 et
2804 3898 2997 3955 deinde
3020 3900 3277 3971 praecepit
3293 3900 3650 3969 diesccuado,

2071 4004 2137 4047 ut.
2174 3999 2316 4047 esset
2367 3990 2802 4058 firmamentum,
2857 3997 2914 4046 et
2955 4004 3214 4063 aquarum
3260 3992 3653 4061 separationem

2072 4082 2215 4150 fecit,
2243 4083 2554 4154 vocavitque
2594 4082 2991 4140 firmamentum
3022 4082 3210 4139 etclam
3239 4100 3253 4138 :
3282 4099 3422 4139 nunc
3459 4084 3655 4141 iterum
3680 4126 3695 4148 μη

2069 4174 2226 4232 docet
2251 4189 2384 4243 nos,
2406 4188 2483 4238 ,ω
2517 4173 3137 4244 dietertie-prmcepissc
3174 4188 3365 4246 aquae,
3391 4190 3513 4247 qua
3555 4178 3697 4231 sub.

2070 4266 2235 4333 caelo,
2262 4265 2379 4323 hoc
2399 4272 2513 4333 est,
2540 4264 2907 4333 firmamento,
2930 4273 2988 4321 ut
3015 4264 3069 4320 in
3088 4280 3248 4321 unam
3286 4268 3656 4338 congregatio~

2072 4373 2221 4415 nem-
2236 4359 2577 4425 conveniret,
2621 4366 2677 4414 et
2717 4357 2892 4414 locum
2933 4357 3120 4423 daret,
3166 4366 3326 4430 atque
3362 4370 3657 4431 appareret

2071 4449 2257 4506 arida:
2300 4456 2357 4504 et
2394 4448 2595 4505 factum
2619 4456 2703 4505 est
2738 4448 2832 4503 ita.
2858 4448 2993 4517 Quia
3025 4448 3173 4505 enim
3215 4450 3394 4505 omnia
3437 4450 3655 4522 impleta
3690 4489 3697 4499 .

2072 4546 2228 4596 erant
2257 4539 2449 4610 aquis,
2466 4538 2624 4609 jussit
2648 4538 2702 4593 iu
2727 4553 2888 4594 unam
2904 4540 3374 4610 congregationem
3395 4555 3655 4613 aquarum

2073 4629 2469 4687 multitudinem
2495 4627 2810 4695 concedere,
2833 4637 2892 4685 ut
2913 4630 3299 4701 sic.appareret
3324 4632 3494 4689 arida.
3522 4632 3657 4689 Vide

2071 4719 2342 4791 quomodo
2392 4719 2644 4791 paulatim
2704 4719 2844 4776 illius
2893 4720 3066 4776 nobis.
3103 4721 3548 4791 pulchritudinem
3600 4732 3658 4778 et

2073 4820 2318 4869 ornatum
2344 4811 2595 4869 ostendit.
2625 4811 2691 4867 Et
2708 4816 2922 4884 factum
2955 4820 3056 4879 est,
3083 4812 3155 4867 ait
3175 4854 3191 4879 ,
3220 4813 3311 4866 ita.
3336 4811 3660 4880 Quomodo?

2073 4905 2221 4965 Sicut
2272 4913 2594 4976 praeceperat
2645 4905 2934 4961 Dominus.
2977 4903 3118 4958 Dixit
3159 4902 3333 4958 solum
3350 4940 3375 4969 ,η
3418 4909 3477 4957 οι
3523 4916 3659 4974 opus

2075 4996 2456 5069 subsequutum
2499 5003 2605 5052 est.
2651 4994 2777 5050 Hoc.
2795 4995 2939 5049 enim
2981 4991 3248 5062 peculiare
3295 4991 3387 5047 Dei
3441 5000 3545 5058 est,
3592 5002 3654 5051 ut

2074 5087 2368 5147 secundum
2396 5087 2902 5143 voluntatemrsuam
2932 5091 3206 5138 creaturas
3231 5082 3558 5140 moderetur.
3591 5082 3662 5139 Et

2074 5188 2380 5252 congregata
2415 5185 2519 5242 est,
2547 5174 2747 5246 inquit,
2777 5189 2909 5244 aqua
2931 5173 3160 5243 qua-mh
3170 5174 3342 5237 τωια,
3364 5174 3419 5228 in
3443 5190 3658 5247 congre-

2076 5270 2300 5343 gatione:
2327 5283 2469 5335 snas,
2513 5275 2562 5322 et
2607 5266 2848 5337 apparuit
2891 5262 3061 5319 mide.
3103 5263 3561 5331 Quemadmodum
3588 5264 3661 5322 de

2073 5363 2196 5419 luce
2222 5360 2418 5417 dictum
2448 5366 2532 5415 est
2552 5355 2754 5427 ,quod
2767 5370 2887 5412 cum
2928 5364 3111 5413 essent
3144 5354 3341 5428 ubique
3387 5357 3623 5413 tenebrte
3642 5396 3661 5424 ,

2074 5452 2291 5527 jusserit
2316 5449 2536 5522 produci
2564 5450 2735 5506 lucem
2755 5490 2773 5517 ,
2804 5456 2858 5505 et
2884 5449 3274 5521 separationem
3305 5448 3490 5506 fecerit
3524 5449 3660 5505 lucis

2076 5560 2141 5603 ac
2158 5545 2518 5609 tenebrarum,
2541 5551 2596 5600 et
2616 5542 2753 5598 hanc
2777 5541 3023 5599 tribuerit
3040 5541 3166 5609 diei,
3181 5537 3319 5594 istas
3335 5547 3464 5590 vero
3482 5534 3629 5591 nocti
3649 5551 3665 5601 ;

2077 5638 2320 5697 similiter
2349 5636 2546 5694 dictum
2575 5644 2656 5693 cst
2676 5679 2691 5703 ,
2718 5633 2858 5707 quod
2901 5648 3021 5691 cum
3062 5631 3314 5704 produxit
3348 5629 3659 5684 lineamen-

2080 5741 2213 5803 tum,
2239 5746 2493 5804 aquarum
2520 5730 2651 5788 alias
2675 5727 3003 5801 superiorem
3026 5726 3199 5783 locum
3219 5734 3506 5789 occupem,
3526 5723 3662 5780 alias
