4018 6136
379 292 445 350 ςι
1035 299 1093 354 S.
1131 297 1407 356 JOANNIS
1442 290 1913 354 CllltYSOSTOill
1959 292 2274 353 AltClllEP.
2313 296 2845 360 OONSTANTINOP.
3570 306 3649 362 δεῖ

382 416 560 464 autem
586 409 686 466 sub
711 409 1042 465 llrmamento
1073 426 1194 467 esse
1217 412 1471 482 jusserit:
1494 414 1573 469 sic
1596 423 1650 469 et
1674 404 1814 468 nunc
1842 412 1962 468 illas

388 502 529 568 ipsas
568 517 763 572 aquas,
790 516 908 571 qua:
952 502 1054 557 sub
1093 502 1431 558 ﬁrmamento
1474 516 1625 559 erant
1648 547 1664 571 ,
1720 505 1771 559 in
1801 519 1959 560 unam

385 595 845 662 congregationem
860 593 1013 664 jubet
1036 596 1199 661 coire,
1224 607 1279 652 ut
1301 606 1554 666 appareat
1571 598 1738 660 arida,
1763 610 1816 654 et
1839 610 1968 657 tunc

389 684 511 736 huic
538 684 696 737 etiam
726 698 880 739 suum
922 700 1114 741 nomen
1153 687 1423 756 imponat;
1467 689 1603 743 sicut
1638 689 1707 745 de
1749 688 1865 744 luce
1908 698 1962 743 et

389 772 623 828 tenebris
651 773 847 829 dictum
873 787 973 832 est.
1003 777 1329 851 Congregatte
1350 781 1480 835 enim
1503 792 1645 849 sunt,
1673 783 1781 848 ait,
1818 798 1965 853 aqua

386 881 499 933 quia
522 867 614 919 sub
641 869 768 922 ca’lo
789 880 953 937 erant,
981 871 1035 925 in
1064 874 1469 943 congregationes
1493 892 1629 940 suas,
1655 886 1701 930 et
1728 877 1965 945 apparuit

387 958 574 1011 arida:
629 959 714 1014 10.
761 970 808 1013 et
851 964 1038 1016 vocavit
1080 962 1219 1018 Deus
1258 966 1455 1019 aridam
1502 977 1703 1021 terram.
1735 967 1963 1032 Vidisti,

390 1046 603 1110 dilecte,
626 1051 893 1118 quomodo
924 1053 1061 1109 Deus
1084 1064 1296 1122 terram,
1325 1072 1445 1127 qum
1475 1059 1748 1114 invisibilis
1777 1069 1889 1113 erat
1912 1070 1967 1114 et

394 1140 758 1208 incomposita,
792 1149 845 1194 et
882 1144 1029 1210 aquis
1069 1146 1218 1213 quasi
1270 1148 1615 1203 velaminibus
1653 1149 1966 1219 quibusdam

392 1228 756 1298 obtegebatur,
783 1231 1113 1300 despoliavit,
1139 1243 1195 1288 ut
1219 1236 1295 1290 sic
1318 1236 1512 1302 dicam,
1542 1248 1595 1293 et
1619 1238 1806 1293 faciem
1831 1239 1973 1295 illius

397 1319 549 1373 nobis
581 1324 914 1388 monstravit,
936 1326 1149 1393 preprio
1172 1327 1331 1381 etiam
1360 1329 1573 1383 nomine
1597 1329 1881 1399 imposito?
1903 1328 1970 1384 lit

395 1414 823 1483 congregationes,
852 1416 958 1481 ait,
1004 1434 1247 1487 aquarum
1287 1420 1476 1472 uocauit
1522 1421 1704 1473 maria.
1754 1420 1892 1475 Ecce
1918 1430 1972 1475 ct

395 1518 547 1574 aqua:
577 1521 767 1561 nomen
798 1522 950 1562 suum
978 1510 1178 1563 sortitae
1206 1520 1347 1563 sunt.
1371 1510 1499 1564 Nam
1530 1511 1970 1580 quemadmodum

397 1596 629 1664 optimus
665 1597 849 1653 artifex
887 1608 1001 1655 arte
1040 1615 1133 1655 sua
1175 1616 1269 1655 vas
1308 1602 1518 1672 aliquod
1562 1602 1816 1667 facturus,
1866 1618 1969 1656 non

398 1698 552 1743 arttea
575 1689 647 1743 illi
674 1704 863 1745 nomen
897 1692 1138 1761 imponit,
1160 1693 1329 1748 donec
1351 1694 1621 1749 absolvat:
1649 1695 1718 1749 ita
1744 1704 1796 1749 et
1825 1690 1974 1748 heni-

397 1792 532 1845 gnus
574 1778 825 1834 Dominus
850 1782 1061 1835 nomina
1092 1783 1368 1837 elementis
1406 1798 1512 1836 non
1541 1793 1691 1837 antea
1728 1783 1973 1852 impooit,

397 1871 568 1926 donec
602 1885 663 1924 ea
699 1872 752 1924 in
786 1873 1009 1942 propriis
1038 1873 1168 1929 locis
1195 1889 1294 1927 suo
1319 1883 1581 1944 pra'cepto
1607 1885 1783 1945 ponat.
1817 1875 1974 1944 Igitur

398 1971 674 2030 postquam
702 1972 840 2018 terra
867 1980 1062 2019 nomen
1097 1980 1249 2020 suum
1276 1968 1497 2036 accepit,
1530 1977 1585 2023 et
1609 1967 1673 2021 ad
1707 1969 1971 2037 propriam

400 2051 620 2105 formam
668 2054 946 2122 pervenit,
981 2056 1141 2109 etiam
1181 2072 1333 2125 aqua:
1377 2066 1707 2127 congrigatae
1760 2059 1975 2126 ιιι-οντῗο

400 2142 653 2196 vocabulo
691 2144 973 2199 nominata:
1015 2154 1157 2200 sunt.
1203 2146 1403 2200 Vocavit
1430 2146 1601 2214 enim,
1634 2148 1742 2217 ait,
1769 2165 1978 2217 congre-

396 2234 620 2300 gutiones
665 2251 911 2300 aquarum
951 2237 1131 2289 maria.
1177 2237 1424 2291 Subdidit
1474 2239 1704 2293 iterum:
1753 2239 1814 2292 Et
1855 2240 1977 2292 vidit

401 2324 537 2379 Deus
561 2327 693 2393 quod
723 2328 930 2384 bonum.
957 2328 1086 2382 Nam
1112 2329 1231 2398 quia
1260 2329 1489 2384 lnnnana
1527 2341 1707 2385 natura
1739 2332 1977 2385 imbecil-

402 2416 467 2467 lis
513 2426 614 2479 est,
663 2426 718 2470 ct
772 2432 933 2486 opera
988 2419 1080 2473 Dei
1128 2419 1287 2489 digne
1327 2420 1543 2475 laudare
1589 2436 1692 2475 non
1732 2430 1975 2490 poterat,

406 2522 776 2576 praeoccupans
802 2509 976 2563 divina
1008 2509 1279 2581 Scriptura
1308 2520 1576 2581 acceptam
1609 2513 1676 2567 ab
1703 2512 1815 2582 ipso
1848 2512 1978 2582 Opi-

403 2598 500 2653 tice
524 2598 730 2653 laudem
753 2615 849 2656 nos
878 2599 1051 2656 docet.

472 2690 526 2745 Δ.
568 2689 729 2760 Igitur
764 2691 975 2761 quando
1013 2692 1211 2758 discis,
1263 2692 1360 2764 ipsi
1397 2693 1671 2749 Cenditori
1710 2703 1980 2750 creaturas

404 2781 569 2837 bonas
599 2784 737 2838 visas
765 2798 917 2850 esse,
966 2785 1225 2855 majorem
1251 2785 1463 2856 quidem
1492 2786 1542 2840 in
1571 2786 1783 2841 modum
1806 2786 1979 2841 adrui-

402 2875 539 2929 reris
560 2891 775 2931 necesse
791 2886 873 2932 est
896 2893 910 2943 ;
939 2877 1069 2931 nihil
1092 2887 1265 2933 tamen
1286 2880 1350 2933 ad
1373 2878 1581 2934 tandem
1602 2888 1655 2934 et
1680 2878 1978 2934 encomium

399 2968 626 3037 amplius
659 2968 847 3026 afferre
876 2972 1095 3039 pateris.
1126 2970 1305 3025 Talem
1336 2973 1477 3026 enim
1524 2972 1743 3025 sortitus
1781 2986 1841 3025 es
1874 2971 1980 3024 Do-

404 3047 624 3125 minum,
650 3061 739 3129 qui
770 3062 1030 3129 ejusmodi
1058 3076 1219 3130 opera
1250 3061 1393 3124 facit,
1421 3077 1541 3131 qua:
1566 3077 1592 3113 a
1626 3061 1778 3115 nobis
1808 3076 1980 3129 nequc

403 3149 605 3204 laudari
644 3150 773 3203 satis
796 3159 1038 3220 possunt.
1070 3150 1349 3217 Quomodo
1373 3152 1512 3205 enim
1558 3167 1804 3221 umquam
1850 3167 1983 3221 opus

407 3246 496 3300 Dei
546 3262 643 3314 pro
683 3246 939 3317 dignitate
986 3248 1202 3304 laudare
1251 3260 1427 3319 po:set
1475 3250 1700 3305 humana
1757 3252 1982 3306 natura?

404 3338 670 3391 (latter-um
698 3351 795 3406 per
812 3352 871 3392 ea
898 3354 1015 3407 qua:
1050 3339 1455 3408 subjungnntur,
1486 3340 1762 3395 considera
1793 3341 1981 3395 ineffa-

406 3428 566 3482 bilem
590 3427 682 3482 Dei
706 3428 905 3498 egregii
927 3429 1143 3485 artiﬁcis
1170 3430 1503 3499 sapientiam.
1533 3431 1816 3501 Postquam
1838 3431 1979 3486 enim

404 3520 559 3575 nobis
582 3531 818 3589 apertam
843 3531 997 3576 terrae
1023 3522 1208 3577 faciem
1234 3522 1563 3585 monstravit,
1593 3532 1985 3590 consequenter

403 3626 505 3667 suo
534 3612 1095 3682 prmeeptodecentem
1122 3614 1170 3669 ei
1199 3614 1441 3669 concedit
1461 3614 1714 3684 speciem,
1744 3626 1797 3670 et
1817 3616 1983 3669 serui-

405 3718 530 3756 ιιιιιιι
558 3703 813 3759 varietate
837 3703 952 3773 ejus
976 3703 1199 3759 adornat
1228 3704 1435 3760 faciem.
1470 3706 1551 3759 ll.
1581 3704 1648 3759 Et
1674 3706 1833 3769 dixit,
1868 3707 1981 3772 ait,

402 3793 542 3850 Deus
565 3811 584 3849 :
627 3795 881 3850 Cerminet
926 3806 1060 3850 terra
1109 3796 1313 3851 herbam
1349 3798 1498 3868 freni,
1530 3799 1783 3851 seminans
1816 3814 1982 3851 semen

401 3885 674 3940 secundum
693 3904 850 3958 genus
869 3898 915 3941 et
937 3888 1352 3941 similitudinem:
1372 3899 1418 3942 et
1447 3888 1637 3956 lignum
1658 3889 1978 3962 frugiferum,

402 3979 593 4048 faciens
630 3980 849 4049 fructum
873 4020 887 4043 ,
915 3981 1060 4049 cujus
1102 3996 1271 4034 semen
1318 3980 1371 4031 in
1410 3980 1675 4049 semetipso
1707 3981 1982 4033 secundum

400 4070 800 4137 similitudinem,
824 4071 1096 4125 secundum
1122 4086 1278 4140 genus
1301 4086 1454 4139 super
1471 4079 1675 4123 terram.
1701 4069 1764 4123 Et
1794 4075 1982 4140 fartum

400 4174 474 4217 est
499 4165 590 4217 ita.
619 4164 756 4231 Quid
796 4174 878 4217 est
922 4163 1048 4216 illud
1075 4204 1089 4226 ,
1125 4162 1190 4215 Et
1221 4165 1409 4232 factum
1438 4170 1507 4215 est
1544 4162 1657 4215 ita?
1684 4162 1979 4230 Praecepit,

403 4253 605 4322 inquit,
642 4252 928 4314 Dominus,
960 4260 1016 4305 et
1049 4250 1226 4305 statim
1263 4260 1400 4304 terra
1436 4266 1562 4305 suos
1591 4261 1772 4320 partus
1809 4260 1983 4304 matu-

404 4358 547 4406 rans,
580 4344 645 4398 ad
674 4345 935 4399 seminum
967 4358 1183 4412 germen
1210 4343 1439 4412 seipsam
1469 4343 1764 4397 adornavit.
1798 4342 1885 4396 l2.
1914 4341 1981 4395 Et

402 4435 610 4502 protulit
658 4444 791 4488 terra
837 4433 1040 4486 herbam
1085 4433 1205 4501 [mni
1228 4474 1242 4496 ,
1295 4432 1483 4503 inquit,
1530 4433 1780 4487 seminans
1817 4449 1984 4486 semen

399 4526 674 4580 secundum
697 4541 872 4596 genus,
901 4533 949 4579 et
975 4525 1249 4578 secundum
1276 4524 1693 4579 similitudinem:
1721 4533 1764 4577 et
1790 4524 1981 4595 lignum

402 4616 704 4687 frugiferum
730 4617 921 4686 faciens
947 4616 1169 4684 fructum
1190 4656 1205 4679 ,
1232 4616 1378 4686 cujus
1405 4632 1572 4669 semen
1601 4631 1747 4669 suum
1774 4615 1827 4668 in
1872 4615 1983 4683 ipso

398 4706 674 4761 secundum
715 4723 874 4778 genus
899 4723 1050 4776 super
1080 4715 1283 4759 terram.
1328 4704 1425 4760 Hic
1466 4704 1829 4759 animadverte
1850 4745 1864 4768 ,
1898 4704 1981 4758 di-

404 4799 561 4863 lecte,
590 4798 858 4869 quomodo
882 4798 1047 4853 verbo
1074 4797 1282 4852 Domini
1308 4797 1483 4850 omnia
1515 4795 1650 4850 facta
1675 4806 1799 4849 sunt
1825 4811 1984 4864 super

402 4900 618 4944 terram.
650 4890 765 4945 Non
822 4889 968 4944 enim
1008 4898 1122 4943 erat
1167 4887 1327 4941 homo
1355 4886 1447 4957 qui
1496 4898 1824 4957 operaretur,
1877 4902 1983 4941 non

400 4991 633 5035 aratrum
660 5021 676 5047 ,
708 4996 813 5035 non
855 4980 1014 5035 boum
1040 4979 1349 5047 cooperatio
1371 5020 1388 5045 ,
1416 4993 1520 5032 non
1559 4977 1699 5032 aliud
1719 4977 1982 5046 ejusmodi

399 5072 632 5128 studium
664 5090 678 5126 :
710 5071 803 5128 sed
842 5072 1013 5127 sohtm
1063 5071 1262 5126 audivit
1308 5079 1651 5141 prteceptum,
1699 5079 1753 5123 et
1805 5072 1983 5123 statim

400 5160 543 5229 quod
586 5177 738 5216 suum
769 5170 883 5217 erat
924 5162 1066 5217 fecit.
1108 5162 1185 5215 Ex
1212 5176 1319 5230 quo
1351 5160 1629 5226 discimus,
1653 5159 1812 5215 etiam
1844 5174 1985 5214 nunc

401 5269 575 5321 neque
617 5269 800 5309 curam
844 5254 1193 5324 agricolarum
1221 5296 1235 5319 ,
1284 5268 1453 5323 neque
1498 5253 1770 5318 laborem,
1816 5268 1985 5322 neque

399 5348 535 5405 alias
577 5346 630 5402 in
679 5347 922 5402 colendis
968 5347 1110 5417 agris
1153 5360 1461 5408 atrumrias,
1516 5342 1781 5399 iructuum
1833 5343 1989 5399 nobis

402 5448 716 5511 proventum
768 5454 1052 5510 promere;
1086 5437 1177 5493 sed
1226 5448 1350 5493 ante
1381 5438 1495 5492 hare
1532 5437 1709 5491 omnia
1762 5436 1984 5491 verbum

404 5534 531 5598 Dei,
563 5533 706 5603 quod
742 5533 810 5587 ab
854 5534 1003 5587 initio
1046 5532 1111 5586 ad
1158 5542 1352 5587 terram
1401 5531 1598 5585 factum
1638 5538 1738 5583 est.
1767 5530 1906 5595 Quin
1932 5538 1987 5583 et

404 5627 634 5683 futuram
672 5628 926 5697 ingratam
980 5626 1251 5681 hominum
1306 5634 1539 5679 mentem
1588 5623 1858 5692 corrigens
1902 5621 1985 5676 di-

405 5721 520 5777 vina
581 5719 890 5792 Scriptura,
941 5719 1221 5790 diligenter
1268 5715 1444 5775 omnia
1494 5712 1647 5771 nobis
1695 5711 1984 5770 secundum

2066 412 2309 468 ordinem
2339 414 2593 472 factorum
2625 428 2838 482 narrat,
2868 428 2924 471 ut
2951 427 3249 487 compescat
3289 420 3647 475 temeritatem

2066 513 2120 559 et
2155 504 2497 561 deliramenta
2526 522 2709 562 eorum
2737 508 2823 577 qui
2866 507 3112 577 figurenta
3148 523 3241 564 sua
3281 510 3553 565 venditant
3586 520 3648 565 et

2065 595 2245 651 dicere
2263 597 2479 664 audent,
2503 598 2630 652 Solis
2650 598 3022 666 cooperatione
3042 599 3105 652 ad
3132 598 3393 654 fructuum
3417 615 3650 669 proven—

2066 694 2178 742 tum
2206 701 2341 755 0pus
2369 701 2507 743 csse.
2539 686 2675 743 Sunt
2701 699 2750 742 et
2791 688 2901 755 alii,
2931 690 3018 759 qui
3049 688 3164 744 hmc
3199 688 3357 743 astris
3383 691 3651 760 aliquibus

2067 776 2368 833 adscribere
2394 778 2631 832 nituntur
2662 777 2757 849 (α).
2785 779 3070 847 Propterea
3098 779 3257 835 docet
3290 796 3388 836 nos
3414 779 3650 850 Spiritus

2066 878 2303 936 sanctus,
2330 878 2451 925 ante
2490 869 2855 925 formationem
2884 870 3070 925 horum
3111 872 3492 925 elementorum
3530 886 3651 925 ser—

2069 961 2211 1016 moni
2232 970 2284 1016 et
2309 969 2573 1031 pra2cepto
2597 962 2686 1016 Dei
2714 962 3165 1031 obtemperantem
3195 961 3437 1016 tellurem
3467 963 3649 1015 omnia

2069 1052 2271 1106 semina
2310 1050 2558 1117 edidisse,
2603 1052 2749 1106 nullo
2793 1053 2897 1107 alio
2933 1052 3000 1106 ad
3041 1054 3468 1121 cooperationem
3512 1067 3651 1119 opus

2071 1141 2372 1197 habentem.
2400 1142 2706 1199 Sufficiehat
2742 1144 2881 1197 enim
2916 1145 2965 1197 ei
3011 1158 3104 1212 pro
3144 1142 3392 1197 erunibus
3426 1143 3648 1196 verbum

2073 1234 2241 1289 illud:
2288 1233 2541 1289 Germinet
2579 1244 2713 1289 terra
2756 1234 2957 1287 herbam
2986 1234 3126 1303 fami.
3169 1233 3424 1299 Quocirca
3452 1234 3651 1287 divina:

2072 1326 2357 1396 Scriptura:
2387 1326 2602 1395 vestigia
2644 1341 2950 1395 sequanmr,
2986 1341 3153 1395 neque
3182 1326 3411 1379 feramus
3438 1339 3532 1378 eos
3557 1325 3648 1392 qui

2074 1418 2296 1473 adversa
2332 1418 2438 1472 illis
2469 1428 2668 1473 temere
2697 1418 2973 1473 blaterant.
3003 1418 3133 1471 Nam
3171 1418 3376 1472 etiarnsi
3406 1418 3651 1471 homines

2077 1516 2270 1563 terram
2300 1518 2603 1579 operentur,
2632 1509 3057 1577 etjumentorum
3087 1508 3282 1562 auxilio
3305 1507 3563 1571 fruantur,
3595 1517 3651 1559 et

2074 1592 2317 1671 magnam
2362 1610 2518 1656 terra:
2548 1616 2728 1657 curam
2773 1601 3018 1661 habeant.
3059 1604 3166 1659 etsi
3200 1613 3386 1668 magna
3426 1598 3496 1652 sit
3531 1597 3651 1652 οωιί

2076 1693 2384 1762 temperies,
2416 1702 2467 1747 et
2497 1693 2673 1747 omnia
2716 1691 2816 1745 alia
2846 1700 3183 1752 concurrant,
3230 1690 3327 1743 nisi
3359 1698 3510 1742 nutus
3543 1688 3653 1740 Do-

2077 1783 2204 1838 mini
2229 1782 2481 1847 accedat,
2511 1782 2686 1837 omnia
2716 1781 2816 1835 alia
2848 1781 3037 1835 frustra
3065 1791 3117 1835 et
3144 1779 3196 1834 in
3224 1795 3417 1853 vanum
3438 1777 3651 1843 cedent,

2076 1884 2128 1931 et
2158 1875 2287 1929 nihil
2332 1874 2571 1945 proﬁciet
2608 1874 2780 1944 quivis
2825 1873 2974 1928 labor
3011 1882 3061 1927 et
3105 1872 3288 1935 sudor,
3321 1871 3421 1927 nisi
3464 1884 3657 1923 manus

2079 1966 2286 2021 Domini
2314 1981 2544 2035 superne
2585 1965 2815 2035 adjuvet,
2862 1973 2915 2021 et
2954 1963 3329 2033 perfectionem
3374 1962 3457 2016 his
3497 1962 3658 2016 relms

2079 2060 2293 2113 tribuat.
2320 2059 2448 2125 Quis
2477 2073 2585 2113 non
2608 2058 3005 2126 obstupesceret
3025 2064 3080 2110 et
3102 2054 3451 2109 admiraretur
3470 2095 3484 2117 ,
3507 2054 3653 2122 cogi-

2079 2158 2195 2204 tan;
2224 2150 2490 2219 quomodo
2519 2149 2739 2204 verbum
2780 2147 2986 2203 Domini
3031 2146 3193 2214 illud,
3239 2144 3489 2200 Germinet
3525 2154 3661 2197 terra

2079 2240 2282 2294 herbam
2311 2242 2452 2311 faeni,
2481 2241 2531 2294 in
2558 2241 2668 2309 ipsa
2697 2241 2897 2294 viscera
2921 2248 3075 2293 terra:
3095 2237 3401 2304 descendat,
3425 2245 3478 2290 et
3505 2236 3659 2305 quasi

2079 2333 2374 2389 admirabili
2402 2334 2626 2404 quodam
2658 2333 2831 2404 peplo,
2855 2344 3010 2391 terra:
3041 2333 3225 2389 faciem
3254 2332 3412 2387 variis
3440 2331 3663 2385 ﬂoribus

2080 2424 2342 2479 adornet?
2367 2425 2658 2495 Videreque
2681 2435 2795 2480 erat
2821 2425 2993 2480 subito
3020 2432 3232 2489 terram,
3262 2440 3381 2494 qua:
3404 2432 3556 2477 antea
3581 2423 3664 2474 in-

2083 2516 2264 2570 formis
2293 2525 2346 2570 et
2383 2515 2577 2570 inculta
2604 2527 2719 2570 erat
2740 2557 2756 2582 ,
2786 2526 2984 2570 tantam
3021 2516 3291 2584 accepisse
3317 2512 3663 2584 pulchritudi-

2081 2619 2226 2669 nem,
2259 2614 2316 2658 ιιι
2351 2604 2501 2673 quasi
2535 2620 2656 2660 cum
2695 2607 2827 2661 caelo
2864 2613 3115 2660 certaret.
3151 2604 3281 2658 Nam
3308 2603 3443 2657 sicut
3469 2602 3661 2656 caelum

2083 2695 2238 2764 paulo
2265 2704 2386 2764 post
2424 2694 2718 2749 ornandum
2748 2704 2861 2750 erat
2897 2706 3160 2749 astrorum
3186 2693 3466 2759 varietate,
3495 2692 3570 2746 sic
3606 2700 3665 2745 et

2083 2786 2238 2840 tellus
2262 2786 2450 2841 ﬂorum
2482 2787 2755 2857 multijuga
2786 2787 3043 2841 varietate
3067 2786 3384 2845 ornabatur,
3414 2784 3480 2837 ita
3515 2790 3570 2835 nt
3606 2791 3665 2835 ct

2084 2876 2267 2946 Opifex
2314 2877 2367 2932 in
2410 2876 2617 2932 laudem
2655 2880 2769 2947 ejus
2814 2885 3220 2948 prorumperet:
3265 2875 3460 2931 etenim
3500 2872 3661 2938 Vidit,

2083 2970 2187 3035 ait,
2219 2968 2370 3035 Dens,
2399 2968 2535 3038 quod
2560 2978 2685 3023 esset
2713 2968 2915 3023 bonum.

2156 3064 2211 3118 5.
2256 3061 2438 3116 Vidisti
2482 3061 2748 3132 quomodo
2786 3076 2880 3130 per
2923 3060 3128 3131 singula
3180 3075 3299 3130 qua:
3340 3059 3475 3114 facta
3504 3066 3662 3121 sunt,

2085 3153 2329 3211 ostendat
2353 3152 2651 3208 laudantem
2672 3152 2944 3221 Opificem,
2970 3162 3027 3207 ut
3046 3151 3288 3205 homines
3314 3158 3516 3219 postea,
3549 3149 3665 3203 haec

2085 3245 2280 3310 edocti,
2305 3260 2369 3298 ex
2395 3243 2651 3299 creaturis
2677 3243 2746 3297 ad
2778 3243 3083 3298 Creatorem
3126 3242 3505 3297 recurrerent?
3531 3240 3662 3295 Nam

2085 3336 2130 3391 si
2157 3344 2416 3391 creatura:
2454 3334 2755 3404 hujusmodi
2788 3334 2891 3389 sint
2912 3375 2928 3396 ,
2957 3341 3014 3388 ut
3037 3334 3103 3387 ab
3129 3332 3343 3386 homine
3373 3347 3471 3401 pro
3495 3331 3667 3400 digni-

2087 3437 2195 3482 tate
2233 3427 2432 3482 laudari
2472 3435 2736 3496 nequeant
2759 3442 2777 3480 :-
2816 3424 2941 3495 quid
2984 3424 3052 3479 de
3089 3424 3279 3494 opillce
3328 3424 3444 3493 ipso
3487 3422 3666 3477 dicere

2085 3520 2206 3589 quis
2227 3519 2457 3588 poterit?
2481 3517 2547 3571 Et
2571 3517 2723 3583 vidit,
2754 3518 2854 3581 ait,
2882 3514 3021 3571 Deus
3045 3515 3179 3584 quod
3201 3525 3325 3570 esset
3346 3515 3548 3569 bonum.
3576 3516 3663 3567 15.

2088 3612 2156 3666 Et
2185 3616 2371 3683 factum
2399 3621 2469 3667 est
2495 3627 2693 3681 vespere
2714 3652 2727 3674 ,
2759 3620 2808 3665 et
2836 3612 3025 3681 factum
3054 3619 3124 3663 est
3146 3624 3313 3672 mane,
3337 3608 3443 3661 dies
3470 3608 3666 3661 tertius.

2086 3704 2247 3761 Vides
2266 3703 2534 3775 quomodo
2565 3702 2805 3757 iterando
2833 3702 3136 3772 frequenter
3157 3700 3473 3764 doctrinam,
3501 3700 3667 3752 menti

2087 3806 2282 3852 “05"‘39
2320 3795 2585 3850 dictorum
2617 3794 2719 3848 vim
2755 3793 2976 3864 infigere
3003 3791 3151 3845 vult?
3193 3788 3485 3860 Oportebat
3522 3789 3666 3842 enim

2085 3888 2300 3944 dicere:
2337 3888 2399 3941 Et
2428 3888 2594 3941 factus
2620 3894 2702 3940 est
2734 3883 2848 3939 dies
2878 3883 3087 3937 tertius.
3116 3881 3220 3935 Sed
3247 3879 3367 3934 vide
3399 3876 3670 3948 quomodo

2084 3980 2153 4035 de
2179 3980 2398 4049 singulis
2424 3977 2613 4032 diebus
2638 3977 2716 4045 sic
2741 3976 2882 4030 dicat
2906 3993 2919 4028 :
2950 3974 3018 4029 Et
3044 3974 3235 4043 factum
3260 3980 3333 4026 est
3357 3986 3557 4039 vespere
3574 4009 3590 4034 ,
3622 3980 3669 4022 et

2086 4078 2275 4146 [uetant
2313 4081 2385 4126 est
2425 4086 2588 4134 mane,
2637 4071 2741 4123 dies
2788 4069 3002 4122 tertius:
3043 4081 3149 4121 non
3194 4064 3524 4135 simpliciter,
3568 4078 3671 4117 nec

2086 4166 2286 4236 absque
2314 4179 2507 4219 causa:
2540 4162 2634 4218 sed
2667 4178 2733 4217 ne
2761 4161 3001 4216 ordinem
3036 4158 3423 4214 confundamus
3446 4197 3462 4222 ,
3496 4170 3670 4224 neque

2086 4267 2331 4327 putemus
2376 4270 2596 4327 vespera
2643 4255 2920 4324 ingruente
2972 4252 3128 4306 linem
3168 4248 3437 4319 accepisse
3484 4246 3667 4310 diem;

2084 4350 2179 4407 sed
2223 4350 2453 4405 sciamus
2494 4361 2769 4415 vesperam
2809 4345 2966 4399 tinent
3010 4359 3130 4399 esse
3174 4341 3325 4406 lucis,
3371 4349 3424 4395 et
3475 4339 3671 4409 princi-

2085 4444 2230 4514 pium
2258 4441 2467 4497 noctis:
2500 4454 2655 4494 mane
2693 4447 2869 4492 autem
2914 4435 3070 4490 linem
3112 4433 3315 4499 noctis,
3351 4439 3406 4487 et
3431 4430 3670 4499 comple-

2088 4543 2324 4590 menturn
2349 4532 2475 4587 diei.
2501 4530 2613 4585 Hoc
2631 4530 2769 4584 enim
2791 4528 2985 4583 docere
3007 4540 3104 4581 nos
3128 4524 3238 4579 vult
3265 4524 3453 4579 beatus
3473 4522 3666 4585 Moses,

2086 4628 2269 4684 dicens
2292 4643 2306 4680 :
2339 4623 2409 4677 Et
2431 4624 2620 4693 factum
2641 4631 2712 4675 est
2740 4636 2959 4691 vespere,
2991 4627 3037 4673 et
3067 4621 3256 4688 factum
3282 4624 3353 4671 est
3379 4629 3545 4675 mane,
3564 4612 3672 4665 dies

2087 4720 2278 4773 tertius.
2309 4717 2374 4771 Et
2393 4731 2459 4771 ne
2484 4714 2714 4778 mireris,
2742 4710 2955 4773 dilecte,
2981 4708 3027 4763 si
3049 4707 3163 4763 htec
3185 4722 3327 4775 smpe
3347 4714 3400 4759 et
3418 4704 3673 4760 continuo

2087 4811 2228 4864 dicat
2275 4808 2450 4864 divina
2499 4804 2791 4875 Scriptura.
2838 4800 2894 4857 Si
2942 4800 3083 4856 enim
3131 4806 3251 4868 post
3297 4805 3495 4852 tantam
3543 4793 3672 4848 dicti

2090 4902 2439 4972 frequentiam
2466 4896 2632 4954 Judzni
2670 4895 2845 4954 adhuc
2870 4907 3057 4948 errore
3084 4888 3472 4961 praeoccupati,
3501 4901 3673 4940 exe:e~

2088 5007 2209 5052 cato
2229 4993 2392 5049 corde
2412 4989 2762 5051 contendunt,
2786 4995 2841 5041 et
2862 4999 3134 5055 vesperam
3165 4982 3370 5036 initium
3402 4977 3677 5046 sequentis

2088 5087 2193 5143 dici
2238 5100 2358 5141 esse
2403 5084 2686 5153 opinantur
2712 5080 2821 5151 (b),
2862 5076 3190 5146 decipieutes
3236 5071 3575 5139 semetipsos,
3622 5078 3679 5122 et

2089 5179 2265 5233 adhuc
2295 5176 2347 5230 in
2378 5174 2564 5229 umbra
2595 5172 2819 5235 sedent,
2852 5169 3074 5224 veritate
3100 5165 3347 5219 omnibus
3376 5161 3635 5230 patefacta
3661 5202 3677 5224 ,

2090 5280 2143 5326 et
2172 5269 2235 5323 ad
2266 5269 2536 5322 lucernam
2577 5262 2846 5325 assident,
2873 5259 2988 5313 sole
3020 5257 3238 5327 iustitia:
3280 5264 3447 5307 totum
3490 5251 3678 5306 orbem

2090 5361 2322 5429 undique
2344 5358 2661 5417 illustrante,
2686 5352 2784 5407 nisi
2810 5359 2950 5404 tanta
2977 5348 3245 5417 diligentia
3267 5355 3319 5400 et
3340 5342 3683 5397 accuratione

2091 5452 2383 5518 docuisset,
2415 5447 2575 5519 aliqui
2622 5456 2728 5499 tam
2773 5440 3080 5497 indocilimn
3126 5435 3527 5492 contentionem
3576 5430 3682 5486 fcr-

2091 5553 2227 5601 rent.

2155 5656 2227 5713 (η)
2261 5662 2401 5703 Eram
2422 5666 2504 5706 qtll
2529 5652 2673 5701 astris
2695 5656 2841 5698 teme
2864 5648 3089 5713 regimen
3114 5642 3469 5693 adscriberent.
3570 5694 3659 5713 in!

2157 5660 2205 5713 (tt
2261 5662 2401 5703 Erant
2422 5666 2504 5706 (ltIt
2529 5656 2673 5701 astris
2695 5656 2841 5698 teme
2864 5656 3089 5706 regimen
3114 5656 3469 5693 auscultarent.
3514 5698 3524 5707 .
3602 5696 3609 5706 δ
3651 5696 3659 5707 ⁸

2157 5656 2231 5782 (li;
2255 5717 2400 5768 tudini
2425 5715 2651 5765 dicebant
2673 5722 2930 5774 vesperam
2952 5708 3137 5757 initium
3163 5716 3277 5755 esse
3299 5694 3680 5766 sequcuttsdtet.
