4018 6136
336 307 408 361 53

411 419 715 476 Adhortatio
739 419 807 471 ad
831 415 1275 487 obtemperantium
1299 416 1598 485 Scripturis,
1627 426 1675 470 et
1711 415 1788 468 ad
1810 417 1918 483 glu-

342 514 475 566 riam
500 511 915 566 contemnendam
941 526 958 574 ;
989 510 1153 579 gloria
1179 510 1402 564 humana
1427 511 1654 563 virtutem
1682 509 1929 578 sequitur.

337 634 415 645 —
438 606 505 659 At
538 604 611 657 illi
652 602 864 673 quidem
901 603 1149 658 amentia:
1185 619 1297 657 sua:
1333 602 1548 673 prsentia
1582 609 1928 671 exSpcctcur:

341 711 441 748 nos
467 702 668 757 autem,
711 693 905 762 quibus
945 692 1199 747 donatum
1241 702 1323 747 est
1355 692 1483 747 solis
1512 692 1732 761 justitize
1769 690 1935 746 radiis

340 787 618 853 illustrari,
645 785 942 840 divinarum
965 785 1358 855 Scripturarum
1383 785 1641 840 doctrinae
1660 784 1935 853 obtempeo

338 896 558 936 remus:
588 891 644 936 et
670 880 810 935 hunc
833 894 1093 934 canonetn
1119 888 1426 949 sequentes,
1446 893 1573 933 sana
1602 877 1847 948 dogmata
1879 876 1931 932 in

339 971 537 1025 mentis
561 979 759 1025 nostris
787 971 1152 1040 promptuario
1182 984 1519 1040 reponamus,
1542 977 1597 1023 et
1620 984 1722 1023 una
1746 983 1930 1022 eorum

338 1077 525 1115 curam
546 1103 561 1126 ,
592 1070 647 1117 et
685 1070 881 1116 nostra:
908 1061 1094 1116 salutis
1124 1075 1367 1130 magnam
1397 1059 1805 1115 sollicitudinem
1843 1074 1934 1129 ge—

340 1164 525 1209 rentes
549 1195 563 1219 ,
594 1168 658 1209 ea
683 1169 802 1223 qua:
826 1153 1018 1207 anima:
1055 1162 1252 1207 nostra:
1287 1153 1564 1208 sanitatem
1607 1152 1819 1215 Iazdunt,
1855 1150 1934 1204 fu-

339 1244 571 1312 giamus,
613 1244 688 1298 ab
721 1242 1023 1313 hujusmodi
1063 1244 1314 1298 omnibus
1360 1244 1511 1313 quasi
1555 1259 1587 1297 a
1622 1242 1932 1312 petniciosis

339 1334 618 1389 veneﬁciis
635 1334 982 1389 abstinentes.
1009 1332 1172 1387 Multo
1192 1334 1363 1403 majus
1389 1334 1529 1387 enim
1552 1333 1655 1388 hoe
1677 1332 1929 1387 damnum

337 1435 444 1489 εει,
490 1434 546 1479 et
591 1434 738 1479 tanto
775 1424 967 1494 majus,
999 1435 1200 1494 quanto
1230 1425 1405 1478 anima
1452 1439 1680 1493 corpore
1720 1422 1928 1477 melior.

342 1516 434 1570 illa
464 1518 607 1571 enim
639 1532 840 1571 venena
864 1518 1196 1586 corporalem
1228 1517 1364 1570 hanc
1392 1527 1615 1570 mortem
1641 1515 1933 1570 inducunt:

341 1612 458 1664 tute
502 1619 679 1664 autem
727 1611 1005 1665 sanitatem
1048 1611 1241 1664 anima:
1286 1610 1623 1674 oﬂ‘ettdctttht,
1674 1618 1929 1664 :cternam

340 1699 499 1753 nobis
552 1709 777 1753 mortem
833 1699 1079 1753 alferunt.
1131 1699 1389 1766 Quaenam
1438 1708 1618 1753 autem
1664 1707 1790 1752 sunt
1842 1698 1929 1753 illa

341 1790 501 1844 nobis
526 1791 545 1821 “
572 1788 909 1859 perniciosa?
931 1790 1088 1844 Multa
1127 1800 1181 1845 et
1208 1789 1377 1855 varia,
1407 1790 1635 1843 maxime
1659 1797 1836 1843 autem
1862 1788 1935 1843 ad

342 1884 630 1937 humanam
687 1883 911 1953 gloriam
967 1891 1210 1952 Spectarc
1260 1891 1317 1936 et
1368 1882 1575 1937 nescire
1631 1896 1757 1936 eam
1802 1896 1933 1935 con-

340 1978 601 2029 temnere.
633 1974 743 2028 lloc
768 1976 909 2028 enim
949 1974 1235 2028 multorum
1272 1972 1427 2027 nobis
1468 1972 1726 2026 malorum
1767 1985 1927 2026 causa

337 2077 422 2120 est
452 2084 465 2120 :
497 2074 550 2120 et
572 2067 615 2119 si
642 2082 776 2135 quas
805 2066 1109 2135 spirituales
1139 2065 1398 2120 habemus
1422 2064 1655 2131 divitias,
1683 2079 1775 2118 eas
1799 2078 1930 2117 eva-

338 2166 486 2223 cuat,
514 2167 567 2212 et
596 2157 823 2211 utilitate
847 2198 861 2222 ,
894 2173 1011 2226 qua:
1036 2173 1099 2211 ex
1129 2158 1209 2211 eis
1243 2156 1357 2226 capi
1392 2163 1598 2225 potest,
1626 2169 1723 2209 nos
1758 2155 1927 2208 desti-

339 2250 460 2303 tuit.
516 2249 651 2317 Quid
706 2250 866 2320 igitur
912 2249 1070 2304 fuerit
1120 2248 1320 2304 damno
1377 2248 1479 2303 hoc
1536 2246 1929 2318 perniciosius?

338 2341 777 2412 Quandoquidem
823 2341 873 2396 id
902 2350 1155 2412 prastat,
1190 2350 1247 2396 ut
1286 2356 1319 2395 a
1351 2341 1503 2396 nobis
1533 2341 1743 2394 avoleut
1766 2339 1926 2393 etiam

339 2449 402 2488 ea
433 2448 552 2502 qtae
598 2448 694 2487 nos
736 2433 928 2487 habere
955 2440 1220 2503 putamus.
1253 2432 1342 2487 Sic
1386 2432 1684 2486 Pharismus
1712 2432 1798 2486 ille
1829 2447 1929 2501 pu-

342 2524 755 2577 blicanotninor
787 2522 957 2577 factus
982 2532 1096 2589 est,
1128 2538 1193 2578 eo
1215 2523 1358 2593 qttod
1389 2523 1580 2592 lingua!
1614 2536 1726 2576 sua:
1762 2521 1928 2590 impe-

341 2631 461 2670 mre
497 2630 601 2668 non
643 2616 812 2684 potuit
838 2613 986 2684 (Luc.
1028 2615 1157 2686 18):
1207 2615 1299 2669 sed
1343 2630 1437 2684 per
1477 2614 1619 2668 illam
1659 2613 1795 2668 sicut
1835 2628 1931 2682 per

342 2706 630 2761 hnrstram
660 2708 888 2776 aliquam
918 2723 1105 2762 omnes
1137 2706 1349 2762 divitias
1390 2721 1513 2761 suas
1547 2705 1751 2760 clfudit.
1782 2705 1927 2760 Tan-

342 2810 454 2853 tmu
483 2808 567 2854 est
596 2799 768 2853 inanis
788 2800 970 2870 gloria:
996 2800 1214 2853 malum.

410 2890 465 2945 ὅ.
511 2890 602 2944 Dic
626 2931 640 2955 ,
672 2890 943 2958 obsecro,
976 2890 1106 2944 mihi
1130 2931 1152 2956 ,
1176 2905 1272 2943 cur
1312 2898 1366 2945 et
1407 2904 1507 2959 qua
1551 2889 1621 2944 de
1663 2904 1818 2943 causa
1858 2888 1926 2942 ita

342 2979 619 3033 hominum
650 2980 806 3035 laude
846 2980 1081 3035 teneris?
1105 2979 1290 3034 Nescis
1314 3021 1333 3046 ,
1369 2980 1507 3050 quod
1538 2978 1672 3033 sicut
1701 2978 1884 3033 umbra
1909 3019 1928 3045 ,

339 3082 395 3126 ct
422 3072 466 3126 si
491 3072 617 3143 quid
647 3074 733 3126 illa
765 3072 941 3138 vilius,
972 3073 1041 3126 ita
1066 3072 1276 3127 illorum
1306 3071 1417 3125 laus
1448 3071 1499 3124 in
1530 3086 1707 3125 acrem
1736 3069 1925 3123 dill'usa

338 3164 665 3218 evanescat?
694 3163 938 3232 Alioquin
966 3163 1271 3218 inconstans
1296 3170 1350 3215 et
1374 3161 1629 3215 mutabile
1650 3170 1731 3215 est
1756 3160 1928 3213 homi-

344 3269 470 3306 num
497 3269 686 3323 gcnus,
733 3263 787 3308 et
815 3254 890 3308 illi
920 3254 1018 3323 ipsi
1044 3253 1312 3319 eumdem,
1340 3268 1496 3322 quem
1524 3268 1665 3307 nunc
1691 3251 1925 3317 laudant,

344 3362 451 3399 non
494 3347 663 3399 multo
701 3355 819 3415 post
861 3346 1161 3414 vituperant
1193 3362 1207 3398 :
1247 3344 1389 3415 quod
1429 3345 1481 3398 in
1526 3346 1792 3400 sententia
1836 3344 1926 3399 Dei

345 3454 640 3508 numquam
685 3438 955 3493 usuvenit.
986 3437 1064 3492 Ne
1092 3438 1249 3507 igitur
1280 3438 1348 3492 ita
1377 3436 1720 3505 desipiamus,
1752 3451 1822 3491 ne
1844 3445 1926 3491 te-

344 3546 494 3586 mere
532 3540 587 3585 et
623 3531 824 3599 absque
864 3529 1034 3585 fructu
1063 3529 1305 3584 fallamus
1334 3544 1431 3583 nos
1462 3529 1623 3596 ipsos.
1666 3528 1799 3583 Nam
1828 3529 1929 3584 etsi

346 3622 543 3675 bonum
569 3620 819 3691 quiddam
851 3621 1097 3687 facimus,
1125 3635 1230 3674 non
1256 3629 1433 3674 autem
1465 3630 1680 3689 propter
1710 3619 1808 3673 hoc
1836 3635 1925 3673 so—

346 3712 456 3766 lum
480 3712 705 3781 agimus,
736 3721 792 3766 ut
817 3711 1122 3766 mandatum
1156 3711 1360 3765 Domini
1390 3711 1556 3765 nostri
1588 3712 1925 3780 impleamus,

344 3806 502 3874 eique
538 3805 635 3859 Soli
680 3806 872 3875 cogniti
905 3806 1069 3859 simus
1094 3846 1109 3870 ,
1139 3805 1370 3859 laborem
1410 3804 1550 3860 hunc
1580 3805 1772 3860 frustra
1803 3822 1927 3861 sus-

342 3898 571 3965 cipimus
592 3939 606 3960 ,
642 3913 843 3967 nosque
874 3898 1142 3966 privamus
1195 3896 1365 3950 fructu
1390 3938 1405 3963 ,
1434 3913 1589 3966 quem
1628 3897 1752 3951 inde
1777 3912 1927 3951 assc-

343 3991 437 4059 qui
482 3990 686 4045 liceret.
738 3990 867 4044 Nam
917 3992 961 4045 is
1008 3992 1095 4059 qui
1144 4001 1202 4043 ut
1242 3990 1311 4044 ab
1354 3990 1657 4045 hominibus
1701 3990 1925 4059 gloriam

344 4092 588 4147 vcnctur,
612 4084 740 4155 quid
767 4083 888 4137 boni
917 4093 1185 4152 operatur,
1215 4083 1328 4137 sive
1354 4098 1415 4137 ea
1448 4082 1545 4135 frui
1576 4083 1789 4151 poterit,
1816 4082 1928 4138 sive

347 4190 486 4240 non;
517 4190 661 4243 saepe
685 4175 825 4229 enim
849 4183 901 4230 ct
921 4174 1008 4243 qui
1035 4183 1247 4243 propter
1271 4173 1480 4227 inanem
1505 4174 1727 4243 gloriam
1749 4174 1925 4228 omnia

347 4264 472 4319 facit
495 4306 509 4328 ,
537 4264 696 4319 etiam
738 4266 848 4333 ipsa
878 4265 1195 4330 frustratur;
1240 4265 1354 4320 sive
1381 4265 1538 4335 igitur
1564 4281 1623 4320 ea
1657 4266 1887 4335 potiatur
1907 4307 1921 4330 ,

345 4356 457 4409 sive
487 4370 590 4407 non
612 4394 627 4419 ,
654 4356 786 4409 satis
829 4354 917 4409 hic
947 4354 1312 4410 retributionis
1345 4357 1580 4426 accepit,
1610 4365 1665 4411 et
1700 4358 1767 4411 ibi
1798 4358 1925 4412 nihil

348 4445 572 4513 accipiet
599 4446 957 4514 praemiorum.
987 4446 1163 4513 Quare
1193 4446 1333 4501 hoc?
1360 4448 1491 4514 Quia
1524 4448 1811 4515 prwfercns
1840 4447 1924 4501 fu-

346 4534 479 4588 turis
528 4535 845 4603 praesentia,
888 4545 943 4590 ct
976 4536 1103 4604 justi
1149 4536 1347 4591 Judicis
1392 4538 1598 4591 calculo
1640 4538 1924 4592 humanam

341 4623 591 4691 gloriam,
617 4625 887 4695 indignum
918 4641 977 4681 se
1018 4627 1190 4681 reddit
1222 4628 1366 4697 quia
1391 4629 1575 4684 lodice
1613 4629 1918 4684 honoretnr.

340 4713 539 4768 Contra
566 4714 609 4769 si
642 4723 854 4784 propter
881 4715 983 4769 hoc
1009 4717 1180 4770 solum
1211 4731 1493 4786 operemur
1522 4720 1795 4785 spit'iluaie
1823 4721 1923 4774 ali-

339 4803 482 4873 quod
514 4805 710 4858 bonum
737 4845 751 4868 ,
780 4816 838 4860 ut
874 4807 1173 4875 placeamus
1199 4808 1351 4863 ocqu
1379 4810 1450 4863 illi
1479 4812 1576 4864 soli
1602 4851 1616 4876 ,
1643 4814 1732 4880 qui
1760 4813 1923 4881 sopiri

342 4897 538 4959 nescit,
563 4904 617 4949 et
640 4896 731 4949 cui
756 4896 897 4950 nuda
924 4905 978 4951 et
1004 4908 1184 4966 aperta
1210 4908 1333 4953 sunt
1358 4901 1535 4955 omnia
1579 4919 1594 4955 :
1624 4911 1679 4956 et
1708 4902 1922 4958 thesau-

342 5001 433 5039 rus
460 4995 647 5041 noster
673 4987 723 5040 in
751 4996 863 5042 tuto
889 4989 1008 5051 erit,
1031 4999 1086 5043 et
1111 4990 1429 5060 incorrupta:
1458 5008 1556 5047 nos
1583 5009 1792 5050 merces
1811 5010 1923 5050 ma-

341 5076 573 5140 nebunt,
603 5087 658 5131 ct
695 5094 761 5132 ex
806 5079 917 5147 ipsa
957 5095 1139 5135 earum
1173 5082 1319 5135 suavi
1348 5085 1743 5152 exspectatione
1770 5087 1923 5141 nobis

340 5168 505 5221 multa
528 5170 825 5224 consolatio
845 5172 965 5233 erit,
984 5172 1109 5226 dum
1134 5172 1185 5225 in
1208 5177 1590 5242 promptuario,
1608 5178 1748 5247 quod
1765 5194 1923 5233 nemo

337 5257 569 5328 diripere
598 5261 824 5327 poterit,
861 5262 951 5315 illa
979 5263 1132 5317 nobis
1166 5266 1308 5317 salva
1342 5268 1639 5322 cu.~toditur
1664 5285 1873 5325 merces
1903 5289 1918 5326 :

338 5350 449 5404 iano
493 5352 731 5416 sequitur
774 5352 934 5405 etiam
976 5353 1141 5422 gloria
1182 5354 1432 5411 humana.
1482 5357 1632 5413 Tune
1660 5361 1800 5415 enim
1833 5362 1920 5417 illa

340 5439 509 5493 multo
531 5439 747 5496 uberius
767 5441 1006 5506 fruimur,
1029 5443 1242 5512 quando
1261 5460 1376 5500 eam
1396 5446 1737 5517 despicimus,
1755 5468 1922 5523 quan-

338 5534 411 5590 do
452 5548 575 5590 eam
612 5550 719 5589 non
748 5535 1032 5604 quaerimus
1054 5577 1070 5602 ,
1102 5537 1313 5606 quando
1342 5555 1460 5597 eam
1496 5556 1602 5597 non
1632 5552 1919 5601 sectamur.
1942 5532 1960 5548 ’

411 5716 430 5750 ο
461 5716 603 5768 savii.
629 5722 682 5766 et
700 5715 890 5782 quidam
908 5723 1003 5768 Mss
1021 5757 1035 5779 ,
1060 5716 1205 5769 vobis.

1498 303 1560 361 IN
1597 305 1748 360 CAP.
1792 301 1829 356 l.
1870 300 2110 357 CINES.
2155 302 2382 363 ιιωηι..
2421 303 2517 362 Vl.

3561 316 3637 370 ει

2042 412 2105 468 Et
2153 416 2277 486 quid
2317 417 2527 473 miraris
2550 459 2567 482 ,
2596 418 2642 473 si
2684 417 2786 475 hoc
2824 419 3041 476 eveniat
3087 421 3156 477 iis
3194 422 3283 493 qui
3323 426 3627 494 spirituales

2040 506 2386 577 philosophos
2427 518 2626 580 agunt,
2655 526 2776 565 cum
2816 519 2871 566 et
2913 512 3065 567 multi
3108 528 3293 568 eorum
3336 516 3425 584 qui
3468 515 3629 587 hujus

2040 596 2221 651 mundi
2262 598 2437 653 studia
2473 609 2761 665 sectantur,
2792 616 2887 656 eos
2926 602 3156 658 maxime
3194 614 3540 662 contemnant
3566 620 3625 664 et

2037 687 2353 758 despiciant,
2382 693 2471 761 qui
2500 692 2567 746 ab
2592 691 2893 748 hominibus
2917 694 3139 764 gloriam
3161 708 3405 766 quaerunt
3425 739 3440 763 ,
3471 700 3622 753 inve-

2039 784 2259 850 niesque
2283 782 2351 837 ab
2376 784 2621 839 omnibus
2644 784 2881 840 dicteriis
2911 786 3102 842 incessi
3138 802 3232 842 eos
3258 789 3349 859 qui
3377 789 3623 844 humana:

2037 875 2220 945 gloria:
2250 875 2494 932 inhiant?
2519 877 2656 946 Quid
2686 878 2843 948 igitur
2871 879 3118 934 miserius
3142 880 3315 947 nobis,
3342 884 3431 952 qui
3459 882 3621 952 spiri-

2040 967 2196 1021 tualia
2226 976 2492 1022 sectamur
2511 1010 2526 1035 ,
2552 970 2595 1023 si
2623 970 2826 1024 similes
2856 970 2959 1025 illis
2978 1012 2993 1036 ,
3019 972 3275 1027 celebrari
3303 974 3370 1028 ab
3397 974 3629 1027 homini-

2037 1054 2137 1111 bus
2157 1058 2455 1127 cupiamus,
2476 1068 2530 1114 et
2553 1060 2596 1113 si
2622 1076 2728 1114 non
2751 1069 2833 1115 sat
2854 1060 3008 1116 fuerit
3030 1062 3183 1117 nobis
3199 1077 3229 1116 a
3255 1064 3363 1118 Deo
3384 1064 3582 1119 laudari
3596 1065 3627 1118 ἶ

2037 1147 2179 1203 sicut
2196 1157 2250 1202 et
2279 1148 2470 1203 Paulus
2498 1150 2624 1205 dicit
2658 1168 2670 1204 :
2702 1151 2858 1220 Cujus
2890 1152 3051 1222 gloria
3082 1170 3181 1206 non
3206 1170 3272 1208 ea:
3297 1154 3580 1209 [caminibus
3600 1196 3625 1220 ,

2036 1240 2125 1292 sed
2166 1256 2230 1294 ca:
2274 1240 2380 1295 Deo
2410 1242 2606 1311 (Rom.
2640 1242 2693 1295 2.
2734 1242 2867 1311 29).
2912 1244 3025 1297 Non
3070 1244 3217 1299 vides
3243 1286 3259 1308 ,
3297 1244 3523 1310 dilecte,
3568 1246 3622 1299 in

2036 1328 2377 1387 Circensibus
2403 1332 2559 1400 ludis,
2590 1334 2857 1403 quomodo
2890 1334 2923 1387 ii
2951 1335 3039 1403 qui
3067 1350 3237 1404 equos
3261 1336 3481 1404 agitant,
3514 1352 3622 1391 non

2037 1420 2323 1477 advertunt
2373 1425 2612 1494 plausum
2657 1434 2711 1481 et
2760 1425 2992 1480 favorem
3026 1427 3215 1496 populi
3257 1428 3541 1483 assidentis
3566 1440 3619 1484 et

2035 1516 2399 1583 acclamantis,
2428 1533 2598 1588 neque
2622 1534 2690 1573 ex
2713 1534 2778 1573 eo
2806 1520 2989 1589 plausu
3019 1519 3340 1589 voluptatein
3365 1521 3616 1589 capiunt:

2034 1607 2133 1661 sed
2158 1606 2224 1661 ad
2258 1623 2417 1661 unum
2460 1610 2631 1662 solum
2658 1617 2901 1678 spectant
2938 1608 3314 1679 imperatorem
3346 1611 3399 1665 in
3446 1610 3632 1664 medio

2034 1696 2332 1764 sedentem,
2357 1706 2412 1752 ct
2436 1698 2501 1752 ad
2530 1708 2715 1753 nutum
2746 1701 2892 1754 illius
2914 1703 3269 1768 attendentes,
3294 1709 3456 1756 totam
3484 1703 3620 1756 mulo

2035 1788 2313 1842 titudinem
2344 1789 2640 1858 despiciunt
2664 1832 2679 1857 ,
2715 1800 2769 1844 et
2797 1800 2922 1845 tunc
2947 1794 3119 1846 solum
3145 1793 3325 1847 animo
3353 1794 3619 1848 extollun-

2032 1887 2141 1942 tur,
2161 1894 2278 1933 cum
2297 1879 2386 1933 ille
2403 1895 2497 1934 eos
2514 1882 2887 1936 coronavcrit?
2909 1881 3018 1935 llos
3041 1882 3197 1952 igitur
3217 1893 3270 1937 et
3292 1894 3344 1937 tu
3363 1884 3629 1952 imitatus,

2034 1985 2139 2027 non
2179 1972 2353 2043 magni
2383 1974 2637 2028 momenti
2682 1972 2843 2029 facito
2873 1974 3145 2028 hominum
3187 1975 3416 2039 famam,
3448 1992 3631 2046 neque

2036 2071 2254 2133 propter
2296 2078 2414 2119 eam
2456 2064 2702 2120 virtutem
2732 2081 2997 2121 exerceas
3022 2107 3036 2131 ,
3070 2066 3161 2121 sed
3192 2082 3222 2119 a
3258 2067 3403 2135 justo
3434 2067 3630 2124 .ludiee'

2033 2154 2348 2210 sententiam
2374 2164 2641 2226 exspecta,
2667 2165 2723 2211 et
2746 2157 2811 2211 ad
2840 2157 2982 2211 illius
3006 2167 3191 2212 nutum
3222 2159 3453 2213 intentus
3478 2169 3614 2214 esto.

2031 2245 2122 2302 Sic
2146 2263 2358 2301 omnem
2392 2248 2553 2301 vitam
2586 2256 2728 2302 tuam
2756 2247 3002 2318 dispenso
3020 2289 3042 2315 ,
3066 2258 3197 2303 utet
3222 2249 3308 2305 hic
3335 2250 3619 2304 continen-

2034 2347 2117 2392 ter
2143 2339 2281 2393 bona
2320 2354 2417 2407 spe
2455 2339 2689 2409 pascaris
2713 2379 2732 2405 ,
2760 2348 2816 2394 et
2854 2340 2959 2393 illic
2985 2340 3200 2395 :etcrnis
3229 2340 3403 2397 fruare
3431 2342 3580 2396 bonis
3599 2380 3617 2407 ,

2031 2443 2151 2498 quae
2191 2437 2246 2482 ut
2276 2443 2371 2482 nos
2401 2443 2589 2483 omnes
2614 2444 2997 2498 assequamur,
3025 2428 3153 2485 faxit
3183 2431 3347 2500 gratia
3373 2440 3424 2484 et
3455 2432 3616 2486 inise-

2031 2520 2259 2575 ricordia
2303 2522 2509 2575 Domini
2550 2522 2715 2575 nostri
2757 2520 2880 2576 Jesu
2911 2521 3147 2588 Christi,
3179 2538 3301 2577 cum
3333 2538 3438 2592 quo
3474 2523 3627 2577 Patri-

2030 2623 2085 2669 et
2113 2612 2333 2681 Spiritui
2368 2621 2555 2667 sancto
2580 2614 2647 2667 sit
2672 2615 2840 2684 gloria
2867 2655 2881 2676 ,
2911 2624 2963 2668 et
2996 2614 3277 2684 imperium
3312 2624 3366 2670 et
3406 2615 3575 2670 honor
3597 2655 3627 2680 τ

2031 2719 2173 2760 nunc
2194 2713 2248 2761 et
2274 2718 2516 2773 semper,
2544 2713 2600 2759 et
2624 2703 2679 2760 in
2709 2705 2903 2760 sa'cula
2932 2706 3273 2761 saeculorum.
3303 2707 3492 2761 Amen.

2615 2818 2896 2874 HOMILIA
2940 2820 3031 2874 VI.

2032 2933 2097 2987 Et
2121 2931 2253 2985 dixit
2282 2931 2424 2985 Deus
2452 2948 2468 2985 :
2500 2929 2652 2984 Fiant
2680 2931 2954 2985 luminaria
2984 2932 3036 2984 in
3064 2931 3380 2998 [irritamento
3413 2930 3524 2985 (α’ιί
3547 2933 3625 2984 ait

2100 3023 2527 3077 illuminationem
2546 3038 2697 3091 super
2722 3032 2906 3075 terram
2950 3063 2967 3089 ,
2993 3032 3045 3075 nt
3075 3022 3300 3075 dividant
3326 3023 3454 3075 inter
3483 3022 3623 3075 diem

2101 3128 2145 3171 et
2175 3117 2306 3169 inter
2328 3125 2543 3179 noctem,
2571 3124 2616 3167 et
2645 3114 2742 3167 sint
2769 3114 2819 3167 in
2842 3113 2987 3181 signa
3011 3155 3027 3182 ,
3055 3124 3100 3167 et
3128 3113 3181 3167 in
3208 3122 3433 3183 tempora
3455 3154 3470 3179 ,
3495 3124 3539 3167 et
3563 3114 3623 3167 ita

2103 3209 2229 3275 dies,
2259 3216 2306 3261 et
2333 3208 2384 3261 in
2411 3222 2569 3260 annos
2592 3203 2743 3279 (Gen.
2780 3205 2829 3259 l.
2866 3205 2974 3275 14).

2104 3345 2155 3399 1.
2202 3342 2333 3399 Volo
2371 3342 2579 3398 Solitum
2622 3348 2848 3395 tractare
2886 3338 3180 3393 doctrinam
3206 3378 3220 3400 ,
3248 3346 3305 3392 et
3343 3347 3527 3407 torpeo
3554 3353 3615 3393 ac

2030 3435 2313 3489 detrecto:
2344 3440 2576 3487 mentem
2622 3431 2762 3485 enim
2806 3445 2977 3485 meam
3022 3427 3260 3485 confudit
3302 3436 3359 3483 et
3397 3436 3614 3483 conlur-

2032 3526 2177 3581 bavit
2216 3523 2596 3593 superveniens
2641 3522 2870 3576 tristitia:
2907 3520 3080 3575 nubes
3114 3520 3265 3574 :itno
3305 3534 3409 3574 non
3444 3519 3614 3573 solum

2034 3615 2290 3680 tristitize,
2321 3613 2416 3669 sed
2442 3623 2494 3668 et
2519 3612 2611 3666 ine
2630 3652 2645 3676 ,
2674 3611 2742 3665 ita
2774 3619 2832 3665 ut
2860 3609 3090 3664 nesciam
3119 3608 3244 3678 quid
3271 3607 3566 3662 faciendum
3598 3624 3612 3661 :

2032 3716 2265 3765 mentem
2306 3707 2447 3761 enim
2478 3712 2702 3773 occupat
2731 3703 3016 3757 hazsitatio.
3068 3701 3199 3755 Cum
3228 3700 3369 3754 enim
3398 3700 3573 3768 cogito
3595 3738 3614 3764 ,

2032 3814 2127 3853 vos
2155 3812 2367 3852 omnem
2400 3795 2542 3847 illam
2573 3802 2808 3847 nostram
2837 3790 3157 3861 doctrinam,
3177 3799 3231 3843 et
3255 3788 3619 3858 quotidianam

2031 3889 2447 3946 adtuottiiiouctn
2486 3885 2553 3941 ad
2596 3883 2864 3939 modicum
2908 3881 3103 3937 diaboli
3146 3881 3325 3935 ﬂatum
3357 3880 3619 3934 oblivioni

2030 3981 2312 4037 tradidisse
2335 4022 2352 4047 ,
2377 3989 2433 4035 et
2476 3979 2543 4034 ad
2573 3976 2866 4032 satauicum
2906 3974 3054 4029 illum
3094 3982 3395 4043 cquestretn
3429 3972 3613 4027 ludum

2030 4086 2218 4128 omnes
2245 4069 2606 4137 concurrisse,
2637 4084 2739 4139 qua
2769 4065 3041 4121 alacritate
3081 4075 3267 4135 potero
3296 4063 3483 4117 iterum
3511 4061 3610 4117 do-

2028 4165 2253 4219 ctrinam
2286 4162 2494 4217 tradere
2519 4201 2533 4225 ,
2560 4175 2679 4216 cum
2718 4158 2894 4228 priora
2924 4165 3027 4211 tam
3058 4156 3166 4211 cito
3193 4155 3372 4209 animo
3396 4152 3610 4208 excide-

2031 4255 2172 4310 rint?
2216 4255 2324 4308 lloc
2351 4253 2491 4308 enim
2519 4258 2601 4306 est
2629 4248 2770 4320 quod
2800 4247 3131 4318 potissimum
3169 4260 3254 4299 mc
3283 4251 3529 4313 torquet,
3559 4253 3612 4296 ct

2028 4348 2093 4401 ad
2139 4347 2269 4399 iram
2312 4352 2612 4399 commovet
2637 4381 2651 4407 ,
2694 4340 2835 4411 quod
2865 4354 2985 4394 cum
3028 4347 3209 4394 nostra
3253 4335 3611 4390 admonitione

2030 4438 2381 4494 reverentiam
2408 4436 2566 4491 etiam
2585 4476 2600 4501 ,
2622 4449 2780 4504 quam
2801 4446 2967 4486 sacrae
2990 4428 3420 4498 Quadragcsimm
3445 4426 3610 4480 debe-

2031 4529 2114 4593 tis,
2148 4544 2212 4583 οι
2241 4527 2420 4580 animo
2442 4532 2623 4579 vestro
2650 4522 2806 4577 simul
2835 4520 3098 4590 cjeceritis
3120 4559 3137 4584 ,
3166 4534 3364 4588 vosque
3392 4518 3468 4571 sie
3493 4515 3609 4570 dit-

2029 4618 2134 4672 boli
2167 4617 2366 4671 retibus
2393 4613 2736 4669 involvcritis.
2767 4610 3043 4678 Quomodo
3064 4610 3180 4679 quis
3209 4609 3421 4679 poterit,
3449 4608 3612 4661 etiam

2028 4709 2111 4763 cui
2139 4723 2330 4762 saxeus
2351 4707 2586 4770 animus,
2616 4713 2819 4761 tantum
2844 4711 3203 4771 contemptum
3228 4718 3331 4754 non
3351 4700 3611 4771 gravatim

2028 4800 2205 4855 ferre?
2236 4800 2441 4856 Pudore
2467 4799 2694 4867 afﬁcior,
2722 4798 2957 4863 credite;
2986 4807 3041 4852 et
3065 4796 3343 4860 erubesco,
3375 4809 3494 4847 cum
3526 4792 3605 4844 vi-

2026 4892 2127 4947 deo
2152 4908 2249 4946 nos
2271 4894 2461 4947 frustra
2484 4891 2748 4955 laborare,
2771 4890 2896 4945 etin
2924 4901 3069 4956 petra
3091 4894 3382 4941 sementem
3400 4881 3606 4950 jacere.

2025 4988 2097 5040 At
2125 4986 2253 5040 mihi
2282 4986 2492 5056 quidem
2524 4985 2636 5039 sive
2663 4983 2800 5038 dicta
2847 4996 2964 5034 mea
2990 4978 3214 5031 audiatis
3238 5015 3254 5039 ,
3284 4974 3395 5028 sive
3422 4973 3609 5028 audire

2026 5081 2420 5145 contctnnatis,
2462 5090 2669 5131 merces
2716 5088 2831 5127 mea
2874 5073 3074 5141 integra
3118 5070 3239 5124 erit.
3282 5068 3412 5122 Nant
3448 5083 3612 5123 omne

2018 5170 2164 5240 quod
2192 5186 2367 5225 meum
2394 5178 2528 5235 erat,
2560 5168 2661 5222 feci
2690 5184 2703 5221 :
2732 5164 3009 5235 pecuniam
3038 5160 3388 5223 dinumeravi,
3418 5159 3605 5214 admo-

2027 5264 2259 5318 nitiones
2283 5261 2497 5316 adhibui
2525 5279 2537 5315 :
2561 5260 2723 5315 timeo
2746 5267 2944 5321 autem,
2967 5264 3021 5310 ct
3040 5255 3228 5309 anxius
3254 5268 3393 5318 sum,
3420 5268 3484 5306 ne
3506 5251 3608 5306 hoc

2029 5356 2181 5409 vobis
2215 5353 2281 5407 ad
2317 5353 2573 5420 majorem
2616 5348 3006 5405 accusationem
3048 5346 3220 5401 cedat.
3255 5344 3444 5399 Servus
3475 5342 3607 5395 cnim

2025 5447 2108 5500 ille
2127 5487 2140 5510 ,
2168 5446 2263 5510 ait,
2293 5445 2378 5515 qui
2406 5443 2498 5497 scit
2543 5442 2847 5497 voluntatem
2883 5440 3073 5494 domini
3110 5438 3212 5502 sui,
3244 5446 3289 5491 et
3317 5454 3416 5491 non
3446 5434 3604 5505 facit,

2027 5535 2278 5607 vapulabit
2305 5535 2473 5588 multis
2507 5533 2655 5603 (an.
2688 5532 2774 5587 12.
2807 5529 2919 5602 47).
2950 5530 3163 5585 Nullum
3187 5529 3329 5583 enim
3355 5526 3606 5593 cuiquam

2026 5640 2256 5683 vestrum
2286 5628 2351 5682 ad
2396 5627 2743 5697 ignorantiam
2771 5626 2871 5680 erit
2900 5623 3159 5693 refugium
3187 5662 3203 5686 ,
3234 5635 3354 5675 cum
3387 5630 3483 5670 nos
3510 5630 3602 5668 ca-

2028 5720 2146 5778 Jcm
2188 5719 2420 5791 quotidie
2464 5720 2801 5788 insouemus,
2841 5726 2894 5773 ct
2932 5713 3274 5773 ostendamus
3312 5704 3604 5762 diabolieos
