4018 6136
381 302 451 358 55
1145 299 1200 354 S.
1242 297 1515 355 105Nle
1554 296 2031 354 CIIIlYSOSTOMI
2072 298 2392 377 ARCIIIEP.
2433 298 2971 357 CONSTANTINOP.
3601 298 3677 355 56

385 416 625 486 laqueos,
656 426 708 472 et
734 431 973 484 magnam
1004 414 1211 483 virtutis
1242 412 1571 481 facilitatem,
1602 414 1647 468 si
1679 423 1854 467 tamen
1884 413 1965 465 vi-

382 508 518 578 giles
554 523 675 562 esse
709 507 1048 561 voluerimus.
1097 506 1177 558 An
1223 505 1437 559 nescitis
1460 517 1555 559 eos
1595 505 1684 573 qui
1713 503 1791 558 sie
1818 518 1968 557 suam
2008 558 2035 597 ἲ

387 601 610 652 salutem
642 597 930 666 negligunt,
963 604 1017 649 et
1036 594 1320 665 aliquando
1350 595 1452 649 huc
1479 594 1716 661 veniunt,
1739 594 1972 664 aliquan-
2000 593 2008 601 ’

394 689 466 743 do
490 700 666 743 autem
700 688 749 743 in
777 689 1079 743 da-monum
1106 687 1237 742 retia
1265 703 1322 742 se
1353 687 1612 757 injiciunt,
1641 703 1672 741 a
1698 687 1972 758 Scriptura

387 782 560 835 divina
592 780 813 835 canibus
855 779 1192 849 comparari?
1236 778 1405 833 Ilomo
1439 779 1579 834 enim
1605 818 1621 845 ,
1650 778 1856 850 inquit,
1889 778 1973 846 qui

384 872 687 924 convertitur
714 889 744 924 α
773 881 976 941 peccato
1002 888 1093 924 suo
1110 912 1124 937 ,
1152 881 1197 924 et
1238 873 1418 925 iterant
1444 873 1494 924 in
1536 872 1756 941 idipsum
1800 871 1930 924 redit
1956 910 1971 936 ,

384 961 565 1015 similis
604 970 676 1015 cst
713 962 828 1015 cani
871 962 938 1014 ad
979 962 1218 1015 vomitum
1249 979 1395 1016 suum
1434 960 1972 1034 redeunti(Prov.26.

388 1050 500 1122 ll).
532 1051 694 1106 Vides
719 1053 802 1106 cui
830 1052 1031 1107 similes
1060 1052 1183 1107 facti
1222 1060 1348 1106 sunt
1370 1052 1458 1122 qui
1498 1052 1564 1106 ad
1604 1053 1844 1107 illicitum
1877 1052 1977 1108 hoc

387 1143 751 1214 spectaculum
799 1144 1189 1198 occurrerunt?
1231 1143 1344 1197 Non
1392 1144 1616 1198 audistis
1661 1143 1931 1198 Christum
1958 1184 1973 1209 ,

390 1235 658 1290 dicentem
692 1252 705 1289 :
739 1234 915 1288 Omnis
945 1236 1030 1306 qui
1054 1236 1195 1287 audit
1225 1236 1315 1289 Iros
1344 1251 1596 1289 sermones
1623 1252 1778 1300 meos,
1803 1244 1849 1288 et
1878 1250 1977 1288 non

393 1325 518 1394 facit
544 1341 627 1379 eos
647 1366 662 1389 ,
689 1325 868 1379 similis
901 1326 994 1379 erit
1021 1327 1125 1380 viro
1150 1326 1304 1380 stulto
1324 1367 1339 1392 ,
1369 1327 1453 1395 qui
1477 1326 1745 1396 aediﬁcavit
1772 1326 1979 1380 domum

390 1434 538 1473 suam
564 1434 717 1488 super
746 1432 989 1483 arenam;
1030 1432 1078 1472 et
1116 1429 1351 1473 uenerunt
1380 1420 1594 1488 ﬂumina
1618 1459 1631 1483 ,
1661 1428 1706 1473 et
1735 1420 1981 1487 [laverunt

393 1512 527 1567 senti
549 1551 565 1577 ,
604 1522 649 1564 et
678 1512 932 1565 irruerunt
969 1512 1020 1565 in
1053 1511 1257 1565 domum
1284 1512 1456 1576 illam,
1490 1522 1536 1564 et
1575 1511 1784 1577 cecidit,
1813 1521 1860 1566 et
1885 1511 1982 1581 fuit

394 1605 545 1657 ruina
582 1604 719 1658 illius
748 1620 931 1673 magna
959 1603 1169 1674 (Matth.
1199 1604 1252 1657 7.
1280 1604 1369 1658 26.
1400 1604 1538 1674 27)?
1568 1605 1637 1657 At
1659 1604 1750 1673 qui
1781 1603 1846 1656 ad
1872 1603 1981 1657 cir-

395 1709 585 1749 censes
625 1694 779 1748 ludos
808 1694 1014 1757 ierunt,
1046 1694 1135 1747 illo
1176 1694 1330 1763 longe
1355 1694 1646 1749 deteriores
1674 1694 1795 1748 facti
1834 1704 1978 1749 sunt.

399 1784 541 1840 lllius
580 1786 723 1839 enim
749 1786 939 1839 domus
967 1785 1171 1853 dejecta
1196 1795 1277 1838 est
1299 1826 1314 1850 ,
1347 1785 1442 1838 sed
1470 1795 1589 1854 post
1621 1785 1849 1839 validam
1878 1785 1983 1837 im-

397 1876 740 1946 pulsionem:
787 1876 1003 1930 ﬂumina
1044 1877 1185 1930 enim
1235 1888 1288 1932 et
1334 1886 1519 1931 ventos
1559 1876 1730 1943 dixit,
1776 1891 1881 1930 non
1929 1883 1985 1930 ut

400 1979 675 2023 ventorum
718 1969 947 2037 impetus
974 1977 1028 2022 et
1054 1984 1311 2038 aquarum
1343 1968 1708 2024 multitudines
1745 1968 1972 2034 iudicet,
1998 1978 2007 1999 ἰ

396 2060 491 2116 sed
537 2071 593 2115 ut
637 2062 985 2116 tentatiouum
1026 2061 1334 2115 violentiam
1375 2062 1641 2126 insinuet;
1680 2071 1734 2115 et
1774 2061 1984 2115 ruinam

396 2153 588 2208 domus
613 2194 627 2218 ,
659 2168 767 2207 non
808 2160 867 2206 ut
898 2152 1201 2207 sensibilem
1241 2152 1457 2206 domum
1488 2152 1839 2223 imaginemur
1869 2169 1882 2205 :
1920 2151 1987 2207 de

397 2243 574 2297 anima
603 2244 748 2299 enim
794 2258 971 2299 scr-mo
1012 2252 1091 2298 est
1116 2284 1131 2309 ,
1164 2259 1281 2313 qua:
1326 2243 1574 2313 gravibus
1612 2242 1986 2297 alilictinnibus

399 2340 649 2409 dejicitur
673 2380 689 2405 ,
721 2355 890 2409 neque
916 2340 1019 2394 illis
1058 2340 1306 2393 resistere
1344 2346 1553 2408 potest;
1601 2339 1653 2392 in
1683 2353 1778 2392 vos
1808 2347 1986 2393 autem

404 2446 577 2501 neque
624 2439 812 2485 ventus
854 2429 1091 2495 amavit,
1136 2445 1308 2499 neque
1347 2430 1490 2484 lluvii
1536 2429 1843 2493 irruerunt;
1893 2429 1986 2484 sed

402 2522 681 2578 dumtaxat
720 2523 892 2577 tenuis
931 2523 1173 2593 quzedam
1202 2538 1332 2577 aura
1362 2522 1621 2578 diabolica
1652 2524 1907 2591 spiravit,
1934 2532 1990 2579 et

401 2632 592 2671 omnes
629 2631 724 2671 vos
762 2616 1040 2671 subvertit.
1089 2615 1225 2684 Quid
1270 2616 1369 2672 hac
1412 2616 1711 2687 insipientia
1754 2616 1988 2671 deterius

402 2706 596 2761 fuerit?
624 2722 741 2776 qua:
762 2706 949 2777 jejunii
980 2707 1216 2763 utilitas?
1238 2707 1341 2773 die,
1371 2722 1496 2773 oro;
1529 2707 1669 2777 quod
1699 2707 1899 2761 lucrum
1922 2722 1989 2762 ex

405 2797 503 2852 liae
546 2798 996 2867 congregatione?
1038 2798 1167 2864 Quis
1196 2814 1302 2854 non
1344 2808 1400 2854 et
1438 2813 1531 2854 vos
1556 2798 1894 2870 deploraret,
1934 2808 1989 2853 et

404 2904 502 2943 nos
533 2890 756 2943 miseros
782 2888 1025 2944 diceret?
1055 2889 1163 2945 Vos
1187 2930 1202 2957 ,
1238 2891 1448 2960 inquam
1474 2931 1490 2957 ,
1522 2890 1641 2960 quia
1667 2891 1843 2944 omnia
1869 2904 1988 2959 qua:

400 2980 723 3049 collegistis,
752 2982 910 3037 simul
935 2982 1195 3039 eliudistis
1216 3024 1231 3049 ,
1261 2993 1314 3038 et
1335 2983 1527 3054 januas
1563 2984 1756 3038 mentis
1794 2992 1988 3039 vestra:

401 3088 564 3143 pravo
590 3073 819 3129 diemeni
845 3076 1128 3145 aperuistis
1148 3117 1164 3143 ,
1195 3087 1250 3131 ut
1281 3078 1447 3132 facilis
1473 3078 1521 3133 ei
1551 3078 1724 3132 aditus
1751 3086 1894 3133 esset
1921 3076 1989 3131 ad

402 3164 699 3219 ell'erendas
728 3180 917 3220 omnes
947 3177 1152 3223 vestras
1176 3168 1479 3237 spirituales
1502 3168 1747 3235 divitias;
1779 3184 1875 3224 nos
1897 3185 1990 3224 ve-

404 3270 465 3309 ro
491 3256 716 3310 miseros
742 3257 860 3325 quis
882 3258 1005 3327 jure
1030 3258 1242 3327 dixerit,
1270 3259 1410 3329 quod
1434 3260 1503 3314 ita
1529 3260 1751 3316 mortuis
1772 3261 1988 3317 auribus

402 3348 786 3403 concionemnr
807 3390 823 3416 ,
855 3365 918 3406 ac
944 3359 1141 3405 tantam
1167 3350 1427 3421 jacturam
1453 3352 1710 3408 iaciamus
1730 3397 1742 3416 ,
1772 3364 1826 3408 et
1855 3371 1988 3425 quo-

403 3438 530 3492 tidie
550 3438 893 3503 seminantes,
918 3441 1120 3495 nullum
1148 3442 1423 3511 percipere
1447 3442 1673 3497 fructum
1701 3444 1985 3512 possimus.

401 3528 536 3583 Num
561 3529 659 3584 hac
679 3531 791 3585 sola
810 3531 878 3588 de
896 3547 1053 3588 causa
1080 3541 1185 3587 tam
1212 3533 1432 3589 studiosi
1457 3535 1508 3589 in
1531 3535 1758 3591 dicendo
1779 3552 1986 3606 sumus,

400 3632 458 3674 ut
487 3636 643 3677 aures
674 3631 879 3678 vestras
905 3624 1257 3693 oblectemus,
1286 3629 1367 3682 vel
1390 3628 1532 3698 quod
1556 3628 1755 3684 laudari
1781 3646 1810 3684 a
1838 3631 1987 3685 vobis

396 3713 711 3783 cupiamus?
736 3713 845 3769 Nisi
888 3716 1092 3772 lucrum
1123 3718 1272 3774 vobis
1310 3719 1379 3773 sit
1412 3736 1477 3774 ex
1514 3722 1851 3776 sermonibus
1891 3737 1988 3776 no-

399 3804 524 3860 stris
550 3846 565 3870 ,
597 3805 763 3860 satius
790 3806 944 3862 fuerit
983 3822 1080 3863 nos
1119 3808 1340 3879 posthac
1369 3809 1545 3865 silere.
1595 3810 1799 3867 Nollem
1842 3812 1984 3867 enim

400 3896 549 3950 vobis
573 3896 788 3966 majoris
812 3898 1167 3953 damnationis
1187 3915 1345 3955 causa
1373 3902 1505 3956 ﬁeri.
1533 3902 1819 3958 Enimvero
1848 3905 1985 3959 sicut

398 3988 730 4057 negotiator,
762 3990 851 4059 qui
890 4007 1011 4045 cum
1039 3992 1218 4046 multis
1252 3992 1520 4047 mercibus
1558 4001 1612 4047 et
1636 3995 1826 4062 opibus
1849 4010 1977 4050 eou-

397 4080 628 4150 gregatis
659 4096 847 4136 navem
877 4082 1196 4151 impleverit,
1230 4082 1406 4137 subito
1428 4094 1543 4138 orta
1570 4094 1905 4155 tempestate,
1929 4096 1984 4143 et

397 4170 717 4239 praevalente
738 4180 1016 4226 ventorum
1038 4174 1287 4229 violentia
1304 4214 1319 4237 ,
1345 4188 1520 4229 mersa
1542 4190 1661 4230 cum
1683 4177 1983 4234 vectoribus

395 4277 551 4327 nave,
580 4262 637 4317 lit
664 4262 913 4319 omnibus
939 4264 1242 4320 miserabile
1278 4267 1665 4335 spectaculum,
1693 4268 1865 4323 nudus
1891 4286 1981 4326 re-

397 4362 555 4422 pente
583 4368 846 4423 apparens
870 4396 884 4421 ,
915 4364 969 4410 et
996 4364 1115 4425 post
1145 4357 1398 4425 plurimas
1425 4357 1813 4430 immensasque
1841 4362 1979 4418 divi-

395 4444 496 4498 tias
520 4445 571 4499 in
597 4453 889 4501 extremam
916 4447 1160 4502 redactus
1187 4458 1496 4519 egestatem,
1528 4450 1597 4505 ita
1626 4462 1678 4508 et
1707 4454 1979 4510 vobiscum

390 4538 634 4592 diabolus
665 4554 805 4594 nunc
829 4540 956 4610 egit.
989 4539 1118 4594 Nam
1146 4542 1267 4612 quia
1300 4543 1504 4599 invenit
1527 4559 1714 4600 navem
1744 4558 1975 4603 vestram

390 4627 721 4695 spiritualem
750 4630 930 4685 multis
954 4630 1152 4686 divitiis
1179 4642 1471 4702 oneratam,
1498 4644 1552 4692 et
1572 4637 1699 4691 vidit
1723 4638 1977 4708 grandem

397 4719 727 4788 thesaurum,
757 4738 915 4793 quem
958 4739 1024 4778 ex
1063 4724 1280 4794 jejuniis
1317 4735 1371 4781 et
1414 4730 1683 4784 continuis
1720 4731 1977 4788 doctrinis

389 4811 639 4882 colligere
667 4813 911 4882 potuistis
941 4831 954 4867 :
981 4816 1129 4884 quasi
1159 4825 1473 4886 tempestate
1502 4822 1745 4890 quapiam
1777 4822 1977 4878 immis-

393 4919 449 4958 sa
479 4945 495 4970 ,
528 4904 711 4960 inutile
755 4914 809 4960 et
856 4906 1211 4975 perniciosum
1257 4909 1385 4964 illud
1432 4922 1678 4981 equestre
1704 4924 1973 4971 certamen

390 4996 511 5051 dco
534 5037 551 5063 ,
585 5013 681 5068 per
718 4998 844 5055 illud
892 5000 1063 5071 ipsum
1105 5003 1351 5059 omnibus
1380 5019 1473 5061 vos
1513 5004 1708 5061 divitiis
1737 5006 1977 5064 destituit

390 5101 437 5144 et
465 5090 730 5159 spoliavit.
1694 5163 1713 5169 δ

457 5182 511 5234 2.
571 5181 695 5238 Scio
742 5200 828 5240 me
876 5185 1272 5243 vehementiore
1314 5189 1673 5262 increpatione
1714 5194 1827 5260 uti,
1877 5195 1971 5250 sed

385 5281 692 5347 ignoscatis,
721 5296 816 5334 oro
840 5297 853 5333 :
881 5281 950 5336 ita
977 5284 1173 5352 quippe
1193 5282 1379 5338 dolens
1409 5287 1584 5340 anima
1610 5287 1763 5343 solet.
1789 5288 1971 5360 Neque

391 5372 524 5424 enim
555 5385 621 5425 ex
652 5372 862 5428 mimico
894 5383 1108 5443 pectore
1136 5375 1249 5431 haec
1280 5377 1467 5449 loquor
1486 5421 1501 5445 ,
1532 5379 1625 5434 sed
1655 5397 1718 5434 ex
1747 5382 1970 5437 sollicita

386 5462 653 5533 vestrique
673 5465 1030 5520 amantissima
1053 5466 1226 5519 anima
1253 5484 1266 5521 :
1292 5478 1575 5538 propterea
1598 5485 1663 5526 ex
1688 5475 1970 5529 severitate

386 5555 578 5625 aliquid
613 5557 824 5612 remitto
845 5599 859 5625 ,
888 5567 942 5612 et
967 5560 1089 5629 quia
1117 5559 1264 5614 ulcus
1295 5576 1517 5630 serpens
1544 5562 1755 5618 cobibni
1782 5606 1795 5629 ,
1828 5565 1969 5619 cari-

386 5655 542 5701 tatem
569 5660 795 5703 vestram
825 5651 1015 5705 iterum
1040 5652 1175 5705 bona
1202 5668 1297 5721 spe
1326 5653 1564 5709 animare
1591 5655 1714 5708 volo
1733 5696 1748 5720 ,
1780 5670 1845 5710 ne
1869 5656 1966 5711 de-

402 5735 651 5801 srerctis,
686 5751 785 5791 nec
810 5737 1052 5794 animant
1086 5739 1484 5805 despondcatis.
1518 5745 1634 5802 Non
1665 5747 1803 5803 enim
1833 5747 1970 5804 sicut

2079 411 2129 466 in
2156 414 2502 469 sensibilibus
2532 414 2707 481 rebus,
2739 415 2810 470 ita
2836 425 2892 471 et
2917 415 3003 470 hic
3029 430 3125 470 usu
3152 416 3363 480 evenit;
3387 415 3494 470 illic
3521 430 3673 469 iisin-

2075 519 2182 573 que
2222 504 2268 560 is
2312 505 2404 576 qui
2451 521 2519 561 ex
2562 505 2762 561 divitiis
2798 506 2851 560 in
2881 517 3177 561 extremam
3219 505 3465 561 redactus
3513 506 3676 561 fuerit

2078 594 2310 666 inopiam
2335 637 2350 661 ,
2378 597 2525 653 brevi
2566 611 2659 652 eas
2691 612 2940 667 reparare
2972 598 3192 666 nequit;
3244 598 3329 651 hic
3367 605 3542 651 autem
3576 613 3673 666 per

2081 688 2499 744 misericordiam
2529 690 2645 756 Dei,
2674 690 2718 743 si
2745 689 2902 745 modo
2921 689 3277 745 condemnare
3303 689 3438 743 facta
3461 700 3669 753 nostra,

2081 788 2133 835 et
2158 780 2268 849 jam
2296 780 2487 836 sistere
2510 780 2770 850 ignaviam
2799 782 3143 840 voluerimus.
3172 781 3461 849 ιιοιοπίιηιιε
3489 781 3673 835 statim

2080 871 2147 926 ad
2171 872 2450 944 pristinam
2479 872 2861 927 abundantiam
2888 874 3082 928 redire.
3113 873 3258 928 Talis
3286 873 3429 927 enim
3458 882 3539 926 est
3565 873 3673 925 llo-

2082 962 2259 1017 minus
2299 972 2484 1017 noster
2508 1005 2523 1031 ,
2557 973 2769 1034 tamque
2800 964 3109 1034 magniﬁcus
3139 974 3193 1019 et
3223 964 3456 1017 liberalis
3489 981 3501 1017 :
3532 979 3582 1017 u:
3606 963 3677 1016 de

2082 1061 2135 1107 et
2181 1054 2373 1108 clamat
2416 1070 2510 1125 per
2557 1054 2908 1125 prophetam,
2955 1054 3138 1110 dicens
3180 1071 3195 1109 :
3248 1052 3514 1107 Voluntate
3556 1052 3676 1105 nolo

2083 1154 2293 1197 mortem
2320 1146 2597 1214 peccatoris
2616 1187 2631 1211 ,
2658 1145 2747 1200 sed
2775 1155 2829 1198 ut
2858 1155 3192 1208 conrertatur,
3222 1155 3269 1201 et
3298 1146 3427 1199 vivat
3459 1144 3670 1215 (Ezech.

2085 1235 2172 1292 18.
2214 1236 2285 1291 25
2306 1236 2344 1307 ).
2376 1237 2496 1292 Scio
2524 1253 2617 1291 vos
2644 1237 2779 1307 frugi
2810 1236 3052 1292 hominis
3076 1252 3196 1292 esse
3219 1278 3234 1303 ,
3267 1246 3320 1291 et
3347 1236 3551 1305 lapsum
3580 1250 3674 1289 ve.

2084 1338 2252 1381 strum
2282 1328 2699 1397 persentiscere.
2722 1327 2838 1382 Non
2868 1335 3045 1382 autem
3074 1343 3233 1397 parva
3259 1327 3332 1381 ad-
3356 1328 3564 1381 virtutis
3592 1342 3677 1379 re-

2085 1417 2253 1472 ditum
2295 1418 2377 1471 via
2405 1427 2515 1483 est,
2548 1420 2688 1473 scire
2719 1428 3057 1488 peccator-um
3084 1417 3522 1487 magnitudinem.
3555 1416 3675 1471 lani

2088 1526 2155 1565 ne
2180 1511 2300 1582 quis
2340 1510 2469 1566 mihi
2511 1512 2701 1567 iterum
2728 1511 2976 1567 diaboliei
3007 1511 3150 1566 illius
3177 1511 3378 1566 erroris
3406 1510 3564 1565 verba
3591 1510 3674 1562 ai-

2088 1601 2221 1656 lerat
2244 1642 2258 1668 ,
2283 1602 2465 1657 dicens
2506 1622 2518 1657 :
2549 1604 2714 1669 Quale
2744 1613 3016 1672 peccaturo
3042 1612 3123 1657 est
3143 1644 3158 1669 ,
3192 1602 3371 1657 videre
3398 1610 3679 1656 currentes

2087 1696 2292 1762 equos?
2319 1695 2374 1748 Si
2405 1694 2636 1748 volueris
2678 1694 2967 1763 prudenter
3004 1695 3182 1749 omnia
3214 1695 3422 1750 discere
3454 1710 3573 1764 qua:
3606 1694 3675 1746 ibi

2089 1782 2245 1848 liunt,
2282 1782 2523 1837 invenies
2559 1785 2737 1837 omnia
2773 1800 2839 1839 ex
2877 1785 3112 1839 satanica
3152 1784 3462 1854 operatione
3495 1785 3677 1853 prodi-

2088 1886 2147 1926 re
2174 1872 2269 1941 (a).
2301 1871 2418 1927 Non
2448 1874 2590 1928 enim
2614 1874 2860 1929 videntur
2886 1876 2983 1930 soli
3013 1875 3135 1945 equi
3162 1885 3438 1931 currentes
3459 1918 3479 1942 ,
3501 1876 3593 1929 sed
3625 1886 3679 1930 et

2087 1964 2352 2020 clamores
2376 2007 2390 2032 ,
2421 1974 2474 2020 et
2505 1966 2846 2036 blasphemia:
2871 2007 2887 2034 ,
2914 1976 2969 2024 et
2994 1968 3143 2023 multi
3185 1968 3538 2037 intempestivi
3566 1983 3680 2022 ser-

2090 2070 2276 2110 mones
2303 2055 2589 2112 audiuntur
2610 2098 2627 2123 ,
2657 2068 2712 2113 et
2740 2059 2994 2113 mulieres
3018 2061 3319 2128 prostituta:
3360 2058 3412 2112 in
3445 2058 3678 2112 ιηυώυηι

2091 2148 2390 2217 prodeunt,
2421 2158 2475 2203 et
2514 2160 2821 2220 spectantur
2860 2150 3049 2205 molles
3086 2160 3140 2206 et
3177 2149 3465 2206 eﬂ‘eminati
3507 2152 3677 2220 pueri.

2090 2238 2224 2292 Num
2254 2253 2412 2308 parva
2446 2240 2538 2295 tibi
2570 2241 2685 2296 haec
2714 2241 2979 2308 videntur,
3009 2251 3062 2296 et
3086 2258 3207 2312 qua:
3236 2241 3302 2296 ad
3330 2242 3564 2312 captivas
3587 2242 3680 2296 ab-

2091 2328 2363 2385 ducendas
2386 2332 2591 2387 animas
2620 2348 2804 2404 parum
2835 2332 3070 2387 faciam?
3097 2333 3226 2388 Nam
3249 2334 3303 2388 si
3322 2333 3522 2388 fortuiti
3550 2350 3681 2389 con-

2092 2431 2283 2474 ventus
2309 2421 2550 2478 inctnttos
2578 2437 2721 2493 sa'pe
2749 2424 3175 2494 supplantarunt,
3204 2434 3256 2479 et
3287 2424 3338 2478 in
3369 2424 3683 2494 perditionis

2093 2511 2409 2582 profundum
2428 2531 2568 2586 sa-pc
2591 2524 2889 2582 traxerunt,
2905 2516 3029 2587 quid
3052 2516 3423 2573 vorisitnileest
3437 2518 3682 2573 accidere

2093 2603 2219 2669 illis,
2252 2606 2340 2674 qui
2372 2606 2497 2663 illuc
2518 2622 2581 2662 ea
2610 2607 2678 2661 de
2707 2623 2867 2662 causa
2896 2609 3134 2674 veniunt,
3162 2618 3215 2663 et
3244 2609 3427 2663 oculos
3460 2620 3681 2677 pascunt

2092 2694 2286 2751 illicitis
2313 2697 2458 2753 hisce
2484 2698 2889 2767 spectaculis,ot
2914 2700 3037 2754 inde
3063 2699 3279 2769 peniecti
3308 2699 3528 2753 adulteri
3560 2699 3680 2753 dis-

2091 2790 2329 2844 cedunt?
2372 2790 2641 2861 Benignns
2680 2792 2825 2846 enim
2872 2792 3125 2846 Dominus
3175 2801 3356 2847 noster
3379 2792 3556 2846 sciens
3583 2808 3680 2844 na-

2093 2893 2265 2938 turam
2296 2891 2530 2937 nostram
2550 2883 2822 2938 tentationi
2853 2886 3169 2953 expositam,
3192 2891 3245 2937 et
3273 2882 3532 2937 ἀαιιῐιοηὶδ
3554 2897 3677 2935 ver-

2091 2982 2266 3029 sutam
2313 2981 2367 3029 et
2411 2973 2610 3028 variam
2659 2974 2952 3040 malitiam,
3007 2972 3142 3027 bene
3191 2988 3290 3027 nos
3341 2974 3586 3026 muniens
3629 2982 3679 3026 et

2092 3064 2530 3136 inexpugnabiles
2567 3065 2790 3120 reddere
2829 3064 3015 3119 volens
3038 3105 3054 3132 ,
3088 3064 3259 3135 legem
3302 3066 3436 3119 hanc
3466 3064 3642 3135 posuit
3665 3106 3678 3127 ,

2090 3158 2273 3213 dicens
2307 3176 2320 3211 :
2356 3158 2456 3224 Qui
2483 3158 2683 3227 inspicit
2712 3159 2973 3213 mulierem
2994 3167 3047 3212 ut
3067 3158 3385 3229 concupiscat
3414 3175 3556 3226 eam,
3564 3159 3676 3229 jam

2091 3250 2407 3304 adulteratus
2431 3260 2503 3305 est
2529 3267 2639 3304 eam
2664 3252 2716 3305 in
2746 3251 2897 3306 corde
2922 3267 3015 3306 suo
3035 3250 3253 3321 (Matth.
3278 3251 3331 3306 5.
3360 3249 3452 3323 28)
3472 3293 3489 3319 ,
3521 3251 3675 3305 adul-

2093 3343 2283 3398 terium
2313 3353 2741 3398 consummatum
2772 3343 3011 3399 vocando
3040 3350 3317 3413 aspectum
3346 3359 3467 3399 cum
3496 3344 3676 3399 curio-

2090 3435 2247 3489 sitate
2291 3433 2509 3489 factum.
2556 3434 2633 3490 Ne
2664 3435 2822 3505 igitur
2848 3435 2934 3490 die
2965 3436 3098 3489 ultra
3128 3452 3143 3489 :
3172 3435 3308 3503 Quid
3337 3436 3459 3490 mali
3489 3452 3554 3491 ex
3586 3436 3673 3491 illa

2090 3524 2553 3594 frequentatione?
2599 3525 2741 3580 Istud
2787 3525 2957 3595 ipsum
3004 3527 3147 3581 enim
3191 3526 3371 3582 videre
3416 3543 3676 3597 equorum

2090 3624 2366 3669 certamen
2388 3656 2403 3681 ,
2431 3614 2623 3669 sul'licit
2650 3614 2715 3670 ad
2744 3615 2964 3669 multam
2993 3616 3281 3686 perniciem
3308 3618 3500 3672 animae
3539 3617 3677 3673 inle-

2090 3704 2331 3761 rendam.
2357 3705 2491 3760 Nam
2520 3721 2640 3761 cum
2673 3707 2724 3761 in
2753 3706 2953 3761 inutilia
2972 3748 2987 3773 ,
3016 3715 3070 3762 et
3093 3722 3156 3762 ea
3181 3724 3303 3778 qua:
3326 3709 3518 3764 animae
3546 3708 3677 3765 nihil

2089 3799 2411 3867 conducunt,
2435 3799 2529 3856 sed
2556 3809 2610 3855 et
2635 3799 2891 3856 damnosa
2918 3813 3037 3856 sunt
3055 3843 3069 3868 ,
3095 3811 3303 3873 tempus
3324 3803 3641 3858 insumimns
3661 3845 3677 3870 ,

2086 3894 2443 3959 aitercamur,
2474 3902 2529 3948 et
2572 3894 2849 3949 innumera
2895 3895 3052 3949 verba
3076 3937 3092 3963 ,
3125 3904 3181 3951 et
3220 3912 3339 3965 quae
3382 3897 3524 3967 loqui
3569 3913 3675 3952 non

2087 3994 2336 4055 oportet,
2368 3984 2636 4055 loquimur
2665 4002 2676 4037 :
2707 4000 2866 4055 quam
2896 3985 3209 4042 habebimus
3236 3986 3490 4042 veniam?
3516 4003 3675 4057 quam

2086 4073 2482 4131 excusationem
2506 4075 2529 4129 ?
2579 4075 2647 4130 Et
2676 4074 2763 4131 hic
2786 4076 2997 4146 quidem
3027 4076 3073 4130 si
3107 4077 3262 4150 paulo
3288 4077 3548 4147 prolixius
3574 4078 3674 4132 doc

2085 4183 2294 4235 cemus,
2321 4170 2474 4224 multi
2505 4178 2818 4224 succensent
2844 4179 2897 4225 et
2926 4185 3067 4239 :egre
3092 4168 3289 4234 lerunt,
3316 4179 3370 4225 et
3398 4171 3675 4225 inﬁrmita-

2086 4270 2192 4318 tem
2231 4263 2474 4332 corporis
2510 4271 2564 4318 et
2592 4262 2800 4318 labores
2832 4270 3169 4331 praetexunt,
3202 4262 3326 4317 licet
3361 4262 3676 4320 admirabile

2085 4352 2245 4422 hujus
2272 4354 2450 4423 templi
2484 4362 2679 4409 tectum
2710 4354 2929 4407 multum
2961 4354 3199 4419 soletur;
3232 4354 3359 4408 nihil
3390 4356 3529 4408 enim
3560 4372 3675 4409 mo-

2084 4447 2251 4502 lestiae
2271 4447 2411 4517 parit
2432 4446 2619 4516 frigus,
2641 4446 2723 4500 vel
2747 4447 2941 4516 pluvia,
2964 4457 3057 4500 aut
3079 4456 3356 4500 ventorum
3377 4448 3668 4516 asperitas;

2084 4539 2190 4594 illic
2220 4555 2368 4604 vero,
2399 4539 2521 4593 licet
2547 4538 2769 4593 multum
2800 4539 3192 4608 eumpluautur,
3224 4552 3255 4591 a
3284 4539 3455 4593 ventis
3480 4540 3673 4593 validis

2084 4640 2359 4691 vexentur,
2382 4639 2435 4686 et
2456 4631 2634 4685 calore
2650 4630 2779 4684 solis
2795 4630 3074 4699 aliquando
3090 4638 3337 4695 aestuent,
3358 4644 3463 4683 non
3486 4646 3669 4697 unam,

2083 4738 2257 4793 neque
2295 4723 2429 4777 duas
2471 4730 2674 4777 tantum
2716 4722 2912 4786 horas,
2945 4721 3039 4777 sed
3086 4721 3278 4775 bonam
3317 4722 3420 4776 diei
3467 4732 3668 4791 partem

2082 4824 2378 4879 \‘Cl’SﬂlllUl’,
2398 4823 2451 4868 Cl
2472 4829 2644 4884 neque
2664 4827 2825 4869 SCIICX
2849 4827 3011 4869 canos
3036 4828 3161 4867 SUOS
3182 4822 3474 4875 reveretur,
3497 4829 3670 4883 neque

2076 4904 2328 4976 juvenem
2360 4907 2518 4976 pudet
2541 4906 2609 4961 ad
2634 4921 2885 4961 canorum
2915 4905 3240 4960 irritamenta
3269 4906 3383 4960 ire:
3408 4905 3504 4960 sed
3525 4915 3665 4960 tanta

2079 5010 2161 5056 est
2195 5000 2308 5053 hzee
2336 4999 2580 5068 deceptio
2603 5039 2619 5066 ,
2651 5007 2709 5053 ut
2732 5014 2851 5053 cum
2881 4998 3149 5067 voluptate
3178 4997 3295 5053 h:ee
3318 5013 3445 5053 esea
3465 4999 3668 5052 anima-

2082 5106 2197 5145 rum
2226 5089 2555 5156 admittatur,
2582 5103 2681 5143 nec
2705 5088 2990 5159 cogitetur,
3013 5087 3325 5145 damnosam
3354 5087 3493 5143 hanc
3516 5088 3668 5143 volu-

2081 5192 2277 5254 ptatem
2319 5183 2533 5236 brevem
2571 5195 2694 5236 esse
2728 5190 2780 5235 et
2820 5179 3194 5250 temporariam
3219 5220 3235 5248 ,
3267 5179 3506 5234 dolorem
3538 5194 3666 5234 vero

2081 5285 2430 5345 perpetuum,
2480 5282 2534 5327 et
2575 5274 2808 5343 graviter
2848 5280 3215 5326 accusatnram
3256 5271 3663 5326 conscientiam.

2083 5364 2248 5420 Video
2275 5365 2416 5419 enim
2445 5378 2584 5418 nunc
2611 5363 2909 5433 aliquorum
2940 5362 3122 5428 facies,
3149 5370 3202 5418 et
3229 5361 3472 5430 conjecto
3492 5362 3667 5430 qualis

2076 5459 2267 5512 animm
2297 5474 2480 5512 eorum
2509 5466 2676 5510 status
2695 5497 2711 5522 ,
2742 5466 3045 5525 quantaque
3074 5468 3214 5509 nunc
3240 5452 3549 5526 ptenitentia
3581 5461 3665 5506 te.

2078 5561 2321 5606 ttcantur.
2360 5550 2555 5606 Verum
2588 5564 2653 5605 ne
2684 5550 2870 5604 iterum
2902 5550 2953 5604 in
2981 5548 3167 5603 eadem
3196 5547 3466 5617 recidatis,
3492 5562 3664 5618 neque

2138 5754 2213 5811 (ai
2246 5753 2302 5804 In
2323 5754 2454 5805 Circo
2478 5752 2633 5816 turpia
2656 5748 2929 5816 spectacula
2953 5746 3302 5798 oll'ercbantur.
