4018 6136
222 223 295 281 55
1445 217 1511 274 IN
1545 217 1702 274 CAP.
1746 219 1760 272 I
1805 216 2048 274 GENES.
2086 217 2321 276 HOMIL.
2363 220 2453 274 VI.
3598 218 3668 275 56

219 335 433 408 καὶτῆς
455 334 657 407 ἀρετῆς
685 335 784 406 τὴν
814 333 1012 406 πολλὴν
1041 333 1312 399 εὐκολίαν,
1339 333 1434 388 ἐάν
1457 337 1649 407 νήφειν
1683 333 1888 406 βουλοί-

219 423 380 494 μεθα.
411 423 481 475 Ἢ
510 423 610 476 οὐκ
641 423 756 475 ἰστε
786 422 869 475 ὃτι
897 423 1027 484 τοὺς
1054 421 1196 475 οὕτω
1232 421 1332 492 τῆς
1362 419 1572 475 ἐαυτῶν
1615 421 1888 491 σωτηρίας

215 510 597 582 ἀμελοῦντας,
642 509 737 563 καί
778 525 909 562 ποτε
961 508 1062 579 μὲν
1108 507 1343 588 ἐνταῦθα
1381 509 1885 580 παραγινομένους,

215 598 406 653 ἄλλοτε
440 597 496 649 δὲ
518 597 598 658 εἰς
627 594 694 647 τά
725 593 818 646 τοῦ
844 593 1090 648 διαϐόλου
1112 592 1302 646 δίκτυα
1332 595 1558 656 ἐαυτοὺς
1583 593 1889 654 ἐκδιδόντας

217 686 329 744 τοῖς
360 681 488 736 κυσὶ⁸
521 680 856 752 παραϐάλλει
889 682 923 751 ἡ
959 680 1078 732 θεία
1115 681 1304 750 Γραφὴ
1335 697 1348 744 ;
1378 682 1725 748 Ἀνθρωπος
1757 678 1886 749 γὰρ,

220 789 291 841 φη
300 771 406 833 σὶν,
419 766 818 836 ἀποστρέφων
830 767 944 821 ἀπὸ
962 766 1034 835 τῆ
1043 788 1072 832 ς
1084 767 1372 835 ἁμαρτίας
1389 767 1574 821 αὐτοῦ
1590 767 1688 820 καί
1704 765 1893 819 πάλιν

218 856 303 918 εἰς
322 851 521 920 αὐτὴν
542 850 821 912 ἐπανιὼν,
841 849 1042 918 ὅμοιός
1063 849 1190 901 ἐστι
1208 848 1344 902 κυνὶ
1357 847 1772 918 ἐπιστρέφοντι
1793 848 1888 900 ἐπὶ

217 941 325 992 τὸν
340 937 499 992 ἴδιον
515 937 747 1007 ἔμετον.
786 936 950 1006 Ὁρᾷς
971 934 1078 987 τίνι
1101 933 1340 987 ἐοίκασιν
1382 936 1430 987 οἱ
1478 935 1614 1005 πρὸς
1643 934 1738 1004 τὴν
1769 933 1892 988 θέαν

217 1027 435 1097 ἐκείνην
463 1025 560 1097 τὴν
594 1024 907 1095 παράνομον
934 1021 1336 1093 δεδραμηκότες
1362 1034 1426 1087 ⁸;
1470 1023 1584 1074 Οὐκ
1624 1023 1893 1092 ἠκούσατε

217 1115 309 1168 τοῦ
335 1112 576 1184 Χριστοῦ
593 1112 860 1181 λέγοντος,
880 1109 1000 1175 Πᾶς
1032 1113 1065 1163 ό
1098 1109 1335 1163 ἀκούων
1355 1128 1474 1178 μου
1507 1111 1649 1175 τοὺς
1672 1111 1895 1178 ,λόγους

216 1203 493 1266 τούτους,
534 1198 633 1252 καί
653 1198 739 1266 μὴ
760 1195 947 1250 ποιῶν
966 1194 1215 1261 αὐτοὺς,
1255 1196 1681 1264 ὁμοιωθήσεται
1722 1196 1896 1264 ἀνδρί

212 1288 413 1359 μωρῷ,
433 1290 604 1353 ὅστις
626 1284 969 1355 ᾠκοδόμησε
980 1285 1096 1353 τὴν
1109 1285 1508 1339 οἰκίαναύτοῦ
1535 1286 1634 1339 ἐπὶ
1658 1284 1774 1353 τὴν
1788 1286 1896 1352 ἀμ-

215 1394 358 1446 μον,
373 1375 474 1429 καί
487 1371 678 1444 ἦλθον
686 1375 741 1426 οἰ
752 1371 1024 1442 ποταμοὶ,
1044 1369 1143 1425 καί
1158 1369 1469 1424 ἔπνευσαν
1483 1375 1537 1425 οἰ
1553 1371 1780 1442 ἄνεμοι,
1797 1371 1897 1424 καὶ

219 1461 647 1532 προσέρῤηξαν
657 1459 728 1527 τῇ
746 1460 900 1525 οἰκίᾳ
917 1458 1142 1528 ἐκείνῃ,
1159 1457 1256 1512 καί
1272 1458 1475 1522 ἔπεσε,
1496 1459 1590 1511 καί
1612 1453 1736 1528 ἦνῆ
1754 1456 1898 1510 πτῶο

219 1568 321 1617 σις
337 1547 530 1616 αὐτῆς
541 1547 797 1617 μεγάλης
819 1547 881 1601 Οἱ
908 1545 964 1598 δὲ
978 1548 1059 1608 εἰς
1081 1546 1180 1616 τὴν
1197 1545 1556 1616 ἰπποδρομίαν
1569 1545 1901 1616 δεδραμηκό-

219 1655 314 1701 τες
331 1637 428 1690 καὶ
449 1634 639 1687 τούτου
659 1634 872 1704 χείρους
888 1632 1192 1700 γεγόνασιν.
1207 1629 1448 1686 Ἐκείνου
1463 1633 1571 1704 γὰρ
1587 1632 1620 1703 ἡ
1636 1631 1779 1684 οἰκία
1799 1632 1899 1684 κᾶν

226 1723 368 1795 μετά
407 1722 506 1792 τὴν
530 1719 837 1792 προσϐολὴν
857 1719 955 1790 τὴν
987 1719 1337 1772 κατάπτωσιν
1376 1718 1635 1789 ὑπέμεινε
1675 1735 1688 1748 ·
1729 1735 1898 1770 ποτα-

227 1811 368 1882 μοὺς
412 1808 522 1880 γὰρ
577 1807 670 1860 καὶ
711 1805 949 1876 ἀνέμους
991 1801 1142 1858 εἶπεν
1166 1847 1181 1872 ,
1213 1805 1312 1875 οὑχ
1353 1805 1439 1857 ῖνα
1465 1804 1671 1856 ὑδάτων
1698 1804 1902 1874 πλῆθος

226 1894 502 1966 αἰνίξηται
535 1891 564 1932 δ
595 1895 727 1964 ἡμῖν
783 1893 878 1945 καὶ
930 1892 1146 1962 ἀνέμων
1196 1891 1566 1962 σφοδρότητα,
1611 1889 1746 1943 ά)λά
1795 1889 1902 1942 τῶν

226 1981 554 2056 πειρασμῶν
579 1980 680 2051 τὴν
703 1978 998 2049 ἐπαγωγὴν
1019 1979 1118 2049 τὴν
1146 1978 1380 2047 σφοδράν
1420 1995 1433 2009 ·
1482 1979 1577 2030 καὶ
1608 1977 1706 2047 τὴν
1733 1977 1902 2030 κατά-

228 2087 442 2124 πτωσιν
475 2069 574 2139 τῆς
603 2067 798 2130 οἰκίας,
829 2066 927 2135 οὐχ
957 2066 1042 2119 ῖνα
1075 2067 1204 2136 περὶ
1225 2065 1491 2134 αἰσθητῆς
1535 2064 1712 2127 οἰκίας
1755 2063 1906 2134 νομί-

231 2175 421 2228 σωμεν
464 2173 480 2188 ·
532 2155 662 2226 περὶ
713 2155 822 2226 γάρ
875 2153 1054 2224 ψυχῆς
1100 2152 1129 2203 6
1185 2153 1340 2222 λόγος
1385 2153 1484 2222 τῆς
1512 2151 1621 2205 ἀπὸ
1663 2152 1764 2222 τῆς
1798 2150 1906 2203 τῶν

229 2242 426 2296 δεινῶν
469 2240 779 2313 προσϐολῆς
826 2237 1284 2308 καταπιπτούσης
1305 2279 1320 2304 ,
1351 2239 1446 2292 καὶ
1474 2237 1550 2308 μὴ
1583 2236 1908 2308 δυνηθείσης

231 2330 512 2398 ἀντισχεῖν
541 2344 555 2358 ο
587 2325 673 2396 ἐφ’
728 2325 882 2392 ὑμῶν
933 2326 990 2380 δέ
1032 2325 1158 2378 οὔτε
1217 2325 1417 2396 ἄνεμος
1464 2324 1728 2396 ἐκινήθη,
1784 2321 1908 2376 οὐτε

231 2415 475 2485 ποταμοὶ
527 2412 929 2485 προσέρρηξαν,
987 2411 1102 2466 ἀλλ’
1161 2412 1348 2473 ἁπλῶς
1397 2410 1538 2482 αὖρα
1585 2427 1669 2475 τις
1735 2411 1910 2481 μικρά

230 2501 518 2571 διαϐολικὴ
562 2500 812 2566 ἔπνευσε,
864 2499 960 2552 καὶ⁵
1008 2498 1218 2562 πάντας
1263 2499 1408 2569 ὑμᾶς
1459 2497 1798 2570 ἀνερῤίπισε.
1843 2497 1910 2549 Τί

232 2590 443 2659 ταύτης
486 2587 585 2659 τῆς
623 2587 809 2651 ἀνοίας
847 2589 1032 2659 χεῖρον
1075 2586 1274 2656 γένοιτ’
1304 2587 1403 2654 άν;
1446 2586 1499 2639 τί
1529 2586 1629 2655 τῆς
1659 2585 1913 2654 νηστείας

233 2676 450 2745 δφελος,
485 2675 606 2727 εἰπέ
633 2691 752 2746 μοι;
780 2674 832 2727 τί
850 2675 948 2744 τῆς
972 2673 1207 2727 ἐνταῦθα
1232 2672 1594 2736 συνελεύσεως
1619 2672 1679 2726 τό
1704 2673 1910 2744 κέρδος;

235 2763 336 2827 Τίς
364 2763 464 2816 οὑκ
489 2761 553 2814 ἂν
581 2763 674 2814 καὶ
700 2761 840 2832 ὑπὲρ
869 2761 1023 2832 ὑμῶν
1054 2761 1325 2826 στενάξειε
1347 2801 1362 2827 ,
1394 2762 1488 2814 καὶ
1523 2762 1668 2832 ἡμᾶς
1697 2759 1914 2812 ταλανί-

240 2865 423 2913 σειενς
461 2848 633 2919 Ὑπὲρ
662 2847 815 2918 ὑμῶν
845 2849 941 2917 μὲν
961 2888 976 2913 ,
1007 2848 1088 2900 ὅτι
1117 2849 1333 2902 ἅπαντα
1352 2887 1366 2908 ,
1411 2849 1511 2900 ὅσα
1540 2848 1874 2917 συνηγάγετε
1898 2885 1912 2910 ,

239 2936 334 3005 ὑφ’
367 2935 424 2987 ἓν
457 2934 707 3004 ἐξεχέατε
733 2975 746 2994 ,
783 2935 875 2986 καὶ
909 2935 1008 2997 τὰς
1037 2934 1207 3007 θύρας
1234 2934 1336 3005 τῆς
1359 2935 1599 2998 διανοίας
1637 2934 1790 3004 ὑμῶν
1819 2935 1916 2986 άν-

239 3020 550 3076 επετάσατε
581 3019 657 3089 τῷ
683 3021 906 3090 πονηρῷ
929 3020 1144 3091 δαίμονι
1161 3061 1175 3083 ,
1203 3020 1344 3074 ῶστε
1369 3021 1465 3073 καὶ
1495 3019 1753 3074 εἰσελθεῖν
1771 3061 1786 3086 ,
1822 3021 1917 3073 καὶ

245 3111 387 3181 μετὰ
431 3108 633 3179 πολλῆς
660 3108 760 3177 τῆς
780 3108 1030 3173 εὐκολίας
1069 3109 1249 3162 πάντα
1287 3108 1441 3179 ὑμῶν
1486 3109 1789 3179 ἐκφορῆσαι
1826 3108 1918 3162 τὸν

241 3195 475 3250 πλοῦτον
513 3195 602 3248 τὸν
634 3195 1017 3265 πνευματικόν·
1049 3197 1198 3266 ἡμᾶς
1220 3196 1276 3248 δὲ
1304 3195 1640 3249 ταλανίσειεν
1672 3194 1916 3257 εἰκότως,

241 3285 327 3336 ὅτι
370 3283 451 3345 εἰς
499 3283 700 3354 νεκρὰς
741 3282 914 3346 οὑτως
960 3283 1259 3354 ἐνηχοῦμεν
1293 3283 1464 3346 ἀκοὰς
1486 3320 1501 3345 ,
1530 3285 1625 3336 καὶ
1649 3281 1920 3351 τοσαύτην

243 3365 452 3437 ζημίαν
499 3364 843 3435 ὑπομένομεν
893 3364 1013 3417 καθ’
1064 3365 1302 3437 ἑκάστην
1351 3365 1564 3436 ἡμέραν
1609 3364 1922 3436 σπείροντες

246 3454 349 3523 μέν
375 3493 390 3516 ,
451 3451 618 3522 μηδὲν
664 3451 720 3504 δὲ
780 3450 1125 3522 καρποῦσθαι
1186 3451 1496 3523 δυνάμενοι.
1553 3452 1646 3522 Μὴ
1688 3453 1796 3521 γὰρ
1835 3450 1922 3503 διὰ

241 3540 404 3594 τοῦτο
433 3540 612 3608 λέγειν
643 3539 1056 3611 σπουδάζομεν,
1104 3539 1245 3593 ὥστε
1294 3539 1482 3603 ἁπλῶς
1529 3539 1725 3611 τέρψαι
1767 3537 1921 3608 ὑμῶν

243 3629 345 3698 τὴν
377 3627 566 3698 ἀκοὴν,
598 3626 632 3698 ἢ
669 3627 744 3689 ὡς
772 3626 866 3680 τοῦ
903 3629 1034 3698 παρ’
1063 3626 1218 3697 ὑμῶν
1255 3627 1476 3681 ἐπαίνου
1520 3627 1829 3697 ἐφιέμενοι;
1861 3626 1923 3679 Εἰ

249 3717 325 3784 μὴ
353 3713 599 3784 μέλλοιτέ
619 3732 670 3766 τι
692 3714 996 3785 κερδαίνειν
1029 3716 1092 3767 ἐκ
1113 3714 1220 3767 τῶν
1248 3715 1377 3787 παρ’
1407 3714 1562 3786 ἡμῶν
1591 3714 1921 3783 λεγομένων,

247 3799 460 3870 βέλτιον
490 3801 635 3871 ἡμᾶς
669 3802 892 3871 σιγῆσαι
921 3801 1126 3855 λοιπόν.
1171 3801 1303 3854 Οὐδὲ
1342 3801 1452 3874 γάρ
1493 3801 1752 3871 βούλομαι
1797 3801 1924 3870 ὑμῖν

248 3884 475 3939 πλείονα
529 3885 626 3956 τὴν
675 3887 997 3956 κατάκρισιν
1053 3887 1401 3958 ἐργάξεσθαι.
1479 3886 1745 3958 Καθάπερ
1815 3886 1924 3956 γάρ

248 3969 512 4041 ἔμπορος,
567 3971 784 4024 ἐπειδάν
830 3973 995 4027 πολὺν
1046 3974 1139 4026 τὸν
1182 3973 1376 4045 φόρτον
1426 3973 1704 4043 συναγάγῃ
1732 3983 1779 4036 ο,
1833 3971 1926 4024 καὶ

248 4058 694 4130 πεπληρωμένην
736 4059 834 4130 τὴν
881 4059 1081 4114 ὁλκάδα
1116 4060 1255 4132 ἔχων
1288 4059 1484 4113 πολλοῦ
1522 4059 1616 4112 τοῦ
1652 4057 1884 4112 πλούτου
1909 4098 1923 4122 ,

250 4145 458 4216 ἀθρόας
484 4146 792 4216 καταιγίδος
828 4148 1262 4219 προσπεσούσης,
1297 4147 1390 4201 καλΙ
1419 4147 1518 4218 τῆς
1544 4147 1652 4199 τῶν
1685 4146 1928 4216 πνευμά-

249 4249 361 4284 των
395 4232 516 4302 βίας
556 4237 986 4305 περιγενομένης
1011 4235 1304 4306 αὑτανδρον
1330 4235 1605 4307 καταδύσῃ
1621 4236 1682 4288 τὸ
1699 4235 1925 4302 σκάφος,

252 4318 488 4372 ἐλεεινὸν
519 4319 692 4374 ἅπασι
725 4321 903 4392 θέαμα
929 4321 1160 4390 γίνεται,
1192 4323 1396 4393 γυμνὸς
1422 4322 1678 4394 ἐξαίφνης
1715 4322 1924 4391 φανεὶς,

254 4407 353 4460 καὶ
389 4407 530 4477 μετὰ
572 4408 739 4461 πολὺν
781 4411 874 4462 καὶ
916 4410 1122 4478 ἄφατον
1165 4409 1393 4463 πλοῦτον
1436 4411 1494 4463 ἐν
1533 4410 1736 4480 ἐσχάτῃ
1767 4409 1930 4479 πενίᾳ

257 4493 534 4557 καταστὰς
560 4493 704 4566 [51],
733 4496 822 4548 τὸν
853 4496 1014 4550 αὑτὸν
1064 4496 1129 4568 δὴ
1170 4497 1370 4567 τρόπον
1415 4497 1509 4551 καὶ
1560 4497 1704 4567 ὑμᾶς
1751 4495 1846 4549 νῦν
1897 4497 1926 4548 6

254 4582 500 4642 διάϐολος
526 4584 794 4654 διέθηκεν.
828 4585 1014 4656 Εὑρὼν
1041 4586 1148 4658 γὰρ
1176 4586 1328 4658 ὑμῶν
1359 4586 1797 4658 πεπληρωμένην
1825 4586 1926 4656 τὴν

255 4669 458 4722 ὁλκάδα
497 4670 594 4740 τὴν
641 4671 1012 4742 πνευματικὴν
1064 4672 1260 4725 πολλοῦ
1309 4672 1539 4726 πλούτου
1559 4711 1574 4738 ,
1605 4673 1698 4726 καὶ
1721 4671 1930 4741 ἄφατον

263 4756 388 4808 ἰδὼν
411 4755 504 4808 τὸν
529 4756 823 4828 θησαυρὸν,
848 4759 907 4812 ὃν
933 4761 1042 4812 ἀπό
1073 4777 1131 4814 τε
1164 4761 1262 4832 τῆς
1291 4760 1543 4832 νηστείας
1561 4799 1576 4824 ,
1603 4761 1712 4814 ἀπό
1734 4775 1793 4811 τε
1827 4757 1929 4828 τῆς

259 4841 518 4912 συνεχοῦς
549 4844 896 4909 διδασκαλίας
933 4851 1257 4915 συναγαγεῖν
1297 4847 1632 4917 ἠδυνήθητε,
1677 4845 1929 4917 καθάπερ

259 4930 552 4997 καταιγίδα
579 4932 701 4985 τινὰ
727 4934 956 5003 ἐπαφεὶς
997 4934 1097 5005 τὴν
1129 4934 1386 5005 ἀνόνητον
1425 4933 1640 5003 ἐκείνην
1678 4934 1772 4987 καὶ
1803 4934 1927 4986 ἐπι-

258 5017 438 5088 ϐλαϐῆ
485 5017 594 5071 τῶν
637 5019 818 5074 ἵππων
862 5022 1116 5093 ἅμιλλαν,
1169 5023 1237 5076 δι’
1284 5023 1500 5094 ἐκείνης
1547 5021 1786 5092 ἐρήμους
1837 5022 1932 5075 καὶ

259 5107 504 5175 γυμνοὺς
536 5107 717 5177 πάσης
749 5109 846 5180 τῆς
872 5111 1134 5182 εὐπορίας
1161 5111 1516 5182 κατέστησεν.

335 5193 402 5264 β’.
455 5190 587 5249 Οἶδα
629 5197 712 5250 ὅτι
757 5199 962 5271 σφοδρᾷ
1001 5203 1065 5271 τῇ
1114 5201 1428 5274 ἐπιτιμήσει
1466 5203 1766 5275 κέχρημαι,
1797 5202 1936 5257 ἀλλά

261 5280 561 5350 σύγγνωτε,
592 5285 913 5356 παρακαλῶ·
941 5288 1180 5344 τοιοῦτον
1218 5289 1326 5362 γάρ
1355 5293 1388 5362 ἡ
1427 5291 1732 5362 όδυνωμένη
1767 5291 1931 5363 ψυχή.

263 5370 396 5424 Οὐδὲ
429 5371 538 5440 γὰρ
562 5372 620 5438 ἐξ
652 5373 946 5444 ἀπεχθείας
974 5377 1146 5431 ταῦτα
1178 5378 1506 5449 φθέγγομαι,
1539 5379 1654 5434 ἀλλ’
1695 5379 1802 5432 ἀπὸ
1835 5396 1938 5449 κη-

261 5455 512 5520 δεμονίας
546 5459 640 5512 καὶ
676 5460 1028 5534 φιλοστόργου
1069 5464 1251 5535 ψυχῆς
1275 5481 1289 5496 ο
1342 5465 1421 5518 διὸ
1445 5467 1540 5535 τῆς
1575 5465 1936 5536 σφοδρότητος

266 5545 457 5614 μικρὸν
501 5546 794 5616 καθυφεὶς,
846 5551 1031 5620 ἐπειδὴ
1065 5552 1231 5623 αὐτῆς
1273 5552 1374 5622 τῆς
1406 5553 1576 5622 νομῆς
1615 5552 1704 5604 τοῦ
1746 5553 1937 5617 ἕλκους

327 5671 351 5742 _‘
374 5673 526 5742 ξετιὶἰ.
542 5681 594 5724 (δι
615 5677 812 5742 Coislin.
839 5681 1285 5742 συνδεδραμηκότες.

322 5733 351 5800 ’3
377 5736 580 5800 (έθΝίη-
609 5741 782 5795 πλῆθος
799 5742 910 5800 ἡμῖν
931 5733 1200 5798 ἐνδέίξὴται.

323 5797 346 5825 ⁸
372 5795 574 5845 C0is.iu.
602 5801 746 5847 πολὺν
771 5795 972 5848 πλοῦτον
996 5795 1250 5860 σδναγὶγῃ.

1993 335 2340 404 περιγέγονα,
2389 334 2648 404 βούλομαι
2683 335 2775 388 καὶ
2805 335 2883 398 εἰς
2913 334 3137 398 ἐλπίδας
3169 334 3411 406 χρηστὰς
3439 335 3667 404 ἀγαγεῖν

1992 417 2088 488 τὴν
2116 418 2390 490 ὑμετέραν
2407 418 2645 488 ἀγάπην,
2664 419 2803 474 ὥστε
2833 418 2907 489 μὴ
2931 417 3266 486 ἀπογνῶναι,
3294 419 3428 488 μηδέ
3458 419 3667 487 ἀπαγο-

1996 499 2204 569 ρεῦσαι.
2259 499 2394 552 Οὑδέ
2438 499 2548 571 γὰρ
2591 500 2842 570 καθάπερ
2877 501 2970 553 ἐπὶ
2996 500 3105 553 τῶν
3147 500 3418 567 αἰσθητῶν
3461 502 3668 568 γίνεται

1993 580 2359 653 πραγμάτων,
2383 579 2530 634 οὑτω
2561 582 2655 634 καὶ¹
2688 581 2922 634 ἐνταῦθα
2946 581 3265 651 συμϐαίνει·
3297 583 3415 635 ἐκεῖ
3443 582 3668 651 μὲνγὰρ

1992 663 2092 715 οὐκ
2121 663 2199 714 ένι
2237 662 2328 715 τὸν
2373 660 2483 714 ἀπδ
2517 660 2611 713 τοῦ
2661 662 2893 715 πλούτου
2936 661 3146 714 ἐκείνου
3189 663 3270 724 εἰς
3295 662 3396 732 τὴν
3433 661 3670 732 ἐσχάτην

1996 745 2186 797 πενίαν
2215 743 2608 814 κατενεχθέντα
2626 744 2830 808 εὐθέως
2857 745 3171 812 ἀνενεγκεῖν
3195 759 3209 775 ⁶
3237 744 3470 798 ἐνταῦθα
3496 745 3552 797 δὲ
3581 744 3671 797 διὰ

1994 823 2092 898 τὴν
2113 827 2209 878 τοῦ
2243 827 2379 879 Θεοῦ
2408 826 2838 896 φιλανθρωπίαν,
2876 827 2970 879 ἐὰν
3014 825 3330 897 βουλώμεθα
3383 827 3542 897 μόνον
3573 843 3671 879 κα-

1996 908 2266 976 ταγνῶναι
2295 908 2404 961 τῶν
2430 908 2529 979 ἤδη
2570 908 2947 979 εἰργασμένων
2977 910 3128 978 ἡμῖν,
3156 910 3252 962 καὶ
3283 909 3445 980 μέχρι
3475 909 3669 962 τούτου

1999 992 2191 1061 στῆσαι
2221 992 2286 1044 τά
2309 992 2407 1063 τῆς
2437 992 2728 1062 ῥᾳθυμίας,
2763 991 3038 1061 δυνάμεθα
3067 993 3273 1062 ταχέως
3303 995 3395 1045 ἐπὶ
3415 993 3511 1063 τὴν
3539 1009 3673 1064 προ-

1998 1074 2161 1144 τέραν
2193 1074 2454 1144 εὐπορίαν
2483 1074 2819 1128 ἐπανελθεῖν.
2855 1074 3108 1138 Τοιοῦτος
3135 1075 3240 1144 γὰρ
3275 1079 3304 1130 6
3335 1076 3609 1145 Δεσπότης
3645 1078 3675 1128 6

1999 1156 2286 1226 ἡμέτερος,
2330 1155 2474 1208 οὑτω
2510 1156 2792 1228 φιλότιμος
2836 1157 2931 1210 καὶ
2972 1157 3350 1228 μεγαλόδωρος
3375 1173 3389 1187 ⁸
3443 1157 3538 1210 καὶ
3573 1159 3674 1228 βοᾷ

1997 1239 2083 1292 διὰ
2106 1238 2197 1291 τοῦ
2234 1239 2541 1309 προφήτου,
2590 1238 2766 1308 λέγων
2793 1255 2806 1270 ·
2857 1241 2940 1293 Οὐ
2975 1239 3220 1307 θελήσει
3251 1240 3405 1293 θέλω
3436 1241 3543 1294 τὸν
3569 1240 3674 1294 θά-

1998 1339 2183 1374 νατον
2229 1319 2335 1374 τοῦ
2376 1323 2752 1390 ἀιιαρτωλοῦ,
2799 1321 2879 1388 ὡς
2918 1321 2986 1376 τὸ
3029 1321 3389 1390 ἐπιστρέψαι
3431 1322 3529 1376 καί
3569 1321 3678 1390 ζῇν

1999 1407 2203 1458 αὐτόν.
2286 1402 2418 1458 Οἶδα
2483 1406 2565 1459 ὅτι
2611 1403 2959 1475 εὐγνώμονες
2995 1405 3148 1468 ὅντες
3197 1404 3519 1459 αἰσθάνεσθε
3567 1405 3676 1459 τῶν

2000 1487 2375 1558 ἐπταισμένων
2406 1488 2554 1558 ὑμῖν.
2587 1488 2661 1541 Οὐ
2696 1488 2867 1560 μικρά
2897 1489 2954 1542 δὲ
2982 1488 3099 1552 όδδς
3121 1490 3259 1561 πρὸς
3289 1489 3388 1560 τὴν
3417 1489 3677 1541 ἐπάνοδον

2000 1569 2100 1639 τῆς
2136 1570 2337 1640 ἀρετῆς
2378 1569 2439 1622 τὸ
2484 1570 2681 1623 εἰδέναι
2726 1569 2834 1622 τῶν
2877 1571 3281 1643 ἡμαρτημένων
3330 1571 3391 1624 τὺ
3427 1570 3679 1641 μέγεθος.

2016 1652 2176 1706 Ἀλλά
2209 1655 2281 1724 μή
2313 1670 2403 1725 μοι
2427 1652 2588 1705 πάλιν
2619 1653 2720 1719 τῆς
2748 1652 3061 1724 διαϐολικῆς
3097 1653 3312 1724 ἐκείνης
3340 1655 3555 1726 ἀπάτης
3579 1657 3676 1724 ρή-

2009 1738 2154 1806 ματά
2184 1754 2262 1801 τις
2291 1736 2605 1807 παραγέτω,
2629 1735 2802 1804 λέγων
2823 1751 2836 1765 ’
2881 1739 3031 1790 ποῖον
3057 1737 3166 1808 γάρ
3192 1738 3516 1810 ἁμάρτημα,
3551 1740 3680 1792 ἰδεῖν

2007 1818 2204 1880 ἵππους
2237 1818 2562 1888 τρέχονταςς
2605 1818 2730 1870 Ἐάν
2751 1817 2862 1887 γάρ
2891 1817 3157 1890 βουληθῇς
3185 1821 3546 1891 εὐγνωμόνως
3579 1839 3681 1874 καο

2005 1892 2271 1969 ταμαθεῖν
2324 1899 2536 1954 ἅπαντα
2585 1899 2654 1952 τὰ
2696 1901 2812 1952 ἐκεῖ
2851 1901 3137 1970 γινόμενα,
3195 1902 3452 1972 εὑρήσεις
3503 1904 3681 1956 πάντα

2011 1981 2184 2053 μεστά
2223 1981 2519 2052 σατανικῆς
2549 1981 2853 2052 ἐνεργείας.
2895 1982 2970 2035 Οὐ
3005 1982 3166 2051 μόνον
3192 1982 3301 2054 γάρ
3335 1984 3532 2047 ἵππους
3567 1984 3684 2054 τρέ-

2009 2083 2202 2136 χοντας
2235 2065 2382 2118 ἐστιν
2403 2065 2551 2128 ἰδεῖν,
2573 2064 2708 2118 ἀλλά
2739 2065 2834 2118 καὶ
2860 2067 3138 2135 κραυγῶν,
3171 2068 3266 2121 καὶ
3299 2066 3680 2138 βλασφημιῶν,

2011 2149 2104 2202 καὶ
2141 2148 2351 2218 μυρίων
2382 2147 2629 2217 ἀκαίρων
2658 2147 2805 2200 ἔστιν
2827 2148 3060 2200 ἀκοῦσαι
3081 2149 3276 2216 λόγων,
3300 2150 3395 2202 καὶ
3419 2153 3683 2218 γυναῖκας

2011 2227 2374 2299 ἡταιρηκυίας
2420 2229 2501 2291 αἱς
2533 2228 2594 2280 τὸ
2640 2228 2804 2298 μέσον
2851 2228 3156 2299 παριούσας
3207 2230 3356 2292 ἰδεῖν,
3408 2231 3503 2283 καὶ
3531 2231 3685 2293 νέους

2012 2311 2150 2382 πρὸς
2175 2310 2274 2381 τὴν
2299 2310 2408 2363 τῶν
2437 2309 2710 2378 γυναικῶν
2743 2310 3062 2381 ἁπαλότητα
3105 2312 3332 2374 ἑαυτοὺς
3358 2313 3684 2375 ἐκδιδόντας.

2015 2396 2084 2448 Ἦ
2127 2395 2300 2464 μικρά
2350 2409 2433 2444 σοι
2487 2391 2658 2446 ταῦτα
2702 2392 2850 2445 δοκεῖ
2894 2389 3032 2446 εἶναι
3082 2393 3219 2464 πρὸς
3267 2393 3330 2447 τὸ
3381 2397 3480 2466 τὴν
3509 2393 3689 2464 ψυχὴν

2014 2478 2358 2548 αἰχμάλωτον
2387 2475 2720 2547 ἐργάσασθαι
2744 2494 2757 2542 ;
2797 2477 2858 2529 Εἰ
2883 2475 2990 2548 γάρ
3019 2477 3114 2530 καὶ
3135 2477 3192 2530 αἰ
3215 2477 3322 2530 ἀπὸ
3349 2479 3688 2547 ταύτομάτου

2017 2560 2304 2630 συντυχίαι
2332 2557 2593 2621 πολλάκις
2617 2559 2981 2613 ὑπεσκέλισαν
3009 2559 3104 2612 καὶ
3133 2559 3448 2625 κατέϐαλον,
3487 2560 3580 2613 καὶ
3612 2563 3690 2624 εἰς

2017 2641 2148 2696 αὐτὸ
2195 2641 2296 2711 τῆς
2345 2639 2620 2702 ἀπωλείας
2674 2639 2737 2692 τὸ
2786 2639 3062 2711 βάραθρον
3101 2643 3444 2711 κατήνεγκαν
3481 2641 3573 2693 τὸν
3617 2641 3691 2710 μὴ

2018 2723 2372 2795 προσέχοντα,
2403 2721 2457 2773 τί
2493 2721 2639 2785 εἰκὸς
2679 2720 2870 2774 παθεῖν
2914 2721 3041 2783 τοὺς
3089 2720 3177 2774 ἐπ’
3206 2721 3338 2773 αὑτὸ
3381 2719 3539 2774 τοῦτο
3578 2723 3690 2773 ἐκεῖ

2020 2804 2512 2874 παραγινομένους,
2562 2803 2819 2865 καὶτοὺς
2869 2803 3183 2874 ὀφθαλμοὺς
3233 2804 3529 2868 ἑστιῶντας
3572 2807 3691 2868 ταῖς

2021 2887 2359 2957 παρανόμοις
2387 2885 2624 2948 ἐκείναις
2655 2885 2826 2949 θέαις,
2863 2887 2957 2940 καὶ
2994 2886 3439 2957 ἀπηρτισμένους
3473 2889 3692 2957 μοιχοὺς

2021 2967 2230 3020 ἐκεῖθεν
2278 2969 2600 3032 κατιόντας;
2661 2967 2831 3031 Εἰδὼς
2878 2968 2986 3039 γὰρ
3036 2969 3065 3019 6
3112 2968 3492 3040 φιλάνθρωπος
3537 2970 3693 3041 ἡμῶν

2023 3048 2301 3118 Δεσπότης
2346 3047 2445 3116 τῆς
2485 3046 2698 3116 φύσεως
2734 3047 2832 3118 τῆς
2863 3047 3139 3118 ἡμετέρας
3166 3047 3226 3099 τὸ
3265 3048 3690 3118 εὑεπηρέαστον,

2025 3129 2119 3179 καὶ
2147 3127 2248 3197 τῆς
2281 3125 2375 3178 τοῦ
2409 3125 2654 3178 διαϐόλου
2687 3125 3024 3195 κακουργίας
3056 3126 3116 3178 τὸ
3145 3125 3448 3196 πανοῦργον
3469 3128 3562 3179 καὶ
3597 3144 3692 3179 πο-

2023 3207 2311 3271 λύπλοκον,
2346 3209 2410 3259 ἐκ
2448 3204 2644 3257 πολλοῦ
2677 3204 2772 3257 τοῦ
2803 3205 3088 3276 περιόντος
3117 3206 3366 3275 τειχίζων
3398 3208 3564 3276 ἡμᾶς,
3604 3208 3693 3262 καὶ

2028 3285 2352 3357 βουλόμενος
2393 3283 2703 3346 ἀναλώτους
2737 3283 3074 3354 ἐργάσασθαι
3111 3286 3232 3346 ταῖς
3259 3283 3449 3337 τούτου
3481 3287 3696 3354 παγίσι,

2025 3365 2116 3417 τὸν
2173 3364 2335 3434 νόμον
2404 3363 2596 3416 τοῦτον
2655 3362 2931 3429 τέθεικεν,
3002 3361 3195 3430 λέγων’
3271 3362 3324 3413 Ὁ
3391 3362 3694 3432 ἐμϐλέψας

2027 3442 2267 3513 γυναικί
2302 3440 2451 3509 πρὸς
2495 3441 2561 3494 τὸ
2595 3440 2964 3509 ἐπιθυμῆσαι
2997 3440 3223 3508 αὐτῆς.
3267 3439 3383 3509 ἤδη
3425 3443 3696 3512 ἐμοίχευ-

2029 3539 2141 3576 σεν
2172 3522 2367 3588 αὐτὴν
2397 3521 2467 3573 ἐν
2493 3519 2567 3588 τῇ
2589 3520 2798 3588 καρδίᾳ
2830 3521 3038 3583 αὑτοῦ,
3071 3520 3321 3591 μοιχείαν
3345 3522 3698 3594 ἀπηρτισμέ-

2028 3619 2125 3670 νην
2155 3599 2337 3652 καλῶν
2370 3597 2465 3668 τὴν
2503 3599 2641 3668 μετὰ
2677 3600 2998 3669 περιεργίας
3033 3597 3268 3669 θεωρίαν
3297 3600 3696 3672 γεγενημένην.

2029 3680 2121 3750 Μὴ
2158 3680 2337 3730 τοίνυν
2379 3695 2468 3747 μοι
2505 3678 2632 3745 λέγε
2671 3679 2857 3731 λοιπόν
2885 3697 2897 3708 ·
2950 3679 3003 3730 τ).
3040 3681 3150 3749 γὰρ
3176 3679 3289 3750 [42]
3343 3680 3539 3749 βλάϐος
3592 3683 3700 3735 ἀπὺ

2029 3759 2128 3827 τῆς
2172 3760 2350 3810 ἐκεῖσε
2379 3757 2699 3826 διατριϐῆς;
2741 3758 2848 3808 Καὶ
2884 3757 3016 3811 αὐτὸ
3056 3759 3165 3828 γάρ
3201 3760 3360 3828 μόνον
3380 3761 3443 3813 τὸ
3464 3763 3562 3832 τῆς
3591 3762 3700 3814 τῶν

2033 3838 2214 3890 ἵππων
2258 3837 2492 3907 ἁμίλλης
2520 3836 2704 3889 ἰκανὸν
2739 3835 2905 3888 πολὺν
2955 3839 3019 3907 τῇ
3050 3837 3194 3908 ψυχῇ
3225 3839 3315 3892 τὸν
3352 3839 3572 3911 ὄλεθρον
3599 3844 3700 3894 ἐπ-

2031 3917 2277 3984 αγαγεῖν.
2307 3915 2476 3967 Ὅταν
2498 3915 2606 3985 γὰρ
2623 3915 2762 3985 ὑπὲρ
2792 3915 3085 3986 ἀνονήτων,
3117 3919 3212 3969 καὶ
3237 3918 3310 3988 μὴ
3339 3918 3496 3988 μόνον
3533 3921 3699 3990 μηδὲν

2030 3998 2096 4065 τῇ
2130 3994 2273 4063 ψυχῇ
2321 3993 2800 4063 συμϐαλλομένων,
2833 3993 2969 4046 ἀλλά
2998 3995 3093 4047 καὶ
3114 3995 3523 4066 λυμαινομένων
3561 4000 3698 4070 αὐτῇ

2031 4073 2123 4124 τὸν
2151 4072 2339 4142 καιρδν
2373 4070 2882 4140 καταναλίσκωμεν,
2923 4072 3016 4124 καὶ
3047 4071 3585 4144 διαπληκτιζώμεθα,
3610 4080 3703 4130 καὶ

2037 4149 2204 4220 μυρία
2240 4149 2380 4220 ρητά
2439 4149 2529 4202 καὶ
2557 4149 2771 4220 ἄρρητα
2805 4148 3200 4220 φθεγγώμεθα,
3248 4151 3326 4216 τίς
3371 4153 3502 4223 ἡμῖν
3550 4155 3702 4209 ἔσται

2036 4227 2366 4298 συγγνώμη;
2431 4228 2561 4281 ποία
2600 4229 2656 4280 δέ
2689 4228 2990 4297 ἀπολογίας
3037 4229 3147 4282 Καὶ
3191 4230 3425 4283 ἐνταῦθα
3475 4232 3574 4302 μὲν
3606 4234 3702 4286 ἐὰν

2037 4307 2231 4377 μικρὸν
2255 4307 2672 4378 παρατείνωμεν
2695 4307 2792 4377 τὴν
2821 4307 3188 4372 διδασκαλίαν,
3220 4309 3401 4362 πολλοὶ
3421 4309 3704 4383 δυσχεραίο

2033 4401 2182 4437 νουσι
2211 4385 2305 4438 καὶ
2329 4384 2612 4449 ἀλύουσιά,
2638 4388 2731 4438 καὶ
2760 4387 2919 4440 πόνον
2947 4388 3040 4441 τοῦ
3074 4387 3324 4459 σώματος
3345 4392 3438 4443 καὶ
3459 4391 3703 4462 κάματον

2035 4461 2427 4542 προϐάλλονται
2445 4504 2460 4528 ,
2483 4465 2576 4516 καὶ
2606 4464 2778 4518 ταῦτα
2818 4465 2912 4518 τοῦ
2946 4465 3258 4536 θαυμαστοῦ
3284 4468 3473 4522 τούτου
3503 4471 3701 4542 ὀρόφου

2037 4540 2220 4621 ί-κανοῦ
2268 4541 2418 4621 δντος
2436 4543 2945 4621 παραμυθήσασθαι
2972 4561 2986 4576 ’
3043 4543 3166 4597 οὔτε
3204 4546 3313 4619 γάρ
3357 4548 3462 4600 ὑπὸ
3487 4540 3701 4621 κρυμοῦ

2035 4619 2180 4699 ἐστιν
2205 4618 2581 4699 ἐνοχληθῆναι.
2627 4619 2748 4674 οὔτε
2786 4621 2892 4674 ὑπὸ
2933 4622 3111 4687 ὑετοῦ,
3139 4623 3172 4694 ἦ
3205 4618 3304 4695 τῆς
3332 4627 3439 4679 τῶν
3487 4618 3703 4699 ἀνέμων

2037 4697 2396 4777 σφοδρότητος
2441 4715 2454 4728 ο
2491 4699 2606 4750 ἐκεῖ
2635 4699 2691 4752 δὲ
2716 4702 2810 4754 καὶ
2842 4701 2997 4755 ὑετοῦ
3023 4701 3224 4774 λάϐρου
3249 4697 3705 4777 καταρρηγνυμέ-

2035 4794 2148 4839 νου,
2168 4776 2262 4830 καὶ
2283 4777 2500 4848 ἀνέμων
2524 4779 2764 4852 σφοδρῶν
2795 4783 3086 4846 πνεόντων,
3102 4785 3197 4837 καὶ
3220 4776 3403 4838 ἄλλοτε
3434 4785 3528 4836 τοῦ
3549 4787 3702 4855 ἡλίου

2036 4857 2246 4929 θερμὴν
2287 4857 2384 4929 τὴν
2422 4861 2612 4914 ἀκτῖνα
2652 4863 2931 4932 ἀφιέντος,
2980 4866 3040 4917 οὑ
3096 4865 3224 4935 μίαν
3255 4865 3374 4916 οὐδὲ
3409 4864 3502 4916 δύο
3532 4864 3702 4936 ὥρας,

2037 4936 2172 4990 ἀλλά
2213 4937 2273 4990 τὸ
2306 4938 2466 4991 πλέον
2511 4939 2611 5009 τῆς
2661 4942 2872 5012 ἡμέρας
2924 4941 3330 5012 διημερεύουσι,
3379 4943 3473 4994 καὶ
3519 4943 3640 4997 οὔτε
3676 4947 3706 4998 6

2036 5019 2214 5090 γέρων
2247 5019 2472 5074 αἰδεῖται
2501 5021 2599 5090 τὴν
2630 5021 2840 5082 πολιὰν,
2866 5020 2988 5072 οὔτε
3015 5023 3042 5072 6
3077 5021 3194 5083 νέος
3223 5020 3534 5090 αἰσχύνεται
3569 5026 3706 5096 πρὸς

2037 5101 2106 5152 τά
2133 5100 2232 5168 τῆς
2262 5098 2453 5161 πολιᾶς
2481 5098 2885 5168 ὑπεκκαύματα
2916 5098 3147 5169 βαδίζων
3172 5116 3184 5130 ·
3237 5099 3372 5154 ἀλλά
3408 5103 3640 5175 τοσαύτη
3671 5107 3705 5176 ἡ

2040 5179 2244 5248 ἀπάτη,
2276 5177 2350 5240 ὡς
2380 5178 2474 5230 καὶ
2505 5175 2625 5246 μεθ’
2651 5176 2846 5248 ἡδονῆς
2877 5178 2938 5230 τὸ
2970 5177 3161 5249 δέλεαρ
3186 5178 3362 5232 ἐκεῖνο
3390 5180 3496 5233 τῶν
3521 5175 3708 5251 ψυχῶν

2041 5256 2384 5328 προσίεσθαι,
2422 5257 2516 5308 καὶ
2573 5257 2646 5328 μὴ
2687 5258 2886 5310 ἐννοεῖν
2924 5259 3020 5328 τῆς
3063 5257 3257 5328 ἡδονῆς
3296 5259 3395 5330 μὲν
3443 5261 3541 5330 τῆς
3590 5265 3711 5314 ἐπι-

2037 5335 2274 5400 ϐλάϐοῦς
2317 5337 2376 5388 τὸ
2425 5335 2600 5406 βραχὺ
2649 5338 2743 5390 καὶ
2785 5337 3152 5408 πρόσκαιρον,
3195 5338 3295 5409 τῆς
3337 5338 3394 5392 δὲ
3427 5339 3617 5410 ὀδύνης
3649 5341 3710 5394 τδ

2039 5415 2308 5486 διηνεκὲς,
2335 5415 2428 5468 καὶ
2459 5414 2552 5467 τοῦ
2587 5415 2884 5480 συνειδότος
2916 5417 3013 5486 τὴν
3042 5418 3398 5488 κατηγορίαν.
3439 5416 3580 5489 Ὀρῶ
3602 5419 3710 5487 γάρ

2041 5494 2199 5548 ἐνίων
2227 5495 2319 5547 καὶ
2347 5494 2442 5548 νῦν
2479 5493 2549 5547 τά
2581 5494 2868 5565 πρόσωπα,
2905 5499 2999 5550 καὶ
3051 5495 3381 5566 στοχάζομαι
3409 5499 3506 5566 τῆς
3530 5495 3711 5565 ψυχῆς

2041 5575 2140 5645 τὴν
2175 5574 2532 5636 κατάστασιν,
2570 5575 2666 5628 καὶ
2717 5577 2816 5645 ὅση
2861 5576 2955 5629 νῦν
2994 5577 3176 5638 αὐτοῖς
3210 5578 3242 5645 ἡ
3298 5577 3550 5644 μετάνοια
3597 5577 3711 5627 εἰσ-

2045 5655 2282 5724 έρχεται.
2333 5654 2469 5706 ’Λλλ“
2506 5655 2654 5718 ὅπως
2703 5657 2776 5727 μὴ
2826 5655 2986 5710 πάλιν
3015 5659 3124 5718 τοῖς
3149 5655 3330 5717 αὐτοῖς
3360 5653 3712 5722 περιπέσητε,

2108 5804 2132 5843 ά
2164 5807 2212 5855 In
2235 5808 2433 5858 Cuislin.
2466 5813 2542 5858 καὶ
2567 5813 2762 5860 cili-rm
2791 5812 2946 5859 deost.
