4018 6136
368 251 438 306 57
1543 243 1622 300 ἒῙΝ
1644 241 1812 298 ’CA‘P.
1834 239 1885 296 ’1.
1921 239 1957 297 (ἶ

2064 236 2170 294 es.
2212 235 2445 294 ttourL.
2489 235 2575 293 γε.
3582 247 3661 304 δε

368 379 491 442 post
524 377 721 425 tantam
749 374 988 422 nostram
1013 360 1430 419 admonitionem
1463 360 1653 416 lterum
1679 359 1744 414 ad
1771 358 1958 414 diabo-

371 465 472 516 lica
503 461 590 515 illa
617 459 845 513 concilia
883 467 937 511 et
970 453 1272 526 spectacula
1301 452 1528 508 curratis
1551 492 1569 518 ,
1603 451 1964 505 necessarium

367 562 453 605 est
484 566 579 604 vos
613 549 890 604 obtestari.
942 546 1124 616 Neque
1151 545 1294 599 enim
1321 557 1533 612 semper
1561 540 1774 611 expedit
1803 540 1965 609 phar-

369 658 522 698 maea
563 642 697 696 lenia
723 639 981 694 adhibere
1011 656 1025 693 :
1052 637 1146 693 sed
1170 635 1384 706 quando
1409 633 1562 690 ulcus
1586 632 1844 688 curationi
1876 647 1963 685 re.

368 735 548 798 sistit,
595 740 805 802 oportet
835 730 1066 784 violenta
1107 736 1162 782 et
1200 724 1471 782 mordacia
1507 722 1791 780 admovere
1819 763 1834 791 ,
1858 735 1964 793 quo

368 825 562 878 morbo
584 830 900 878 occurratur
926 819 1104 874 citius.

439 916 494 969 3.
531 915 743 968 Discant
779 913 936 982 igitur
962 923 1150 966 omnes
1174 907 1259 962 his
1286 905 1599 962 criminibus
1623 903 1836 960 obnoxii
1869 943 1884 970 ,
1916 901 1962 958 si

370 1015 493 1076 post
531 1005 667 1060 hanc
711 1015 945 1060 nostram
976 999 1396 1056 admonitionem
1437 997 1490 1052 in
1538 1011 1599 1052 ea
1644 994 1961 1066 negligentia

370 1098 687 1158 manserint,
717 1111 822 1149 non
855 1094 1173 1148 toleraturos
1203 1103 1334 1155 nos,
1361 1087 1459 1144 sed
1485 1087 1686 1158 legibus
1711 1087 1965 1141 ecclesia-

370 1189 523 1242 sticis
545 1201 758 1249 usuros,
785 1193 841 1240 et
866 1197 1056 1253 magna
1081 1180 1416 1236 vehementia
1441 1179 1713 1243 docturos,
1746 1194 1814 1234 ne
1842 1179 1964 1232 talia

359 1279 598 1350 posthac
644 1277 1013 1340 committant,
1065 1289 1198 1328 neve
1243 1281 1391 1327 tanto
1432 1279 1741 1341 contemptu
1785 1269 1962 1324 divina

369 1371 592 1425 audiant
613 1369 842 1438 eloquia.
875 1367 999 1422 llaec
1027 1376 1204 1420 autem
1233 1379 1336 1418 non
1362 1363 1431 1418 de
1456 1361 1704 1417 omnibus
1730 1362 1965 1416 hiecon-

369 1463 608 1534 gregatis
643 1461 796 1528 dico,
827 1458 920 1515 sed
957 1457 1026 1514 de
1053 1457 1178 1512 huic
1205 1455 1376 1525 culpa:
1403 1453 1669 1509 obnoxiis.
1707 1452 1964 1508 Omnibus

369 1557 590 1625 quidem
618 1553 919 1623 loquimur;
958 1549 1053 1606 sed
1088 1564 1244 1604 suum
1271 1547 1543 1602 auditores
1566 1545 1765 1617 quique
1791 1559 1966 1598 reme-

356 1647 521 1702 -dium
543 1646 760 1717 capiant
785 1661 800 1698 ε
828 1659 954 1700 reus
980 1643 1195 1713 quidem
1240 1648 1298 1695 ut
1333 1655 1364 1694 a
1403 1638 1596 1694 delicto
1624 1637 1880 1704 desistat,
1911 1644 1966 1692 et

356 1752 482 1794 ‘non
511 1739 646 1794 ultra
672 1737 1069 1808 progrediatur,
1093 1733 1191 1790 sed
1222 1732 1398 1788 studio
1421 1746 1521 1787 suo
1540 1731 1774 1800 seipsum
1811 1744 1966 1785 revo-

367 1841 482 1896 cet,
504 1841 559 1887 et
581 1839 756 1886 errata
784 1829 1045 1898 corrigat;
1076 1827 1322 1881 innoxius
1341 1837 1468 1878 vero
1487 1822 1690 1877 cautior
1709 1822 1795 1875 tiat
1818 1828 1964 1874 utne

372 1922 635 1993 capiatur,
663 1935 797 1976 neve
822 1917 1106 1988 aliquando
1133 1930 1256 1971 reus
1283 1914 1390 1969 liat.
1418 1911 1683 1968 Ctetcrum
1706 1920 1760 1965 ut
1782 1925 1850 1964 ex
1880 1924 1964 1964 re-

361 2015 478 2070 bus
499 2015 626 2084 ipsis
647 2023 839 2068 vestrm
861 2011 1065 2067 caritati
1093 2007 1526 2080 persuadeamus,
1549 2020 1612 2060 ex
1645 2017 1826 2057 amore
1852 2010 1966 2057 stu-

375 2105 573 2176 dioque
600 2105 762 2160 vestri
791 2103 932 2160 hunc
957 2112 1194 2158 nostrum
1222 2099 1383 2154 animi
1408 2097 1645 2153 dolorem
1670 2096 1962 2166 profectum

364 2210 517 2262 esse,
541 2208 597 2251 et
621 2209 719 2251 nos
741 2195 808 2250 ad
835 2195 952 2250 h-re
978 2193 1200 2248 dicenda
1229 2191 1486 2262 impulsos
1511 2203 1631 2244 esse
1659 2187 1798 2258 quod
1829 2187 1965 2242 mul-

362 2298 490 2342 sum
518 2288 676 2343 saluti
703 2295 894 2342 vestra:
921 2287 1231 2341 timeremus
1261 2299 1277 2338 :
1305 2297 1402 2352 age
1448 2282 1639 2338 iterum
1683 2295 1782 2335 nos
1821 2281 1964 2350 ipsos

362 2377 520 2434 bona
557 2391 653 2448 ope
686 2377 948 2441 foventes,
977 2385 1284 2430 consuetam
1315 2373 1467 2429 vobis
1504 2387 1831 2443 apponamus
1853 2370 1962 2425 do-

358 2471 627 2536 ctrinam,
659 2469 993 2525 declarantes
1035 2476 1332 2538 paternam,
1359 2480 1516 2536 quam
1545 2479 1669 2534 erga
1697 2477 1794 2517 vos
1817 2462 1963 2533 geri-

377 2579 518 2630 mus,
547 2562 967 2619 benevolentiam
998 2578 1012 2615 :
1041 2559 1136 2616 sed
1157 2599 1173 2626 ,
1214 2574 1330 2626 oro,
1375 2557 1656 2628 diligenter
1691 2555 1844 2610 dictis
1871 2569 1966 2608 au-

375 2654 624 2720 scultate,
655 2664 713 2708 ut
749 2652 950 2723 majore
981 2666 1101 2706 cum
1130 2650 1304 2704 fructu
1327 2649 1543 2704 domum
1583 2647 1756 2702 redire
1784 2645 1959 2700 lateat.

363 2745 566 2815 Opera:
596 2744 822 2814 pretium
867 2749 1046 2797 autem
1081 2749 1184 2808 est,
1224 2754 1292 2796 ea
1331 2755 1450 2810 qua:
1488 2753 1628 2794 nunc
1669 2738 1801 2794 lecta
1841 2743 1965 2790 sunt

359 2836 582 2889 caritati
636 2844 828 2888 vestra:
879 2833 1072 2888 dicere.
1117 2832 1204 2886 14.
1256 2829 1325 2886 Et
1359 2830 1509 2898 dicit,
1553 2831 1740 2902 inquit,
1777 2831 1963 2889 Deus:

379 2927 536 2982 Fiant
565 2926 836 2980 luminaria
877 2926 929 2978 in
968 2925 1286 2993 ﬁrmamento
1314 2921 1425 2977 εαξιί
1451 2921 1518 2974 ad
1545 2922 1961 2980 illuminationem

363 3035 531 3086 super
554 3028 758 3080 (errant,
781 3026 836 3070 ut
857 3015 1081 3070 dividant
1108 3016 1236 3068 inter
1257 3014 1390 3068 diem
1418 3023 1465 3066 et
1491 3015 1622 3067 inter
1653 3024 1865 3070 noctem.
1897 3015 1962 3070 Et

369 3109 476 3161 sint
505 3109 558 3160 in
584 3107 750 3177 signa,
777 3117 824 3159 et
848 3107 898 3159 in
927 3114 1171 3176 tempora,
1204 3113 1250 3158 et
1277 3105 1326 3157 in
1353 3103 1480 3169 dies,
1507 3113 1554 3157 et
1583 3104 1634 3157 in
1661 3120 1843 3159 annos.
1872 3107 1958 3162 13.

369 3199 446 3252 Et
485 3201 585 3252 sint
626 3199 694 3252 ad
733 3197 1148 3252 illuminationem
1187 3196 1239 3248 in
1281 3196 1598 3262 ﬁrmamento
1626 3195 1738 3249 acii
1766 3212 1785 3250 :
1808 3197 1879 3251 ita
1907 3207 1961 3251 ut

363 3289 576 3342 {luceant
595 3304 747 3358 super
765 3296 970 3340 terram.
997 3284 1067 3338 Et
1087 3289 1277 3356 factum
1299 3294 1371 3338 est
1392 3285 1484 3336 ita.
1512 3284 1799 3355 Postquam
1819 3287 1957 3340 enim

368 3377 492 3432 lteri
537 3393 635 3432 nos
673 3376 854 3432 docuit
895 3376 1082 3430 beatus
1126 3374 1320 3440 Moses,
1367 3373 1635 3445 quomodo
1679 3374 1956 3430 informem

364 3477 575 3523 serram
602 3467 873 3522 ornaverit
901 3466 1134 3520 universi
1163 3463 1417 3520 Conditor
1443 3463 1622 3518 herbis
1641 3505 1655 3530 ,
1688 3474 1741 3520 et
1769 3465 1958 3520 [lorum

372 3560 630 3614 varietate
651 3599 665 3623 ,
701 3567 755 3612 et
791 3556 1052 3614 seminum
1080 3556 1341 3626 germine,
1375 3554 1532 3610 hodie
1559 3571 1860 3610 sermonem
1891 3556 1956 3610 ad

368 3659 621 3705 ornatum
666 3649 782 3704 cteli
827 3648 1006 3703 vertit.
1055 3646 1188 3700 Nam
1235 3646 1370 3700 sicut
1419 3654 1557 3700 terra
1602 3657 1821 3700 ornatur
1865 3662 1959 3716 per

363 3755 436 3794 ea
477 3755 595 3811 qua:
621 3754 694 3792 ex
739 3739 851 3808 ipsa
893 3738 1237 3808 proveniunt,
1265 3735 1343 3791 sic
1377 3735 1566 3790 c:elum
1609 3735 1709 3791 hoc
1751 3736 1953 3793 visibile

370 3834 569 3888 clarius
597 3841 651 3888 et
677 3830 922 3903 fulgidius
944 3829 1090 3899 fecit,
1113 3839 1378 3884 astrorum
1401 3830 1654 3884 varietate
1680 3829 1806 3884 illud
1833 3831 1954 3885 hinc

373 3925 498 3980 inde
526 3924 854 3995 distinguens
872 3961 888 3990 ,
927 3922 1219 3993 prtesertim
1242 3919 1561 3976 formatione
1585 3920 1811 3976 duorum
1845 3937 1957 3975 nta-

370 4033 597 4087 gnortnn
624 4018 984 4081 lumina-rium,
1009 4016 1158 4083 solis,
1186 4015 1397 4086 inquam
1425 4056 1437 4080 ,
1471 4024 1525 4069 et
1564 4015 1722 4069 lunae.
1757 4014 1843 4069 16.
1887 4012 1956 4068 Et

373 4112 490 4182 fecit
520 4110 674 4176 Deus,
700 4111 793 4176 ait,
813 4112 912 4165 duo
933 4109 1205 4164 luminaria
1227 4124 1430 4180 magna,
1450 4109 1698 4162 luminare
1717 4125 1954 4178 magnum

371 4212 427 4254 ut
455 4211 685 4270 praeesset
714 4201 834 4268 diei,
857 4213 900 4255 et
927 4202 1176 4255 luminare
1202 4201 1370 4253 minus
1391 4208 1444 4252 ut
1469 4208 1697 4268 prwesset
1723 4200 1877 4264 nocti,
1906 4207 1953 4252 et

373 4291 562 4344 stellas.
613 4289 796 4345 Vidisti
835 4291 1146 4360 sapientiam
1190 4288 1444 4358 Opificis?
1492 4288 1633 4343 Dixit
1678 4289 1868 4352 solum,
1900 4297 1954 4343 et

372 4381 689 4450 productum
737 4390 819 4436 est
869 4380 969 4437 hoc
1020 4379 1334 4435 admirabile
1383 4380 1744 4445 elementum,
1787 4379 1950 4433 solem

369 4473 513 4526 dico.
563 4471 714 4528 Hunc
760 4473 900 4527 enim
935 4481 1090 4526 vocat
1133 4471 1391 4525 luminare
1432 4485 1715 4540 magnum,
1744 4480 1795 4524 ct
1827 4469 1953 4525 dicit

371 4565 544 4632 ipsum
568 4561 761 4617 factum
788 4577 929 4628 esse,
951 4571 1004 4616 ut
1035 4563 1214 4632 praesit
1233 4562 1359 4617 diei.
1389 4561 1480 4616 Sol
1503 4562 1643 4616 enim
1671 4560 1950 4616 clariorem

365 4654 509 4707 diem
557 4652 740 4719 eflicit,
787 4654 1011 4707 rutilans
1058 4667 1221 4708 aureo
1263 4667 1361 4706 suo
1392 4651 1578 4722 jubare
1608 4661 1659 4706 et
1688 4652 1868 4713 radiis,
1898 4661 1951 4706 et

366 4745 604 4813 quotidie
631 4744 862 4814 speciem
892 4758 1041 4797 suam
1070 4743 1424 4813 vigescentem
1450 4741 1756 4807 ostendens,
1788 4752 1841 4796 et
1870 4743 1944 4796 si-

369 4835 477 4888 mul
515 4845 673 4904 atque
712 4849 867 4888 mane
903 4842 1123 4889 exortus
1164 4833 1342 4900 fuerit,
1371 4847 1529 4888 onme
1554 4833 1823 4887 hominum
1853 4849 1947 4903 ge-

367 4941 468 4981 nus
493 4927 557 4981 ad
585 4942 802 4981 suorum
825 4941 1046 4996 operum
1069 4925 1240 4979 studia
1265 4926 1520 4980 excitans.
1556 4924 1720 4994 Ilujtts
1754 4923 1949 4978 formo-

365 5019 576 5070 sitatem
603 5017 880 5072 declarans
914 5017 1100 5072 beatus
1129 5015 1320 5082 David,
1351 5015 1520 5084 inquit
1552 5031 1564 5069 :
1596 5014 1664 5068 Et
1689 5017 1794 5083 ipse
1818 5026 1948 5068 tam-

359 5126 516 5171 quam
552 5124 768 5180 sponsus
809 5108 1066 5181 egrediens
1107 5108 1170 5162 de
1208 5108 1429 5161 thalamo
1458 5123 1570 5173 suo,
1601 5107 1864 5162 exsultabit
1893 5117 1948 5162 ut

361 5203 508 5271 gigas
539 5199 605 5252 ad
627 5201 926 5253 currendum
949 5199 1118 5263 riam;
1143 5215 1175 5252 a
1204 5214 1397 5252 summa
1417 5197 1539 5251 ca’lo
1562 5214 1786 5267 egressus
1816 5199 1948 5266 ejus,

361 5301 408 5345 et
436 5307 672 5345 occursus
715 5292 828 5362 ejus
865 5306 1021 5360 usque
1051 5289 1121 5343 ad
1156 5305 1402 5342 summum
1429 5287 1538 5341 caeli
1567 5287 1738 5358 (Psal.
1772 5286 1860 5342 l8.
1891 5286 1946 5342 6.

361 5380 440 5446 7).
470 5379 632 5434 Vides
661 5379 928 5448 quomodo
968 5380 1084 5450 ejus
1125 5379 1591 5448 pulchritudinem,
1623 5388 1676 5432 et
1722 5379 1774 5432 in
1821 5392 1946 5446 ope-

361 5471 532 5526 rando
562 5469 894 5526 velocitatem
922 5471 1245 5525 declaravit?
1277 5469 1510 5524 Dicendo
1536 5469 1699 5533 enim,
1732 5468 1773 5520 Α
1801 5483 1940 5521 sum-

361 5579 444 5614 mo
468 5564 590 5614 emlo
617 5576 844 5632 egressus
870 5563 997 5632 ejus,
1027 5571 1071 5614 ct
1097 5577 1333 5614 occursus
1372 5559 1484 5628 ejus
1524 5574 1677 5627 usque
1712 5559 1778 5610 ad
1811 5574 1947 5612 sum-

363 5669 499 5707 mum
522 5653 651 5720 caeli,
679 5650 993 5724 signiﬁcavit
1019 5651 1192 5717 nobis,
1219 5649 1486 5722 quomodo
1516 5649 1568 5704 in
1599 5664 1703 5704 uno
1736 5659 1941 5718 tempo-

2062 355 2149 410 =ris
2177 363 2450 410 momento
2486 369 2588 425 per
2623 362 2790 410 totum
2825 355 3008 410 orbem
3038 355 3309 423 discurrit,
3332 368 3383 413 et
3412 374 3441 412 a
3460 359 3661 416 finibus

2071 450 2125 505 in
2151 450 2283 504 fines
2308 450 2485 505 radios
2513 450 2690 515 mittit,
2711 449 2935 504 multum
2960 452 3198 506 utilitatis
3221 462 3495 522 pra-stans.
3527 452 3659 507 Nam

2072 557 2176 596 non
2218 541 2389 596 solum
2428 541 2688 606 calefacit,
2722 541 2821 598 sed
2861 552 2916 596 et
2951 543 3197 608 arefacit;
3241 553 3296 598 et
3342 560 3444 598 non
3488 546 3658 600 SOlllltl

2071 634 2311 699 arefacit,
2333 633 2426 688 sed
2450 641 2509 688 et
2536 633 2732 698 adurit,
2755 633 3056 704 multosque
3075 635 3208 690 alios
3231 643 3286 689 et
3306 637 3483 690 varios
3499 636 3660 690 nobis

2059 740 2196 780 usus
2223 723 2442 793 praebet,
2469 733 2628 793 atque
2651 722 2786 777 adeo
2810 739 3060 793 maguum
3089 733 3172 779 est
3199 725 3510 780 miraculum
3538 727 3655 780 ele-

2059 826 2303 872 mentum
2332 816 2434 871 hoc
2452 858 2466 880 ,
2495 831 2668 886 neque
2689 818 2885 887 est-qui
2915 817 3096 873 laudes
3124 818 3239 888 ejus
3269 834 3365 888 pro
3393 819 3654 891 dignitate

2061 909 2455 978 prmdicaver-it.
2485 908 2608 964 Hzec
2624 917 2800 964 autem
2821 909 2959 974 dico,
2982 918 3036 964 et
3058 924 3304 968 sermone
3323 899 3646 967 elementum

2067 999 2285 1065 extollo,
2317 1014 2425 1053 non
2461 1007 2528 1053 ut
2574 999 2623 1052 in
2669 1013 2735 1052 eo
2781 1000 3060 1066 subsistas,
3089 1000 3296 1064 dilecte,
3328 1001 3420 1054 scd
3455 1013 3508 1056 ut
3536 1004 3659 1058 inde

2068 1090 2420 1156 aseendas,-et
2446 1090 2496 1144 in
2519 1089 3042 1160 elementiOpilicetn
3065 1091 3466 1146 admirationum:
3489 1102 3657 1148 trans-

2061 1181 2230 1236 feras.
2260 1181 2391 1235 Natu
2415 1190 2612 1251 quanto
2633 1181 2804 1248 majus
2823 1180 3121 1236 OStenditur
3141 1181 3486 1245 elementum,
3508 1190 3657 1238 tanto

2069 1271 2240 1342 majus
2266 1281 2590 1326 monstratur
2612 1269 2829 1342 Opificis
2861 1271 3194 1326 miraculum.

2138 1365 2194 1418 4.
2225 1363 2458 1418 Stultitia
2478 1364 2798 1417 adorantium
2824 1364 2979 1418 solem
2993 1379 3014 1428 ,°
3038 1380 3128 1417 cur
3154 1374 3265 1435 post
3289 1365 3492 1418 tertium
3518 1365 3652 1418 diem

2067 1455 2144 1510 sol
2177 1455 2426 1509 conditus.
2447 1484 2517 1495 -
2542 1455 2736 1511 Verum
2775 1456 3003 1525 gentiles
3039 1455 3362 1512 admirantes
3389 1468 3441 1512 et
3468 1459 3654 1513 obstu-

2070 1554 2345 1616 pescentes
2367 1555 2573 1601 tantum
2602 1547 2945 1615 elementum,
2975 1548 3195 1604 ulterius
3223 1549 3522 1619 perSpicere
3549 1565 3654 1604 non

2067 1647 2370 1710 potuerunt,
2413 1655 2585 1711 neque
2631 1640 2748 1710 ejus
2793 1639 3134 1696 Conditorem
3166 1641 3531 1705 laudavernnt,
3560 1642 3654 1697 sed

2068 1731 2122 1785 in
2152 1731 2423 1786 elemento
2457 1731 2922 1800 conquiescentes,
2955 1731 3126 1801 ipsum
3169 1747 3266 1802 pro
3313 1731 3416 1787 deo
3455 1733 3653 1787 habue-

2066 1829 2528 1892 runtzpropterea
2569 1830 2624 1875 et
2670 1821 2858 1875 beatus
2899 1822 3092 1875 Paulus
3131 1822 3259 1876 dicit
3291 1840 3304 1876 :
3332 1821 3398 1876 Et
3436 1823 3654 1877 venerati

2065 1922 2203 1977 sunt,
2235 1911 2592 1982 colueruntque
2623 1920 2912 1966 creaturam
2951 1913 3144 1982 magis,
3178 1929 3328 1982 quam
3367 1912 3653 1968 Creatorem

2066 2003 2242 2072 (Rom.
2278 2003 2326 2056 l.
2353 2002 2466 2073 25).
2513 2001 2650 2069 Quid
2689 2002 2831 2056 enim
2885 2002 3218 2072 iusipientius
3257 2004 3376 2070 illis,
3414 2005 3499 2074 qni
3545 2019 3650 2058 non

2069 2101 2354 2160 potuerunt
2395 2107 2461 2147 ex
2503 2092 2760 2147 creaturis
2788 2106 3077 2162 agnoscere
3116 2093 3442 2160 Creatorem,
3475 2095 3567 2150 sed
3600 2097 3651 2150 iu

2067 2192 2270 2238 tantum
2303 2192 2658 2253 pervenerunt
2684 2199 2921 2239 errorem
2939 2224 2954 2249 ,
2983 2194 3044 2238 {ll
3081 2195 3377 2240 creat-uram
3409 2196 3461 2240 Cl
3488 2187 3652 2242 factu-

2066 2291 2181 2330 ram
2221 2276 2273 2329 in
2305 2276 2547 2330 ordinem
2573 2274 2843 2330 Creatoris
2870 2275 3168 2331 referrent?
3209 2278 3542 2348 Quapt-Opter
3565 2278 3650 2332 tli-

2067 2367 2187 2420 vina
2216 2365 2487 2436 Scriptura
2510 2366 2807 2436 prmvidens
2835 2381 3127 2438 propensos
3147 2367 3212 2422 ad
3232 2383 3474 2424 errorem
3504 2369 3651 2440 igna~

2065 2473 2181 2526 vos,
2219 2458 2376 2514 docet
2418 2473 2535 2524 nos,
2578 2467 2696 2528 post
2738 2459 2950 2514 tertium
2989 2460 3131 2516 diem
3178 2459 3282 2516 hoc
3327 2462 3650 2518 elementum

2058 2565 2187 2605 esse
2233 2550 2546 2617 conditum,
2595 2559 2876 2620 postquam
2927 2559 3068 2608 terra
3116 2552 3400 2622 omnigena
3443 2554 3648 2608 semina

2067 2644 2307 2713 protulit,
2338 2652 2394 2699 et
2421 2658 2576 2698 suum
2607 2645 2814 2713 accepit
2840 2653 3086 2699 ornatum
3116 2661 3128 2699 :
3158 2652 3219 2699 ut
3262 2645 3389 2698 nulli
3432 2643 3652 2714 posthac

2064 2733 2242 2790 dicere
2263 2734 2437 2798 liceat,
2467 2735 2582 2790 sine
2605 2734 2734 2788 solis
2753 2736 3134 2805 cooperationc
3159 2751 3265 2790 non
3292 2743 3650 2790 maturescere

2065 2827 2242 2898 fruges
2271 2835 2325 2882 et
2357 2835 2643 2896 proventus
2672 2835 2847 2882 teme.
2895 2825 3097 2882 ideirco
3119 2827 3357 2882 declarat
3383 2827 3473 2881 tibi
3499 2835 3649 2882 ante-

2064 2934 2222 2988 quam
2244 2917 2324 2973 sol
2354 2919 2693 2984 formaretur,
2725 2919 2901 2972 omnia
2935 2917 3093 2972 fuisse
3113 2917 3349 2987 impleta,
3380 2926 3526 2972 utne
3548 2919 3646 2973 soli

2066 3010 2327 3065 fructuum
2370 3017 2658 3079 proventus
2695 3008 3002 3074 adscribas,
3047 3007 3140 3062 sed
3187 3009 3422 3063 omnium
3469 3008 3644 3078 opifici

2067 3100 2198 3167 Deo,
2223 3102 2312 3172 qui
2342 3101 2470 3155 dixit
2501 3100 2568 3156 ab
2593 3100 2743 3154 initio
2776 3118 2790 3154 :
2823 3098 3076 3154 Gerntinet
3113 3107 3245 3153 terra
3269 3099 3475 3154 herbam
3503 3099 3646 3170 ﬂeui.

2062 3191 2214 3258 Quod
2238 3193 2282 3248 si
2309 3193 2559 3259 dixerint,
2587 3192 2718 3247 solis
2751 3191 3076 3247 funetionem
3114 3192 3271 3246 etiam
3297 3191 3496 3263 aliquid
3519 3206 3646 3261 epe-

2064 3287 2192 3350 rari,
2228 3294 2286 3340 ut
2325 3285 2526 3341 fructus
2559 3292 2941 3347 maturescant,
2973 3298 3147 3353 neque
3180 3297 3280 3353 ego
3317 3283 3645 3338 contradico.

2061 3378 2194 3433 Nam
2225 3378 2360 3432 sicut
2384 3377 2428 3432 si
2454 3376 2739 3447 agricolam
2761 3376 2932 3430 dicam
2955 3375 3232 3445 cooperari
3258 3373 3324 3429 ad
3354 3383 3511 3429 terra:
3535 3375 3646 3428 cul-

2065 3478 2196 3533 tum,
2225 3486 2330 3524 non
2355 3469 2474 3524 ideo
2502 3469 2807 3524 universum
2830 3468 3003 3522 tribuo
3021 3467 3288 3538 agricolae,
3316 3467 3411 3523 sed
3437 3467 3644 3522 etiamsi

2063 3561 2108 3614 is
2136 3561 2437 3616 sexcenties
2457 3574 2611 3615 suum
2637 3569 2757 3629 agat
2783 3557 3039 3622 oflicium,
3059 3558 3159 3612 nisi
3189 3557 3235 3612 is
3257 3557 3347 3627 qui
3377 3571 3476 3611 suo
3503 3571 3646 3610 man-

2060 3655 2186 3710 dato
2223 3655 2291 3708 ab
2329 3653 2480 3708 initio
2527 3661 2723 3707 terram
2766 3651 2833 3706 ad
2881 3649 3150 3705 faciendos
3175 3649 3374 3704 fructus
3400 3649 3643 3704 idoneam

2061 3745 2204 3809 fecit,
2237 3743 2302 3799 ad
2330 3743 2430 3797 hoc
2457 3757 2574 3798 eam
2601 3756 2812 3812 quoque
2835 3755 3050 3794 movere
3073 3739 3219 3805 vclit,
3252 3739 3379 3793 nihil
3408 3738 3645 3807 proﬁciet

2061 3835 2242 3892 turtltis
2278 3832 2552 3888 laboribus
2582 3849 2596 3886 :
2626 3830 2873 3886 similiter
2908 3830 3049 3894 dico,
3078 3828 3286 3883 etiamsi
3315 3842 3434 3883 cum
3461 3827 3644 3881 labore

2059 3929 2241 3983 rustici
2280 3927 2551 3996 consliiret
2588 3923 2716 3980 solis
2740 3931 2796 3978 et
2821 3923 2960 3978 luna:
2983 3921 3223 3992 operatio
3242 3961 3258 3986 ,
3285 3929 3340 3974 et
3367 3920 3480 3974 caeli
3505 3929 3642 3974 tem—

2059 4019 2254 4091 peries,
2277 4033 2450 4089 neque
2469 4017 2547 4072 sic
2567 4016 2846 4071 utilitatem
2868 4014 3098 4084 aliquam
3121 4011 3257 4078 fore,
3283 4013 3382 4066 nisi
3409 4025 3640 4080 superne

2059 4113 2177 4166 illos
2204 4110 2422 4166 dextera
2449 4106 2657 4164 Domini
2683 4105 2951 4174 adiuverit
2983 4123 2998 4160 :
3027 4105 3124 4158 hac
3148 4112 3324 4158 autem
3362 4117 3520 4156 manu
3547 4117 3641 4154 va-

2058 4202 2162 4256 lida
2186 4201 2404 4271 juvante
2423 4200 2582 4255 etiam
2598 4196 2864 4254 elementa
2889 4195 3174 4266 plurimum
3196 4194 3494 4248 conferunt.
3520 4193 3643 4247 llzec

2059 4295 2222 4364 probe
2250 4292 2507 4348 memoria
2538 4298 2800 4355 tenentes,
2843 4287 3168 4358 compescite
3205 4300 3300 4341 eos
3341 4285 3428 4354 qui
3471 4284 3644 4339 adhuc

2057 4398 2237 4439 errare
2263 4383 2463 4447 volunt,
2495 4389 2548 4437 et
2583 4395 2690 4435 non
2731 4380 3028 4445 concedite,
3063 4388 3121 4433 ut
3164 4377 3432 4434 Creatoris
3474 4375 3644 4430 honor

2056 4485 2315 4532 creaturte
2346 4473 2684 4530 concedatur.
2732 4474 3028 4541 Eapropter
3059 4481 3114 4527 et
3152 4472 3334 4526 divina
3371 4468 3643 4540 Scriptura

2058 4583 2162 4620 non
2189 4565 2360 4620 solum
2391 4562 2834 4634 pulchritudinem
2862 4561 2974 4630 ejus
2997 4601 3013 4626 ,
3045 4569 3100 4615 et
3125 4560 3561 4631 magnitudinem,
3589 4567 3643 4614 et

2059 4657 2337 4710 utilitatem
2381 4653 2642 4720 ostendit,
2671 4652 2898 4708 dicendo
2928 4671 2941 4706 :
2975 4651 3120 4706 Sicut
3165 4668 3398 4722 sponsus,
3427 4661 3502 4715 et,
3537 4649 3644 4704 Ex-

2055 4749 2260 4804 sultabit
2285 4748 2412 4803 sicut
2440 4748 2584 4818 gigas
2625 4745 2693 4800 ad
2729 4745 3033 4800 currendum
3066 4744 3233 4808 riam;
3259 4743 3352 4798 sed
3383 4753 3438 4798 et
3472 4743 3638 4796 imbe-

2057 4841 2329 4896 cillitatem
2357 4839 2788 4908 debilitatemque
2813 4839 2850 4890 ί.
2894 4835 3033 4892 Audi
3065 4836 3208 4891 enim
3245 4833 3370 4903 quid
3407 4832 3530 4886 alibi
3563 4830 3643 4884 di-

2055 4942 2143 4986 cat
2175 4948 2188 4984 :
2221 4930 2355 4997 Quid
2379 4931 2483 4985 sole
2505 4929 2759 4984 lucidius?
2788 4927 2952 4981 ethoc
2978 4926 3148 4992 deﬁcit
3191 4923 3377 4991 (Eecli.
3407 4922 3494 4976 l7.
3525 4922 3638 4991 50).

2055 5023 2133 5079 Ne
2160 5033 2210 5078 te
2233 5023 2463 5092 decipiat
2487 5059 2503 5086 ,
2544 5019 2734 5088 inquit,
2759 5015 3118 5086 spectaculum
3150 5030 3164 5065 :
3194 5027 3312 5066 nam
3343 5012 3386 5066 si
3417 5011 3642 5067 voluerit

2053 5119 2311 5173 Conditor
2339 5118 2624 5184 imperare,
2653 5110 2802 5181 quasi
2837 5122 3123 5178 numquam
3155 5106 3330 5170 fuerit,
3360 5106 3432 5160 ita
3460 5105 3640 5175 dispa-

2056 5212 2213 5266 rebit.
2260 5209 2384 5264 llrec
2422 5206 2466 5260 si
2514 5203 2901 5260 intellexissent
2936 5200 3198 5272 gentiles,
3241 5199 3544 5270 neutiquam
3587 5199 3639 5252 in

2057 5313 2262 5361 tantum
2305 5299 2612 5354 incidissent
2649 5309 2915 5359 errorem,
2955 5292 3050 5349 sed
3084 5301 3229 5348 recte
3252 5290 3544 5356 vidissent,
3571 5304 3637 5343 ex

2051 5420 2064 5444 ι
2087 5403 2420 5451 reaturarum
2461 5387 2910 5458 contemplatione
2945 5403 3040 5456 par
3075 5400 3194 5442 esse
3229 5383 3296 5438 ad
3330 5383 3636 5438 Creatorem

2055 5483 2368 5541 ascendere.
2413 5481 2634 5550 Propter
2673 5478 2775 5532 hoc
2809 5486 3000 5548 quarto
3039 5477 3126 5532 die
3165 5475 3331 5530 Solem
3370 5471 3528 5533 fecit,
3569 5482 3640 5523 ne

2119 5599 2132 5630 ¹
2171 5604 2298 5647 tlrcc.
2315 5594 2399 5644 sed
2412 5599 2456 5642 et
2480 5589 2848 5642 imbecillitatem
2867 5589 3264 5652 debilitatemquc,
3275 5598 3386 5648 quae
3409 5586 3458 5634 iu
3474 5577 3634 5630 Morel.

2055 5661 2279 5718 deerant,
2305 5661 2353 5708 tu
2377 5665 2567 5706 ςιωιοωδ
2587 5655 2846 5704 habentur.
