4018 6136
372 262 444 323 59
1079 265 1135 322 Β.
1176 262 1451 320 JOANNIS
1486 258 1957 319 CllRYSOSTOMl
1998 258 2317 319 ARClllEP.
2358 261 2893 328 CONSTANTINOP.
3576 274 3649 331 69

374 391 529 446 putes
556 378 703 433 illum
732 376 836 433 diei
864 386 1155 431 auctorem.
1186 376 1316 430 Nam
1344 375 1483 445 quod
1512 376 1579 431 de
1599 374 1891 430 seminibus
1923 389 1950 427 a

379 468 532 521 nobis
561 468 760 523 dictum
792 477 892 532 est,
921 475 975 520 et
998 466 1065 520 de
1090 466 1177 521 die
1206 467 1327 521 licet
1351 468 1549 531 dicere,
1574 481 1766 535 nempe
1798 464 1959 519 fuisse

379 570 487 613 tres
513 559 626 613 dies
651 566 775 614 ante
801 559 928 612 solis
953 556 1346 612 formationem.
1376 557 1546 610 Voluit
1576 566 1753 611 autem
1783 555 1961 609 Domi-

379 665 478 702 nus
504 658 557 703 et
582 664 676 718 per
706 648 806 704 hoc
834 648 1155 703 elementum
1186 648 1467 703 clariorem
1494 648 1598 702 dici
1629 649 1801 702 lucem
1831 645 1957 701 red-

378 739 504 793 dere
527 756 540 791 :
562 739 611 792 id
639 739 778 808 quod
802 748 857 793 et
884 738 951 793 de
976 740 1166 793 minori
1197 740 1463 803 luminari,
1491 741 1590 794 hoc
1616 748 1715 802 est,
1745 739 1813 793 de
1841 739 1959 792 luna

379 831 716 886 dixerimus:
750 829 901 886 facta:
954 832 1095 885 enim
1138 840 1263 886 sunt
1309 842 1417 886 tres
1456 841 1638 886 noctes
1681 840 1804 885 ante
1847 830 1962 897 ejus

380 920 772 977 formationem.
816 924 1063 976 Attamen
1107 932 1159 975 et
1203 922 1317 975 hate
1356 922 1605 992 producta
1634 936 1781 975 suam
1811 920 1964 973 all’ert

380 1012 661 1067 utilitatem
695 1014 953 1083 :dissipat
990 1014 1131 1068 enim
1174 1016 1343 1068 noctis
1384 1012 1649 1078 tenebras,
1675 1022 1732 1065 ct
1761 1012 1960 1073 ferme,

380 1114 440 1158 ut
465 1104 758 1177 itadicam,
786 1104 971 1159 eadem
996 1120 1110 1173 qum
1122 1106 1206 1159 sol
1226 1106 1336 1174 ipse
1357 1104 1475 1157 facit
1498 1119 1620 1173 erga
1643 1103 1741 1156 alia
1764 1103 1961 1155 omnia.

384 1193 476 1249 Sol
507 1193 647 1247 enim
675 1194 951 1248 ordinatus
976 1203 1057 1248 est
1082 1194 1148 1248 ad
1179 1195 1280 1249 hoc
1314 1194 1383 1248 Ut
1408 1203 1641 1264 prwesset
1670 1192 1770 1246 diei
1794 1233 1808 1255 ,
1842 1191 1963 1245 luna

386 1293 588 1349 autem,
620 1284 687 1339 Ut
708 1293 938 1353 prwesset
961 1286 1112 1337 nocti.
1142 1284 1275 1351 Quid
1307 1294 1389 1338 est
1418 1283 1485 1338 Ut
1511 1292 1741 1353 praesset
1766 1283 1881 1345 diei,
1914 1289 1969 1334 et

387 1371 457 1427 lit
504 1383 734 1443 praeesset
775 1376 949 1428 nocti?
991 1375 1345 1439 Potestatem,
1381 1374 1585 1444 inquit,
1617 1374 1846 1443 accepit,
1878 1373 1966 1427 ille

383 1462 595 1529 quidem
626 1462 751 1527 diei,
783 1462 895 1517 base
922 1477 1049 1517 vero
1074 1464 1244 1517 noctis
1265 1504 1278 1529 ,
1311 1472 1369 1517 ut
1395 1464 1471 1517 sol
1500 1463 1638 1517 diem
1670 1464 1780 1517 suis
1809 1462 1968 1516 radiis

386 1553 666 1607 clariorem
690 1554 911 1618 reddat;
942 1555 1065 1609 luna
1089 1565 1267 1611 autem
1297 1565 1353 1608 ut
1379 1555 1619 1626 dispellat
1651 1555 1895 1611 tenebras
1915 1565 1970 1609 et

389 1643 661 1698 hominum
693 1646 872 1715 generi
902 1647 1098 1701 lumine
1131 1661 1228 1700 suo
1258 1645 1559 1701 facultatem
1589 1647 1825 1717 praebeat
1859 1646 1969 1699 suis

390 1736 614 1803 negotiis
631 1736 869 1789 vacaudi.
902 1736 1049 1790 Tunc
1075 1737 1216 1790 enim
1236 1738 1406 1790 viator
1427 1737 1669 1791 fidentius
1694 1737 1796 1791 iter
1824 1737 1966 1799 facit,

387 1833 441 1876 et
484 1834 641 1877 nauta
685 1825 858 1878 navim
888 1826 1040 1894 regit,
1066 1835 1119 1879 et
1145 1826 1309 1879 maria
1338 1826 1552 1894 trajicit,
1576 1835 1630 1881 et
1654 1842 1749 1881 sua
1779 1828 1971 1896 cuique

389 1913 584 1978 studia,
608 1929 835 1985 suasque
864 1926 1007 1971 artes
1045 1925 1188 1971 metu
1231 1918 1403 1986 posito
1438 1919 1832 1988 aggrediuntur.
1867 1920 1968 1973 De-

389 2004 513 2059 inde
553 2015 831 2076 postquam
864 2022 961 2061 nos
992 2007 1169 2062 docuit
1201 2009 1422 2063 istorum
1461 2010 1796 2064 luminarium
1831 2011 1972 2064 utili-

389 2103 573 2160 tatem,
604 2096 771 2167 inquit
800 2116 813 2151 :
849 2098 932 2152 l7.
969 2095 1034 2150 Et
1061 2099 1249 2152 stellas.
1294 2098 1359 2152 Et
1389 2102 1552 2169 posuit
1590 2099 1728 2154 Deus
1767 2102 1883 2154 illas
1920 2102 1969 2155 in

389 2188 705 2253 ﬁrmamento
745 2191 891 2254 celi,
928 2190 998 2242 ita
1041 2200 1095 2243 ut
1142 2191 1340 2244 luceant
1381 2209 1531 2262 super
1573 2203 1773 2257 terrain,
1806 2193 1891 2247 18.
1926 2203 1972 2247 et

388 2279 593 2347 pra'sint
615 2280 714 2333 diei
736 2296 796 2331 ac
816 2281 968 2343 nocti,
989 2291 1034 2333 et
1058 2292 1286 2351 separent
1310 2282 1439 2334 inter
1463 2282 1627 2335 lucem
1656 2293 1702 2335 et
1723 2283 1970 2338 tenebras.

460 2370 514 2423 5.
552 2369 883 2424 Pulcltritudo
912 2381 959 2424 et
984 2371 1174 2425 utilitas
1193 2372 1305 2424 ταιιὶ
1320 2389 1341 2437 ;
1378 2372 1548 2425 omnia
1582 2383 1784 2443 prOpter
1813 2375 1976 2428 homi-

304 2509 313 2516 ,
388 2474 501 2511 item
526 2468 692 2513 creata
715 2470 941 2516 sunt.—-
968 2461 1341 2515 Animadverte
1374 2461 1457 2515 hic
1477 2472 1731 2531 quantum
1763 2473 1817 2517 et
1847 2464 1973 2518 ista-

394 2563 510 2602 rum
542 2565 695 2604 usum
728 2550 879 2603 nobis
904 2550 1209 2605 declaravit.
1248 2549 1425 2605 Posuit
1447 2552 1583 2618 illas,
1604 2553 1791 2622 inquit,
1812 2555 1861 2607 in
1882 2556 1974 2623 ﬁr-

391 2651 639 2693 mamento
656 2643 784 2695 (teli.
808 2642 945 2709 Quid
964 2653 1064 2710 est,
1088 2641 1302 2697 Posuit?
1322 2643 1584 2714 Numquid
1604 2646 1751 2714 quasi
1773 2646 1976 2701 diceret

392 2730 602 2799 aliquis,
630 2730 807 2785 Fixit?
836 2732 987 2786 Absit
1011 2751 1024 2786 ε
1050 2733 1290 2788 videmus
1316 2735 1456 2788 enim
1489 2735 1631 2805 ipsas
1656 2752 1797 2806 saepe
1821 2738 1974 2793 unico

394 2823 654 2890 temporis
710 2832 982 2878 momento
1036 2840 1283 2894 maguum
1333 2828 1561 2882 transire
1611 2830 1873 2898 spatium,
1922 2840 1975 2885 et

390 2927 676 2981 numquam
726 2913 776 2967 in
818 2930 925 2968 uno
968 2915 1087 2970 loco
1134 2925 1296 2984 stare,
1342 2918 1434 2972 sed
1471 2932 1647 2981 suum,
1686 2935 1840 2989 quem
1873 2920 1975 2974 illis

391 3000 645 3056 Dominus
674 3004 946 3073 prmcepit,
975 3020 1187 3059 cursum
1218 3007 1492 3075 perlicere.
1523 3008 1659 3075 Quid
1686 3010 1843 3077 igitur
1868 3018 1971 3078 est,

392 3089 612 3145 Posuit?
654 3093 709 3145 ld
744 3103 841 3158 est,
874 3094 1151 3163 imperavit
1178 3106 1233 3149 ut
1260 3097 1386 3165 ipsa:
1409 3104 1590 3151 essent
1615 3098 1665 3149 in
1694 3100 1845 3151 ca-lo.
1878 3099 1972 3152 Et-

390 3184 533 3237 enim
581 3185 680 3238 hoc
722 3201 786 3237 ex
825 3185 1052 3240 decursu
1088 3187 1380 3256 Scriptura:
1409 3189 1585 3243 licebit
1613 3190 1819 3252 videre,
1852 3192 1973 3260 quia

390 3275 513 3327 alibi
543 3275 670 3329 dicit
700 3292 712 3326 :
748 3272 924 3329 Posuit
948 3276 1081 3331 Deus
1108 3279 1270 3331 Adam
1291 3280 1341 3333 in
1364 3282 1600 3349 paradiso
1627 3280 1775 3348 (Gen.
1811 3283 1865 3336 2.
1891 3283 1972 3353 8),

392 3379 497 3418 non
524 3365 665 3433 quod
697 3364 928 3421 intiserit
946 3383 1066 3421 eum
1097 3370 1363 3438 paradiso,
1386 3370 1480 3425 sed
1501 3371 1640 3440 quod
1664 3374 1975 3443 pr:eceperit

390 3463 449 3507 ut
472 3465 613 3509 esset
643 3456 694 3509 in
728 3458 989 3527 paradiso.
1023 3458 1283 3516 Similiter
1301 3471 1353 3516 et
1378 3463 1445 3517 de
1468 3464 1637 3519 stellis
1660 3466 1972 3535 dixerimus,

395 3544 685 3613 imperasse
713 3562 905 3617 nempe
930 3550 1009 3604 eis
1041 3559 1096 3603 ut
1121 3562 1301 3606 essent
1327 3553 1379 3606 in
1407 3552 1740 3609 firmamento
1763 3557 1900 3622 ea-li,
1923 3566 1977 3612 et

392 3648 547 3688 suum
580 3636 755 3690 lumen
786 3652 945 3708 super
980 3650 1173 3695 terram
1204 3645 1528 3698 emitterent.
1559 3645 1938 3703 Animadverte
1957 3689 1973 3713 ,

389 3725 633 3789 obsecro.
658 3727 869 3795 dilecte,
902 3731 1215 3799 quibusnam
1244 3736 1407 3802 pratis
1422 3745 1475 3789 et
1497 3734 1665 3789 hortis
1689 3737 1976 3805 jucundius

396 3834 503 3872 non
544 3820 699 3874 fuerit
727 3832 970 3891 spectare
1000 3825 1051 3878 in
1083 3825 1255 3879 media
1284 3838 1437 3882 nocte
1465 3829 1651 3882 cadum
1683 3831 1853 3884 stellis
1890 3830 1974 3885 3.?-

390 3910 732 3975 stinctum,ct
756 3914 1029 3969 stellarum
1058 3916 1314 3971 varietate
1337 3919 1487 3986 quasi
1517 3919 1734 3974 floribus
1760 3921 1977 3992 quibus-

392 4001 515 4059 dam
534 4019 881 4073 conspersum
904 4014 958 4061 et
977 4016 1245 4073 ornatum,
1278 4010 1501 4062 multum
1529 4009 1659 4067 lucis
1684 4026 1845 4081 super
1871 4024 1975 4069 ter-

392 4111 504 4149 ram
550 4096 862 4152 cmindere?
905 4099 1035 4152 Nam
1077 4108 1132 4154 et
1176 4100 1229 4153 in
1276 4099 1377 4154 hoc
1421 4102 1679 4157 ordinata:
1722 4114 1879 4171 sunt,
1922 4115 1978 4160 ut

393 4189 603 4241 luceant
629 4202 789 4258 super
816 4197 1008 4242 terram
1032 4231 1045 4251 ,
1074 4200 1128 4244 ct
1157 4191 1372 4258 praesint
1398 4191 1503 4247 diei
1536 4207 1599 4247 ac
1625 4195 1799 4260 nocti,
1831 4198 1971 4266 quod

391 4277 713 4346 generaliter
731 4287 784 4331 et
809 4277 877 4331 de
898 4279 1103 4348 magnis
1126 4280 1473 4337 luminaribus
1493 4283 1691 4339 dictum
1712 4295 1814 4340 est.
1842 4287 1974 4342 Nam

394 4377 672 4438 postquam
699 4369 880 4423 docuit
919 4385 1016 4424 nos
1041 4412 1055 4437 ,
1096 4372 1362 4441 quomodo
1395 4376 1616 4430 formata
1644 4377 1842 4433 fuerint
1871 4380 1976 4433 duo

396 4463 675 4516 luminaria
706 4478 918 4533 magna,
956 4474 1011 4520 et
1047 4466 1216 4520 stella}
1244 4483 1257 4519 :
1286 4466 1353 4522 de
1394 4470 1645 4525 omnibus
1687 4471 1737 4525 in
1777 4488 1976 4542 genere

370 4552 371 4555 ’
393 4552 540 4615 dicit,
574 4551 636 4605 Et
662 4554 866 4621 prwsiut
887 4555 985 4608 diei
1009 4571 1070 4608 ac
1094 4557 1247 4620 nocti,
1266 4568 1314 4609 et
1335 4570 1567 4627 separent
1593 4562 1721 4614 inter
1748 4564 1908 4617 lucem
1929 4575 1974 4618 et

395 4644 642 4698 tenebras.
686 4644 972 4701 Enimvero
1009 4647 1145 4701 sicut
1174 4649 1401 4703 interdiu
1433 4651 1600 4705 stellae
1626 4652 1677 4707 in
1706 4655 1839 4708 cado
1869 4671 1973 4709 non

392 4736 638 4791 videntur
680 4737 980 4792 discurrere
1016 4738 1261 4803 (illarum
1289 4742 1428 4795 enim
1458 4758 1609 4796 usum
1641 4744 1816 4800 lumen
1847 4746 1976 4801 solis

392 4831 554 4884 multa
583 4830 827 4885 claritate
853 4830 1096 4901 obtegit),
1131 4832 1201 4885 ita
1228 4849 1400 4903 neque
1430 4846 1586 4891 noctu
1616 4838 1696 4891 sol
1724 4850 1972 4909 apparet,

389 4924 687 4979 suilicientc
713 4924 836 4978 luna
862 4939 959 4978 suo
990 4926 1190 4980 lumine
1229 4925 1294 4979 ad
1334 4926 1673 4985 illustrandas
1698 4934 1866 4986 noctis
1895 4942 1972 4987 tc-

394 5016 586 5069 nebras
617 5033 630 5070 :
655 5033 840 5072 verum
870 5018 1133 5074 elementa
1154 5035 1377 5090 quaeque
1403 5022 1539 5076 intra
1565 5037 1691 5079 suos
1717 5026 1975 5081 terminos

396 5116 632 5172 tuanent,
660 5116 715 5162 et
742 5123 1027 5179 numquam
1054 5126 1207 5166 suam
1239 5128 1541 5168 mensuram
1574 5118 1974 5187 transgrediun-

392 5209 479 5252 tur
501 5216 516 5254 :
540 5201 633 5254 sed
660 5200 1059 5271 dispositionem
1082 5215 1135 5260 et
1155 5204 1394 5261 ordinem
1421 5209 1625 5262 Domini
1649 5210 1971 5275 custodiunt,

392 5307 657 5361 sumnque
681 5308 814 5363 opus
843 5294 1061 5351 faciunt.
1104 5296 1234 5365 Quis
1273 5308 1450 5354 autem
1487 5302 1589 5355 alia
1615 5306 1790 5356 omnia
1818 5319 1975 5358 enar-

392 5386 608 5450 raverit,
653 5402 771 5456 qua:
813 5388 1000 5444 horum
1046 5391 1381 5448 luminarium
1428 5403 1484 5449 et
1528 5397 1802 5451 stellarum
1847 5413 1974 5451 usus

393 5480 628 5535 luitnano
657 5484 837 5553 generi
868 5485 1114 5541 confert?
1158 5487 1273 5541 Sint
1307 5490 1469 5555 enim,
1504 5490 1691 5560 inquit,
1718 5491 1771 5543 in
1805 5493 1970 5562 signa,

382 5584 430 5627 et
465 5576 518 5628 in
550 5585 794 5644 tempora,
823 5587 868 5629 et
893 5577 1091 5642 indies,
1119 5589 1167 5629 et
1196 5578 1246 5630 in
1274 5594 1454 5632 annos.
1494 5580 1629 5645 Quid
1658 5582 1774 5634 est?
1805 5581 1867 5634 In
1899 5585 1970 5636 si-

396 5682 496 5735 gna
529 5677 573 5721 et
600 5669 650 5720 in
680 5678 923 5737 tempora,
953 5679 1000 5723 et
1034 5670 1234 5733 indies,
1264 5679 1307 5722 et
1335 5671 1386 5721 in
1414 5672 1614 5725 annos?
1643 5672 1840 5727 Docere
1871 5692 1964 5731 nos

2068 377 2176 431 vult
2204 378 2379 433 divina
2406 380 2675 449 Scriptura
2696 422 2712 446 ,
2742 380 2931 435 horum
2956 394 3168 436 cursum
3198 382 3472 439 scientiam
3497 386 3652 441 nobis

2067 480 2361 540 temporum
2391 470 2655 539 conferre,
2686 472 3076 528 vicissitudines
3100 477 3533 541 conversionnm,
3562 495 3651 532 nu-

2067 578 2271 616 merum
2302 563 2528 625 dierum,
2552 564 2675 619 anni
2697 566 3016 621 curriculum
3047 576 3137 622 :et
3162 582 3227 621 ex
3260 567 3341 624 bis
3371 585 3654 638 possumus

2065 652 2378 722 dignoscere
2405 656 2600 708 omnia.
2648 655 2854 710 Etenim
2885 655 3208 726 gubernator
3225 658 3291 712 ad
3316 660 3505 714 horum
3532 676 3655 713 cur-

2068 758 2184 797 sum
2227 755 2493 813 spectans,
2543 755 2597 799 et
2637 745 2689 799 in
2733 746 2921 800 cadum
2969 748 3224 813 intentus,
3267 749 3656 820 diligenterque

2067 833 2278 888 discens
2321 836 2519 900 omnia,
2549 837 2795 905 navigare
2835 838 3038 907 incipit,
3073 841 3237 893 maria
3267 843 3476 909 transit,
3507 854 3561 897 et
3602 844 3654 896 in

2068 924 2384 980 densissima
2421 938 2597 993 nocte,
2628 929 2754 983 visis
2778 930 2951 984 stellis
2970 931 2985 961 ¹
3019 932 3195 986 navim
3224 933 3454 1004 dirigere
3479 945 3533 990 et
3557 951 3656 989 sua

2069 1026 2183 1071 arte
2225 1020 2451 1072 salutem
2484 1019 2853 1089 navigantibus
2880 1022 3008 1077 dare
3035 1023 3193 1078 solet.
3224 1024 3314 1080 Sic
3339 1035 3394 1080 et
3416 1026 3649 1096 agricola

2071 1121 2134 1161 ex
2165 1106 2268 1161 illis
2296 1108 2454 1162 discit
2482 1111 2696 1179 quando
2721 1120 2962 1180 oporteat
2990 1115 3195 1168 semina
3225 1125 3380 1169 terra:
3406 1118 3661 1171 commit-

2073 1209 2202 1264 tere,
2235 1200 2448 1271 quando
2478 1211 2673 1255 terram
2698 1203 2988 1271 pastinare,
3015 1213 3070 1259 et
3096 1220 3274 1269 arare,
3305 1207 3521 1276 quando
3553 1206 3658 1261 fal-

2072 1308 2186 1347 cem
2214 1308 2408 1347 acuere
2434 1303 2489 1347 ut
2519 1293 2694 1363 fruges
2721 1294 2977 1351 demetat.
3012 1296 3126 1372 Non
3158 1313 3322 1367 pauca
3349 1299 3470 1354 vita:
3500 1299 3660 1370 hujus

2072 1386 2348 1440 commoda
2397 1395 2691 1455 temporum
2734 1386 2983 1453 scientia,
3027 1388 3231 1442 dierum
3274 1404 3560 1455 numerus,
3606 1400 3663 1443 et

2073 1478 2197 1530 anni
2228 1478 2457 1532 cireulus
2494 1468 2722 1532 alterunt
2754 1496 2767 1531 :
2803 1479 3071 1549 multaque
3116 1480 3167 1534 in
3219 1480 3283 1535 iis
3328 1481 3659 1552 deprehendi

2077 1580 2291 1638 possent
2332 1571 2395 1624 ad
2439 1570 2718 1626 fovendam
2760 1571 3044 1627 humanam
3072 1574 3233 1627 vitam
3275 1574 3447 1641 utilia,
3488 1590 3662 1643 neque

2073 1670 2156 1716 est
2202 1661 2291 1730 qui
2333 1671 2526 1723 exacte,
2566 1676 2848 1718 recensere
2887 1663 3090 1733 singula
3139 1664 3349 1734 possit:
3378 1680 3443 1720 ex
3477 1665 3663 1734 paucis

2078 1760 2253 1806 tamen
2282 1763 2510 1823 quantus
2549 1768 2735 1808 eorum
2772 1754 2842 1808 sit
2876 1770 3006 1810 usus
3039 1754 3444 1825 conjectandum
3475 1765 3579 1820 est,
3606 1766 3665 1810 et

2076 1861 2197 1899 cum
2225 1845 2466 1900 admirati
2493 1846 2749 1901 fuerimus
2774 1856 3067 1914 creaturas,
3103 1862 3289 1904 earum
3316 1847 3503 1917 Opifex
3526 1863 3662 1917 quo-

2076 1952 2177 2005 que
2206 1936 2507 1991 adorandus
2549 1948 2602 1992 et
2645 1938 2997 1994 celebrandas
3021 1949 3102 1994 est
3128 1957 3142 1995 :
3173 1940 3507 2009 suspicienda
3537 1941 3662 1995 item

2079 2028 2361 2083 ineffabilis
2389 2030 2527 2084 illius
2554 2030 2872 2101 benignitas,
2901 2048 3059 2103 quam
3090 2047 3217 2103 erga
3248 2032 3533 2087 humanum
3565 2049 3660 2103 ge-

2079 2135 2178 2174 nus
2222 2119 2467 2175 exhibuit
2498 2139 2511 2176 :
2539 2123 2733 2191 quippe
2771 2133 2990 2193 propter
3034 2123 3106 2178 nil
3145 2124 3286 2178 aliud
3328 2123 3443 2178 hcce
3484 2128 3662 2177 (munia

2079 2214 2344 2281 produxit,
2370 2229 2530 2283 quam
2568 2225 2785 2284 propter
2833 2217 3102 2272 hominem
3147 2233 3304 2287 quem
3349 2232 3453 2272 nou
3495 2218 3664 2272 multo

2080 2314 2198 2374 post
2225 2307 2371 2374 quasi
2400 2321 2576 2376 regem
2605 2315 2657 2361 et
2688 2309 2979 2377 principem
3010 2309 3256 2365 omnibus
3284 2325 3312 2365 a
3348 2326 3406 2366 se
3433 2312 3667 2366 comlitis

2080 2397 2425 2467 prmfecturus
2451 2410 2589 2453 erat.
2615 2399 2679 2452 Et
2703 2401 2843 2467 vidit,
2871 2402 2967 2467 ait,
2995 2401 3127 2456 Deus
3145 2404 3280 2472 quod
3300 2412 3425 2457 esset
3453 2406 3661 2458 bonum.

2081 2488 2239 2541 Vides
2268 2490 2489 2559 singulis
2515 2490 2700 2544 diebus
2730 2491 3011 2547 ostendere
3036 2493 3267 2546 divinam
3297 2494 3625 2564 Scripturam
3646 2536 3662 2559 ,

2079 2579 2190 2635 Deo
2227 2582 2439 2650 placere
2480 2591 2774 2647 creaturas,
2816 2592 2871 2637 ut
2909 2600 3122 2639 omnem
3156 2596 3394 2655 amputet
3421 2588 3667 2641 occasio-

2080 2689 2200 2728 nem
2233 2690 2415 2730 corum
2437 2719 2452 2743 ,
2481 2678 2568 2746 qui
2598 2676 2992 2745 reprehendere
3020 2678 3217 2733 audent
3240 2694 3300 2734 ea
3335 2695 3453 2749 qua:
3480 2681 3549 2734 ab
3575 2680 3668 2733 illo

2079 2778 2201 2821 sunt
2234 2769 2410 2822 facta?
2452 2768 2603 2834 Quod
2641 2771 2782 2824 enim
2823 2770 2979 2840 hujus
3019 2772 3093 2825 rei
3134 2772 3305 2842 gratia
3344 2788 3675 2841 unoquoque

2078 2861 2165 2916 die
2205 2862 2475 2931 Scriptura
2515 2862 2691 2916 divina
2735 2862 2836 2918 hoc
2884 2864 3164 2934 significet,
3193 2880 3256 2919 ex
3285 2866 3662 2935 consequentia

2080 2952 2418 3007 manifestum
2448 2964 2549 3008 est.
2583 2953 2893 3009 Sufliciebat
2917 2957 3057 3010 enim
3087 2956 3155 3011 de
3181 2956 3429 3011 omnibus
3454 2967 3664 3011 creatu-

2078 3042 2151 3096 ris
2178 3043 2344 3097 semel
2371 3043 2550 3099 dicere
2568 3085 2583 3110 ,
2614 3046 2791 3098 omnia
2817 3062 3165 3116 quzccumqne
3189 3046 3311 3102 fecit
3333 3089 3346 3110 ,
3376 3063 3497 3103 esse
3526 3047 3661 3101 bona

2079 3136 2233 3191 valde
2262 3153 2276 3187 :
2310 3136 2403 3191 sed
2435 3138 2611 3193 sciens
2639 3149 2832 3209 quanta
2860 3140 2929 3194 sit
2953 3141 3209 3194 mentium
3235 3151 3535 3196 nostrarum
3578 3144 3661 3197 in-

2079 3227 2321 3293 ﬁrmitas,
2346 3228 2650 3300 singillatim
2679 3230 2783 3285 hoc
2808 3230 2949 3296 facit,
2972 3241 3028 3285 ut
3047 3232 3223 3287 discas
3248 3234 3508 3302 sapientia
3537 3250 3665 3302 qua-

2078 3321 2200 3375 dam
2254 3322 2480 3389 solerti,
2529 3332 2585 3377 et
2639 3323 2962 3393 benignitate
3015 3324 3349 3380 inenarrabili
3404 3326 3660 3395 products

2080 3411 2241 3467 fuisse
2264 3414 2460 3467 omnia.
2495 3413 2580 3467 l9.
2614 3414 2676 3467 Et
2704 3415 2894 3484 factum
2919 3423 3010 3482 est,
3040 3415 3226 3485 inquit,
3252 3431 3473 3486 vespere,
3502 3427 3547 3470 et
3578 3421 3662 3487 fa—

2078 3514 2211 3558 ctum
2242 3515 2315 3559 est
2339 3522 2518 3574 mane,
2555 3506 2661 3559 dies
2689 3516 2920 3578 quartus.
2956 3506 3240 3577 Postquam
3267 3508 3408 3562 enim
3437 3508 3667 3562 absolvit

2079 3606 2325 3651 ornatum
2357 3597 2495 3663 cadi,
2528 3608 2579 3653 et
2605 3598 2773 3652 stellis
2803 3598 2929 3652 illud
2959 3598 3249 3664 decoravit,
3270 3599 3485 3671 duoque
3512 3600 3667 3654 lumi-

2080 3688 2226 3741 naria
2259 3704 2446 3757 magna
2472 3689 2739 3758 produxit,
2775 3688 2934 3743 linem
2965 3688 3070 3743 dici
3102 3688 3385 3759 imposuit;
3413 3700 3464 3743 ct
3489 3689 3663 3745 dixit:

2082 3778 2151 3833 Et
2177 3783 2363 3849 factum
2387 3792 2458 3834 est
2487 3798 2707 3851 vespere,
2737 3791 2783 3835 et
2810 3784 3000 3852 factum
3017 3792 3090 3836 est
3110 3799 3275 3849 mane,
3300 3783 3408 3837 dies
3433 3794 3661 3853 quartus.

2083 3871 2214 3926 Vide
2240 3887 2346 3942 quo
2373 3882 2525 3941 pacto
2550 3882 2604 3926 et
2627 3874 2726 3928 hoc
2755 3889 2851 3943 per
2868 3875 3101 3944 singulos
3122 3874 3237 3928 dies
3255 3884 3662 3939 commemorat,

2080 3964 2255 4019 divina
2286 3965 2532 4034 dogmata
2574 3964 2836 4036 frequenti
2875 3966 3238 4021 admonitione
3275 3974 3470 4021 nostra:
3499 3969 3663 4021 menti

2081 4057 2299 4127 inligere
2328 4058 2533 4111 volens.

2153 4151 2202 4205 6.
2249 4150 2463 4205 Mora/is
2478 4152 2781 4205 exhortatio.
2814 4181 2887 4191 —
2928 4150 3053 4205 Have
3095 4150 3253 4221 igitur
3294 4151 3471 4205 omnia
3514 4152 3663 4219 quasi

2083 4244 2344 4312 insculpta
2376 4244 2666 4297 retinentes
2704 4242 2755 4296 in
2788 4242 3068 4297 latitudine
3097 4242 3307 4309 cordis,
3362 4258 3468 4312 quo
3493 4242 3661 4311 negli-

2080 4337 2311 4407 gentiam
2342 4351 2554 4389 omnem
2581 4336 2931 4396 excutiamus,
2951 4350 3079 4389 sana
3107 4343 3356 4389 accurate
3387 4343 3663 4388 teneamus

2079 4429 2346 4499 dogmata,
2381 4438 2540 4497 atque
2561 4442 2653 4482 eos
2674 4428 2762 4496 qui
2788 4426 2971 4496 gentili
2991 4441 3175 4481 errore
3204 4435 3660 4494 praeoccupantur,

2080 4521 2225 4573 θιηηί
2259 4518 2666 4573 niausuetudine
2692 4516 2999 4582 doceamus,
3054 4531 3120 4569 ne
3163 4516 3406 4569 ordinem
3435 4516 3663 4569 confun-

2080 4611 2229 4671 dant,
2256 4626 2428 4679 neque
2457 4610 2641 4663 relicto
2667 4608 2923 4662 Creatore
2954 4618 3231 4662 creaturas
3255 4605 3482 4661 adorent
3501 4646 3516 4669 ,
3544 4621 3664 4674 qua:

2080 4701 2149 4754 ob
2175 4709 2411 4754 nostram
2440 4700 2665 4753 salutem
2708 4706 2764 4753 et
2809 4698 3088 4752 utilitatem
3140 4699 3292 4752 facta:
3338 4704 3482 4751 sunt.
3530 4695 3661 4749 Nam

2080 4792 2179 4847 etsi
2209 4792 2403 4845 millies
2424 4789 2795 4860 dirumpantur
2838 4788 3088 4857 gentiles,
3138 4798 3315 4842 tamen
3352 4788 3491 4841 clara
3535 4802 3665 4840 voce

2079 4885 2275 4949 clamo,
2330 4892 2549 4951 propter
2604 4881 2892 4934 lmmanum
2924 4894 3093 4947 genus
3150 4878 3263 4932 lure
3304 4878 3480 4930 omnia
3526 4877 3661 4931 facta

2078 4990 2233 5039 esse;
2269 4974 2367 5028 sibi
2394 4975 2534 5027 enim
2562 4971 2835 5026 sufﬁciens
2875 4970 3054 5039 opifex
3093 4971 3240 5024 nullo
3265 4970 3485 5023 istorum
3531 4984 3666 5037 opus

2078 5064 2309 5120 habebat
2338 5082 2351 5118 :
2380 5065 2475 5119 sed
2501 5074 2560 5118 ut
2581 5080 2703 5133 erga
2733 5081 2828 5117 nos
2854 5078 3003 5116 suam
3054 5061 3433 5131 benignitatem
3474 5071 3662 5113 osten-

2077 5158 2248 5222 deret,
2281 5157 2395 5210 hmc
2415 5157 2593 5211 omnia
2624 5155 2891 5224 produxit,
2912 5154 3287 5208 demonstrans
3339 5162 3539 5221 quanto
3569 5152 3665 5203 ho-

2078 5266 2208 5305 nore
2232 5256 2584 5319 prosequatur
2613 5246 2901 5300 lunnanum
2933 5260 3121 5315 genus,
3151 5255 3207 5299 ut
3233 5244 3315 5299 his
3354 5243 3661 5297 mauuducti

2078 5338 2313 5398 debilam
2346 5340 2443 5411 ipsi
2470 5339 2837 5394 adorationem
2868 5337 3179 5394 referamus.
3238 5336 3462 5402 Quanta:
3519 5337 3660 5389 enim

2076 5434 2313 5490 stultitia:
2340 5442 2422 5488 est
2446 5441 2569 5487 ante
2593 5430 2841 5500 pulchras
2865 5441 3138 5486 creaturas
3165 5430 3513 5499 procumbere
3533 5438 3582 5481 et
3611 5432 3661 5482 in

2079 5528 2182 5583 illis
2207 5527 2521 5590 consistere,
2554 5538 2651 5578 uec
2680 5523 2923 5579 attollere
2953 5525 3145 5577 mentis
3172 5522 3353 5577 oculos
3401 5521 3466 5575 ad
3514 5520 3663 5576 illum

2145 5686 2159 5715 ¹
2195 5683 2403 5741 Coislin.,
2419 5683 2566 5744 juxta
2590 5681 2832 5732 stellarum
2857 5678 3146 5743 positionem.
