4018 6136
450 333 520 384 CI".
1192 329 1247 382 S.
1275 326 1551 384 JOANNIS
1578 324 2045 383 CliRYSOSTOlll
2084 329 2121 381 Δ
2134 327 2400 386 RlllllEP.
2430 331 2956 394 CONSTANTIXOP.
3273 387 3277 393 ,
3663 342 3741 399 δι

455 440 748 509 loquentes,
776 440 847 493 ob
868 454 1139 494 servorum
1174 439 1433 493 desidiam
1473 439 1634 494 etiam
1684 453 2025 493 communem

455 532 732 584 Dominum
758 532 1125 599 blaspltcmare
1154 530 1374 594 audent,
1425 540 1479 585 et
1507 538 1694 599 putant
1740 531 2030 584 velamenta

450 636 690 677 errorum
713 638 929 677 suorum
957 639 1076 678 esse
1098 624 1324 677 aliorum
1351 623 1618 677 inertiam.

526 714 583 770 2.
615 715 766 782 Quod
789 725 964 770 autem
999 717 1101 770 huc
1122 716 1352 771 maxime
1381 716 1733 784 periculosum
1760 714 1829 769 sit
1855 714 1919 769 iis
1941 714 2030 783 qui
2067 717 2084 728 '

453 805 797 875 blaSphemize
816 807 1152 861 occasionem
1181 806 1437 876 prtebent,
1467 806 1742 859 audiamus
1798 805 2032 875 prOphc-

450 909 553 952 tam
596 898 936 962 clamantem,
996 907 1049 952 et
1090 913 1159 952 ex
1213 912 1435 966 persona
1470 896 1559 951 Dei
1590 895 1900 951 dicentem:
1947 894 2033 949 Va:

455 991 607 1055 labis,
628 991 748 1059 quia
778 999 980 1059 propter
1006 1004 1091 1042 vos
1121 1004 1300 1041 nomen
1345 1003 1509 1041 meum
1554 986 1928 1056 blasphematur
1978 987 2029 1038 in

450 1082 678 1150 gentibus
704 1079 839 1150 (lsai
859 1120 871 1133 .
896 1080 986 1134 52.
1014 1081 1047 1134 5
1075 1078 1116 1148 ).
1145 1078 1404 1133 Terribile
1433 1078 1535 1133 hoc
1562 1080 1779 1133 verbum
1807 1089 1886 1131 est
1912 1119 1927 1142 ,
1978 1086 2032 1130 et

454 1171 679 1225 horrore
712 1170 947 1239 plenmn.
987 1168 1074 1222 Vae
1103 1170 1242 1223 enim
1267 1168 1395 1223 illud
1419 1178 1503 1221 est
1531 1169 1677 1237 quasi
1703 1168 2031 1236 deplorantis

454 1278 571 1325 eos,
596 1263 683 1332 qui
711 1262 1027 1331 supplicium
1078 1260 1207 1315 illud
1254 1258 1561 1313 inevitabile
1599 1258 1826 1312 subituri
1884 1268 2027 1311 sunt.

453 1356 620 1409 Porro
644 1356 781 1409 sicut
802 1369 895 1409 eos
922 1355 1010 1423 qui
1057 1368 1151 1422 per
1191 1368 1342 1407 suam
1391 1352 1768 1422 negligentiam
1814 1366 2027 1406 causam

451 1446 556 1500 illis
588 1447 825 1514 prtebent
854 1443 1254 1514 blasphemandi
1302 1443 1491 1513 ingens
1534 1457 1690 1511 ptena
1742 1449 1922 1495 manet
1967 1455 2031 1493 ac

452 1536 827 1591 condemnatio
854 1552 868 1589 :
901 1536 970 1589 ita
1000 1550 1029 1590 e
1050 1535 1265 1589 diverso
1300 1537 1553 1587 virtutum
1593 1530 1844 1586 studiosis
1884 1531 2030 1584 mille

460 1644 778 1684 coronarum
795 1628 1013 1682 materia
1035 1637 1270 1698 paratur.
1298 1624 1439 1681 istud
1462 1624 1632 1693 ipsum
1654 1623 1853 1678 docens
1870 1621 2029 1677 Chri-

450 1730 585 1783 stus,
616 1718 864 1774 diccbat:
899 1718 1083 1772 Luceat
1105 1719 1195 1771 luat
1213 1725 1375 1772 vestra
1413 1732 1585 1769 coram
1637 1714 1939 1776 hominibus,
1973 1723 2027 1765 ut

448 1810 649 1863 videant
677 1825 832 1877 opera
860 1818 1021 1861 ucstra
1046 1808 1193 1871 bona,
1218 1815 1263 1860 et
1291 1806 1576 1876 gloriﬁcent
1602 1805 1803 1858 Patrem
1816 1816 2030 1859 vestrum

446 1901 532 1969 qui
582 1901 634 1953 in
665 1900 800 1953 aulis
825 1909 895 1954 est
926 1897 1139 1969 (Matth.
1166 1897 1222 1953 5.
1257 1897 1324 1954 16
1352 1898 1392 1968 ).
1420 1897 1552 1951 Nam
1583 1896 2026 1965 quemadmodum

450 1990 525 2045 illi
546 1991 841 2059 aliquorum
874 1989 1061 2043 inertia
1091 1988 1301 2054 olfensi,
1334 1988 1565 2057 linguam
1596 1996 1793 2041 acuunt
1840 1998 2027 2041 contra

449 2081 727 2135 Dominum
754 2088 992 2135 nostrum
1020 2096 1033 2132 :
1065 2079 1164 2145 sic,
1196 2080 1383 2149 inquit,
1411 2080 1456 2134 si
1484 2080 1733 2132 virtutem
1775 2094 2029 2136 exercue-

445 2172 582 2237 ritis,
612 2172 701 2242 qui
736 2171 965 2225 viderint
992 2185 1085 2224 vos
1109 2171 1371 2235 homines,
1404 2186 1510 2226 non
1545 2186 1634 2227 vos
1661 2178 1865 2226 tantum
1912 2172 2027 2225 lau-

450 2262 673 2327 dabunt,
703 2261 795 2315 sed
825 2275 943 2314 eum
986 2264 1365 2333 conspexerint
1385 2279 1549 2332 opera
1573 2271 1746 2317 vestra
1779 2263 2024 2326 lucentia,

447 2362 501 2406 ct
532 2353 696 2409 facies
724 2362 926 2409 vcstras
956 2353 1273 2409 illustrantia
1293 2394 1308 2419 ,
1360 2355 1427 2409 ad
1475 2354 1648 2425 gloria
1691 2354 2027 2409 afﬁciendum

450 2442 663 2500 Patrem
688 2456 922 2499 vestrum
956 2445 1042 2515 qui
1068 2445 1122 2497 in
1144 2445 1290 2499 caulis
1307 2456 1409 2507 est,
1439 2454 1783 2513 prorumpent
1807 2461 1822 2510 ;
1872 2459 2025 2500 cum-

447 2552 550 2604 que
583 2536 682 2590 hoc
708 2536 775 2590 ab
806 2536 908 2590 illis
939 2535 1047 2599 lict,
1072 2550 1284 2589 rursum
1308 2545 1489 2588 nostra
1513 2535 1729 2603 praemia
1754 2535 2020 2605 augebun-

450 2640 554 2691 Iur,
578 2637 631 2682 et
659 2629 821 2681 multa
854 2627 1008 2682 nobis
1030 2627 1166 2680 bona
1188 2625 1447 2681 concedet
1478 2626 1617 2681 Deus
1640 2667 1656 2693 ,
1698 2639 1765 2682 eo
1790 2626 1931 2696 quod
1960 2627 2028 2680 ab

450 2718 557 2771 illis
585 2717 847 2772 laudetur.
900 2717 1001 2771 Eos
1028 2718 1170 2771 enim
1210 2716 1295 2783 qui
1324 2732 1402 2769 me
1424 2716 1735 2786 gloriﬁcant,
1765 2717 1863 2783 ait,
1912 2718 2027 2787 glo-

446 2810 652 2879 ri/icabo
680 2809 697 2881 (
721 2811 771 2865 l.
803 2810 929 2881 Reg.
957 2809 1011 2863 2.
1044 2808 1112 2864 50
1140 2807 1180 2880 ).
1224 2807 1362 2862 Nihil
1394 2808 1552 2878 igitur
1607 2824 1714 2863 non
1760 2824 1980 2878 agamus
2005 2848 2023 2876 ,

444 2904 645 2971 dilecti,
680 2912 740 2958 ut
766 2903 1096 2974 glorificetur
1122 2900 1379 2957 Dominus
1407 2911 1609 2968 noster,
1633 2914 1686 2957 et
1712 2904 1839 2957 nulli
1857 2903 2025 2958 simus

444 2995 744 3050 olfendiculi
777 2995 1008 3050 occasio.
1041 2995 1093 3049 ld
1119 2995 1261 3065 quod
1289 3005 1548 3066 perpetuo
1595 3009 1691 3049 nos
1727 2995 1888 3050 docet
1914 3011 2027 3049 ma-

450 3086 618 3155 gister
644 3085 789 3138 orbis
813 3085 1002 3139 beatus
1023 3084 1239 3150 Paulus,
1264 3085 1390 3140 dum
1419 3085 1496 3139 sic
1520 3085 1595 3138 ait
1622 3103 1635 3139 :
1669 3083 1729 3139 Si
1758 3086 1897 3138 cibus
1945 3089 2024 3156 of-

448 3177 608 3247 fendit
637 3180 844 3245 fratrem
886 3191 1069 3241 meum,
1120 3191 1394 3246 numquam
1440 3176 1493 3228 in
1537 3184 1780 3229 aeternum
1824 3191 2025 3228 carnem

442 3266 702 3319 comedam
732 3266 815 3335 (Ι.
836 3263 953 3320 Cor.
980 3266 1036 3320 8.
1069 3266 1139 3322 15
1236 3266 1305 3321 Et
1333 3266 1524 3321 iterum
1567 3267 1618 3320 in
1648 3265 1751 3320 alio
1774 3264 1891 3319 loco
1939 3266 2023 3320 in.

442 3357 591 3425 quit:
625 3355 713 3409 Sic
760 3366 926 3409 autem
974 3366 1237 3425 peccantes
1264 3357 1318 3409 in
1348 3360 1557 3427 fratres,
1603 3365 1651 3409 et
1695 3357 2022 3424 percutientcs

442 3450 700 3517 inﬁrmant
720 3466 889 3502 eorum
912 3452 1285 3518 conscientiam,
1314 3451 1368 3505 in
1387 3450 1642 3507 Christum
1666 3454 1877 3520 peccatis
1898 3454 1915 3521 (
1940 3452 2019 3507 Ib.

442 3556 489 3593 υ.
520 3541 584 3594 12
610 3540 653 3611 ).
675 3541 829 3597 Mina:
856 3542 957 3597 illa:
978 3542 1323 3597 vehementes
1347 3551 1491 3610 sunt,
1511 3552 1565 3598 et
1583 3558 1827 3612 magnam
1842 3559 2021 3598 secum

443 3631 943 3688 culidemnationem
967 3633 1217 3689 afferunt.
1264 3633 1341 3689 Ne
1367 3634 1625 3703 opineris,
1690 3634 1896 3705 inquit,
1929 3636 2024 3690 da-

444 3739 625 3777 mnum
661 3724 760 3778 hoc
787 3724 853 3779 ad
882 3724 1031 3779 illum
1081 3726 1171 3795 qui
1198 3724 1483 3781 offenditur
1513 3726 1685 3781 solum
1717 3728 2018 3797 pertinere;

442 3815 629 3868 transit
654 3814 812 3869 etiam
840 3814 907 3869 ad
962 3815 1235 3881 Christum
1264 3817 1456 3886 ipsum,
1489 3818 1577 3887 qui
1609 3825 1825 3887 propter
1874 3818 2020 3872 illum

440 3904 723 3959 crucifixus
742 3915 844 3960 est.
880 3904 1043 3975 Igitur
1070 3906 1113 3962 si
1140 3907 1394 3960 Dominus
1431 3917 1553 3960 tuus
1606 3915 1824 3976 propter
1869 3908 2021 3961 illum

442 3997 679 4067 cruciﬁgi
713 4014 817 4051 non
851 3998 1154 4063 recusavit;
1183 4012 1289 4051 non
1319 4006 1372 4051 lu
1399 3998 1577 4051 omnia
1605 3996 1748 4053 feres
1772 4013 1841 4054 ne
1864 4013 2022 4068 quam

443 4088 679 4142 SC-ﬂldllll
711 4089 1053 4143 occasionem
1082 4087 1158 4141 illi
1190 4086 1471 4156 prtebeas?
1504 4087 1616 4143 lloc
1641 4088 1839 4158 ubique
1877 4089 2027 4144 inve-

441 4179 556 4232 nies
575 4179 719 4231 illum
737 4177 1011 4247 discipulis
1028 4177 1307 4232 consilium
1325 4177 1452 4231 dare
1474 4197 1487 4233 :
1508 4177 1609 4232 hoc
1623 4179 1765 4232 enim
1786 4187 1869 4235 est
1882 4180 2022 4249 quod

440 4270 601 4322 vitam
625 4279 861 4323 nostram
879 4278 1181 4323 conservat.
1211 4269 1502 4340 Propterea
1524 4278 1578 4325 et
1608 4270 1739 4327 alibi
1783 4271 2024 4327 scribens

440 4360 671 4423 dicebat,
698 4358 779 4413 Ne
807 4375 922 4430 qua:
961 4369 1123 4413 vestra
1158 4370 1274 4414 sunt
1316 4361 1630 4415 considerate
1677 4362 1890 4433 singuli,
1936 4362 2025 4417 sed

438 4468 552 4523 qua:
571 4454 788 4506 aliorum
818 4454 835 4523 (
858 4450 1053 4522 Philip.
1081 4451 1135 4506 2.
1160 4454 1190 4509 4
1222 4450 1267 4527 );
1287 4463 1341 4509 et
1370 4454 1560 4509 iterum
1587 4455 1694 4511 alio
1709 4455 1828 4511 loco
1853 4474 1867 4509 :
1901 4455 2039 4527 θυι-Α

440 4544 526 4596 nia
555 4543 678 4595 mihi
704 4544 871 4607 licent,
905 4542 993 4595 sed
1008 4559 1107 4597 non
1136 4545 1306 4598 omnia
1324 4545 1581 4614 aediﬁcant
1623 4546 1641 4617 (
1665 4546 1713 4601 l.
1764 4546 1885 4601 Car.
1933 4548 2020 4602 l0.

436 4636 508 4690 25
536 4635 577 4705 ).
605 4635 766 4690 Vides
789 4634 1135 4705 apostolicam
1153 4637 1504 4707 sapientiam?
1558 4638 1781 4693 Etiamsi
1825 4640 1983 4693 liccat
2006 4679 2020 4701 ,

438 4728 631 4799 inquit,
661 4727 787 4780 mihi
812 4726 1015 4796 aliquid
1040 4726 1237 4792 facere,
1264 4728 1503 4798 nihilque
1527 4729 1652 4784 hinc
1692 4730 1822 4783 mihi
1843 4730 2023 4784 damni

436 4818 701 4877 accedat:
735 4817 830 4873 sed
863 4818 986 4887 quia
1021 4817 1121 4871 hoc
1151 4833 1256 4872 non
1284 4818 1436 4887 juvat
1465 4818 1533 4873 ad
1578 4820 1805 4889 proximi
1860 4821 2026 4874 a'difi-

437 4911 727 4973 sationem,
759 4922 1100 4975 nequaquam
1131 4908 1232 4962 hoc
1255 4907 1434 4963 facere
1460 4908 1831 4964 sustinuerim.
1862 4910 2025 4965 Vides

436 5003 667 5056 animam
697 5014 795 5054 nos
817 5008 1106 5067 amantem,
1131 5000 1399 5071 quomodo
1418 5015 1675 5071 nusquam
1701 5001 1841 5071 quod
1868 5018 2021 5056 suum

437 5103 520 5146 est
548 5093 756 5162 qtuerit,
789 5090 883 5145 sed
926 5091 1173 5146 omnibus
1218 5093 1392 5147 modis
1444 5091 1719 5159 ostendit,
1769 5094 2020 5149 virtutem

438 5184 597 5252 longe
648 5184 931 5237 maximam
974 5182 1116 5236 illam
1148 5198 1288 5248 esse,
1323 5198 1568 5252 magnam
1601 5198 1783 5239 curam
1828 5198 2019 5255 gerere

440 5284 497 5330 ut
525 5276 800 5345 proximus
820 5275 1151 5331 :edilicetur?
1181 5275 1327 5341 llarc,
1356 5276 1604 5341 obsecro,
1637 5275 1818 5330 omnia
1847 5276 2024 5331 scien-

441 5379 519 5421 tes
547 5370 911 5434 observemus,
935 5382 1324 5439 caveamusquc
1350 5367 1418 5422 ab
1464 5368 1528 5422 iis
1551 5382 1669 5437 qua:
1697 5366 2022 5436 spiritualcm

438 5460 694 5512 virtutum
717 5467 1018 5512 nostrarum
1044 5457 1351 5511 thesaurum
1383 5455 1729 5525 pessumdare
1756 5463 1982 5525 possunt
2005 5470 2019 5507 :

437 5560 493 5606 ct
520 5550 648 5604 nihil
676 5565 927 5620 umquam
974 5546 1249 5610 faciamus,
1300 5563 1409 5617 quo
1447 5547 1700 5601 damnum
1753 5545 2025 5616 quodlibet

440 5643 683 5712 proximo
713 5642 989 5698 inferatur.
1026 5641 1137 5695 lloc
1165 5640 1307 5695 enim
1335 5648 1390 5695 et
1436 5648 1710 5709 peccatum
1740 5645 1918 5706 auget,
1970 5645 2026 5692 et

440 5735 654 5803 gravius
680 5731 832 5790 nobis
853 5733 1063 5790 adducit
1087 5732 1427 5804 supplicium.
1456 5729 1637 5802 Neque
1655 5729 1735 5785 vel
1749 5729 2023 5800 vulgarem

2141 441 2371 509 aliquem
2404 454 2828 508 contemnamus.
2884 450 3067 520 frigida
3114 453 3230 507 hrcc
3260 453 3421 507 verba
3453 453 3735 511 dicentes:

2149 530 2284 595 Quid
2318 548 2433 585 mea
2465 536 2648 602 refert,
2676 540 2720 592 si
2742 539 3040 595 otlendalur
3070 543 3158 596 ille
3188 543 3347 597 talis?
3381 543 3519 614 Quid
3542 546 3682 600 diris
3715 589 3736 611 ,

2135 636 2318 689 qnmso
2337 625 2414 679 te?
2426 628 2559 693 Quid
2580 638 2667 683 tua
2682 630 2869 686 refert?
2883 632 2969 688 Sic
2989 643 3129 687 tuam
3144 633 3342 705 fulgere
3356 637 3518 693 vitam
3535 654 3737 707 praece-

2137 714 2212 780 pit
2230 714 2491 779 Christus,
2512 727 2688 773 utnon
2708 722 2878 776 solum
2892 723 3195 778 videntibus
3213 733 3264 780 te
3279 726 3353 780 sis
3367 727 3734 794 admirationi.

2137 803 2230 856 sed
2261 816 2315 857 ut
2340 806 2594 863 Dominus
2622 819 2743 865 tuus
2785 812 3114 882 gloriﬁcetur
3135 816 3357 883 (Matth.
3394 819 3448 874 5.
3480 820 3546 875 16
3576 823 3594 892 )
3621 839 3633 875 :
3670 832 3731 877 tu

2136 909 2265 947 vero
2293 898 2510 951 omnino
2532 903 2857 957 contrarium
2887 904 3020 973 agis,
3054 915 3107 959 et
3155 921 3251 975 pro
3274 908 3441 977 gloria
3465 909 3559 964 Dei
3575 910 3730 965 blas-

2147 982 2392 1050 phemias
2414 984 2678 1043 introduci
2706 1005 2889 1052 curas,
2916 1002 2971 1048 et
3000 995 3100 1049 hoc
3124 997 3456 1052 contemnis?
3482 999 3722 1055 Hoccine

2140 1071 2300 1127 fuerit
2328 1078 2519 1131 anima:
2537 1080 2658 1148 piae,
2684 1081 2932 1152 legesque
2957 1085 3164 1141 divinas
3190 1097 3339 1142 recte
3361 1090 3618 1144 scientis?

2208 1166 2262 1220 5.
2290 1165 2553 1222 Caeterum
2592 1171 2637 1224 si
2676 1173 2796 1240 quis
2823 1176 2971 1241 prius
2998 1174 3112 1231 hmo
3158 1194 3225 1230 ex
3265 1179 3403 1232 mala
3433 1190 3731 1233 consuetu-

2139 1253 2265 1309 dine
2290 1255 2471 1312 dicere
2496 1259 2682 1314 solitus
2711 1260 2889 1327 fuerit,
2916 1276 3159 1332 suscepta
3192 1283 3331 1323 nunc
3358 1268 3730 1324 admonitione

2137 1357 2338 1409 nostra,
2363 1347 2606 1416 desistat,
2626 1367 2742 1414 oro,
2766 1353 2832 1407 ab
2849 1354 3045 1408 illicitis
3066 1357 3430 1424 hujuscemodi
3457 1364 3723 1416 sermoni-

2135 1433 2254 1498 bus,
2281 1448 2336 1490 et
2372 1438 2448 1493 sic
2474 1442 2651 1495 omnia
2693 1441 2872 1498 facere
2901 1446 3144 1507 studeat,
3173 1456 3228 1500 ut
3259 1464 3430 1518 neque
3454 1453 3523 1506 ab
3563 1453 3727 1504 oculo

2136 1527 2225 1579 illo
2269 1529 2359 1597 qni
2398 1546 2681 1601 numquam
2710 1534 2915 1602 sopitur
2949 1536 3031 1590 vel
3066 1539 3293 1602 cwcutit,
3326 1555 3498 1610 neque
3530 1557 3563 1597 a
3590 1558 3728 1595 enu-

2133 1617 2352 1673 scientia
2380 1633 2473 1673 sua
2500 1622 2899 1690 condemnetur,
2932 1642 3104 1697 neque
3131 1644 3224 1683 eos
3243 1669 3258 1693 ,
3300 1631 3388 1700 qui
3418 1646 3478 1686 se
3504 1635 3723 1699 vident,

2135 1706 2187 1761 in
2220 1707 2574 1779 blasphemias
2604 1712 2862 1770 adversus
2890 1716 3169 1773 Dominum
3212 1719 3448 1777 inducat.
3489 1722 3640 1793 Quod
3674 1730 3723 1782 si

2135 1806 2275 1852 tanta
2301 1799 2535 1855 adhibita
2573 1804 2819 1861 cautione
2855 1806 3229 1877 dispensemus
3270 1830 3332 1870 ea
3374 1832 3492 1885 qua:
3538 1832 3720 1873 nostra

2136 1901 2279 1956 sunt,
2308 1893 2473 1948 multa
2497 1893 2739 1955 fruentur
2768 1897 2975 1957 Domini
2999 1905 3295 1970 clementia,
3329 1917 3383 1960 et
3407 1908 3599 1963 diaboli
3633 1912 3721 1961 in-

2133 1982 2293 2041 sidias
2322 1984 2656 2059 ellugiemus.
2697 1989 2829 2046 Cum
2858 1993 3052 2048 viderit
3092 1995 3236 2049 enim
3276 2009 3374 2051 nos
3410 1998 3482 2051 ita
3511 1998 3723 2054 sobrios

2133 2085 2189 2130 et
2213 2078 2417 2148 vigiles,
2445 2089 2500 2135 et
2526 2082 2836 2151 cogitaverit
2864 2097 2923 2138 se
2950 2098 3166 2154 operam
3195 2084 3439 2155 perdere,
3468 2087 3723 2142 abscedet

2132 2176 2187 2221 et
2215 2169 2587 2225 occultabitur.
2620 2170 2725 2227 Sed
2757 2181 2839 2227 sat
2867 2172 3027 2228 fuerit
3050 2177 3425 2242 prommiorum
3457 2194 3471 2230 :
3502 2192 3598 2245 age
3621 2194 3716 2231 ca-

2133 2260 2275 2314 ritati
2300 2269 2489 2317 vestrae
2514 2264 2798 2333 propositis
2839 2264 2905 2318 iis
2926 2280 3047 2334 quae
3083 2265 3217 2319 lecta
3247 2274 3407 2333 sunt,
3446 2268 3723 2337 spirituale

2130 2352 2431 2408 convivium
2458 2368 2808 2424 apparemus:
2837 2366 2891 2411 et
2920 2356 3076 2412 hodie
3105 2358 3401 2425 videamus,
3433 2359 3559 2430 quid
3586 2361 3743 2415 liena

2132 2452 2217 2497 tus
2260 2442 2467 2509 Moses,
2511 2444 2620 2500 imo
2654 2444 2884 2515 Spiritus
2924 2431 3141 2502 sanctus
3188 2464 3283 2517 per
3323 2449 3438 2517 ejus
3482 2450 3720 2519 linguam

2130 2530 2324 2587 ducere
2348 2547 2445 2587 nos
2479 2533 2626 2589 velit.
2657 2536 2791 2603 Quid
2822 2536 2999 2607 itaque
3023 2538 3136 2592 ait?
3169 2538 3259 2593 20.
3296 2538 3363 2592 Et
3390 2539 3517 2593 dixit
3541 2539 3681 2592 Deus
3700 2556 3721 2595 :

2132 2621 2367 2676 Educant
2394 2639 2538 2693 aqute
2564 2626 2762 2696 reptilia
2787 2628 3070 2681 animarum
3090 2627 3387 2693 viventium,
3418 2638 3464 2682 et
3492 2631 3721 2682 volatilia

2130 2714 2349 2767 uolantia
2360 2730 2510 2782 super
2520 2724 2706 2769 terram
2720 2717 2995 2772 secundum
3006 2719 3373 2785 firmamentum
3385 2719 3514 2772 caeli.
3534 2718 3597 2772 Et
3616 2721 3719 2786 fac-

2130 2815 2235 2859 tum
2252 2815 2325 2860 est
2342 2809 2430 2861 ita.
2450 2805 2582 2862 Vide
2598 2809 2977 2879 benignitatem
3001 2810 3227 2874 Domini,
3245 2810 3512 2880 quomodo
3527 2811 3721 2866 ordine

2128 2898 2358 2966 quodam
2400 2910 2455 2955 et
2493 2902 2871 2970 consequentia
2909 2915 3070 2957 omne
3105 2902 3374 2970 opilicium
3418 2917 3573 2956 suum
3620 2918 3720 2956 nos

2127 2990 2335 3045 doceat.
2364 2991 2517 3047 Prius
2540 2993 2720 3048 docuit
2748 3006 2867 3059 nos,
2894 2991 3163 3062 quomodo
3190 2992 3258 3046 ad
3289 2991 3553 3047 fructuum
3585 3009 3714 3063 pro-

2129 3091 2319 3136 ventus
2358 3097 2456 3138 suo
2493 3083 2743 3138 mandato
2770 3092 2964 3139 terram
2989 3083 3342 3139 excitaverit:
3386 3093 3592 3153 postea,
3626 3084 3716 3138 ubi

2130 3170 2313 3226 docuit
2338 3172 2561 3228 duorum
2593 3174 2929 3228 luminarinm
2957 3173 3351 3241 formationem,
3381 3177 3628 3245 apposuit
3663 3186 3718 3230 et

2130 3263 2406 3318 stellarum
2472 3265 2798 3330 varietatem,
2863 3280 2960 3335 per
3009 3280 3142 3333 quas
3206 3265 3321 3320 caeli
3376 3266 3718 3336 pulchritudo

2129 3352 2266 3409 laeta
2310 3362 2392 3410 est
2415 3356 2647 3412 clarior:
2693 3356 2851 3412 hodie
2887 3359 3221 3412 continenter
3247 3358 3314 3412 ad
3339 3372 3503 3429 aquas
3538 3369 3716 3414 trans-

2129 3443 2202 3506 it,
2256 3453 2312 3499 et
2358 3447 2590 3501 ostendit
2632 3447 2822 3513 nobis,
2881 3462 3130 3503 sermone
3192 3457 3248 3504 et
3300 3459 3568 3519 pmcepto
3618 3466 3718 3506 suo

2128 3550 2194 3589 ex
2246 3536 2397 3605 aquis
2452 3537 2582 3607 ipsis
2635 3538 2862 3592 viventia
2915 3539 3162 3593 animalia
3230 3540 3509 3610 prodiisse.
3567 3543 3713 3597 Edu-

2128 3638 2243 3681 cant
2280 3630 2421 3684 enim
2441 3670 2459 3695 ,
2485 3632 2590 3697 ait,
2617 3647 2762 3701 aqua
2799 3633 2998 3705 reptilia
3027 3635 3310 3688 animarum
3336 3636 3605 3690 viventium
3623 3678 3638 3697 .
3668 3647 3718 3692 et

2128 3720 2353 3775 volatilia
2382 3724 2600 3777 volantia
2627 3740 2777 3793 super
2815 3733 3001 3779 terram
3029 3726 3302 3780 secundum
3343 3728 3718 3794 ﬁrmamentum

2127 3814 2257 3868 creti.
2297 3813 2426 3882 Quis
2451 3829 2647 3881 sermo,
2678 3831 2880 3886 quzeso,
2906 3817 3145 3872 miraculi
3187 3817 3496 3887 dignitatem
3538 3830 3717 3889 potest

2127 3905 2372 3974 assequi?
2412 3920 2530 3975 qua:
2571 3905 2745 3974 lingua
2783 3906 2851 3961 ad
2887 3905 3104 3976 Opilicis
3138 3909 3402 3977 praeconia
3447 3910 3717 3966 sufficiet?

2131 3993 2273 4048 Dixit
2296 4002 2498 4049 tantum
2519 4036 2535 4063 ,
2564 3994 2818 4051 Germinet
2843 4007 2975 4052 terra
2997 4013 3017 4052 :
3044 4006 3099 4053 et
3122 3999 3297 4053 statim
3326 4000 3466 4054 illam
3496 4000 3562 4055 ad
3596 4017 3717 4071 par-

2130 4094 2241 4139 tum
2266 4086 2550 4142 excitavit:
2583 4102 2722 4143 nunc
2742 4087 2870 4143 dicit
2893 4106 2908 4144 :
2936 4087 3170 4143 Educant
3194 4106 3361 4161 aqua.
3391 4090 3524 4145 Vide
3552 4108 3715 4162 quam

2128 4185 2422 4231 consonant
2469 4186 2769 4247 prmeepta:
2821 4179 2947 4244 illic,
2984 4177 3276 4246 Germinet;
3312 4181 3427 4247 hic,
3484 4181 3721 4238 Educant

2129 4282 2295 4336 aqum,
2336 4268 2535 4337 inquit,
2568 4271 2768 4340 reptilia
2793 4272 3076 4326 animarum
3103 4273 3389 4327 viventium.
3420 4273 3551 4328 Nam
3581 4276 3719 4331 sicut

2129 4356 2196 4412 de
2225 4366 2363 4412 terra
2390 4358 2523 4413 dixit
2547 4361 2742 4427 solum,
2773 4359 3025 4416 Germinet
3044 4377 3064 4415 :
3089 4371 3143 4418 et
3169 4365 3313 4418 varia
3337 4378 3460 4417 mox
3491 4378 3557 4418 ac
3579 4364 3719 4418 mul-

2130 4447 2294 4517 tiplex
2323 4447 2533 4512 ﬂorum,
2561 4450 2866 4519 herbarum,
2889 4462 2944 4509 et
2971 4452 3236 4508 seminum
3262 4455 3509 4523 apparuit
3536 4456 3714 4525 copia,

2129 4554 2339 4610 unoque
2364 4540 2527 4596 verbo
2558 4542 2810 4612 producta
2835 4552 2960 4599 sunt
2981 4545 3158 4600 omnia
3186 4561 3201 4598 :
3230 4546 3310 4600 sic
3331 4554 3388 4600 et
3415 4545 3502 4601 hic
3537 4545 3675 4601 dixit
3700 4563 3719 4602 :

2131 4628 2364 4684 Educant
2388 4646 2531 4699 aqua:
2553 4633 2755 4702 reptilia
2778 4634 3062 4688 animarum
3089 4634 3358 4689 viventium
3373 4676 3389 4701 ,
3416 4644 3464 4690 et
3490 4635 3719 4691 volatilis

2129 4722 2351 4775 volantia
2374 4739 2525 4792 super
2564 4732 2748 4777 terram
2773 4724 3047 4779 secundum
3074 4726 3446 4795 ﬁrmamentum
3476 4725 3591 4781 ccli
3618 4739 3642 4783 :
3664 4733 3723 4782 et

2129 4813 2385 4867 continuo
2428 4820 2507 4868 tot
2534 4814 2800 4884 reptilium
2838 4816 3238 4887 volatiliumque
3268 4832 3466 4889 genera
3495 4818 3730 4876 condita

2129 4914 2272 4973 sunt,
2298 4913 2427 4975 quot
2455 4921 2627 4977 neque
2654 4922 2902 4963 sermone
2927 4908 3195 4964 recenseri
3222 4920 3465 4979 possunt.
3494 4910 3563 4965 Et
3590 4926 3718 4967 ver—

2130 4999 2253 5053 bum
2282 4999 2494 5069 quidem
2525 5000 2687 5056 breve
2714 5009 2815 5063 est,
2842 5002 3167 5072 verbumque
3196 5018 3380 5069 unum,
3403 5018 3603 5073 genera
3626 5018 3717 5060 au-

2132 5098 2237 5144 tem
2259 5092 2562 5146 animalium
2586 5092 2796 5148 diversa
2827 5102 2881 5149 et
2905 5094 3070 5149 varia.
3095 5094 3199 5150 Sed
3224 5095 3368 5149 nullo
3390 5103 3614 5165 stupore
3643 5104 3725 5151 te-

2131 5181 2328 5248 nearis,
2356 5182 2585 5238 dilecte:
2616 5183 2835 5239 verbum
2866 5185 3007 5239 enim
3035 5196 3149 5241 erat
3180 5187 3308 5252 Dei,
3336 5196 3391 5242 et
3418 5201 3600 5242 sermo
3634 5188 3722 5258 ip-

2134 5273 2246 5328 sius
2273 5272 2337 5328 iis
2365 5288 2483 5344 qua:
2506 5272 2703 5330 ﬁebant
2738 5275 3138 5331 subsistentiam
3165 5276 3383 5348 largitus
3418 5286 3522 5333 est.
3556 5277 3723 5334 Vides

2131 5365 2400 5436 quomodo
2425 5367 2601 5422 omnia
2629 5382 2697 5424 ex
2736 5368 2902 5424 nihilo
2930 5379 2989 5423 ut
3030 5380 3212 5425 essent
3250 5370 3511 5441 producta
3558 5369 3772 5453 sueti,

2130 5456 2281 5513 vides
2307 5472 2465 5527 quam
2492 5457 2771 5528 diligenter
2793 5458 3022 5515 doceat?
3050 5458 3201 5515 vides
3223 5469 3418 5530 quanta
3441 5474 3501 5516 se
3523 5470 3725 5516 attem-

2133 5546 2406 5615 peratlone
2432 5546 2497 5601 ad
2522 5547 2688 5601 nostri
2715 5549 2927 5618 generis
2955 5548 3309 5604 humilitatem
3342 5550 3601 5605 Dominus
3626 5549 3725 5605 dc-

2133 5639 2342 5694 mittat?
2366 5639 2515 5696 Unde
2542 5640 2683 5696 enim
2704 5654 2805 5695 nos
2829 5642 2942 5695 haec
2974 5650 3081 5695 tam
3120 5652 3367 5697 accurate
3393 5642 3603 5712 discere
3632 5656 3725 5712 po-

2139 5730 2445 5800 tuissemus,
2464 5732 2563 5790 nisi
2586 5733 2699 5803 ipse
2722 5744 2913 5801 magna
2928 5739 2983 5787 et
3004 5730 3256 5789 ineﬁabili
3283 5731 3611 5803 benignitate
3631 5755 3732 5802 sua
