4018 6136
437 376 505 432 ογ
1142 366 1197 421 S.
1236 362 1511 420 JOANNIS
1548 354 2015 417 Cl’lllYSOSTOMl
2054 352 2371 409 ARCHIEP.
2410 352 2940 410 CONSTANTI’NOP.
3637 356 3705 413 63

509 492 591 545 Ea
612 495 832 559 ferarum
853 495 896 539 et
911 501 1027 551 serp
1037 486 1215 537 :ntium
1235 480 1525 548 corporibus
1544 494 1655 549 quin
1678 478 1866 532 utilitas
1885 476 2013 531 oria-

438 579 699 637 inn—25.
713 595 731 628 ι
747 575 813 629 Et
834 573 972 645 fecit,
999 572 1187 643 inquit,
1212 570 1353 625 Deus
1374 570 1554 624 bestias
1581 578 1726 623 terra:
1744 565 2018 622 secundum

434 687 588 739 genus
617 684 784 734 suum,
814 676 861 721 et
891 681 1070 734 pecora
1100 662 1371 717 secundum
1398 677 1554 730 genus
1582 676 1751 725 suum,
1778 667 1825 713 et
1850 658 2017 712 omnia

434 761 633 832 reptilia
655 767 801 811 terra:
825 755 1095 810 secundum
1118 770 1271 824 genus
1293 769 1459 807 suum.
1488 751 1554 806 Et
1577 751 1699 806 vidit
1723 750 1859 804 Deus
1883 749 2017 819 quod

433 859 597 903 essent
621 847 770 903 bona.
802 864 821 899 ›
849 845 949 902 Ubi
976 860 1116 899 nunc
1134 852 1257 899 sunt
1280 844 1367 913 qui
1390 843 1565 897 dicere
1585 841 1781 896 audent
1807 858 1819 894 :
1842 840 2017 909 Quare

433 939 597 1007 ferte,
642 953 807 1010 quare
856 936 1062 1006 reptilia
1104 944 1281 990 creata
1322 933 1482 988 sunt?
1520 931 1749 987 Audiant
1784 932 2015 986 divinam

432 1031 761 1100 Scripturam
786 1028 1049 1084 dicentem
1076 1045 1091 1082 :
1120 1024 1184 1079 Et
1210 1025 1332 1078 vidit
1357 1024 1491 1079 Deus
1518 1024 1655 1095 quod
1681 1030 1840 1078 essent
1863 1020 2011 1075 bona.

434 1124 559 1190 Dic,
592 1123 849 1185 obsecro,
882 1122 999 1189 ipse
1023 1118 1115 1189 qui
1141 1118 1338 1173 creavit
1362 1116 1540 1171 laudat
1564 1115 1730 1181 facta,
1757 1123 1813 1168 et
1839 1122 1893 1167 tu
1923 1127 2019 1166 au-

436 1216 531 1270 des
572 1211 1003 1285 reprehendere?
1032 1211 1252 1279 Quantis
1288 1224 1393 1264 non
1434 1209 1536 1263 hoc
1574 1207 1731 1261 fuerit
1760 1204 2017 1261 insaniae?

434 1309 565 1377 Quia
597 1315 653 1364 et
676 1308 727 1361 in
755 1305 1049 1362 seminibus
1074 1314 1129 1360 et
1153 1304 1205 1359 in
1232 1302 1425 1373 plantis
1451 1315 1554 1356 non
1583 1299 1755 1354 solum
1782 1297 2017 1352 fructuo-

433 1416 522 1455 sas
548 1401 787 1466 arbores,
814 1397 907 1453 sed
932 1407 987 1452 et
1022 1397 1331 1467 sylvestres,
1355 1402 1411 1448 et
1432 1392 1677 1456 steriles;
1711 1398 1763 1444 et
1791 1404 1894 1443 non
1925 1400 2015 1442 so-

437 1499 543 1550 lum
581 1494 792 1550 inutiles
821 1494 1046 1557 herbas,
1078 1490 1170 1546 sed
1201 1498 1255 1545 et
1294 1488 1588 1557 incognitas
1626 1484 1781 1540 nobis
1820 1481 2019 1552 profert

432 1598 576 1642 terra
601 1628 617 1653 ,
657 1600 800 1655 saepe
832 1585 994 1640 etiam
1036 1582 1225 1638 noxias
1254 1598 1267 1635 :
1300 1578 1394 1634 sed
1434 1586 1712 1649 propterea
1751 1589 1857 1629 non
1894 1580 2018 1627 sunt

430 1676 793 1746 vituperanda:
821 1681 1081 1729 creatura:
1110 1690 1124 1726 :
1150 1670 1282 1725 nihil
1304 1669 1445 1723 enim
1477 1676 1677 1723 temere
1702 1672 1795 1719 aut
1822 1663 2018 1718 frustra

429 1767 716 1820 formatum
746 1772 843 1818 est.
873 1763 1015 1819 Sane
1049 1776 1224 1832 neque
1262 1758 1472 1814 laudem
1510 1757 1648 1828 apud
1674 1755 2017 1810 Conditorem

428 1858 775 1922 invenissent,
800 1856 899 1909 nisi
924 1853 988 1909 ad
1012 1852 1292 1908 utilitatem
1312 1851 1542 1921 aliquam
1565 1848 1791 1905 conditae
1816 1853 2014 1903 essent.

429 1950 612 2019 Itaque
642 1949 777 2003 sicut
817 1949 870 2002 in
907 1946 1186 2001 arboribus
1213 1960 1321 1999 non
1351 1958 1538 1998 omnes
1571 1941 1891 2006 fructuosae,
1922 1938 2017 1994 sed

428 2049 484 2093 et
519 2037 861 2094 infructuosa:
901 2036 1080 2091 multa:
1108 2052 1121 2088 :
1154 2044 1385 2089 attamen
1416 2032 1520 2086 illa:
1549 2031 1678 2101 ipsa:
1703 2045 1809 2085 non
1840 2030 2017 2083 mino-

429 2144 545 2183 rem
572 2128 745 2195 nobis,
772 2143 929 2197 quam
957 2126 1240 2181 fructuosae
1266 2124 1563 2187 utilitatem,
1595 2134 1818 2190 eamque
1841 2118 2020 2173 admia

429 2217 654 2271 rabilem
680 2259 695 2281 ,
725 2226 780 2272 et
808 2217 971 2287 quieti
1001 2225 1197 2271 nostris
1237 2214 1558 2270 servientem
1583 2210 1863 2267 conferunt
1890 2226 1903 2263 :
1930 2216 2015 2263 ct-

427 2304 574 2361 bnim
624 2323 689 2362 ex
736 2306 864 2376 ipsis
911 2306 1174 2372 mdilicia,
1212 2313 1266 2359 et
1311 2303 1474 2359 multa
1514 2302 1615 2357 alia
1665 2300 1733 2356 ad
1781 2300 2013 2370 quietem

431 2410 670 2454 nostram
713 2398 1029 2468 pertinentia
1060 2396 1378 2452 fabricamus
1406 2412 1420 2448 :
1452 2403 1506 2449 et
1531 2394 1747 2449 omnino
1776 2392 1904 2447 nihil
1931 2400 2018 2447 est

430 2490 573 2562 quod
614 2507 719 2546 non
760 2490 966 2545 ratione
1002 2490 1175 2560 aliqua
1222 2487 1504 2542 formatum
1544 2488 1640 2551 sit,
1672 2485 1879 2541 etiamsi
1917 2484 2014 2539 hu-

429 2601 587 2640 mana
633 2594 816 2639 natura
860 2585 1035 2639 omnia
1078 2584 1165 2638 illa
1202 2591 1448 2637 accurate
1482 2581 1621 2636 scire
1655 2596 1760 2636 non
1798 2581 1967 2650 possit
2000 2596 2013 2634 :

429 2675 655 2746 proinde
690 2676 827 2731 sicut
857 2675 909 2729 in
939 2674 1220 2730 arboribus
1242 2714 1256 2739 ,
1290 2674 1360 2727 ita
1390 2682 1445 2728 et
1473 2672 1525 2726 in
1556 2670 1873 2726 animalibus
1909 2670 2013 2725 alia

430 2765 645 2836 quidem
674 2765 740 2821 ad
769 2767 944 2821 cibum
976 2775 1211 2820 nostrum
1242 2765 1524 2834 pertinent,
1556 2763 1657 2817 alia
1682 2762 1750 2817 ad
1776 2762 2015 2818 ministe-

428 2857 588 2912 rium.
617 2856 869 2912 Ferarum
901 2856 1025 2911 item
1056 2864 1110 2910 et
1142 2854 1407 2925 reptilium
1435 2868 1631 2924 genera
1659 2868 1765 2909 non
1796 2866 2013 2924 parvam

426 2949 588 3004 nobis
609 2957 862 3019 przestant
891 2949 1190 3014 utilitatem,
1217 2955 1272 3003 et
1296 2947 1341 3001 si
1370 2946 1488 3017 quis
1509 2946 1634 3001 velit
1658 2960 1810 3016 atque
1832 2946 2014 3001 animo

424 3042 755 3111 intelligere,
789 3042 1026 3096 inveniet
1050 3040 1209 3094 etiam
1238 3053 1410 3102 nunc,
1440 3052 1563 3093 eum
1593 3037 1887 3107 principatu
1915 3051 2012 3091 eo-

424 3148 546 3188 rum
572 3132 641 3186 ob
665 3132 820 3202 primi
848 3132 1084 3201 parentis
1109 3128 1521 3184 inobedientiam
1544 3127 1778 3183 destituti
1804 3140 2007 3192 sumus,

424 3238 673 3293 magnam
716 3238 783 3277 cx
826 3222 930 3277 illis
972 3220 1129 3277 nobis
1179 3220 1457 3275 utilitatem
1501 3219 1799 3289 provenire.
1846 3217 2007 3273 Multa

426 3314 571 3367 enim
613 3312 736 3367 inde
774 3312 1029 3382 colligunt
1067 3310 1288 3376 medici,
1318 3326 1437 3380 qua:
1463 3308 1531 3364 ad
1560 3318 1859 3364 nostrorum
1886 3323 2010 3363 cor-

425 3418 616 3474 porum
646 3404 962 3459 medicinam
991 3412 1047 3458 et
1082 3401 1362 3459 sanitatem
1398 3402 1715 3457 conducant.
1761 3402 2010 3471 Alioquin

425 3496 591 3552 etiam
617 3494 738 3564 quid
768 3495 1072 3549 nocumenti
1100 3507 1163 3549 ex
1193 3493 1422 3549 ferarum
1450 3493 1816 3563 productione,
1843 3507 2013 3563 quan-

425 3587 496 3642 do
523 3587 660 3642 sicut
684 3586 973 3641 domestica
1000 3586 1247 3641 animalia
1267 3627 1282 3650 ,
1312 3586 1389 3641 sic
1413 3594 1469 3640 et
1500 3585 1592 3640 illa
1625 3585 1724 3640 sub
1749 3591 2012 3654 potestate

426 3677 603 3733 futura
633 3686 786 3733 erant
816 3676 1065 3744 hominis,
1092 3690 1199 3733 non
1226 3676 1392 3730 multo
1420 3684 1539 3746 post
1563 3674 1870 3731 formandi?
1897 3674 2011 3733 Hoc

423 3770 567 3825 enim
598 3785 738 3825 nunc
761 3769 902 3825 dico.

496 3861 550 3916 6.
580 3861 648 3917 Ut
673 3870 849 3917 autem
878 3860 1054 3917 discas
1083 3860 1321 3916 omnium
1357 3860 1566 3914 Domini
1603 3862 2010 3929 supereminen-

422 3964 533 4009 tem
560 3952 965 4009 beneficentiam
986 3992 1001 4017 ,
1033 3968 1196 4021 quam
1218 3966 1341 4021 erga
1371 3960 1609 4007 nostrum
1636 3967 1801 4021 genus
1829 3952 2010 4008 decla-

421 4054 546 4110 rat,
598 4054 880 4115 postquam
930 4044 1182 4113 expandit
1228 4043 1453 4106 czelum,
1495 4044 1732 4099 extendit
1772 4052 1965 4099 terram
1991 4085 2009 4113 ,

422 4135 663 4190 condidit
688 4135 1078 4189 ﬁrmamentum
1098 4175 1116 4200 ,
1148 4143 1205 4189 ut
1230 4134 1379 4203 quasi
1409 4144 1616 4204 septum
1642 4134 1853 4205 aliquod
1878 4135 2012 4190 divi-

421 4227 629 4280 sionem
659 4224 797 4279 inter
828 4238 994 4292 aquas
1018 4233 1072 4279 et
1098 4238 1262 4293 aquas
1292 4223 1489 4279 faceret
1517 4241 1529 4276 :
1555 4224 1749 4280 deinde
1779 4226 2014 4295 utjussit

426 4330 683 4384 aquarum
716 4313 829 4370 fieri
863 4315 1329 4386 eongregationes,
1360 4331 1453 4371 cas
1493 4317 1657 4372 maria
1697 4318 2007 4387 appellavit,

422 4406 626 4460 aridam
662 4414 837 4461 autem
869 4414 1063 4462 terram
1085 4449 1099 4472 ,
1129 4423 1285 4477 quam
1318 4416 1496 4477 postea
1526 4409 1785 4464 seminum
1815 4410 2010 4467 herba-

421 4512 646 4567 rumque
672 4506 929 4566 proventu
955 4500 1180 4554 ornavit.
1206 4499 1436 4569 Indeque
1463 4501 1672 4556 transiit
1694 4501 1758 4556 ad
1783 4502 2011 4560 duorum

425 4601 738 4657 magnorum
766 4587 1103 4643 luminarium
1140 4587 1532 4654 formationem,
1562 4600 1617 4645 et
1642 4590 1708 4646 ad
1736 4592 2012 4650 stellarum

421 4684 768 4746 varietatem,
806 4683 1000 4753 quibus
1044 4683 1487 4753 pulchritudinem
1533 4686 1649 4740 cadi
1687 4687 2010 4743 ornatiorem

422 4775 691 4842 reddidit;
744 4785 927 4845 postea
973 4784 1150 4830 autem
1199 4790 1317 4830 eum
1366 4792 1431 4831 ex
1479 4777 1629 4846 aquis
1678 4778 2013 4847 produxisset

419 4867 669 4936 aquatilia
708 4866 997 4923 animantia
1036 4876 1090 4922 et
1125 4867 1390 4933 volatilia,
1416 4883 1535 4938 qua:
1570 4868 1811 4924 volarent
1847 4884 2009 4939 super

425 4967 620 5013 terram
651 4959 941 5014 secundum
968 4959 1356 5016 ﬁrmamentum
1383 4960 1519 5027 caeli,
1547 4959 1761 5031 impleto
1780 4966 2013 5033 quinque

423 5050 627 5104 dierum
661 5067 909 5117 numero,
934 5054 1185 5123 quoniam
1217 5052 1493 5122 Oportebat
1521 5062 1576 5108 et
1603 5054 1873 5109 terrestria
1899 5058 2017 5110 ani-

424 5140 581 5194 utalia
626 5141 843 5196 formari
875 5161 888 5198 :
918 5144 1195 5213 imperavit
1224 5152 1282 5197 ut
1317 5151 1373 5200 et
1410 5144 1521 5213 ipsa
1556 5143 1860 5210 ederentur,
1889 5161 2011 5202 cum

375 5268 388 5313 ιτ
423 5246 489 5285 ea
512 5244 631 5302 qua:
657 5231 723 5285 ad
753 5233 953 5296 cibum,
982 5243 1090 5288 tum
1117 5249 1178 5289 ea
1206 5248 1323 5303 qum
1345 5233 1410 5288 ad
1438 5234 1787 5289 ministerium
1812 5236 2013 5292 condu—

422 5322 600 5376 cibilia
622 5362 637 5387 ,
666 5338 764 5378 nec
793 5338 898 5377 non
934 5322 1060 5378 ferae
1102 5335 1157 5380 et
1194 5324 1398 5394 reptilia
1421 5366 1436 5389 ,
1464 5324 1692 5395 denique
1718 5327 1805 5383 ubi
1834 5330 2013 5386 omnia

422 5428 521 5467 suo
566 5422 755 5466 ornatu
794 5414 1056 5476 excoluit,
1089 5422 1143 5468 et
1180 5416 1517 5470 convenienti
1558 5417 1744 5473 ordine
1786 5420 2013 5475 visibilia

422 5503 710 5574 disposuit,
741 5512 795 5557 et
824 5518 1062 5558 mensam
1093 5503 1293 5575 largam
1334 5505 1605 5574 instruxit,
1632 5509 1792 5563 variis
1818 5520 1872 5564 et
1899 5526 2016 5565 ont-

424 5595 634 5664 uigenis
656 5594 909 5648 refertam
940 5593 1130 5650 eduliis
1153 5634 1168 5661 ,
1196 5595 1510 5666 c0piamqne
1546 5607 1600 5650 et
1637 5613 1767 5668 opes
1808 5598 2012 5655 haben-

425 5694 535 5739 tem
560 5724 574 5746 ,
604 5694 659 5738 et
682 5682 831 5754 quasi
858 5684 978 5753 quis
1001 5684 1143 5740 dicat
1172 5686 1369 5755 regiam
1397 5727 1411 5752 ,
1440 5686 1672 5756 undique
1710 5701 1937 5759 Sltperne
1960 5700 2017 5746 et

427 5764 638 5825 inferne
675 5774 838 5829 variis
872 5774 1044 5831 modis
1072 5775 1405 5848 splendidam
1428 5816 1441 5839 ,
1470 5785 1592 5832 tunc
1625 5778 1834 5833 tandem
1868 5779 2013 5836 illum

2121 468 2316 524 format
2334 470 2423 540 qui
2450 469 2533 526 bis
2558 468 2802 525 omnibus
2832 469 3086 526 fruiturus
3111 482 3272 538 esset,
3302 476 3390 531 cui
3413 475 3710 537 visibilium

2120 560 2354 615 omnium
2386 570 2700 631 potestatem
2728 562 2919 629 tradat,
2942 572 2997 618 et
3017 564 3249 620 ostendit
3269 575 3469 636 quanto
3492 568 3703 638 dignius

2119 651 2327 706 caeteris
2347 653 2591 707 omnibus
2616 653 2813 707 animal
2836 652 3049 723 formet,
3076 656 3502 725 quandoquidem
3525 661 3704 729 prteci-

2121 743 2230 811 pit,
2262 746 2439 801 omnia
2464 760 2585 816 quae
2613 746 2746 800 facta
2774 755 2926 801 erant
2953 746 3053 802 sub
3086 748 3227 803 illius
3259 763 3379 806 esse
3404 751 3626 821 imperio
3650 766 3705 808 et

2120 843 2402 904 potestate.

2193 926 2408 982 Moralis
2436 929 2750 995 exhortatio;
2776 929 3051 984 Gentilium
3078 933 3297 989 amentia
3322 935 3374 989 in
3403 938 3702 992 animalium

2119 1036 2383 1088 rerumque
2407 1021 2578 1075 vilium
2607 1022 2764 1075 cultu.
2792 1053 2863 1065 —-
2892 1023 3086 1078 Verum
3116 1040 3183 1080 ne
3222 1025 3429 1097 longius
3456 1040 3706 1085 excurrat

2120 1110 2319 1179 oratio,
2347 1111 2431 1166 his
2455 1114 2691 1169 contenti
2720 1113 2875 1169 dictis
2893 1155 2907 1178 ,
2936 1114 2991 1169 in
3017 1127 3326 1187 sequentem
3357 1119 3498 1175 diem
3540 1138 3702 1191 repo.

2119 1216 2308 1257 namus
2333 1216 2396 1257 ea
2421 1218 2540 1273 quae
2569 1205 2837 1273 pertinent
2872 1204 2940 1259 ad
2978 1206 3346 1265 formationem
3375 1210 3703 1269 admirabilis

2122 1292 2279 1363 hujus
2322 1295 2566 1350 animalis
2585 1296 2858 1352 rationalis
2876 1306 2930 1353 et
2952 1300 3190 1368 animati,
3214 1301 3445 1359 hominis
3464 1305 3700 1376 inquam,

2120 1399 2262 1440 nune
2297 1395 2604 1445 consuetam
2632 1386 3045 1445 admonitionem
3071 1391 3415 1459 adhibentes,
3448 1394 3519 1450 ita
3551 1406 3608 1450 ut
3636 1413 3703 1454 ne

2119 1475 2383 1533 dictorum
2412 1480 2667 1534 memoria
2693 1479 2937 1535 elabatur
2963 1499 2980 1536 :
3012 1482 3105 1537 sed
3143 1498 3207 1537 ex
3243 1485 3490 1541 omnibus
3518 1488 3704 1543 visibi-

2120 1566 2260 1623 libus
2286 1567 2353 1622 ad
2381 1569 2758 1625 celebrandum
2789 1571 3070 1626 Dominum
3103 1588 3201 1628 nos
3235 1574 3378 1645 ipsos
3412 1578 3701 1648 erigamus.

2120 1657 2272 1726 Quod
2310 1668 2486 1716 autem
2524 1662 2766 1732 assequi,
2799 1672 2854 1718 et
2879 1673 3243 1720 creaturarum
3273 1668 3508 1722 omnium
3536 1671 3703 1724 ratio-

2121 1763 2242 1803 nem
2277 1751 2732 1820 comprehendere
2776 1769 2884 1808 non
2931 1756 3229 1824 possimus,
3262 1757 3314 1812 id
3344 1774 3412 1815 ne
3447 1761 3517 1816 sit
3551 1762 3703 1819 nobis

2122 1841 2509 1899 incredulitatis
2534 1846 2742 1900 occasio
2761 1887 2777 1913 ,
2808 1847 2902 1902 sed
2930 1848 3105 1917 potius
3130 1849 3199 1904 ad
3232 1850 3563 1907 referendam
3593 1854 3703 1909 Deo

2120 1934 2344 2004 gloriam
2374 1935 2794 1993 incitamentum.
2826 1940 3048 2006 Quando
3076 1942 3217 1997 enim
3251 1943 3430 1999 deﬁcit
3455 1946 3589 2000 ratio
3607 1988 3623 2013 ,
3650 1958 3705 2002 ct

2120 2038 2276 2079 mens
2314 2039 2419 2080 non
2454 2035 2536 2082 est
2559 2041 2723 2096 capax
2745 2070 2761 2094 ,
2788 2030 2960 2099 cogita
2987 2046 3145 2103 quam
3173 2048 3393 2103 magnus
3417 2043 3501 2090 est
3528 2036 3706 2090 Domi-

2120 2124 2221 2170 nus
2246 2125 2369 2172 tuns
2391 2160 2407 2185 ,
2437 2127 2492 2173 et
2518 2134 2585 2174 ex
2613 2119 2714 2175 hoc
2742 2120 2859 2191 ipso
2878 2163 2893 2188 ,
2919 2122 3063 2192 quod
3094 2132 3235 2178 tanta
3260 2127 3332 2179 sit
3358 2126 3473 2197 ejus
3502 2128 3668 2182 virtus
3686 2169 3703 2195 ,

2121 2215 2180 2261 ut
2201 2222 2373 2278 neque
2399 2209 2657 2265 rationem
2683 2227 2864 2267 eorum
2892 2228 3010 2283 quae
3038 2214 3224 2271 abillo
3253 2215 3390 2272 facta
3421 2226 3544 2274 sunt
3565 2221 3705 2276 scire

2120 2311 2395 2367 queamus.
2426 2299 2539 2355 Hoc
2564 2300 2723 2356 fuerit
2748 2303 2883 2373 grati
2911 2305 3071 2359 animi
3095 2346 3107 2370 ,
3140 2308 3239 2363 hoc
3267 2309 3459 2364 sobriae
3488 2312 3702 2367 mentis.

2124 2388 2382 2455 Quoniam
2418 2400 2472 2445 et
2502 2391 2726 2461 gentiles
2754 2394 2831 2449 sic
2856 2405 3204 2464 erraverunt,
3232 2399 3340 2453 suis
3370 2402 3703 2469 cogitationi-

2120 2478 2221 2533 bus
2249 2479 2426 2534 omnia
2457 2481 2853 2551 permittentes,
2886 2495 2939 2540 et
2964 2485 3030 2539 ad
3058 2486 3476 2544 imbecillitatem
3503 2500 3704 2547 natura:

2119 2582 2231 2625 sua
2271 2585 2378 2625 non
2417 2571 2763 2641 respicientes
2784 2613 2800 2641 ,
2845 2575 2938 2631 sed
2976 2592 3095 2647 quae
3130 2579 3266 2634 ultra
3300 2592 3510 2651 captum
3545 2598 3706 2639 suum

2119 2671 2274 2719 erant
2300 2664 2653 2735 hnaginantes
2676 2708 2691 2732 ,
2722 2677 2777 2724 et
2801 2668 3027 2724 limitum
3058 2685 3274 2727 suorum
3301 2672 3434 2729 fines
3462 2678 3701 2745 egressi,

2119 2756 2279 2812 etiam
2317 2771 2346 2809 a
2388 2771 2485 2812 sua
2526 2758 2784 2829 dignitate
2816 2761 3147 2817 exciderunt.
3193 2763 3326 2819 Nam
3364 2767 3452 2836 qui
3498 2770 3707 2825 ratione

2120 2846 2354 2918 insigniti
2380 2848 2681 2919 hujusmodi
2719 2852 3001 2922 primatum
3030 2867 3350 2925 acceperant
3374 2874 3405 2913 a
3427 2858 3703 2929 Creatorc,

2122 2948 2305 3008 utpote
2333 2941 2578 2996 omnibus
2608 2957 2727 3013 qua:
2764 2943 2863 2998 sub
2901 2944 3084 3001 oculos
3113 2946 3307 3002 cadunt
3334 2955 3590 3007 creaturis
3617 2953 3703 3007 di-

2117 3031 2331 3101 gniores
2353 3073 2369 3098 ,
2398 3031 2452 3087 hi
2488 3036 2540 3087 in
2567 3043 2764 3089 tantam
2801 3036 3178 3094 absurditatem
3207 3040 3416 3099 deducti
3446 3054 3570 3099 sunt
3594 3087 3608 3110 ,
3646 3056 3703 3103 ut

2118 3135 2299 3186 canes,
2326 3122 2531 3189 simias,
2556 3135 2610 3179 et
2629 3126 2947 3194 crocodilos,
2970 3138 3026 3183 et
3052 3128 3133 3185 his
3156 3129 3381 3187 foediora
3409 3134 3701 3192 adorarint.

2119 3213 2185 3268 Et
2212 3213 2339 3284 quid
2365 3216 2487 3271 dico
2514 3216 2667 3271 bruta
2698 3219 2988 3275 animalia?
3016 3220 3161 3277 Multi
3200 3238 3383 3279 eorum
3414 3227 3465 3281 in
3499 3236 3701 3284 tantum

2117 3313 2393 3374 stuporem
2419 3313 2475 3361 et
2502 3309 2787 3363 amentiam
2815 3309 3152 3380 inciderunt,
3185 3321 3321 3369 utet
3347 3315 3469 3371 allia
3490 3358 3505 3384 ,
3536 3328 3591 3373 et
3621 3320 3705 3376 his

2120 3393 2305 3450 viliora
2331 3396 2529 3452 colant.
2559 3399 2852 3469 Propterea
2876 3401 3135 3472 propheta
3176 3402 3297 3460 illos
3325 3406 3664 3464 subindicans
3683 3452 3705 3478 ,

2120 3489 2327 3560 inquit:
2350 3488 2684 3560 Comparatus
2704 3501 2775 3546 est
2793 3493 3037 3562 jumentis
3058 3496 3423 3566 insipientibus,
3454 3510 3500 3554 ct
3524 3502 3710 3558 similis

2118 3583 2283 3651 factus
2310 3590 2383 3635 est
2421 3581 2525 3636 illis
2556 3580 2725 3652 (Psal.
2752 3584 2839 3638 48.
2870 3584 2931 3639 2|
2946 3584 2984 3656 ).
3013 3585 3113 3654 Qui
3145 3588 3367 3656 ratione,
3401 3590 3590 3663 inquit,
3623 3595 3705 3648 in-

2120 3671 2343 3742 slgnitus
2370 3682 2487 3729 erat
2511 3684 2564 3729 et
2593 3684 2734 3729 tanta
2763 3677 3019 3746 sapientia
3056 3680 3327 3748 prie-ditus,
3362 3684 3408 3736 is
3434 3684 3598 3740 brutis
3628 3688 3703 3740 fa~

2117 3775 2235 3820 ctus
2264 3774 2347 3821 est
2375 3766 2566 3821 similis
2589 3809 2604 3833 ,
2636 3767 2773 3823 forte
2798 3778 2853 3824 et
2888 3769 3139 3826 deterior.
3173 3772 3265 3827 illa
3304 3776 3445 3829 enim
3470 3817 3485 3842 ,
3518 3787 3709 3848 utpote

2117 3855 2515 3921 irrationabilia,
2543 3859 2702 3913 nullis
2732 3862 2902 3929 pretiis
2930 3861 3155 3919 obnoxia
3187 3875 3371 3930 erunt;
3403 3869 3491 3938 qui
3522 3880 3702 3926 autem

2116 3948 2321 4002 ratione
2365 3948 2527 4017 pollet
2552 3989 2567 4012 ,
2595 3950 2638 4003 si
2669 3950 2720 4004 in
2751 3950 2960 4005 illorum
3003 3953 3247 4009 inciderit
3277 3957 3657 4015 absurditatem
3682 4002 3708 4030 ,

2118 4040 2307 4094 merito
2334 4054 2520 4110 pmnas
2547 4041 2687 4108 luet,
2720 4042 2957 4113 ingratus
2981 4060 3100 4099 cum
3131 4048 3201 4101 sit
3241 4058 3361 4117 post
3389 4059 3465 4105 tot
3495 4052 3702 4108 benefi-

2116 4130 2218 4187 cia.
2246 4130 2379 4187 [line
2403 4131 2631 4203 denique
2655 4144 2709 4189 et
2734 4134 2936 4204 lapides
2954 4145 3006 4191 et
3032 4137 3170 4209 ligna
3192 4139 3322 4195 deos
3344 4144 3705 4215 appellarunt,

2115 4231 2171 4277 et
2210 4222 2325 4277 haec
2366 4224 2589 4278 visibilia
2629 4226 2888 4282 elementa
2935 4228 3067 4285 deos
3109 4231 3400 4290 effecerunt
3436 4254 3449 4289 :
3480 4239 3602 4307 quia
3643 4250 3703 4296 ut

2117 4314 2283 4368 semel
2311 4328 2341 4368 a
2368 4324 2512 4370 recta
2540 4316 2624 4371 via
2650 4318 2985 4387 aberrarunt,
3019 4321 3071 4376 in
3104 4338 3342 4396 praeceps
3376 4327 3615 4400 iverunt,
3646 4343 3702 4390 et

2119 4405 2170 4459 in
2200 4405 2415 4460 malitia:
2441 4406 2761 4476 profundum
2787 4411 3107 4468 inciderunt.

2189 4498 2240 4551 7.
2270 4497 2649 4553 Verumtamen
2680 4515 2777 4556 nos
2804 4517 2974 4573 neque
2994 4505 3071 4559 sic
3091 4506 3161 4561 de
3184 4507 3353 4562 salute
3379 4509 3585 4567 illorum
3610 4514 3706 4570 de-

2116 4603 2411 4659 speremus,
2444 4591 2537 4646 sed
2566 4593 2849 4651 afferentes
2880 4598 2928 4651 id
2959 4598 3098 4668 quod
3130 4616 3292 4670 penes
3321 4619 3417 4659 nos
3445 4617 3547 4673 est,
3578 4623 3711 4664 cum

2117 4684 2259 4737 omni
2287 4684 2559 4740 alacritate
2585 4695 2640 4741 et
2662 4688 2909 4756 patientia
2937 4690 3039 4746 illis
3061 4692 3341 4763 loquamur
3365 4715 3379 4753 :
3401 4710 3708 4757 monstran-

2120 4783 2197 4830 tes
2225 4784 2334 4829 tum
2364 4776 2440 4831 rei
2466 4776 2880 4847 ahsurditatem,
2912 4789 3021 4836 tum
3047 4780 3226 4840 damni
3264 4778 3578 4857 gravitatem
3605 4835 3620 4859 ,
3651 4802 3705 4849 et

2119 4883 2405 4937 numquam
2432 4869 2501 4925 de
2540 4870 2750 4927 illorum
2790 4873 2963 4929 salute
2989 4875 3415 4947 despondeamus
3442 4898 3701 4944 animum.

2123 4959 2398 5016 Probabile
2427 4962 2567 5016 enim
2601 4973 2703 5031 est,
2735 4963 2869 5029 fore,
2902 4975 2958 5022 ut
2985 4972 3238 5039 temporis
3267 4988 3545 5044 progressu
3580 4995 3705 5047 per-

2120 5050 2470 5115 suadeantnr,
2500 5054 2731 5109 maxime
2772 5055 2816 5108 si
2860 5071 2956 5111 nos
2999 5059 3067 5112 ita
3104 5060 3376 5126 vivamus,
3406 5076 3463 5119 ut
3504 5070 3703 5125 nullam

2120 5142 2248 5211 ipsis
2277 5143 2608 5212 praebeamus
2641 5146 2972 5216 repugnandi
3001 5164 3205 5204 ansam.
3236 5153 3383 5209 Multi
3411 5158 3552 5211 enim
3585 5161 3705 5214 illn-

2120 5248 2237 5287 rum
2277 5248 2397 5287 cum
2442 5233 2669 5289 viderint
2715 5246 3017 5293 nostrorum
3053 5242 3259 5312 aliquos
3297 5247 3461 5301 verbo
3491 5252 3705 5318 quidem

2119 5332 2173 5377 et
2196 5324 2451 5379 vocabulo
2468 5324 2799 5382 Christianos
2821 5331 3097 5400 appellari,
3120 5342 3373 5390 cmternm
3399 5338 3535 5394 sicut
3566 5343 3708 5412 ipsus

2120 5431 2343 5486 rapere,
2384 5419 2622 5486 pecunia!
2659 5419 2879 5489 cupidos
2920 5438 3073 5488 esse,
3113 5425 3355 5483 invidere
3379 5472 3392 5494 ,
3434 5432 3704 5500 insidiati,

2121 5506 2271 5562 dolos
2310 5517 2555 5572 nectere,
2585 5510 2794 5579 aliaque
2829 5515 3004 5566 omnia
3043 5514 3219 5573 facere
3243 5558 3261 5584 ,
3288 5523 3524 5591 crapula:
3555 5525 3709 5578 volu-

2124 5599 2357 5668 ptatique
2380 5614 2603 5665 vacare,
2635 5602 2833 5655 monita
2869 5614 3044 5658 nostra
3077 5621 3181 5661 non
3213 5609 3348 5664 ultra
3384 5611 3706 5681 admittunt,

2123 5691 2215 5746 sed
2244 5706 2419 5746 omnia
2449 5703 2625 5746 nostra
2659 5692 2919 5748 fallaciam
2947 5698 3270 5765 existimant,
3304 5711 3356 5756 et
3388 5703 3577 5757 iisdem
3606 5706 3709 5760 στὶν

2127 5782 2499 5840 minationibus
2528 5799 2713 5840 omnes
2739 5800 2858 5841 esse
2885 5787 3159 5845 obnoxio‘s.
3192 5792 3381 5864 Cogita.
3404 5795 3582 5864 igitur,
3610 5797 3707 5852 ob,-
