4018 6136
347 326 431 386 ω
1458 320 1524 378 IN
1561 321 1711 380 CAP;
1753 320 1792 375 l.
1833 319 2076 377 GENES.
2122 318 2348 377 ll’llMlL.
2395 322 2541 378 Vlll’.
3567 326 3641 383 70

349 456 527 506 secto,
551 440 764 513 quantis
789 437 865 496 illi
887 437 1030 510 digni
1059 437 1171 493 sint?
1190 435 1487 507 suppliciis,
1516 434 1944 506 quandoquidem

351 551 462 591 non
492 536 663 591 solum
701 533 802 589 sibi
833 532 962 603 ipsis
991 528 1475 599 inexstinguihilem
1513 528 1687 599 ignem
1726 542 1946 583 coacer-

351 641 514 696 vant,
547 629 641 684 sed
667 638 722 683 et
752 627 872 681 aliis
900 635 1146 680 auctores
1170 630 1294 677 sunt
1320 631 1377 676 ut
1405 621 1458 676 iu
1486 635 1670 676 errore
1696 633 1947 689 perseve-

356 732 495 787 rent,
524 729 587 775 et-
606 735 672 775 ne
700 718 951 773 virtutem
980 715 1275 777 addiscant,
1308 713 1559 769 ohturent
1592 727 1771 779 aures,
1801 720 1854 765 et
1880 711 1947 766 ad

357 815 472 868 haec
498 814 553 867 in
592 826 752 867 causa
788 817 942 873 sunt,
979 818 1037 862 ut
1062 808 1222 862 etiam
1251 807 1502 861 virtutum
1533 806 1756 861 studiosi
1787 820 1949 858 accu-

354 916 564 971 sentur,
590 914 646 959 et
672 899 1153 973 reprehendantur,
1184 906 1245 953 et
1265 896 1407 967 quod
1432 897 1668 952 omnium
1696 894 1948 966 gravissi-

356 1013 525 1059 mum,
549 1012 647 1067 per
675 995 820 1064 ipsos
847 992 1105 1047 Dominus
1129 988 1545 1058 blasphematur.
1576 985 1733 1040 Vides
1756 993 1951 1055 quanta

358 1090 577 1145 malitia:
606 1086 904 1158 pernicies?
931 1085 1081 1139 vides
1109 1080 1379 1153 quomodo
1403 1094 1510 1135 non
1541 1079 1744 1149 vulgari
1780 1093 1952 1148 poena:

359 1180 624 1235 obnoxios
652 1194 712 1233 se
740 1176 1087 1238 constituant,
1115 1173 1205 1244 qui
1236 1172 1431 1227 malum
1461 1180 1752 1237 sectantur,
1781 1169 1873 1224 sed
1900 1176 1955 1223 et

360 1272 534 1326 multo
574 1268 899 1340 gravissima:
920 1307 935 1330 ,
966 1265 1012 1320 si
1046 1263 1304 1335 supplicia
1349 1276 1459 1331 pro
1486 1260 1730 1316 omnibus
1772 1257 1954 1313 lnituri

361 1375 509 1427 sunt,
538 1362 840 1418 non‘solum
869 1373 965 1429 pro
989 1372 1083 1413 sua
1109 1355 1427 1424 perditione,
1452 1353 1545 1409 sed
1573 1362 1626 1407 et
1650 1367 1746 1423 pro
1770 1366 1953 1406 erran-

364 1458 497 1512 tium
528 1453 781 1511 seandalo
800 1493 815 1518 ,
843 1462 897 1507 et
925 1465 1023 1522 pro
1052 1449 1423 1505 criminatione
1460 1446 1747 1516 proborum
1779 1444 1955 1498 homi-

362 1565 517 1611 num.
547 1557 603 1603 et
631 1561 727 1616 pro
766 1543 1091 1614 blasphemia
1123 1542 1175 1596 in
1205 1539 1412 1596 Deum?
1443 1538 1567 1593 Haec
1596 1536 1753 1607 igitur
1778 1535 1955 1590 omnia

362 1642 660 1711 cogitemus
685 1680 699 1705 ,
748 1650 847 1691 nec
890 1644 1127 1689 nostram
1178 1630 1404 1686 salutem
1453 1628 1780 1699 negligamus
1814 1644 1828 1680 :
1860 1625 1957 1681 sed

363 1747 560 1803 magna
598 1730 751 1785 nobis
779 1729 847 1782 sit
876 1743 999 1782 cura
1036 1736 1094 1780 ut
1136 1724 1429 1780 secundum
1470 1721 1635 1775 Deum
1671 1720 1916 1773 vivamus
1938 1757 1955 1782 ,

367 1826 601 1879 scientes
649 1835 747 1875 nos
792 1817 912 1872 inde
958 1816 1188 1871 maxime
1234 1813 1317 1869 vel
1360 1809 1828 1874 condemnandos,
1872 1806 1958 1862 vel

369 1914 511 1968 illius
538 1905 1233 1977 beneﬁcentia‘dignandoss
1279 1903 1369 1959 Sic
1404 1903 1563 1974 igitur
1588 1900 1766 1955 omnia
1796 1898 1958 1954 facia-

367 2020 491 2060 mus
514 2044 528 2067 ,
556 2010 615 2056 ut
650 2009 702 2054 et
730 2014 829 2053 nos
856 1999 907 2052 in
938 2012 1068 2070 pura
1095 1995 1420 2051 conscientia
1450 2006 1754 2057 versemur,
1785 1997 1839 2044 et
1867 2001 1962 2043 eos

370 2096 461 2167 qui
493 2094 665 2149 adhuc
688 2098 904 2152 errant,
930 2096 1115 2143 nostro
1143 2084 1433 2141 secundum
1463 2084 1629 2138 Deum
1655 2081 1779 2135 vita:
1804 2078 1961 2133 insti-

373 2166 490 2241 tuto
527 2185 592 2239 ad
626 2184 903 2239 veritatem
950 2178 1399 2241 manuducamus,
1440 2182 1498 2229 ut
1531 2187 1628 2244 per
1666 2185 1764 2226 nos
1789 2178 1844 2225 et
1870 2166 1961 2223 alii

370 2291 562 2333 omnes
587 2274 675 2345 qui
701 2272 854 2327 nobis
875 2276 1345 2333 connumeranlur,
1369 2265 1506 2320 bona
1533 2264 1668 2317 fama
1694 2260 1957 2325 fruantur,

371 2379 429 2425 et
453 2379 578 2423 ante
612 2367 788 2421 omnia
824 2363 1152 2435 gloriﬁcetur
1177 2360 1433 2415 Dominus
1461 2365 1677 2421 noster,
1708 2363 1762 2408 et
1791 2350 1963 2421 majo-

372 2478 488 2518 rem
516 2461 681 2514 nostri
702 2472 883 2513 curam
910 2463 1078 2528 gerat.
1110 2454 1240 2508 Nam
1267 2467 1387 2507 cum
1412 2451 1466 2505 in
1494 2462 1593 2505 nos
1617 2447 1966 2517 respicientes

374 2553 620 2607 homines
644 2552 847 2605 lucrum
874 2546 1221 2618 reportabunt
1239 2587 1254 2610 ,
1282 2553 1336 2598 et
1359 2541 1569 2596 laudem
1599 2540 1653 2594 in
1689 2539 1853 2593 Deum
1880 2550 1966 2591 re-

375 2644 583 2705 ferent.
614 2640 738 2696 inde
776 2648 831 2696 et
868 2654 967 2693 nos
1007 2639 1125 2707 plus
1161 2635 1354 2690 divina:
1391 2633 1574 2703 gratize
1599 2642 1964 2699 assequemur.

375 2736 512 2806 Quid
538 2735 681 2790 enim
712 2734 919 2788 beatius
950 2730 1162 2784 homine
1187 2728 1277 2798 qui
1316 2728 1393 2782 sic
1420 2726 1582 2788 vivit,
1611 2732 1742 2777 utet
1772 2721 1858 2791 qui
1890 2720 1968 2774 vi-

376 2831 506 2885 dent
526 2829 922 2897 obstupescant,
946 2833 999 2878 et
1020 2822 1215 2886 dicant,
1242 2820 1420 2876 Gloria
1445 2817 1561 2882 tibi,
1589 2816 1760 2878 Deus;
1783 2812 1967 2883 quales

377 2932 501 2978 sunt
522 2918 808 2974 Christiani
831 2917 845 2971 ι
869 2923 1117 2987 quantam
1141 2928 1252 2983 prze
1273 2926 1331 2965 se
1350 2911 1521 2964 lerunt
1544 2900 1964 2978 philosophiam!

379 3010 652 3083 quomodo
676 3008 971 3077 despiciunt
999 3002 1316 3075 praesentia!
1347 2998 1615 3071 quomodo
1640 2995 1815 3050 omnia
1840 2993 1969 3061 ipsis

379 3103 567 3157 umbra
589 3108 645 3154 et
669 3098 933 3153 somnium
956 3101 1288 3165 reputantur,
1307 3100 1361 3145 et
1383 3088 1511 3143 nulli
1533 3085 1819 3141 visibilium
1845 3091 1971 3137 sunt

379 3193 557 3258 afﬁxi;
587 3189 681 3246 sed
709 3188 885 3243 omnia
914 3185 1230 3254 transigunt,
1259 3181 1398 3236 sicut
1420 3180 1455 3233 ii
1479 3180 1567 3249 qui
1591 3178 1641 3232 in
1670 3186 1810 3231 terra
1835 3174 1969 3229 alie-

380 3300 450 3341 na
494 3290 655 3353 agunt
689 3277 987 3352 peregrini,
1015 3286 1071 3333 et
1095 3273 1330 3345 quotidie
1358 3272 1588 3343 migrare
1621 3284 1687 3325 ex
1729 3268 1829 3322 hac
1861 3266 1969 3322 vita

382 3378 604 3447 cupiunt
643 3384 696 3429 et
737 3371 1029 3428 anhelant!
1068 3368 1330 3437 Quantam
1373 3374 1527 3435 putas
1554 3362 1716 3418 verba
1756 3360 1871 3415 hate
1905 3359 1971 3414 iis

380 3469 470 3540 qtti
499 3468 578 3522 sic
602 3466 807 3531 vivunt,
834 3463 993 3518 etiam
1020 3461 1106 3515 hic
1130 3474 1161 3513 a
1189 3459 1297 3513 Deo
1327 3455 1627 3513 mercedem
1650 3451 1879 3508 all'erre?
1906 3451 1973 3505 Et

384 3558 525 3629 quod
550 3556 705 3610 valde
732 3553 1136 3608 admirabile-ac
1163 3547 1502 3618 stupendum,
1532 3546 1692 3601 etiam
1720 3543 1755 3598 ii
1781 3542 1869 3612 qui
1895 3550 1974 3596 ta-

384 3651 453 3705 lia
480 3649 548 3705 de
572 3646 726 3702 nobis
749 3645 1009 3715 judicaut,
1036 3642 1181 3696 brevi
1211 3640 1292 3694 ab.
1310 3652 1494 3694 errore
1519 3635 1799 3701 desistant,
1825 3641 1881 3689 et
1903 3632 1973 3687 ad

384 3743 662 3795 veritatem
691 3737 957 3792 redibunt.
988 3734 1099 3788 lloc
1132 3747 1260 3786 vero
1298 3739 1548 3801 quantam
1580 3727 1686 3780 illic
1725 3725 1970 3780 ﬁduciam

385 3832 609 3894 aderat,
641 3828 770 3882 nulli
814 3842 918 3880 non
962 3824 1297 3880 manifestum
1335 3831 1433 3875 est.
1478 3817 1705 3873 Proinde
1744 3815 1973 3870 scientes

388 3936 486 3977 nos
515 3920 666 3975 etde
706 3919 852 3973 lucro
891 3925 945 3971 et
981 3917 1048 3970 de
1085 3914 1281 3969 damno
1316 3911 1683 3982 proximorum
1714 3907 1973 3961 rationem

388 4012 607 4066 daturos
632 4023 752 4063 esse
771 4050 786 4072 ,
814 4007 890 4063 sic
917 4007 1077 4060 vitam
1108 4013 1344 4058 nostram
1375 4001 1712 4055 instituamus
1736 4038 1751 4061 ,
1783 4006 1838 4050 ιιι
1868 4010 1976 4050 non

389 4103 564 4157 solum
608 4100 762 4154 nobis
800 4097 1063 4163 sufﬁciat,
1093 4094 1187 4150 sed
1217 4104 1269 4149 et
1300 4092 1418 4147 aliis
1447 4090 1571 4146 inde
1598 4089 1853 4144 doctrina:
1881 4102 1976 4141 oc-

390 4196 537 4251 casio
574 4193 830 4257 accedat,
864 4199 923 4246 ut
951 4199 1004 4245 et
1036 4188 1123 4244 hic
1151 4201 1397 4258 magnam
1426 4184 1517 4239 Dei
1560 4182 1783 4254 gratiam
1825 4179 1979 4234 nobis

392 4287 773 4351 conciliemus,
802 4294 856 4340 et
884 4286 936 4339 in
969 4282 1147 4337 futuro
1177 4281 1269 4335 Dei
1306 4278 1630 4348 benignitate
1659 4275 1802 4341 large
1829 4273 1978 4327 frua-

392 4396 533 4445 mur,
558 4380 723 4449 gratia
750 4386 809 4432 et:
827 4371 1255 4431 miserationibus
1280 4369 1533 4441 muigeniti
1558 4369 1675 4435 ejus
1697 4364 1839 4432 Filii,
1861 4363 1980 4434 qui-

394 4487 518 4525 cum
547 4470 693 4527 Patri
724 4468 881 4524 simul
909 4475 1199 4535 sanctoque
1226 4462 1444 4533 Spiritui
1474 4460 1543 4514 sit
1569 4458 1734 4529 gloria
1759 4498 1773 4521 ,
1807 4456 1978 4525 impe-

397 4563 555 4629 rium,
580 4564 769 4628 honor,
793 4574 932 4615 nunc
951 4564 1005 4613 et
1024 4569 1255 4626 semper,
1279 4553 1402 4609 etin
1424 4550 1619 4607 saecula
1641 4547 1977 4605 siliculorum.

394 4653 589 4711 A‘mcu.

966 4758 1242 4817 llOlllLlA
1285 4755 1417 4813 Vlll.

397 4880 470 4938 Et
491 4878 623 4934 dixit
646 4878 784 4933 Deus
810 4898 823 4933 :
855 4874 1126 4930 Faciamus
1146 4874 1396 4927 hominem
1416 4867 1689 4925 secundum
1713 4866 1985 4937 imaginem

472 4982 697 5026 nostram
736 4981 783 5024 ct
822 4968 1096 5023 secundum
1139 4964 1519 5019 similitudinem
1545 4977 1564 5015 :
1593 4969 1641 5015 et
1666 4959 1985 5014 dominentur

481 5065 703 5135 piscibus
729 5061 882 5115 maris
902 5103 918 5127 ,
944 5069 991 5113 st
1018 5058 1302 5113 volatilibus
1330 5054 1442 5110 αιἸὶ
1464 5096 1487 5119 ,
1507 5062 1554 5108 et
1600 5050 1859 5121 pecoribus
1877 5089 1893 5116 ,
1936 5056 1985 5102 et

474 5156 644 5209 bestiis
664 5195 680 5219 ,
724 5162 769 5207 et
800 5154 1043 5206 universa:
1066 5159 1214 5204 terra:
1236 5188 1255 5213 ,
1292 5157 1338 5201 et
1361 5145 1589 5201 munibus
1618 5144 1876 5215 reptilt'bus
1900 5157 1985 5196 re-

480 5246 707 5318 pentibus
735 5261 890 5315 super-
914 5253 1097 5296 terram
1124 5240 1283 5314 (.Gen.
1312 5240 1364 5295 1.
1393 5239 1464 5293 26

477 5382 531 5436 ἱ.
573 5382 684 5449 Age
721 5386 776 5434 et
819 5376 1011 5443 hodie,
1042 5376 1164 5446 quia
1205 5373 1409 5428 alacres
1446 5370 1560 5426 heri
1607 5385 1727 5440 qua:
1756 5368 1988 5423 diximus

405 5472 628 5528 audistis
647 5511 663 5537 ,
694 5486 814 5541 qua:
842 5483 1030 5524 recens
1058 5468 1193 5522 lecta
1220 5473 1379 5530 sunt,
1407 5464 1614 5519 caritati
1645 5472 1833 5516 vestrae
1862 5476 1987 5531 pro-

406 5580 689 5637 ponamus,
721 5563 867 5633 prius
897 5570 1073 5615 tamen
1100 5574 1197 5613 vos
1221 5559 1563 5613 cohortantes
1585 5595 1601 5622 ,
1629 5565 1687 5609 ut
1710 5554 1992 5623 diligenter

407 5655 719 5711 auscultetis
748 5669 808 5709 ea
836 5668 955 5722 qua:
984 5652 1253 5714 dicuntur,
1284 5656 1341 5704 et
1362 5664 1479 5718 que
1504 5646 1651 5717 prius
1678 5644 1818 5700 dicta
1844 5652 1988 5709 sunt,

408 5750 547 5806 bene
564 5750 627 5830 in
657 5758 836 5804 mente
863 5755 1037 5801 vestra
1079 5742 1349 5816 reponatis
1368 5783 1382 5810 ,
1410 5751 1475 5796 ut»
1497 5756 1566 5797 ne
1603 5739 1798 5795 frustra
1825 5746 1879 5793 et
1907 5737 1992 5792 in-

2051 450 2260 492 cassum
2297 438 2535 494 laborem
2577 446 2795 495 tantum-
2813 439 3066 496 feramus.
3097 439 3209 497 Hoc
3237 443 3637 501 enim-studium

2051 536 2291 583 nostrum
2321 539 2435 595 est,
2468 540 2531 585 ιιι·
2552 531 2656 586 vim
2696 547 2759 587 ac
2801 547 3019 588 sensum
3051 548 3236 588 eorum
3283 550 3403 605 qua:
3441 537 3638 605 scripta

2050 620 2158 672 sint
2180 630 2425 674 accurata
2455 622 2637 676 sciatis
2660 630 2863 692 :-atque
2884 625 2955 678 ita
2981 632 3166 678 utnon
3193 625 3364 679 Solum
3393 626 3637 690 teneatis,

2053 708 2148 764 sed
2174 719 2229 764 et
2257 710 2488 765 aliorum
2529 712 2766 781 magistri
2797 713 2913 767 sitis
2932 755 2948 779 ,
2981 723 3039 768 ut
3068 714 3282 783 possitis
3301 755 3316 780 ,
3347 716 3638 770 secundum

2056 798 2269 854 beatum
2314 800 2569 877 Paulum,
2601 815 2738 855 unus
2779 802 3003 856 alterum
3046 802 3310 859 mdiﬁcare
3338 804 3358 873 (
3383 806 3432 860 l.
3461 805 3645 859 Thesea

2053 888 2108 942 5.
2142 888 2261 959 ll).
2289 888 2420 943 Nam
2451 890 2494 943 si
2523 904 2617 945 vos
2642 890 2974 960 proieceritis
2998 891 3051 946 in
3082 892 3326 957 Domino.
3358 903 3413 949 et
3454 895 3504 949 in
3534 895 3638 962 spi~

2059 979 2326 1033 ritualium
2376 980 2620 1035 doctrina
2668 982 2899 1051 aliquem
2946 982 3239 1052 proiectum
3283 986 3643 1053 ostenderitis;

2058 1069 2219 1123 etiam
2249 1086 2347 1123 nos
2378 1071 2576 1141 ingenti
2605 1071 2858 1128 afﬁcietis
2889 1072 3090 1128 luatitia.
3130 1074 3255 1130 Huic
3279 1076 3421 1130 enim
3460 1089 3647 1131 nostra

2057 1160 2217 1216 fuerit
2243 1170 2349 1215 tota
2383 1164 2705 1232 prosperitas
2725 1206 2740 1229 ,
2769 1173 2824 1219 et
2848 1180 3053 1218 summa
3094 1164 3375 1221 festivitas.
3407 1166 3532 1232 Qua:
3557 1184 3647 1220 ηοω

2057 1260 2164 1304 stra
2191 1267 2333 1318 spes,
2358 1251 2437 1305 vel
2463 1253 2733 1322 gaudium.
2761 1253 2838 1307 vel
2861 1269 3070 1320 corona,
3104 1254 3306 1324 inquit,
3334 1255 3649 1325 gloriationis

2064 1341 2111 1413 (l
2128 1380 2141 1394 .
2168 1342 2342 1397 Thess.
2367 1342 2422 1396 2.
2449 1343 2536 1413 l9)
2561 1345 2585 1398 ?
2613 1362 2781 1398 annon
2803 1355 2850 1399 et
2876 1362 2981 1411 vos,
3013 1355 3068 1400 ct
3088 1356 3321 1400 vestrum
3353 1348 3647 1402 secundum

2060 1434 2228 1489 Deum
2259 1435 2691 1490 incrementum?
2730 1436 2928 1491 Omnes
2968 1438 3111 1492 enim
3142 1438 3420 1501 doctores,
3448 1439 3539 1508 qui
3568 1440 3650 1491 vi-

2060 1524 2189 1578 deut
2212 1523 2504 1595 discipulos
2534 1526 2769 1595 priorum
2798 1526 3092 1583 lectionum
3126 1528 3441 1583 memoriam
3467 1528 3661 1582 animo

2061 1616 2197 1670 bene
2230 1624 2455 1683 tenere,
2479 1617 2834 1687 operibusque
2864 1618 2992 1688 ipsis
3035 1617 3262 1673 fructum
3293 1618 3525 1687 aliquem
3555 1632 3651 1673 ex-

2063 1706 2252 1761 hibere
2271 1746 2295 1773 ,.
2320 1708 2523 1776 majore
2548 1709 2821 1763 alacritate
2845 1720 2895 1763 et
2927 1711 3259 1779 sequentium
3292 1710 3663 1779 cognitionem

2062 1798 2322 1868 prtebcnt.
2369 1800 2433 1854 Et
2464 1814 2561 1854 nos
2610 1815 2822 1869 quoque
2850 1812 3048 1870 quanto
3086 1802 3254 1871 magis
3292 1812 3524 1857 mentem
3553 1818 3649 1855 ve-

2065 1897 2230 1942 stram
2272 1889 2447 1958 erigi,
2493 1900 2552 1944 et
2590 1889 2912 1945 desiderium
2963 1906 3240 1956 crescere,
3287 1894 3667 1963 rationemque

2063 1979 2175 2034 alas
2210 1994 2484 2035 assumere
2527 1980 2805 2047 videmus,
2839 1991 2987 2037 tanto
3025 1984 3313 2038 alacriores
3356 1984 3662 2051 rcddimur',

2065 2079 2125 2124 ut
2168 2070 2471 2126 uberiorem
2514 2069 2808 2126 doctrinam
2839 2088 3219 2143 proponamus.
3265 2075 3475 2143 Quanto
3514 2077 3655 2130 enim

2067 2161 2188 2230 plus
2217 2161 2373 2218 vobis
2412 2163 2778 2232 profundimus
2810 2164 3129 2220 ﬂuentorum
3175 2165 3363 2220 horum
3407 2166 3658 2237 spiritua-

2067 2253 2196 2307 lium
2218 2292 2242 2320 ,ο
2266 2262 2412 2309 tanto
2442 2256 2596 2310 nobis
2625 2267 2678 2311 et
2724 2257 2916 2311 ﬂuenta
2944 2267 3071 2312 sunt
3110 2260 3378 2324 auctiora,
3407 2260 3671 2313 nitnirunr

2066 2354 2289 2416 prepter
2315 2346 2723 2402 mdiﬁcationcm
2751 2356 2999 2413 vestram,
3035 2358 3085 2404 et
3117 2360 3335 2419 propter
3361 2359 3669 2405 vestrarum-

2067 2438 2369 2493 auimarum
2402 2437 2681 2492 utilitatem
2713 2457 2726 2493 :
2756 2454 2862 2491 non
2893 2440 3034 2492 enim
3058 2440 3108 2493 in
3139 2440 3238 2495 hac
3266 2456 3425 2495 causa
3452 2443 3661 2496 contin-

2063 2529 2143 2599 git
2191 2528 2245 2584 id
2293 2530 2433 2598 quod
2483 2530 2535 2584 in
2591 2531 2851 2600 pecuniis.
2902 2530 3011 2585 lllic
3056 2533 3198 2586 enim
3246 2534 3333 2603 qui
3383 2544 3668 2604 argentum

2069 2621 2244 2675 vicino
2270 2621 2624 2677 dinumeravit
2645 2662 2661 2688 ,
2705 2622 2971 2677 imminuit
2999 2639 3147 2678 suam
3182 2625 3532 2680 substantiam
3552 2668 3566 2690 ,
3611 2634 3670 2683 et

2069 2721 2266 2782 quanto
2293 2714 2409 2783 plus
2436 2722 2711 2780 numerat,
2732 2722 2885 2769 tanto
2913 2715 3087 2769 minus
3116 2717 3352 2784 possidet
3383 2720 3662 2788 pecunia}:

2070 2801 2159 2856 hic
2179 2812 2358 2857 autem
2409 2804 2566 2872 plane
2595 2817 2752 2858 secus
2789 2805 2981 2873 agitur.
3030 2804 3177 2859 Tunc
3212 2808 3353 2860 enim
3386 2806 3665 2864 facultates

2072 2902 2272 2949 nostra:
2317 2895 2434 2963 plus
2476 2904 2824 2960 accrescunt,
2876 2905 3000 2951 tunc
3043 2897 3353 2965 spiritualcs
3403 2898 3485 2952 ha).
3532 2908 3661 2968 opes

2072 2985 2241 3055 magis
2262 2995 2540 3054 augentur,
2565 2986 2779 3055 quando
2807 2986 3023 3042 haurire
3041 2987 3343 3043 volentibus
3366 2990 3662 3044 doctrinam

2075 3073 2368 3130 liberaliter
2393 3075 2783 3145 profundimus.
2815 3076 2979 3146 Igitur
3016 3079 3136 3147 quia
3183 3077 3283 3132 hoc
3312 3080 3466 3133 nobis
3495 3080 3666 3148 majoz

2075 3179 2203 3219 rum'
2226 3164 2528 3220 divitiarum
2573 3181 2737 3221 causa
2775 3174 2897 3230 est,
2946 3174 3001 3220 et
3029 3181 3123 3221 vos
3168 3167 3526 3237 spiritualibus
3566 3170 3668 3224 ali-

2078 3257 2275 3312 mentis
2320 3258 2501 3313 satiari
2554 3275 2659 3313 non
2703 3258 2964 3329 potestis,
3010 3275 3108 3331 age
3139 3260 3412 3318 videamus
3451 3263 3575 3333 quid
3616 3272 3669 3321 et

2076 3347 2233 3404 hodie
2263 3349 2452 3404 beatus
2476 3349 2652 3405 Moses
2681 3350 2732 3404 in
2762 3350 2845 3405 his
2869 3366 2989 3421 qua:
3018 3351 3154 3406 lecta
3182 3360 3307 3406 sunt
3332 3368 3429 3408 nos
3458 3354 3668 3422 doceat,

2076 3440 2185 3496 imo
2213 3440 2337 3510 quid
2368 3440 2533 3510 gratia
2565 3441 2793 3510 Spiritus
2820 3456 2915 3511 per
2941 3442 3060 3511 ejus
3099 3442 3329 3513 linguam
3376 3444 3528 3498 nobis
3556 3459 3672 3498 om-

2076 3530 2233 3585 nibus
2260 3530 2422 3585 dicat.
2450 3531 2542 3585 26.
2572 3529 2641 3584 Et
2664 3531 2814 3596 dixit,
2845 3532 3045 3602 inquit,
3075 3532 3213 3586 Deus
3235 3549 3254 3587 :
3277 3532 3551 3589 Faciamus
3579 3536 3673 3588 ho-

2078 3622 2265 3677 minem
2290 3621 2565 3676 secundum
2591 3622 2862 3692 imaginem
2886 3633 3128 3687 nostrum,
3159 3633 3204 3676 et
3232 3625 3507 3678 secundum
3531 3626 3672 3680 simit-

2079 3712 2364 3767 litudinem.
2414 3711 2494 3766 Ne
2542 3712 2869 3781 simpliciter
2909 3712 3024 3766 lucc
3075 3713 3215 3768 dicta
3269 3708 3668 3783 prmtercattttts,

2077 3802 2365 3864 carissimi,
2397 3801 2490 3856 sed
2522 3801 2882 3871 disquiramus
2908 3803 3067 3857 verba
3097 3803 3337 3872 singula,
3367 3815 3421 3859 et
3456 3806 3507 3858 in
3540 3823 3668 3874 pro-

2080 3894 2300 3949 iundum
2329 3892 2760 3959 descendentes,
2784 3895 2889 3947 vim
2918 3894 3286 3950 in‘hreviculis
3315 3894 3463 3951 hisce
3492 3897 3669 3952 verbis

2081 3987 2332 4042 latentem
2364 3986 2767 4056 investigemus.
2796 3986 2941 4041 Nam
2978 3987 3099 4041 licet
3142 4002 3317 4057 pauca-
3349 3988 3457 4042 sint
3485 3989 3665 4056 verba,

2081 4094 2307 4149 magnus
2336 4087 2510 4133 tamen
2539 4078 2821 4134 thesaurus
2843 4088 2926 4133 est
2953 4080 3004 4133 in
3032 4079 3135 4133 illis
3160 4079 3488 4145 reconditus,
3510 4089 3671 4150 atque

2080 4172 2234 4228 decet
2257 4180 2486 4227 attentos
2514 4182 2569 4226 et
2592 4172 2779 4242 vigiles
2807 4188 2913 4226 non
2942 4171 2995 4225 in
3024 4172 3307 4242 superﬁcie
3334 4182 3497 4227 stare.
3529 4173 3671 4242 Quo-

2082 4265 2225 4319 niam
2255 4272 2312 4318 et
2348 4262 2384 4316 ii
2413 4263 2501 4333 qui
2533 4263 2816 4317 sensibiles
2845 4264 2942 4317 hos
2987 4262 3264 4317 thesauros
3303 4263 3537 4319 ell‘odere
3574 4280 3671 4320 θοι

2083 4366 2312 4424 nuntur,
2342 4370 2448 4412 non
2478 4356 2530 4410 in
2561 4355 2721 4426 plano
2744 4363 2800 4410 et
2828 4356 2890 4409 in‘
2921 4356 3202 4424 superﬁcie
3244 4357 3416 4411 solum
3460 4357 3668 4414 fodiunt

2084 4458 2246 4519 atque
2271 4447 2620 4518 perquirunt,
2649 4446 2743 4501 sed
2772 4447 2823 4501 in
2860 4446 3179 4517 profundum
3218 4447 3586 4516 descendunt,
3615 4461 3672 4505 et.

2085 4539 2374 4611 penitiores
2401 4548 2558 4593 terra:
2588 4537 2736 4593 sinus
2759 4546 3066 4594 scrutantur
3094 4556 3109 4592 :
3140 4548 3300 4610 atque
3328 4540 3398 4595 ita
3427 4550 3545 4596 arte
3574 4558 3671 4598 sua

2086 4645 2273 4686 aurum
2300 4644 2331 4683 a
2359 4639 2498 4684 terra
2539 4638 2851 4700 segregant,
2886 4630 3094 4684 tametsi
3133 4645 3275 4699 saepe
3304 4640 3423 4700 post
3462 4633 3671 4689 labores

2086 4720 2415 4790 sudoresque
2439 4721 2635 4775 multos
2658 4721 2743 4775 vis
2784 4736 2947 4791 pauca
2976 4720 3219 4791 quaedam
3259 4732 3501 4778 ramenta
3540 4723 3702 4778 all‘ea'

2087 4823 2231 4870 runt.
2263 4814 2360 4869 llic
2383 4824 2561 4868 autem
2591 4813 2662 4868 nil
2697 4814 2799 4869 tale
2834 4822 2950 4882 est,
2977 4815 3069 4868 sed
3097 4814 3249 4869 labor
3276 4815 3483 4877 minor,
3514 4822 3566 4867 et
3595 4815 3674 4868 iss-

2089 4905 2314 4962 cll'abilis
2340 4905 2574 4962 ubertas.
2603 4904 2736 4961 Nam
2764 4905 3059 4975 spiritualia
3097 4904 3277 4958 omnia
3306 4903 3527 4958 imbuite
3554 4918 3670 4959 mo-

2089 4998 2216 5055 dum
2246 5014 2304 5054 se
2335 4998 2567 5054 habente

2161 5091 2217 5145 2.
2257 5089 2334 5145 Ne
2364 5090 2523 5160 igitur
2547 5087 2721 5142 simus
2759 5085 3053 5142 deteriores
3083 5083 3149 5139 iis
3182 5084 3271 5155 qui
3309 5083 3681 5142 ad-sensibilia

2091 5184 2299 5239 inbiaut
2329 5201 2342 5237 :
2371 5182 2465 5237 sed
2497 5181 2826 5250 inquiramus
2852 5189 2906 5235 ot
2930 5192 3028 5234 nos
3056 5177 3337 5250 diligenter
3365 5178 3676 5234 thesaurum

2091 5275 2237 5330 hunc
2279 5273 2607 5343 Spiritualem
2650 5271 2703 5325 in
2731 5270 2907 5325 verbis
2944 5270 3060 5326 istis
3096 5269 3425 5327 reconditum
3448 5310 3463 5337 ,
3493 5277 3548 5324 et
3575 5269 3680 5339 pri-

2093 5383 2238 5423 mum
2267 5366 2543 5421 videamus
2568 5363 2691 5434 quid
2737 5378 2931 5417 novum
2977 5374 3033 5419 et
3075 5362 3445 5418 admirandum
3488 5361 3630 5416 dicat
3661 5377 3701 5416 :-

2097 5459 2220 5515 dein
2251 5473 2415 5528 quare
2453 5465 2595 5511 tanta
2623 5455 2905 5511 verborum
2935 5455 3231 5511 variatione
3272 5465 3454 5510 utatur
3495 5453 3685 5507 beati-

2097 5552 2186 5607 hic
2209 5550 2467 5622 propheta
2489 5588 2505 5615 ,
2537 5548 2645 5603 imo
2671 5547 2931 5618 benignus
2956 5548 3097 5602 Deus
3131 5561 3227 5616 per
3252 5544 3563 5615 prophetam
3597 5539 3679 5595 lo-

2094 5658 2284 5716 quens.
2314 5642 2381 5697 Et
2400 5642 2475 5696 ait
2499 5662 2513 5697 :
2539 5640 2812 5696 Faciamus
2835 5640 3085 5693 hominem
3111 5636 3384 5693 secundum
3407 5631 3691 5699 imaginem

2100 5745 2344 5805 nostram,
2364 5742 2411 5787 et
2430 5733 2706 5789 secundum
2725 5728 3125 5787 similitudinem.
3148 5725 3327 5796 Nuper
3344 5736 3466 5776 cum
3490 5720 3687 5775 caelia
