4018 6136
369 328 433 387 Ἠ
1150 319 1205 375 S.
1245 314 1522 374 IOANNIS
1557 308 2031 371 CIIRYSOSTOMI
2069 292 2385 365 ARClllEi‘.
2427 310 2961 367 CONSTANTINOP.
3570 312 3645 367 τε

372 456 677 513 terramque
726 438 1046 499 formassct,
1091 432 1389 486 audivimus
1436 430 1581 483 illum
1636 426 1950 481 dicentem:

375 535 497 589 Fiat
538 535 629 588 lux
652 546 673 586 :
699 540 754 585 et
777 569 791 591 ,
823 525 943 581 Fiat
986 526 1358 594 ﬁrmamentum
1397 522 1450 573 in
1481 518 1645 572 medio
1676 530 1860 580 aqua;
1899 522 1955 569 et

374 629 586 690 iterum,
617 622 990 691 Congregentar
1016 629 1160 686 aqua:
1208 614 1263 667 in
1296 610 1733 683 congregationem
1772 621 1950 671 unam,

368 728 417 769 ιε
443 721 685 784 appareat
725 710 872 762 arida
895 723 914 762 :
942 716 997 761 et
1014 747 1027 769 ,
1068 704 1113 759 F
1115 707 1220 759 iant
1262 702 1533 756 luminaria
1558 714 1579 753 :
1604 708 1686 765 et,
1720 696 1952 752 Educant

368 820 516 875 aqua:
558 801 760 873 reptilia
808 799 1097 852 animarum
1139 794 1425 849 viventium.
1475 790 1661 845 Vidisti
1706 802 1954 842 sermone

368 896 486 949 salo
516 902 567 948 et
615 899 883 961 prtect-pto
923 902 1134 941 onmem
1182 893 1476 941 creaturam
1506 882 1736 950 quinque
1764 878 1953 933 diebus

370 983 635 1039 formari?
682 980 817 1036 Vide
868 977 1024 1032 hodie
1075 983 1271 1046 quanta
1318 973 1601 1028 verborum
1647 968 1950 1024 diversitas.

369 1075 487 1131 Non
513 1074 653 1128 enim
677 1072 787 1140 jam
813 1070 975 1122 dicit:
1002 1067 1120 1122 Fiat
1145 1066 1304 1119 homo
1328 1082 1342 1118 :
1366 1062 1458 1117 sed
1487 1061 1650 1131 quid?
1679 1058 1954 1113 Faciamus

371 1166 622 1219 hominem
652 1160 928 1215 secundum
971 1158 1241 1227 imaginem
1288 1162 1544 1215 nostram,
1592 1160 1638 1203 et
1679 1149 1953 1202 secundum

370 1252 767 1309 similitudinem.
800 1247 935 1317 Quid
966 1247 1065 1301 hoc
1090 1245 1250 1299 novi?
1279 1244 1402 1313 quid
1433 1242 1673 1295 insoliti?
1699 1240 1951 1306 Quisnam

370 1347 461 1401 ille
487 1346 572 1404 aui
602 1341 946 1406 formandus,
978 1339 1045 1393 ad
1071 1352 1228 1409 quem
1271 1334 1566 1389 faciendum
1591 1332 1777 1402 Opilici
1808 1340 1951 1384 tanto

372 1437 595 1491 consilio
622 1443 677 1489 et
696 1431 1172 1501 circumspectione
1192 1427 1364 1497 Opus?
1389 1425 1463 1480 Ne
1490 1425 1717 1488 mireris,
1739 1422 1948 1477 dilecte.

372 1528 544 1581 llnmo
574 1526 714 1579 enim
759 1525 895 1576 inter
926 1519 1150 1575 visibilia
1191 1518 1365 1571 omnia
1395 1514 1649 1584 dignitate
1678 1512 1948 1581 praiccllit,

370 1626 587 1685 propter
614 1628 773 1683 quem
800 1611 1012 1665 condita
1040 1616 1163 1663 sunt
1188 1607 1302 1660 lucc
1326 1606 1525 1668 onmia,
1551 1604 1760 1665 cat-lum,
1789 1611 1948 1666 terra,

369 1721 535 1766 mare,
568 1705 670 1769 sol,
700 1702 845 1767 luna,
873 1701 1060 1763 stellaz,
1093 1697 1297 1767 replilia
1319 1737 1335 1761 ,
1362 1697 1621 1765 jumenta,
1657 1694 1909 1762 brutnqne
1930 1693 1949 1724 ⁸

367 1795 616 1847 animalia
642 1792 841 1845 omnia.

436 1884 540 1938 Cur
582 1885 826 1936 elementa
863 1890 980 1933 ante
1021 1879 1273 1932 Immineat
1315 1884 1502 1930 creata.
1542 1905 1615 1916 -—
1656 1875 1723 1929 Et
1762 1888 1948 1943 quare,

366 1977 419 2030 in
444 1975 595 2044 ,uirs,
620 1973 823 2028 tardius
849 1983 1059 2026 creatus
1079 1980 1160 2024 est
1187 1971 1370 2034 homo,
1395 1969 1438 2021 si
1465 1969 1672 2023 ca‘teris
1696 1968 1951 2037 dignitate

368 2066 634 2135 pra-stat?
668 2066 874 2119 Merito.
906 2063 1036 2117 Nam
1065 2071 1119 2115 ut
1149 2061 1454 2132 ingressuro
1484 2062 1533 2115 in
1564 2062 1827 2115 civitatem
1853 2062 1949 2115 ali-

364 2175 523 2228 quam
572 2173 727 2227 rege,
778 2170 955 2224 operte
1005 2153 1231 2223 pretium
1279 2162 1362 2207 cst
1410 2154 1655 2222 praemitti
1697 2154 1950 2209 satellites

366 2253 605 2318 aliosque
634 2262 822 2302 omnes
846 2286 861 2311 ,
888 2256 949 2299 ut
992 2246 1126 2298 bene
1166 2244 1419 2297 adornata
1464 2245 1605 2310 regia
1635 2258 1726 2296 rex
1754 2242 1804 2295 in
1830 2256 1948 2296 eam

365 2340 613 2394 adveniat
642 2356 655 2391 :
684 2336 844 2391 simili
880 2335 1038 2389 modo
1068 2349 1210 2387 nunc
1247 2334 1396 2402 quasi
1440 2348 1619 2402 regem
1659 2343 1712 2386 et
1755 2332 1950 2401 princi-

367 2446 486 2499 pem
514 2429 744 2498 aliquem
772 2426 934 2481 rebus
963 2425 1190 2479 terrenis
1231 2423 1574 2492 prtefecturus
1594 2461 1611 2488 ,
1656 2422 1804 2491 prius
1829 2438 1947 2475 om-

364 2537 490 2576 nem
532 2520 671 2575 hunc
701 2526 945 2572 ornatum
975 2514 1280 2579 fabricavit,
1328 2522 1383 2569 et
1424 2512 1633 2567 tandem
1666 2512 1727 2567 iis
1771 2514 1949 2582 praeli-

363 2611 615 2666 ciendum
668 2608 937 2663 hominem
984 2605 1270 2675 produxit,
1315 2604 1590 2658 declarans
1637 2604 1789 2658 factis
1833 2604 1948 2659 istis

362 2711 563 2772 quatito
608 2701 808 2754 honore
849 2697 1046 2751 animal
1096 2696 1196 2750 hoc
1256 2703 1625 2764 prosequatur.
1682 2696 1946 2750 Cancrum

372 2788 631 2833 ingenuus
650 2774 753 2828 hoc
772 2774 891 2828 loco
905 2773 1178 2836 Judaeum,
1198 2781 1249 2827 et
1270 2772 1555 2829 videamus
1574 2772 1704 2843 quid
1726 2786 1949 2841 respon-

369 2862 517 2923 deat,
541 2862 604 2915 ad
628 2877 790 2931 quem
811 2860 952 2915 dixit
973 2861 1149 2917 Deus:
1176 2861 1467 2917 Faciamus
1487 2864 1750 2918 hominem
1770 2878 1950 2918 secun—

369 2956 494 3008 dum
530 2955 814 3025 imaginem
847 2957 1125 3011 nostram?
1163 2954 1381 3027 Scripta
1418 2956 1563 3010 enim
1591 2964 1718 3012 sunt
1762 2958 1875 3011 hare
1916 2971 1947 3010 a

369 3043 518 3099 Mose
539 3086 554 3108 ,
595 3044 680 3098 cui
713 3059 773 3100 se
805 3042 1031 3099 credere
1062 3044 1254 3098 dicunt
1286 3044 1510 3113 quidem
1536 3086 1552 3109 ,
1580 3059 1689 3098 non
1717 3043 1949 3097 credunt

370 3144 551 3191 autem
576 3153 591 3192 :
616 3137 761 3192 sicut
783 3143 836 3190 et
858 3136 1114 3191 Christus
1142 3137 1355 3206 inquit:
1383 3135 1444 3190 Si
1472 3137 1753 3190 crederetis
1785 3134 1945 3201 Mosi,

364 3230 647 3282 crederetis
667 3228 848 3298 utique
871 3236 919 3280 et
942 3228 1068 3281 mihi
1088 3226 1271 3299 (Joan.
1291 3228 1344 3285 5.
1366 3228 1479 3296 46).
1504 3228 1607 3283 Sed
1634 3229 1804 3282 litera:
1824 3229 1947 3297 qui-

367 3320 490 3375 dem
514 3320 655 3387 apud
681 3320 806 3373 illos
828 3329 979 3385 sunt,
999 3335 1197 3374 sensus
1220 3337 1349 3374 vero
1378 3320 1521 3390 apud
1549 3322 1755 3375 nos.Ad
1780 3336 1944 3390 quem

367 3412 545 3481 igitur
581 3412 790 3465 dictum
821 3422 925 3474 est,
958 3410 1245 3467 Faciamus
1268 3413 1553 3480 hominem,
1584 3423 1640 3468 et
1673 3428 1799 3469 cum
1836 3428 1945 3483 quo

366 3505 663 3560 consiliqu
700 3507 803 3561 hoc
834 3506 1024 3561 habuit
1057 3508 1363 3563 Dominus?
1386 3508 1502 3562 Non
1537 3508 1683 3578 quod
1712 3507 1945 3563 consilio

365 3608 423 3655 et
470 3602 915 3657 consideratione
955 3617 1097 3671 opus
1144 3604 1382 3670 habeat;
1417 3602 1592 3667 absit;
1632 3604 1727 3659 sed
1774 3603 1943 3674 ﬁgura

362 3692 658 3749 verborum
684 3694 967 3750 declarare
993 3696 1184 3761 voluit,
1203 3713 1366 3767 quam
1387 3697 1743 3751 excellentem
1773 3697 1945 3751 hono-

362 3799 479 3839 rem
514 3785 743 3850 homini,
773 3788 867 3856 qui
901 3787 1266 3851 formabatur,
1295 3791 1520 3843 tribuat.
1542 3790 1683 3857 Quid
1706 3805 1836 3860 ergo
1860 3790 1944 3845 di-

361 3888 496 3933 cunt
521 3878 573 3931 hi
598 3880 690 3949 qui
718 3879 899 3935 adhuc
923 3881 1124 3937 habent
1159 3883 1408 3937 velamen
1440 3899 1599 3952 super
1637 3886 1804 3939 corda
1842 3899 1941 3940 sua

361 3969 640 4039 positum,
689 3980 744 4026 et
788 3971 923 4025 nihil
963 3987 1154 4026 eorum
1187 3987 1313 4040 quae
1346 3972 1435 4026 hic
1474 3981 1604 4028 sunt
1651 3982 1939 4038 contenta,

359 4062 668 4134 intelligere
715 4065 945 4119 volunt?
979 4064 1059 4117 Ad
1095 4065 1345 4133 angelum
1393 4066 1477 4120 vel
1526 4067 1939 4137 archangelum,

360 4156 639 4226 inquiunt,
657 4158 773 4211 haec
795 4159 940 4212 dicta
966 4165 1116 4212 sunt.
1133 4157 1177 4211 Ο
1200 4159 1492 4224 insaniam,
1513 4174 1545 4212 ο
1570 4175 1819 4231 magnam
1842 4162 1944 4214 im-

359 4247 716 4316 pudentiam!
746 4247 810 4300 Et
833 4248 1111 4318 quomodo
1135 4249 1335 4304 rationi
1357 4260 1791 4306 consentaneum
1831 4263 1940 4321 est,

361 4341 506 4396 bone
531 4341 635 4406 vir,
661 4349 719 4395 nt
739 4342 916 4413 angeli
940 4342 1230 4398 consilium
1256 4345 1445 4399 ineant
1466 4360 1591 4400 cum
1615 4346 1869 4414 Domino,
1888 4358 1944 4405 et

360 4444 633 4491 creatura:
663 4451 787 4490 cum
814 4436 1115 4493 Creatore?
1160 4438 1278 4494 Non
1310 4441 1457 4495 enim
1491 4450 1577 4496 est
1620 4442 1940 4512 angelorum

359 4529 658 4583 consilium
680 4529 833 4596 dare,
857 4533 951 4586 sed
983 4533 1265 4600 assistere,
1289 4543 1346 4589 et
1368 4536 1737 4591 ministerium
1765 4536 1942 4591 adim-

360 4623 529 4691 plere.
554 4622 625 4676 Et
640 4632 701 4676 ut
723 4623 1061 4693 discas,audi
1085 4629 1489 4685 vocalissimum
1509 4631 1727 4687 Esaiam
1749 4632 1938 4687 dicen-

359 4724 469 4770 tem
492 4716 561 4772 de
580 4719 838 4786 supernis
861 4720 1123 4788 angelicis
1149 4721 1478 4778 virtutibus:
1511 4723 1633 4778 Vidi
1656 4724 1940 4780 Cherubt'm

358 4813 559 4866 stantia
577 4828 610 4865 a
628 4813 828 4866 destris
849 4812 968 4878 Dei,
987 4825 1035 4867 et
1062 4813 1366 4881 Seraphim,
1381 4826 1429 4870 et
1448 4816 1753 4887 obtegebant
1771 4818 1937 4887 [acies

356 4904 610 4975 pedesque
630 4921 753 4959 suos
777 4906 880 4959 alis
904 4904 1064 4975 (Isai.
1085 4904 1139 4958 6.
1162 4905 1240 4975 2).
1261 4905 1416 4973 Quod
1442 4908 1561 4963 ideo
1588 4909 1788 4964 factum
1814 4926 1939 4968 esse

356 4996 534 5062 liquet
560 5036 574 5063 ,
599 4998 727 5067 quia
754 4997 937 5068 fulgur
960 4999 1264 5068 majestatis
1286 5000 1484 5055 divina
1509 5001 1632 5056 inde
1654 5002 1938 5071 egrediens

359 5091 503 5142 ferre
523 5104 633 5143 non
651 5090 998 5159 possent,sed
1018 5098 1228 5147 starent
1245 5108 1369 5147 cum
1391 5093 1588 5148 timore
1608 5100 1937 5148 ettremore.

359 5180 570 5235 Etenim
595 5183 877 5237 creaturis
901 5182 1180 5251 peculiare
1202 5191 1288 5240 est
1312 5182 1544 5239 Domino
1567 5184 1850 5240 assistere.

427 5258 482 5311 5.
510 5255 727 5311 Arianos
748 5265 797 5310 et
834 5254 1384 5328 Anthropomorphitas
1421 5255 1693 5309 insectatur
1719 5252 1943 5326 Chryso-

355 5363 569 5407 stomus.
592 5378 663 5391 -—
680 5349 877 5405 Verum
905 5351 979 5405 illi
1007 5349 1137 5405 nihil
1165 5364 1350 5405 eorum
1377 5363 1495 5418 qua:
1514 5347 1801 5417 Scriptura:
1822 5364 1940 5403 ver-

359 5443 440 5498 bis
467 5441 810 5497 continentur
851 5441 1208 5511 intelligentes
1232 5480 1249 5505 ,
1295 5447 1499 5494 temere
1535 5437 1675 5508 quod
1707 5437 1941 5493 occurrit

352 5537 623 5593 ell‘utiunt.
654 5534 721 5590 Et
751 5534 873 5590 ideo
903 5532 1142 5590 refutatis
1172 5532 1383 5586 illorum
1412 5529 1774 5585 deliramentis
1798 5570 1813 5598 ,
1852 5530 1930 5583 di-

423 5670 441 5731 ιν
474 5670 576 5717 bno
590 5675 718 5727 Mss,
743 5666 953 5731 rrptilia,
980 5678 1087 5730 qua:
1108 5667 1293 5722 natant,
1322 5661 1589 5731 brutaqtte;
1610 5660 1821 5719 Coislin.,
1856 5675 1935 5713 re-

353 5730 510 5794 ntilta,
535 5738 578 5783 et
601 5722 1056 5795 qttw'morcntur,"et
1077 5738 1186 5793 qua
1207 5727 1393 5785 nam,
1418 5722 1667 5787 brutaque,
1694 5732 1794 5775 etc.

2064 434 2272 478 ctornm
2298 425 2493 479 veritas
2512 424 2767 479 Ecclesia:
2788 425 2913 480 tiliis
2934 425 3183 480 discenda
3206 437 3303 482 est.
3336 428 3464 496 Quis
3490 433 3651 501 igitur

2060 512 2168 579 hie,
2195 513 2261 566 ad
2282 528 2439 583 quem
2466 514 2656 583 inquit,
2683 512 2958 567 Faciamus
2984 516 3238 569 hominem
3255 517 3281 570 .9
3308 518 3437 583 Quis
3464 530 3644 577 alitem

2057 605 2193 658 alius
2217 646 2233 671 ,
2265 620 2421 674 quam
2452 605 2541 660 ille
2570 605 2746 676 magni
2772 606 2979 660 consilii
3005 608 3226 677 angelus
3249 648 3263 670 ,
3299 610 3386 665 ille
3409 612 3643 666 admira-

2058 693 2181 748 bilis
2205 696 2559 759 consiliarius,
2589 705 2798 765 potens,
2827 697 3072 766 princeps
3100 698 3266 766 pacis,
3300 710 3451 767 pater
3483 701 3643 757 futuri

2063 786 2241 840 sa-culi
2274 786 2427 857 (lsai.
2451 788 2506 844 9.
2534 788 2614 858 6),
2643 788 2947 858 unigenitus
2970 789 3063 844 Dei
3089 789 3275 857 Filius,
3304 792 3441 846 Patri
3467 809 3642 862 mqua-

2060 877 2125 930 lis
2148 879 2439 933 secundum
2470 879 2842 947 substantiam,
2870 895 2967 949 per
2994 895 3155 949 quem
3184 883 3360 936 munia
3388 885 3644 953 producta

2058 970 2226 1025 sunt?
2264 971 2397 1026 lluic
2421 971 2551 1026 dicit
2578 988 2592 1025 :
2620 970 2897 1026 Faciamus
2923 973 3176 1027 hominem
3200 975 3474 1028 secundum
3514 977 3646 1028 inta-

2057 1062 2224 1131 ginem
2248 1072 2489 1129 nostram,
2516 1073 2563 1118 et
2586 1064 2860 1118 secundum
2884 1064 3288 1119 similitudinem.
3318 1066 3413 1121 llic
3433 1069 3645 1123 Arianis

2059 1155 2270 1210 letalem
2300 1156 2507 1226 plagam
2546 1156 2755 1226 inﬂigit.
2799 1156 2915 1212 Non
2959 1158 3103 1212 enim
3147 1158 3458 1228 imperando
3482 1160 3640 1228 dixit,

2061 1243 2183 1310 Fac,
2213 1253 2270 1300 ut
2292 1245 2506 1301 subdito
2533 1255 2585 1302 et
2614 1246 2892 1315 inferiori,
2925 1248 3008 1302 vel
3037 1256 3095 1304 ut
3124 1248 3316 1302 minori
3348 1249 3640 1306 secundum

2056 1336 2366 1400 essentiam,
2393 1335 2487 1391 sed
2510 1351 2632 1392 cum
2658 1338 2964 1393 omnimoda
2985 1339 3310 1407 aequalitate,
3335 1338 3641 1394 Faciamus:

2056 1436 2111 1480 et
2153 1427 2295 1494 quod
2344 1428 2586 1496 sequitur
2639 1441 2822 1482 rursus
2873 1428 3271 1482 similitudinem
3330 1430 3643 1485 substantim

2057 1515 2309 1569 ostendit.
2335 1514 2612 1570 Faciamus
2633 1518 2799 1582 enim,
2824 1518 2915 1583 ait,
2941 1518 3194 1571 hominem
3218 1520 3490 1572 secundum
3513 1522 3644 1572 ima—

2055 1605 2224 1676 ginem
2249 1616 2491 1671 nostram,
2526 1615 2571 1660 et
2596 1606 2871 1659 secundum
2898 1608 3300 1661 similitudinem.
3332 1609 3524 1664 lterum
3554 1611 3642 1665 hic

2058 1697 2337 1765 insurgunt
2366 1696 2601 1751 haeretici
2630 1696 2741 1762 alii,
2773 1697 3021 1750 Ecclesia:
3048 1698 3291 1765 dogmata
3321 1699 3637 1769 impugnan-

2057 1796 2137 1840 tes
2161 1828 2175 1851 ,
2205 1800 2257 1840 et
2284 1786 2469 1841 dicunt
2494 1804 2508 1840 :
2542 1786 2681 1841 Ecce
2724 1787 2890 1852 dicit,
2923 1786 3215 1841 Secundum
3245 1789 3514 1859 imaginem
3541 1807 3635 1844 no-

2054 1888 2264 1932 stram:
2293 1888 2348 1933 et
2388 1878 2514 1934 inde
2559 1878 2741 1933 volunt
2786 1878 2896 1932 Deo
2942 1879 3222 1933 humanam
3270 1879 3491 1934 formam
3541 1884 3639 1936 tri-

2056 1969 2222 2025 buere
2254 1986 2267 2022 :
2300 1969 2352 2023 id
2378 1968 2519 2039 quod
2549 1978 2805 2025 extremae
2833 1967 2992 2024 fuerit
3035 1972 3311 2038 amentiae,
3348 1980 3403 2026 ut
3432 1975 3507 2037 is,
3548 1976 3639 2043 qui

2057 2061 2222 2114 forma
2255 2060 2541 2131 specieque
2583 2069 2768 2125 caret,
2814 2069 2870 2115 et
2898 2059 3030 2114 nulli
3075 2063 3349 2116 mutationi
3379 2063 3639 2119 obnoxius

2055 2160 2139 2206 est
2160 2192 2174 2216 ,
2204 2151 2305 2206 sub
2334 2151 2618 2206 humanam
2650 2151 2919 2222 redigatur
2948 2150 3174 2205 formam
3197 2194 3212 2219 ,
3245 2160 3298 2207 et
3325 2153 3639 2223 incorporeo

2057 2242 2295 2297 membra
2317 2251 2373 2297 et
2398 2242 2717 2298 lineamenta
2738 2243 3112 2298 attribuantur.
3136 2244 3263 2311 Qua:
3286 2243 3410 2300 huic
3435 2246 3637 2300 insania

2056 2348 2153 2402 par
2195 2334 2389 2399 fuerit,
2438 2348 2558 2388 cum
2600 2348 2704 2388 non
2748 2334 2918 2387 solmn
2952 2334 3084 2387 nihil
3114 2334 3247 2389 lucri
3290 2349 3320 2388 a
3349 2335 3640 2405 Scripturis

2053 2423 2309 2477 divinitus
2354 2423 2626 2492 inspiratis
2671 2421 2939 2489 referant,
2981 2423 3076 2478 sed
3119 2432 3174 2479 ct
3199 2424 3483 2492 plurimum
3515 2425 3640 2481 inde

2053 2512 2438 2568 offendantur?
2465 2512 2635 2569 Simili
2665 2514 2811 2568 enim
2842 2513 3002 2569 modo
3029 2513 3202 2570 affecti
3230 2526 3380 2583 sunt,
3412 2527 3570 2587 atque
3593 2519 3639 2573 si

2053 2603 2141 2673 qui
2169 2604 2356 2658 morbo
2384 2603 2660 2671 laborant,
2692 2612 2747 2659 et
2772 2604 3139 2673 corporalibus
3167 2606 3334 2661 oculis
3362 2606 3640 2662 inlirman-

2055 2704 2158 2750 tur.
2209 2694 2275 2751 Ut
2304 2695 2445 2749 enim
2494 2695 2569 2750 illi
2604 2696 2673 2750 ob
2717 2695 2993 2750 oculorum
3024 2710 3243 2751 suorum
3275 2697 3639 2753 infirmitatem

2053 2787 2184 2842 solis
2209 2787 2380 2841 lucem
2406 2802 2548 2857 aegre
2576 2786 2783 2855 ferunt,
2813 2795 2870 2842 et
2897 2788 3024 2858 a‘gri
3051 2788 3210 2843 etiam
3242 2789 3473 2857 optimos
3498 2792 3641 2845 salu-

2053 2879 2417 2948 berrimosque
2444 2879 2592 2933 cibos
2613 2890 2929 2934 aversantur
2963 2898 2977 2934 :
3011 2880 3080 2934 ita
3106 2890 3159 2935 et
3185 2881 3237 2934 hi
3263 2883 3438 2936 anima
3466 2899 3638 2953 a-gro—

2052 2978 2263 3034 tantes,
2311 2979 2363 3023 et
2404 2971 2598 3024 mentis
2635 2970 2805 3023 oculis
2846 2969 3024 3038 capti,
3072 2969 3138 3024 ad
3184 2970 3359 3025 lumen
3402 2973 3638 3029 veritatis

2051 3063 2319 3131 respicere
2359 3076 2464 3115 non
2495 3070 2735 3130 possunt.
2770 3061 2974 3117 Idcirco
3001 3072 3183 3116 nostro
3214 3062 3494 3133 fungentes
3521 3080 3640 3119 mu-

2050 3169 2201 3217 nere,
2237 3168 2426 3209 manus
2452 3154 2530 3210 eis
2557 3156 2889 3224 porriganius
2907 3195 2922 3222 ,
2955 3171 3250 3226 magnaque
3279 3158 3357 3212 eis
3386 3174 3637 3215 mansue-

2052 3245 2233 3300 tudine
2262 3246 2561 3315 loquamur.
2602 3245 2735 3301 Nam
2762 3257 2816 3302 et
2846 3247 3032 3301 beatus
3060 3248 3254 3304 Paulus
3294 3251 3362 3303 ita
3391 3265 3489 3304 nos
3519 3267 3637 3306 mo-

2050 3338 2163 3391 nuit
2187 3336 2372 3391 dicens
2395 3356 2406 3390 :
2438 3336 2504 3391 Ut
2524 3338 2578 3391 in
2606 3338 2995 3392 mansuetudine
3019 3340 3315 3393 erudiuntur
3336 3343 3635 3409 adversarii,

2051 3426 2095 3481 si
2123 3430 2255 3496 forte
2277 3426 2361 3481 det
2388 3428 2459 3481 eis
2489 3426 2628 3481 Deus
2657 3429 3001 3499 paenitentiam
3043 3430 3093 3484 in
3123 3432 3429 3501 agnitionem
3457 3435 3637 3487 verita-

2050 3516 2133 3581 tis,
2163 3527 2211 3571 et
2238 3518 2308 3570 ad
2332 3518 2649 3572 sobrietatem
2676 3520 2859 3574 mentis
2886 3520 3093 3575 redeant
3126 3522 3189 3576 de
3217 3523 3393 3592 laqueo
3422 3525 3633 3592 diaboli,

2049 3625 2081 3662 a
2107 3626 2206 3681 quo
2247 3610 2432 3681 captivi
2477 3619 2741 3677 tenentur,
2785 3610 2854 3664 ad
2880 3612 3019 3665 illius
3052 3612 3353 3667 voluntatem
3384 3614 3472 3682 (2.
3496 3614 3631 3669 Tim.

2048 3701 2102 3755 ἢ.
2133 3700 2262 3773 25).
2296 3700 2456 3757 Vides
2483 3701 2755 3771 quomodo
2782 3701 2960 3757 verbis
2988 3702 3313 3767 declaravit,
3360 3720 3453 3759 eos
3481 3707 3634 3775 quasi

2048 3793 2307 3847 ebrietate
2353 3792 2600 3862 quapiam
2646 3791 2866 3847 obrutos
2910 3792 3079 3847 esse?
3125 3792 3256 3847 Nam
3301 3795 3442 3862 quod
3484 3795 3633 3861 dicit,

2050 3883 2131 3936 Ad
2158 3884 2474 3937 sobrietatem
2504 3882 2683 3936 mentis
2730 3882 2980 3948 redeant,
3012 3884 3245 3938 ostendit
3286 3900 3380 3938 eos
3421 3887 3471 3938 in
3506 3902 3630 3953 pro-

2049 3973 2216 4029 fundo
2243 3974 2422 4045 aliquo
2448 3990 2654 4030 mersos
2682 3989 2823 4030 esse.
2852 3975 2919 4029 Et
2947 3975 3138 4030 iterum
3164 4015 3178 4042 ,
3216 3977 3364 4046 Capti
3386 4020 3401 4038 .
3439 3979 3632 4048 inquit,

2048 4080 2079 4119 a
2107 4065 2338 4132 diabolo,
2365 4065 2513 4136 quasi
2541 4065 2761 4131 diceret,
2791 4073 3057 4134 tamquam
3088 4066 3293 4135 laqueis
3314 4068 3632 4138 quibusdam

2049 4156 2240 4211 irretiti
2266 4164 2407 4210 sunt.
2444 4155 2594 4210 Unde
2618 4160 2676 4211 et
2716 4154 2869 4209 nobis
2894 4170 3083 4227 magna
3110 4171 3244 4227 opus
3270 4166 3352 4211 est
3382 4174 3632 4215 inausue-

2050 4248 2231 4303 tudine
2256 4256 2311 4302 et
2354 4247 2604 4317 patientia
2629 4289 2643 4313 ,
2675 4256 2733 4302 ut
2771 4248 3039 4317 possimus
3066 4264 3159 4303 eos
3184 4251 3391 4320 eripere
3419 4261 3473 4305 et
3498 4252 3631 4305 edu-

2048 4353 2172 4393 cere
2198 4352 2264 4393 ex
2296 4338 2498 4407 laqueis
2538 4337 2755 4393 diaboli.
2789 4339 3037 4394 Dicamus
3078 4340 3237 4410 igitur
3272 4342 3350 4396 eis
3378 4359 3391 4394 :
3425 4342 3633 4412 Resipi-

2048 4432 2181 4486 scite
2226 4431 2527 4501 paulisper,
2574 4432 2794 4501 aspicite
2842 4431 3019 4486 lumen
3057 4432 3315 4501 justitite,
3348 4434 3633 4503 expendite

2048 4523 2322 4579 vobiscum
2349 4523 2629 4579 verborum
2658 4523 3070 4578 accurationem.
3114 4523 3299 4593 Neque
3338 4528 3480 4580 enim
3507 4541 3631 4582 cum

2049 4615 2178 4671 dicit
2199 4631 2212 4668 :
2230 4613 2502 4667 Faciamus
2524 4613 2773 4667 hominem
2794 4614 3066 4667 secundum
3088 4614 3359 4684 imaginem
3380 4627 3629 4682 nostram,

2049 4716 2096 4761 et
2124 4704 2400 4761 secundum
2429 4704 2847 4771 similitudinem,
2882 4705 2966 4759 hic
2994 4720 3296 4760 sermonem
3328 4706 3503 4770 sistit,
3536 4708 3631 4761 sed

2051 4814 2145 4869 per
2171 4813 2232 4854 ea
2276 4813 2394 4868 qua:
2435 4796 2674 4866 adjungit
2714 4795 2886 4864 palam
2919 4797 3070 4849 nobis
3116 4796 3272 4858 facit,
3321 4812 3426 4866 quo
3469 4812 3632 4852 sensu

2050 4905 2242 4946 nomen
2276 4889 2520 4959 imaginis
2549 4888 2803 4958 posuerit.
2832 4886 2967 4955 Quid
2996 4886 3137 4940 enim
3178 4887 3344 4940 dicit?
3375 4886 3438 4940 Et
3466 4888 3633 4941 domi-

2053 4992 2235 5036 nentur
2263 4981 2480 5051 piscibus
2509 4980 2663 5033 maris
2687 5020 2702 5044 ,
2749 4988 2797 5032 et
2821 4976 3105 5031 volatilibus
3134 4978 3245 5032 caali
3266 5019 3282 5043 ,
3328 4988 3374 5031 et
3403 4979 3634 5033 omnibus

2048 5072 2309 5144 reptilibus
2331 5071 2613 5141 repentibus
2635 5087 2785 5141 super
2812 5067 3324 5141 terram.‘Imaginem
3351 5085 3478 5139 ergo
3500 5070 3634 5126 dixit

2049 5165 2342 5221 secundum
2375 5163 2727 5232 principatum
2757 5171 2810 5217 et
2838 5162 3129 5216 dominium
3156 5203 3172 5228 ,
3200 5178 3306 5216 non
3336 5161 3628 5219 secundum

2047 5259 2188 5315 aliud
2220 5257 2489 5329 quidpiam
2518 5277 2531 5311 :
2560 5254 2756 5310 etenim
2789 5255 2930 5310 Detts
2976 5254 3096 5309 fecit
3131 5255 3398 5311 hominem
3432 5256 3631 5324 priuci~
3660 5238 3669 5245 ’

2050 5366 2168 5421 pem
2198 5349 2434 5405 omnium
2464 5361 2582 5417 quae
2612 5355 2737 5401 sunt
2763 5361 2925 5415 super
2956 5357 3151 5401 terram
3172 5388 3187 5415 ,
3229 5358 3283 5402 et
3312 5346 3439 5400 nihil
3470 5363 3636 5421 super

2048 5452 2245 5496 terram
2278 5439 2497 5501 homine
2524 5438 2697 5508 majus
2736 5447 2855 5503 est,
2898 5437 2995 5493 sed
3024 5438 3200 5493 omnia
3229 5436 3329 5493 sub
3373 5446 3636 5507 potestate

2047 5531 2190 5586 illius
2213 5539 2355 5584 sunt.
3492 5530 3493 5533 “

2118 5625 2170 5676 4.
2211 5622 2361 5687 Quod
2412 5621 2457 5675 si
2507 5630 2626 5690 post
2674 5628 2871 5674 tantam
2923 5618 3185 5674 dictormn
3234 5618 3635 5674 accuratianem

2048 5713 2221 5770 adhuc
2248 5728 2311 5768 ea
2340 5713 2479 5768 dicta
2507 5728 2627 5769 esse
2670 5711 2998 5767 contendant
3042 5710 3109 5769 de
3152 5700 3337 5768 forma:
3382 5710 3633 5782 imagine.
