4018 6136
324 285 395 344 εδ
1129 293 1187 349 S.
1225 291 1508 349 JOANNIS
1538 283 2030 347 αιιινεοεοιυιιι
2069 283 2386 344 ARCIIIEP.
2427 289 2964 346 CONSTANTINOP.
3687 288 3764 345 τε

321 403 462 458 κόνι
491 405 764 476 εἰρῆσθαι,
801 408 1032 478 ἐροῦμεν
1073 409 1208 478 πρὸς
1241 409 1462 471 αὐτούς·
1491 407 1688 460 οὑκοῦν
1731 405 1792 458 οὐ
1831 404 1991 474 μόνον

319 488 354 540 ό
386 487 688 559 ἄνθρωπος,
723 489 858 542 ἀλλά
884 491 978 543 καὶ
1007 491 1041 560 η
1080 491 1219 560 γυνὴ
1248 491 1521 560 δηλονότι·
1553 489 1653 560 τὴν
1685 488 1854 557 αὐτὴν
1881 487 1990 557 γάρ

323 572 544 640 μορφὴν
562 570 811 641 ἑκάτεροι
833 571 1070 640 ἔχουσιν.
1105 573 1246 626 Ἀλλ’
1276 575 1378 627 οὐκ
1397 575 1464 628 ἂν
1489 574 1604 644 ἔχοι
1633 572 1790 625 τοῦτο
1809 570 1987 637 λόγον.

330 653 528 705 Ἄκουε
558 653 665 724 γάρ
691 653 784 707 τοῦ
825 655 1039 710 Παύλου
1067 656 1344 724 λέγοντος·
1387 658 1560 725 ’Ἀνὴρ
1595 657 1712 726 μὲν
1739 654 1849 722 γὰρ
1880 656 1991 708 οὐκ

318 733 551 801 ὀφείλει
585 739 1148 793 κατακαλύπτεσθαι
1187 739 1304 807 τὴν
1351 739 1648 808 κεφαλὴν,
1677 737 1856 792 εἰκὼν
1891 734 1995 791 καὶ

321 814 478 880 δόξα
504 817 652 870 Θεοῦ
670 816 957 888 ὑπάρχων
978 837 992 850 ·
1018 823 1058 888 ἠ
1089 820 1160 874 δὲ
1179 822 1332 891 γυνὴ
1369 823 1520 886 δόξα
1543 821 1762 889 ἀνδρός
1797 822 1986 873 ἐστιν.

339 895 399 948 ὀ
428 897 527 966 μὲν
557 897 666 969 γάρ
697 901 875 970 ἄρχει,
912 903 946 971 ἦ
979 903 1037 955 δὲ
1064 905 1444 968 ὑποτέτακται,
1474 903 1658 966 καθὼς
1683 903 1779 957 καὶ
1800 903 1830 954 ό
1855 901 1992 964 Θεὸς

315 977 385 1042 ἐξ
419 980 593 1050 ἀρχῆς
633 982 768 1051 πρὸς
801 983 969 1054 αὑτήν
1006 1003 1166 1056 φησι,
1214 986 1370 1053 Πρὸς
1412 987 1518 1040 τὸν
1558 985 1748 1054 ἄνδρα
1789 1001 1910 1038 σου
1946 983 1988 1050 ἡ

317 1061 678 1131 ἀποστροφή
723 1080 862 1126 σου,
897 1068 995 1120 καί
1035 1071 1219 1134 αὐτός
1248 1083 1364 1122 σου
1403 1071 1724 1137 κυριεύσει.
1771 1068 1988 1140 Ἐπειδὴ

325 1143 436 1212 γάρ
462 1145 600 1197 κατά
621 1147 710 1198 τὸν
730 1148 827 1214 τῆς
851 1150 1026 1220 ἀρχῆς
1046 1148 1202 1216 λόγον
1222 1151 1282 1204 τὸ
1305 1151 1404 1220 τῆς
1427 1152 1632 1215 εἰκόνος
1663 1151 1984 1222 παρείληφε,

327 1225 420 1304 καί
448 1225 506 1276 οὑ
541 1227 680 1280 κατά
712 1227 808 1298 τὴν
837 1232 1068 1301 μορφὴν,
1099 1233 1126 1284 ό
1153 1231 1208 1283 δὲ
1241 1232 1523 1303 ἄνθρωπος
1551 1234 1709 1304 ἄρχει
1747 1234 1984 1296 πάντων,

327 1305 362 1384 η
467 1305 600 1384 γυνὴ
628 1308 1006 1375 ὑποτέτακται,
1040 1312 1127 1365 διά
1157 1313 1316 1367 τοῦτό
1345 1331 1476 1384 φησι
1515 1303 1642 1384 περὶ
1669 1313 1762 1366 τοῦ
1797 1313 1988 1384 ἀνδρὸς

319 1383 617 1464 quas)“,
649 1387 730 1440 δτι
769 1390 932 1443 εἰκὼν
960 1392 1053 1444 καὶ
1084 1392 1210 1459 δόξα
1237 1392 1372 1446 Θεοῦ
1407 1383 1657 1463 ὑπάρχει,
1685 1395 1719 1464 ἡ
1753 1393 1810 1446 δὲ
1848 1383 1986 1464 γυνὴ

325 1461 451 1529 δόξα
491 1467 682 1538 ἀνδρός
716 1471 882 1526 ἐστιν.
916 1475 1061 1528 Εἰδέ
1106 1475 1232 1546 περὶ
1280 1477 1490 1546 μορφῆς
1520 1461 1736 1544 ἔλεγεν,
1769 1476 1868 1529 οὑκ
1920 1461 1986 1528 ἂν

323 1547 552 1627 διεῖλεν*
591 1553 620 1604 ό
655 1552 764 1624 γὰρ
800 1554 962 1618 αὐτὸς
1007 1555 1175 1620 τύπος
1223 1558 1316 1610 καὶ
1344 1557 1536 1627 ἀνδρὸς
1581 1557 1676 1609 καὶ
1705 1557 1982 1625 γυναικόςο

328 1626 480 1711 Εἶδες
503 1633 601 1702 τῆς
629 1634 885 1705 ἀληθείας
911 1639 1009 1709 τὴν
1037 1641 1370 1710 περιουσίαν,
1395 1626 1511 1704 πῶς
1538 1641 1792 1711 οὐδεμίαν
1816 1656 1985 1694 κατα-

323 1709 584 1793 λιμπάνει
627 1717 919 1786 ἀπολογίας
955 1721 1222 1792 πρόφασιν
1255 1726 1366 1786 τοῖς
1401 1709 1774 1793 ἀναισχυντεῖν
1805 1723 1988 1792 βουλο-

317 1791 540 1859 μένοις
578 1797 714 1852 Ἀλλ’
748 1802 896 1870 ὅμως
928 1791 1020 1856 καὶ
1048 1791 1248 1857 τούτων
1286 1804 1456 1867 οὕτως
1485 1791 1716 1875 ἐχόντων
1749 1791 1824 1876 μὴ
1851 1824 1988 1860 παυ-

321 1876 550 1945 σώμεθα
583 1881 750 1951 πολλῇ
787 1885 850 1953 τῇ
881 1885 1229 1956 μακροθυμίᾳ
1252 1886 1385 1957 πρὸς
1402 1888 1601 1951 αὐτοὺς
1631 1890 1981 1959 κεχρημένοι,

325 1959 421 2026 Μή
461 1976 605 2013 ποτε
653 1961 734 2027 δῷ
765 1965 971 2032 αὐτοῖς
1003 1970 1037 2020 ὁ
1080 1968 1224 2034 Θεὸς
1257 1968 1579 2038 μετάνοιαν
1610 1971 1696 2035 εἰς
1732 1971 1985 2040 ἐπίγνω-

315 2054 430 2125 σιν
465 2043 766 2110 ἀληθείας.
817 2049 908 2119 Μὴ
958 2050 1137 2104 τοίνυν
1184 2053 1542 2122 ναρκήσωμεν
1583 2066 1609 2092 ιι
1641 2052 1840 2124 πολλὴν
1887 2054 1985 2125 τὴν

325 2124 620 2206 ἐπιείκειαν
673 2127 1136 2202 ἐπιδεικνύμενοι,
1187 2136 1355 2198 εῐπως
1394 2133 1748 2206 δυνηθείημεν
1789 2124 1986 2200 αὐτοῦς

324 2203 630 2276 ἐξαρπάσαι
664 2210 764 2279 τῆς
804 2211 898 2264 τοῦ
943 2213 1189 2268 διαϐόλου
1245 2203 1663 2286 ἀπάτηςονκαὶ,
1706 2220 1755 2270 εἰ
1804 2219 1983 2282 δοκεῖ,

325 2289 486 2341 πάλιν
534 2291 915 2364 ἐπιστήσωμεν
955 2297 1137 2360 αὐτοῖς
1173 2297 1264 2352 τὸν
1301 2300 1564 2370 μακάριον
1598 2300 1808 2353 Παῦλον
1845 2300 1984 2354 οὕτω

323 2369 553 2438 λέγοντα
577 2373 713 2445 πρὸς
758 2378 884 2440 τοὺς
913 2377 1012 2442 τὰς
1055 2379 1284 2449 Ἀθήνας
1321 2369 1631 2444 οἰκοῦντας·
1673 2385 1795 2437 Οὐκ
1826 2383 1984 2452 ὀφει-

323 2457 511 2520 λομεν
543 2455 800 2524 νομίζειν
835 2459 1063 2528 χρυσῷ,
1091 2462 1130 2529 ἢ
1163 2463 1416 2530 ἀργύρῳ,
1452 2464 1491 2532 ἢ
1533 2465 1700 2532 λίθῳ,
1727 2465 1766 2533 ἢ
1802 2466 1988 2535 χαρά·

321 2556 497 2605 γματι
521 2539 736 2608 τέχνης
755 2543 792 2610 ἢ
817 2543 1202 2614 ἐνθυμήσεως
1222 2547 1534 2615 ἀνθρώπου
1556 2548 1620 2602 τὸ
1645 2550 1814 2603 Θεῖον
1831 2547 1984 2604 εἶναι

325 2619 548 2704 ὅμοιον.
569 2619 718 2686 Εἶδες
743 2625 833 2677 τὸν
858 2627 1018 2695 σοφὸν
1043 2627 1376 2692 διδάσκαλον,
1400 2630 1517 2699 μεθ’
1541 2633 1672 2702 ὅσης
1699 2633 1984 2704 ἀκριϐείας

324 2702 504 2756 πᾶσαν
535 2705 712 2758 αὑτῶν
738 2707 958 2778 ἐξέκοψε
981 2708 1077 2780 τὴν
1104 2711 1354 2780 ἀπάτηνς
1387 2713 1461 2766 Οὐ
1493 2715 1650 2784 μόνον
1676 2702 1787 2786 γὰρ
1809 2715 1980 2770 τύπου

322 2786 877 2868 σωματικοῦ.ἐφησεν
897 2791 1238 2862 ἀπηλλάχθαι
1263 2793 1323 2846 τὸ
1352 2794 1526 2855 Θεῖον.
1558 2795 1694 2849 ἀλλά
1734 2797 1868 2868 μηδὲ
1898 2800 1984 2852 ἐν·

326 2867 562 2938 θύμησιν
589 2870 875 2940 ἀνθρώπου
895 2873 1121 2946 δυνατὴν
1147 2870 1286 2928 εἶναι
1308 2877 1613 2933 ἀναπλάσαι
1642 2895 1693 2932 τι
1718 2867 1979 2935 τοιοῦτον.

322 2950 508 3003 Ταῦτα
538 2953 672 3022 πρὸς
693 2955 887 3018 αὐτοὺς
915 2957 1150 3028 συνεχῶς
1173 2957 1563 3028 διαλεγόμενοι,
1598 2959 1672 3032 μὴ
1699 2962 1980 3032 παύσησθε

324 3033 392 3115 τὰ
427 3037 558 3115 παρ“
593 3035 798 3088 ἐαυτῶν
823 3037 1193 3108 εἰσφέροντες,
1227 3038 1292 3093 ἂν
1321 3041 1427 3112 ἄρα
1459 3042 1679 3096 ἐνδῶσιν
1697 3043 1748 3108 δ,
1780 3044 1846 3096 ἂν
1875 3044 1981 3115 ἀρα

319 3112 624 3185 βουληθῶσι
673 3118 956 3187 διαϐλέψαι
1011 3121 1149 3190 πρὸς
1175 3122 1274 3192 τὴν
1299 3121 1576 3190 ἀλήθειαν.
1607 3123 1711 3177 Καὶ
1754 3112 1981 3190 ἐκείνοις

320 3194 425 3259 μὲν
455 3197 592 3266 μετά
621 3197 817 3268 πολλῆς
847 3201 1145 3264 ἐπιεικείας
1177 3203 1270 3255 καὶ
1290 3193 1390 3270 τῆς
1418 3203 1715 3269 ἀσφαλείας
1742 3204 1982 3274 διαλεγό-

321 3294 476 3344 μενοι
528 3279 602 3349 μὴ
656 3281 957 3350 παύσησθε,
1017 3283 1168 3336 αὐτοὶ
1198 3283 1290 3350 δὲ,
1321 3283 1434 3356 [62]
1468 3287 1788 3356 παρακαλῶ,
1843 3289 1980 3359 μετά

324 3360 608 3445 ἀκριϐείας
635 3362 703 3415 τὰ
731 3363 992 3445 δόγματα
1041 3365 1141 3434 τῆς
1193 3366 1517 3438 Ἐκκλησίας
1571 3371 1849 3440 κατέχετε,
1905 3374 1980 3445 μὴ

326 3444 647 3526 συγχέοντες
673 3443 780 3498 τῶν
802 3447 1104 3517 είρημένων
1151 3447 1251 3519 τὴν
1283 3449 1604 3504 ἀκολουθίαν
1628 3493 1642 3517 ,
1680 3453 1814 3506 ἀλλά
1845 3443 1981 3526 πρὸς

323 3525 428 3593 μὲν
452 3525 734 3591 Ἰουδαίους
759 3529 1103 3600 καταλλήλως
1123 3530 1514 3603 διαλεγόμενοι,
1533 3536 1627 3590 καὶ
1653 3525 1977 3603 δεικνύντες,

325 3608 408 3659 ὅτι
437 3607 495 3660 ού
538 3609 673 3678 πρός
700 3628 820 3664 τινα
844 3612 950 3665 τῶν
993 3612 1378 3685 λειτουργικῶν
1406 3617 1687 3688 δυνάμεων
1716 3621 1886 3674 ταῦτα
1913 3623 1982 3677 τά

325 3691 610 3761 εἰρημένα,
644 3693 779 3747 ἀλλά
807 3695 941 3764 πρὸς
974 3696 1136 3749 αὐτὸν
1157 3697 1247 3751 τὸν
1267 3700 1530 3770 μονογενῆ
1555 3701 1648 3755 τοῦ
1673 3703 1807 3756 Θεοῦ
1834 3705 1977 3758 Υἰόνο

328 3773 464 3843 πρὸς
492 3774 548 3828 δέ
575 3778 698 3839 τοὺς
723 3776 791 3829 τά
829 3777 1036 3846 Ἀρείου
1066 3779 1392 3851 φρονοῦντας
1431 3783 1592 3836 πάλιν
1615 3783 1860 3839 ἐντεῦθεν
1882 3787 1980 3858 τὴν

321 3857 617 3926 όμοτιμίαν
668 3857 761 3911 τοῦ
809 3859 936 3913 Υἰοῦ
973 3861 1108 3932 πρὸς
1143 3862 1231 3915 τὸν
1266 3863 1482 3934 Πατέρα
1529 3857 1978 3932 ἀποδεικνύντες)

327 3939 421 3991 καὶ
452 3939 586 4009 πρὸς
615 3941 739 4004 τοὺς
762 3941 1224 4014 ἀνθρωπόμορφον
1258 3943 1317 3996 τὸ
1377 3944 1526 3998 Θείον
1552 3942 1690 4000 εἶναι
1720 3949 1982 4016 φανταζο-

325 4023 524 4092 μένους
553 4023 620 4077 τά
649 4024 800 4097 παρά
837 4025 930 4079 τοῦ
958 4028 1232 4098 μακαρίου
1265 4025 1478 4080 Παύλου
1495 4028 1764 4099 εἰρημένα
1789 4033 1868 4095 εἰς
1895 4033 1982 4100 μέ.

329 4121 419 4156 σον
465 4108 896 4177 παραγαγόντες,
953 4109 1284 4178 ἀνατρέπετε
1318 4109 1415 4178 μὲν
1446 4108 1514 4162 τὰ
1548 4109 1795 4174 ζιζανίων
1824 4113 1980 4184 δίκην

320 4187 663 4258 ἐπιφυόμενα
695 4189 910 4260 ὀλέθρια
944 4192 1225 4260 νοσήματα
1247 4194 1356 4254 τοῖς
1391 4191 1491 4260 τῆς
1539 4192 1860 4264 Ἐκκλησίας
1897 4196 1982 4250 δό-

327 4285 516 4338 γμασι·
551 4269 873 4334 σπουδάζετε
907 4281 929 4310 ο
953 4271 1008 4324 δὲ
1035 4271 1320 4343 κρατύνειν
1341 4273 1397 4324 ἐν
1428 4273 1638 4337 ἑαυτοῖς
1684 4275 1753 4328 τά
1784 4277 1980 4349 εὐσεϐῆ

321 4353 645 4423 διδάγματα.
676 4354 940 4424 Βούλομαι
961 4356 1066 4427 γάρ
1095 4355 1190 4408 καὶ
1224 4354 1452 4426 εὔχομαι
1488 4356 1694 4421 πάντας
1731 4360 1875 4430 ὑμᾶς
1911 4363 1984 4417 δι-

321 4433 610 4487 δασκάλων
634 4433 784 4498 τάξιν
817 4434 1052 4504 ἐπέχειν,
1082 4435 1180 4487 καὶ
1206 4435 1286 4505 μὴ
1330 4438 1492 4507 μόνον
1520 4437 1793 4509 ἀκροατάς
1842 4437 1980 4498 εἶναι

326 4516 604 4598 τῶνᾲπαμ
661 4515 816 4587 ημῶν
844 4515 1169 4598 λεγομένων,
1221 4517 1356 4571 ἀλλά
1391 4519 1482 4572 καὶ
1509 4521 1715 4592 ἑτέροις
1761 4523 1981 4598 διαπορ-

324 4596 571 4666 θμεύειν,
601 4598 697 4650 καὶ
720 4597 1034 4670 σαγηνεύειν
1062 4601 1185 4663 τοὺς
1208 4600 1287 4654 ἐτι
1311 4601 1690 4672 πλανωμένους
1715 4605 1850 4676 πρὸς
1881 4596 1980 4680 τῆν

326 4681 426 4750 τῆς
453 4680 704 4749 ἀληθείας
733 4681 878 4734 ὁδόνο
906 4681 1154 4753 καθάπερ
1176 4686 1266 4736 καὶ
1288 4683 1496 4748 Παῦλός
1527 4703 1708 4757 φησιν,
1741 4685 1844 4756 Εἷς
1875 4692 1982 4747 τὸν

321 4764 432 4818 ἕνα
469 4763 842 4833 οἰκοδομεῖτε,
892 4766 1002 4829 καὶ,
1043 4766 1202 4820 Μετὰ
1233 4767 1418 4834 φόϐου
1467 4769 1564 4821 καὶ
1606 4773 1822 4840 τρόμου
1867 4774 1982 4843 τὴν

320 4846 556 4902 ἑαυτῶν
593 4848 895 4916 σωτηρίαν
937 4847 1373 4917 κατεργάζεσθε.
1422 4849 1606 4915 Οῦτως
1655 4855 1785 4925 ἡμῖν
1815 4857 1908 4910 καὶ
1947 4859 1980 4930 ἡ

337 4931 631 5000 Ἐκκλησία
681 4934 758 4996 εἰς
815 4932 1017 5002 πλῆθος
1066 4931 1352 4996 ἐπιδώσει,
1389 4935 1482 4986 καὶ
1533 4934 1686 5005 ὑμεῖς
1740 4937 1979 5006 πλείονος

322 5013 696 5068 ἀπολαύσεσθε
721 5015 822 5084 τῆς
856 5015 1062 5070 ἀνωθεν
1097 5015 1291 5087 ῥοπῆς,
1323 5015 1521 5088 πολλὴν
1561 5017 1670 5071 τῶν
1705 5019 1979 5091 ὑμετέρων

321 5095 504 5165 μελῶν
538 5097 634 5166 τὴν
658 5097 911 5167 πρόνοιαν
939 5099 1272 5168 ποιούμενοι.

391 5178 452 5231 ε’.
490 5179 624 5232 Οὑδέ
651 5179 758 5250 γὰρ
781 5178 961 5250 ἐαυτῷ
992 5181 1151 5251 μόνον
1189 5183 1377 5251 ἀρκεῖν
1405 5184 1434 5235 ὁ
1460 5183 1593 5248 Θεὸς
1615 5183 1861 5254 βούλεται
1888 5189 1980 5245 τὸν

323 5261 679 5332 Χριστιανὸν,
708 5261 844 5315 ἀλλά
876 5265 968 5316 καὶ
1003 5265 1223 5336 ἐτέρους
1250 5265 1548 5336 οἰκοδομεῖν
1572 5268 1632 5321 οὑ
1656 5270 1743 5324 διά
1775 5271 1874 5343 τῆς
1899 5273 1978 5328 δι-

322 5343 618 5407 δασκαλίας
651 5345 827 5415 μόνον,
863 5345 998 5399 ἀλλά
1037 5347 1131 5400 καὶ
1151 5345 1239 5400 διὰ
1285 5348 1378 5401 τοῦ
1418 5348 1554 5417 βίου,
1587 5351 1681 5406 καὶ
1717 5353 1819 5424 τῆς
1855 5357 1980 5409 ἀναρ

321 5428 561 5500 στροφῆς
581 5446 594 5459 ·
613 5428 762 5482 οὐδὲν
783 5428 890 5500 γὰρ
915 5428 1088 5492 οὕτως
1118 5430 1300 5498 ἐνάγει
1328 5431 1464 5503 πρὸς
1489 5433 1587 5504 τῆν
1603 5434 1702 5506 τῆς
1727 5437 1979 5507 ἀληθείας

320 5509 461 5574 ὁδὸν,
489 5510 564 5574 ὡς
598 5509 870 5576 πολιτείας
900 5511 1157 5582 ἀκρίϐεια
1177 5527 1191 5542 ·
1224 5513 1342 5566 οὑδὲ
1386 5513 1494 5586 γὰρ
1526 5520 1636 5580 τοῖς
1667 5523 1794 5591 παρ’
1823 5521 1978 5593 ημῶν

379 5677 408 5740 ξ
436 5674 544 5740 Duo
563 5678 760 5740 mssw)
796 5678 948 5740 τοίνυν
971 5677 1273 5740 summm.

379 5735 413 5802 If
441 5738 570 5802 ﬂac.
595 5741 651 5786 ἂν
675 5735 775 5802 ἄρ’.
792 5739 981 5802 (manu,
1007 5735 1255 5802 'desung'jn
1281 5737 1468 5802 duobus
1486 5753 1596 5802 (mp.

377 5800 404 5831 ⁸
432 5797 615 5850 Omnes
633 5797 935 5865 σπουδάζετε,
959 5807 1141 5867 ριειξιοι·
1169 5799 1362 5861 loreL,
1381 5801 1464 5862 qui
1487 5799 1638 5851 habet
1659 5803 1972 5856 σπουδάσατε.

1155 5890 1229 5913 ,ην

2090 399 2406 473 λεγομένοις
2435 406 2578 460 οὕτω
2609 407 2988 478 προσέχουσιν,
3014 405 3091 468 ὡς
3119 405 3232 462 τοῖς
3272 403 3363 474 ὑφ’
3391 403 3550 475 ἡμῶν
3580 421 3763 475 πρατο

2085 486 2349 555 τομένοις.
2376 489 2483 543 Καὶ
2514 490 2600 542 ἵνα
2631 489 2832 562 μάθῃς,
2863 490 2947 542 ὅτι
2975 487 3133 540 τοῦτο
3161 481 3334 549 οὕτως
3358 486 3471 556 ἐχει
3494 485 3617 556 (κάν
3645 486 3760 557 γὰρ

2090 569 2347 637 μυριάκις
2376 569 2752 640 φιλοσοφῶμεν
2785 573 2896 634 τοῖς
2918 569 3117 638 λόγοις,
3140 569 3232 622 καὶ
3253 570 3380 639 περὶ
3404 569 3757 634 ἀνεξικακίας

2086 647 2484 720 διαλεγώμεθα,
2511 651 2703 724 καιροῦ
2719 653 2776 705 δὲ
2801 652 3210 723 παραπεσόντος
3234 651 3308 719 μὴ
3334 649 3427 703 διὰ
3443 649 3553 703 τῶν
3576 649 3758 720 ἔργων

2085 731 2289 799 ταύτην
2333 733 2744 805 ἐπιδειξώμεθα,
2800 735 2863 788 οὑ
2898 733 3154 788 τοσοῦτον
3182 734 3210 785 ό
3239 731 3396 801 λόγος
3449 731 3755 802 ὠφέλησεν,

2085 812 2208 867 ὅσον
2236 814 2268 884 ἡ
2300 815 2498 884 πρᾶξις
2536 815 2767 885 ἔϐλαψεν
2790 832 2806 846 ⁸
2835 815 2902 870 ἀν
2925 815 2981 869 δέ
3033 816 3127 868 καὶ
3165 813 3271 886 πρὸ
3313 813 3423 866 τῶν
3459 813 3629 882 λόγων
3659 813 3758 868 καὶ

2089 895 2228 964 μετὰ
2251 897 2376 959 τοὺς
2399 897 2592 965 λόγους
2611 898 2707 968 τὴν
2727 897 2816 952 διά
2831 897 2938 950 τῶν
2955 897 3134 968 ἔργων
3159 895 3418 960 ἐπίδειξιν
3439 893 3751 966 ποιώμεθα,

2087 975 2386 1040 ἀξιόπιστοι
2414 981 2646 1051 ἐσόμεθα
2674 982 2856 1034 ἐκεῖνα
2886 981 3296 1052 παραινοῦντες,
3321 979 3358 1033 ἃ
3401 979 3497 1032 καὶ⁷
3517 978 3612 1031 διά
3640 977 3755 1032 τῶν

2085 1057 2266 1128 ἔργων
2289 1061 2621 1133 πληροῦμεν,
2641 1063 2762 1115 ἐπεὶ
2789 1061 2884 1114 καὶ
2904 1063 2932 1115 ὁ
2949 1061 3182 1132 Χριστὸς
3197 1061 3418 1122 τούτους
3443 1060 3752 1128 ἐμακάρισε

2084 1139 2276 1209 λέγων,
2321 1145 2624 1213 Μακάριος
2654 1148 2688 1199 ό
2719 1143 2999 1210 ποιήσας.
3054 1143 3150 1196 καί
3202 1141 3506 1211 διδάξας)’
3554 1142 3753 1194 σκόπει

2085 1223 2202 1286 πῶς
2243 1225 2506 1296 πρότερον
2537 1225 2633 1297 τὴν
2662 1226 2878 1298 ποίησιν
2923 1224 3139 1294 ἔθηκεν,
3191 1223 3285 1276 καὶ
3318 1224 3439 1276 τότε
3475 1221 3573 1294 τὴν
3601 1221 3753 1275 διδα-

2085 1306 2331 1360 σκαλίαν.
2363 1308 2476 1377 Τῆς
2501 1309 2752 1378 πράξεως
2770 1309 2881 1379 γὰρ
2914 1306 3355 1378 προηγουμένης,
3379 1305 3485 1359 κᾶν
3515 1305 3588 1377 μὴ
3617 1305 3753 1376 ἐπη-

2082 1403 2170 1440 ται
2216 1390 2248 1459 ἡ
2278 1388 2614 1452 διδασκαλία,
2648 1390 2812 1460 ἀρκεῖ
2865 1389 2931 1442 τά
2965 1388 3101 1458 ἔργα
3147 1386 3333 1456 φωνῆς
3364 1386 3750 1458 λαμπρὸτερον

2081 1469 2286 1534 διδάξαι
2313 1471 2440 1534 τοὺς
2465 1473 2544 1534 εἰς
2563 1473 2709 1542 ἡμᾶς
2727 1470 2990 1542 ὁρῶντας.
3019 1469 3190 1522 Τοῦτο
3209 1464 3301 1522 οὖν
3318 1468 3592 1537 πανταχοῦ
3617 1485 3756 1521 σκο-

2083 1553 2273 1624 πῶμεν
2317 1554 2581 1625 πρότερον
2607 1557 2720 1618 τοῖς
2771 1555 2953 1623 ἔργοις
2991 1553 3287 1614 διδάσκειν,
3335 1553 3431 1604 καὶ
3474 1553 3596 1605 τότε
3631 1555 3748 1617 τοῖς

2081 1633 2279 1702 λόγοις,
2310 1636 2394 1688 ἵνα
2421 1638 2494 1707 μὴ
2533 1639 2628 1689 καὶ
2654 1637 2817 1707 ἡμεῖς
2846 1635 3170 1705 ἀκούσωμεν
3203 1633 3353 1705 παρὰ
3384 1632 3477 1686 τοῦ
3506 1633 3745 1696 Παύλου,

2093 1716 2146 1770 '0
2175 1717 2478 1772 διδάσκων
2502 1718 2725 1787 ἕτερον,
2760 1720 3020 1773 σεαυτὸν
3042 1721 3114 1772 οὐ
3128 1716 3440 1780 διδάσκεις
3457 1717 3598 1778 ;Κα“ι
3615 1716 3747 1770 ὅταν

2084 1798 2405 1870 βουλώμεθά
2449 1817 2556 1854 τινι
2609 1802 2959 1873 παραινέσαι,
2988 1801 3130 1854 ὥστε
3162 1800 3504 1874 κατορθῶσαί
3555 1816 3608 1852 τι
3634 1797 3746 1852 τῶν

2082 1881 2415 1950 ἀναγκαίων,
2447 1883 2710 1955 πρότερον
2735 1885 2888 1937 αὐτοὶ
2929 1883 3317 1954 σπουδάζωμεν
3359 1883 3516 1936 τοῦτο
3547 1899 3747 1952 κατορ-

2080 1963 2228 2030 θοῦν,
2253 1965 2338 2018 ἴνα
2372 1965 2512 2035 μετά
2548 1964 2789 2028 πλείονος
2806 1966 2907 2035 τῆς
2934 1965 3246 2036 παρρησίας
3277 1963 3374 2035 τὴν
3395 1963 3745 2016 διδασκαλίαν

2079 2044 2380 2116 ποιώμεθα,
2443 2047 2537 2100 καὶ
2575 2049 2724 2100 πᾶσα
2772 2046 2930 2118 ἡμῶν
2960 2048 2993 2116 η
3022 2046 3239 2117 φροντὶς
3289 2046 3430 2098 ἐστω
3483 2045 3744 2116 περὶτῆς

2078 2133 2218 2186 κατά
2245 2133 2422 2204 ψυχὴν
2452 2133 2743 2204 σωτηρίας,
2773 2133 2868 2186 καὶ
2898 2133 3047 2196 ὅπως
3085 2131 3443 2202 δυνηθείημεν
3472 2134 3542 2184 τὰ
3589 2149 3745 2203 σκιρ-

2077 2219 2292 2290 τήματα
2321 2220 2422 2289 τῆς
2475 2220 2676 2290 σαρκὸς
2708 2219 3106 2290 χαλινώσαντες
3136 2220 3234 2290 τὴν
3276 2219 3534 2290 ἀληθινὴν
3579 2217 3606 2258 τι
3643 2237 3744 2289 νη·

2080 2305 2262 2359 στείαν
2290 2305 2677 2372 ἐπιδείξασθαι,
2725 2305 2867 2374 λέγω
2893 2305 2958 2377 δὴ
2988 2305 3086 2377 τὴν
3126 2305 3233 2358 τῶν
3269 2306 3454 2358 κακῶν
3491 2305 3702 2375 ἀποχήν
3723 2320 3739 2334 ο

2076 2391 2234 2445 τοῦτο
2253 2392 2359 2463 γὰρ
2383 2393 2626 2463 νηστεία.
2647 2394 2756 2446 Καὶ
2787 2393 2895 2465 γάρ
2917 2395 2949 2464 ὴ
2973 2392 3085 2465 [65]
3105 2392 3212 2446 τῶν
3236 2392 3538 2464 βρωμάτων
3560 2391 3743 2463 ἀποχὴ

2076 2475 2162 2530 διὰ
2192 2479 2348 2532 τοῦτο
2376 2479 2764 2551 παρείληπται,
2815 2480 2902 2533 ἴνα
2928 2480 3020 2533 τὸν
3045 2480 3198 2533 τόνον
3242 2480 3340 2550 τῆς
3368 2479 3568 2551 σαρκὸς
3596 2480 3745 2549 χαλι⁴

2078 2564 2244 2637 νώση,
2276 2566 2370 2619 καὶ
2397 2567 2609 2637 εὐήνιον
2632 2569 2765 2638 ἡμῖν
2797 2566 2889 2620 τὸν
2917 2567 3084 2620 ἵππον
3113 2567 3434 2640 ἐργάσηται.
3485 2567 3595 2620 Τὸν
3642 2583 3743 2637 νη-

2079 2651 2334 2705 στεύοντα
2358 2652 2589 2722 μάλιστα
2617 2653 2831 2706 πάντων
2863 2654 3126 2724 προσήκει
3153 2654 3242 2707 τὸν
3268 2653 3436 2724 Θυμδν
3463 2653 3738 2723 χαλινοῦν,

2077 2737 2358 2809 πραότητα
2389 2739 2782 2793 πεπαιδεῦσθαι
2807 2741 2900 2792 καὶ
2920 2741 3239 2804 ἐπιείκειαν,
3269 2742 3740 2811 συντετριμμένην

2075 2823 2221 2894 ἔχειν
2249 2826 2346 2896 τὴν
2381 2827 2626 2899 καρδίαν,
2650 2826 2756 2880 τῶν
2777 2827 3080 2898 ἐπιθυμιῶν
3095 2828 3203 2880 τῶν
3229 2827 3444 2881 ἀτόπων
3473 2828 3740 2898 ἐξορίζειν

2075 2909 2173 2973 τὰς
2200 2911 2542 2982 ἐνθυμήσεις,
2578 2912 2683 2983 πρὸ
2702 2913 2995 2982 ὀφθαλμῶν
3024 2913 3369 2984 λαμϐάνοντα
3391 2914 3479 2966 τὸν
3501 2915 3737 2986 ἀκοίμη-

2075 3013 2165 3050 τον
2195 2998 2399 3049 ἐκεῖνον
2436 2997 2732 3069 ὀφθαλμὸν,
2771 2999 2950 3052 καὶτὸ
2980 3000 3258 3070 κριτήριον
3300 2999 3361 3052 τὸ
3405 3000 3733 3056 ἀδέκαστονο

2073 3082 2372 3152 χρημάτων
2414 3084 2703 3155 κρείττονα
2737 3084 3020 3153 γίνεσθαι,
3057 3085 3183 3156 περὶ
3215 3085 3313 3156 τὴν
3369 3085 3738 3156 ἐλεημοσύνην

2075 3169 2274 3241 πολλὴν
2307 3171 2405 3242 τὴν
2434 3171 2715 3240 δαψίλειαν
2743 3171 3170 3238 ἐπιδείκνυσθαι,
3207 3173 3386 3225 πᾶσαν
3419 3171 3616 3225 κακίαν
3639 3173 3736 3245 τῆν

2076 3257 2202 3326 περὶ
2227 3255 2334 3309 τῶν
2362 3257 2584 3327 πλησίον
2616 3258 2679 3309 ἐκ
2707 3257 2804 3327 τῆς
2837 3258 3014 3328 ψυχῆς
3042 3255 3386 3312 ἀπελαύνειν.
3421 3259 3570 3329 Αὑτη
3603 3259 3737 3330 ἀλη-

2077 3342 2174 3413 θὴς
2206 3345 2238 3414 ἡ
2267 3345 2509 3415 νηστεία,
2534 3344 2782 3409 καθάπερ
2802 3343 2897 3397 καὶ
2919 3344 3146 3407 Ἡσαΐας
3163 3345 3326 3414 φησὶν
3350 3346 3414 3397 ἐκ
3442 3345 3734 3416 προσώπου

2073 3429 2164 3482 τοῦ
2199 3430 2332 3484 Θεοῦ
2362 3429 2758 3500 φθεγγόμενος*
2789 3433 2870 3484 Οὐ
2901 3432 3126 3498 ταύτην
3153 3431 3269 3499 τὴν
3289 3433 3585 3499 νηστείαν
3633 3433 3736 3498 ἐξ·

2074 3516 2396 3585 ελεξάμην,
2430 3517 2592 3586 λέγει
2639 3518 2867 3586 Κύριος,
2897 3516 3021 3572 οὐδ’
3051 3516 3128 3571 ἂν
3147 3516 3394 3587 κάμψῃς
3425 3519 3504 3583 ὡς
3530 3521 3739 3574 κλοιέν

2069 3602 2181 3655 τὸν
2205 3601 2508 3670 τράχηλόν
2525 3619 2662 3668 σου,
2679 3602 2774 3656 καί
2803 3602 3035 3656 σάκκον
3056 3602 3155 3656 καί
3175 3602 3408 3656 σποδὸν
3428 3605 3736 3673 ὐποστρώο

2074 3705 2178 3757 σῃ,
2205 3688 2331 3742 οὐδ’
2365 3689 2517 3742 οὕτω
2543 3691 2836 3743 καλέσετε
2855 3689 3146 3756 νηστείαν
3169 3689 3408 3759 δεκτὴν,
3436 3691 3597 3761 λέγει
3619 3694 3735 3747 Κύ-

2066 3795 2219 3845 ριος.
2267 3777 2425 3831 Ἀλλά
2477 3775 2655 3841 ποίαν,
2709 3777 2867 3845 εἰπέ;
2924 3778 3044 3831 Λύε
3068 3815 3082 3842 ,
3132 3779 3286 3847 φησὶ,
3332 3781 3736 3850 στραγγαλεὰς

2070 3865 2285 3930 ,βιαίων
2328 3863 2848 3934 συναλλαγμάτων
2868 3903 2883 3930 ,
2937 3863 3258 3933 διάθρυπτε
3313 3866 3592 3920 πεινῶντι
3625 3869 3735 3922 τὸν

2075 3950 2254 4019 ἄρτον
2282 3967 2418 4015 σου,
2453 3949 2692 4019 πτωχὸν
2725 3949 2983 4020 ἇστεγον
3012 3950 3292 4022 εἰσάγαγε
3314 3954 3402 4020 εἰς
3426 3951 3534 4006 τὸν
3563 3948 3736 4008 οἶκόν

2075 4053 2210 4091 σου.
2250 4037 2359 4090 Καὶ
2397 4037 2490 4090 ἐὰν
2536 4035 2708 4089 ταῦτα
2756 4035 2989 4109 πράξῃς,
3031 4037 3194 4108 φησὶ,
3242 4039 3375 4093 τότε
3402 4039 3734 4111 ῥαγήσεται

2077 4125 2337 4193 πρώτμον
2361 4124 2427 4178 τὸ
2455 4121 2580 4194 φῶς
2597 4138 2736 4192 σου,
2760 4125 2857 4178 καὶ
2885 4124 2958 4179 τὰ
2983 4123 3196 4195 ἰάματά
3218 4142 3335 4181 σου
3358 4136 3386 4168 ο
3414 4127 3569 4197 ταχὺ
3585 4128 3733 4183 dm-

2074 4211 2251 4268 τελεῖ.

2149 4298 2224 4362 ς’.
2250 4293 2422 4363 Εἶδες,
2451 4297 2724 4368 ἀγαπητὴ
2753 4298 2881 4353 ποία
2903 4299 3048 4353 ἐστὶν
3072 4299 3276 4372 ἀληθὴς
3308 4300 3560 4370 νηστείας
3591 4301 3736 4357 Ταύ-

2074 4401 2174 4454 την
2207 4386 2552 4456 ἀσκήσωμεν,
2577 4385 2671 4438 καὶ
2695 4384 2768 4456 μὴ
2795 4385 2978 4450 ἀπλῶς
3007 4386 3150 4440 κατὰ
3178 4388 3305 4452 τοὺς
3331 4386 3557 4452 πολλοὺς
3574 4391 3733 4459 νομί-

2076 4472 2254 4542 ζωμεν
2291 4475 2348 4526 ἐν
2372 4474 2543 4542 τούτῳ
2569 4471 2638 4526 τὰ
2669 4473 2769 4542 τῆς
2799 4474 3054 4542 νηστείας
3084 4475 3214 4544 ἡμῖν
3243 4474 3649 4546 περιορίζεσθαι
3685 4476 3732 4542 ί,

2075 4559 2171 4611 ἐὰν
2194 4558 2349 4630 μέχρι
2368 4558 2468 4628 τῆς
2490 4558 2724 4630 ἐσπέρας
2745 4559 2918 4613 ἀσιτοι
2943 4561 3326 4631 διαμείνωμεν.
3345 4560 3420 4614 υὺ
3441 4561 3602 4616 τοῦτό
3618 4566 3734 4617 ἐστι

2075 4647 2138 4700 τὸ
2161 4646 2506 4716 ζητούμενον,
2535 4645 2649 4699 ἀλλ’
2677 4647 2764 4701 ἵνα
2784 4647 2921 4717 μετά
2941 4648 3037 4720 τῆς
3053 4647 3160 4702 τῶν
3189 4648 3492 4720 βρωμάτων
3519 4652 3734 4722 ἀποχῆς

2075 4735 2168 4787 καὶ
2189 4733 2286 4805 τὴν
2309 4733 2516 4804 ἀποχὴν
2543 4731 2652 4786 τῶν
2681 4732 3022 4802 βλαπτόντων
3040 4735 3456 4808 ἐπιδειξώμεθα,
3481 4737 3578 4792 καὶ
3604 4740 3734 4811 περὶ

2075 4822 2172 4893 τὴν
2203 4822 2312 4876 τῶν
2342 4820 2726 4892 πνευματικῶν
2771 4821 3031 4892 ἐργασίαν
3086 4823 3286 4895 πολλὴν
3321 4825 3558 4894 σπουδὴν
3582 4841 3735 4896 ποιη-

2077 4907 2320 4977 σώμεθα.
2353 4908 2456 4961 Τὸν
2483 4906 2809 4976 νηστεύοντα
2837 4909 3270 4978 κατεσταλμένον
3292 4904 3430 4964 εἶναι
3451 4911 3578 4982 χρὴ,
3601 4911 3733 4982 ησύ-

2075 5011 2207 5065 χιον,
2246 4994 2475 5065 ἥμερον,
2497 4991 2772 5054 ταπεινὸν,
2793 4993 3145 5065 ὑπερορῶντα
3172 4995 3273 5065 τῆς
3295 4995 3452 5066 δόξης
3469 4994 3565 5049 τοῦ
3592 5013 3734 5068 παρ-

2073 5081 2225 5142 όντος
2263 5079 2398 5150 βίου.
2432 5078 2642 5148 Ὠσπερ
2698 5077 2808 5149 γάρ
2866 5080 2965 5150 τῆς
3022 5079 3200 5152 ψυχῆς
3231 5082 3545 5151 ὑπερεῖδεν,
3587 5081 3734 5137 οὕτω

2073 5169 2338 5238 προσήκει
2368 5168 2461 5220 καὶ
2487 5167 2588 5236 τῆς
2618 5168 2782 5238 κενῆς
2802 5167 2960 5238 δόξης
2979 5168 3275 5239 ὑπεριδεῖν,
3301 5169 3394 5221 καὶ
3422 5169 3560 5240 πρὸς
3587 5171 3734 5224 ἐκεί-

2077 5273 2166 5312 νον
2192 5255 2348 5327 μόνον
2374 5254 2506 5325 όρᾷν
2531 5253 2620 5307 τὸν
2651 5253 2912 5319 ἐτάζοντα
2951 5255 3175 5325 καρδίας
3201 5255 3299 5308 καὶ
3342 5257 3597 5326 νεφροὺς,
3637 5258 3734 5311 καὶ

2078 5343 2216 5415 μετά
2242 5340 2441 5412 πολλῆς
2479 5341 2574 5412 τῆς
2598 5340 2878 5413 ἀκριϐείας
2907 5341 3006 5405 τάς
3032 5341 3198 5412 εὐχὰς
3219 5341 3314 5396 καὶ⁵
3341 5343 3441 5406 τάς
3477 5342 3732 5414 ἐξομολο-

2131 5502 2164 5542 δ
2189 5502 2338 5552 Savil.
2369 5506 2424 5551 et
2457 5502 2647 5564 aliquot
2685 5514 2804 5564 ms.
2828 5501 2913 5559 τήν
2949 5502 3118 5564 ἀληθῆ.
3157 5500 3285 5551 Infra
3311 5501 3462 5564 εει-11.
3499 5509 3554 5551 et
3589 5504 3733 5554 mum

2075 5578 2186 5625 mss.
2210 5566 2290 5612 καὶ
2317 5564 2498 5620 εὐήνιον
2519 5562 2630 5625 ἡμῖν
2650 5563 2731 5625 τὸν
2754 5563 2918 5625 ἵππον.
2957 5562 3158 5625 CQislin.
3193 5562 3478 5625 καὶίεὺήνιον
3495 5565 3612 5625 ἡμῖν
3650 5564 3733 5613 τὸν

2076 5624 2265 5686 δρόμον.
2304 5625 2475 5687 Morel.
2517 5623 2602 5687 καί
2621 5623 2802 5687 εὑήνιον
2818 5624 2956 5685 ἡμῶν
2976 5623 3057 5671 τὸν
3079 5625 3236 5672 ἵππον.
3274 5624 3426 5673 Paulo
3448 5623 3561 5686 post
3603 5624 3727 5687 Reg.

2081 5682 2219 5746 nimis
2231 5684 2472 5746 npaé'mtyx
2484 5682 2810 5746 παιδεύεσθαι.

2149 5757 2173 5805 9
2189 5743 2386 5794 Coi‘slin.
2398 5743 2638 5805 raer
2656 5759 2762 5801 σου,
2783 5754 3063 5805 perperam.

2147 5804 2166 5842 ί
2191 5805 2338 5855 Savil.
2362 5811 2414 5854 et
2433 5801 2616 5868 alfquot
2637 5816 2753 5855 mss.
2773 5801 3091 5867 περιὼρίσθαι.
3115 5801 3265 5857 ﬂore]
3310 5805 3671 5870 περιορΚεσθει.
