4018 6136
263 217 320 272 73
1307 202 1371 261 IN
1411 206 1562 263 CAP.
1603 207 1643 262 l.
1686 204 1933 263 GENES.
1978 201 2205 260 IlOIlIL.
2248 202 2380 259 VIII.
3450 209 3523 269 τι

260 333 482 384 dicemus
508 327 588 382 eis
618 344 631 380 :
674 324 836 395 Igitur
866 322 1009 378 Deus
1052 334 1159 377 non
1205 321 1375 375 solum
1421 320 1582 375 homo
1605 362 1620 385 ,
1651 316 1744 374 sed
1775 328 1831 373 et

263 419 439 474 mulier
463 418 605 481 erit;
651 417 773 486 quia
800 414 1043 468 eamdem
1091 414 1313 466 formam
1346 420 1568 480 uterque
1612 410 1830 464 habent.

262 510 443 564 Verum
479 507 586 561 hoc
625 503 914 560 absurdum
955 511 1117 558 esset.
1150 501 1288 556 Audi
1331 501 1473 555 enim
1502 499 1723 554 Paulum
1750 499 1830 553 di-

259 608 495 655 centem:
532 596 625 651 Vir
665 596 799 650 enim
846 610 947 648 non
975 592 1117 646 debet
1161 592 1327 646 velare
1361 600 1547 662 caput,
1587 591 1758 660 imago
1784 597 1834 642 et

258 691 413 761 gloria
460 688 554 740 Dei
594 688 839 741 exsistens
885 700 905 738 :
951 684 1132 737 mulier
1182 692 1351 736 autem
1411 680 1573 752 gloria
1617 680 1714 733 viri
1762 689 1835 732 est

260 782 347 849 (l.
378 778 498 832 Cor.
536 777 626 832 ll.
666 776 758 844 7).
791 774 883 829 Vir
929 775 1072 829 enim
1120 774 1383 842 imperat,
1426 771 1618 826 mulier
1656 780 1836 824 autem

265 870 487 939 subjecta
519 878 640 923 est:
673 868 810 921 sicut
838 875 892 919 et
918 865 1058 920 Deus
1103 864 1170 918 ab
1216 862 1367 917 initio
1392 862 1457 915 ad
1501 876 1618 915 cam
1661 860 1832 914 dixit:

263 963 336 1017 Ad
362 963 524 1015 virum
548 970 691 1012 tuum
720 958 977 1012 conversio
1005 967 1091 1010 tua
1114 997 1130 1020 ,
1172 964 1219 1008 el
1243 954 1353 1025 ipse
1379 953 1467 1007 tibi
1494 951 1839 1005 dominabitur

265 1053 405 1113 (Gen.
436 1053 488 1107 3.
519 1050 633 1121 16).
661 1049 793 1117 Quia
820 1049 962 1104 enim
990 1046 1281 1102 secundum
1312 1044 1573 1099 rationem
1617 1039 1838 1097 dominii

261 1144 322 1199 sd
349 1142 632 1211 imaginem
669 1141 839 1195 factus
868 1150 950 1195 est
969 1180 986 1206 ,
1016 1154 1121 1193 non
1154 1137 1220 1192 ad
1253 1139 1476 1191 formam
1496 1177 1512 1202 ,
1555 1136 1637 1189 vir
1658 1143 1838 1188 autem

264 1234 562 1289 dominatur
606 1231 892 1297 omnibus,
924 1229 1120 1284 mulier
1145 1242 1275 1283 vero
1317 1227 1556 1295 subjecta
1600 1234 1723 1280 est:
1757 1224 1838 1279 id-

261 1325 397 1378 circo
425 1322 554 1377 dicit
592 1321 660 1377 de
685 1323 799 1376 viro
828 1320 1023 1375 Paulus
1041 1363 1054 1385 ,
1091 1318 1229 1390 quod
1258 1320 1431 1387 imago
1472 1328 1526 1373 et
1551 1316 1717 1387 gloria
1746 1315 1841 1370 Dei

264 1415 365 1481 sit,
396 1413 593 1468 mulier
618 1423 792 1467 autem
832 1413 1000 1483 gloria
1029 1411 1148 1465 viri.
1188 1410 1339 1476 Quod
1388 1409 1433 1463 si
1463 1408 1531 1463 de
1562 1410 1729 1462 forma
1759 1407 1841 1461 vel

264 1508 427 1578 ﬁgura
476 1506 734 1571 dixisset,
784 1522 889 1558 non
936 1506 1118 1574 utique
1163 1517 1225 1558 ea
1273 1502 1545 1557 divisisset
1589 1517 1603 1553 :
1653 1500 1842 1555 eadem

261 1598 399 1654 enim
432 1599 597 1669 ﬁgura
625 1606 708 1652 est
733 1596 830 1651 viri
859 1605 914 1651 et
953 1596 1214 1650 mulieris.
1246 1593 1435 1649 Vidisti
1467 1593 1678 1664 plenam
1708 1592 1846 1647 veri-

265 1690 470 1744 tatem?
514 1688 784 1759 quomodo
814 1688 1015 1741 nullum
1051 1685 1377 1741 defensionis
1403 1694 1721 1754 praetextum
1758 1698 1846 1737 re-

265 1786 454 1855 linquit
499 1784 563 1838 iis
590 1783 679 1853 qui
730 1783 923 1837 frustra
967 1779 1302 1850 impudentes
1345 1792 1465 1832 esse
1491 1774 1719 1831 volunt?
1746 1773 1847 1829 Ve-

267 1883 564 1930 rumtamen
593 1875 753 1928 etiam
787 1873 890 1926 illis
918 1872 991 1925 ita
1020 1887 1077 1926 se
1104 1869 1419 1925 habentibus
1440 1909 1452 1931 ,
1481 1884 1550 1922 ne
1574 1880 1847 1922 cessemus

270 1982 457 2037 magna
484 1981 605 2021 cum
636 1965 855 2020 lenitate
882 1979 1003 2019 cum
1034 1963 1163 2033 ipsis
1192 1976 1369 2033 agere,
1401 1959 1461 2015 Si
1487 1964 1616 2032 forte
1636 1959 1716 2012 det
1745 1958 1848 2012 illis

270 2058 405 2113 Deus
439 2058 777 2123 pmnitentiam
810 2056 878 2109 ad
902 2056 1208 2125 agnitionem
1250 2053 1472 2107 veritatis
1505 2050 1596 2122 (2.
1628 2048 1760 2105 Tim.
1790 2050 1846 2103 2.

268 2150 399 2219 25).
432 2149 509 2204 Ne
537 2163 666 2217 ergo
687 2157 1071 2217 torpescamus,
1101 2146 1146 2200 si
1173 2159 1279 2213 quo
1308 2153 1462 2214 pacto
1493 2158 1587 2213 per
1612 2156 1851 2196 mansue-

274 2240 475 2294 tudinis
504 2239 735 2293 studium
766 2237 1032 2307 possimus
1072 2237 1215 2307 ipsos
1243 2236 1450 2305 eripere
1480 2251 1510 2289 a
1537 2234 1852 2303 deceptione

270 2331 503 2395 diaboli;
533 2339 606 2394 et,
634 2332 677 2385 si
707 2329 900 2399 placet,
930 2328 1257 2383 adducamus
1281 2327 1471 2381 iterum
1506 2326 1607 2380 illis
1636 2325 1852 2379 beatum

270 2423 515 2488 Paulum,
540 2422 631 2492 qui
655 2420 1069 2476 Atheniensibus
1095 2419 1172 2473 sic
1197 2418 1406 2473 dicebat
1431 2435 1445 2473 :
1474 2417 1594 2471 Non
1620 2416 1853 2470 debemus

270 2514 560 2566 existimare
591 2528 717 2565 auro
736 2554 751 2577 ,
780 2512 857 2565 vel
882 2521 1088 2581 argento
1111 2551 1124 2573 ,
1158 2511 1233 2563 uel
1260 2508 1450 2579 lapidi,
1481 2508 1559 2562 vel
1586 2509 1856 2578 sculptura:

273 2607 397 2658 artis
427 2604 509 2657 vel
536 2603 833 2657 inventionis
879 2602 1095 2655 hominis
1123 2599 1325 2654 Numen
1372 2615 1478 2653 esse
1505 2600 1667 2652 simile
1699 2598 1851 2670 (Act.

270 2696 359 2750 Π.
400 2694 537 2765 29).
586 2692 775 2747 Vidisti
823 2701 1020 2763 quanta
1067 2691 1336 2761 diligentia
1381 2705 1594 2745 omnem
1645 2690 1854 2743 illorum

270 2800 512 2841 errorem
558 2784 772 2856 sapiens
814 2783 1068 2855 magister
1105 2781 1499 2851 amputavcrit?
1539 2780 1654 2834 Non
1687 2780 1855 2834 solum

270 2877 414 2932 enim
462 2891 500 2931 a
542 2874 807 2945 corporali
854 2882 978 2945 typo
1020 2873 1251 2927 alienum
1304 2872 1433 2926 dicit
1471 2871 1718 2937 Numen,
1764 2869 1858 2925 sed

273 2981 454 3037 neque
470 2966 808 3037 quidsimile
840 2978 995 3034 posse
1025 2962 1255 3017 humana
1298 2962 1617 3032 cogitatione
1656 2961 1855 3031 efﬁngi.

271 3058 399 3113 lla2c
429 3057 657 3113 subinde
698 3057 804 3111 illis
842 3055 1081 3111 dicentes
1104 3095 1118 3119 ,
1154 3053 1287 3107 nihil
1313 3053 1453 3123 quod
1483 3068 1646 3123 penes
1673 3068 1768 3106 vos
1792 3054 1861 3106 sit

270 3147 524 3218 proferre
567 3145 952 3211 intermittatis,
1002 3144 1047 3199 si
1092 3144 1226 3198 forte
1267 3143 1489 3207 cedant,
1534 3142 1578 3196 si
1621 3140 1755 3195 forte
1794 3142 1861 3196 ad

271 3240 560 3294 veritatem
589 3237 857 3306 respicere
885 3235 1071 3290 velint.
1099 3233 1363 3290 Caeterum
1407 3242 1464 3287 ut
1503 3233 1571 3286 ab
1600 3231 1860 3287 benevola

273 3333 495 3387 illorum
539 3328 1071 3385 instructione‘vobis
1101 3325 1464 3383 desistendum
1495 3342 1601 3380 non
1643 3335 1756 3391 cst,
1791 3325 1862 3379 ita

267 3438 407 3489 oro,
458 3431 513 3476 ut
554 3422 802 3491 dogmata
847 3419 1205 3475 ecclesiastica
1252 3418 1419 3488 probe
1461 3418 1723 3483 teneatis,
1757 3431 1863 3470 non

271 3512 672 3568 confundentes
708 3512 972 3567 dictorum
1000 3510 1431 3581 consequentiam
1452 3551 1467 3573 ,
1496 3509 1593 3565 sed
1620 3523 1741 3563 cum
1771 3507 1867 3563 Ju-

274 3608 410 3663 dacis
444 3616 503 3660 ut
531 3614 742 3675 oportet
768 3604 1034 3674 disputate
1053 3643 1067 3668 ,
1096 3617 1171 3657 ac
1195 3602 1585 3667 demonstrate,
1619 3600 1735 3656 lucc
1761 3615 1865 3654 non

273 3713 396 3753 esse
428 3697 574 3752 dicta
601 3698 848 3766 cuiquam
869 3712 936 3751 ex
959 3693 1287 3749 administris
1308 3691 1608 3758 virtutibus,
1631 3691 1725 3746 sed
1753 3691 1868 3745 uni-

272 3790 463 3859 genito
491 3789 585 3844 Dei
632 3788 804 3853 Filio;
853 3786 1067 3842 Arianis
1103 3799 1314 3855 quoque
1353 3783 1483 3839 hinc
1526 3798 1707 3853 parem
1748 3782 1868 3837 Filii

272 3898 400 3937 cum
435 3881 595 3937 Patre
623 3880 931 3950 dignitatem
967 3878 1233 3942 indicate;
1266 3876 1361 3932 sed
1387 3883 1440 3931 et
1468 3877 1532 3931 iis
1559 3876 1649 3946 qui
1676 3875 1867 3929 huma-

276 3989 405 4027 nam
443 3972 665 4026 lormam
686 3971 932 4026 Numinis
957 3970 1334 4040 imaginantur,
1357 3967 1528 4021 allatis
1554 3967 1605 4020 in
1636 3965 1869 4020 medium

278 4064 348 4119 iis
372 4078 499 4133 qua:
528 4077 558 4116 a
589 4062 742 4116 beato
770 4061 933 4116 Paulo
973 4068 1097 4116 sunt
1125 4059 1295 4126 dicta,
1326 4057 1542 4113 evellite
1572 4072 1665 4126 per
1691 4056 1874 4111 Eccle—
1906 4114 1913 4119 ,

278 4154 377 4209 sia:
424 4153 675 4223 dogmata
719 4153 1047 4222 perniciosos
1084 4150 1300 4205 morbos
1343 4151 1510 4204 instar
1549 4149 1870 4204 zizaniorum

279 4245 647 4318 pullulantes,
689 4258 1012 4315 operamque
1052 4243 1175 4298 date
1212 4250 1270 4297 ut
1309 4242 1393 4312 pia
1432 4240 1671 4297 doctrina
1710 4241 1765 4296 in
1794 4239 1874 4294 eis

280 4338 564 4406 plantctar
585 4344 640 4390 et
668 4335 968 4391 roboretur.
998 4334 1134 4390 Volo
1172 4335 1314 4390 enim
1336 4374 1352 4400 ,
1383 4342 1439 4389 et
1477 4347 1665 4404 precor
1688 4346 1876 4387 omnes

282 4441 385 4481 vos
411 4427 467 4481 in
492 4426 771 4481 doctorum
793 4426 981 4481 ordine
1004 4440 1123 4481 esse
1148 4444 1162 4480 :
1190 4434 1245 4481 et
1271 4440 1379 4480 non
1405 4425 1578 4481 solum
1604 4424 1875 4479 auditores

284 4527 603 4572 nostrorum
641 4531 762 4571 esse
804 4530 1150 4580 sermonum,
1190 4515 1287 4570 sed
1330 4526 1385 4570 et
1427 4515 1547 4570 aliis
1576 4513 1873 4569 doctrinam

288 4617 534 4663 nostram
566 4606 787 4675 all‘erre,
820 4608 1120 4677 piscarique
1145 4616 1385 4662 errantes
1407 4646 1423 4673 ,
1457 4615 1514 4660 ut
1540 4607 1592 4660 in
1620 4607 1758 4660 viam
1786 4621 1875 4660 re-

287 4700 461 4754 deant
487 4700 748 4765 veritatis,
783 4699 921 4753 sicut
945 4707 1001 4753 et
1024 4698 1222 4754 Paulus
1253 4699 1423 4767 inquit
1454 4715 1466 4750 :
1495 4696 1638 4753 Unus
1662 4697 1878 4751 alterum

285 4790 512 4858 a’difioel
543 4790 618 4862 (l.
644 4789 818 4844 Thess.
844 4790 986 4887 ὅλη
1016 4790 1034 4858 )
1059 4807 1071 4853 ;
1106 4797 1181 4852 et,
1214 4788 1347 4844 Cum
1392 4789 1570 4842 timore
1595 4797 1641 4842 et
1668 4796 1882 4841 tremore

286 4880 513 4936 salutem
540 4890 757 4935 vestram
772 4876 1053 4950 oper'emini
1075 4878 1337 4948 (Philipp.
1363 4878 1419 4932 2.
1449 4876 1560 4950 l2).
1587 4877 1882 4933 SicEccle—

286 4972 370 5027 sia
402 4971 558 5027 nobis
584 4972 918 5027 multitudine
943 4972 1241 5041 augebitur,
1265 4980 1321 5025 et
1339 4984 1433 5024 vos
1454 4970 1667 5024 uberius
1694 4985 1882 5039 super-

286 5082 357 5121 na
390 5066 642 5120 fruemini
674 5065 880 5135 gratia,
910 5080 1154 5135 magnam
1198 5064 1556 5119 membrorum
1581 5071 1879 5118 vestrorum

288 5171 484 5211 curam
516 5155 794 5212 habentes.

364 5249 428 5303 5.
468 5246 653 5319 Neque
705 5248 848 5302 enim
892 5248 1031 5303 Deus
1070 5247 1185 5302 vult
1212 5255 1274 5302 ut
1316 5244 1650 5302 Christianus
1705 5247 1883 5316 seipse

286 5348 506 5392 tantum
531 5345 815 5392 contentus
842 5338 933 5402 sit,
958 5338 1053 5393 sed
1095 5347 1153 5393 ut
1196 5337 1333 5392 alios
1376 5337 1601 5392 aediﬁcet
1641 5351 1745 5392 non
1792 5351 1886 5407 per

284 5429 600 5484 doctrinam
627 5430 823 5497 solum,
853 5428 949 5485 sed
977 5439 1032 5485 et
1073 5445 1169 5499 per
1208 5430 1393 5498 vitam,
1425 5439 1479 5485 et
1502 5430 1748 5484 versandi
1796 5445 1883 5483 ra-

287 5521 524 5575 tionem.
554 5519 694 5575 Nihil
728 5521 874 5576 enim
914 5522 994 5576 sic
1033 5521 1087 5575 in
1128 5521 1370 5577 veritatis
1405 5521 1545 5575 viam
1570 5521 1801 5581 inducit.
1830 5530 1887 5576 ut

288 5609 580 5682 integritas
605 5612 729 5669 vita:
759 5629 775 5669 :
801 5627 924 5668 nam
953 5627 1125 5684 neque
1164 5621 1271 5669 tam
1296 5626 1361 5668 ea
1385 5611 1727 5672 considerant
1765 5633 1885 5690 qua:

1945 333 1975 372 a
2004 318 2156 372 nobis
2177 318 2447 386 dicuntur,
2489 333 2647 389 quam
2677 336 2795 390 qua:
2834 335 2863 374 a
2904 322 3056 375 nobis
3091 332 3335 393 aguntur.
3367 325 3435 381 Et
3467 338 3528 381 ut

1939 408 2078 463 scias
2108 424 2222 464 rem
2251 409 2322 463 ita
2350 423 2410 465 se
2436 409 2634 466 habere
2680 411 2846 483 (licet
2875 414 3171 469 sexcenties
3199 416 3379 472 verbis
3405 427 3526 471 tan-

1940 507 2051 554 tum
2086 500 2543 572 philosophemur,
2572 512 2627 559 et
2650 504 2719 560 de
2744 504 3053 575 injuriarum
3071 507 3337 565 obfivione
3353 509 3524 565 disse-

1939 604 2140 654 ramus,
2162 605 2225 644 ac
2244 605 2365 646 cum
2399 600 2605 662 tempus
2651 593 2900 660 adfuerit,
2953 612 3069 650 eam
3117 599 3367 665 operibus
3417 618 3523 655 non

1941 680 2392 748 demonstremus,
2422 700 2527 738 non
2556 694 2758 739 tantum
2799 687 3094 755 proderunt
3133 691 3291 744 verba
3314 733 3329 755 ,
3357 707 3529 762 quan-

1943 779 2054 825 tum
2083 771 2351 827 nocebunt
2375 789 2565 844 opera;
2592 775 2673 829 sin
2706 786 2830 830 ante
2870 786 2924 830 et
2953 788 3071 845 post
3112 781 3269 835 verba
3304 796 3526 855 operum

1941 864 2210 933 specimen
2242 865 2662 932 exhibueritnus,
2697 867 2799 922 (ide
2832 869 2976 937 digni
3015 869 3382 937 habebimur‘,
3406 889 3525 928 cum

1941 956 2346 1011 admonebimus
2365 958 2498 1012 alios
2518 957 2586 1013 de
2616 958 2680 1013 iis
2706 974 2823 1028 qua:
2844 975 2936 1027 per
2965 974 3125 1030 Opera
3153 963 3529 1032 adimplemus,

1942 1046 2065 1116 quia
2095 1056 2150 1102 et
2174 1046 2418 1103 Christus
2436 1049 2738 1118 hujusmodi
2770 1051 3012 1105 homines
3052 1052 3236 1107 beatos
3252 1053 3419 1119 dixit,
3455 1056 3534 1108 in-

1944 1138 2133 1206 quiens
2165 1138 2383 1194 :Beatus
2403 1142 2489 1210 qui
2513 1142 2705 1210 fecerit,
2738 1151 2785 1195 et
2812 1143 3035 1197 docuerit
3059 1142 3271 1214 (Matth.
3299 1147 3356 1200 5.
3387 1148 3454 1202 19
3477 1152 3532 1215 l:

1944 1228 2067 1283 vide
2113 1229 2383 1298 quomodo
2412 1246 2550 1300 opus
2580 1234 2962 1301 praeposuerit,
2995 1244 3050 1288 et
3094 1244 3276 1303 postea
3318 1238 3521 1292 doctri-

1948 1333 2092 1373 nam.
2125 1321 2337 1374 Atenirn
2377 1324 2711 1391 praecedente
2736 1339 2922 1393 opere,
2952 1327 3157 1381 etiamsi
3203 1343 3306 1383 non
3334 1344 3531 1398 sequa-

1950 1419 2034 1463 tur
2057 1410 2318 1477 doctrina,
2350 1410 2625 1467 sufﬁciunt
2648 1428 2809 1483 opera
2855 1415 2967 1483 ipsa
3009 1417 3177 1486 magis
3223 1432 3382 1487 quam
3427 1419 3531 1472 ulla

1947 1515 2050 1554 vox
2079 1499 2145 1555 ad
2174 1500 2472 1556 docendum
2499 1517 2593 1557 eos
2614 1504 2705 1573 qui
2737 1505 2790 1558 in
2819 1520 2917 1559 nos
2939 1508 3245 1575 respiciunt.

2021 1588 2237 1644 Moralis
2260 1592 2547 1647 exhortatio
2568 1594 2636 1646 ad
2659 1610 2829 1648 verum
2840 1597 3116 1666 jejunium.
3148 1628 3219 1638 --
3248 1598 3359 1653 Iloc
3375 1599 3538 1669 igitur

1949 1680 2150 1750 ubique
2176 1681 2545 1749 observemus,
2569 1694 2627 1738 ut
2653 1685 2800 1754 prius
2825 1687 3083 1755 operibus
3116 1689 3405 1744 doceamus
3433 1732 3445 1753 ,
3483 1702 3537 1743 ct

1953 1781 2135 1841 postea
2175 1775 2513 1829 sermonibus
2548 1794 2561 1829 :
2592 1785 2649 1829 ut
2676 1792 2743 1830 ne
2769 1786 2824 1831 et
2852 1794 2950 1832 nos
2979 1779 3259 1834 audiamus
3300 1795 3330 1834 a
3383 1783 3539 1836 beato

1953 1863 2121 1918 Paulo
2153 1884 2167 1919 :
2194 1862 2275 1918 Tu
2299 1866 2388 1935 qui
2410 1867 2558 1921 doces
2587 1867 2767 1935 alium,
2802 1868 3013 1939 teipsum
3042 1887 3143 1924 non
3168 1873 3317 1927 doces
3347 1874 3533 1945 (Rom.

1952 1954 2007 2008 2.
2034 1955 2166 2024 2i)?
2192 1956 2259 2011 Et
2282 1971 2403 2011 cum
2433 1958 2679 2013 volumus
2701 1959 2994 2016 admonere
3041 1961 3225 2029 alium,
3255 1973 3312 2019 ut
3340 1966 3539 2035 aliquid

1954 2060 2019 2101 ex
2048 2048 2110 2102 iis
2125 2064 2245 2118 qua:
2276 2051 2578 2104 necessaria
2628 2061 2752 2105 sunt
2805 2051 3023 2118 efficiat,
3059 2053 3205 2122 prius
3231 2054 3544 2109 Studeamus

1954 2147 2011 2193 et
2036 2155 2134 2194 nos
2162 2140 2264 2196 hoc
2286 2141 2459 2210 ipsum
2488 2156 2647 2211 agere
2671 2182 2687 2206 ,
2723 2158 2829 2213 quo
2859 2144 3014 2199 nobis
3052 2155 3107 2198 et
3159 2146 3332 2213 major
3357 2148 3425 2200 sit
3457 2147 3540 2201 lo-

1956 2232 2151 2301 quendi
2182 2247 2245 2287 ac
2270 2232 2496 2287 docendi
2519 2232 2731 2301 ﬁducia,
2764 2244 2820 2288 et
2861 2235 3037 2289 omnis
3078 2244 3259 2290 nostra
3304 2251 3430 2291 cura
3476 2239 3545 2291 sit

1957 2323 2025 2377 de
2049 2323 2348 2378 animarum
2375 2323 2547 2379 salute
2566 2366 2581 2390 ,
2611 2333 2666 2379 et
2691 2324 2957 2395 quomodo
2980 2327 3272 2395 poterimus
3299 2327 3546 2382 lascivias

1959 2415 2136 2469 carnis
2167 2415 2468 2482 refrenare,
2520 2425 2579 2470 ut
2623 2431 2809 2471 verum
2849 2416 3197 2473 exhibeamus
3241 2418 3545 2487 jejunium;

1955 2505 2219 2574 jejunium
2255 2513 2433 2560 autem
2484 2505 2626 2572 dico,
2659 2506 3034 2560 abstinentiam
3074 2522 3105 2561 a
3150 2507 3313 2563 vitiis.
3340 2509 3547 2562 Etenim

1961 2595 2281 2651 abstinentia
2307 2611 2337 2650 a
2359 2584 2493 2651 cibis
2519 2606 2737 2667 propter
2766 2597 2869 2652 hoc
2895 2609 3112 2668 recepta
3140 2607 3256 2666 est,
3300 2608 3357 2653 ut
3394 2600 3544 2670 vigo-

1962 2702 2075 2742 rem
2101 2688 2278 2742 camis
2303 2688 2574 2753 refrenet,
2602 2698 2656 2743 et
2681 2703 2876 2758 equum
2905 2689 3129 2744 docilem
3160 2690 3367 2745 reddat.
3398 2690 3549 2762 Jeju-

1963 2788 2180 2832 nzuntem
2210 2787 2336 2833 ante
2358 2778 2535 2833 omnia
2562 2787 2775 2847 oportet
2803 2780 2934 2833 iram
2965 2777 3175 2835 frenare
3201 2822 3217 2847 ,
3246 2790 3550 2835 mansuetu-

1964 2869 2143 2922 dinem
2172 2877 2227 2924 et
2255 2867 2526 2922 lenitatem
2552 2868 2850 2933 addiscere,
2874 2884 2970 2922 cor
2996 2869 3192 2925 habere
3228 2873 3550 2939 contritum,

1964 2957 2224 3012 absurdas
2244 2958 2707 3026 concupiscentias
2734 2958 2997 3027 repellere
3016 2999 3032 3025 ,
3063 2970 3187 3014 ante
3213 2961 3396 3015 oculos
3416 2977 3548 3016 con-

1969 3051 2118 3104 tinuo
2148 3049 2347 3105 habere
2371 3050 2585 3105 oculum
2626 3050 2773 3104 illum
2812 3066 3101 3121 numquam
3152 3052 3549 3120 dormitantem,

1967 3151 2022 3196 et
2047 3142 2274 3197 tribunal
2326 3141 2454 3197 illud
2508 3142 2910 3213 incorruptum;
2961 3144 3198 3212 pecuniis
3218 3147 3551 3214 superiorem

1968 3247 2109 3296 csse,
2140 3233 2520 3303 liberalemqne
2564 3232 2849 3288 admodum
2885 3234 2937 3288 in
2967 3233 3142 3289 danda
3190 3235 3551 3308 elecmosyna,

1969 3324 2259 3394 nequitiam
2289 3339 2501 3381 ornnem
2521 3326 2779 3380 adversus
2806 3328 3102 3396 proximum
3142 3343 3208 3382 ex
3256 3330 3437 3383 animo
3461 3331 3557 3385 cli-

1971 3416 2197 3470 minare.
2227 3414 2340 3470 Hoc
2371 3432 2556 3471 verum
2595 3416 2855 3486 jejunium
2886 3426 2999 3484 est,
3047 3417 3184 3473 sicut
3214 3428 3267 3473 et
3301 3419 3463 3474 Isaias
3491 3437 3559 3476 ex

1971 3521 2200 3575 persona
2232 3506 2323 3561 Dei
2344 3507 2592 3576 loquens,
2621 3508 2789 3562 dicit:
2827 3506 2947 3562 Non
2976 3509 3068 3562 hoc
3106 3510 3361 3579 jejunium
3406 3512 3555 3581 elegi,

1971 3597 2094 3650 dicit
2124 3595 2395 3650 Dominus.
2440 3595 2564 3652 Non
2600 3599 2646 3651 si
2685 3606 2917 3667 torqueas
2948 3608 3002 3651 ut
3028 3599 3273 3653 circulum
3320 3603 3558 3655 cervicem

1974 3699 2132 3755 luant,
2155 3699 2203 3743 et
2221 3704 2424 3742 saccum
2448 3699 2496 3743 et
2523 3691 2739 3744 cinerem
2762 3691 3048 3745 substernas
3071 3732 3087 3757 ,
3139 3709 3300 3762 neque
3318 3695 3389 3747 sic
3414 3710 3562 3747 voca-

1975 3780 2089 3833 bilis
2107 3779 2362 3850 jqunium
2389 3788 2671 3849 acceptum,
2702 3780 2824 3834 dicit
2844 3779 3094 3836 Dominus
3120 3781 3139 3855 (
3163 3781 3289 3837 lsai.
3334 3784 3423 3838 58.
3451 3785 3483 3840 5
3510 3784 3554 3855 ).

1974 3869 2103 3936 Sed,
2121 3869 2314 3938 quale?
2338 3869 2446 3925 dic.
2473 3869 2647 3940 Solve,
2667 3870 2861 3942 inquit,
2879 3873 3205 3944 obligationes
3233 3876 3562 3931 uiolentorum

1976 3969 2349 4031 contractuum,
2402 3966 2583 4035 [range
2612 3965 2851 4019 esurienti
2888 3983 3068 4035 panem
3096 3976 3256 4031 tuum,
3289 3986 3561 4040 pauperem

1976 4056 2164 4122 absque
2189 4057 2484 4111 lecloinduc
2510 4058 2563 4111 in
2584 4058 2790 4112 domum
2815 4069 2973 4114 luant.
3018 4060 3084 4115 Et
3113 4063 3155 4115 si
3187 4062 3301 4117 haec
3338 4063 3524 4118 feceris
3544 4107 3560 4132 ,

1978 4146 2171 4216 inquit,
2201 4146 2343 4201 Tunc
2361 4159 2587 4219 erumpet
2612 4152 2858 4205 matutina
2885 4150 2977 4206 lux
3004 4162 3112 4220 tua,
3135 4162 3180 4207 ct
3204 4157 3445 4209 sanitates
3468 4170 3567 4212 tun:

1978 4240 2144 4295 statim
2168 4240 2512 4311 orienturUb.
2539 4258 2587 4295 υ.
2615 4242 2774 4312 6—8.)

2051 4333 2106 4389 6.
2147 4332 2360 4400 Vidisti,
2394 4335 2607 4401 dilecte,
2646 4336 2802 4405 quale
2829 4336 2899 4390 sit
2923 4352 3106 4391 verum
3128 4337 3422 4407 jejunium?
3456 4341 3567 4395 lloe

1981 4438 2347 4492 exerceamus,
2373 4434 2426 4480 et
2452 4441 2558 4480 non
2591 4435 2649 4481 ut
2687 4426 2927 4497 plerique
2956 4430 3322 4485 existimemus
3357 4432 3567 4487 deliniri

1983 4517 2038 4572 in
2063 4517 2166 4573 hoc
2176 4517 2460 4587 jejunium,
2483 4519 2528 4572 si
2554 4517 2621 4571 ad
2642 4532 2916 4586 vesperam
2939 4534 3107 4591 usque
3150 4521 3403 4591 impransi
3453 4540 3565 4577 ina-

1983 4623 2225 4664 neamus.
2253 4606 2370 4663 Non
2391 4608 2492 4664 hoc
2515 4617 2598 4664 est
2620 4608 2760 4679 quod
2775 4610 3049 4680 quaeritur,
3076 4612 3168 4668 sed
3192 4621 3252 4668 ut
3271 4629 3391 4669 cum
3417 4614 3565 4668 cibo-

1985 4715 2105 4755 rum
2131 4698 2453 4755 abstinentia
2483 4707 2538 4755 et
2581 4714 2611 4753 a
2633 4701 2845 4756 czeteris
2873 4700 3204 4757 abstineatur
3228 4720 3347 4773 qua:
3374 4718 3568 4757 nocere

1986 4804 2229 4863 possunt,
2256 4801 2312 4849 et
2335 4793 2687 4864 spiritualium
2716 4808 2936 4863 operum
2965 4810 3209 4865 magnam
3248 4808 3430 4849 curam
3470 4795 3566 4849 ha-

1985 4875 2225 4940 beamus.
2252 4882 2588 4956 .Iejunantem
2614 4899 2733 4942 esse
2752 4894 2961 4955 oportet
2982 4886 3289 4948 demissum,
3305 4886 3570 4955 quietum,

1987 4979 2191 5044 mitem,
2213 4976 2490 5046 humilem,
2538 4978 2722 5049 gloriae
2773 4976 2930 5046 hujus
2958 4977 3080 5030 vita:
3119 4987 3563 5047 contemptorem.

1987 5068 2124 5127 Nam
2148 5069 2286 5125 sicut
2304 5071 2497 5126 anima:
2520 5084 2632 5125 sure
2658 5083 2841 5123 curam
2863 5067 3142 5138 despexit,
3169 5070 3239 5123 ita
3269 5080 3324 5125 et
3354 5072 3567 5130 inanem

1989 5161 2212 5230 gloriam
2231 5160 2509 5231 despicere
2560 5166 2793 5230 Oportet,
2841 5167 2897 5215 et
2946 5160 3012 5215 ad
3055 5160 3201 5215 illum
3253 5162 3426 5218 solum
3480 5182 3570 5236 (μη

1990 5261 2257 5308 scrutatur
2280 5252 2441 5309 corda
2467 5260 2524 5307 et
2564 5265 2722 5307 renes
2750 5250 2773 5324 (
2803 5249 2950 5306 Psal.
2990 5251 3044 5306 7.
3076 5252 3141 5308 l0
3172 5252 3193 5323 )
3222 5294 3237 5321 ,
3278 5253 3567 5324 respicere,

1992 5358 2293 5416 magnoque
2342 5341 2521 5398 studio
2565 5354 2755 5413 preces
2809 5349 2863 5397 et
2909 5341 3278 5401 confessiones
3323 5345 3575 5400 emittere

1995 5437 2127 5504 Deo,
2150 5446 2206 5493 et
2232 5436 2693 5508 eleemosynarum
2724 5435 2923 5491 auxilio
2947 5450 3046 5507 pro
3088 5437 3291 5492 viribus
3328 5438 3569 5508 seipsuin

2000 5623 2010 5633 .
2062 5564 2240 5633 inlisae,
2261 5561 2837 5633 ﬁde_d_igni_.l_tabebin_t_ur,
2860 5566 3123 5633 ᾀξεὸπιστοι
3146 5568 3364 5630 ἐσόμεθα,
3388 5569 3567 5617 desunt

1997 5626 2047 5673 in
2078 5626 2272 5687 ωσι-θη
2290 5628 2376 5673 sed
2406 5626 2457 5674 in
2479 5626 2591 5677 aliis
2613 5626 2839 5679 omnibus
2864 5628 3123 5678 habentur.

3570 5749 3603 5767 κ
