4018 6136
436 234 499 286 75
1172 218 1231 276 S.
1270 211 1542 271 JOA'NNIS
1571 195 2040 264 CHRYSOSTOMI
2079 192 2395 250 ARClllEP.
2434 191 2965 253 CONSTANTINOP.
3485 245 3495 255 ‘
3647 195 3717 250 τε

423 340 776 412 jiivare.lloc
803 339 969 404 enim,
1027 334 1127 389 hoc
1166 329 1472 386 mandatum
1517 322 1746 377 maxime
1790 316 1930 412 valet
1952 311 2015 366 ad

439 434 698 492 abolenda
727 438 936 503 peccata
963 433 1142 483 nostra
1182 421 1382 486 omnia,
1408 429 1460 473 et
1481 415 1546 470 ad
1588 409 1897 483 eripiendos
1922 420 2019 460 nos

434 547 507 585 cx
531 528 788 599 gehenna:
836 522 955 591 igne
987 519 1026 582 ¹,
1059 515 1216 571 modo
1242 514 1413 583 ipsum
1457 506 1777 567 liberaliter,
1823 510 1874 556 et
1916 513 2021 599 non

442 620 509 672 ad
532 587 967 671 “ostentationem
1012 606 1287 662 hominum
1356 611 1729 668 exsequamur.
1780 593 1845 646 Et
1897 587 2023 661 quid

441 710 581 773 dico,
617 720 720 760 non
749 703 815 758 ad
855 696 1308 755 ostentationem?
1334 693 1463 749 Nam
1502 691 1545 745 si
1590 698 1737 744 recte
1761 685 2018 754 sapimus,

442 801 510 854 ob
536 799 635 852 hoc
668 796 838 850 solum
864 792 1004 863 quod
1035 791 1171 845 bona
1221 801 1308 842 res
1360 784 1460 846 sit.
1489 794 1541 838 et
1569 781 1638 835 ob
1680 776 2023 833 commisera-

442 894 641 944 tionem
672 890 722 941 in
755 886 1042 956 proximos,
1076 883 1325 935 virtutem
1370 876 1506 931 hanc
1531 886 1781 929 exercere
1810 874 2026 937 oporte-

446 985 545 1049 bit,
579 996 682 1035 non
711 978 781 1033 ob
828 975 1118 1046 promissas
1159 986 1190 1025 a
1233 969 1455 1024 Domino
1496 962 1792 1019 mercedes.
1826 960 2022 1014 Verum

445 1075 660 1146 quando
686 1072 751 1125 ad
776 1070 904 1124 nihil
952 1066 1178 1122 sublime
1208 1071 1438 1118 mentem
1469 1058 1715 1113 attollere
1746 1054 2021 1146 valemus,

446 1142 529 1219 vel
557 1163 625 1218 ob
646 1160 774 1215 illud
804 1161 977 1229 ipsum
1005 1154 1217 1226 benigni
1244 1154 1429 1215 simus,
1465 1149 1664 1203 nullam
1701 1146 1769 1200 ab
1794 1142 2025 1198 homini-

445 1257 543 1310 bus
573 1260 829 1309 venantes
850 1249 1097 1320 gloriam,
1125 1255 1271 1300 utne
1292 1252 1343 1296 et
1365 1248 1608 1309 sumptus
1640 1237 1924 1301 faciamus,
1970 1239 2028 1288 et

448 1346 695 1403 mercede
745 1344 942 1414 pariter
974 1340 1267 1410 privcmur.
1326 1334 1381 1389 ld
1429 1332 1571 1403 quod
1620 1346 1726 1384 non
1768 1330 1940 1383 solum
1971 1325 2024 1380 in

445 1428 814 1507 cleetnosvna,
842 1434 936 1489 sed
966 1433 1015 1485 in
1045 1442 1363 1498 unoquoque
1406 1426 1546 1479 bono
1572 1438 1735 1492 Opere
1764 1418 2026 1490 spirituali

446 1527 852 1593 attendendum,
878 1534 933 1579 ιιι
955 1523 1086 1578 nihil
1132 1520 1199 1575 ad
1228 1518 1502 1573 hominum
1544 1514 1809 1585 prmconia
1862 1508 2031 1579 respi-

447 1623 651 1675 cientes
699 1618 953 1671 faciamus
985 1633 998 1666 :
1028 1612 1262 1682 alioquin
1295 1610 1437 1664 nulla
1469 1606 1621 1661 nobis
1658 1604 1857 1659 utilitas
1905 1601 2027 1665 erit,

449 1716 561 1768 sive
578 1711 903 1781 jejunemus,
932 1707 1043 1761 sive
1072 1718 1368 1774 precemur,
1395 1699 1507 1755 sive
1525 1697 1891 1757 misereantur,
1917 1693 2031 1748 sive

448 1802 677 1873 quodvis
722 1797 865 1852 aliud
914 1796 1209 1859 faciamus,
1260 1791 1362 1845 nisi
1408 1797 1625 1859 propter
1665 1786 1814 1841 illum
1856 1784 2030 1840 solum

451 1898 600 1958 tiant,
632 1891 719 1961 qui
744 1890 890 1944 novit
934 1896 988 1943 et
1034 1882 1367 1947 abscondita,
1417 1891 1472 1937 et
1513 1896 1634 1951 qua:
1676 1879 1728 1933 in
1770 1875 2034 1948 profundo

453 1983 647 2038 mentis
676 1989 800 2035 sunt
829 1977 1123 2033 recondita.
1156 1974 1284 2028 Nam
1306 1973 1350 2028 si
1382 1972 1449 2026 ab
1478 1972 1571 2025 illo
1602 1970 1817 2040 prtcmia
1836 1981 2032 2036 exspe-

448 2084 586 2134 ctas,
619 2072 832 2134 dilecte,
860 2070 1013 2137 cujus
1051 2066 1219 2136 gratia
1250 2065 1318 2117 ab
1347 2063 1435 2117 illo
1472 2061 1560 2131 qui
1593 2068 1777 2114 natura
1825 2057 1917 2112 tibi
1944 2072 2036 2111 co-

453 2175 642 2235 gnatus
674 2172 775 2227 est,
802 2160 1005 2216 laudari
1044 2158 1162 2213 vis?
1192 2156 1332 2224 Quid
1360 2156 1480 2210 dico
1518 2153 1761 2208 laudari?
1808 2165 1950 2220 smpe
1992 2151 2035 2204 is

460 2273 563 2309 non
598 2254 796 2315 laudat,
825 2251 917 2306 sed
946 2260 999 2305 et
1029 2249 1247 2303 invidet.
1271 2248 1406 2303 Sunt
1430 2246 1574 2301 enim
1606 2244 1756 2298 multi
1805 2244 1873 2296 ita
1898 2243 2036 2297 male

457 2347 653 2413 affecti,
680 2355 737 2399 ut
766 2354 820 2401 et
839 2360 899 2399 ea
928 2358 1046 2413 qua:
1070 2342 1205 2395 bene
1224 2355 1254 2393 a
1284 2340 1437 2394 nobis
1464 2346 1712 2408 aguntur,
1744 2337 1795 2390 in
1823 2343 2036 2389 contra-

459 2440 597 2495 rium
630 2440 1060 2507 interpretentur.
1092 2432 1255 2503 Cujus
1282 2432 1439 2502 igitur
1450 2431 1640 2500 gratia,
1663 2429 1769 2494 die,
1792 2427 2036 2491 obsecro,

461 2544 771 2600 perversum
802 2528 903 2582 hoc
919 2526 1177 2596 judicium
1205 2524 1334 2579 tanti
1368 2521 1532 2577 facis?
1579 2520 1869 2589 lnsopitum
1896 2517 2040 2573 enim

460 2631 516 2674 et
540 2629 795 2690 perpetuo
824 2619 1038 2690 vigilem
1066 2617 1212 2672 illum
1243 2615 1456 2670 oculum
1489 2613 1617 2668 nihil
1645 2627 1831 2667 eorum
1861 2625 1981 2681 quae
2009 2623 2040 2663 a

463 2710 618 2766 nobis
648 2711 777 2765 fiunt
801 2712 970 2765 latere
1004 2717 1200 2778 potest,
1247 2713 1302 2761 et
1332 2712 1542 2776 oportet
1586 2704 1687 2758 hoc
1723 2702 2039 2773 cogitantes,

466 2810 614 2855 tanto
650 2801 826 2855 studio
861 2800 1021 2853 vitam
1049 2807 1284 2852 nostram
1331 2795 1635 2858 instituere,
1660 2792 1879 2862 perinde
1906 2806 1969 2846 ac
1998 2790 2043 2844 si

466 2893 747 2964 paulopost
770 2891 835 2945 de
857 2890 1103 2946 omnibus
1132 2886 1308 2942 verbis
1336 2894 1390 2941 et
1419 2884 1668 2954 operibus
1690 2892 1747 2938 et
1770 2882 2044 2952 cogitatio-

468 2988 622 3041 nibus
652 2985 913 3039 rationcm
945 2979 1200 3051 reddituri
1247 2991 1506 3033 essemus.
1555 2974 1632 3030 Ne
1674 2976 1831 3043 igitur
1859 2973 2045 3028 salutis

468 3086 668 3130 nostra:
692 3080 1089 3141 contemptores
1138 3067 1324 3122 simus.
1372 3066 1512 3121 Nihil
1556 3065 1698 3119 enim
1740 3063 1921 3117 virtuti
1952 3077 2046 3132 par

467 3178 571 3233 est,
623 3165 1063 3230 cari.~sime,qua3
1099 3176 1195 3214 nos
1229 3169 1283 3214 et
1326 3159 1376 3211 in
1410 3156 1586 3211 futuro
1634 3155 1829 3209 smculo
1870 3170 1900 3209 e
1955 3169 2047 3223 ge-

473 3259 647 3311 ltenna
672 3255 848 3323 eripit,
882 3261 935 3306 et
960 3266 1125 3320 regno
1168 3249 1421 3304 czclorutn
1453 3246 1606 3301 nobis
1636 3244 1737 3300 frui
1779 3246 2044 3310 concedit,

471 3358 525 3401 ct
568 3347 618 3399 in
665 3342 915 3415 praesenti
957 3354 1170 3411 quoque
1206 3338 1402 3394 saeculo
1446 3337 1695 3392 omnibus
1746 3335 2050 3406 superiores

477 3434 776 3500 constituit,
800 3433 890 3502 qui
933 3430 1088 3486 nobis
1120 3428 1238 3485 sine
1278 3442 1438 3483 causa
1481 3426 1830 3490 insidiantur,
1861 3433 1915 3480 et
1944 3441 2050 3480 non

476 3527 780 3583 hominibus
806 3525 1000 3589 solum,
1030 3521 1123 3576 sed
1149 3521 1309 3575 etiam
1337 3518 1669 3574 daemonibus
1684 3526 1739 3572 et
1762 3518 1877 3587 ipso
1908 3516 2051 3575 salu-

477 3620 544 3673 tis
575 3626 769 3672 nostrae
794 3614 1007 3669 inimico
1027 3612 1238 3668 diabolo
1258 3610 1506 3666 fortiores
1533 3611 1714 3665 efficit.
1735 3608 1872 3675 Quid
1894 3607 2053 3677 igitur

476 3711 553 3765 illi
579 3727 671 3781 par
696 3708 874 3774 fuerit,
903 3722 1021 3778 quae
1048 3721 1154 3760 non
1194 3705 1366 3759 solum
1410 3704 1712 3758 hominibus
1760 3700 2053 3757 insidianti-

477 3805 599 3868 bus,
631 3801 723 3856 sed
747 3809 800 3856 et
838 3798 1173 3855 daemonibus
1201 3797 1504 3866 superiores
1537 3797 1617 3850 sui
1649 3795 1916 3849 studiosos
1944 3792 2054 3848 efli-

476 3895 586 3950 cit?
614 3894 787 3948 Virtus
816 3900 992 3945 autem
1019 3898 1122 3956 est,
1149 3889 1376 3942 humana
1409 3887 1587 3941 omnia
1628 3887 1904 3954 despicere
1926 3927 1940 3950 ,
1968 3884 2054 3940 fu-

479 3994 595 4039 tura
622 3983 843 4055 singulis
874 3980 1022 4034 horis
1068 3980 1304 4049 cogitare
1330 4019 1345 4045 ,
1376 3978 1538 4030 nullis
1570 3977 1927 4044 praesentibus
1967 3975 2052 4030 in-

480 4078 633 4131 hiare
678 4092 690 4126 ε
735 4074 828 4128 sed
872 4073 1011 4127 scire
1059 4070 1239 4123 omnia
1285 4068 1513 4122 lnnnana
1556 4067 1798 4121 umbram
1836 4082 1956 4122 esse
2002 4075 2057 4123 et

478 4166 769 4228 somnium,
797 4170 847 4216 et
878 4162 920 4214 si
953 4160 1077 4230 quid
1112 4159 1193 4213 his
1221 4159 1395 4212 vilius.
1430 4158 1608 4211 Virtus
1654 4166 1771 4221 est,
1816 4173 1941 4228 erga
1970 4174 2057 4214 ne-

479 4258 624 4327 gotia
651 4255 807 4322 hujus
834 4253 954 4306 vita:
982 4267 1087 4305 non
1116 4252 1283 4321 magis
1308 4250 1468 4316 affici,
1497 4265 1654 4319 quam
1692 4249 1921 4305 cadaver
1947 4250 2059 4305 affi-

480 4348 646 4410 citur,
669 4355 721 4399 et
744 4344 810 4398 ad
832 4358 894 4398 ea
920 4357 1039 4413 quae
1077 4341 1266 4396 anima:
1299 4341 1522 4395 salutem
1574 4340 1892 4396 labefactare
1931 4358 2056 4412 pos-

480 4448 631 4505 sunt,
658 4434 808 4506 quasi
840 4442 1128 4499 mortuum,
1157 4432 1225 4487 ita
1247 4432 1573 4502 operationis
1602 4443 1874 4502 expertem
1901 4449 2019 4489 esse
2038 4474 2056 4503 ,

490 4530 666 4582 vivere
692 4536 867 4579 autem
895 4534 948 4579 et
967 4524 1172 4595 operari
1199 4534 1398 4578 tantum
1422 4524 1561 4579 circa
1588 4525 1899 4595 spiritualia,
1923 4526 2062 4582 sicut

475 4629 535 4673 et
562 4617 759 4672 Paulus
787 4616 998 4671 dicebat
1028 4634 1040 4668 :
1085 4615 1203 4668 Vivo
1225 4626 1411 4678 autem,
1431 4617 1544 4687 jam
1568 4634 1667 4671 non
1688 4633 1796 4686 ego,
1825 4618 1916 4682 sed
1945 4618 2058 4673 vivit

478 4712 539 4767 in
564 4727 640 4763 me
669 4707 893 4764 Christus
919 4710 937 4779 (
969 4706 1087 4761 Gal.
1111 4707 1163 4760 2.
1191 4707 1261 4761 ΞΟ
1284 4707 1325 4776 ).
1352 4708 1603 4775 Proinde,
1626 4708 1980 4774 dilectissimi,
2006 4719 2055 4766 e'

485 4818 586 4861 nos
636 4812 902 4870 tamquam
953 4799 1222 4854 Christum
1263 4800 1429 4854 induti
1476 4801 1655 4857 omnia
1693 4801 1979 4869 faciamus,
2009 4811 2065 4858 et

477 4910 593 4952 non
616 4895 990 4951 contristemus
1020 4893 1273 4964 Spiritum
1323 4903 1584 4948 sanctum.
1637 4895 1858 4962 Quando
1905 4895 2064 4966 igitur

480 4989 769 5044 turbamur
799 5004 827 5042 a
849 4988 1298 5058 concupiscentia,
1345 4988 1429 5042 vel
1472 4987 1756 5045 affectione
1793 4988 2022 5049 absurda
2043 5030 2060 5057 ,

489 5086 576 5140 vel
597 5087 692 5150 ira,
724 5086 808 5139 vel
841 5086 1039 5154 furore,
1070 5084 1154 5139 vel
1206 5084 1431 5150 invidia,
1465 5085 1762 5155 cogitemus
1800 5101 1923 5141 eum
1970 5085 2062 5155 qui

488 5177 544 5231 in
571 5176 725 5229 nobis
748 5174 970 5238 habitat,
1001 5185 1055 5230 et
1078 5176 1404 5246 expcllamus
1432 5177 1613 5246 procul
1653 5192 1865 5235 omnem
1902 5179 2062 5233 talem

486 5267 887 5337 cogitationem.
922 5267 1282 5322 [tex'ercamur
1307 5267 1631 5323 eminentem
1656 5268 1752 5325 Dei
1800 5270 2023 5338 gratiam
2043 5309 2061 5337 ,

486 5372 646 5425 quam
678 5356 831 5415 nobis
858 5356 1078 5426 largitus
1102 5367 1203 5421 est,
1226 5368 1280 5414 et
1309 5358 1640 5414 refrenemus
1668 5375 1856 5416 omnes
1884 5362 2064 5417 carnis

486 5448 815 5511 affectiones,
848 5456 923 5514 ut,
953 5464 1073 5503 cum
1114 5449 1347 5519 legitime
1389 5452 1443 5507 in
1482 5452 1629 5507 brevi
1666 5453 1764 5508 hac
1807 5463 1861 5509 et
1893 5453 2066 5523 fragili

550 5607 566 5640 ⁸
596 5602 810 5678 ροὶεἵίηη
833 5619 898 5658 ea:
916 5608 1027 5671 igne
1045 5608 1441 5672 inexstingnibili,
1474 5625 1577 5675 pro,
1604 5625 1667 5663 ex
1688 5614 1915 5677 gehmnre
1938 5615 2045 5680 igne

2128 309 2233 362 vita
2262 308 2664 374 ccrtaverimus,
2693 321 2923 362 coronas
2967 304 3085 360 illas
3113 305 3335 361 eximias
3362 319 3717 376 assequamur

2127 402 2178 455 in
2207 399 2382 453 futuro
2409 398 2627 466 dieillo,
2658 397 2882 452 terribili
2910 397 3123 467 quidem
3152 398 3540 466 peccatoribus,
3568 397 3717 452 desi-

2126 490 2351 545 det-abili
2372 500 2550 545 autem
2604 491 2801 543 virtute
2854 488 3075 554 indutis,
3106 498 3162 543 et
3190 503 3491 544 mercamur
3532 488 3718 542 ineffa-

2128 582 2252 637 bilia
2287 582 2372 635 illa
2401 582 2574 645 bona,
2606 580 2774 650 gratia
2826 588 2881 635 et
2928 580 3251 649 benignitate
3297 579 3502 634 Domini
3547 580 3716 633 nostri

2127 675 2255 730 .lesu
2276 675 2495 739 Christi,
2529 690 2647 729 cmn
2679 687 2784 743 quo
2810 673 2878 727 sit
2908 673 3047 727 Patri
3065 680 3122 726 et
3141 672 3358 741 Spiritui
3386 681 3574 726 sancto
3601 672 3721 741 glo-

2130 767 2229 832 ria,
2264 768 2565 837 imperium,
2590 771 2782 832 honor,
2813 782 2952 820 ntuic
2982 776 3036 820 et
3054 780 3269 835 semper
3292 806 3311 832 ,
3353 773 3408 820 et
3436 766 3488 819 in
3519 765 3717 820 saecula

2129 859 2473 915 saeculorum.
2506 861 2698 913 Anien.

2709 966 2984 1022 HOMILIA
3025 967 3116 1022 IX.

2132 1080 2211 1136 De
2232 1080 2295 1135 iis
2322 1095 2435 1150 qua;
2469 1090 2743 1150 sequuntur
2778 1080 2885 1134 hare
2926 1080 3093 1145 verba,
3124 1080 3405 1137 Faciamus
3445 1080 3719 1139 hominem

2203 1172 2496 1227 secundum
2531 1172 2813 1241 imaginem
2844 1181 3083 1226 nostram
3118 1190 3133 1226 :
3161 1182 3206 1226 et
3236 1174 3474 1228 adversus
3517 1191 3599 1228 eos
3631 1176 3723 1242 qui

2204 1265 2394 1329 dicunt,
2432 1264 2536 1317 Cur
2557 1264 2725 1318 bestia:
2746 1265 2898 1333 facta:
2923 1274 3059 1331 sunt,
3084 1273 3129 1317 et
3158 1265 3268 1334 quis
3295 1283 3413 1320 usus
3453 1267 3721 1320 creationis

2204 1358 2414 1411 earum?
2438 1355 2506 1409 Et
2532 1357 2668 1426 quod
2689 1357 2767 1422 vel
2796 1357 2869 1409 sic
2891 1358 3111 1411 maxime
3135 1358 3416 1411 declaretur
3436 1359 3598 1412 honor
3627 1360 3720 1412 Ito-

2204 1449 2330 1502 mini
2356 1448 2573 1517 habitus,
2602 1458 2752 1520 atque
2787 1447 3059 1515 ineﬂ'abilis
3098 1447 3198 1503 Dei
3225 1467 3344 1520 erga
3370 1450 3537 1519 ipsum
3565 1451 3719 1505 bene-

2205 1539 2439 1592 volentia.

2208 1653 2261 1707 1.
2302 1652 2563 1722 Agricolae
2614 1652 2991 1719 studiosiores,
3023 1667 3147 1707 cum
3193 1653 3385 1724 pingue
3413 1654 3641 1710 viderint
3666 1664 3723 1713 et

2136 1744 2458 1816 profundum
2475 1759 2682 1810 arvum,
2706 1744 2921 1815 largiter
2936 1746 3138 1799 semina
3155 1756 3429 1816 spargunt,
3448 1763 3724 1819 magnam-

2137 1852 2241 1907 que
2266 1843 2319 1889 et
2341 1835 2609 1890 assiduam
2636 1835 2958 1906 diligentiam
2986 1836 3320 1901 adhibentes,
3354 1840 3590 1909 quotidie
3626 1856 3723 1896 ex-

2140 1926 2369 1997 plorant,
2402 1943 2527 1981 num
2559 1928 2693 1982 forte
2718 1926 2909 1982 alicubi
2934 1927 3023 1994 sit,
3046 1928 3186 1996 quod
3208 1931 3374 2000 segeti
3423 1945 3637 1998 nocere,
3666 1941 3720 1988 et

2138 2018 2374 2072 laborem
2413 2033 2570 2087 quem
2601 2028 2950 2088 susceperunt
2980 2018 3221 2075 inutilem
3268 2021 3436 2090 possit
3476 2022 3716 2078 reddere.

2139 2107 2309 2163 Simili
2339 2108 2498 2163 modo
2518 2117 2572 2163 et
2603 2124 2698 2163 nos
2720 2108 2992 2178 spirituale
3020 2108 3343 2165 desiderium
3376 2120 3607 2166 vestrum
3628 2153 3645 2178 ,
3668 2121 3724 2166 et

2142 2201 2328 2271 ingens
2353 2200 2597 2255 audiendi
2619 2201 2850 2255 studium
2881 2201 3143 2269 videntes,
3172 2217 3390 2272 operam
3434 2202 3626 2259 damus
3666 2214 3724 2259 ut

2143 2293 2378 2363 quotidie
2401 2293 2694 2348 sententias
2713 2292 2968 2363 quasdam
2994 2292 3187 2347 divinae
3221 2292 3508 2363 Scripturae
3530 2306 3725 2350 vestrm

2144 2383 2312 2436 menti
2353 2384 2649 2438 inseramus
2672 2424 2687 2449 ,
2716 2382 2972 2452 vobisque
3001 2383 3162 2437 etiam
3194 2382 3490 2437 indicemus
3520 2400 3580 2439 ea
3603 2400 3726 2455 qua:

2144 2473 2403 2541 spirituali
2429 2473 2616 2528 semini
2646 2473 2799 2527 noxia
2831 2487 2947 2528 esse
2973 2483 3215 2542 possunt,
3244 2489 3313 2529 ne
3340 2473 3473 2529 forte
3499 2476 3727 2531 circum-

2145 2566 2450 2631 veniamini,
2480 2582 2613 2621 neve
2641 2581 2767 2620 sana
2789 2566 3043 2623 doctrinae
3063 2567 3306 2637 dogmata
3338 2567 3726 2624 labefactentur

2148 2674 2244 2728 per
2290 2660 2639 2730 quorumdam
2687 2671 2956 2724 conatum,
2992 2662 3082 2730 qui
3126 2661 3383 2717 Ecclesia:
3410 2663 3725 2730 placitorum

2147 2747 2263 2804 loco
2291 2749 2548 2804 ratiocinii
2572 2752 2651 2803 sui
2675 2750 2919 2821 figmenta
2945 2751 3194 2808 inducere
3222 2760 3448 2808 tentant.
3481 2752 3727 2811 Vestrum

2150 2851 2327 2895 autem
2352 2841 2534 2908 fuerit,
2560 2843 2799 2912 deposita
2842 2845 3066 2913 posthac
3109 2845 3393 2916 diligenter
3431 2861 3647 2903 servare
3675 2858 3731 2904 et

2152 2934 2301 2988 ﬁrma
2352 2936 2606 2989 memoria
2654 2937 2945 3009 custodire,
2998 2948 3055 2992 ut
3097 2938 3301 2994 facilius
3350 2946 3405 2995 et
3455 2942 3729 3009 sequentia

2151 3025 2403 3094 consequi
2440 3006 2723 3096 possitisr
2729 3027 2861 3081 Nam
2918 3027 3021 3083 nisi
3067 3043 3208 3084 nunc
3260 3030 3327 3086 ad
3386 3006 3729 3100 profundiora

2152 3114 2546 3183 Scripturarum
2569 3131 2724 3172 sensa
2756 3132 2854 3172 nos
2879 3117 3336 3187 descenderimus,
3364 3130 3419 3177 et
3448 3138 3541 3178 vos
3575 3138 3723 3177 men-

2154 3214 2260 3262 tem
2282 3216 2510 3262 vestram
2528 3210 2920 3278 coaptaveritis,
2949 3210 3160 3279 quando
3178 3212 3367 3281 jejuuii
3392 3222 3602 3284 tempus
3624 3224 3726 3279 est,

2154 3298 2365 3367 quando
2386 3298 2451 3353 ad
2480 3299 2767 3355 natandum
2792 3301 3026 3356 membra
3055 3312 3237 3358 nostra
3266 3305 3559 3370 suntlcvia,
3586 3322 3734 3360 men-

2154 3388 2224 3442 tis
2247 3398 2424 3443 autem
2450 3390 2632 3445 oculus
2656 3392 2882 3459 acutior,
2897 3400 3077 3461 utpote
3097 3409 3203 3449 non
3227 3395 3463 3451 turbatus
3474 3396 3737 3453 damnoso

2156 3482 2442 3552 voluptatis
2474 3483 2617 3539 fluxu
2643 3502 2657 3551 ;
2688 3484 2909 3554 spiritus
2929 3501 3161 3559 quoque,
3192 3502 3261 3543 ne
3285 3487 3574 3544 suﬂ‘ocetur
3593 3531 3610 3555 ,
3633 3505 3734 3544 ex-

2159 3573 2386 3644 peditior
2444 3592 2458 3628 :
2516 3575 2855 3646 quandonam
2915 3578 3196 3634 commode
3273 3578 3564 3647 poterimus
3620 3579 3736 3634 haec

2158 3666 2371 3722 facere?
2392 3682 2517 3722 num
2540 3666 2752 3737 quando
2772 3667 2976 3723 delicia:
2993 3709 3007 3733 ,
3053 3677 3109 3723 et
3151 3668 3383 3725 ebrietas
3402 3709 3419 3736 ,
3445 3670 3733 3735 voracitas,

2159 3758 2398 3827 crapula,
2422 3769 2475 3814 et
2501 3759 2603 3813 alia
2645 3775 2761 3829 qua:
2802 3759 2925 3814 inde
2955 3772 3243 3815 nascuntur
3285 3762 3421 3817 mala
3464 3762 3737 3831 regnant?

2160 3848 2274 3903 Non
2313 3849 2519 3916 videtis,
2566 3865 2660 3905 eos
2701 3851 2789 3921 qui
2831 3851 2928 3906 hos
2954 3852 3217 3920 pretiosos
3254 3852 3458 3920 lapides
3495 3868 3560 3907 ex
3604 3853 3739 3907 mari

2160 3943 2391 3998 educere
2414 3953 2681 4012 quierunt,
2714 3959 2820 3999 non
2841 3943 3030 4000 sedere
3063 3944 3213 4013 juxta
3242 3945 3387 4000 littus
3418 3946 3612 4012 maris,
3641 3945 3740 3998 flu-

2162 4044 2278 4089 ctus
2307 4044 2681 4099 numerantes;
2706 4035 2800 4090 sed
2820 4036 2873 4090 in
2892 4035 3214 4105 profundum
3252 4051 3312 4090 se
3353 4035 3653 4102 demittere,
3685 4045 3741 4092 et

2164 4136 2222 4180 ut
2239 4127 2308 4180 ita
2333 4126 2529 4195 dicam,
2555 4127 2706 4197 quasi
2726 4128 2779 4182 in
2798 4128 2941 4197 ipsos
2955 4128 3105 4182 sinus
3126 4126 3304 4196 abyssi
3329 4126 3738 4193 descendentes,

2163 4218 2374 4287 assequi
2421 4218 2562 4288 quod
2616 4227 2757 4273 tanta
2810 4233 2973 4287 opera
3019 4219 3343 4289 exquirunt?
3410 4220 3740 4290 Quamquam

2164 4309 2290 4379 quid
2317 4325 2522 4379 magna:
2548 4310 2788 4366 utilitatis
2814 4310 2933 4365 vitae
2963 4309 3085 4365 huic
3109 4310 3349 4367 attulerit
3373 4312 3583 4367 illorum
3611 4312 3740 4382 lapio

2164 4400 2288 4454 dum
2314 4400 2586 4455 inventio?
2616 4400 2829 4456 Utinam
2876 4416 3004 4457 vero
3033 4417 3136 4457 non
3185 4401 3415 4473 ingentia
3442 4402 3635 4457 damna
3664 4404 3744 4457 in-

2168 4490 2386 4548 ferrent.
2418 4492 2553 4547 llinc
2574 4493 2716 4548 enim
2746 4494 3023 4549 innumera
3048 4503 3338 4549 nascuntur
3366 4494 3527 4558 mala,
3562 4507 3629 4548 ex
3658 4492 3743 4547 in-

2167 4599 2299 4640 sano
2325 4600 2513 4653 nempe
2535 4585 2770 4654 pecuniae
2792 4599 2975 4640 amore
2998 4594 3052 4639 et
3076 4600 3141 4639 ex
3166 4584 3315 4640 rabie
3332 4584 3472 4639 circa
3483 4598 3745 4653 gemmas.

2173 4679 2417 4732 Attamen
2449 4677 2572 4731 licet
2622 4688 2765 4731 tanta
2806 4678 2926 4732 inde
2957 4686 3242 4731 nascantur
3278 4678 3413 4731 mala
3437 4685 3491 4733 et
3527 4674 3743 4739 damna,

2170 4772 2315 4826 nullo
2341 4771 2500 4825 modo
2520 4785 2710 4841 segnes
2725 4779 2848 4824 sunt
2874 4770 2907 4824 ii
2928 4769 3017 4839 qui
3036 4769 3138 4824 illis
3154 4778 3362 4835 vacant,
3389 4767 3482 4823 sed
3508 4767 3746 4837 pericula

2169 4865 2368 4920 adeunt
2417 4865 2758 4935 laboremque
2791 4865 3016 4919 multum
3065 4848 3383 4932 suscipiunt,
3419 4870 3476 4917 ut
3505 4862 3750 4916 invenire

2171 4958 2377 5030 possint
2408 4959 2458 5012 id
2480 4958 2620 5028 quod
2642 4967 2907 5027 quzerunt.
2933 4957 2991 5012 In
3018 4955 3210 5011 divinis
3232 4964 3409 5010 autem
3431 4952 3744 5045 Scripturis,

2148 5041 2225 5106 'et
2251 5051 2301 5105 in
2331 5050 2697 5120 Spiritualibus
2739 5059 2793 5105 et
2824 5048 3071 5118 pretiosis
3116 5047 3219 5102 illis
3257 5041 3752 5123 lapidibuuiequo

2172 5143 2466 5214 perieulum
2496 5142 2754 5211 suspicari
2782 5141 2927 5205 licet,
2958 5154 3129 5210 neque
3146 5138 3342 5197 multus
3356 5147 3440 5194 est
3454 5136 3625 5199 labor,
3653 5135 3754 5190 sed

2148 5234 2375 5290 'lucrum
2408 5232 2693 5295 ineffabile,
2725 5233 2771 5288 si
2794 5246 2855 5288 ea
2886 5239 3092 5286 tantum
3117 5245 3237 5300 qua:
3265 5237 3449 5284 nostra
3476 5232 3599 5282 su‘nt
3628 5240 3753 5280 cum

2173 5324 2445 5379 alacritate
2470 5323 2775 5378 all’eramus.

2247 5418 2424 5474 Gratia
2448 5417 2624 5488 quierit
2648 5432 2731 5472 eos
2754 5415 2841 5486 qui
2866 5430 2921 5469 se
2938 5414 3213 5484 suscipiant
3236 5413 3433 5476 ,‘brevis
3472 5408 3754 5466 exhortatio

2176 5524 2221 5569 et
2246 5512 2580 5582 quorumdam
2616 5526 2681 5565 ex
2716 5509 2865 5563 dictis
2897 5503 3481 5575 resumptio.-—Gratia
3527 5511 3610 5556 est
3664 5515 3755 5568 pa-

2177 5614 2313 5673 rata,
2344 5618 2591 5675 quaerens
2616 5616 2710 5660 eos
2738 5601 2829 5673 qui
2862 5616 2922 5657 se
2961 5616 3085 5656 cum
3123 5598 3397 5655 alacritate
3439 5592 3754 5663 suscipiant.
