4018 6136
342 302 410 357 ’Π
1111 301 1169 358 S.
1191 301 1421 357 ’.ιΟΑΝΝ
1429 303 1491 358 IS
1526 296 2010 358 CIIRYSOSTOMI
2035 297 2350 355 ARCHIEP.
2377 294 2919 357 CONSTANTINOP.
3682 302 3765 363 π

343 417 514 491 αὑτὴν
533 416 975 488 ὑποδεχομένους.
1002 413 1252 480 Τοιοῦτος
1275 417 1383 488 γὰρ
1403 419 1432 470 6
1456 418 1731 485 Δεσπότης
1761 418 1789 470 ό
1803 418 2002 487 ἡμέτε-

346 523 439 577 ρος
457 522 471 535 ·
500 505 718 560 ἐπειδάν
740 504 821 575 ῐδῃ
843 504 1019 575 ψυχὴν
1044 503 1473 577 διεγηγερμένην
1496 507 1589 558 καὶ
1611 505 1773 559 πόθον
1794 505 2002 568 ζέοντα,

343 593 434 646 τὸν
470 595 665 647 οἰκεῖον
699 591 925 645 πλοῦτον
960 590 1099 662 μετὰ
1147 590 1424 660 δαψιλείας
1462 596 1689 664 χορηγεῖ
1734 591 2006 664 ὑπερϐαίη-

343 697 499 733 νοντα
532 678 629 748 τὴν
658 679 872 749 αἴτησιν
904 681 968 748 τῇ
998 677 1174 750 οἰκείᾳ
1200 677 1504 748 φιλοτιμίᾳ.

417 765 671 835 β’.Ταῦτα
685 764 866 820 τοίνυν
882 764 1101 828 εἰδότες,
1120 766 1415 835 ἀγαπητοὶ,
1431 763 2004 835 ἐκκαθάραντες-ὑμῶν

342 849 431 903 16v
458 849 711 921 λογισμὸν
738 850 845 909 ἀπὸ
869 849 978 904 τῶν
1008 850 1276 921 βιωτικῶν
1306 851 1663 922 πραγμάτων,
1718 852 1813 904 καί
1840 839 2005 922 εὑρύέῖ

339 935 708 1007 ναντεςὺμῶν
743 936 804 992 16
852 936 1051 1002 πλάτος
1095 937 1191 1007 τῆς
1220 936 1476 1003 διανοίας,
1511 936 1648 1007 μετά
1676 935 1875 1006 πολλῆς
1902 936 2005 1005 τῆς

342 1024 652 1097 προθυμίας
669 1023 892 1095 δέχεσθε
912 1023 979 1078 τὰ
997 1024 1146 1095 παρά
1165 1023 1259 1076 τοῦ
1277 1024 1415 1077 Πνεύ
1424 1041 1588 1094 ματος
1603 1024 2002 1095 χορηγούμενα,

341 1112 429 1164 ἵνα
458 1111 710 1183 καθάπερ
739 1111 809 1183 γῆ
842 1111 1047 1182 λιπαρά
1072 1111 1164 1163 καὶ
1189 1110 1409 1182 γόνιμος
1442 1110 1915 1180 πολυπλασιάσητε
1936 1111 2004 1164 τά

340 1199 804 1270 καταϐαλλόμενα,
839 1199 930 1253 καὶ
955 1200 1220 1269 ποιήσητε
1239 1200 1267 1252 6
1297 1199 1395 1269 μὲν
1414 1198 1626 1262 ἑκατὸν,
1658 1200 1686 1250 6
1709 1198 1764 1252 δὲ
1786 1198 2005 1269 ἐξήκον-

341 1305 430 1351 τα,
470 1289 499 1340 6
531 1287 588 1340 δὲ
639 1286 947 1359 τριάκοντα.
1023 1285 1320 1339 Ἠκούσατε
1364 1288 1421 1339 ὲν
1455 1289 1573 1349 ταῖς
1608 1284 2004 1358 προλαϐοῦσαις

341 1374 576 1444 ἡμέραις
606 1374 703 1443 τὴν
731 1373 933 1441 ἄφατον
965 1372 1154 1440 σοφίαν
1184 1371 1275 1426 τοῦ
1325 1371 1393 1425 τὰ
1426 1371 1675 1441 ὁρώμενα
1718 1372 1892 1424 πάντα
1919 1389 2005 1424 τε·

342 1458 705 1529 κτηναμένου,
754 1459 855 1512 καὶ
899 1458 1044 1521 ὅπως
1077 1459 1281 1530 ῥήματι
1326 1457 1489 1527 μόνον
1520 1458 1612 1511 καὶ
1648 1456 1909 1529 ’θελήματι
1937 1458 2003 1512 16

343 1546 522 1599 πάντα
550 1547 887 1617 παρήγαγεν.
920 1539 1055 1597 Εἷπε
1078 1543 1205 1615 γάρ,
1238 1543 1576 1612 Γενηθήτω,
1621 1544 1714 1597 καὶ
1767 1545 2002 1613 ἐγένετο,

343 1631 435 1683 καὶ
463 1629 664 1693 εὐθέως
690 1628 941 1701 παρήχθη
979 1629 1193 1683 ἅπαντα
1224 1630 1293 1684 τὰ
1320 1632 1573 1700 στοιχεῖα,
1602 1632 1695 1683 καὶ
1721 1631 1921 1701 ἤρκεσε
1942 1631 2005 1683 16

344 1717 494 1787 ῥῆμα
525 1718 660 1788 πρὸς
685 1717 783 1787 τὴν
838 1715 947 1770 τῶν
982 1717 1288 1786 γενομένων
1343 1716 1619 1781 σύστασιν,
1670 1717 1769 1769 οὑκ
1818 1717 2003 1788 ἐπειδὴ

344 1805 497 1876 ῥῆμα
525 1801 593 1876 ἦν
624 1806 828 1870 ἁπλῶς,
860 1806 974 1859 ἀλλ’
999 1805 1183 1876 ἐπειδὴ
1220 1806 1369 1876 ῥῆμα
1393 1806 1550 1859 Θεοῦ.
1586 1805 1877 1877 Μέμνησθε
1896 1806 2005 1859 τῶν

341 1892 462 1945 τότε
486 1893 812 1963 κινηθέντων
841 1894 970 1964 ἡμῖν
1001 1892 1139 1963 πρὸς
1178 1892 1301 1955 τοὺς
1359 1891 1418 1956 ἐξ
1459 1893 1825 1963 ὑποκειμένης
1873 1892 2006 1960 ὕλης

342 1979 596 2047 λέγοντας
620 1979 685 2033 τά
733 1980 861 2034 ὅντα
886 1979 1231 2050 γεγενῆσθαι,
1263 1980 1356 2032 καὶ
1381 1979 1479 2050 τὴν
1512 1980 1715 2033 οἰκείαν
1739 1980 1803 2051 λη
1814 1979 2006 2052 ρωδίαν

342 2067 766 2140 ὲπεισφέροντας
790 2071 898 2131 τοῖς
921 2068 1019 2138 τῆς
1060 2067 1384 2139 Ἐκκλησίας
1421 2067 1700 2138 δόγμασιν.
1744 2067 2005 2136 Ἐμάθετε

343 2156 487 2219 τίνος
510 2157 693 2209 ἕνεκεν
734 2154 826 2208 16v
871 2156 966 2225 μὲν
993 2153 1218 2225 οὑρανδν
1262 2155 1665 2227 ἀπηρτισμένου
1695 2156 2002 2224 παρήγαγε,

344 2243 443 2313 τὴν
480 2243 535 2296 δὲ
554 2244 657 2312 γῆν
696 2243 1020 2313 ἀμόρφωτον
1049 2242 1144 2295 καὶ
1174 2242 1565 2296 ἀδιατύπωτον.
1602 2243 1708 2295 Καὶ
1759 2241 1869 2313 γὰρ
1913 2241 2006 2295 δύο

347 2329 525 2393 αἰτίας
556 2330 676 2383 τότε
722 2330 1041 2398 εἰρήκαμεν,
1102 2329 1230 2399 μίαν
1263 2329 1381 2399 μὲν,
1416 2328 1507 2383 ἵνα
1556 2331 1613 2381 ἐν
1657 2330 1733 2400 τῷ
1778 2329 2006 2400 βελτίονι

348 2412 598 2483 στοιχείῳ
627 2411 1035 2481 καταμαθόντες
1062 2410 1161 2481 τὴν
1189 2409 1414 2480 δύναμιν
1449 2410 1542 2464 τοῦ
1576 2412 1864 2477 Δεσπότου,
1904 2430 2010 2483 μη-

347 2499 466 2552 κέτι
500 2497 923 2569 ἀμφιϐάλλωμεν
955 2496 1263 2568 νομίζοντες
1306 2496 1370 2550 δι’
1419 2498 1700 2552 ἀσθένειαν
1731 2499 2007 2570 δυνάμεως

347 2585 506 2639 τοῦτο
536 2584 821 2654 γενέσθαι·
883 2584 1072 2656 ἑτέραν
1119 2585 1196 2649 δὲ,
1252 2586 1437 2662 ἐπειδὴ
1489 2586 1644 2657 α’ύτητ
1679 2588 1774 2640 καί
1828 2588 2011 2658 μήτηρ

350 2674 445 2728 καί
472 2673 669 2745 τροφὸς
686 2676 815 2744 ἡμῖν
842 2673 1155 2745 γεγένηται,
1182 2674 1273 2727 καὶ
1296 2673 1353 2739 ἐξ
1379 2676 1547 2745 αὐτῆς
1564 2677 1655 2728 καί
1678 2675 2007 2746 τρεφόμεθα,

350 2763 446 2814 καὶ
479 2761 695 2815 πάντων
718 2759 825 2813 τῶν
860 2759 1032 2813 ἄλλων
1076 2758 1416 2832 ἀπολαύομεν
1453 2773 1503 2825 ⁸,
1541 2762 1631 2814 καὶ
1676 2762 1812 2833 πρὸς
1844 2761 2011 2833 αὐτὴν

352 2851 514 2903 πάλιν
555 2849 814 2920 ἐπάνιμεν
840 2867 852 2879 ·
891 2848 1027 2920 αὕτη
1056 2848 1164 2921 769
1194 2852 1325 2921 ἡμῖν
1356 2851 1449 2904 καὶ
1482 2852 1678 2921 πατρὶς
1711 2852 1802 2905 καὶ
1844 2854 2013 2923 τάφος

351 2938 499 2991 ἐστίν
518 2955 530 2968 ·
552 2938 636 2991 ἵνα
655 2937 783 3007 γοῦν
804 2937 954 3008 μὴτὸ
979 2936 1076 3006 τῆς
1097 2936 1281 3008 χρείας
1309 2938 1601 3006 ἀναγκαῖον
1619 2940 2012 3011 παρασκευάσῃ

359 3023 501 3093 μέγα
514 3042 565 3078 τι
588 3025 681 3079 καὶ
704 3025 832 3096 περὶ
860 3024 1028 3093 αὐτῆς
1053 3024 1433 3093 φαντάζεσθαι,
1461 3025 1727 3079 δείκνυσ.ν
1757 3025 1923 3097 αὐτὴν
1956 3027 2014 3094 ἐξ

351 3113 526 3183 ἀρχῆς
556 3113 877 3185 ἀμόρφωτον
896 3130 909 3143 ·
942 3112 1028 3164 ’ίνα
1059 3111 1440 3183 παιδευώμεθα
1468 3111 1561 3165 καὶ
1592 3113 1659 3165 δι’
1704 3113 1882 3168 αὐτῶν
1907 3113 2015 3167 τῶν

352 3199 716 3270 πραγμάτων,
769 3198 966 3270 μηκέτι
1007 3201 1073 3269 τῇ
1130 3198 1290 3266 φύσει
1317 3199 1416 3267 τῆς
1445 3198 1546 3268 γῆς
1599 3197 1903 3267 λογίζεσθαι
1946 3201 2015 3254 16

354 3286 731 3357 προειρημένα
756 3285 991 3349 ἅπαντα,
1030 3283 1164 3337 ἀλλά
1187 3287 1254 3354 τῇ
1281 3283 1506 3353 δυνάμει
1548 3284 1643 3337 τοῦ
1674 3286 2017 3356 παραγαγόν-

353 3389 466 3435 τος.
528 3370 790 3441 Ἐμάθετε
827 3371 990 3425 πάλιν
1049 3370 1166 3435 πῶς
1218 3370 1311 3423 τὸν
1348 3369 1623 3443 χωρισμὸν
1673 3371 1780 3424 τῶν
1814 3372 2016 3426 ὑδάτων

356 3459 671 3530 εἰργάσατο,
704 3458 762 3511 16
788 3459 1070 3530 στερέωμα
1095 3457 1250 3512 τοῦτο
1283 3458 1342 3512 16
1370 3459 1644 3529 ὁρώμενον
1670 3460 2016 3531 παραχθῆναι

358 3528 698 3616 προστάξας·
731 3528 900 3599 εἴδετε
935 3528 1007 3600 16
1035 3546 1148 3611 ζῶα
1169 3547 1237 3600 16
1266 3528 1499 3618 ἔμψυχα,
1544 3547 1638 3600 καί
1664 3549 1726 3599 ὲκ
1892 3528 2018 3602 ὑδάζ

357 3651 483 3699 των,
519 3634 613 3686 καὶ
655 3635 719 3688 ὲκ
767 3634 864 3702 τῆς
918 3634 1023 3705 γῆς
1071 3635 1440 3706 ἀναδιδόμενα.
1496 3635 1679 3689 Ταῦτα
1707 3637 1805 3708 οὑχ
1834 3636 2020 3701 ἁπλῶς

356 3720 477 3773 οὐδὲ
517 3722 692 3791 μάτην
738 3721 831 3774 νῦν
860 3721 1240 3793 ἀναγκάζομαι
1269 3721 1738 3792 ἐπαναλαμϐάνειν
1774 3724 1866 3777 καί
1896 3724 2016 3777 δευ-

358 3808 549 3878 τεροῦν
601 3810 688 3863 ἐπὶ
743 3810 840 3880 τῆς
901 3811 1170 3882 ὑμετέρας
1227 3810 1477 3882 ἀγάπης·
1508 3810 1736 3866 ἀλλ’ἵνα
1780 3814 1890 3875 τοῖς
1921 3812 2019 3882 μὲν

360 3898 653 3969 ἁκηκοόσιν
705 3898 958 3963 ὑπόθεσις
1006 3899 1253 3970 γένηται,
1287 3900 1377 3953 καί
1430 3900 1831 3972 ἀσφαλέστερον
1879 3902 2020 3957 αὑτά

360 3984 729 4039 ὲναποθῶνται
773 3988 839 4057 τῇ
892 3985 1128 4056 διανοίᾳ·
1182 3988 1292 4049 τοῖς
1338 3986 1395 4039 δὲ
1446 3986 1566 4038 τότε
1611 3988 1685 4057 μὴ
1722 4005 2023 4058 παραγενο-

366 4072 544 4143 μένοις
590 4060 832 4145 ἀρκοῦσα
870 4073 1093 4145 γένηται
1149 4075 1183 4143 ἡ
1230 4072 1578 4138 διδασκαλία,
1632 4077 1726 4129 καὶ
1756 4077 2021 4148 μηδεμίαν

363 4163 427 4213 ὲκ
472 4160 564 4213 τοῦ
614 4160 687 4231 μὴ
729 4164 982 4229 παρεῖναι
1034 4161 1063 4199 b
1116 4159 1316 4231 ζημίαν
1344 4162 1706 4231 ὑπομένωσιν.
1755 4165 1907 4219 Ἑπεί
1929 4167 2021 4220 καὶ

365 4248 549 4317 πατὴρ
606 4246 955 4317 φιλόστοργος
1004 4250 1115 4310 τοῖς
1160 4247 1531 4317 ἀπολειφθεῖσι
1566 4252 1720 4304 παισί
1764 4253 1856 4322 τῆς
1886 4271 2021 4325 τρα-

363 4332 539 4401 πέζης
592 4334 660 4386 16
722 4332 945 4403 λείψανα
1009 4333 1398 4403 διαφυλάττει,
1460 4336 1545 4388 ἵνα
1596 4340 2023 4410 παραγενόμενοι

363 4418 716 4491 παραμυθίαν
765 4419 863 4489 τῆς
915 4421 1179 4485 ἀπουσίας
1235 4420 1433 4494 εὕρωσι
1482 4424 1580 4496 τὴν
1620 4425 1820 4478 τούτων
1856 4427 2026 4496 φυλα-

365 4507 488 4575 κὴν.
543 4505 637 4559 Διά
663 4505 727 4577 δὴ
775 4505 931 4560 τοῦτο
963 4508 1058 4561 καὶ
1108 4509 1267 4579 ἡμεῖς
1300 4510 1516 4564 πάντων
1563 4511 1793 4566 ἐνταῦθα
1828 4516 2027 4568 συνιόν-

364 4609 472 4649 των
496 4591 572 4655 ὡς
608 4592 818 4646 οίκείων
866 4594 1043 4664 μελῶν
1084 4596 1408 4666 κηδόμενοι,
1459 4598 1549 4651 καί
1599 4597 1698 4670 τὴν
1755 4601 2021 4672 ὑμετέραν

366 4677 650 4749 προκοπὴν
706 4679 910 4733 οἰκείαν
958 4681 1302 4755 εὐδοκίμησιν
1352 4683 1671 4753 τιθέμενοι,
1725 4687 2022 4757 ἐπιθυμοῦ-

369 4782 468 4837 μεν
492 4764 608 4839 [67]
644 4768 885 4831 ἀπαντας
935 4768 1169 4833 τελείους
1207 4771 1299 4823 καὶ
1331 4771 1766 4841 ἀπηρτισμένους
1808 4773 2021 4827 ἀποδει-

367 4856 560 4927 χθῆναι
587 4857 665 4919 εἰς
691 4855 846 4920 δόξαν
875 4854 1033 4921 Θεοῦ,
1058 4859 1152 4910 καὶ
1173 4859 1253 4921 εἰς
1279 4856 1624 4929 εὐδοκίμησιν
1656 4860 1754 4930 τῆς
1795 4860 2022 4914 Ἐκκλη-

368 4944 529 5011 σίας,
569 4947 662 4998 καὶ
715 4945 796 5009 εἰς
854 4944 1113 5015 καύχημα
1168 4944 1453 5015 ἡμέτερον.
1507 4946 1616 4999 Καὶ
1660 4947 1708 4997 εἰ
1764 4947 1837 5018 μὴ
1885 4948 2024 5001 δοκῶ

368 5031 743 5102 παρενοχλεῖν,
786 5033 917 5103 φέρε
968 5032 1035 5084 δι’
1067 5032 1261 5101 ὀλίγων
1290 5033 1383 5085 καὶ
1407 5031 1517 5085 τῶν
1549 5032 1675 5103 χθὲς
1715 5035 1845 5104 ἡμῖν
1876 5035 2026 5105 εἰρηο

373 5116 547 5187 μένων
580 5118 978 5189 ὑπομνήσωμεν
1007 5119 1160 5189 ὑμῶν
1182 5118 1280 5189 τὴν
1314 5118 1555 5189 ἀγάπην.
1585 5118 1767 5173 Εἴδετε
1790 5121 1887 5190 τὴν
1912 5122 2025 5175 δια-

371 5201 541 5270 φοράν
576 5199 677 5269 τῆς
713 5202 1069 5273 δημιουργίας
1116 5203 1225 5257 τῶν
1279 5204 1614 5275 κτισμάτων,
1646 5206 1740 5259 καὶ
1788 5208 1887 5276 τῆς
1930 5207 2024 5260 τοῦ

369 5287 655 5357 ἀνθρώπου
674 5289 1030 5355 διαπλάσεως·
1071 5292 1341 5364 ἠκούσατε
1369 5294 1501 5364 ὅσης
1520 5295 1686 5365 τιμῆς
1708 5294 1905 5365 ἠξίωσε
1934 5297 2026 5351 16v

369 5374 610 5447 ἀρχηγὸν
640 5375 732 5428 τοῦ
766 5376 953 5445 γένους
983 5379 1077 5432 τοῦ
1110 5381 1399 5452 ἡμετέρου,
1436 5382 1531 5434 καὶ
1555 5382 1612 5434 ἐν
1642 5382 1778 5455 αὑτῇ
1809 5386 1873 5455 τῇ
1915 5384 2049 5438 δια-ι

370 5463 565 5517 πλάσει
589 5462 705 5527 πῶς
734 5464 801 5517 δι’
822 5465 1001 5519 αὐτῶν
1027 5466 1133 5518 τῶν
1159 5469 1417 5537 ῥημάτων
1444 5469 1536 5522 καί
1563 5469 1660 5539 τῆς
1688 5469 1796 5522 τῶν
1826 5470 2025 5535 λέξεων

369 5551 677 5624 παχύτητος
710 5553 938 5625 ἐνέφηνε
964 5554 1061 5626 τὴν
1093 5554 1254 5626 τιμὴν
1285 5556 1382 5626 τὴν
1413 5558 1495 5619 εἰς
1529 5557 1618 5609 τὸν
1647 5557 1905 5627 μέλλοντα
1933 5558 2026 5624 δη-

369 5640 764 5710 μιουργεῖσθαι,
799 5641 989 5711 λέγων,
1017 5641 1366 5712 Ποιήσωμεν
1384 5643 1696 5712 ἄνθρωπον
1727 5646 1853 5698 κατ’
1883 5646 2027 5698 εἰκό-

428 5804 452 5865 θ
477 5802 655 5853 Cuislin
697 5804 882 5851 πάντων
904 5806 998 5852 τῶν
1020 5805 1205 5865 ἀγαθῶν
1226 5806 1340 5853 ἀπο)
1351 5805 1542 5863 αύομῖν.

436 5863 465 5905 δ
495 5865 626 5913 Unus
645 5866 749 5913 cod.
778 5866 829 5913 ἐκ
845 5872 927 5922 τῆς
947 5863 1096 5927 παρόν
1106 5867 1219 5921 σίας.

2111 433 2188 469 να
2223 415 2536 486 ἡμετέραν,
2570 417 2671 470 καὶ
2703 416 2833 468 καθ’
2859 414 3165 482 ὁμοίωσιν.
3201 412 3459 486 Ἐμάθετε
3491 418 3545 472 τί
3564 422 3683 474 ἐστι
3714 404 3775 476 τὸ

2105 494 2243 547 me
2270 494 2492 557 εικόνα.
2828 493 3015 573 οὐσίας
3064 494 3213 573 εστιν
3261 494 3406 560 ἀξίαν
3436 497 3563 551 ἀλλ’
3598 502 3773 573 ἀρχῆς

2104 571 2378 642 ὁμοιότης,
2416 575 2509 626 καὶ
2544 574 2625 626 ὅτι
2667 573 2728 625 οὐ
2770 572 2911 625 κατᾶ
2945 572 3043 640 τὴν
3085 572 3187 642 τῆς
3223 578 3437 645 μορφῆς
3483 571 3671 633 εἰκόνα
3703 577 3774 633 εἷο

2062 698 2088 719 χ
2108 669 2225 711 ⁶ι-ιεν,
2256 651 2560 705 ἀλλὰκατά
2599 651 2690 704 τὸν
2711 652 2809 719 τῆς
2842 653 3016 722 ἀρχῆς
3044 650 3219 719 λόγον·
3252 652 3332 705 διὸ
3368 655 3460 707 καὶ
3498 657 3770 729 ἐπήγαγε·

2105 731 2213 783 Καὶ
2242 730 2588 800 ἀρχέτωσαν
2613 731 2730 785 τῶν
2766 732 2984 799 ἰχθύων
3013 730 3126 798 τῆς
3152 732 3487 802 θαλάσσης,
3523 738 3625 791 καί
3651 737 3777 790 τῶν

2104 808 2392 861 πετεινῶν
2430 809 2535 863 τοῦ
2565 807 2846 876 οὐρανοῦ,
2877 809 2974 862 καὶ
3006 807 3125 862 τῶν
3152 811 3368 879 θηρίων
3397 813 3495 866 καί
3527 813 3645 869 τῶν
3679 817 3777 884 ἐρ’

2105 884 2301 956 πετῷν
2325 885 2435 953 τῆς
2464 886 2598 956 τῆς.
3260 908 3261 911 ‘

2233 1003 2247 1017 .
2289 964 2428 1017 Ἀλλ’
2455 964 2688 1018 ἐνταῦθα
2710 964 3027 1034 ἐπιφύονται
3052 966 3182 1035 ἡμῖν
3213 967 3472 1036 ’Έλληνες
3496 971 3774 1040 λέγοντες,

2104 1042 2186 1096 δτι
2215 1044 2315 1096 οὑκ
2343 1042 2546 1113 ἀληθὴς
2566 1045 2594 1095 6
2617 1043 2773 1111 λόγος
2800 1043 3132 1114 εὑρίσκεται·
3161 1045 3221 1098 οὑ
3252 1046 3361 1119 γὰρ
3388 1048 3630 1119 ἄρχομεν
3654 1051 3776 1104 τῶν

2106 1121 2329 1193 θηρίων,
2352 1120 2599 1197 καθάπερ
2629 1123 2915 1191 ὑπέσχετο,
2949 1121 3063 1175 ἀλλ’
3093 1124 3231 1178 αὑτά
3256 1125 3411 1195 ἡμῶν
3441 1128 3622 1197 ἀρχει.
3648 1128 3776 1184 Μά-

2104 1200 2260 1253 λιστα
2309 1200 2407 1270 μὲν
2445 1196 2536 1254 οὖν
2569 1200 2689 1253 οὐδὲ
2733 1199 2883 1253 τοῦτο
2925 1201 3142 1272 ἀληθές.
3182 1204 3353 1258 Ἔνθα
3380 1196 3491 1277 ιγάρ
3525 1196 3591 1259 ἀν
3625 1211 3774 1279 φανῇ

2104 1279 2409 1350 ἄνθρωπος,
2443 1279 2644 1342 εὑθέως
2674 1279 3031 1348 φυγαδεύεται
3069 1281 3138 1334 τὰ
3168 1283 3352 1354 θηρία.
3391 1284 3454 1336 Ei
3485 1283 3543 1337 δέ
3578 1302 3712 1338 ποτε
3735 1287 3773 1355 ἢ

2104 1358 2262 1429 λιμοῦ
2287 1359 2811 1428 καταναγκάζοντος,
2834 1360 2866 1431 ἢ
2891 1361 3045 1431 ἡμῶν
3067 1363 3249 1427 αὑτοῖς
3273 1364 3533 1418 ἐπιόντων
3552 1364 3652 1436 τὴν
3673 1367 3773 1419 ἀπ’

2103 1440 2283 1493 αὑτῶν
2316 1440 2520 1511 βλάϐην
2548 1440 2845 1512 δεξώμεθα,
2875 1441 3033 1494 τοῦτο
3055 1442 3238 1497 λοιπὸν
3269 1445 3328 1498 οὑ
3361 1445 3511 1516 παρὰ
3542 1445 3603 1498 τὸ
3628 1448 3779 1499 ἐκεῖ-

2102 1537 2168 1572 να
2193 1520 2347 1590 ἡμῶν
2373 1522 2559 1590 ἄρχειν
2577 1520 2806 1588 γίνεται,
2835 1519 2969 1573 ἀλλά
2991 1523 3141 1591 παρὰ
3162 1523 3262 1593 τὴν
3277 1525 3550 1595 ἡμετέραν
3566 1525 3770 1582 αἰτίαν.

2116 1597 2269 1649 Ἐπεὶ
2295 1599 2388 1650 καί
2414 1598 2628 1670 λῃστῶν
2659 1601 2789 1669 ἡμῖν
2822 1600 3104 1663 ἐπιόντων,
3135 1602 3183 1653 εἰ
3216 1602 3292 1672 μὴ
3323 1603 3770 1675 ῥαθυμὴσαιμεν,

2104 1675 2219 1729 ἀλλ’
2263 1675 2636 1748 όπλιζοίμεθα,
2687 1678 2749 1730 οὐ
2794 1678 2892 1747 τῆς
2945 1678 3169 1732 ἐκείνων
3208 1681 3381 1750 ἀρχῆς
3428 1683 3490 1754 τζ)
3536 1684 3777 1754 πρᾶγμά

2104 1757 2270 1837 ἐστιν,
2304 1755 2441 1837 ἀλλὰ
2606 1755 2810 1837 οἰκείας
2847 1742 3172 1837 σωτηρίαςὴ
3203 1742 3767 1837 πρόνοήιαΔἋκούσίο-

2108 1851 2204 1904 μεν
2223 1833 2278 1886 δὲ
2294 1834 2427 1898 τέως
2454 1834 2562 1886 τῶν
2592 1834 2915 1906 εἰρημένων.
2943 1835 3310 1904 Ποιήσωμεν,
3336 1833 3520 1908 φησὶν,
3550 1840 3776 1909 ἂνθρω-

2106 1929 2222 1966 πον
2242 1914 2365 1965 κατ’
2394 1914 2596 1993 εἰκόνα
2616 1913 2929 1993 ἡμετέραν,
2953 1915 3053 1993 καί
3083 1915 3210 1993 καθ’
3232 1919 3541 1986 ὁμοίωσιν.
3560 1920 3774 1993 Ὠσπερ

2107 1994 2327 2046 Εὶκόνα
2369 1986 2489 2044 εἷπε
2529 1992 2625 2061 τὴν
2664 1990 2763 2061 τῆς
2806 1991 2981 2062 ἀρχῆς
3028 1990 3201 2063 δηλῶν
3238 1997 3443 2061 εἰκόνα,
3488 1995 3630 2049 οὑτω
3674 1986 3774 2050 καὶ

2118 2070 2454 2138 ’ομοἰωσιν,
2500 2071 2642 2123 ὥστε
2692 2069 2832 2123 κατά
2879 2070 3107 2141 δύναμιν
3154 2072 3498 2146 ἀνθρωπίνην
3554 2077 3773 2146 ὁμοίους

2106 2151 2252 2220 ἡμᾶς
2286 2148 2528 2217 γίνεσθαι
2569 2160 2593 2189 ο
2639 2148 2776 2218 Θεῷ,
2813 2150 2950 2203 κατὰ
2978 2151 3038 2203 16
3059 2152 3266 2223 ἥμερον
3298 2153 3438 2219 λέγω
3475 2155 3568 2208 καί
3596 2157 3774 2226 πρᾷον

2106 2227 2478 2298 ἐξομοιοῦσθαι
2503 2226 2672 2298 αὐτῷ,
2697 2228 2790 2281 καὶ
2815 2227 2956 2281 κατὰ
2987 2230 3077 2283 τὸν
3094 2234 3194 2302 τῆς
3216 2232 3421 2303 ἀρετῆς
3450 2233 3626 2302 λόγον,
3658 2234 3773 2288 ῶσ-

2107 2324 2212 2378 περ
2245 2308 2338 2361 καὶ
2371 2309 2399 2361 6
2428 2309 2658 2378 Χριστός
2684 2324 2841 2378 φησι,
2879 2310 3133 2364 Γίνεσθε
3165 2312 3353 2382 ὅμοιοι
3393 2314 3499 2368 τοῦ
3539 2315 3777 2383 Πατρός

2106 2386 2271 2457 ὑμῶν
2294 2386 2399 2441 τοῦ
2421 2387 2490 2440 ἐν
2517 2386 2642 2466 τοῖς
2666 2387 2960 2466 οὐρανοῖς.
2995 2389 3203 2462 Ὥσπερ
3237 2391 3344 2463 γὰρ
3373 2393 3431 2444 ὲν
3451 2396 3515 2464 τῇ
3542 2393 3777 2466 πλατείᾳ

2106 2466 2275 2537 ταύτῃ
2306 2468 2376 2536 γῇ
2405 2466 2499 2544 καί
2531 2464 2825 2537 εὐρυχώρῳ
2851 2467 2959 2520 τῶν
2985 2466 3138 2531 ζώων
3164 2470 3231 2523 16
3266 2472 3366 2542 μέν
3387 2473 3532 2525 ἐστιν
3549 2464 3773 2544 ἡμερὼξι

2107 2562 2261 2626 τερα,
2292 2545 2360 2597 τὰ
2389 2544 2444 2597 δὲ
2472 2543 2905 2626 θηριωδέστερα,
2932 2546 3074 2599 οὕτω
3108 2550 3201 2602 καὶ
3236 2551 3293 2603 ὲν
3330 2551 3407 2622 τῷ
3450 2552 3638 2606 πλάτει
3665 2543 3776 2626 τῆς

2107 2624 2284 2696 ψυχῆς
2310 2626 2407 2694 τῆς
2439 2627 2709 2695 ἡμετέρας
2741 2626 2851 2679 τῶν
2877 2625 3152 2697 λογισμῶν
3183 2630 3231 2682 οί
3269 2631 3367 2700 μέν
3405 2634 3540 2685 εἰσιν
3565 2624 3775 2702 ἀλογώ-

2109 2721 2255 2775 τεροι
2294 2704 2387 2756 καί
2417 2702 2727 2772 κτηνώὸεις,
2758 2705 2807 2756 οί
2847 2704 2902 2757 δὲ
2935 2704 3351 2781 θηριωδέστεροι
3379 2711 3474 2762 καλ¹
3504 2711 3776 2782 ἀγριώτε-

2112 2801 2215 2855 ροι.
2257 2785 2349 2836 Δεῖ
2377 2782 2553 2837 τοίνυν
2585 2785 2803 2855 κρατεῖν
2834 2784 2928 2837 καὶ
2961 2786 3353 2856 περιγίνεσθαι,
3384 2790 3478 2842 καὶ
3520 2790 3599 2859 τῷ
3627 2790 3776 2860 λογι-

2113 2863 2235 2934 σμῷ
2274 2863 2375 2933 τὴν
2413 2862 2585 2934 ἀρχὴν
2617 2863 2822 2917 τούτων
2862 2865 3231 2934 παραδιδόναι.
3282 2868 3392 2919 Καὶ
3433 2869 3549 2933 πῶς
3584 2870 3652 2924 ἀν
3688 2887 3778 2935 τις

2111 2943 2467 3014 περιγένοιτο,
2503 2944 2655 3013 φησί,
2691 2942 2952 3014 λογισμοῦ
2986 2945 3308 3016 θηριώδους
3343 2946 3407 3000 Τί
3439 2947 3637 3016 λέγεις,
3675 2950 3774 3004 ἄν-

2112 3023 2326 3094 θρωπε;
2361 3024 2603 3078 Λεόντων
2652 3025 3063 3095 περιγινόμεθα,
3111 3028 3204 3080 καί
3240 3028 3338 3092 τὰς
3383 3027 3557 3100 ψυχάς
3594 3030 3777 3084 αὐτῶν

2112 3102 2443 3173 ἡμεροῦμεν,
2503 3103 2597 3155 καὶ
2645 3101 3003 3171 ἀμφιϐάλλεις
3064 3106 3111 3158 εἰ
3162 3106 3423 3176 λογισμοῦ
3480 3108 3777 3180 θηριωδίαν

2113 3183 2248 3253 πρὸς
2278 3182 2591 3253 ἡμερότητα
2621 3184 2942 3253 μεταϐαλεῖν
2967 3183 3167 3257 δυνήσῃ
3190 3186 3214 3221 ά
3235 3202 3248 3251 ;
3289 3187 3481 3240 Καίτοι
3503 3187 3577 3259 τῷ
3601 3188 3778 3261 θηρίῳ

2117 3261 2215 3332 μὲν
2246 3261 2384 3316 κατὰ
2417 3261 2578 3331 φύσιν
2622 3264 2881 3333 πρόσεστι
2911 3264 2972 3316 τὸ
2998 3264 3208 3334 ἄγριον,
3255 3267 3407 3336 παρά
3437 3268 3598 3337 φύσιν
3630 3269 3687 3322 δὲ
3712 3270 3779 3323 16

2112 3340 2356 3420 ἦμερονί
2381 3341 2463 3393 σοί
2490 3340 2548 3393 δὲ
2582 3341 2643 3393 16
2671 3343 2931 3405 ἐναντίον,
2979 3345 3119 3397 κατὰ
3151 3344 3310 3412 φύσιν
3348 3346 3446 3416 μὲν
3484 3348 3544 3401 τὸ
3569 3349 3781 3420 ἥμερον

2114 3420 2263 3491 παρὰ
2291 3419 2450 3484 φύσιν
2471 3420 2527 3472 δὲ
2544 3419 2605 3473 16
2627 3421 2816 3491 ἄγριον
2844 3424 2936 3474 καὶ
2957 3421 3233 3493 θηριῶδες.
3274 3423 3334 3479 '0
3355 3426 3532 3480 τοίνυν
3550 3429 3610 3481 16
3633 3419 3779 3483 κατὰ

2116 3498 2274 3568 φύσιν
2305 3497 2572 3578 ἐκϐαλὼν,
2608 3500 2703 3578 καὶ
2730 3499 2792 3553 16
2816 3500 2966 3571 παρὰ
2986 3501 3148 3570 φύσιν
3175 3502 3349 3567 ἐνθεὶς
3373 3507 3437 3575 τῇ
3469 3505 3562 3559 τοῦ
3586 3506 3779 3578 θηρίου

2112 3578 2283 3648 ψυχῇ,
2316 3576 2374 3631 16
2401 3577 2543 3655 κατά
2568 3577 2728 3647 φύσιν
2757 3580 2918 3642 αὑτὸς
2945 3581 3006 3632 οὐ
3035 3581 3261 3635 δύνασαι
3293 3576 3657 3655 διατηρῆσαι
3681 3589 3781 3641 καὶ

2116 3656 2288 3734 πόσης
2307 3654 2499 3710 οὑπιῖἂν
2520 3658 2604 3727 εῖη
2634 3657 2790 3710 τοῦτο
2816 3659 3208 3726 καταγνώσεως
3230 3677 3245 3726 ;
3278 3661 3386 3714 Καὶ
3416 3663 3477 3716 16
3500 3654 3562 3734 δὴ
3587 3665 3780 3719 τούτου

2116 3733 2552 3806 θαυμαστότερον
2588 3736 2681 3789 καὶ
2716 3747 2739 3774 θ
2775 3738 3223 3809 παραδοξότερον,
3270 3740 3364 3793 ἐπὶ
3395 3741 3494 3811 μὲν
3535 3733 3637 3812 τῆς
3669 3743 3783 3797 τῶν

2115 3814 2343 3894 λεόντων
2383 3814 2596 3894 φύσεως
2635 3815 2727 3868 καὶ
2760 3816 2920 3887 ἑτέρα
2959 3817 3215 3871 δυσκολία
3255 3818 3393 3889 μετά
3424 3820 3539 3892 [68]
3573 3822 3807 3894 ταύτης,

2117 3892 2252 3946 ἐστί·
2283 3892 2554 3962 λογισμῶν
2592 3893 2701 3965 γάρ
2739 3896 2887 3948 ἐστιν
2914 3895 3120 3967 ἔρημον
3150 3894 3211 3949 16
3237 3897 3442 3968 θηρίον,
3487 3899 3600 3953 ἀλλ’
3627 3892 3781 3971 ὅμως

2116 3971 2331 4043 ὁρῶμεν
2362 3970 2619 4034 πολλάκις
2651 3971 2869 4036 λέοντας
2903 3974 3142 4045 ἡμέρους
3175 3976 3263 4028 διά
3288 3977 3385 4047 τῆς
3413 3978 3616 4049 ἀγορᾶς
3644 3970 3783 4047 670-

2122 4051 2333 4121 μένους·
2358 4049 2540 4102 πολλοὶ
2565 4050 2623 4103 δὲ
2648 4051 2743 4104 καὶ
2768 4051 2877 4104 τῶν
2912 4052 3004 4105 ἐπὶ
3025 4053 3132 4107 τῶν
3154 4055 3527 4128 ἐργαστηρίων
3566 4057 3660 4109 καί
3687 4058 3783 4128 ἀρ·

2118 4132 2304 4201 γύριον
2357 4128 2613 4192 πολλάκις
2659 4129 2954 4183 κατέὸαλον
2996 4131 3072 4201 τῷ
3119 4134 3399 4203 κατέχοντι
3442 4134 3632 4204 μισθόν
3658 4152 3781 4188 τινα

2118 4209 2217 4277 τῆς
2246 4207 2439 4278 τέχνης
2471 4209 2565 4261 καὶ
2596 4209 2695 4278 τῆς
2725 4209 2934 4277 σοφίας,
2969 4210 3034 4263 δι’
3057 4207 3123 4282 ἦς
3153 4210 3214 4264 16
3251 4211 3436 4282 θηρίον
3468 4213 3778 4283 ἡμέρωσεν·

2119 4288 2209 4339 ὲπί
2243 4286 2300 4338 δὲ
2331 4289 2428 4357 τῆς
2462 4287 2561 4355 σῆς
2587 4286 2765 4358 ψυχῆς
2798 4290 2892 4340 καὶ
2929 4288 3185 4359 λογισμός
3219 4292 3355 4355 ἐστι,
3399 4292 3490 4344 καὶ
3518 4291 3653 4344 Θεοῦ
3686 4291 3785 4360 φό-

2119 4364 2230 4429 60;,
2276 4365 2369 4417 καί
2407 4363 2575 4435 πολλὴ
2611 4365 3004 4436 πολλαχόθεννὴ
3043 4366 3279 4438 βοήθεια·
3314 4368 3391 4439 μὴ
3426 4370 3606 4421 τοίνυν
3645 4369 3782 4438 σκή-

2119 4441 2240 4511 ψεις
2299 4444 2423 4520 λέγε
2472 4444 2567 4497 καὶ
2624 4447 2944 4514 προφάσεις.
2994 4447 3227 4501 Δυνατὸν
3285 4448 3413 4520 γὰρ,
3469 4449 3562 4501 ἐὰν
3619 4448 3781 4519 θέλῃς

2117 4523 2321 4594 ἥμερος
2369 4519 2508 4576 εἰναι
2565 4523 2659 4576 καὶ
2716 4524 2888 4594 πρᾷος
2940 4526 3033 4578 καὶ
3089 4519 3369 4599 ἐπιεικής,
3403 4527 3778 4596 Ποιήσωμεν,

2120 4604 2303 4671 φησιν,
2361 4603 2673 4672 ἄνθρωπον
2717 4603 2844 4657 κατ’
2901 4606 3101 4658 εἰκόνα
3149 4606 3461 4675 ἡμετέραν,
3507 4606 3607 4660 καί
3650 4606 3783 4658 καθ’

2107 4685 2421 4752 ¹ὁμοίωσιν.

2188 4761 2247 4814 δ’.
2281 4761 2416 4813 Ἀλλ’
2451 4762 2544 4815 ἐπὶ
2566 4761 2624 4816 16
2655 4764 3009 4834 προκείμενον
3032 4762 3250 4836 ζήτημα
3269 4765 3428 4820 πάλιν
3449 4765 3781 4834 ὲπανίωμεν.

2120 4840 2400 4894 Δείκνυται
2430 4842 2538 4913 γὰρ
2566 4844 2632 4895 ὲκ
2658 4843 2767 4895 τῶν
2794 4845 3117 4916 εἰρημένων,
3147 4846 3229 4898 ὅτι
3263 4846 3322 4910 ἐξ
3365 4847 3540 4917 ἀρχῆς
3581 4845 3675 4898 καὶ
3717 4846 3785 4898 ὲκ

2123 4920 2421 4990 προοιμίων
2473 4922 2886 4993 ἀπηρτισμένην
2932 4919 3046 4994 εἷχε
3089 4924 3185 4992 τὴν
3235 4923 3408 4996 ἀρχὴν
3438 4928 3465 4978 6
3499 4923 3784 4994 ἄνθρωπος

2121 4997 2218 5067 τὴν
2262 4998 2405 5051 κατά
2437 4998 2547 5051 τῶν
2595 5000 2820 5071 θηρίων.
2860 5000 3236 5070 Ἀρχέτωσαν
3276 5004 3404 5074 γὰρ,
3460 5004 3611 5073 φησί,
3665 5001 3787 5054 τῶν

2124 5077 2344 5145 ἰχθύων
2373 5077 2486 5146 τῆς
2515 5079 2854 5146 θαλάσσης,
2877 5081 2975 5133 καὶ
3001 5080 3119 5134 τῶν
3150 5082 3436 5135 πετεινῶν
3467 5080 3575 5134 τοῦ
3612 5083 3789 5148 οὐρα-

2121 5155 2254 5217 νοῦ,
2278 5155 2376 5209 καί
2406 5155 2524 5211 τῶν
2551 5159 2773 5225 θηρίων
2800 5159 2898 5211 καί
2923 5159 3043 5213 τῶν
3064 5160 3327 5228 ἑρπετῶν
3355 5159 3465 5228 τῆς
3499 5147 3787 5229 βῖς.ἷοτι

2122 5233 2178 5287 δὲ
2212 5234 2307 5288 νῦν
2339 5234 2358 5273 ί
2398 5235 2705 5306 φοϐούμεθα
2742 5239 2811 5291 τὰ
2851 5237 3038 5310 θηρία,
3066 5240 3161 5292 καὶ
3196 5240 3531 5309 δεδοίκαμεν,
3560 5239 3653 5292 καὶ
3686 5237 3786 5305 τῆς

2124 5315 2296 5385 ἀρχῆς
2321 5316 2776 5388 ἐκπεπτώκαμεν,
2800 5318 2919 5373 οὐδὲ
2942 5318 3104 5383 αὐτὸς
3130 5319 3413 5387 ἀντιλέγω·
3442 5319 3554 5372 ἀλλ’
3576 5318 3638 5371 οῦ
3663 5316 3790 5369 τοῦ·-

2186 5442 2209 5503 *ξ
2352 5439 2577 5503 γίνεσθαι,
2602 5440 2685 5490 alii
2706 5442 2937 5503 γενέσθαι.

2184 5497 2212 5566 ᾷ
2240 5501 2333 5548 Alii
2361 5497 2416 5566 οὐ
2440 5497 2637 5566 δυνῆσῃ.
2677 5497 2758 5566 νει
2789 5503 3076 5566 μήηδυνήσῃ,
3107 5502 3193 5551 sed
3230 5505 3430 5565 negatio
3470 5503 3574 5552 haec
3608 5501 3792 5552 inutilis

2125 5560 2338 5628 videln_r.
2369 5560 2823 5628 I'aulo_pq'st__Coisl.
2847 5563 3009 5626 ἄγριον
3034 5560 3120 5612 ’καὶ
3140 5560 3569 5628 θηριῶδεςπαρὰη.
3594 5566 3650 5612 τὸ
3672 5566 3792 5626 ἦμε-

2126 5638 2205 5731 ρρν
2226 5623 2306 5668 καὶ
2318 5628 2484 5685 πρᾷον.
2512 5624 2609 5672 Σοί.
2638 5624 2820 5673 Ibidem
2854 5623 3025 5673 omnes
3049 5625 3177 5687 παρὰ
3198 5623 3335 5679 φύσιν
3360 5626 3409 5673 δὲ
3440 5623 3495 5672 τὸ
3521 5626 3684 5688 ἄγριον
3709 5623 3790 5673 καὶ

2174 5684 2365 5731 .οιῶδες.
2386 5692 2566 5731 mmor
2593 5686 2761 5731 Morel.
2792 5684 2876 5731 aui
2921 5685 3071 5731 habet
3111 5686 3167 5731 16
3194 5687 3424 5731 ἀϊίτιιεῡον
3446 5689 3524 5731 καὶ
3550 5689 3790 5731 θηοιῶῖεε.

2174 5684 2366 5743 ίριῶδες,
2386 5684 2566 5745 ρτεειρι·
2593 5686 2761 5734 Morel.
2792 5684 2876 5747 qui
2921 5685 3071 5733 habet
3111 5684 3167 5733 τὸ
3194 5687 3424 5750 ἀνήμερον
3446 5689 3524 5734 καὶ
3550 5684 3793 5749 θηριῶδες.

2204 5748 2226 5771 θ
2256 5741 2304 5789 ln
2335 5748 2443 5794 δην.
2472 5754 2520 5794 et
2548 5750 2594 5794 in
2616 5747 2783 5796 mullis
2803 5761 2918 5794 mss.
2943 5746 3062 5796 lucc.
3088 5748 3462 5796 θαυμαστότερον
3482 5749 3790 5796 anethum-sm.

2205 5763 2223 5771 ν
2257 5763 2304 5789 ιιι
2336 5763 2443 5794 aav.
2472 5763 2520 5794 ειι
2548 5763 2594 5794 ιη
2616 5763 2783 5796 mulus
2803 5763 2918 5794 mss.
2943 5763 3062 5800 Haec,
3088 5763 3462 5811 οαυμαστοτερον
3482 5763 3790 5799 καμμονίην.

2198 5801 2224 5878 ξ
2252 5806 2331 5872 ξίν
2354 5807 2494 5855 mulli
2524 5823 2634 5857 mss.
2667 5813 2726 5858 Al
2757 5810 2877 5863 Reg.
2906 5813 2961 5853 el
2990 5807 3193 5857 Coislin.
3213 5810 3269 5854 τὸ
3289 5810 3345 5865 δὴ
3371 5809 3468 5857 νῦν.
3493 5812 3591 5857 Alii
3629 5812 3719 5870 ὅτι,
3743 5814 3792 5862 δὲ

2136 5880 2215 5912 και
2237 5880 2330 5912 νυν.

4015 2260 4018 2361 1
