4018 6136
268 314 369 371 ‘77
1479 310 1719 370 lN‘CAP
1756 310 1798 367 1.
1838 308 2083 368 GENES.
2127 313 2353 372 llOMlL.
2398 315 2486 371 IX.
2815 307 2839 315 ﬂ
3524 324 3593 381 78

292 427 379 485 Ita
408 429 556 484 enim
598 442 660 484 se
699 427 873 485 habet
894 427 1152 483 Dominus
1189 436 1374 483 noster
1404 445 1418 479 :
1444 427 1492 481 si
1536 424 1730 480 viderit
1773 425 1893 478 ani-

292 537 446 578 mam
478 523 728 594 vigilem,
763 533 820 578 et
865 521 1191 577 desiderium
1234 520 1477 586 fervens,
1507 529 1562 574 et
1605 518 1718 588 ipse
1772 531 1898 572 suas

294 612 516 669 divitias
539 614 782 691 largiter,
806 613 947 666 ultra
973 612 1134 666 etiam
1156 625 1314 682 quam
1340 612 1562 680 petitum
1591 602 1898 678 sit,.suppe-

291 704 433 761 ditat
454 720 553 777 pro
582 721 677 761 sua
700 704 1112 774 magniﬁcentia.

363 794 422 850 2.
470 796 594 851 Huic
621 795 783 866 igitur
807 809 929 849 cum
951 795 1203 861 sciamus,
1229 793 1577 856 dilectissimi,
1602 792 1895 863 purificatis

287 886 710 956 cogitationibus
734 888 926 941 vestris
946 902 976 940 a
996 886 1349 941 szccularihus
1376 885 1618 955 negotiis,
1639 892 1693 939 et
1711 892 1894 953 aperta

288 976 494 1030 mentis
520 986 713 1036 vestra:
737 976 1044 1041 latitudine,
1091 990 1281 1046 magna
1327 976 1601 1030 alacritate
1636 974 1893 1044 suscipite

284 1082 413 1137 quas
461 1052 492 1121 a
535 1068 736 1138 Spiritu
789 1078 974 1123 sancto
1012 1067 1440 1138 suppeditantur,
1475 1077 1532 1121 ut
1569 1067 1708 1121 sicut
1751 1076 1893 1121 terra

286 1159 511 1231 pinguis
552 1171 609 1214 et
635 1158 786 1216 ferax
829 1160 1194 1230 multiplicetis
1233 1159 1539 1215 concredita
1570 1160 1774 1213 semina
1795 1200 1810 1222 ,
1839 1165 1893 1212 et

256 1251 511 1319 faciatis
552 1252 817 1321 fructum,
857 1253 991 1308 alius
1045 1252 1260 1323 quidem
1308 1252 1665 1307 ceiitesimum
1692 1292 1705 1314 ,
1754 1249 1892 1305 alius

278 1348 736 1417 sexagesimum,
769 1346 904 1401 alius
954 1346 1306 1417 trigesimum.
1355 1343 1596 1399 Audistis
1649 1343 1892 1412 superio-

282 1438 444 1493 ribus
468 1437 660 1492 diehus
680 1436 1013 1491 ineffabilem
1040 1435 1355 1506 sapientiam
1386 1435 1501 1505 ejus
1544 1434 1633 1504 qui
1660 1433 1889 1488 visihi‘lia

284 1528 407 1585 btec
459 1531 641 1585 omnia
693 1528 965 1595 condidit,
997 1537 1052 1583 et
1103 1527 1372 1598 quomodo
1412 1527 1577 1582 verbo
1623 1527 1795 1581 solum
1830 1535 1889 1580 et

282 1622 491 1690 placito
526 1624 709 1676 omnia
745 1621 1013 1691 produxit.
1040 1620 1191 1674 Dixit
1213 1621 1386 1683 enim,
1418 1618 1577 1673 Fiat:
1609 1627 1664 1673 et
1686 1615 1886 1671 factutn

269 1723 389 1780 'est,
421 1714 711 1784 statimque
759 1713 1013 1785 producta
1062 1721 1191 1768 sunt
1244 1712 1424 1767 omnia
1458 1723 1556 1767 :et
1600 1711 1731 1766 satis
1786 1709 1887 1764 fuit

281 1806 510 1861 verbum
541 1809 607 1861 ad
629 1822 689 1862 ea
719 1822 838 1877 quae
870 1806 1011 1862 facta
1036 1816 1160 1861 sunt
1187 1803 1594 1867 constituenda;
1621 1818 1727 1857 non
1749 1817 1884 1873 quo-

282 1899 430 1951 niam
460 1893 784 1968 simpliciter
807 1908 924 1952 erat
952 1898 1174 1953 verbum
1198 1939 1213 1963 ,
1246 1896 1342 1951 sed
1371 1897 1493 1965 quia
1516 1894 1737 1949 verbum
1761 1893 1881 1948 Dei.

272 1988 609 2044 Meministis
637 2005 824 2044 eorum
851 2004 971 2059 qua:
996 1997 1122 2044 tunc
1146 2005 1176 2043 a
1205 1987 1360 2042 nobis
1380 1985 1732 2041 movebantur
1756 1998 1884 2041 con-

280 2091 361 2134 tra
392 2095 490 2134 eos
531 2081 621 2151 qui
647 2097 712 2136 ex
761 2081 1000 2150 subjecta
1026 2080 1249 2135 materia
1276 2094 1364 2135 res
1393 2077 1560 2133 factas
1600 2092 1723 2132 esse
1754 2091 1885 2131 con-

270 2173 533 2239 tendunt,
564 2181 619 2227 et
664 2173 719 2226 in
758 2172 1123 2227 ecclesiastica
1173 2171 1306 2226 scita
1338 2169 1509 2226 etiam
1557 2182 1653 2223 sua
1693 2167 1881 2223 deiiria

278 2263 483 2320 inferre
524 2281 630 2319 non
672 2273 945 2320 verentur.
978 2263 1247 2319 Didicistis
1283 2264 1439 2333 cujus
1478 2262 1646 2335 gratia
1687 2262 1880 2316 canum

268 2360 498 2429 'qnidem
532 2360 847 2430 perfectum,
873 2369 1070 2415 terram
1097 2365 1274 2413 autem
1296 2356 1580 2412 informem
1609 2354 1879 2428 produxe-

276 2452 369 2507 rit.
402 2452 551 2505 l)uas
602 2452 743 2505 enim
789 2461 915 2505 tunc
960 2464 1151 2505 causas
1181 2448 1450 2503 diximus:
1480 2463 1680 2514 unam,
1709 2456 1769 2503 ut
1822 2447 1879 2502 in

273 2544 554 2598 elemento
579 2542 936 2613 prtestantiori
962 2542 1251 2612 potentiam
1274 2541 1479 2597 Domini
1507 2548 1875 2609 agnoscentes,

271 2648 385 2687 non
415 2635 560 2687 ultra
604 2634 996 2704 ambigeremus
1041 2640 1325 2688 censentes
1366 2640 1584 2702 propter
1611 2631 1878 2700 impoten-

264 2726 406 2780 tiam
441 2727 575 2782 illud
604 2727 801 2781 factum
824 2741 945 2782 esse
971 2745 984 2781 :
1020 2726 1263 2793 alteram,
1291 2725 1413 2796 quia
1442 2734 1583 2779 terra
1612 2733 1786 2778 mater
1823 2729 1880 2778 ct

272 2819 461 2874 nutrix
490 2830 674 2874 nostra
696 2818 845 2874 facta
869 2828 988 2885 est,
1022 2827 1074 2873 et
1105 2834 1170 2874 ex
1195 2818 1306 2888 ipsa
1338 2816 1627 2888 pascimur,
1651 2815 1877 2884 aliisque

264 2912 535 2965 omnibus
577 2910 802 2965 fruimur
831 2911 869 2976 ί,
901 2919 956 2965 et
984 2910 1050 2964 ad
1082 2909 1251 2980 ipsam
1280 2908 1555 2964 redimus:
1590 2907 1703 2976 ipsa
1731 2905 1873 2961 enim

271 3003 437 3057 nobis
463 3012 547 3057 est
575 3014 627 3057 et
655 3003 847 3073 patria,
874 3012 929 3057 et
967 3003 1273 3072 sepulcrum
1303 3020 1317 3055 :
1355 3010 1410 3057 et
1450 3015 1518 3055 ne
1547 3000 1668 3070 quis
1711 2998 1872 3069 igitur

268 3095 339 3149 ob
381 3095 677 3149 utilitatem
719 3103 773 3149 et
807 3095 1184 3149 necessitatem
1211 3093 1352 3147 illius
1383 3091 1556 3161 majus
1581 3089 1780 3161 aliquid
1806 3088 1874 3144 de

262 3185 390 3255 ipsa
442 3186 660 3250 sentiat,
691 3186 926 3240 ostendit
952 3186 1120 3255 ipsam
1150 3185 1218 3240 ab
1238 3185 1397 3238 initio
1428 3183 1713 3238 informem
1740 3196 1870 3236 eon-

267 3279 450 3334 ditam
477 3296 492 3332 :
520 3288 577 3332 ut
622 3277 931 3333 erudiamur
961 3293 1055 3346 per
1081 3291 1169 3330 res
1192 3276 1364 3345 ipsas,
1393 3274 1645 3344 praedicta
1693 3273 1872 3328 omnia

267 3385 381 3424 non
415 3378 624 3423 natura:
655 3368 862 3423 telluris
888 3366 1241 3423 adseribenda
1261 3409 1278 3434 ,
1311 3365 1405 3420 sed
1427 3365 1734 3420 Conditoris
1766 3364 1873 3419 vir-

273 3453 396 3519 tuti.
439 3461 708 3516 Didcistis
735 3458 1170 3529 item,quomodo
1190 3473 1445 3528 aquarum
1477 3456 1870 3525 separatiouem

263 3554 492 3622 fecerit,
524 3553 785 3622 producto
805 3568 898 3621 per
919 3551 1217 3622 jussionem
1248 3563 1399 3604 suam
1428 3547 1621 3603 visibili
1647 3546 1751 3602 hoc
1773 3545 1869 3601 flr-

270 3658 560 3703 ntamento
584 3663 599 3712 ;
624 3646 835 3701 vidistis
863 3644 1111 3700 animalia
1140 3643 1402 3709 viventia,
1441 3652 1495 3698 et
1516 3659 1579 3698 ex
1615 3650 1787 3707 terra,
1817 3650 1872 3696 et

269 3757 336 3796 ex
369 3754 514 3810 aqua
543 3739 707 3794 edita.
741 3737 867 3792 [hcc
888 3752 993 3792 non
1019 3736 1217 3805 absque
1238 3750 1395 3790 causa
1421 3743 1477 3789 et
1506 3743 1707 3789 temere
1730 3746 1871 3787 nunc

269 3830 492 3885 caritati
520 3837 714 3884 vestra:
749 3843 916 3898 cogor
939 3839 1184 3896 repetere
1211 3842 1229 3880 :
1261 3825 1451 3896 partim
1482 3833 1540 3879 ut
1564 3824 1868 3880 auditorum

271 3923 474 3977 animis
522 3922 638 3975 lucc
679 3921 846 3990 magis
897 3918 1180 3985 insideant,
1206 3919 1397 3987 partim
1441 3926 1498 3971 ιιι
1535 3917 1599 3971 iis
1624 3918 1711 3986 qui
1743 3924 1870 3970 tunc

267 4028 386 4067 non
460 4011 683 4067 adfuere
748 4011 937 4066 idonea
1010 4011 1254 4065 doctrina
1311 4008 1586 4075 tradatur,
1630 4007 1869 4077 nihilque

272 4105 458 4158 damni
496 4104 735 4159 absentia
782 4119 877 4159 sua
922 4105 1180 4158 attulerit.
1229 4102 1365 4168 Quia
1414 4102 1674 4171 benignus
1718 4110 1869 4170 pater

272 4195 442 4249 etiam
483 4194 798 4249 absentibus
829 4194 951 4248 filiis
977 4193 1228 4264 reliquias
1272 4207 1474 4247 mensa:
1514 4200 1782 4254 reservat,
1807 4199 1869 4245 ut

274 4301 401 4339 eum
429 4284 766 4352 advenerim,
798 4301 861 4341 ex
892 4296 1103 4340 servato
1129 4285 1347 4341 residuo
1389 4299 1540 4340 suam
1569 4284 1868 4340 absentiam

275 4377 652 4431 consolentur.
680 4375 833 4432 Unde
864 4389 919 4432 et
947 4392 1045 4431 nos
1070 4378 1309 4431 omnimu
1339 4376 1430 4446 qui
1463 4377 1565 4431 huc
1593 4375 1868 4431 confluunt

275 4484 388 4523 non
417 4470 681 4524 minorem
717 4486 875 4540 quam
915 4471 1276 4526 membrorum
1326 4477 1632 4525 nostrorum
1681 4484 1864 4524 curam

277 4572 549 4632 gerentes,
568 4572 623 4616 et
653 4562 947 4633 profectum
976 4572 1210 4617 vestrum
1233 4570 1470 4615 nostram
1500 4561 1868 4616 existimantes

278 4653 531 4722 gloriam,
558 4655 802 4723 cupimus
827 4669 1014 4708 munies
1064 4653 1329 4723 perfectos
1372 4664 1427 4709 et
1470 4664 1868 4709 consummatos

279 4742 400 4801 fieri
431 4749 483 4800 in
512 4748 737 4818 gloriam
759 4747 873 4813 Dei,
905 4757 959 4802 et
988 4747 1198 4802 laudem
1232 4746 1516 4812 Ecclesiae,
1549 4755 1603 4801 et
1629 4758 1865 4800 nostram

276 4837 676 4906 gloriationem.
705 4840 785 4894 Ac
827 4839 927 4922 nisi
967 4822 1250 4893 molestum
1290 4846 1374 4892 est
1396 4879 1410 4901 ,
1442 4837 1627 4906 paucis
1661 4838 1865 4891 caritati

276 4939 475 4983 vestra:
501 4929 748 4984 hesterna
768 4930 929 4985 etiam
957 4930 1097 4984 dicta
1121 4931 1173 4983 in
1198 4927 1507 4983 memoriam
1529 4942 1862 4984 revocetnus.

278 5018 506 5077 \‘idistis
556 5030 754 5092 quanta
800 5020 1112 5076 diversitate
1145 5024 1304 5074 homo
1347 5028 1403 5074 et
1445 5028 1706 5074 creatura:
1748 5018 1866 5073 alia:

277 5111 481 5166 conditi
520 5122 647 5167 sunt
679 5129 695 5166 :
723 5111 948 5167 audistis
973 5123 1170 5182 quanto
1198 5110 1403 5165 honore
1447 5113 1738 5182 principem
1772 5126 1869 5165 no-

278 5204 377 5257 stri
406 5206 621 5272 generis
648 5203 898 5275 dignatus
934 5205 1036 5265 sit,
1062 5211 1117 5258 et
1147 5205 1197 5259 in
1239 5203 1559 5259 formatione
1589 5204 1703 5274 ipsa
1742 5219 1869 5274 quo-

266 5294 442 5355 .tnodo
491 5310 586 5363 per
614 5296 772 5350 verba
805 5295 1205 5364 dictionumque
1241 5296 1652 5351 crassitudinem
1683 5295 1865 5350 decla-

279 5386 411 5440 rarlt
439 5385 701 5441 honorem
731 5386 1010 5441 formando
1038 5387 1401 5453 tribuendum,
1424 5387 1607 5442 dicens
1632 5405 1645 5440 :
1677 5384 1865 5441 Facia-

277 5494 389 5531 mus
413 5477 663 5531 hominem
683 5478 955 5532 secundum
975 5478 1245 5550 imaginem
1266 5486 1509 5543 nostram,
1529 5488 1572 5531 et
1593 5478 1867 5532 secundum

278 5568 1028 5634 similitudinem.Didicistis,
1069 5566 1196 5639 quid
1240 5569 1312 5623 sit
1353 5566 1643 5624 Secundum
1681 5567 1865 5640 imagi-

343 5771 360 5802 ⁸
396 5768 608 5829 coislizt.,
633 5769 942 5832 cantibusque
976 5770 1107 5821 battis
1124 5765 1354 5835 fruimur.

2012 444 2146 491 nem,
2171 444 2365 500 nempe
2391 431 2530 500 quod
2571 446 2676 486 non
2730 434 2798 487 sit
2842 433 3157 489 substantiae
3199 434 3459 505 dignitas,
3492 442 3589 492 sed

2003 519 2226 575 dominii
2255 521 2566 587 similitudo,
2596 532 2651 578 et
2677 525 2817 595 quod
2850 541 2953 579 non
2977 527 3267 581 secundum
3300 529 3582 600 imaginem

2003 609 2212 677 formae,
2231 613 2324 667 sed
2352 614 2644 668 secundum
2674 615 2935 670 rationem
2958 616 3178 672 dominii
3205 616 3434 673 dixerit:
3468 621 3589 675 ideo

2001 713 2056 756 et
2090 703 2326 758 subdidit
2359 723 2372 759 :
2405 703 2473 758 Et
2507 705 3074 785 dominenturpiscibus
3111 711 3300 772 maris,
3323 722 3370 766 et
3408 715 3588 768 voluti-

2001 793 2132 847 libus
2159 795 2297 859 cwli,
2331 806 2375 850 et
2402 797 2571 852 bestiis
2601 807 2650 852 et
2676 800 2939 869 reptilibus
2966 810 3132 857 terras.

2071 887 2123 940 5.
2164 884 2393 957 Objectio
2420 889 2682 958 gentilium
2726 891 2952 944 solvitur.
2980 891 3274 949 -—Verttm
3317 895 3404 950 hic
3447 892 3583 967 gen-

2001 978 2120 1032 tiles
2150 980 2201 1032 in
2228 996 2327 1033 nos
2354 981 2653 1051 insurgunt,
2683 991 2737 1037 et
2757 982 2940 1037 dicunt
2968 1001 2982 1038 :
3012 982 3358 1055 Compertum
3384 1001 3466 1044 est
3487 990 3586 1045 hoc

1998 1084 2106 1123 non
2133 1085 2255 1125 esse
2278 1086 2464 1125 rerum
2498 1090 2511 1124 :
2543 1089 2649 1127 non
2675 1074 2821 1128 enim
2849 1075 3188 1132 dominamur
3217 1078 3365 1141 feris,
3395 1095 3582 1150 querno

1995 1160 2282 1215 admodum
2312 1163 2578 1233 pollicitus
2609 1174 2713 1230 est,
2748 1165 2841 1220 sed
2879 1168 3007 1236 ipsae
3050 1169 3210 1223 nobis
3247 1171 3440 1239 potius.
3474 1171 3585 1225 lmo

1991 1267 2102 1306 non
2131 1268 2318 1308 verum
2340 1264 2426 1310 cst
2451 1256 2591 1325 quod
2629 1258 2680 1309 lii
2718 1258 2996 1327 objiciunt.
3023 1259 3157 1315 Nam
3188 1277 3314 1316 mox
3344 1275 3398 1317 ut
3423 1279 3583 1333 appa-

1993 1345 2161 1398 ruerit
2187 1344 2368 1412 homo,
2403 1347 2528 1401 fera:
2570 1338 2746 1418 fugam
2789 1351 3003 1404 faciunt.
3038 1351 3189 1420 Quod
3227 1353 3272 1407 si
3297 1355 3582 1425 aliquando

1992 1437 2077 1490 vel
2108 1436 2247 1493 fame
2279 1448 2521 1507 urgente,
2552 1442 2634 1495 vel
2658 1441 2811 1496 nobis
2838 1441 2956 1498 illas
2980 1443 3389 1513 lacessentibus,
3417 1448 3481 1498 ab
3499 1449 3578 1502 eis

1991 1528 2243 1582 damnum
2266 1530 2611 1598 accipiamus,
2635 1531 2737 1587 hoc
2763 1548 2870 1588 non
2896 1534 2955 1589 fit
2980 1534 3103 1590 ideo
3123 1537 3264 1606 quod
3286 1537 3390 1591 illis
3412 1538 3463 1593 in
3485 1554 3582 1594 nos

1990 1619 2059 1673 sit
2081 1619 2380 1689 imperium,
2411 1622 2506 1678 sed
2536 1623 2605 1678 ob
2645 1624 2856 1694 culpam
2885 1636 3146 1681 nostram.
3179 1628 3310 1683 Nam
3340 1646 3460 1684 cum
3503 1631 3580 1684 la-

1990 1719 2173 1765 trones
2199 1727 2297 1768 nos
2330 1713 2586 1770 invadunt
2606 1757 2621 1778 ,
2649 1715 2696 1770 si
2722 1732 2829 1771 non
2855 1718 3206 1788 negligamus,
3237 1702 3329 1774 sed
3362 1720 3414 1774 in
3456 1722 3577 1777 illos

1987 1816 2135 1856 arma
2166 1805 2543 1869 sumamus,id
2582 1800 2686 1860 neu
2714 1806 2840 1862 ideo
2872 1808 2964 1874 fit,
3005 1809 3146 1878 quod
3190 1810 3471 1879 imperium
3521 1812 3574 1865 in

1987 1907 2086 1947 nos
2108 1893 2404 1961 obtineant,
2432 1896 2697 1967 sedquod
2738 1907 2938 1954 nostra:
2972 1900 3131 1954 saluti
3161 1902 3571 1969 prospiciantus.

1984 1985 2281 2041 Audiamus
2306 1997 2484 2042 autem
2531 1988 2745 2044 interim
2791 2005 2911 2060 quae
2956 1990 3067 2045 sint
3106 1990 3267 2045 dicta.
3297 1988 3573 2047 Faciamus

1986 2076 2238 2130 hominem
2289 2078 2564 2133 secundum
2605 2080 2875 2150 imaginem
2916 2089 3139 2135 nostram
3155 2124 3170 2148 ,
3202 2092 3248 2137 et
3295 2083 3573 2137 secundum

1983 2168 2386 2223 similitudinem.
2418 2169 2568 2225 Sicut
2594 2169 2881 2242 Imaginem
2908 2173 3043 2228 dixit
3071 2173 3141 2229 ob
3168 2176 3378 2244 imperii
3410 2177 3573 2229 ratio.

1985 2275 2108 2317 nem
2131 2301 2145 2325 ,
2183 2261 2254 2315 ita
2300 2272 2354 2316 et
2398 2262 2813 2330 Sintilitudinem,
2847 2275 2902 2320 ut
2943 2281 3040 2335 pro
3082 2267 3285 2321 viribus
3324 2267 3572 2321 humanis

1982 2345 2189 2409 similes
2215 2353 2407 2410 fiamus
2435 2356 2567 2422 Deo,
2599 2358 3030 2426 mansuetudine,
3063 2361 3301 2429 inquam,
3330 2359 3567 2423 lenitate,

1976 2453 2038 2499 et
2082 2445 2296 2502 virtutis
2348 2448 2561 2502 ratione
2615 2448 2726 2502 Deo
2778 2450 2985 2505 similes
3035 2449 3365 2516 efficiamur;
3408 2459 3469 2505 ut
3512 2462 3574 2506 ‘et

1981 2536 2224 2592 Christus
2249 2537 2420 2592 dicit:
2452 2534 2659 2595 Similes
2678 2544 2838 2594 estote
2880 2539 3031 2594 Patri
3078 2552 3260 2606 vestro,
3285 2542 3370 2612 qui
3407 2553 3480 2596 est
3515 2542 3570 2596 in

1973 2629 2118 2682 caelis
2143 2628 2359 2699 (Matth.
2384 2631 2435 2686 5.
2454 2615 2574 2703 λδ).
2595 2630 2725 2685 Nam
2748 2631 3200 2702 quemadmodum
3224 2633 3274 2687 in
3300 2642 3439 2688 terra
3469 2635 3570 2689 hac

1979 2721 2214 2790 spatiosa
2243 2731 2299 2777 et
2323 2722 2428 2777 lata
2472 2723 2827 2778 animantium
2874 2724 2977 2779 alia
3017 2726 3381 2780 mansuetiora
3412 2735 3565 2787 sunt.

1978 2813 2082 2868 alia
2109 2811 2391 2880 ferociora,
2426 2814 2499 2869 ita
2527 2814 2579 2869 in
2609 2815 2892 2870 latitudine
2921 2816 3115 2870 anima:
3143 2826 3338 2871 nostra:
3366 2818 3567 2886 cogita-

1981 2904 2188 2961 tionum
2228 2904 2346 2960 alia:
2393 2916 2519 2961 sunt
2567 2902 3042 2961 irrationabiliores
3085 2918 3139 2962 et
3185 2907 3252 2962 ad
3305 2907 3567 2977 pecudum

1974 3012 2185 3053 morem
2228 2998 2571 3065 accedentes,
2611 3001 2731 3054 alia:
2781 3000 3070 3055 ferociores
3120 3009 3175 3055 et
3221 3002 3564 3071 agrestiures.

1982 3090 2272 3146 Domandae
2298 3092 2463 3162 igitur
2486 3091 2592 3147 illre
2634 3101 2775 3158 sunt,
2806 3101 2860 3147 et
2889 3092 3113 3146 rationis
3156 3092 3383 3163 imperio
3431 3093 3570 3148 subi-

1977 3183 2184 3254 gendae.
2215 3183 2280 3238 Et
2333 3183 2603 3254 quomodo
2649 3185 2770 3252 quis
2816 3185 3195 3253 cogitationem
3246 3184 3561 3238 ferociorem

1977 3277 2326 3348 compescat?
2345 3278 2482 3343 Quid
2508 3277 2665 3342 dicis,
2689 3277 2853 3331 homo
2875 3277 2899 3331 ?
2929 3277 3134 3332 Lcones
3161 3292 3493 3347 superamus,
3512 3290 3566 3331 et

1976 3372 2187 3425 animos
2209 3385 2400 3426 eorum
2438 3379 2749 3425 mansuetos
2777 3369 3031 3424 faciams:
3064 3379 3119 3423 et
3159 3368 3403 3437 dubitas,
3436 3384 3563 3426 num

1975 3465 2141 3519 animi
2157 3463 2414 3520 ferociam
2437 3464 2491 3518 in
2515 3463 2979 3518 mansuetudinem
3007 3470 3216 3516 mutare
3238 3461 3445 3531 possis?
3464 3465 3560 3514 At-

1975 3557 2066 3626 qui
2116 3564 2303 3610 uatura
2345 3555 2530 3610 bestia:
2574 3556 2780 3611 feroces
2806 3537 2963 3620 sunt,
2993 3565 3047 3609 et
3087 3564 3283 3624 praeter
3317 3562 3560 3607 naturam

1972 3658 2270 3705 mansueta:
2298 3666 2312 3702 :
2345 3657 2532 3703 contra
2565 3657 2619 3702 tu
2650 3659 2837 3702 natura
2875 3648 3054 3713 mitis,
3085 3657 3279 3716 pra-ter
3312 3657 3557 3700 naturam

1973 3751 2151 3795 autem
2186 3739 2355 3794 ferox.
2390 3740 2473 3793 An
2512 3746 2598 3804 tu,
2627 3738 2718 3808 qui
2759 3737 2944 3793 bestiis
2979 3737 3030 3791 id
3070 3737 3212 3806 quod
3258 3747 3446 3791 natura
3480 3738 3558 3792 eis

1976 3833 2117 3886 inest
2145 3831 2378 3896 auferre,
2408 3840 2463 3885 et
2491 3830 2631 3900 quod
2656 3844 2843 3884 eorum
2869 3837 3072 3884 natura:
3098 3830 3377 3883 adversum
3413 3830 3559 3883 iuse-

1974 3938 2093 3978 rere
2117 3931 2289 3993 potes,
2321 3922 2372 3976 id
2403 3920 2544 3992 quod
2572 3930 2757 3976 natura
2798 3921 2891 3975 tibi
2918 3921 3163 3990 prazstitit
3187 3962 3203 3987 ,
3237 3936 3560 3975 conservare

1972 4030 2081 4069 non
2123 4015 2314 4084 potes?
2342 4013 2410 4069 Et
2451 4023 2701 4083 quantam
2750 4012 2853 4067 huc
2899 4011 3399 4067 condemnationem
3446 4026 3559 4089 non

1974 4107 2282 4162 mereatur?
2307 4105 2424 4161 Jatn
2453 4105 2597 4176 quod
2627 4104 2708 4159 his
2735 4103 3107 4159 admirabilius
3131 4116 3215 4158 est
3241 4115 3291 4157 ct
3327 4103 3559 4158 insolen-

1973 4199 2100 4264 tius,
2134 4198 2348 4253 leonum
2376 4209 2582 4251 natura:
2601 4206 2655 4251 et
2675 4197 2776 4250 alia
2801 4195 3042 4265 quaedam
3062 4194 3351 4250 difficultas
3378 4197 3515 4249 inest
3540 4214 3554 4249 :

1970 4291 2196 4346 rationis
2222 4292 2365 4345 cuitu
2390 4288 2674 4359 participes
2697 4302 2803 4342 non
2825 4297 2979 4354 sunt,
3012 4296 3067 4342 et
3110 4287 3454 4342 nihilmninus
3481 4287 3559 4340 vi.

1972 4384 2160 4439 demus
2182 4398 2325 4453 satpe
2344 4382 2465 4437 duci
2487 4397 2580 4437 eos
2600 4391 2911 4436 mansuetos
2940 4395 3034 4450 per
3062 4381 3230 4435 forum
3254 4395 3268 4444 ;
3302 4380 3561 4448 multique

1973 4493 2039 4533 ex
2067 4477 2298 4532 officinis
2326 4491 2595 4539 nummos,
2616 4485 2674 4528 ut
2695 4472 2998 4529 mercedem
3023 4474 3154 4527 artis
3179 4484 3233 4527 et
3260 4473 3291 4527 i:
3315 4473 3558 4536 dustria;

1973 4570 2201 4639 cuipiam
2225 4576 2526 4633 numerant,
2548 4565 2689 4636 quod
2709 4566 2872 4619 feram
2896 4563 3302 4618 mansuefecerit
3330 4564 3557 4618 :aninne

1972 4674 2102 4714 vero
2128 4667 2230 4713 tute
2254 4659 2391 4712 ratio
2420 4671 2674 4711 concessa
2704 4668 2807 4723 εει,
2836 4666 2889 4711 et
2918 4655 3010 4710 Dei
3038 4654 3216 4720 timor,
3242 4664 3296 4709 et
3324 4655 3558 4725 undique

1975 4750 2293 4805 adminicula
2327 4767 2340 4803 :
2367 4765 2435 4804 ne
2476 4749 2636 4819 igitur
2666 4756 2965 4819 praetextas
2992 4756 3045 4802 et
3070 4747 3322 4802 obtentus
3342 4745 3555 4800 afferas.

1975 4842 2136 4897 Potes
2165 4840 2340 4907 enim,
2369 4842 2414 4895 si
2442 4842 2543 4906 vis,
2575 4848 2885 4896 mansuetus
2922 4854 3044 4894 esse
3068 4880 3082 4900 ,
3116 4847 3169 4893 et
3195 4835 3438 4906 placidus
3457 4876 3475 4901 ,
3503 4844 3559 4889 et

1972 4946 2178 5003 arquos.
2203 4930 2508 4999 Faciamus,
2533 4932 2738 5003 inquit,
2769 4930 3021 4983 hominem
3060 4927 3333 4981 secundum
3368 4925 3569 4997 imagi»

1974 5042 2086 5080 nent
2110 5020 2364 5091 nosti-ant,
2394 5036 2438 5080 cl
2466 5024 2740 5079 secundum
2768 5021 3169 5075 similitudinem.

2044 5118 2098 5171 4.
2141 5115 2244 5171 Cur
2278 5119 2402 5187 [em
2455 5130 2555 5168 non
2608 5113 2706 5167 sint
2755 5110 2946 5164 homini
2989 5109 3220 5164 subdita.
3246 5108 3445 5166 —Sed
3488 5109 3556 5165 ad

1972 5206 2300 5278 propositam
2321 5205 2667 5277 quaestionem
2698 5203 2887 5258 iterum
2918 5201 3215 5256 redeamus.
3247 5200 3560 5257 Ostenditur

1973 5300 2115 5356 enim
2140 5313 2204 5353 ex
2232 5298 2295 5352 iis
2320 5312 2440 5367 qua:
2469 5294 2611 5351 dicta
2637 5303 2782 5359 sunt,
2813 5293 3083 5347 hominem
3135 5293 3203 5347 ab
3250 5292 3402 5348 initio
3447 5292 3557 5361 pie-

1973 5407 2098 5446 tnnn
2120 5401 2174 5445 et
2193 5389 2484 5461 perfectum
2511 5402 2668 5456 super
2689 5386 2887 5441 bestias
2912 5385 3260 5454 principatum
3279 5383 3552 5439 habuisse.

1973 5481 2309 5543 Dominentur
2352 5480 2528 5543 enim,
2555 5467 2663 5545 ait,
2704 5476 2934 5548 piscibus
2963 5477 3118 5531 maris
3138 5518 3152 5539 ,
3182 5486 3227 5531 et
3268 5475 3556 5530 volatilibus

1971 5575 2104 5639 cali,
2130 5583 2179 5628 et
2208 5573 2326 5648 feris
2354 5580 2401 5626 et
2427 5570 2689 5643 reptilibus
2705 5544 3058 5636 iterrwmuod
3084 5577 3261 5623 autem
3283 5581 3423 5621 nunc
3447 5575 3548 5617 ter-

1973 5669 2081 5724 rori
2109 5666 2263 5721 nobis
2293 5663 2402 5720 sint
2424 5662 2632 5727 bestias,
2660 5670 2715 5719 et
2739 5661 3040 5725 timeamus,
3064 5669 3119 5714 et
3146 5657 3383 5713 dominio
3408 5654 3553 5707 επεν

1974 5761 2443 5831 derimus,neqne
2492 5759 2606 5829 ipse
2657 5771 2830 5826 nego;
2864 5769 3046 5810 verum
3093 5751 3190 5805 hoc
3234 5764 3338 5813 non
3383 5744 3555 5815 arguit
