4018 6136
422 276 480 331 79
1106 275 1174 331 'S.
1212 273 1492 331 JOANNIS
1518 272 1985 331 CIIRYSOSTOSII
2023 272 2341 331 ARCIIIEP.
2382 271 2913 331 CONSTANTINOP.
3621 277 3692 333 80

422 392 606 444 I'alsam
643 390 734 444 Dei
762 386 1193 459 promissionem.
1226 389 1358 445 Nam
1387 390 1456 445 ab
1484 389 1636 444 initio
1667 404 1754 445 res
1782 405 1887 444 non
1928 391 1998 444 ita

419 502 477 538 se
505 483 805 547 habebant,
836 483 927 536 sed
963 484 1221 538 tintebant
1270 494 1325 538 et
1367 485 1671 541 tremebant
1701 486 1886 541 bestia:
1910 527 1923 550 ,
1948 495 2002 540 et

421 575 814 630 venerabantur
855 574 1151 629 dominmu.
1185 576 1282 631 Ubi
1316 587 1492 633 autem
1537 594 1600 633 ex
1640 577 2000 633 inobedientia

419 665 664 719 ﬁduciam
712 666 851 735 apud
902 666 1067 721 Deum
1115 668 1432 736 amisimus,
1465 670 1622 724 etiam
1676 670 2002 739 principatus

419 766 601 812 noster
627 758 901 813 mutilatos
930 770 1031 815 est.
1065 761 1317 829 Snbjecta
1346 762 1488 816 enim
1520 762 1722 816 homini
1751 763 1999 817 animalia

419 850 595 903 omnia
622 850 782 903 fuisse
807 849 988 919 accipe
1018 866 1081 905 ex
1106 850 1403 921 Scriptura,
1429 868 1549 921 qua:
1569 852 1700 907 dicit
1719 894 1734 918 ,
1766 854 1999 907 Adduxit

420 939 556 994 Deus
585 941 763 996 bestias
784 983 800 1008 ,
831 953 878 997 et
899 945 1069 997 omnia
1108 928 1255 999 bruta
1279 946 1348 999 ad
1375 946 1558 1015 Adam,
1589 958 1641 1001 ut
1669 948 1856 1003 videret
1880 949 2002 1018 quid

421 1041 695 1085 vocamen
726 1032 878 1102 (Gen.
902 1033 956 1087 ἓ.
994 1034 1102 1107 19).
1139 1037 1203 1091 Et
1240 1052 1360 1092 cum
1396 1040 1601 1093 videret
1633 1039 1782 1109 juxta
1810 1056 1868 1094 se
1905 1040 2000 1095 be-

420 1124 550 1176 stias
572 1163 585 1187 ,
635 1138 738 1177 non
797 1118 1162 1273 resiliiti/sed
1213 1139 1478 1199 tamquam
1520 1131 1766 1186 dominus
1811 1133 2001 1203 aliquis

424 1217 597 1270 servis
624 1217 851 1272 subditis
872 1234 1017 1273 nomt
1042 1236 1090 1273 ta
1116 1221 1368 1273 imposuit
1394 1242 1408 1273 :
1438 1224 1505 1273 Et
1526 1241 1677 1273 omne
1702 1228 1836 1273 mmd
1856 1242 2001 1273 vom-

424 1217 597 1270 servis
624 1217 851 1272 subditis
872 1217 1090 1275 nom‘iita
1116 1221 1368 1292 imposuit
1394 1242 1408 1278 :
1438 1224 1505 1277 Et
1526 1241 1677 1279 omne
1702 1228 1836 1295 quod
1856 1242 2001 1279 voca-

416 1310 486 1362 rit
517 1308 706 1373 Adam,
739 1312 937 1380 inquit,
970 1314 1064 1367 hoc
1116 1330 1296 1368 nomen
1350 1326 1423 1370 est
1472 1316 1550 1369 illi
1585 1359 1598 1372 .
1632 1316 1771 1385 quod
1822 1318 2002 1387 utique

416 1400 644 1454 dominii
677 1402 905 1471 signum.
938 1403 1064 1459 Ideo
1110 1405 1249 1460 Deus
1277 1416 1335 1460 ut
1361 1406 1583 1462 doceret
1609 1408 1781 1479 ipsum
1814 1420 2003 1477 poten-

417 1494 503 1547 tire
525 1494 995 1569 sumdignitatem,
1021 1499 1297 1553 nominum
1351 1499 1746 1569 impositionem
1777 1501 1854 1554 illi
1883 1516 2002 1568 per-

418 1566 794 1664 misitﬂtquc
836 1585 950 1642 lnec
1004 1588 1219 1657 quidem
1265 1590 1396 1644 satis
1431 1566 1695 1655 vindicant,
1725 1591 1792 1645 ab
1851 1566 2001 1645 initio

419 1677 559 1731 feras
581 1676 1087 1736 'homini'tcrribiles
1114 1697 1220 1735 non
1268 1682 1447 1739 fuisse.
1500 1683 1594 1739 Est
1633 1692 1809 1738 tamen
1857 1683 2000 1738 aliud

418 1770 671 1836 quiddam
704 1786 808 1825 non
841 1773 1048 1837 minus,
1080 1774 1185 1827 imo
1226 1784 1279 1829 et
1325 1774 1427 1829 hoc
1465 1785 1783 1845 argumento
1831 1776 2002 1830 mani-

420 1859 626 1915 festius.
665 1860 732 1915 Et
759 1862 1026 1930 quodnam
1057 1862 1192 1919 hoc?
1218 1863 1557 1935 Colloquium
1589 1867 1855 1936 serpentis
1879 1882 2000 1922 cum

419 1951 663 2006 muliere.
698 1952 829 2007 Nam
861 1955 904 2008 si
961 1956 1225 2012 terribiles
1268 1956 1497 2013 fuissent
1543 1958 1745 2013 homini
1793 1958 1997 2024 bestiae,

420 2045 611 2099 mulier
630 2056 879 2116 serpente
906 2058 1195 2118 conspecto
1219 2066 1324 2105 non
1345 2052 1651 2119 mansisset,
1681 2068 1852 2121 neque
1874 2068 2003 2109 con-

418 2137 597 2191 silium
650 2140 969 2209 accepisset,
1018 2158 1191 2212 neque
1236 2158 1357 2197 cum
1404 2153 1549 2199 tanta
1592 2146 1879 2201 securitate
1926 2145 2003 2200 illi

364 2246 369 2249 ·
419 2227 635 2297 loquuta
668 2229 889 2296 fuisset,
913 2232 1006 2287 sed
1033 2234 1213 2288 statim
1240 2234 1308 2288 ad
1338 2244 1612 2305 aspectum
1643 2235 1784 2290 illius
1810 2236 2001 2292 obstu‘

421 2319 630 2389 pefacta
685 2320 1022 2392 profugisset.
1059 2324 1254 2381 Verum
1306 2342 1447 2382 nunc
1496 2326 1848 2397 colloquitur,
1904 2340 2003 2382 nec

421 2411 611 2465 metuit
643 2429 655 2465 :
688 2412 920 2467 nondum
951 2414 1092 2469 enim
1123 2424 1240 2471 erat
1280 2416 1572 2472 timor'ille.
1611 2416 1871 2474 Caeterum
1913 2417 2003 2473 ubi

420 2511 698 2571 peccatum
731 2504 963 2571 intravit,
1000 2506 1175 2561 ablata
1214 2516 1297 2562 est
1334 2507 1447 2562 hme
1488 2498 1742 2599 dignitag
1759 2519 1813 2564 ct
1856 2520 2003 2579 pote-

420 2605 552 2650 stas.
586 2597 649 2651 Et
691 2598 1136 2667 quemadmodum
1186 2601 1322 2657 inter
1351 2616 1537 2657 servos
1581 2597 1699 2657 ﬁeri
1743 2604 1914 2667 solet,
1943 2612 2003 2658 ut

422 2687 756 2755 probatiores
785 2700 838 2744 et
861 2689 1196 2747 honestiores
1220 2694 1494 2749 conservis
1517 2694 1707 2749 terrori
1739 2695 1876 2760 sint;
1909 2696 2002 2765 qui

421 2787 599 2834 autem
642 2779 997 2850 deliquerunt,
1025 2793 1079 2837 et
1106 2799 1395 2841 conservos
1437 2786 1694 2840 timeant:
1727 2787 1805 2841 sic
1851 2796 1905 2841 et
1946 2788 2001 2841 in

423 2869 638 2925 homine
668 2870 861 2927 factum
885 2865 1159 2955 estham
1188 2876 1331 2931 salva
1364 2888 1613 2933 manente
1641 2878 1780 2933 illius
1810 2878 2000 2933 ﬁducia

418 2961 557 3029 apud
589 2962 756 3019 Deum
778 3005 791 3025 ,
827 2965 1076 3021 terribilis
1099 2977 1215 3022 erat
1239 2977 1295 3022 et
1321 2967 1544 3024 bestiis:
1575 2968 1663 3024 ubi
1690 2979 1870 3024 autem
1897 2969 2000 3023 im-

421 3052 591 3121 pegit,
644 3054 833 3110 timere
873 3058 1037 3125 cmpit
1082 3058 1240 3112 etiam
1284 3073 1664 3114 conservorum
1709 3069 1998 3115 extremos.

414 3141 569 3207 Quod
602 3145 645 3197 si
686 3160 803 3214 quze
834 3146 1057 3201 dicimus
1085 3164 1188 3202 non
1219 3149 1356 3203 feras
1377 3189 1393 3214 ,
1419 3149 1723 3205 demonstra
1756 3161 1809 3204 tu
1848 3151 1998 3215 mihi,

418 3232 508 3286 ubi
550 3233 815 3288 terribiles
851 3244 973 3289 ante
1013 3248 1285 3305 peccatum
1316 3238 1512 3293 fuerint
1545 3239 1743 3293 homini
1792 3240 1997 3296 bestiae.

420 3322 526 3376 Sed
566 3339 669 3378 non
702 3325 920 3393 poteris.
950 3326 1101 3395 Quod
1131 3329 1173 3382 si
1205 3338 1388 3398 postea
1424 3329 1586 3385 subiit
1616 3331 1805 3398 timor,
1839 3332 2000 3387 etiam

420 3413 521 3469 hac
551 3415 641 3470 Dei
665 3415 1001 3488 benignitatis
1030 3419 1318 3474 maximum
1344 3430 1713 3489 argumentum
1735 3431 1838 3478 est.
1868 3422 2000 3477 Nam

420 3507 465 3560 si
491 3517 769 3577 postquam
813 3508 972 3566 homo
998 3511 1303 3568 mandatum
1346 3522 1709 3583 transgressus
1729 3523 1831 3577 est,
1866 3515 2000 3569 inte-

406 3612 513 3666 .ger
537 3596 674 3651 illius
693 3600 977 3655 mansisset
998 3601 1168 3656 honor
1192 3612 1247 3657 et
1276 3603 1591 3670 immobilis,
1620 3602 1759 3658 haud
1787 3602 1939 3659 facile
1967 3620 1998 3660 a

411 3688 567 3758 lapsu
592 3676 1455 3791 resurrexissewuandoquidem
1482 3710 1602 3751 cum
1633 3696 1999 3752 inobedientcs

404 3788 470 3835 et
498 3780 810 3839 obedientes
835 3780 1077 3839 homities
1099 3786 1210 3856 pari
1232 3786 1485 3856 dignitate
1520 3788 1787 3855 fruuntur,
1815 3790 2000 3859 nequi-

418 3875 504 3927 tite
546 3872 839 3929 assueﬁunt
867 3876 1055 3946 magis,
1085 3890 1181 3931 nec
1210 3878 1361 3932 facile
1388 3878 1454 3933 ab
1480 3894 1540 3933 ea
1563 3879 1842 3934 desistunt.
1863 3878 1995 3935 Cum

404 3966 558 4023 'enim
586 3983 727 4023 nunc
755 3976 832 4024 tot
855 3967 1178 4025 instantibus
1206 3971 1529 4037 terroribus,
1555 3973 1747 4041 poenis,
1772 3981 1827 4027 et
1866 3990 1996 4044 sup.

404 4059 587 4128 plieiis
613 4077 716 4114 non
748 4063 1133 4126 emendantur,
1167 4062 1350 4132 quales
1381 4064 1600 4119 fuissent
1644 4067 1688 4119 si
1726 4065 1856 4121 nihil
1900 4082 1997 4135 pro

406 4147 623 4203 delictis
652 4150 764 4204 suis
799 4167 960 4221 grave
990 4153 1129 4222 passi
1160 4154 1384 4207 essent?
1414 4155 1586 4224 Atque
1614 4156 1680 4208 ita
1717 4156 1994 4226 imperimn

410 4241 572 4295 nobis
598 4256 626 4293 a
659 4242 804 4307 Deo,
832 4243 972 4312 quod
1005 4259 1250 4313 magnam
1296 4246 1461 4301 nostri
1511 4263 1691 4302 curam
1731 4258 1785 4303 et
1817 4249 1995 4319 provi-

415 4330 651 4386 dentiam
688 4343 919 4402 gereret,
950 4342 1033 4389 est
1060 4334 1313 4388 ablatum.

482 4425 536 4479 5.
568 4424 645 4478 Tu
677 4433 877 4492 autem,
917 4426 1213 4495 carissime,
1245 4428 1423 4499 etjam
1456 4428 1578 4485 inde
1609 4430 1986 4501 benignitatem

412 4517 505 4571 Dei
555 4515 874 4572 ineffabilem
926 4519 1244 4586 considera,
1289 4522 1555 4591 quomodo
1606 4523 1774 4577 Adam
1824 4531 1991 4579 totum

411 4607 717 4662 mandatum
766 4608 1102 4676 subverterit,
1142 4619 1197 4665 et
1222 4620 1383 4666 totam
1410 4612 1580 4683 legem
1629 4624 1993 4682 transgressus

316 4694 319 4697 λ
408 4700 477 4755 sit
506 4716 523 4755 :
553 4699 813 4770 benignus
836 4710 1013 4755 autem
1046 4702 1187 4757 Deus
1212 4702 1447 4758 bonitate
1472 4720 1565 4759 sua
1595 4715 1773 4760 nostra
1800 4706 1991 4762 delicta

408 4807 692 4864 superans,
720 4808 826 4847 non
857 4801 1026 4848 totum
1054 4792 1313 4850 honorem
1348 4795 1646 4863 abstulerit,
1677 4812 1848 4867 neque
1877 4807 1989 4856 toto

402 4885 658 4956 dejecerit
698 4885 997 4957 principatu
1046 4884 1189 4941 :sed
1235 4902 1297 4941 ea
1340 4887 1615 4942 dumtaxat
1659 4890 1906 4945 animalia
1958 4906 1990 4945 a

405 4987 584 5033 nostra
606 4986 871 5048 potestate
886 4976 1192 5044 abduxerit,
1210 4993 1328 5049 qua:
1355 4993 1460 5034 non
1482 4980 1703 5034 multum
1734 4981 1801 5036 ad
1832 4982 1990 5053 hujus

402 5069 525 5122 vita:
548 5068 826 5125 utilitatem
847 5070 1002 5126 nobis
1021 5069 1342 5134 conducunt,
1364 5087 1481 5143 qua:
1503 5088 1630 5127 vero
1654 5074 1772 5128 vita:
1794 5085 1989 5130 nostra:

405 5159 634 5215 multum
675 5159 933 5228 serviunt,
965 5168 1021 5217 et
1048 5162 1194 5216 utilia
1223 5164 1632 5234 necessariaqne
1673 5175 1816 5235 sunt,
1846 5182 1906 5222 ea
1934 5168 1987 5224 in

402 5252 681 5318 servitute,
713 5260 767 5308 et
796 5253 1129 5322 subjectione
1154 5269 1247 5309 sua
1296 5254 1577 5312 dimiserit.
1606 5257 1836 5329 Reliquit
1859 5276 1987 5331 ergo

400 5341 556 5396 nobis
586 5341 746 5396 boum
771 5350 1010 5397 armenta
1032 5384 1047 5409 ,
1079 5351 1138 5399 ttt
1162 5356 1397 5400 aratrum
1444 5347 1735 5412 trahamus,
1788 5358 1984 5405 terram

400 5433 702 5499 sulcentus,
753 5447 1026 5490 seramus:
1068 5436 1281 5507 reliquit
1326 5446 1382 5493 et
1417 5438 1773 5510 subjugalium
1821 5443 1985 5498 multa

397 5541 617 5598 genera,
639 5534 699 5581 ut
718 5540 817 5582 nos
835 5525 1090 5598 adiuvent
1110 5528 1175 5583 ad
1198 5529 1343 5585 utilia
1362 5547 1585 5603 qumque
1604 5535 1946 5591 conveltenda
1966 5551 1982 5601 ;

400 5619 615 5689 reliquit
633 5618 811 5672 ovium
843 5633 1050 5689 greges.
1080 5627 1138 5673 ut
1166 5618 1484 5678 haberemus
1510 5639 1628 5693 quae
1656 5625 1721 5680 ad
1752 5627 1984 5682 vestien-

402 5711 524 5766 dum
561 5725 661 5766 nos
691 5708 1029 5777 sufﬁcerent;
1054 5711 1263 5784 reliquit
1299 5724 1351 5770 et
1386 5715 1489 5770 alia
1511 5716 1857 5773 animantium
1886 5734 1979 5789 ge-

2110 403 2260 455 nera,
2285 386 2423 444 unde
2450 388 2609 443 multa
2629 388 2782 445 nobis
2808 384 3221 458 suppeditantur
3234 386 3692 442 eonmtoilaﬁam

2106 483 2228 552 quia
2244 481 2467 551 puniens
2480 482 2748 537 hominem
2765 483 2836 538 ob
2850 480 3694 547 iuobedicntiam,dixeratJnaa-

2106 573 2229 627 dure
2242 573 2389 643 [aciei
2410 583 2510 627 tua:
2528 575 2733 629 vesceris
2746 589 2875 643 pane
2890 583 2975 627 tuo
2987 571 3138 641 (Gen.
3160 574 3210 628 5.
3230 572 3321 643 19)
3340 594 3352 627 :
3374 582 3430 627 ut
3448 588 3515 628 ne
3527 574 3695 628 sudor

2108 674 2160 719 et
2178 665 2328 720 labor
2345 664 2429 720 hic
2448 675 2628 719 noster
2644 665 2990 720 intolerabilis
3006 664 3378 728 foret,sndoris
3396 664 3692 727 molestias,

2106 764 2161 809 et
2208 754 2406 810 laboris
2444 770 2581 810 onus
2607 756 2876 810 alleviavit
2918 755 3281 825 jumentorum
3328 756 3697 823 multitudine,

2108 861 2226 914 qna:
2279 860 2380 899 una
2430 846 2704 901 nobiscum
2756 846 3018 912 laborant,
3071 857 3121 901 et
3170 846 3442 901 molestias
3494 848 3695 913 lerunt,

2109 936 2247 990 idem
2280 936 2477 991 faciens
2505 937 2645 1006 quod
2675 937 2933 1007 benignus
2949 948 3001 991 et
3032 937 3265 1007 prudens
3295 938 3693 1007 paterfamilias,

2107 1027 2196 1096 qui
2228 1027 2488 1097 flagellato
2505 1042 2681 1093 servo,
2712 1028 2870 1082 etiam
2882 1042 3069 1081 curam
3096 1027 3381 1098 quamdam
3399 1044 3688 1098 congruant

2109 1117 2332 1187 ﬂagellis
2362 1118 2578 1172 adhibet
2610 1136 2623 1172 :
2650 1119 2729 1173 sic
2761 1127 2815 1175 et
2847 1120 2983 1174 Deus
3015 1128 3071 1173 ut
3099 1120 3475 1175 condemnavit
3502 1134 3690 1190 pecca-

2110 1218 2301 1274 torcm,
2351 1210 2608 1266 leniorem
2638 1213 2797 1267 etiam
2826 1211 3328 1268 condemnationem
3357 1227 3479 1269 esse
3504 1213 3693 1279 voluit,

2096 1309 2161 1353 et
2180 1300 2342 1355 nobis
2360 1299 2425 1354 ad
2447 1300 2696 1364 sudorem
2722 1311 2775 1355 et
2803 1301 3036 1357 laborem
3063 1311 3378 1371 perpetuum
3405 1302 3696 1367 damnatis.

2108 1389 2423 1444 subsidiaria
2455 1389 2579 1444 fecit
2626 1394 2789 1445 multa
2823 1390 3095 1445 brutarttm
3137 1408 3352 1462 genera.
3387 1396 3557 1463 Atque
3601 1394 3693 1458 ita,

2108 1482 2246 1551 quod
2292 1481 2551 1537 honorem
2584 1483 2736 1537 nobis
2777 1483 2921 1538 dedit
2944 1492 2998 1539 et
3025 1498 3207 1538 rursus
3236 1484 3467 1550 abstulit,
3519 1494 3573 1539 et
3600 1483 3697 1539 bc-

2107 1576 2332 1631 stiarum
2365 1576 2518 1630 nobis
2542 1585 2738 1631 metunt
2760 1576 3009 1642 immisit,
3038 1585 3093 1630 et
3134 1576 3333 1641 omnia,
3365 1577 3408 1630 si
3437 1576 3555 1646 quis
3577 1576 3698 1630 dili-

2098 1676 2297 1738 genter
2316 1676 2370 1721 et
2408 1668 2626 1722 cordate
2653 1668 2904 1738 inquirat,
2950 1668 3366 1738 oll'endctplena
3397 1668 3695 1739 sapientia),

2102 1758 2478 1830 providentia},
2504 1769 2558 1814 et
2586 1759 2947 1829 benignitatis.

2183 1850 2507 1917 Sacriﬁcium
2547 1851 2822 1904 maximum
2868 1848 2968 1903 Dei
3011 1850 3365 1905 beneficiorum
3408 1850 3694 1904 recordari.

2106 1973 2178 1985 ——
2222 1942 2480 2011 Quocirca
2536 1957 2636 2013 pro
2681 1944 2764 1999 his
2816 1942 3061 1997 omnibus
3105 1945 3301 2013 gratias
3358 1943 3404 1997 ei
3459 1956 3696 1997 summas

2108 2050 2367 2105 agamus,
2419 2034 2508 2105 qui
2563 2043 2706 2089 tanta
2748 2034 2887 2104 apud
2932 2050 3028 2089 nos
3074 2034 3327 2089 beneﬁcia
3391 2034 3691 2089 collocavit.

2108 2126 2290 2196 Neque
2336 2127 2477 2181 enim
2542 2142 2702 2196 grave
2767 2126 2964 2196 aliquid
3014 2135 3068 2180 et
3120 2122 3404 2180 onerosum
3455 2141 3483 2178 a
3542 2125 3698 2179 nobis

2108 2217 2331 2288 requirit
2368 2235 2381 2271 :
2424 2216 2516 2272 sed
2559 2218 2733 2272 solum
2775 2228 2831 2271 ut
2876 2227 3131 2272 testemur
3166 2227 3223 2271 et
3261 2218 3517 2271 fateamur
3553 2226 3696 2269 tanta

2110 2308 2388 2375 beneﬁcia,
2439 2317 2492 2364 et
2514 2325 2615 2380 pro
2658 2309 2742 2364 his
2783 2309 2980 2379 gratias
3033 2308 3325 2364 referamus
3358 2327 3370 2361 :
3402 2324 3509 2362 non
3555 2308 3697 2377 quod

2109 2398 2224 2469 ipse
2248 2399 2331 2454 his
2354 2408 2525 2469 egeat,
2554 2400 2641 2470 qui
2675 2399 2815 2453 nulla
2848 2415 2908 2454 re
2934 2399 3283 2469 iudiget;scd
3307 2410 3364 2453 ut
3386 2414 3481 2453 nos
3520 2398 3696 2452 disca-

2109 2504 2229 2545 mus
2255 2500 2528 2546 auctorem
2561 2491 2821 2545 bouorum
2848 2490 3007 2546 nobis
3036 2491 3345 2557 conciliare,
3389 2498 3442 2544 ct
3472 2505 3575 2543 non
3607 2488 3695 2543 in-

2110 2585 2245 2654 grati
2270 2584 2456 2653 simus,
2484 2584 2577 2639 sed
2599 2585 2809 2655 dignam
2839 2585 2999 2639 tantis
3022 2584 3293 2640 beneﬁciis
3324 2594 3379 2639 et
3403 2582 3689 2654 providen-

2110 2679 2181 2732 tia
2212 2678 2461 2732 virtutcm
2513 2677 2818 2732 aderamus.
2849 2677 2979 2732 Nam
3012 2677 3091 2732 sic
3139 2678 3308 2746 ipsum
3339 2675 3406 2731 ad
3435 2674 3693 2744 majorem

2109 2771 2275 2824 nostri
2319 2770 2727 2825 sollicitudinem
2774 2769 3205 2841 provocabimus.
3239 2768 3346 2824 Oro
3397 2768 3570 2838 igitur,
3626 2782 3694 2821 ne

2107 2861 2320 2916 desides
2346 2863 2535 2927 simus,
2584 2862 2677 2917 sed
2708 2862 3070 2934 unusquisque
3120 2877 3213 2932 pro
3260 2861 3398 2916 virili
3444 2868 3696 2930 supputet

2108 2953 2249 3023 apud
2278 2969 2337 3009 se
2359 2955 2581 3023 singulis
2622 2955 2784 3020 horis,
2816 2971 2922 3008 non
2966 2955 3135 3009 solum
3161 2954 3462 3008 communia
3489 2952 3696 3008 beneﬁ-

2104 3046 2211 3112 cia,
2244 3045 2337 3101 sed
2361 3055 2414 3101 et
2440 3046 2640 3116 privata
2668 3045 2804 3101 inse
2833 3046 3026 3100 collata
3062 3064 3074 3100 :
3113 3062 3216 3099 non
3236 3061 3305 3101 ea
3337 3054 3538 3100 tantum
3572 3061 3692 3115 qua:

2108 3153 2295 3194 omnes
2323 3138 2572 3205 fatentur,
2600 3147 2654 3193 et
2694 3154 2812 3208 quae
2840 3138 3088 3193 omnibus
3115 3135 3391 3193 manifesta
3422 3146 3566 3204 sunt,
3596 3137 3691 3193 sed

2109 3238 2163 3285 et
2190 3231 2421 3299 propria,
2453 3244 2515 3284 ac
2555 3229 2837 3301 plerosque
2863 3229 3077 3285 latentia
3108 3247 3122 3285 :
3154 3230 3230 3284 sic
3256 3230 3396 3284 enim
3432 3229 3496 3285 ad
3519 3231 3693 3284 couti-

2109 3337 2268 3376 nuam
2299 3322 2585 3391 gratiarum
2615 3322 2877 3376 actionem
2913 3321 3135 3375 Domino
3174 3319 3511 3376 referendam
3553 3318 3685 3374 inci-

2111 3414 2325 3469 tabitur.
2362 3414 2472 3469 lloc
2492 3413 2777 3467 maximum
2802 3413 3143 3480 sacriﬁcium,
3195 3412 3309 3468 ltzec
3340 3411 3575 3482 perfecta
3601 3411 3687 3467 ei»

2110 3509 2236 3562 latio
2262 3517 2364 3573 est,
2394 3507 2494 3562 hoc
2521 3508 2734 3562 ﬁducia:
2755 3524 2881 3577 erga
2908 3508 3072 3562 Deum
3100 3515 3297 3562 nostra:
3317 3516 3687 3578 argumentum

2107 3607 2163 3653 et
2188 3613 2346 3652 causa
2376 3607 2489 3652 est:
2519 3607 2572 3653 et
2595 3598 2885 3668 quomodo,
2916 3614 3017 3668 ego
3043 3599 3237 3653 dicam.
3269 3598 3371 3665 Qui
3398 3598 3539 3653 enim
3572 3597 3687 3653 lucc

2104 3691 2358 3746 continuo
2407 3690 2459 3744 in
2506 3699 2683 3744 mente
2726 3704 2819 3745 sua
2869 3698 3063 3757 versat,
3094 3699 3148 3746 et
3176 3704 3325 3745 suam
3379 3690 3687 3745 tenuitatem

2107 3793 2354 3839 accurate
2386 3783 2549 3848 novit,
2606 3793 2660 3837 et
2688 3784 3014 3837 eminentem
3045 3783 3278 3837 divinam
3309 3782 3686 3851 benignitatem

2105 3876 2335 3945 Cogitat;
2360 3872 2625 3944 quomodo
2652 3888 2843 3942 nempe
2864 3888 2969 3928 non
2991 3872 3271 3929 attendens
3297 3872 3421 3943 qttid
3446 3887 3687 3928 merean-

2107 3974 2192 4020 tur
2222 3976 2433 4035 peecata
2465 3974 2667 4031 nostra,
2701 3965 2794 4020 sed
2815 3965 2941 4036 quid
2968 3981 3063 4020 sua
3093 3965 3303 4021 bonitas
3332 3965 3584 4035 postulet,
3614 3965 3685 4020 ita

2106 4074 2191 4113 res
2225 4069 2434 4113 nostras
2453 4057 2725 4127 dispenset
2750 4075 2763 4111 :
2796 4058 2840 4112 is
2866 4059 3121 4113 nimirum
3150 4067 3383 4113 mentem
3408 4058 3679 4127 deprimit,

2102 4166 2197 4206 cor
2224 4152 2474 4217 conterit,
2500 4166 2713 4206 omnem
2745 4150 2937 4205 fastum
2967 4160 3021 4206 et
3042 4153 3401 4221 arrogantiam
3430 4151 3682 4220 castigat,

2103 4244 2259 4299 discit
2280 4243 2521 4300 modeSte
2538 4259 2716 4314 agere,
2749 4253 3094 4299 contemnere
3119 4243 3400 4313 prresentis
3421 4244 3542 4298 vita:
3560 4244 3683 4315 glo-

2102 4337 2256 4401 riam,
2289 4336 2466 4392 ridere
2509 4334 2730 4391 visibilia
2772 4337 2972 4402 omnia,
3028 4337 3262 4406 cogitare
3317 4334 3495 4390 futura
3545 4333 3682 4389 bona

2102 4428 2368 4497 vitamque
2401 4426 2753 4482 immortalem
2802 4442 2864 4482 ac
2914 4442 3201 4496 numquam
3244 4425 3551 4481 ﬁniendam.
3579 4424 3683 4491 Qui

2101 4528 2276 4575 autem
2303 4519 2379 4574 sic
2407 4518 2637 4574 afﬁcitur
2660 4519 2859 4584 animo,
2886 4534 3070 4574 verum
3092 4528 3147 4573 et
3174 4526 3453 4590 acceptum
3479 4518 3685 4574 sacriﬁ-

2100 4612 2240 4667 cium
2271 4611 2380 4666 Deo
2420 4610 2594 4678 oll'ert,
2648 4612 2784 4665 sicut
2828 4611 3085 4681 preplteta
3115 4608 3242 4665 dicit
3291 4627 3305 4663 :
3356 4609 3683 4679 Sacriﬁcium

2104 4702 2207 4756 Deo
2239 4702 2447 4772 spiritus
2470 4702 2829 4756 contribulatus
2852 4720 2870 4767 ;
2893 4719 2981 4756 cor
2999 4702 3269 4755 contritum
3294 4712 3341 4755 et
3365 4701 3684 4755 humiliation

2104 4793 2239 4848 Deus
2265 4812 2363 4848 non
2393 4795 2627 4865 despiciet
2660 4793 2829 4866 (Psal.
2857 4796 2945 4851 50.
2982 4794 3099 4866 l9).
3132 4792 3391 4850 Cordatos
3435 4795 3576 4851 enim
3600 4792 3681 4848 fa-

2101 4875 2274 4940 mulos
2304 4902 2408 4940 non
2440 4898 2544 4940 tam
2578 4902 2747 4957 poena:
2773 4897 2827 4941 et
2871 4886 3128 4956 supplicia
3167 4885 3471 4952 emendant,
3504 4895 3560 4940 ut
3591 4885 3681 4939 bc-

2099 4977 2307 5044 neﬁcia,
2336 4988 2388 5033 et
2414 4978 2554 5047 quod
2584 4979 2826 5033 noverint
2846 4992 2903 5034 se
2922 4993 3028 5032 non
3055 4977 3346 5033 secundum
3366 4976 3681 5033 delictorum

2097 5070 2284 5126 merita
2315 5086 2524 5141 poenam
2557 5071 2723 5126 luere.

2168 5162 2221 5217 6.
2251 5161 2602 5217 Conteramns
2629 5163 2803 5232 igitur,
2845 5162 3092 5229 obsecro,
3136 5162 3370 5217 animum
3400 5169 3641 5217 nostrum
3662 5201 3678 5227 ,

2099 5253 2438 5307 humiliemus
2464 5262 2700 5308 mentem
2724 5262 2778 5308 et
2800 5268 2940 5308 nunc
2964 5253 3195 5307 maxime
3213 5268 3333 5306 cum
3362 5252 3463 5307 hoc
3486 5251 3679 5321 jejunii

2098 5355 2306 5415 tempus
2338 5345 2502 5399 multa
2541 5344 2693 5400 nobis
2722 5344 2789 5399 ad
2830 5344 2933 5400 hoc
2962 5344 3165 5416 prabet
3184 5344 3439 5399 subsidia.
3474 5342 3606 5397 Nam
3632 5342 3681 5398 si

2097 5438 2166 5493 ita
2203 5437 2376 5493 affecti
2426 5436 2703 5503 fuerimus,
2759 5437 3049 5507 poterimus
3074 5446 3127 5491 et
3147 5449 3334 5507 magna
3385 5434 3680 5489 attentione

2097 5544 2283 5600 preces
2317 5530 2559 5596 fundere,
2580 5528 2963 5585 etconﬁtentes
2986 5537 3199 5599 peccata
3217 5527 3435 5581 multam
3452 5526 3679 5596 gratiam

2094 5639 2321 5695 superne
2346 5624 2610 5679 obtinere.
2639 5623 2703 5678 Et
2727 5632 2785 5678 ut
2807 5623 2986 5678 sciatis
3010 5622 3140 5677 tales
3185 5621 3390 5674 animas
3423 5620 3529 5673 Deo
3569 5616 3680 5687 pla-

2094 5732 2235 5786 cere,
2267 5717 2390 5773 audi
2432 5718 2603 5788 ipsum
2644 5716 2909 5774 dicentem
2940 5732 2953 5772 :
2984 5717 3065 5771 Ad
3088 5732 3233 5785 quem
3259 5714 3548 5784 respiciam,
3576 5710 3677 5765 nisi
