4018 6136
269 336 334 390 ὃῐ
1419 330 1483 384 IN
1523 330 1675 385 CAP.
1719 330 1756 383 1.
1797 329 1852 385 Cl

1960 329 2041 384 25".
2087 329 2309 384 li’UfiilL.
2358 328 2420 384 Χ.
3488 342 3622 444 ὃς.)

1973 445 2114 500 tuale
2143 447 2244 501 hoc
2264 447 2444 502 venire
2463 450 2783 517 convivium,
2807 461 2862 505 et
2888 450 3002 507 hanc
3043 454 3171 521 ipsis
3196 467 3277 510 est
3302 459 3558 516 absentia:
3603 445 3614 549 ξ

1969 553 2126 591 causa
2163 538 2297 592 :sed
2339 540 2554 595 audiant
2585 545 2878 611 sapientem
2909 547 3193 614 quemdam
3241 550 3506 608 dicentem
3541 572 3555 606 :

1971 629 2063 683 Est
2093 633 2321 702 confusio
2349 649 2461 702 quae
2483 634 2674 688 inducit
2701 648 2975 705 peccatum,
3005 648 3052 692 et
3067 650 3144 693 est
3170 646 3399 713 confusio
3443 645 3554 715 glo-
3602 623 3608 649 )

270 457 338 508 ad
368 454 634 517 humilem,
673 461 722 504 et
760 453 1004 522 quietum,
1045 461 1090 506 et
1138 460 1425 504 trementem
1448 467 1700 504 sermones
1727 465 1862 502 meos

272 545 421 617 (fsai.
447 546 536 600 66.
569 545 679 613 2)?
702 543 904 598 ldcirco
929 553 981 598 et
1011 543 1255 598 Christus
1285 544 1352 599 ita
1380 544 1696 612 loquebatur
1727 560 1738 594 :
1773 542 1895 595 Di--

271 641 390 694 seire
417 655 448 691 a
469 654 550 690 me
575 639 694 704 quia
719 637 855 690 mitts
876 653 1010 701 sum,
1033 643 1077 689 et
1100 635 1306 689 Immitis
1333 635 1502 696 corde,
1526 644 1572 687 et
1600 634 1862 687 invenietis

272 731 487 800 requiem
530 729 796 783 animabus
837 729 1014 782 vestris
1041 726 1258 798 (Matth.
1285 729 1371 782 ll.
1419 726 1536 797 29).
1590 727 1720 781 Nam
1771 724 1863 795 qui

270 837 394 876 vere
423 822 663 891 seipsnm
697 820 958 886 humiliat,
983 834 1268 890 numquam
1293 821 1487 889 poterit
1513 820 1587 873 ira
1619 833 1860 872 commo-

269 915 402 981 veri,
436 924 493 970 et
525 915 772 984 proximo
808 929 1149 977 succensere,
1178 914 1353 968 anima
1380 913 1495 982 ejus
1531 913 1584 966 in
1614 911 1693 965 sui
1734 926 1864 964 con-

269 1005 598 1060 sideratione
650 1014 908 1075 occupata
966 1015 1020 1060 et
1071 1005 1208 1058 intra
1263 1005 1492 1074 seipsam
1565 1003 1856 1057 humiliata.

269 1096 458 1151 Anima
487 1106 671 1152 autem
698 1114 814 1167 qua:
841 1099 918 1152 sic
943 1111 1002 1152 se
1034 1097 1213 1162 habet,
1246 1096 1372 1166 quid
1403 1110 1523 1150 esse
1553 1096 1720 1164 possit
1739 1095 1863 1148 bea-

270 1185 373 1244 tibs
387 1190 421 1243 τ’
439 1189 777 1260 Quicumque
800 1191 920 1244 talis
948 1201 1048 1255 est,
1080 1192 1125 1246 is
1158 1199 1311 1259 portu
1337 1192 1592 1245 continuo
1614 1187 1766 1242 sedet
1793 1186 1860 1242 ab

269 1283 412 1336 omni
439 1292 762 1352 tempestate
803 1283 954 1349 liber,
987 1293 1043 1338 et
1069 1283 1367 1338 oblectatur
1400 1285 1454 1337 in
1481 1281 1859 1353 cogitationum

269 1377 674 1446 tranquillitate.
731 1377 853 1432 ldeo
905 1377 1149 1432 Christus
1179 1376 1390 1432 dicebat
1427 1394 1441 1430 :
1491 1375 1560 1428 Et
1605 1374 1863 1429 invenietis

268 1471 488 1539 requiem
516 1468 783 1522 animabus
810 1470 1004 1523 vestris.
1041 1467 1223 1538 Itaque
1267 1469 1402 1523 sicut
1431 1467 1519 1538 qui
1549 1465 1862 1520 affectiones

268 1561 384 1614 illas
409 1562 613 1630 sepivit
639 1562 802 1614 multa
829 1562 1012 1631 requie
1037 1560 1248 1624 fruitur,
1277 1559 1347 1613 ita
1366 1560 1522 1614 deses
1545 1569 1599 1614 et
1617 1557 1857 1625 supinus,

268 1663 319 1707 ct
346 1652 434 1722 qui
455 1653 642 1722 nequit
661 1652 882 1706 affectus
911 1668 1036 1707 suos
1062 1663 1123 1706 ut
1149 1652 1304 1708 decet
1345 1653 1634 1714 moderari,
1662 1666 1857 1722 perpe-

267 1755 358 1797 tuo
387 1744 879 1814 perturbationibus
907 1744 1168 1798 obnoxius
1197 1752 1298 1807 est,
1349 1743 1493 1796 domi
1538 1743 1732 1796 bellum
1766 1741 1877 1793 ha-.

268 1839 376 1903 bet,
418 1840 639 1894 nemine
680 1848 942 1908 pra-sente
973 1838 1234 1904 turbatur,
1285 1846 1338 1892 et
1367 1851 1581 1907 gratem
1609 1836 1860 1890 sustinet

268 1941 642 2000 tempestatem
688 1949 699 1984 :
741 1941 1021 2000 propterea
1064 1930 1311 1984 ﬂuctibus
1356 1945 1415 1984 se
1458 1927 1854 1992 extollentibus,

268 2032 322 2076 et
346 2024 716 2077 exorientibus
772 2023 1033 2076 malorum
1076 2023 1357 2092 Spirituum
1410 2020 1680 2089 procellis,
1713 2035 1858 2087 saepe

268 2114 388 2168 navi
419 2115 491 2168 ob
518 2114 836 2184 imperitiam
859 2115 1228 2184 gubernatoris
1255 2115 1520 2176 demersa,
1553 2113 1710 2166 simul
1742 2113 1857 2180 ipse

266 2211 647 2280 submergitur.
675 2210 902 2265 Proinde
929 2210 1085 2264 decet
1125 2226 1223 2263 nos
1251 2224 1372 2263 esse
1409 2208 1618 2262 sobrios
1652 2216 1706 2260 et
1729 2207 1859 2276 vigi-

269 2304 367 2368 l’es,
426 2315 481 2357 et
524 2314 835 2373 perpetuam
887 2304 1384 2372 indesinentemque
1432 2303 1622 2356 anima)
1659 2311 1857 2354 nostrae

263 2395 678 2450 sollicitudinem
723 2395 938 2449 lnbere.
982 2395 1267 2450 Christiani
1297 2398 1439 2449 enim
1476 2402 1558 2448 est
1602 2393 1856 2447 adversus

263 2487 732 2556 concupiscentias
777 2488 953 2541 carnis
992 2501 1206 2556 semper
1253 2487 1305 2539 in
1351 2487 1464 2540 acie
1495 2494 1658 2549 stare,
1709 2483 1855 2553 leges

265 2580 475 2634 Itemini
503 2581 670 2633 nostri
720 2580 872 2634 nobis
902 2580 1051 2634 datas
1080 2595 1291 2649 semper
1318 2579 1516 2633 habere
1539 2587 1850 2646 praesentes,

265 2685 317 2727 et
351 2674 433 2728 his
461 2675 659 2728 muniri
687 2684 846 2743 atque
878 2675 1017 2727 illius
1044 2673 1320 2728 tolerantia
1345 2688 1449 2726 non
1483 2673 1650 2737 abuti,
1679 2686 1852 2742 neque

263 2775 597 2835 exspectare,
629 2767 800 2821 donec
827 2782 885 2820 re
926 2767 1035 2835 ipsa
1068 2766 1160 2819 ira:
1189 2766 1328 2820 illius
1365 2765 1654 2835 periculum
1695 2765 1855 2817 facia-

265 2875 409 2922 mus,
456 2869 520 2913 ut
545 2869 668 2913 tunc
711 2859 1070 2923 humilirmur,
1110 2866 1166 2911 ut
1211 2873 1278 2912 ne
1314 2866 1369 2911 et
1408 2857 1474 2911 de
1519 2857 1671 2911 nobis
1710 2857 1854 2909 dica-

263 2959 366 3016 tur,
414 2949 546 3002 Cum
590 2949 831 3003 occideret
873 2965 976 3016 eos,
1023 2959 1140 3002 tunc
1178 2949 1490 3017 inquirebant
1529 2965 1640 3001 eum
1671 2946 1850 3020 (Psal.

264 3042 350 3095 π.
383 3043 448 3096 δι
478 3043 526 3114 ).

330 3135 595 3208 Confessio
621 3147 956 3204 peccatorum.
980 3169 1049 3177 —
1075 3137 1203 3193 Cttm
1235 3138 1394 3208 igitur
1416 3136 1724 3208 adjumento
1755 3154 1851 3192 no-

263 3226 342 3281 bis
369 3245 515 3283 nunc
529 3229 804 3298 sitjcjunii
836 3239 1066 3299 tempus,
1095 3230 1377 3294 carissimi,
1402 3244 1590 3285 omnes
1618 3230 1684 3284 ad
1715 3245 1849 3284 con-

260 3321 550 3377 fessionem
604 3333 940 3392 peccatorum
989 3333 1289 3378 nostrorum
1333 3323 1662 3388 festinemus,
1705 3323 1851 3378 etab

262 3416 402 3468 omni
426 3415 630 3468 malitia
650 3415 996 3481 abstinentes,
1021 3430 1364 3470 exerceamus
1389 3416 1613 3470 virtutes
1637 3429 1845 3469 omnes.

262 3504 388 3558 Nam
412 3507 494 3561 sic
514 3517 568 3561 et
594 3507 780 3561 beatus
817 3507 1073 3577 propheta
1107 3507 1266 3561 David
1315 3507 1474 3562 docet
1513 3507 1595 3562 his
1623 3507 1802 3561 verbis
1831 3526 1844 3561 :

265 3595 478 3652 Declina
507 3615 538 3651 a
569 3599 723 3663 malo,
751 3608 796 3652 et
824 3599 906 3667 [ac
931 3598 1114 3652 bonum
1160 3599 1327 3672 (Psal.
1356 3600 1450 3655 '56.
1475 3600 1586 3670 27).
1620 3599 1771 3665 Quod
1801 3600 1847 3654 si

263 3690 313 3742 in
349 3691 495 3745 hunc
526 3692 741 3746 modum
765 3693 924 3746 vitam
951 3702 1186 3747 nostram
1215 3693 1620 3760 instituerimus,
1644 3704 1697 3748 et
1726 3693 1850 3747 abs-

262 3785 501 3839 tinentia:
535 3786 771 3838 ciborum
794 3787 1214 3841 abstinentiama
1243 3788 1384 3840 vitiis
1419 3786 1843 3854 adjunxerimns,

263 3877 558 3941 poterimus
581 3886 632 3930 et
664 3892 763 3930 nos
793 3878 978 3945 majm-i
1009 3878 1195 3932 fiducia
1226 3879 1348 3946 frui,
1389 3888 1441 3933 et
1483 3878 1785 3933 uberiorem
1815 3894 1844 3932 a

263 3965 371 4020 Deo
397 3968 776 4038 benignitatem
815 3970 1054 4025 obtinere
1093 3982 1145 4025 et
1173 3973 1225 4026 in
1276 3972 1522 4040 priesenti
1555 3973 1680 4036 vita,
1710 3981 1763 4028 et
1792 3973 1845 4027 in

264 4059 438 4112 futuro
461 4061 551 4113 illo
591 4060 678 4115 die
718 4063 959 4130 terribili,
995 4064 1242 4134 precibus
1271 4073 1326 4119 et
1377 4066 1845 4120 intercessionibus

264 4165 445 4205 eorum
477 4153 564 4220 qui
597 4153 694 4222 ipsi
739 4155 968 4208 maxime
1016 4157 1325 4223 placuerunt
1369 4175 1382 4209 :
1413 4158 1580 4227 gratia
1613 4166 1665 4212 et
1693 4158 1844 4213 beni-

265 4244 461 4310 gnitate
515 4244 723 4299 Domini
766 4246 929 4299 nosu-i
957 4246 1082 4301 Jesu
1121 4245 1336 4313 Christi,
1391 4264 1510 4302 cum
1555 4265 1662 4319 quo
1702 4249 1842 4305 Patri

266 4334 419 4389 simul
450 4345 503 4391 et
523 4335 738 4404 Spiritui
756 4347 941 4393 sancto
959 4340 1027 4392 sit
1048 4340 1234 4409 gloria,
1284 4339 1584 4410 imperium,
1625 4344 1796 4396 honor
1823 4385 1838 4409 ,

269 4439 403 4483 nunc
443 4438 495 4483 et
548 4443 781 4498 semper,
832 4440 886 4485 et
936 4431 988 4484 in
1039 4433 1233 4488 saecula
1261 4433 1600 4488 smcnlorum.
1641 4436 1836 4489 Amen.

858 4609 1135 4666 HOMILIA
1187 4611 1250 4666 X.

271 4781 570 4839 Exhortatio
592 4784 656 4838 ad
685 4800 776 4840 eos
803 4801 936 4856 quos
962 4787 1120 4856 pudet
1141 4798 1261 4857 post
1278 4788 1453 4843 cibum
1469 4799 1735 4859 sumptum
1756 4806 1844 4845 ac-

334 4877 522 4930 cedere
561 4876 624 4930 ad
666 4878 976 4933 concionem
1007 4880 1384 4948 vespertinam,
1408 4891 1461 4934 et
1501 4881 1552 4934 in
1583 4882 1841 4952 reliquum

333 4977 532 5021 textum
579 4977 716 5037 post,
747 4967 1019 5023 Faciamus
1066 4970 1314 5024 hominem
1360 4971 1634 5026 secundum
1664 4975 1844 5043 imagi-

333 5077 444 5112 nem
473 5071 716 5126 nostram,
760 5069 806 5113 et
835 5062 1109 5114 secundum
1160 5061 1535 5117 similitudinem
1583 5065 1734 5134 (Gen.
1788 5067 1840 5120 1.

332 5153 463 5224 26);
495 5164 548 5207 et
576 5155 642 5208 de
675 5155 752 5209 his
774 5155 971 5217 verbis,
1014 5154 1082 5209 Et
1125 5157 1241 5225 fecit
1267 5157 1399 5211 Deus
1439 5157 1732 5221 hominem;
1759 5176 1839 5212 se-

331 5245 547 5298 cundum
590 5247 859 5316 imaginem
915 5245 1006 5300 Dei
1056 5249 1174 5317 fecit
1227 5249 1416 5316 illum;
1468 5251 1748 5304 masculum
1793 5261 1839 5304 et

330 5338 570 5407 [entinam
597 5338 711 5406 fecit
735 5338 848 5392 illos
866 5336 972 5410 (Ib.
1004 5353 1052 5393 tt.
1079 5339 1202 5408 27).

330 5539 381 5592 l.
406 5539 578 5592 Minor
597 5538 755 5594 hodie
783 5541 937 5595 nobis
963 5550 1254 5595 conventus
1271 5541 1456 5608 adest,
1485 5551 1538 5596 et
1565 5544 1844 5612 angustius

265 5630 634 5687 confluentium
651 5632 934 5687 theatrum.
958 5633 1086 5701 Cur,
1099 5643 1152 5688 et
1171 5649 1272 5704 qua
1297 5634 1361 5688 de
1373 5649 1528 5689 causa
1546 5637 1568 5689 ?
1582 5636 1845 5693 Fortassis

262 5722 413 5795 aliqui
441 5725 767 5783 crubuerunt
791 5769 808 5798 ,
833 5736 954 5799 post
978 5729 1280 5786 sensibilem
1319 5744 1557 5786 mensam
1599 5730 1663 5786 ad
1691 5730 1844 5802 spiri-

1969 725 2047 777 ria
2071 735 2118 779 et
2141 727 2306 796 gratia
2333 726 2522 796 (Eccli.
2543 729 2596 783 4.
2615 729 2726 800 25).
2748 731 2862 786 Non
2880 741 2960 786 est
2979 733 3292 790 confusione
3311 736 3555 806 dignum,

1969 837 2092 876 eum
2124 823 2214 891 qui
2234 825 2529 893 corporalis
2571 843 2770 882 mensa}
2821 831 3086 901 particeps
3116 833 3234 902 fuit,
3277 835 3345 890 ad
3392 837 3553 906 δρία-ιη

1969 913 2110 968 tuale
2151 917 2452 970 convivium
2494 918 2693 973 venire.
2725 924 2857 977 Non
2891 923 3031 976 enim
3063 934 3120 977 ut
3149 925 3392 981 humanae
3444 945 3562 990 res.

1973 1005 2043 1058 ita
2071 1015 2125 1060 et
2153 1008 2457 1075 spirituales
2483 1010 2718 1066 delinitis
2749 1014 3074 1082 temporibus
3118 1015 3382 1072 distincta:
3410 1031 3556 1075 sum.
3626 1059 3628 1064 ι

1969 1096 2214 1151 Sermoni
2260 1101 2402 1152 enim
2431 1101 2690 1169 spirituali
2721 1119 2879 1158 omne
2917 1106 3022 1160 diei
3057 1115 3265 1178 tempus
3306 1110 3555 1166 idoneum

1968 1187 2144 1254 fuerit,
2177 1199 2228 1244 et
2250 1191 2373 1260 quid
2395 1192 2515 1246 dico
2529 1193 2633 1247 diei
2661 1196 3097 1268 tempus?Neque
3118 1201 3161 1252 si
3190 1216 3294 1253 nox
3321 1202 3552 1272 ingruat,

1968 1281 2295 1349 spiritualem
2333 1283 2627 1340 doctrinam
2661 1287 2900 1356 impedit.
2949 1289 3240 1359 Propterea.
3281 1303 3334 1347 et
3372 1295 3547 1349 Timo-

1968 1373 2096 1429 theo
2137 1374 2250 1430 hare
2297 1377 2560 1432 scribebat
2604 1379 2798 1434 Paulus
2855 1399 2868 1434 :
2921 1380 3068 1435 Iusta
3114 1394 3412 1453 opportune,
3453 1385 3554 1437 inr-

1969 1475 2182 1535 portune
2208 1484 2227 1522 :
2248 1485 2424 1539 argue,
2475 1470 2701 1541 increpa,
2735 1473 2935 1526 obsecra
2967 1476 3043 1544 (2.
3080 1474 3210 1529 Tim.
3265 1479 3318 1531 4.
3376 1478 3453 1546 2).
3487 1479 3561 1532 Et

1969 1559 2159 1613 iterum
2205 1561 2326 1614 audi
2380 1562 2590 1616 beatum
2644 1563 2841 1619 Lucam
2899 1565 3164 1622 dicentem
3214 1587 3226 1620 :
3290 1567 3553 1624 Discessu-

1966 1669 2052 1705 rus
2078 1654 2317 1707 crastino.
2339 1653 2537 1709 Paulus
2561 1673 2592 1708 a
2625 1657 2839 1722 Troade,
2874 1659 3142 1713 disserebat
3170 1661 3259 1724 eis,
3291 1669 3338 1715 et
3361 1677 3552 1715 sermo-

1967 1759 2078 1795 nem
2117 1745 2356 1813 produxit
2398 1763 2552 1817 usque
2579 1749 2646 1800 ad
2673 1749 2889 1803 mediam
2929 1761 3122 1804 noctem
3175 1750 3308 1823 (Act.
3336 1753 3427 1806 20.
3457 1752 3550 1820 7).

1965 1833 2228 1906 Numquid
2267 1847 2474 1907 tempus
2502 1839 2714 1894 obfuit?
2744 1841 2846 1908 dic,
2898 1857 3112 1910 quaeso;
3146 1860 3270 1896 num
3295 1843 3552 1899 doctrina:

1965 1941 2269 1982 sermonem
2325 1930 2602 1999 praecidit?
2666 1932 2902 2001 Vigilans
2954 1943 3010 1987 et
3060 1943 3294 1988 attentus
3343 1934 3552 1988 auditor

1964 2019 2122 2074 etiam
2155 2036 2399 2089 pransus,
2447 2023 2550 2079 hoc
2596 2026 2855 2094 spirituali
2901 2036 3165 2081 conventu
3211 2027 3401 2097 dignus
3427 2039 3547 2088 est:

1966 2112 2185 2182 parique
2213 2114 2376 2168 modo
2404 2115 2625 2184 supinus
2649 2126 2703 2170 et
2729 2117 2903 2182 deses,
2953 2119 3163 2173 etiamsi
3185 2117 3403 2189 jejunus
3428 2135 3550 2189 per-

1963 2213 2196 2271 maneat,
2227 2205 2356 2259 nihil
2384 2206 2504 2261 inde
2535 2208 2775 2263 utilitatis
2801 2209 2998 2279 capiet.

2034 2294 2116 2348 Ad
2161 2295 2448 2363 spiritualia
2495 2298 2746 2368 quomodo
2785 2299 3143 2353 accedendum.
3189 2329 3265 2341 —
3314 2301 3380 2355 Et
3431 2301 3546 2355 haec

1963 2386 2103 2452 dico,
2151 2403 2255 2442 non
2309 2397 2366 2442 ut
2410 2390 2597 2458 jejunii
2645 2390 2872 2460 rigorem
2913 2391 3152 2450 solvam;
3197 2391 3372 2455 absit;
3425 2407 3542 2445 nam

1962 2481 2186 2534 multum
2229 2480 2386 2536 laudo
2415 2484 2688 2552 proboque
2705 2483 3007 2552 jejunantes
3040 2503 3053 2538 :
3083 2484 3179 2539 sed
3212 2493 3268 2538 ut
3296 2484 3536 2549 doceam,

1961 2571 2141 2626 sobrio
2169 2573 2398 2642 quodam
2434 2577 2633 2641 animo,
2685 2591 2789 2628 non
2833 2577 3240 2643 consuetudine,
3298 2577 3364 2632 ad
3391 2579 3550 2646 spiri-

1962 2663 2120 2717 tualia
2150 2679 2270 2719 esse
2296 2665 2674 2720 accedendum.
2701 2666 2816 2720 Non
2843 2668 2984 2722 enim
3015 2678 3168 2736 turpe
3214 2669 3390 2735 fuerit,
3421 2685 3542 2724 eum

1959 2755 2049 2824 qui
2076 2757 2252 2811 cibum
2283 2770 2436 2813 antea
2481 2760 2704 2828 accepit,
2733 2759 2919 2814 adesse
2957 2762 3216 2828 spirituali
3267 2762 3551 2830 doctrinm,

1959 2847 2051 2900 sed
2080 2847 2271 2916 ignavo
2298 2852 2478 2904 animo
2505 2851 2714 2914 adesse,
2748 2863 2800 2906 et
2837 2852 2916 2905 ab.
2945 2852 3312 2909 affectionibus
3340 2857 3548 2922 vexari,

1958 2950 2013 2995 et
2036 2941 2210 2996 carnis
2234 2942 2478 2998 lascivias
2509 2943 2522 2973 ’
2554 2960 2660 2998 non
2689 2946 3061 3013 comprimere.
3091 2945 3204 2999 Non
3235 2948 3430 3000 malum
3461 2959 3544 2999 est

1956 3033 2266 3100 comedere;
2299 3034 2468 3089 absit:
2502 3035 2597 3090 sed
2643 3037 2764 3104 gula
2809 3036 3059 3090 damnosa
3090 3046 3192 3102 est,
3241 3047 3294 3093 et
3336 3038 3546 3108 impleti

1958 3124 2077 3193 plus
2106 3139 2264 3194 quam
2306 3126 2456 3188 satis,
2489 3141 2552 3180 ac
2577 3125 2916 3196 disrumpere
2963 3137 3203 3182 ventrem
3259 3147 3272 3182 :
3321 3129 3370 3182 id
3399 3129 3538 3198 (μιθὰ

1957 3215 2122 3282 ipsam
2142 3217 2299 3269 etiam
2327 3216 2491 3283 illam,
2511 3232 2628 3287 qua:
2655 3233 2718 3272 ex
2739 3219 2857 3272 cibo
2875 3219 3056 3274 haberi
3081 3228 3273 3288 potest,
3299 3220 3545 3291 volupta-

1958 3318 2060 3362 tem
2093 3307 2346 3375 offendit;
2376 3311 2825 3380 quemadmodum
2875 3313 3004 3366 nihil
3047 3314 3168 3366 mali
3219 3323 3321 3378 est,
3356 3314 3538 3368 viuum

1956 3403 2019 3455 ad
2061 3416 2363 3457 mensuram
2393 3402 2594 3467 bibere,
2624 3403 2718 3457 sed
2755 3404 2996 3458 ebrietati
3047 3419 3106 3458 se
3132 3404 3346 3468 dedere,
3379 3415 3434 3459 et
3460 3405 3542 3458 iu-

1955 3496 2302 3564 temperantia
2348 3495 2604 3563 judicium
2653 3497 2874 3551 rationis
2918 3497 3244 3551 subvertere.
3288 3498 3535 3562 Etenim,

1955 3587 2178 3654 dilecte,
2207 3587 2250 3640 si
2277 3586 2347 3641 ob
2375 3587 2615 3656 corporis
2644 3587 3058 3642 imbecillitatem
3091 3603 3194 3641 non
3223 3599 3374 3657 potes
3395 3588 3536 3658 jeju-

1953 3694 2053 3734 nus
2081 3678 2220 3733 diem
2245 3678 2558 3746 producere,
2591 3679 2769 3732 nullus
2795 3680 2881 3747 qui
2909 3681 3080 3749 sapiat
3109 3691 3324 3749 prepter
3354 3681 3455 3736 hoc
3487 3693 3538 3738 te

1952 3785 2174 3839 arguere
2204 3769 2414 3838 poterit.
2439 3770 2718 3823 Dominum
2746 3770 2888 3824 enim
2920 3770 3176 3824 habemus
3197 3782 3532 3826 mansuetum

1952 3878 2014 3918 ac
2035 3863 2338 3933 benignum,
2365 3862 2571 3916 etnihil
2603 3879 2760 3932 supra
2787 3865 2928 3918 vires
2956 3872 3165 3919 nostras
3187 3879 3217 3918 a
3249 3865 3402 3918 nobis
3421 3865 3536 3918 exi-

1950 3967 2181 4027 gentem.
2212 3957 2393 4026 Neque
2419 3958 2560 4014 euim
2608 3959 2981 4014 abstinentiam
3009 3975 3037 4013 a
3067 3959 3199 4014 cibis
3226 3969 3279 4014 et
3304 3959 3536 4014 inediam

1950 4049 2262 4117 simpliciter
2285 4065 2320 4104 π
2343 4051 2498 4105 nobis
2518 4050 2702 4122 exigit,
2737 4067 2908 4122 neque
2933 4051 3034 4106 hoc
3060 4052 3252 4121 ipsum,
3287 4061 3346 4106 ttt
3366 4053 3535 4121 jejuni

1952 4140 2286 4194 solummodo
2313 4157 2736 4210 permaneanttts,
2767 4143 2860 4197 sed
2901 4153 3007 4196 uta
3034 4144 3374 4198 saecularibus
3403 4158 3534 4213 ope-

1950 4233 2098 4288 ribus
2129 4249 2224 4288 nos
2249 4233 2580 4303 abdicantes,
2611 4251 2771 4290 onme
2806 4246 3044 4291 nostrum
3076 4237 3240 4290 otium
3273 4239 3326 4291 in
3378 4239 3533 4306 spiri-

1949 4324 2180 4381 tualibus
2219 4341 2612 4382 consutnomus.
2669 4327 2798 4382 Nam
2845 4330 2887 4385 si
2939 4330 3113 4384 sobria
3164 4340 3340 4385 mente
3371 4331 3528 4385 vitam

1949 4425 2183 4471 nostram
2215 4419 2639 4480 institueremns,
2657 4429 2711 4474 et
2739 4419 2994 4490 quidquid
3018 4422 3112 4475 otii
3139 4420 3317 4488 datur,
3343 4422 3394 4474 in
3422 4423 3534 4491 spi-

1949 4509 2154 4562 ritualia
2181 4509 2611 4578 impenderemus
2644 4528 2656 4564 :
2688 4518 2744 4565 et
2772 4512 2920 4565 cibos
2969 4513 3039 4567 ita
3084 4529 3441 4580 sumeremus,
3477 4525 3533 4568 ut

1950 4612 2153 4656 tantum
2206 4618 2560 4670 sumeremus,
2604 4613 2860 4673 quantum
2911 4621 3039 4660 usus
3077 4607 3264 4676 exigit,
3295 4617 3347 4661 cl
3367 4607 3529 4661 vitam

1951 4703 2114 4748 totam
2167 4694 2222 4748 in
2261 4693 2412 4748 bonis
2432 4695 2683 4765 operibus
2728 4695 3182 4766 dispensaremus,
3225 4698 3334 4766 jam
3387 4698 3533 4750 milio

1949 4801 2082 4855 opus
2129 4797 2270 4840 esset
2313 4801 2379 4841 ex
2416 4787 2633 4856 jejuniis
2677 4788 3004 4858 adjumento.
3058 4788 3162 4844 Sed
3209 4789 3332 4856 quia
3364 4789 3532 4856 negli-

1948 4894 2077 4949 gens
2124 4889 2208 4934 est
2231 4879 2458 4934 humana
2496 4891 2705 4946 natura,
2759 4892 2812 4936 et
2851 4882 3054 4936 deliciis
3089 4881 3314 4950 gaudet,
3371 4887 3423 4934 et
3448 4893 3530 4932 re-

1951 4972 2244 5027 laxationes
2270 4974 2460 5042 quaerit
2487 4992 2499 5026 :
2530 4973 2728 5027 idcirco
2755 4983 3021 5040 tamquam
3049 4971 3114 5023 ad
3145 4985 3381 5024 amorem
3405 4985 3531 5038 pro-

1951 5063 2014 5116 Iis
2045 5078 2342 5132 propensus
2365 5072 2513 5132 pater
2531 5063 2770 5116 clemens
2798 5060 3050 5114 Dominus
3075 5059 3222 5114 hanc
3240 5075 3305 5113 ex
3331 5056 3534 5130 jejunio

1949 5154 2264 5209 medicinam
2293 5153 2628 5224 excogitavit,
2660 5160 2718 5205 ut
2747 5161 2799 5206 ct
2822 5150 3044 5204 delicata
3075 5167 3105 5204 e
3143 5150 3317 5205 medio
3339 5152 3532 5205 tollan-

1951 5256 2035 5301 tur
2061 5256 2116 5302 et
2135 5247 2469 5301 smcularium
2497 5261 2676 5299 curam
2696 5244 2762 5298 ad
2791 5243 3084 5313 spiritualia
3113 5258 3274 5312 opera
3297 5243 3527 5298 transfe-

1950 5355 2148 5395 ramus.
2177 5339 2232 5394 Si
2255 5339 2413 5408 igitur
2434 5349 2559 5393 sunt
2588 5336 2748 5408 aliqui
2779 5344 3089 5406 prmsentes,
3123 5351 3259 5406 quos
3286 5336 3529 5405 corporis

1947 5441 2091 5486 vetat
2113 5431 2394 5484 infirmitas
2413 5430 2625 5500 jejunos
2653 5429 2703 5482 et
2739 5429 3037 5499 impransos
3081 5442 3413 5498 permanere,
3439 5438 3529 5479 eos

1947 5522 2134 5577 hortor
2179 5529 2233 5575 ut
2260 5521 2498 5592 corporis
2534 5520 2892 5576 infirmitatem
2939 5528 3148 5584 curent,
3176 5528 3231 5574 et
3270 5515 3527 5588 Spirituali

2014 5680 2029 5710 ¹
2067 5685 2347 5744 διοίοιιιηρε,
2391 5689 2569 5741 prteter
2594 5679 2752 5732 Morel.
2778 5679 2860 5744 qui
2894 5677 3063 5739 habet,
3105 5674 3352 5727 libidinum
3390 5668 3534 5720 luscis

1948 5741 2063 5800 t't'as,
2090 5743 2246 5791 minus
2269 5748 2424 5793 recte.
