4018 6136
433 355 502 410 83
1175 347 1230 402 S.
1270 346 1544 405 .IOANNIS
1565 340 2036 401 CIIRYSOSTOMI
2077 339 2395 406 ARCIII‘EI’.
2436 339 2965 396 CONSTANTINOP.
3640 343 3712 399 84

430 470 532 522 hac
554 464 790 520 doctrina
821 477 924 517 non
963 460 1134 516 solum
1165 475 1272 514 non
1309 459 1606 531 priventur,
1634 457 1800 513 sedet
1820 456 1999 528 pransi

433 560 551 627 plus
579 557 862 612 exhibeant
884 554 1066 609 studii.

501 651 558 703 Ξ.
594 647 701 701 Vite
756 646 966 700 diversa:
1020 645 1202 717 quibus
1255 645 1350 698 Dei
1389 643 1727 698 benevolemia
1794 640 2016 710 acquiri-

428 753 528 793 tur.
561 769 634 780 —-
657 738 984 803 Suntenim,
1029 747 1154 793 sunt
1185 736 1425 807 profecto
1450 736 1549 790 viae
1595 734 1787 805 quibus
1815 731 2018 787 fiduciae

425 834 492 888 ad
529 835 692 890 Deum
715 833 892 903 janua:
912 832 1105 902 aperiri
1138 840 1381 900 possunt,
1413 829 1586 884 multo
1607 827 1839 896 majores
1859 840 2016 896 quam

428 927 670 982 ciborum
698 925 1040 980 abstinentia.
1076 923 1234 994 Igitur
1261 923 1348 992 qui
1388 922 1562 976 cibum
1590 919 1783 988 accipit
1805 917 2019 986 etjeju—

432 1034 563 1071 nare
608 1032 713 1069 non
743 1017 902 1078 valet,
935 1015 1215 1086 largiorem
1247 1013 1338 1068 det
1364 1013 1782 1081 eleemosynam,
1813 1009 2022 1063 ferven-

430 1113 533 1164 tior
564 1098 716 1164 sibin
747 1109 1010 1178 precibus,
1068 1107 1323 1176 majorem
1360 1106 1554 1161 habeat
1592 1105 1920 1159 alacritatem
1966 1101 2020 1156 in

430 1202 714 1257 audiendis
730 1201 923 1256 divinis
949 1199 1196 1270 eloquiis,
1218 1200 1268 1252 in
1284 1198 1474 1269 quibus
1485 1197 1725 1266 corporis
1745 1193 2024 1249 inﬁrmitas

433 1294 566 1346 nihil
619 1292 832 1348 obstare
885 1301 1060 1361 potest
1091 1309 1102 1342 :
1137 1291 1364 1345 inimicis
1402 1287 1774 1344 reconcilietur
1797 1326 1814 1351 ,
1861 1299 2022 1340 omne

433 1384 614 1438 odium
643 1394 694 1438 et
729 1381 972 1436 vindicta:
997 1380 1339 1450 cupiditatem
1379 1378 1642 1434 exanimo
1678 1377 1934 1433 eliminet.
1966 1375 2023 1430 Si

438 1477 552 1530 haec
577 1475 778 1539 fecerit,
808 1489 990 1528 verum
1026 1471 1588 1543 jejunavitjejunium,
1640 1468 1782 1541 quod
1809 1483 1838 1522 a
1869 1468 2023 1524 nobs

443 1566 777 1638 potissimum
805 1566 1045 1636 exposcit
1064 1564 1340 1620 Dominus.
1363 1564 1648 1632 Propterea
1665 1561 1807 1617 enim
1835 1559 1974 1615 hanc
1992 1575 2024 1614 a

438 1659 574 1713 cibis
598 1658 973 1713 abstinentiam
1004 1656 1246 1712 adhiberi
1288 1654 1550 1726 prmcipit,
1586 1661 1649 1709 ut
1690 1651 2023 1708 refrenantes

437 1751 615 1803 carnis
646 1749 910 1815 lascivias,
938 1763 1056 1803 eam
1077 1748 1460 1817 obsequentem
1482 1743 1770 1800 reddamus
1789 1742 1856 1797 ad
1873 1757 2025 1797 man-

437 1838 686 1894 data'Dei
713 1838 1001 1908 implenda.
1029 1838 1180 1905 Quod
1207 1837 1253 1892 si
1278 1838 1348 1892 ob
1378 1835 1745 1890 infirmitatem
1783 1835 2025 1904 corporis

436 1931 728 1986 subsidium
753 1931 872 1997 hoe,
902 1931 1042 2001 quod
1061 1930 1324 2000 jejunium
1351 1936 1568 1999 prcestat
1587 1925 1742 1982 nobis
1770 1924 2026 1981 adhibere

437 2025 704 2090 nolumus,
731 2033 785 2078 et
812 2023 1031 2078 desidia:
1059 2021 1350 2077 deditiores
1380 2035 1584 2085 sumus,
1611 2019 1841 2074 maxima
1870 2017 2024 2074 nobis

437 2115 570 2185 ipsis
591 2115 784 2169 damna
813 2114 1178 2184 imprudentes
1201 2113 1491 2168 offerimus.
1514 2110 1646 2165 Nam
1671 2111 1716 2164 si
1735 2109 2019 2180 jejunium,

438 2207 750 2262 absentibus
775 2207 893 2261 aliis
920 2206 1185 2276 praedictis
1212 2205 1488 2275 operibus,
1515 2201 1651 2258 nihil
1684 2201 1838 2257 nobis
1863 2199 2025 2270 prod-

439 2308 546 2366 est,
578 2301 744 2354 multo
781 2301 969 2370 magis,
995 2300 1040 2354 si
1071 2299 1399 2368 cumjejunii
1445 2297 1736 2368 pbarmaco
1783 2296 1858 2350 uti
1914 2310 2022 2349 non

442 2390 746 2460 possimus,
804 2390 1103 2460 graviorem
1171 2389 1546 2460 negligentiam
1603 2387 2019 2443 cxhibuerimus.

441 2480 570 2536 llaec
595 2490 772 2536 autem
799 2495 918 2536 eum
944 2496 974 2535 a
1004 2481 1162 2537 nobis
1205 2481 1520 2548 didiceritis,
1550 2495 1766 2535 oramus
1794 2494 1911 2546 vos,
1933 2480 2024 2550 qui

438 2573 682 2643 jejunare
706 2575 911 2640 valetis,
938 2583 996 2629 ut
1016 2576 1116 2646 ipsi
1141 2583 1396 2646 quantum
1436 2575 1700 2645 poteritis,
1745 2575 1938 2630 bonam
1966 2583 2024 2631 et

443 2665 764 2719 laudabilem
789 2665 926 2720 hanc
946 2675 1176 2722 vestram
1189 2666 1428 2736 augeatis
1443 2666 1794 2736 diligentiam.
1823 2666 2025 2733 Quanto

441 2755 586 2810 enim
620 2769 856 2810 externus
897 2768 1065 2812 noster
1093 2758 1242 2812 homo
1273 2758 1633 2829 corrumpitur,
1681 2767 1822 2812 tanto
1872 2759 2027 2814 inter-

442 2863 538 2900 nus
564 2858 834 2902 renovatur
860 2849 936 2914 (‘2.
968 2849 1088 2904 Cor.
1119 2851 1175 2904 4.
1199 2849 1324 2920 l6).
1347 2848 1616 2920 Jejunium
1649 2849 1790 2904 enim
1831 2863 2025 2919 corpus

441 2937 762 3007 comprimit,
787 2947 842 2993 et
870 2939 1111 2994 lascivias
1138 2939 1468 2994 inordinatus
1492 2941 1748 3005 refrenat,
1779 2940 2014 2995 animam

443 3037 621 3083 autem
656 3029 936 3084 clariorem
965 3030 1148 3095 efﬁcit,
1181 3031 1281 3084 alis
1310 3031 1524 3085 instruit
1553 3039 1606 3085 et
1634 3026 1919 3085 sublimem
1947 3031 2024 3085 le-

441 3135 671 3190 vemque
719 3119 863 3174 facit.
894 3119 1109 3175 Fratres
1139 3135 1354 3190 quoque
1395 3128 1623 3188 vestros,
1671 3129 1931 3190 quotquot
1956 3121 2026 3175 ob

443 3212 682 3280 corporis
705 3210 1060 3265 valetudinem
1077 3211 1320 3280 jejunare
1337 3221 1624 3281 nequeunt,
1647 3212 2022 3278 exhortcmini,

445 3316 514 3355 ne
555 3301 883 3370 spiritualem
916 3303 1051 3356 hanc
1081 3317 1320 3356 mensam
1363 3301 1686 3371 relinquant,
1713 3313 1768 3357 et
1797 3303 1861 3357 ad
1907 3303 2025 3358 illos

446 3391 640 3447 referte
665 3407 783 3461 qua:
807 3407 836 3446 a
883 3391 1037 3446 nobis
1075 3393 1372 3448 didiceritis
1396 3435 1412 3460 ,
1457 3393 1750 3450 indicantes
1773 3409 1894 3450 eum
1934 3395 2025 3465 qui

446 3480 720 3535 moderate
747 3481 980 3536 comedit
1005 3490 1059 3536 et
1079 3480 1212 3536 bibit
1239 3497 1342 3536 non
1381 3482 1652 3552 indignum
1679 3482 1780 3539 hoc
1819 3484 2026 3540 audito-

446 3573 528 3626 rio
546 3587 684 3637 esse,
713 3573 806 3627 sed
822 3588 943 3628 eum
960 3574 1050 3642 qui
1088 3573 1243 3629 deses
1266 3583 1319 3630 et
1343 3574 1628 3629 dissolutus
1657 3576 1746 3628 sit.
1777 3575 1847 3630 Et
1866 3577 2024 3633 dicite

444 3665 560 3718 eis‘
589 3665 942 3736 apostolicum
967 3666 1069 3721 hoc
1109 3666 1311 3721 dictum
1345 3684 1358 3720 :
1388 3665 1456 3721 Et
1485 3668 1570 3737 qui
1590 3668 1881 3733 manducet,
1911 3669 2023 3725 Do-

443 3755 580 3808 mino
625 3755 895 3811 manducet
948 3773 969 3814 .'
1010 3767 1057 3811 et
1082 3758 1168 3828 qui
1197 3775 1298 3812 non
1320 3758 1614 3824 manducat,
1659 3758 1876 3816 Domino
1921 3779 2024 3817 non

441 3848 733 3914 numtlucat,
765 3858 812 3903 et
857 3852 1051 3920 gratias
1076 3851 1181 3921 agit
1230 3849 1335 3904 Deo
1378 3849 1553 3922 (Rom.
1593 3851 1677 3906 14.
1722 3852 1814 3922 6).
1865 3853 2024 3923 Igitur

440 3939 530 4007 qui
550 3938 774 4009 jejunat,
801 3941 998 4010 gratias
1017 3942 1125 4011 agit
1157 3941 1401 4005 Domino,
1432 3941 1522 4010 qui
1555 3941 1698 3996 vires
1743 3943 1792 3997 ei
1839 3943 2023 3998 tribuit

441 4029 512 4083 ad
552 4027 808 4085 ferendos
845 4030 1036 4100 jejunii
1069 4031 1280 4085 labores
1313 4047 1327 4082 :
1373 4039 1425 4084 et
1454 4033 1542 4100 qui
1573 4032 1872 4100 manducat,
1920 4035 2020 4089 ite-

442 4135 560 4174 rum
587 4122 785 4190 gratias
812 4121 921 4190 agit
961 4122 1090 4185 Deo,
1119 4121 1242 4191 quia
1265 4121 1315 4175 id
1347 4122 1478 4175 nihil
1504 4124 1674 4191 ipsum
1699 4125 1893 4180 laedere
1925 4141 2020 4195 po-

440 4217 568 4274 test,
603 4210 886 4278 quominus
911 4209 1103 4263 anima:
1146 4210 1370 4264 salutem
1393 4221 1532 4281 agat.
1557 4213 1718 4267 modo
1746 4215 1892 4269 velit.
1920 4215 2022 4270 Tot

439 4298 587 4353 enim
615 4299 768 4352 nobis
799 4298 910 4352 vias
961 4300 1164 4368 paravit
1205 4299 1465 4370 benignus
1513 4301 1674 4367 Deus,
1701 4315 1833 4374 quot
1865 4321 2020 4360 enar-

437 4403 562 4444 rare
597 4405 704 4468 non
734 4403 1036 4460 possumus,
1074 4405 1169 4462 per
1209 4407 1372 4463 quas,
1404 4393 1450 4449 si
1481 4395 1828 4462 voluerimus,
1868 4413 2018 4452 sum-

438 4495 584 4536 mam
621 4481 867 4538 fiduciam
903 4485 1112 4554 assequi
1154 4485 1297 4540 licet.
1337 4485 1460 4541 Ilaec
1513 4497 1727 4557 propter
1771 4489 2020 4546 absentes

439 4571 641 4628 dixisse
661 4574 725 4628 sit
757 4575 907 4641 satis,
940 4585 999 4631 ut
1035 4577 1250 4632 tollatur
1293 4577 1371 4632 eis
1412 4580 1632 4648 pudoris
1663 4581 1932 4644 obtentus,
1966 4593 2020 4638 et

437 4664 658 4734 sciatur,
687 4681 791 4721 non
835 4677 1084 4737 oportere
1112 4678 1331 4739 propter
1359 4669 1460 4724 hoc
1489 4671 1692 4740 pudore
1745 4673 1974 4729 sufl‘undi
2004 4694 2017 4730 :

436 4771 615 4829 neque
651 4759 792 4814 enim
838 4759 1137 4816 comedisse
1184 4761 1446 4830 pudorem
1495 4765 1649 4819 nobis
1700 4765 1872 4834 affert,
1923 4769 2018 4823 sed

434 4849 562 4906 mali
591 4851 860 4924 quidpiam
889 4852 1081 4925 egisse.

507 4940 612 4996 Con
617 4943 770 5014 fessio
794 4954 1132 5014 peccatorum.
1151 4942 1506 5014 Temperantia
1524 4947 1592 4999 ad
1616 4947 1876 5003 sanitatem
1893 4967 2016 5004 con-

436 5034 594 5087 ducit.
617 5064 691 5075 —
721 5035 999 5092 Peccatum
1043 5052 1231 5108 magna
1262 5038 1531 5108 turpitudo
1557 5048 1639 5094 est
1664 5059 1677 5094 :
1717 5041 1760 5095 si
1792 5041 1892 5098 hoc
1918 5045 2015 5100 ad-

438 5125 718 5191 mittimus,
750 5141 854 5182 non
882 5129 1054 5183 solum
1080 5130 1395 5184 erubescere
1419 5129 1695 5196 debemus,
1725 5133 1818 5188 scd
1841 5144 1895 5188 et
1920 5150 2016 5191 nos

429 5213 725 5280 occultare,
772 5223 827 5270 et
871 5217 1095 5272 miseros
1139 5217 1317 5272 dicere
1358 5234 1456 5274 nos
1501 5219 1647 5290 ipsos
1681 5236 1787 5276 non
1817 5224 2010 5293 minus,

431 5321 596 5374 quam
641 5307 729 5376 qui
759 5307 811 5362 in
842 5309 1115 5378 scopulum
1159 5310 1527 5382 impegerunt:
1560 5313 1666 5368 imo
1690 5330 1862 5385 neque
1892 5326 2016 5373 tunc

431 5396 768 5464 despondere
811 5397 1045 5453 animum
1067 5441 1083 5466 ,
1132 5401 1224 5456 sed
1251 5401 1317 5456 ad
1346 5402 1734 5460 confessionem
1754 5446 1771 5474 ,
1802 5416 1854 5462 et
1878 5409 2014 5462 resi-

434 5489 746 5557 piscentiam
790 5487 1044 5545 festinare
1087 5490 1362 5548 debemus.
1408 5493 1720 5564 Hnjusmodi
1764 5497 1904 5551 enim
1933 5508 2015 5553 est

432 5579 690 5634 Dominus
717 5589 918 5646 noster,
945 5580 1035 5649 qui
1059 5580 1190 5636 nihil
1215 5582 1354 5638 aliud
1385 5586 1606 5655 requirit
1629 5585 1861 5642 admisso
1886 5603 2012 5657 pec-

497 5714 512 5742 ¹
551 5719 665 5784 ueg.
692 5726 835 5784 unus,
859 5712 1126 5784 indicantes
1143 5715 1358 5784 fructum
1378 5729 1442 5768 ex
1477 5717 1552 5784 bis
1573 5718 1868 5771 sermonibus
1889 5718 2017 5771 acci-

433 5773 677 5836 pnndunt.
705 5782 759 5825 El
782 5775 925 5827 dicite
947 5777 1031 5838 eis,
1055 5773 1245 5828 omissis
1267 5780 1577 5841 interpositis.

2125 463 2266 520 cato,
2293 454 2339 508 si
2375 453 2588 524 quando
2627 467 2720 522 per
2765 452 3025 524 ignaviain
3072 449 3406 521 deliquimus,
3453 467 3611 522 quam
3649 465 3713 509 ut

2125 555 2304 602 errata
2347 545 2717 610 conﬁteamur,
2768 559 2870 600 nec
2915 544 3051 598 ultra
3094 543 3512 614 progrediamur,
3541 546 3625 600 vel
3655 545 3714 601 in

2125 637 2311 693 eadem
2348 636 2668 693 recidamus.
2713 635 2976 691 Caeterum
3017 650 3140 690 cum
3181 635 3301 690 cibo
3332 646 3530 690 nostra:
3555 652 3714 692 men-

2125 744 2264 786 sane
2311 729 2623 800 congruenti
2669 729 2900 793 utimur,
2955 743 3241 797 numquam
3287 728 3714 786 erubescamus:

2126 837 2252 876 nam
2281 822 2536 877 Dominus
2561 835 2657 876 nos
2683 820 2774 876 tali
2804 822 3015 890 corpori
3039 819 3350 890 conjunctos
3379 835 3500 876 esse
3526 820 3714 880 voluit.

2127 913 2268 983 quod
2290 914 2446 968 aliter
2467 912 2760 968 consistere
2788 910 2970 981 nequit
2994 910 3096 965 nisi
3125 910 3244 966 cibo
3267 921 3532 981 pascatur,
3554 911 3718 966 modo

2127 1005 2303 1059 cibum
2335 1004 2556 1059 nimium
2585 1017 2654 1060 ne
2677 1017 2955 1058 sumamus
2987 1019 3000 1054 :
3032 1001 3086 1057 id
3113 1001 3254 1070 quod
3284 1002 3439 1057 nobis
3461 1001 3529 1057 ad
3566 1004 3719 1058 sani-

2129 1105 2291 1152 tatem
2356 1105 2411 1151 et
2459 1095 2698 1166 corporis
2760 1095 2954 1150 bonam
3007 1093 3374 1149 habitudinem
3430 1093 3719 1164 plurimum

2127 1187 2395 1243 conducit.
2429 1189 2620 1242 Annon
2645 1185 2833 1240 videtis
2861 1183 3099 1256 quotidie
3121 1200 3187 1240 ex
3212 1185 3536 1255 sumptuosis
3557 1200 3719 1240 men-

2127 1282 2201 1336 sis
2225 1291 2277 1337 et
2317 1280 2598 1336 immodica
2647 1279 2876 1350 ingluvie
2915 1278 3120 1332 inﬁnita
3163 1278 3472 1334 morborum
3517 1294 3720 1348 genera

2129 1377 2344 1433 induci?
2390 1377 2540 1434 Unde
2586 1376 2871 1446 podagra}?
2913 1375 3060 1430 Unde
3081 1375 3273 1445 capitis
3295 1373 3546 1429 dolores?
3575 1371 3719 1428 unde

2129 1475 2500 1536 corruptorum
2547 1466 2830 1521 humorem
2869 1463 3226 1519 abundantia?
3273 1462 3414 1518 unde
3451 1461 3720 1516 innumeri

2129 1558 2217 1613 alii
2240 1558 2446 1614 morbi?
2471 1557 2656 1613 Nonne
2684 1557 2750 1611 ab
2771 1555 3181 1626 intemperantia
3209 1565 3262 1610 et
3288 1555 3532 1624 largiore,
3555 1568 3720 1623 quam

2129 1669 2223 1723 par
2250 1654 2340 1719 sit,
2384 1654 2490 1708 vini
2535 1653 2702 1722 potu?
2743 1651 2874 1706 Nam
2920 1653 3055 1706 sicut
3102 1650 3270 1716 navis,
3317 1665 3436 1718 qua:
3461 1648 3608 1717 aquis
3645 1647 3719 1701 ita

2129 1749 2398 1820 impletur,
2426 1757 2483 1803 ut
2525 1746 2790 1802 exhauriri
2822 1753 3068 1816 nequeat,
3102 1749 3278 1799 statim
3319 1743 3714 1812 submergitur:

2129 1839 2200 1895 ita
2230 1851 2284 1894 et
2315 1841 2474 1894 homo
2499 1838 2710 1910 quando
2738 1837 2972 1906 crapula:
2997 1845 3052 1890 et
3078 1834 3322 1891 ebrietati
3359 1834 3591 1902 seipsum
3619 1832 3716 1887 dc-

2129 1929 2284 1996 didit,
2319 1929 2369 1983 in
2401 1944 2637 1999 praeceps
2665 1925 2828 1994 vadit,
2861 1936 2916 1982 et
2940 1927 3197 1982 rationem
3225 1941 3372 1980 suam
3400 1924 3714 1992 submergit,

2129 2021 2358 2093 denique
2381 2021 2523 2092 jacet
2564 2021 2713 2092 quasi
2762 2021 2936 2075 vivum
2967 2019 3214 2085 cadaver,
3245 2018 3311 2072 ad
3337 2017 3475 2071 mala
3503 2016 3721 2086 quidem

2129 2113 2399 2184 operanda
2447 2127 2590 2182 smpe
2632 2112 2842 2178 habilis,
2885 2111 2950 2165 ad
2981 2112 3120 2166 bona
3149 2119 3323 2165 autem
3350 2109 3526 2164 omnia
3551 2107 3721 2162 nihilo

2129 2220 2189 2263 se
2215 2205 2406 2262 melius
2445 2205 2669 2270 habens,
2699 2220 2858 2275 quam
2887 2203 3103 2258 mortui.

2203 2297 2260 2352 5.
2301 2297 2500 2353 Idcirco
2531 2298 2774 2361 obsecro,
2805 2305 2864 2352 ut
2887 2295 3176 2351 secundum
3218 2295 3429 2350 beatum
3471 2292 3714 2357 Paulum,

2131 2387 2310 2443 Carnis
2347 2405 2523 2442 curam
2565 2406 2628 2443 ne
2668 2389 2830 2459 agatis
2859 2387 2926 2441 ad
2962 2386 3390 2457 concupiscentias
3419 2384 3590 2457 (Rom.
3625 2383 3718 2438 15.

2130 2481 2242 2551 14),
2269 2481 2362 2536 sed
2400 2490 2456 2535 ut
2496 2481 2708 2550 possitis
2757 2480 3067 2544 subsistere,
3112 2487 3166 2533 et
3206 2476 3394 2547 majori
3445 2475 3722 2530 alacritate

2129 2571 2286 2628 rebus
2333 2571 2694 2641 spiritualibus
2739 2585 2958 2641 cperam
2989 2570 3136 2624 dare.
3180 2567 3305 2623 Ηωο
3331 2567 3504 2622 omnia
3536 2565 3716 2620 fratri-

2128 2663 2228 2718 bus
2255 2663 2443 2718 vestris
2481 2663 2658 2729 dicite,
2691 2671 2743 2718 et
2773 2661 2992 2715 suadete
3023 2661 3148 2724 illis,
3179 2674 3244 2714 ne
3271 2673 3518 2727 umquam
3554 2657 3714 2728 Spiri-

2129 2753 2254 2808 tuali
2286 2751 2388 2809 hoc
2423 2753 2676 2808 alimento
2705 2768 2763 2808 se
2790 2753 3034 2822 privent;
3082 2749 3178 2805 sed
3218 2750 3316 2805 etsi
3363 2750 3539 2818 pransi
3581 2750 3716 2812 sint,

2129 2844 2345 2898 veniant
2372 2845 2516 2899 omni
2545 2859 2666 2898 cum
2691 2843 2985 2909 alacritate,
3015 2851 3072 2897 ut
3100 2852 3315 2912 accepta
3345 2840 3430 2894 hic
3451 2839 3717 2910 Spirituali

2130 2936 2394 3002 doctrina,
2426 2936 2697 2992 diabolicis
2729 2937 2932 2991 insidiis
2973 2936 3178 2990 fortiter
3206 2935 3459 2990 resistere
3488 2935 3716 3003 pessint.

2128 3029 2393 3085 Craterum
2437 3029 2588 3083 vobis
2635 3038 2941 3084 consuetam
2989 3027 3316 3098 spiritualem
3350 3041 3586 3081 mensam
3617 3040 3718 3081 nos

2129 3135 2478 3191 apponamus,
2508 3121 2744 3176 caritatis
2771 3131 2963 3176 vestra:
2994 3121 3045 3174 in
3078 3119 3352 3174 audiendis
3377 3119 3574 3173 divinis
3602 3127 3715 3173 stu-

2129 3211 2272 3267 dium
2303 3212 2380 3266 sic
2419 3213 2828 3279 remuneraturi,
2859 3223 2909 3267 et
2939 3211 3176 3267 debitum
3206 3211 3346 3281 quod
3376 3210 3714 3278 promisimus

2128 3305 2442 3360 exsoluturi.
2489 3305 2648 3360 Scitis
2681 3305 2823 3359 enim
2871 3304 3107 3370 omnino,
3150 3312 3204 3358 ct
3231 3301 3571 3368 meministis,
3614 3317 3712 3356 nos

2128 3395 2198 3451 de
2241 3395 2468 3451 hominis
2516 3395 2831 3451 formatione
2873 3397 3052 3451 dicere
3090 3395 3336 3465 coepisse,
3381 3404 3436 3448 ct
3471 3396 3711 3464 angustia

2131 3489 2382 3558 temporis
2430 3488 2769 3558 prmpcditos,
2812 3488 3091 3543 lectionem
3123 3497 3284 3541 totam
3318 3485 3575 3554 perﬁcere
3606 3501 3714 3540 non

2128 3581 2386 3646 valentes,
2431 3582 2484 3635 in
2534 3579 2774 3635 doctrina
2818 3579 2885 3634 de
2931 3579 3161 3634 ferarum
3191 3577 3416 3631 utilitate
3443 3578 3601 3630 finem
3631 3575 3709 3630 fe-

2126 3672 2288 3737 cisse,
2313 3671 2676 3736 ostendentes,
2725 3671 2992 3726 hominem
3039 3681 3254 3740 propter
3297 3667 3712 3722 inobedientiam

2126 3778 2156 3816 a
2186 3762 2502 3832 principatu,
2546 3777 2703 3832 quem
2753 3762 2899 3831 prius
2947 3777 3105 3830 super
3145 3775 3236 3815 eas
3274 3759 3520 3822 habebat,
3560 3760 3709 3813 exci-

2127 3853 2288 3908 disse.
2312 3852 2466 3908 Unde
2495 3852 2652 3908 hodie
2676 3855 2813 3922 quod
2837 3852 3097 3922 reliquum
3121 3861 3202 3905 est
3221 3851 3524 3914 reddemus,
3551 3858 3715 3919 atque
3767 3916 3786 3926 -

2127 3945 2196 4000 ita
2252 3945 2376 3999 hinc
2422 3957 2521 3998 vos
2572 3944 2919 3999 dnnittemus.
2974 3943 3040 3996 Et
3091 3950 3148 3996 ut
3198 3940 3524 3995 manifestior
3560 3939 3709 3993 vobis

2126 4051 2303 4092 sermo
2350 4045 2529 4091 noster
2572 4037 2661 4100 sit,
2706 4049 2883 4104 operte
2923 4033 3150 4103 pretium
3179 4032 3336 4086 fuerit
3378 4031 3702 4094 meminisse,

2126 4129 2214 4184 ubi
2255 4138 2380 4184 tunc
2419 4129 2640 4184 missum
2670 4127 2951 4183 fecerimus
2979 4142 3304 4190 sermonem,
3333 4135 3387 4179 ut
3415 4125 3536 4179 inde
3565 4123 3710 4179 facto

2126 4221 2294 4286 initio,
2339 4237 2456 4290 qua:
2482 4220 2683 4289 reliqua
2709 4228 2834 4275 sunt
2862 4219 3196 4288 impleamus.
3231 4217 3329 4272 Ubi
3358 4217 3516 4286 igitur
3542 4217 3704 4270 finem

2127 4312 2336 4368 dicendi
2367 4311 2626 4367 fecimus?
2654 4311 2784 4366 Cum
2805 4309 3036 4365 diximus
3064 4309 3130 4363 de
3158 4310 3258 4363 illis
3285 4308 3480 4372 verbis,
3514 4306 3705 4359 Facia-

2124 4422 2236 4460 mus
2286 4405 2536 4459 hominem
2573 4405 2842 4459 secuntlum
2869 4403 3137 4473 imaginem
3162 4411 3402 4466 nostram,
3436 4409 3484 4454 et
3522 4417 3709 4454 secun-

2125 4497 2246 4551 dum
2282 4495 2680 4561 similitudinem,
2723 4503 2769 4549 et
2813 4495 3130 4548 dominentur
3175 4493 3394 4562 piscibus
3435 4493 3606 4554 maris,
3656 4500 3706 4544 et

2124 4585 2406 4640 volucribus
2429 4585 2561 4649 cwli,
2593 4585 2712 4654 quia
2742 4594 2865 4638 tunc
2890 4598 3066 4638 sermo
3096 4583 3352 4652 prolixior
3381 4581 3496 4642 fuit,
3528 4591 3581 4634 et
3608 4597 3705 4634 na-

2125 4685 2234 4730 tum
2279 4685 2361 4731 est
2403 4676 2556 4730 nobis
2604 4676 2819 4745 pelagus
2857 4674 3118 4745 quoddam
3163 4673 3565 4736 sententiarum,
3606 4688 3705 4727 nec

2123 4781 2456 4832 concessum,
2490 4774 2549 4821 ut
2577 4766 2797 4822 ulterius
2829 4765 3289 4835 progrederemur,
3323 4765 3414 4820 sed
3445 4764 3704 4818 hactenus

2125 4857 2380 4927 producto
2418 4873 2683 4921 sermone.
2734 4857 3007 4928 sequentia
3053 4873 3156 4911 non
3211 4857 3499 4927 attigimus.
3551 4856 3705 4912 Unde

2122 4964 2261 5004 nunc
2303 4949 2680 5017 necessarium,
2725 4957 2781 5002 ut
2817 4949 3020 5004 caritati
3047 4958 3235 5002 vestrae
3265 4964 3382 5016 que
3412 4955 3705 5016 sequuntur

2121 5041 2381 5111 legantur,
2431 5050 2487 5095 ut
2526 5042 2661 5096 scire
2703 5040 2915 5110 possitis
2942 5055 3185 5110 quaenam
3232 5039 3379 5093 vobis
3408 5039 3594 5093 dicturi
3627 5040 3702 5092 si-

2121 5149 2262 5187 mus.
2299 5133 2484 5187 Statim
2515 5134 2670 5202 igitur
2698 5132 2874 5186 divina
2905 5131 3173 5201 Scriptura
3212 5131 3442 5185 subdidit
3475 5149 3490 5187 ς
3517 5130 3606 5184 9.7.
3639 5131 3703 5184 Et

2121 5225 2236 5294 fecit
2252 5222 2388 5278 Deus
2410 5225 2680 5286 hominem;
2701 5223 2975 5278 secundum
2994 5224 3259 5293 imaginem
3284 5221 3378 5275 Dei
3396 5224 3508 5292 [erit
3533 5223 3700 5288 illuni;

2120 5315 2400 5369 masculum
2444 5325 2490 5368 et
2519 5316 2756 5384 feminam
2786 5316 2901 5384 fecit
2925 5315 3060 5369 illos.
3091 5316 3182 5369 28.
3224 5313 3288 5366 Et
3317 5313 3567 5366 benedixit
3599 5313 3702 5366 illis

2120 5403 2258 5459 Deus
2311 5406 2479 5459 dicens
2509 5422 2528 5458 :
2567 5404 2785 5460 Crescite
2827 5416 2876 5459 et
2913 5404 3357 5476 multiplicamini,
3405 5412 3452 5456 et
3498 5403 3703 5473 implete

2121 5507 2324 5560 terram,
2351 5509 2396 5550 et
2420 5497 2742 5550 dominemini
2767 5498 2835 5562 ei;
2863 5505 2908 5552 et
2929 5498 3254 5551 dominemini
3285 5496 3500 5565 piscibus
3525 5493 3700 5561 maris,

2118 5599 2166 5642 et
2195 5589 2476 5643 volatilibus
2495 5591 2624 5656 cteli,
2641 5599 2688 5644 et
2713 5591 2941 5644 omnibus
2953 5591 3228 5659 pecoribus,
3246 5600 3292 5643 et
3308 5589 3443 5641 omni
3466 5598 3631 5653 terrae,
3653 5603 3702 5642 et

2119 5681 2348 5735 omnibus
2374 5684 2630 5751 reptilibus
2646 5683 2929 5750 repentibus
2956 5698 3108 5751 super
3136 5691 3340 5734 terram.
3375 5680 3546 5734 Pauca
3575 5690 3701 5735 sunt

2123 5771 2303 5840 verba,
2323 5772 2413 5829 scd
2431 5790 2649 5844 magnus
2679 5773 2980 5829 reconditus
3010 5772 3288 5827 thesaurus
3310 5772 3361 5826 in
3383 5783 3487 5826 tam
3514 5771 3698 5842 paucis
