4018 6136
263 292 335 348 33
1481 286 1546 341 IN
1584 286 1736 343 CAP.
1767 289 1787 341 ι
1830 287 1936 342 ΟΕΞ

2039 289 2073 343 5.
2113 285 2343 342 IIOMIL.
2384 285 2452 340 Χ.
3634 286 3704 339 δι

267 405 342 476 μὴ
370 404 702 474 ἀποστερεῖν
721 401 970 464 ἑαυτοὺς,
1003 398 1120 472 [73]
1136 399 1270 453 ἀλλά
1299 399 1474 473 ταύτῃ
1497 403 1697 472 μᾶλλον
1716 403 1935 456 πλείονα

261 493 362 561 τὴν
400 491 644 562 σπουδὴν
666 490 1091 543 ἐπιδείκνυσθαι.

338 577 403 646 β’.
423 577 549 629 Είσὶ
565 576 690 647 γὰρ,
710 576 847 628 εἰσὶν
867 574 974 628 ὁδοὶ
995 574 1173 644 πολλῷ
1197 574 1413 644 μείζους
1437 587 1461 614 ⁸
1479 576 1577 645 τῆς
1599 574 1808 644 ἀποχῆς
1830 575 1937 627 τῶν

266 664 599 735 βρωμάτων,
642 664 698 716 αί
748 663 1040 732 δυνάμεναι
1086 662 1187 725 τὰς
1217 661 1384 733 θύρας
1414 663 1544 732 ἡμῖν
1573 662 1810 730 ἀνοίγειν
1838 661 1938 732 τῆς

265 751 584 822 παρρησίας
622 749 721 819 τῆς
746 748 880 819 πρὸς
906 748 1000 801 τὸν
1037 747 1189 804 Θεόν.
1229 748 1289 802 '0
1319 749 1524 818 τροφῆς
1564 748 1741 802 τοίνυν
1773 763 1936 817 μετα-

263 835 588 907 λαμσάνων,
625 836 720 889 καὶ
773 834 1055 905 νηστεύειν
1087 835 1162 905 μὴ
1191 834 1504 904 δυνάμενος,
1551 834 1936 906 δαψιλεστέραν

263 925 361 996 τὴν
422 922 799 996 ἐλεημοσύνην
851 921 1264 985 ἐπιδεικνύσθω,
1321 921 1485 992 εύχάς
1538 923 1792 986 ἐκτενεῖς,
1838 921 1938 992 τὴν

261 1011 579 1086 προθυμίαν
618 1010 1011 1080 ἐπιτεταμένην
1042 1009 1214 1079 ἐχέτω
1244 1010 1372 1080 περὶ
1399 1009 1497 1080 τὴν
1533 1009 1794 1080 ἀκρόασιν
1829 1007 1938 1062 τῶν

262 1102 424 1155 θείων
455 1098 676 1168 λογίων·
711 1097 945 1152 ἐνταῦθα
990 1097 1141 1149 οὐδὲν
1182 1097 1216 1166 ἡ
1254 1094 1349 1149 τοῦ
1386 1095 1637 1166 σώματος
1685 1095 1940 1149 ἀσθένεια

261 1187 530 1258 ἐμπόδιον
575 1187 708 1257 ἡμῖν
748 1185 978 1252 γίνεται·
1032 1186 1146 1246 τοῖς
1192 1182 1404 1254 ἐχθροῖς
1458 1182 1936 1247 καταλλαττέσθω,

263 1277 450 1329 πᾶσαν
495 1273 862 1345 μνησικακίαν
909 1270 1198 1344 ἐξοριζέτω
1237 1271 1337 1340 τῆς
1366 1270 1561 1325 ἑαυτοῦ
1589 1271 1783 1342 ψυχῆς.
1841 1272 1938 1323 Ἂν

260 1362 440 1417 ταῦτα
473 1360 775 1433 κατορθοῦν
800 1360 1078 1430 βούληται,
1105 1359 1203 1430 τὴν
1227 1359 1401 1430 ἀληθῆ
1438 1360 1692 1431 νηστείαν
1726 1357 1937 1412 ἐπεδεί-

264 1452 415 1518 ξατο,
452 1451 554 1503 καὶ
585 1451 650 1520 ἢν
689 1448 924 1519 μάλιστα
953 1447 1172 1501 πάντων
1202 1446 1420 1498 ἀπαιτεῖ
1455 1447 1583 1518 παρ’
1601 1447 1758 1518 ἡμῶν
1787 1447 1816 1500 6
1837 1447 1936 1498 Δε-

265 1538 495 1608 σπότης.
561 1537 716 1590 Ἐπεὶ⁸
743 1535 838 1589 καὶ
861 1534 1063 1604 ταύτην
1115 1531 1211 1604 τὴν
1233 1533 1444 1603 ἀποχὴν
1488 1533 1596 1586 τῶν
1636 1533 1938 1604 βρωμάτων

261 1623 350 1677 διὰ
370 1624 536 1678 τοῦτο
563 1622 772 1676 κελεύει
804 1620 1069 1690 γίνεσθαι,
1115 1619 1201 1672 ἵνα
1235 1619 1574 1689 χαλινοῦντες
1615 1620 1684 1673 τά
1717 1620 1938 1692 σκιρτήο

267 1728 416 1780 ματα
458 1711 561 1782 τῆς
597 1709 816 1782 σαρκὸς,
865 1709 1076 1779 εὐήνιον
1100 1707 1268 1775 αὐτὴν
1297 1706 1657 1777 ἐργαζώμεθα
1681 1707 1815 1778 πρὸς
1839 1706 1936 1777 τὴν

264 1801 376 1854 τῶν
430 1799 667 1854 ἐντολῶν
720 1799 1088 1869 ἐκπλήρωσιν.
1147 1795 1211 1849 Et
1253 1795 1308 1850 δὲ
1342 1795 1625 1866 μέλλοιμεν
1675 1795 1809 1866 μηδέ
1836 1795 1937 1866 τὴν

266 1888 376 1942 ἀπὸ
419 1888 523 1958 τῆς
571 1886 825 1958 νηστείας
855 1884 1105 1956 βοήθειαν
1148 1884 1362 1946 ἑαυτοῖς
1392 1883 1686 1952 προσάγειν
1709 1881 1794 1935 διὰ
1839 1881 1938 1952 τὴν

265 1970 358 2028 τοῦ
383 1973 644 2044 σώματος
683 1971 990 2036 ἀσθένειαν,
1011 1971 1104 2024 καὶ
1133 1969 1357 2024 πλείονα
1401 1970 1500 2041 τὴν
1530 1967 1799 2041 ρᾳθυμίαν
1820 1969 1938 2020 ἐπι-

265 2061 604 2127 δείκνυσθαι,
648 2059 978 2130 λανθάνομεν
1019 2058 1246 2121 ἑαυτοὺς
1277 2055 1345 2110 τά
1382 2056 1612 2127 μέγιστα
1645 2054 1940 2125 ζημιούμε-

265 2165 364 2202 νοι.
425 2148 494 2202 Εί
554 2147 662 2218 γάρ
697 2147 792 2201 καὶ
827 2145 966 2216 μετά
1019 2145 1272 2216 νηστείας
1314 2145 1345 2206 ἠ
1391 2143 1499 2197 τῶν
1525 2143 1938 2216 προειρημένων

264 2233 710 2305 κατορθωμάτων
742 2231 978 2303 ἔλλειψις
994 2232 1144 2285 οὑδέν
1175 2232 1321 2302 ἡμᾶς
1342 2221 1570 2300 ὀνίνησι,
1603 2229 1781 2301 πολλῷ
1807 2231 1940 2301 μᾶλ-

265 2320 358 2374 λον
389 2323 438 2373 εἰ
472 2321 608 2391 μηδέ
637 2319 716 2390 τῷ
740 2320 1018 2391 φαρμάκῳ
1046 2318 1147 2389 τῆς
1177 2319 1429 2388 νηστείας
1448 2317 1755 2388 χρήσασθαι
1778 2317 1938 2373 δυνά-

270 2424 444 2479 μενοι,
479 2406 701 2461 πλείονα
733 2407 830 2478 τὴν
862 2405 1134 2477 ρᾳθυμίαν
1176 2403 1554 2475 ἐπιδειξόμεθα
1580 2403 1632 2458 b.
1666 2402 1852 2458 Ταῦτα
1875 2405 1938 2477 δὴ

269 2494 535 2567 μαθόντες
553 2495 680 2565 παρ’
698 2495 875 2565 ήμῶν,
902 2493 1225 2566 παρακαλῶ,
1253 2494 1302 2545 οί
1323 2491 1597 2563 νηστεύειν
1627 2492 1935 2565 δυνάμενοι,

264 2583 418 2635 αὐτοί
442 2599 505 2635 τε
542 2583 660 2636 καθ’
694 2583 815 2635 ὅσον
855 2577 968 2634 οἷόν
1013 2597 1072 2634 τε
1116 2580 1410 2635 ἐπιτείνετε
1446 2579 1598 2650 ὑμῶν
1648 2581 1748 2651 τὴν
1769 2581 1938 2652 καλὴν

265 2669 475 2742 ταύτην
529 2673 623 2724 καὶ
665 2669 952 2740 ἐπαινετὴν
1013 2667 1338 2740 προθυμίαν.
1390 2668 1546 2735 Ὄσῳ
1599 2669 1708 2738 γάρ
1753 2672 1785 2723 ό
1824 2669 1940 2734 ἔξω

265 2756 439 2826 ἡμῶν
469 2757 780 2826 ἅνθρωπος
817 2752 1234 2825 διαφθείρεται,
1276 2755 1570 2810 τοσοῦτον
1594 2758 1628 2809 ό
1656 2755 1776 2808 ἕσω
1797 2756 1940 2811 ἀνα-

269 2847 603 2900 καινοῦται.
634 2846 697 2898 Ἦ
722 2845 831 2917 γὰρ
855 2845 1075 2914 νηστεία
1104 2844 1166 2896 τὸ
1197 2843 1293 2914 μὲν
1317 2844 1474 2913 σῶμα
1496 2844 1828 2907 κατατείνει,
1845 2843 1940 2897 καὶ

267 2935 481 3007 χαλινοῖ
531 2935 600 2987 τά
657 2935 864 2988 ἄτακτα
902 2933 1267 3004 σκιρτήματα,
1300 2932 1401 3001 τὴν
1431 2931 1486 2984 δὲ
1517 2931 1692 3003 ψυχὴν
1723 2932 1941 3000 διαυγε-

273 3023 472 3090 στέραν
509 3020 823 3093 ἐργάζεται,
864 3020 960 3074 καὶ
1002 3021 1212 3092 πτεροῖ,
1246 3020 1340 3074 καὶ
1381 3019 1671 3089 μετάρσιον
1699 3023 1793 3074 καὶ
1812 3019 1936 3073 κούο

271 3126 377 3179 φην
403 3110 569 3162 ποιεῖ.
622 3110 730 3162 Καὶ
755 3109 879 3170 τοὺς
906 3106 1168 3177 ἀδελφοὺς
1218 3106 1274 3159 δὲ
1323 3106 1450 3168 τοὺς
1477 3107 1796 3178 ὑμετέρους,
1825 3109 1939 3163 ὅσοι

269 3196 354 3250 διά
392 3196 719 3267 σωματικὴν
748 3194 1030 3248 ἀσθένειαν
1083 3192 1364 3264 νηστεύειν
1407 3192 1466 3246 οὐ
1507 3193 1780 3260 δύνανται,
1810 3213 1942 3267 προ-

270 3284 540 3356 τρέπεσθε
581 3285 655 3356 μὴ
684 3281 1155 3353 ἀπολιμπάνεσθαι
1193 3280 1293 3352 τῆς
1336 3282 1714 3354 πνευματικῆς
1738 3283 1940 3356 ταύτης

178 3394 184 3399 ο
270 3374 503 3445 τροφῆς,
537 3373 881 3435 διδάσκοντες
935 3372 1154 3434 αὑτοὺς,
1175 3371 1271 3426 κα)⁸
1315 3371 1382 3425 τὰ
1419 3373 1548 3443 παρ’
1574 3374 1728 3444 ήμῶν
1758 3374 1940 3438 αὑτοῖς

271 3462 782 3536 διαπορθμεύοντες,
814 3462 909 3515 καὶ
946 3459 1266 3525 δεικνύντες,
1306 3462 1387 3514 ὄτι
1409 3465 1437 3515 6
1458 3462 1645 3531 φαγὼν
1668 3462 1762 3516 καὶ
1801 3463 1941 3516 πιὼν

277 3553 512 3623 μετρίως
557 3552 656 3606 οὑκ
699 3550 916 3617 ἀνάξιός
943 3551 1058 3603 ἐστι
1081 3549 1283 3620 ταύτης
1325 3552 1426 3621 τῆς
1457 3550 1790 3622 ἀκροάσεως,
1825 3551 1938 3605 ἀλλ’

275 3641 303 3693 6
328 3640 575 3711 ῥᾴθυμος
620 3639 714 3692 καὶ
760 3637 1168 3708 διακεχυμένος.
1213 3638 1323 3690 Καὶ
1363 3637 1551 3705 λέγετε
1578 3639 1714 3709 πρὸς
1744 3640 1939 3701 αὐτοὺς

275 3729 367 3780 καὶ
395 3728 458 3779 τὸ
483 3737 505 3766 ο
533 3725 887 3779 ἀποστολικὸν
927 3724 1106 3793 λόγιον
1123 3765 1138 3788 ,
1186 3724 1268 3777 ὅτι
1306 3724 1416 3779 Καὶ
1449 3729 1482 3778 ό
1509 3726 1728 3779 ἐσθίων
1748 3728 1942 3794 Κυρίῳ

273 3812 484 3879 ἐσθίει,
519 3813 617 3866 καί
654 3815 686 3865 ό
709 3811 795 3880 μὴ
822 3809 1041 3864 ἐσθίων
1085 3807 1284 3877 Κυρίῳ
1319 3812 1428 3864 οὐκ
1471 3811 1678 3875 ἐσθίει,
1709 3812 1808 3865 καί
1839 3814 1938 3865 εὐ-

215 3885 218 3888 ’
277 3899 549 3970 χαριστεῖ
571 3894 650 3966 τῷ
673 3896 810 3962 Θεῷ.
843 3898 954 3949 Καὶ
977 3898 1002 3950 ό
1039 3895 1312 3966 νηστεύων
1333 3898 1510 3950 τοίνυν
1540 3898 1940 3970 εὐχαριστεῖτιῇ

277 3989 415 4060 Θεῷ,
437 3991 522 4043 ὅτι
545 3987 771 4057 δύναμιν
795 3985 917 4055 ἔσχε
939 3985 1242 4056 δυναμένην
1268 3987 1540 4056 ἀντισχεῖν
1561 3988 1696 4058 πρὸς
1732 3989 1822 4042 τὸν
1847 3989 1938 4041 7:6-

279 4093 365 4132 νον
385 4077 488 4147 τῆς
511 4074 782 4146 νηστείας
810 4073 902 4127 καὶ
922 4074 948 4125 ὁ
969 4073 1163 4126 ἐσθίων
1182 4073 1342 4126 πάλιν
1369 4073 1680 4144 εὐχαριστεῖ
1697 4074 1776 4144 τῷ
1798 4075 1936 4146 Θεῷ,

277 4163 358 4219 δτι
386 4164 538 4218 οὐδὲν
567 4162 728 4216 αὑτὸν
753 4161 909 4214 τοῦτο
932 4160 1272 4232 λυμήνασθαι
1298 4159 1519 4215 δύναται
1554 4163 1689 4233 πρὸς
1719 4163 1816 4234 τὴν
1840 4167 1940 4234 τῆς

280 4251 455 4321 ψυχῆς
502 4248 792 4320 σωτηρίαν,
849 4246 944 4300 ἐάν
988 4246 1136 4320 θέλῃ.
1161 4247 1440 4312 Τοσαύτας
1474 4248 1581 4320 γὰρ
1624 4251 1754 4320 ἡμῖν
1788 4249 1940 4314 ὀδοὺς

281 4337 470 4407 ἔτεμεν
497 4339 527 4390 6
561 4334 938 4406 φιλάνθρωπος
983 4333 1136 4397 Θεὸς,
1176 4335 1306 4398 ὅσας
1355 4335 1477 4390 οὑδὲ
1504 4338 1675 4389 εἰπεῖν
1709 4336 1847 4404 ἐστι,
1871 4337 1937 4390 δι’

283 4415 353 4478 ὧν
384 4423 605 4477 δυνατόν
644 4423 790 4475 ἐστιν
820 4423 988 4492 ἡμᾶς,
1022 4421 1118 4474 ἐὰν
1167 4421 1504 4493 βουλώμεθα,
1538 4423 1638 4491 τῆς
1680 4425 1941 4478 ἀνωτάτω

284 4511 594 4582 παρρησίας
630 4511 939 4580 μετασχεῖν.
975 4505 1160 4561 Ταῦτα
1182 4503 1273 4561 οῦν
1302 4509 1654 4580 ἀρκούντωςά
1683 4510 1791 4563 τῶν
1812 4512 1941 4564 ἀπο-

283 4595 602 4666 λειφθέντων
638 4597 821 4650 ἐνεκεν
847 4594 1218 4665 διελέχθημεν,
1257 4596 1594 4666 περιελόντες
1629 4597 1810 4650 αὑτῶν
1841 4601 1940 4668 τῆς

284 4683 537 4754 αἰσχύνης
571 4682 669 4754 τὴν
720 4682 1009 4752 πρόφασιν,
1056 4682 1150 4735 καὶ
1181 4681 1470 4748 δείξαντες,
1505 4682 1586 4735 ὅτι
1630 4683 1690 4736 ού
1726 4684 1806 4736 δεῖ
1848 4685 1939 4738 ἐπὶ

283 4771 452 4842 τούτῳ
494 4769 868 4840 αἰσχύνεσθαι·
903 4769 964 4821 οὑ
1016 4768 1125 4840 γάρ
1176 4768 1236 4822 τὸ
1283 4771 1475 4838 φαγεῖν
1521 4771 1780 4842 αἰσχύνην
1809 4773 1940 4843 ἡμῖν

285 4857 548 4928 προξενεῖ,
575 4857 708 4911 ἀλλά
737 4857 797 4909 τὸ
824 4856 990 4910 κακόν
1036 4873 1088 4908 τι
1134 4856 1552 4926 διαπράξασθαι.
1597 4859 1823 4931 Μεγάλη
1856 4863 1942 4915 αί-

286 4941 448 5014 σχύνη
485 4945 517 5013 ή
552 4943 822 5015 ἁμαρτία·
867 4942 962 4995 ἐάν
1002 4941 1202 5012 ταύτην
1241 4941 1630 5015 ἐργασώμεθά,
1673 4946 1733 4998 ού
1781 4948 1940 5018 μόνον

284 5030 625 5100 αἰσχύνεσθαι
675 5030 978 5100 ὀφείλομεν,
1004 5029 1138 5083 ἀλλὰ
1183 5030 1278 5084 καὶ
1321 5027 1434 5103 [74]
1483 5033 1938 5101 ἐγκαλύπτεσθαι,

282 5118 372 5170 καὶ
401 5118 648 5187 καθάπερ
677 5120 727 5172 οἱ
765 5116 1281 5188 προσκεκρουκότες,
1310 5116 1483 5182 οὕτως
1528 5121 1754 5186 ἑαυτοὺς
1779 5123 1942 5176 ταλα-

284 5203 444 5268 νίζειν
462 5221 476 5237 ⁸
521 5204 718 5275 μᾶλλον
746 5205 802 5257 δέ
835 5203 969 5274 μηδέ
992 5204 1112 5256 τότε
1139 5204 1500 5275 ἀπαγορεύειν
1534 5203 1780 5272 ἑαύτους,
1805 5209 1942 5264 ἀλλά

284 5291 415 5361 πρὸς
440 5291 826 5362 ἐξομολόγησιν
859 5289 1173 5359 ἐπείγεσθαι
1199 5293 1293 5344 καὶ
1331 5292 1467 5363 πρὸς
1498 5294 1936 5367 εὐγνωμοσύνην.

284 5376 528 5432 Τοιοῦτον
554 5378 664 5449 γὰρ
690 5377 887 5449 ἔχομεν
912 5378 1208 5448 Δεσπότην,
1240 5379 1391 5433 οὐδὲν
1422 5379 1608 5452 ἕτερον
1633 5383 1763 5454 παρ’
1785 5386 1940 5456 ήμῶν

341 5543 367 5606 ξ
392 5541 536 5606 ξανὶι.
560 5542 776 5606 πρὸςίτ-ὴν
799 5544 1047 5606 ἀκρόασιν.

341 5600 505 5671 Ppuo
526 5600 642 5652 ωδε.
670 5600 1016 5671 ἐπεδειξάμεθα.
1043 5603 1167 5671 l_nfra
1191 5604 1388 5671 Cois_lin.
1414 5610 1496 5657 καὶ
1519 5609 1874 5671 ἐπαινουμένην.

340 5665 366 5693 ⁸
391 5664 668 5738 πως-,αρν
708 5664 960 5738 δεικνύντες
984 5666 1259 5738 ταύτης.τῆ,ς
1284 5668 1557 5738 ἐκρεᾴσεως
1575 5664 1792 5738 αὐτῆςξὸ
1821 5664 1941 5738 ὠφέ-

285 5722 436 5795 λιμον,
454 5722 536 5774 καὶ
577 5727 728 5795 λέγειν
749 5728 865 5795 πρὸς
884 5727 1052 5795 αὐτοὺς
1087 5722 1167 5795 ιιΑαί
1189 5722 1261 5795 τό.
1289 5722 1435 5795 Sa'vil.
1464 5733 1514 5778 in
1538 5722 1835 5795 ἱηςπςΪόσον

287 5783 554 5860 ἀκροάσεως
584 5783 916 5860 τδ’.ὠφέλὶμον,
957 5789 1056 5836 καί.
1101 5788 1250 5838 SaVil.
1296 5791 1348 5839 in
1388 5797 1527 5842 textu
1553 5783 1804 5859 ὃτιυούχό
1845 5783 1933 5860 φάὶ

287 5849 394 5908 τών,
428 5857 524 5898 etc.
548 5854 603 5897 ιιι
625 5849 796 5896 Morel.

326 5909 351 5948 d
377 5913 523 5961 SaViI.
552 5909 677 5970 τάϊα
698 5910 981 5972 ἀρκούντως,
1006 5911 1088 5962 alii
1113 5909 1260 5961 ταῦτα
1281 5911 1362 5961 νῦν
1388 5913 1488 5976 ἀρκ.

2038 403 2394 472 ἐπιζητοῦντα
2422 400 2560 470 μετὰ
2592 401 2690 471 τὴν
2716 402 2814 473 τῆς
2838 402 3110 473 ἁμαρτίας
3135 400 3354 474 πρᾶξιν,
3384 401 3436 454 εἴ
3465 417 3592 452 ποτε
3618 399 3704 452 διὰ

1977 474 1996 485 ’
2037 481 2310 552 ῥᾳθυμίαν
2338 479 2572 548 ἀλῶμεν,
2601 479 2718 548 ἦτὸ
2744 480 3074 550 ὁμολογῆσαι
3109 479 3177 532 τὰ
3217 481 3576 548 ἐπταισμένα,
3609 478 3706 530 καὶ

2038 557 2199 626 μέχρι
2241 557 2429 610 τούτου
2479 558 2688 628 στῆναι,
2725 559 2819 611 καὶ
2851 558 3047 629 μηκέτι
3094 562 3206 621 τοῖς
3251 559 3437 621 αὐτοῖς
3476 574 3705 625 περιπε-

2037 639 2166 691 σεῖν.
2187 638 2310 690 Ἐὰν
2333 638 2388 692 δὲ
2413 639 2618 709 τροφῆς
2645 637 2956 708 συμμέτρου
2985 638 3396 708 μεταλάϐωμεν,
3431 635 3701 707 μηδέποτε

2019 716 2447 787 αἰσχυνώμεθα*
2487 716 2697 787 σώματι
2741 716 2849 786 γάρ
2880 718 3025 786 ἡμᾶς
3057 717 3280 787 τοιούτῳ
3323 715 3643 780 συνέπλεξεν
3677 716 3705 765 6

2035 795 2328 864 Δεσπότης,
2365 787 2408 860 ᾧ
2444 793 2517 864 μὴ
2547 794 2766 847 δυνατὸν
2793 793 2990 864 ἐτέρως
3020 796 3354 859 συνεστάναι,
3381 795 3428 847 εί
3465 793 3538 864 μὴ
3568 793 3700 847 ταύ-

2035 887 2135 942 της
2187 871 2499 943 μεταλάϐοι,
2538 872 2695 942 μόνον
2739 871 2808 924 τά
2863 871 2963 941 τῆς
3013 872 3276 943 ἀμετρίας
3311 870 3700 924 ἐκκοπτέσθω⁶

2034 949 2192 1002 τοῦτο
2219 951 2328 1020 γὰρ
2358 951 2488 1020 ἡμῖν
2514 949 2610 1003 καὶ
2658 947 2794 1020 πρὸς
2837 947 2935 1019 τὴν
2981 948 3192 1016 ὑγίειαν
3239 951 3426 1002 τούτου
3473 951 3569 1003 καὶ
3608 951 3700 1002 εύ-

2036 1025 2184 1090 εξίαν
2235 1027 2301 1081 τὰ
2354 1027 2584 1097 μέγιστα
2644 1025 3028 1096 ωμὸἀλλεται.
3076 1027 3147 1078 Ἦ
3199 1028 3295 1098 οὐχ
3349 1029 3512 1098 ὁρᾶτε
3577 1027 3699 1080 καθ’

2037 1106 2270 1176 ἐκάστην
2324 1106 2534 1178 ἡμέραν
2581 1106 2690 1159 ἀπὸ
2740 1105 2850 1159 τῶν
2902 1105 3202 1159 πολυτελῶν
3257 1103 3544 1177 τραπεζῶν
3606 1107 3702 1159 καὶ

2035 1185 2133 1255 τῆς
2195 1185 2432 1256 ἀμέτρου
2478 1185 2784 1256 ἀδηφαγίας
2837 1183 2906 1239 τά
2957 1185 3127 1256 μυρία
3168 1186 3486 1256 ἐπαγόμενα
3543 1189 3702 1257 νοσή-

2041 1284 2216 1338 ματα;
2261 1267 2430 1320 Πόθεν
2482 1266 2801 1335 ποδαλγίαι;
2852 1267 3015 1321 πόθεν
3068 1268 3431 1338 καρηϐαρίαι;
3485 1268 3701 1322 πόθενὸ

2036 1343 2142 1397 τῶν
2192 1346 2382 1416 χυμῶν
2427 1346 2534 1399 τῶν
2585 1345 2991 1417 διεφθαρμένων
3037 1345 3406 1417 πλεονασμός;
3445 1348 3606 1401 πόθεν
3632 1349 3702 1400 τά

2037 1423 2169 1478 ἀλλα
2201 1427 2368 1496 μυρία
2399 1427 2715 1496 νοσήματα;
2758 1424 2872 1478 Οὑκ
2899 1423 3004 1477 ἀπὸ
3031 1425 3129 1495 τῆς
3154 1425 3421 1496 ἀμετρίας
3462 1425 3556 1478 καὶ
3606 1425 3700 1478 τοῦ

2037 1502 2199 1556 πλέον
2230 1503 2324 1556 τοῦ
2349 1505 2556 1568 δέοντος
2587 1505 2800 1574 ἐγχέειν
2833 1504 3045 1567 ἑαυτοῖς
3071 1504 3132 1557 τὸ
3159 1505 3393 1575 ἄκρατον
3416 1515 3438 1543 ε
3465 1523 3479 1572 ;
3512 1504 3699 1558 Καθά-

2037 1596 2142 1653 περ
2166 1581 2274 1653 γάρ
2303 1582 2483 1635 πλοῖον
2514 1583 2844 1654 ὑπέραντλον
2877 1583 3098 1651 γεγονὸς
3130 1583 3340 1653 ταχέως
3365 1582 3702 1636 καταδαπτί-

2039 1660 2205 1726 ζεται,
2247 1663 2341 1714 καὶ
2386 1662 2713 1732 ὑποϐρύχιον
2757 1662 2992 1726 γίνεταιο
3028 1660 3170 1714 οὕτω
3212 1661 3306 1715 καὶ
3337 1664 3366 1714 6
3395 1661 3700 1732 ἄνθρωπος,

2038 1738 2164 1792 ὅταν
2195 1743 2260 1810 τῇ
2299 1741 2575 1810 ἀδηφαγίᾳ.
2604 1741 2698 1792 καὶ
2726 1743 2789 1810 τῇ
2820 1740 2957 1810 μέθῃ
2991 1741 3179 1793 ἐαυτὸν
3209 1740 3367 1810 ἐκδῷ,
3397 1741 3536 1794 κατά
3565 1759 3701 1814 κρη-

2041 1817 2186 1885 μνῶν
2209 1819 2412 1882 ἄπεισι,
2440 1820 2533 1873 καὶ
2556 1819 2882 1889 ὑποϐρύχιον
2912 1819 3280 1890 ἀπεργάζεται
3307 1819 3398 1872 τὸν
3419 1819 3698 1888 λογισμὸν,

2038 1895 2132 1946 καὶ
2161 1899 2331 1948 κεῖται
2357 1896 2540 1952 λοιπὸν
2568 1896 2815 1966 καθάπερ
2840 1896 3026 1968 νεκρὸς
3053 1897 3312 1967 ἔμψυχος,
3346 1897 3482 1968 πρὸς
3510 1896 3607 1967 μὲν
3631 1898 3701 1951 τά

2039 1974 2184 2026 κακὰ
2231 1975 2488 2037 πολλάκις
2529 1976 2766 2046 ἐνεργεῖν
2816 1977 3132 2046 δυνάμενος,
3166 1977 3301 2045 πρὸς
3336 1977 3390 2030 δὲ
3425 1977 3493 2031 τὰ
3524 1977 3702 2046 ἀγαθά

2039 2052 2251 2107 ᾶπαντα
2274 2053 2425 2107 οὑδέν
2458 2055 2676 2126 ἄμεινον
2708 2055 2815 2108 τῶν
2849 2054 3056 2125 νεκρῶν
3083 2055 3442 2126 διακείμενος.

2101 2206 2168 2269 γ’.
2188 2200 2277 2253 Διὸ
2294 2201 2608 2272 παρακαλῶ,
2627 2199 2770 2254 κατά
2790 2201 2876 2254 τὸν
2903 2205 3166 2275 μακάριον
3183 2204 3411 2270 Παῦλον,
3433 2207 3544 2273 Τῆς
3559 2224 3702 2278 σαρ-

2037 2281 2142 2347 κὸς
2174 2283 2462 2349 πρόνοιαν
2492 2282 2578 2350 μὴ
2610 2281 2874 2334 ποιεῖσθε
2907 2284 2993 2347 είς
3027 2285 3360 2352 ἐπιθυμίας,
3391 2285 3526 2340 ἀλλά
3565 2291 3701 2359 πρὸς

2036 2360 2097 2413 τὸ
2139 2360 2478 2424 συνεστάναι,
2510 2361 2604 2413 καὶ
2645 2359 2902 2414 δύνασθαι
2949 2362 3087 2430 μετά
3118 2361 3360 2426 πλείονος
3393 2367 3701 2437 προθυμίας

2037 2440 2096 2492 ἐν
2139 2443 2204 2511 τῇ
2249 2439 2358 2493 τῶν
2403 2439 2786 2510 πνευματικῶν
2833 2441 3064 2510 ἐργασίᾳ
3112 2441 3308 2513 πολλὴν
3336 2443 3434 2514 τὴν
3465 2447 3702 2518 σπουδὴν

2037 2519 2461 2575 ἐπιδείκνυσθαι.
2504 2518 2688 2573 Ταῦτα
2718 2520 2782 2590 δὴ
2811 2521 2984 2574 πάντα
3013 2520 3381 2593 διαλεγόμενοι
3417 2527 3551 2596 πρὸς
3574 2531 3702 2592 τοὺς

2039 2600 2301 2669 ἀδελφοὺς
2322 2603 2448 2664 τοὺς
2478 2602 2792 2670 ὑμετέρους,
2821 2601 3034 2654 πείθετε
3061 2602 3255 2666 αὐτοὺς
3285 2603 3384 2673 τῆς
3415 2624 3704 2678 πνευματι-

2039 2681 2142 2751 κῆς
2171 2680 2374 2750 ταύτης
2403 2681 2606 2756 τροφῆς
2637 2679 2902 2749 μηδέποτε
2927 2681 3150 2744 ἑαυτοὺς
3179 2685 3520 2756 ἀποστερεῖν,
3566 2687 3703 2742 ἀλλὰ

2039 2761 2145 2812 κᾶν
2176 2760 2533 2830 ἠριστηκότες
2565 2753 2717 2822 ὦσιν,
2745 2758 3090 2828 ἐρχέσθωσαν
3121 2761 3261 2830 μετὰ
3289 2753 3467 2833 πάσης
3497 2767 3700 2836 προθυ-

2042 2839 2191 2910 μίας,
2233 2839 2319 2891 ἵνα
2339 2837 2618 2906 δεξάμενοι
2655 2838 2752 2906 τὴν
2777 2837 3024 2890 ἐντεῦθεν
3049 2839 3416 2906 διδασκαλίαν,
3441 2845 3701 2900 δύνωνται

2037 2918 2297 2985 γενναίως
2330 2916 2579 2969 ἵστασθαι
2631 2915 2766 2986 πρὸς
2811 2916 2909 2978 τὰς
2964 2917 3239 2987 μεθοδείας
3289 2922 3381 2974 τοῦ
3433 2923 3696 2980 διαϐόλου.

2050 2997 2238 3077 ξῌμείς
2266 2996 2322 3049 δὲ
2341 2994 2525 3077 λοιπὸν
2558 2995 2824 3077 φέρε-τὴν
2839 2995 3040 3065 συνήθη
3072 2998 3346 3068 τράπεζαν
3378 3003 3502 3074 ὑμῖν
3527 3023 3702 3077 παρα-

2040 3073 2239 3146 θῶμεν,
2270 3075 2483 3146 καὶτῆς
2514 3075 2744 3144 σπουδῆς
2773 3074 2871 3144 τῆς
2897 3077 3021 3146 περὶ
3047 3077 3142 3147 τὴν
3171 3079 3430 3150 ἀκρόασιν
3461 3073 3702 3156 ἀμειῷώ,

2043 3155 2180 3224 μεθα
2226 3157 2324 3226 τὴν
2375 3154 2645 3225 ὑμετέραν
2692 3155 2931 3224 ἀγάπην,
2966 3156 3058 3208 καὶ
3098 3158 3157 3209 τὸ
3186 3161 3343 3229 χρέος
3376 3154 3697 3235 ἐκτίσωμεν,

2039 3236 2174 3306 ὅπερ
2206 3232 2490 3314 ὀφείλομεν
2529 3234 2832 3314 ὑμῖνξιστε
2879 3233 2988 3314 γὰρ
3038 3236 3252 3301 πάντως
3278 3241 3368 3292 καὶ
3396 3232 3698 3314 μέμνησθε,

2039 3315 2121 3367 ὅτι
2163 3313 2292 3384 περὶ
2332 3311 2433 3382 τῆς
2465 3310 2557 3364 τοῦ
2587 3310 2871 3383 ἀνθρώπου
2903 3311 3245 3380 διαπλάσεως
3268 3310 3701 3390 ἀρξάμενοι’δια..

2039 3394 2313 3462 λέγεσθαι,
2345 3392 2450 3446 ὑπὸ
2475 3392 2568 3445 τοῦ
2599 3389 2791 3471 καιροῦ
2818 3395 3316 3465 στενοχωρηθέντες
3344 3389 3443 3452 οὐκ
3477 3402 3700 3471 ἰσχύσα-

2044 3491 2142 3544 μεν
2164 3473 2327 3553 παντὶ
2349 3471 2654 3553 ἐπεξελθεῖν
2673 3470 2752 3553 τῷ
2779 3472 3186 3553 ἀναγνῶσματι,
3214 3476 3327 3529 ἀλλ’
3361 3479 3438 3541 εἰς
3462 3470 3558 3533 τὸν
3573 3483 3702 3553 περὶ

2039 3553 2145 3606 τῶν
2177 3551 2379 3623 θηρίων
2412 3551 2564 3620 λόγον
2588 3551 2684 3620 τὴν
2718 3550 3064 3605 διδασκαλίαν
3107 3554 3432 3627 ὲτελέεαμεν
3457 3550 3700 3616 δεικνύν-

2038 3649 2150 3696 τες,
2182 3633 2266 3711 ὃτι
2294 3633 2392 3711 τὴν
2425 3631 2544 3711 κατ’
2571 3629 2748 3682 αὑτῶν
2780 3629 2954 3711 ἀρχὴν
2982 3631 3244 3711 πρότερον
3267 3634 3402 3706 ἔχων
3434 3639 3462 3690 6
3492 3639 3701 3711 ἄνθρω-

2039 3710 2284 3790 πρςνῗδιᾲ
2305 3710 2419 3790 -τὴγ
2453 3709 2549 3779 τῆς
2580 3709 2860 3790 παρακοῆς
2881 3709 3171 3790 ⁸ἁμαρτίαν
3197 3713 3400 3783 ταύτην
3429 3709 3698 3790 ἀφῃρέθη.

2039 3789 2129 3842 Διὸ
2162 3788 2459 3859 βουλόμεθα
2507 3791 2741 3858 σήμερον
2772 3788 2840 3840 τά
2881 3787 3174 3860 λειπόμενα
3222 3793 3349 3862 ὑμῖν
3388 3787 3697 3866 ἀποδόντες,

2039 3867 2209 3931 οὑτως
2240 3869 2382 3936 ὑμᾶς
2415 3867 2658 3920 ἐντεῦθεν
2692 3867 3033 3938 ἀποπέμψαι.
3071 3868 3210 3922 Ἀλλ’
3237 3872 3322 3926 ἵνα
3363 3874 3491 3944 ὑμῖν
3524 3881 3700 3950 σαφὴς

2039 3947 2194 4016 ήμῶν
2219 3948 2246 3999 ὁ
2273 3946 2426 4014 λόγος
2453 3946 3021 4024 γένηται,γάναγκαίον
3069 3948 3212 4018 ὑμᾶς
3236 3951 3563 4024 ὑπομνῆσαι,
3594 3946 3698 4012 ποῦ

2037 4026 2159 4079 τότε
2195 4027 2295 4108 τὴν
2334 4023 2677 4108 διδασκαλίαν
2701 4023 2720 4062 ί
2757 4025 3145 4108 κατελύσαμεν,
3178 4030 3260 4083 ἵνα
3289 4023 3496 4088 ἐκεῖθεν
3529 4037 3698 4108 ἀρξά-

2043 4123 2212 4178 μενοι,
2241 4104 2382 4158 οὖτω
2413 4103 2483 4156 τὰ
2521 4103 2772 4158 λείποντα
2815 4106 3315 4180 ἀναπληρώσωμεν.
3351 4113 3461 4168 Ποῦ
3490 4103 3699 4173 οὖντὸν

2039 4186 2194 4256 λόγον
2230 4185 2352 4267 τότε
2398 4182 2806 4267 κατελύσαμεν;
2839 4185 3102 4267 ,Εἰπόντες
3129 4189 3210 4252 εἰς
3260 4191 3354 4259 τὸ,
3392 4193 3506 4267 [75]
3524 4198 3700 4266 Ποιή-

2041 4281 2241 4336 σωμεν
2281 4264 2592 4332 ἄνθρωπον
2641 4264 2767 4317 κατ’
2799 4266 3000 4320 εἰκόνα
3045 4268 3372 4337 ἡμετέραν,
3395 4264 3517 4329 ήκάι
3569 4264 3700 4334 καθ’

2042 4345 2344 4414 ὁμοίωσιν,
2380 4344 2475 4396 καί
2519 4341 2868 4409 ἀρχέτωσαν
2909 4342 3027 4397 τῶν
3068 4347 3288 4414 ἰχθύων
3326 4349 3437 4419 τῆς
3475 4354 3702 4409 θαλάσ-

2039 4440 2176 4491 σης,
2218 4423 2317 4477 καί
2349 4421 2467 4476 τῶν
2496 4419 2781 4501 πετεινῶν
2803 4421 2909 4476 τοῦ
2938 4425 3219 4490 οὐρανοῦ,
3245 4429 3431 4501 ἐπειδὴ
3462 4433 3540 4496 είς
3564 4435 3699 4488 πολὺ

2043 4503 2214 4587 μῆκος
2241 4505 2270 4556 6
2299 4501 2454 4587 λόγος
2484 4498 2736 4587 ἐξετάθη,
2755 4501 2852 4587 καὶ
2871 4501 3014 4587 ,πολὺ
3062 4504 3294 4574 πέλαγος
3339 4498 3472 4580 ἡμῖν
3503 4513 3698 4587 ἐτέχθη

2039 4583 2346 4654 νοημάτων,
2376 4581 2436 4634 οὑ
2469 4579 2818 4662 συνεχωρήθη
2859 4581 2992 4662 ἡμῖν
3040 4579 3697 4662 περαιτέρωπροελθεῖν,

2039 4663 2176 4743 ἀλλά
2221 4662 2383 4734 μέχρι
2425 4659 2865 4743 τούτου-στάντες
2891 4660 3002 4743 τῶν
3037 4663 3163 4734 ἐξῆς
3206 4666 3306 4720 οὑκ
3349 4659 3697 4743 ἐφηψάμεθα.

2039 4741 2239 4812 Διόπερ
2267 4741 2561 4808 ἀναγκαῖον
2591 4736 2687 4792 νῦν
2714 4739 2883 4810 αὐτὴν
2909 4739 3009 4811 τὴν
3032 4743 3353 4798 ἀκολουθίαν
3390 4736 3699 4816 ἀναγνῶναι

2041 4822 2134 4875 ἐπὶ
2159 4821 2257 4891 τῆς
2280 4821 2545 4892 ὑμετέρας
2573 4819 2812 4890 ἀγάπης,
2835 4819 2920 4874 ἵνα
2949 4821 3144 4875 εἰδέναι
3168 4823 3360 4893 ἔχοιτε,
3386 4826 3506 4880 τίνα
3527 4828 3696 4891 ἐστὶν,

2039 4901 2076 4982 ἀ
2107 4901 2370 4982 μέλρρμεν
2404 4903 2546 4982 ἐρεῖν
2569 4899 2726 4982 *πρδς
2760 4900 3178 4982 ὑμᾶςηΕὑθέως
3223 4900 3316 4982 οὖν
3356 4906 3636 4976 ἐπήγαγεν
3665 4911 3700 4982 ἡ

2042 4979 2161 5034 θεία
2187 4981 2371 5053 Γραφή
2393 4998 2407 5011 ο
2432 4980 2541 5034 Καὶ
2557 4979 2847 5045 ἐποίησεν
2863 4981 2896 5031 ό
2918 4977 3061 5042 Θεὸς
3088 4979 3194 5032 τὸν
3208 4981 3521 5050 ἄνθρωπον
3539 5003 3553 5017 ⁸
3571 4977 3699 5043 κατ’ς

2039 5066 2243 5120 εἰκόνα
2263 5065 2412 5118 Θεοῦ
2435 5062 2726 5128 ἐποίησεν
2753 5062 2939 5114 αὐτόν
2956 5078 2970 5091 ·
2999 5060 3186 5130 ἄρσεν
3206 5067 3304 5119 καί
3325 5067 3478 5137 θῆλυ
3499 5072 3702 5144 ἐποίη-

2040 5163 2152 5202 σεν
2177 5148 2416 5213 αὐτούς.
2449 5145 2557 5199 Καὶ
2583 5145 2923 5212 εὐλόγησεν
2947 5147 3168 5214 αὐτοὺς
3207 5153 3240 5204 ό
3282 5152 3444 5220 Θεὸς,
3467 5156 3660 5228 λέγων
3684 5177 3698 5190 ο

2039 5230 2407 5297 Αὺξάνεσθε,
2447 5228 2545 5282 καί
2594 5229 3010 5294 πληθύνεσθε,
3056 5232 3151 5284 καί
3192 5235 3548 5303 πληρώσατε
3589 5241 3703 5310 τὴν

2040 5314 2174 5387 γῆν,
2226 5314 2323 5367 καὶ
2365 5311 2869 5378 κατακιφιεύσατε
2913 5311 3130 5378 αῠτῆς’
3176 5317 3274 5370 καί
3319 5319 3530 5389 ἄρχετε
3585 5322 3704 5375 τῶν

2041 5399 2261 5466 ἰχθύων
2289 5395 2400 5464 τῆς
2427 5393 2764 5460 θαλάσσης,
2799 5395 2896 5448 καί
2926 5393 3046 5450 τῶν
3071 5400 3358 5455 πετεινῶν
3394 5405 3499 5457 τοῦ
3529 5407 3702 5471 οὐρα-

2038 5482 2172 5545 νοῦ,
2203 5481 2300 5534 καί
2330 5479 2574 5534 πάντων
2599 5477 2717 5531 τῶν
2755 5479 3010 5546 κτηνῶν,
3042 5483 3142 5535 καί
3180 5483 3383 5553 πάσης
3419 5485 3528 5554 τῆς
3565 5486 3698 5556 τῆς,

2038 5567 2136 5621 καί
2165 5564 2408 5619 πάντων
2431 5561 2547 5616 τῶν
2567 5562 2828 5632 ἑρπετῶν
2845 5564 2965 5618 τῶν
2985 5566 3290 5633 ἑρπόντων
3309 5569 3407 5621 ἐπὶ
3431 5568 3540 5634 τῆς
3564 5569 3697 5637 γῆς.

2039 5648 2253 5722 Βραχέα
2285 5645 2354 5700 τά
2391 5647 2630 5717 ῥήματα,
2659 5645 2794 5702 ἀλλά
2836 5647 3002 5711 πολὺς
3028 5649 3056 5702 6
3085 5649 3398 5720 ἐγκείμενος
3429 5649 3699 5721 θησαυρὸς

2106 5868 2129 5923 ε
2151 5857 2298 5923 ξυνῇ.
2324 5863 2377 5908 el
2398 5871 2483 5907 sex
2503 5871 2621 5923 mss.
2641 5859 2721 5923 τὸν
2735 5859 2968 5923 ἄκρατον,
2992 5860 3215 5919 intellige
3237 5859 3382 5910 οἶνον.

2107 5915 2128 5958 ί
2148 5918 2345 5970 Coislin.
2375 5926 2456 5979 τῆς
2497 5915 2819 5979 ὃιδασκαλίαςξ
2937 5933 2941 5937 ’
