4018 6136
333 325 410 383 85
1441 323 1516 379 ὙΝ
1555 326 1708 381 CAP.
1750 325 1793 380 1.
1833 323 1939 381 GEl

2045 325 2075 380 ι.
2119 325 2352 384 1103111...
2395 328 2463 383 Χ.
3561 335 3637 392 86

333 435 545 494 verbis.
605 437 806 507 Spiritu
853 437 995 492 enim
1039 436 1264 507 loquens
1309 437 1494 493 beatus
1524 438 1612 492 hic
1653 439 1932 509 propheta,

335 546 483 586 nunc
507 545 610 586 nos
638 544 830 585 arcana
857 527 1097 600 quaedam
1123 528 1317 584 docere
1341 531 1470 584 vult.
1499 531 1628 585 Nam
1661 541 1935 601 postquam

332 621 496 684 dixit,
528 619 808 674 Faciamus
834 621 1107 682 Immineat,
1137 631 1190 676 ct
1227 622 1527 685 consilium,
1557 632 1630 688 et,
1666 633 1724 677 ut
1753 624 1821 677 ita
1851 624 1937 678 di-

335 729 482 780 cam,
516 715 754 768 studium
786 714 1024 768 adhibuit
1049 716 1288 770 omnium
1330 716 1538 786 Opifex,
1569 727 1625 772 ut
1650 717 1751 772 hoc
1779 719 1935 773 sche-

336 817 486 862 mate
513 807 777 862 formandi
801 807 1029 862 hominis
1055 808 1361 877 dignitatem
1385 809 1710 874 ostenderet,
1737 819 1791 864 et
1814 819 1937 865 ante

338 898 725 953 formationem
778 899 937 953 etiam
989 898 1224 961 doceret,
1280 909 1532 969 quantum
1585 902 1936 969 principatum

340 990 628 1045 formando
650 991 850 1044 homini
873 991 1092 1046 daturus
1115 1001 1275 1046 esset.
1302 993 1478 1062 Itaque
1496 1010 1617 1048 cum
1635 994 1766 1047 dixit
1790 1011 1802 1046 :
1826 993 1937 1046 Fa-

338 1082 545 1135 ciamus
570 1082 824 1134 hominem
860 1083 1136 1135 sccundum
1180 1084 1448 1152 imaginem
1493 1095 1737 1150 nostram,
1785 1093 1830 1136 et
1855 1100 1937 1137 se-

339 1172 573 1224 cundum
599 1172 1005 1236 similitudinem;
1045 1173 1299 1236 subdidit,
1356 1184 1402 1228 et
1433 1175 1754 1228 dominentur
1783 1176 1938 1244 pisci-

339 1262 435 1316 bus
491 1265 670 1317 maris.
705 1264 837 1317 Vide
873 1265 1142 1333 quomodo
1190 1267 1365 1320 statim
1397 1267 1462 1319 ab
1494 1268 1643 1322 initio
1685 1267 1936 1323 latentctn

301 1356 505 1436 'nobis
556 1357 861 1410 thesaurum
921 1357 1270 1411 demonstrat.
1318 1358 1515 1427 Spiritu
1560 1360 1700 1413 enim
1755 1361 1940 1415 divino

342 1448 580 1518 loquens
624 1448 906 1518 prephcta,
954 1465 1073 1518 qum
1104 1449 1336 1504 nondum
1380 1451 1756 1514 subsistebant,
1788 1453 1940 1522 quasi

342 1539 694 1592 subsistentia
725 1549 778 1592 et
809 1538 942 1592 facta
973 1539 1137 1593 videt.
1173 1540 1351 1607 Quare
1378 1556 1526 1608 ergo,
1559 1541 1661 1606 die,
1691 1542 1937 1608 obsecro,

341 1641 404 1684 ut
433 1631 592 1693 dixit,
627 1629 900 1685 Faciamus
931 1632 1202 1697 hominem,
1231 1649 1372 1687 nunc
1397 1635 1550 1698 dixit,
1577 1633 1642 1687 Et
1670 1634 1938 1688 dominen-

344 1721 460 1774 tur?
483 1719 760 1776 Occultum
784 1719 938 1774 nobis
963 1729 1353 1776 sacramentum
1382 1722 1466 1777 hic
1482 1726 1589 1791 jam
1612 1739 1940 1792 consequen-

343 1821 430 1866 ter
455 1810 715 1866 declarat.
747 1811 971 1878 Quinam
1012 1811 1384 1867 dominentur?
1421 1812 1657 1868 Mulieris
1694 1813 1942 1868 videlicet

346 1905 584 1960 innuens
625 1904 992 1959 formationem
1025 1904 1124 1958 hoc
1149 1905 1299 1960 dixit.
1334 1906 1493 1960 Vides
1519 1907 1783 1978 quomodo
1810 1906 1940 1961 nihil

345 1995 492 2050 inest
520 1995 713 2049 divinis
741 1995 934 2050 Literis
965 2005 1168 2052 temere
1195 2007 1246 2052 et
1271 1997 1468 2068 absque
1489 2013 1645 2052 causa
1689 1999 1937 2067 positum,

345 2085 620 2155 etiamque
662 2087 882 2141 verbum
930 2086 1070 2156 quod
1101 2087 1376 2142 fortuitum
1407 2087 1570 2143 videri
1601 2097 1802 2159 posset,
1830 2105 1947 2144 ma-

345 2191 513 2246 gnum
548 2178 854 2232 thesaurum
883 2179 935 2232 in
960 2194 1018 2233 se
1045 2179 1299 2235 latentem
1325 2181 1582 2235 continet.

418 2271 474 2323 4.
515 2271 582 2324 Et
603 2287 668 2325 ne
715 2271 964 2338 mireris,
1005 2271 1231 2339 dilecte,
1279 2272 1420 2342 quod
1457 2273 1658 2328 dictum
1689 2282 1792 2328 est.
1822 2274 1939 2328 Mos

347 2362 496 2415 enim
532 2361 615 2415 hic
641 2371 721 2416 est
749 2361 1123 2432 prophetarum
1150 2363 1411 2428 omnium,
1438 2363 1505 2418 de
1529 2363 1764 2418 nondum
1791 2363 1942 2418 factis

349 2463 410 2508 ut
449 2455 522 2509 de
550 2453 703 2509 factis
731 2456 893 2526 loqui.
928 2455 1061 2523 Quia
1089 2457 1231 2511 enim
1263 2457 1580 2512 mentalibus
1604 2459 1772 2513 oculis
1797 2458 1944 2513 vide-

349 2546 483 2601 bant
523 2563 642 2617 quze
689 2558 808 2618 post
855 2549 1142 2603 multorum
1189 2564 1448 2604 annorum
1487 2550 1748 2606 curricula
1788 2557 1944 2604 erant

351 2640 535 2694 futura
561 2682 576 2705 ,
629 2641 826 2696 idcirco
850 2643 998 2712 quasi
1031 2659 1171 2698 nunc
1210 2644 1280 2698 ob
1304 2645 1486 2699 oculos
1529 2645 1700 2716 posita
1736 2655 1944 2714 specta-

349 2740 514 2799 rent,
567 2731 639 2786 ita
684 2741 873 2788 cuncta
915 2734 1219 2789 narrabant.
1273 2735 1342 2790 Et
1380 2751 1485 2805 quo
1519 2735 1801 2792 manifeSIe
1842 2736 1945 2792 hoc

349 2823 516 2890 scias,
543 2824 665 2878 audi
689 2825 902 2879 beatum
932 2825 1184 2880 Davidem
1213 2819 1497 2892 dicentem,
1525 2836 1580 2883 et
1598 2837 1721 2884 ante
1743 2837 1818 2884 tot
1843 2844 1944 2883 sm-

348 2917 468 2968 cula
516 2918 888 2972 vaticinantem
915 2919 984 2974 de
1025 2933 1183 2974 cruce
1210 2919 1444 2986 Christi,
1490 2930 1544 2976 ct
1573 2921 1890 2976 clamantem
1925 2940 1940 2974 τ

348 3007 618 3063 Foderunt
649 3027 826 3065 manus
853 3027 988 3065 meas
1017 3021 1062 3065 et
1090 3012 1238 3082 pedes
1261 3029 1396 3067 meos
1420 3031 1436 3078 ;
1462 3023 1515 3068 et
1545 3015 1765 3080 iterum,
1793 3013 1941 3068 Divi-

347 3111 525 3154 serunt
551 3103 838 3156 vestimenta
858 3119 967 3156 mea
991 3104 1084 3156 sibi
1115 3103 1282 3177 (Psal.
1310 3105 1400 3159 21.
1437 3105 1522 3159 17.
1553 3115 1598 3158 ει
1639 3105 1752 3176 19).
1784 3105 1943 3161 Vides

347 3193 622 3261 quomodo
647 3204 767 3262 post
793 3195 1005 3263 longum
1035 3205 1244 3266 tempus
1274 3195 1470 3262 futura,
1501 3199 1648 3267 quasi
1671 3198 1779 3266 jam
1805 3197 1941 3252 facta

348 3287 641 3356 przcdixit?
683 3288 770 3343 Sic
797 3297 850 3342 et
897 3289 1083 3344 beatus
1111 3290 1198 3344 hic
1228 3291 1482 3360 prepheta
1516 3292 1624 3358 jam
1670 3291 1941 3347 insinuans

348 3380 511 3434 nobis
539 3380 779 3434 mulieris
825 3381 1193 3437 formationem
1219 3425 1233 3448 ,
1280 3384 1608 3453 :cnigmatice
1638 3393 1692 3438 et
1715 3385 1941 3440 obscure

349 3471 484 3525 dicit
521 3491 534 3524 :
586 3471 651 3524 Et
686 3472 1006 3525 dominentur
1044 3475 1262 3544 piscibus
1308 3475 1482 3527 maris.
1534 3475 1600 3528 Et
1629 3489 1942 3543 progressus

349 3564 494 3618 ultra
526 3564 857 3618 manifestius
887 3566 1089 3634 inquit,
1133 3565 1200 3618 Et
1229 3566 1344 3634 fecit
1376 3563 1510 3619 Deus
1538 3567 1826 3630 hominem;
1863 3583 1942 3619 se-

349 3655 573 3710 cundum
607 3657 876 3726 imaginem
901 3655 999 3710 Dei
1037 3657 1153 3726 fecit
1194 3658 1377 3723 illum;
1405 3657 1685 3710 masculum
1722 3666 1767 3708 et
1789 3657 1940 3727 femi-

351 3765 476 3800 nam
507 3749 623 3817 fecit
646 3749 782 3803 illos.
825 3748 1202 3803 Animadverte
1237 3757 1431 3818 quanta
1463 3763 1590 3802 usus
1611 3756 1690 3802 est
1720 3762 1938 3802 accura-

352 3839 523 3908 tioue,
551 3842 716 3895 semel
743 3850 904 3910 atque
933 3842 1124 3896 iterum
1157 3841 1295 3895 idem
1326 3841 1508 3896 dicens
1529 3882 1544 3907 ,
1582 3849 1639 3894 ut
1663 3841 1715 3895 in
1744 3841 1940 3895 menti-

353 3930 458 3986 bus
509 3932 811 3986 auditorum
842 3932 978 3986 bene
1022 3931 1208 4002 reponi
1256 3932 1462 4002 possint
1506 3948 1624 4002 qua:
1669 3933 1937 3987 dicuntur.

353 4024 468 4079 Nisi
510 4025 652 4079 enim
681 4025 781 4079 hoc
800 4025 849 4080 ei
879 4041 1020 4078 curre
1053 4025 1274 4090 fuisset,
1307 4023 1605 4080 sufficiebat
1629 4026 1841 4091 dicere,
1875 4025 1940 4079 Et

357 4117 476 4186 fecit
511 4115 651 4168 Deus
681 4116 933 4169 hominem
963 4133 980 4168 :
1006 4115 1101 4170 sed
1132 4115 1320 4169 iterum
1351 4116 1601 4184 apponit,
1649 4116 1939 4170 Secundum

352 4207 626 4277 imaginem
650 4205 746 4260 Dei
770 4207 888 4278 fecit
917 4207 1082 4260 illum.
1129 4207 1412 4277 Postquam
1441 4206 1585 4260 enim
1625 4221 1722 4262 nos
1760 4206 1940 4261 docuit

354 4311 452 4366 per
476 4296 848 4366 prazcedentia,
875 4297 999 4367 quid
1031 4298 1132 4364 sit,
1179 4297 1471 4352 Secundum
1504 4297 1806 4368 imaginem,
1841 4299 1938 4354 de-

352 4402 463 4443 nuo
501 4403 564 4442 ea
607 4388 675 4444 de
721 4403 880 4443 causa
910 4389 994 4444 hic
1033 4389 1277 4445 eumdem
1306 4391 1498 4459 repetit
1520 4405 1820 4446 sermonem
1841 4432 1856 4457 ,
1887 4400 1942 4445 et

353 4480 519 4535 dicit:
552 4479 847 4535 Secundum
861 4480 1133 4551 imaginem
1163 4481 1258 4539 Dei
1281 4482 1395 4551 fecit
1416 4498 1548 4534 eum.
1572 4481 1638 4535 Et
1668 4489 1725 4534 ut
1751 4497 1818 4535 ne
1843 4481 1942 4535 im-

356 4569 643 4640 pudentem
691 4571 904 4641 quidem
949 4571 1275 4626 defensionis
1321 4580 1636 4640 prmtextum
1676 4571 1941 4640 relinquat

355 4663 607 4718 Ecclesia:
635 4664 881 4732 dogmata
929 4665 1242 4733 impugnare
1283 4664 1617 4729 volentibus,
1671 4663 1938 4733 paululum

357 4770 672 4825 progressus
715 4755 856 4810 idem
904 4755 1096 4811 iterum
1128 4756 1322 4821 docet,
1357 4755 1500 4824 quod
1529 4756 1650 4810 ideo
1694 4756 1940 4826 imaginis

353 4848 570 4902 nomine
598 4863 724 4902 usus
751 4849 837 4912 sit,
868 4849 1006 4917 quod
1037 4849 1393 4917 imperaturus
1421 4890 1436 4914 ,
1481 4857 1536 4902 et
1579 4848 1680 4902 sub
1708 4864 1766 4903 se
1790 4865 1941 4904 crea-

356 4950 501 4993 turas
527 4953 714 4992 omnes
744 4938 1019 4994 habiturus
1045 4949 1204 4994 esset.
1237 4939 1352 4994 Jam
1389 4941 1659 4994 videamus
1702 4940 1826 5010 quid
1855 4940 1938 4994 di-

350 5043 423 5085 Cll
451 5051 462 5085 :
497 5031 562 5084 Et
583 5033 701 5102 fecit
731 5031 869 5085 Deus
904 5033 1193 5098 hominem;
1225 5033 1498 5087 secundum
1545 5034 1816 5103 imaginem
1842 5031 1939 5085 Dei

353 5123 469 5190 fecit
499 5124 644 5177 illum
682 5141 704 5189 ;
732 5126 1015 5177 masculum
1049 5134 1095 5178 et
1125 5127 1363 5196 feminam
1388 5127 1502 5195 fecit
1525 5126 1659 5180 illos.
1697 5125 1752 5179 Id
1797 5125 1937 5194 quod

350 5233 510 5286 supra
543 5216 924 5282 insinuaverat,
952 5217 1156 5279 dicens,
1191 5218 1255 5271 Et
1285 5218 1622 5284 dominentur,
1655 5219 1740 5272 hic
1768 5217 1939 5271 maui-

353 5312 536 5364 festius
571 5311 740 5374 dixit;
771 5311 997 5381 idipsum
1039 5319 1216 5365 tamen
1257 5311 1598 5366 reconditiori
1645 5310 1805 5364 modo
1841 5326 1938 5365 nos

352 5401 554 5455 docens
588 5421 601 5456 :
637 5401 871 5455 nondum
910 5402 1052 5456 enim
1089 5401 1154 5456 de
1194 5401 1509 5457 formatione
1529 5402 1806 5469 docuerat,
1841 5419 1937 5458 ne-

351 5510 456 5561 que
493 5493 698 5550 dixerat
739 5494 881 5549 unde
922 5495 1115 5549 mulier
1157 5495 1410 5563 producta
1445 5513 1458 5548 :
1490 5494 1776 5549 Masculum
1804 5537 1819 5562 ,
1859 5499 1940 5550 in-

351 5587 501 5654 quit,
544 5596 590 5639 et
615 5588 854 5656 feminam
899 5587 1017 5658 fecit
1055 5587 1190 5640 illos.
1231 5585 1421 5641 Vidisti
1451 5586 1752 5656 quomodo,
1795 5588 1936 5659 quod

354 5678 587 5732 nondum
613 5678 809 5732 factum
831 5719 845 5743 ,
878 5679 1024 5749 quasi
1051 5681 1160 5748 jam
1191 5677 1386 5733 factum
1418 5679 1694 5733 narravit?
1738 5679 1934 5748 Hujus-

352 5770 496 5827 taodi
522 5779 643 5826 sunt
669 5771 808 5826 oculi
837 5771 1137 5842 spiritualcs
1168 5789 1180 5826 :
1210 5773 1538 5842 nequeenim
1570 5781 1771 5826 tantum
1799 5787 1934 5843 pra:-

2050 449 2191 494 stare
2237 453 2459 511 possunt
2496 445 2800 514 corporales
2831 446 2882 501 hi
2933 447 3093 512 oculi,
3123 447 3211 518 qui
3247 449 3466 506 visibilia
3511 467 3632 506 cer-

2048 541 2200 596 nunt,
2223 541 2478 600 quantum
2497 535 2632 588 oculi
2661 536 2899 603 spiritus,
2927 539 3016 605 qui
3035 553 3096 592 ea
3119 555 3236 608 qua:
3259 556 3362 594 non
3383 540 3632 595 videntur

2046 637 2220 692 neque
2261 624 2584 688 subsistunt,
2641 626 2822 681 videre
2863 639 3103 696 possunt.
3158 630 3314 698 Igitur
3359 642 3413 684 ut
3461 631 3629 688 dixit.

2049 715 2338 770 Masculum
2375 726 2423 771 et
2447 719 2686 788 feminam
2714 721 2828 790 fecit
2863 720 2998 783 illos,
3031 723 3179 790 quasi
3220 725 3427 789 utrique
3466 723 3630 778 benc-

2047 806 2333 860 dictionem
2358 807 2528 872 daret,
2558 809 2686 864 dicit
2714 827 2727 864 :
2762 810 2826 863 Et
2844 812 3090 865 benedixit
3119 809 3221 867 illii
3253 815 3408 880 Deus,
3441 816 3627 880 dicens,

2046 896 2279 964 Crescite,
2309 908 2354 951 et
2384 899 2814 968 multiplicamini,
2850 911 2893 953 et
2920 903 3120 970 implete
3148 914 3331 957 tenam
3354 946 3368 969 ,
3401 917 3445 958 et
3469 906 3630 958 clomi-

2043 989 2238 1040 namiui
2285 989 2396 1051 illi,
2443 1000 2488 1042 et
2528 991 2768 1056 imperate
2810 992 3028 1062 piscibus
3081 995 3250 1047 maris.
3286 995 3425 1050 Ecce
3469 1012 3628 1065 quam

2044 1082 2284 1135 eminens
2309 1081 2628 1136 benedictio.
2668 1083 2798 1138 Nam
2831 1084 2952 1149 hoc,
2984 1087 3218 1148 Crescite,
3248 1099 3293 1140 et
3321 1089 3629 1154 multiplica-

2045 1175 2202 1240 mini,
2235 1186 2280 1228 et
2307 1176 2508 1243 implete
2534 1187 2719 1230 terram
2739 1218 2753 1238 ,
2800 1180 2956 1232 etiam
2985 1178 3052 1232 de
3079 1180 3246 1233 brutis
3274 1181 3590 1234 animalibus
3609 1221 3628 1246 ,

2045 1277 2100 1320 et
2130 1267 2406 1336 reptilibus
2430 1265 2628 1321 dictum
2651 1278 2733 1322 est
2765 1285 2778 1319 :
2807 1267 2900 1322 sed
2925 1310 2941 1335 ,
2989 1269 3330 1322 Dominamini
3349 1311 3363 1334 ,
3393 1282 3437 1324 et
3472 1274 3630 1338 impc-

2044 1367 2181 1419 rate.
2226 1359 2292 1414 de
2314 1360 2428 1413 viro
2453 1369 2507 1414 et
2541 1361 2766 1415 muliere
2809 1361 3028 1415 dictum.
3073 1363 3204 1416 Vide
3251 1364 3626 1432 benignitatem

2047 1452 2256 1505 Domini
2290 1470 2303 1506 :
2333 1462 2617 1522 antequam
2662 1455 2936 1509 mulierem
2966 1455 3222 1523 producat
3255 1495 3276 1522 ,
3320 1459 3626 1525 participem

2045 1545 2187 1599 illam
2217 1545 2341 1598 facit
2373 1546 2577 1616 imperii
2597 1587 2612 1610 ,
2637 1555 2691 1600 et
2717 1547 3102 1602 benedictionis
3129 1548 3330 1602 honerc
3360 1549 3628 1616 dignatur.

2048 1635 2114 1688 Et
2143 1637 2412 1701 imperate,
2444 1638 2515 1690 ait
2537 1678 2552 1703 ,
2581 1638 2796 1707 piscibus
2825 1640 3000 1706 maris,
3029 1649 3076 1692 et
3101 1639 3383 1694 volatilibus
3413 1642 3521 1694 caeli
3540 1684 3554 1703 ,
3584 1651 3630 1694 et

2046 1727 2276 1780 omnibus
2301 1730 2580 1798 pecoribus,
2608 1740 2652 1782 et
2678 1731 2919 1783 universa:
2952 1741 3116 1797 ten-te,
3145 1741 3189 1783 et
3216 1731 3443 1784 omnibus
3472 1733 3628 1800 repti-

2046 1817 2194 1883 libus,
2219 1834 2329 1887 qua:
2346 1830 2528 1885 repunt
2552 1836 2703 1889 super
2729 1830 2932 1873 terram.

2117 1910 2171 1964 5.
2202 1909 2390 1964 Vidisti
2418 1911 2822 1966 iueuarrabilem
2852 1915 3204 1980 potestatem?
3227 1913 3398 1966 vidisti
3430 1914 3625 1982 princi-

2045 2011 2198 2072 patus
2220 2003 2680 2072 magnitudinem?
2708 2003 2883 2058 vidisti
2910 2005 3122 2058 condita
3151 2006 3325 2058 omnia
3354 2005 3452 2059 sub
3475 2005 3629 2073 hujus

2045 2105 2360 2166 potestatem
2392 2096 2646 2150 redacta?
2673 2096 2813 2150 Nihil
2857 2098 3080 2166 posthac
3119 2097 3387 2152 mediocre
3431 2098 3497 2150 de
3545 2113 3629 2152 ra-

2048 2188 2229 2242 tionali
2273 2188 2374 2242 hoc
2419 2188 2636 2242 animali
2683 2188 3027 2259 imagineris,
3073 2189 3167 2243 sed
3210 2190 3382 2257 cogita
3413 2189 3629 2243 honoris

2046 2277 2496 2347 magnitudinem,
2539 2288 2593 2334 et
2615 2279 2821 2333 Domini
2847 2295 2968 2348 erga
3002 2280 3123 2333 illud
3155 2280 3576 2335 benevolentiam
3611 2321 3625 2340 ,

2045 2370 2430 2438 obstupescens
2473 2370 2613 2424 illius
2656 2371 2970 2425 immensam
3009 2379 3063 2424 ct
3092 2371 3498 2425 inenarrabilem
3531 2371 3624 2424 he-

2045 2460 2375 2529 nignitatem.
2405 2460 2495 2515 29.
2526 2459 2592 2513 Et
2618 2461 2746 2515 dixit
2774 2460 2912 2515 Deus
2934 2478 2952 2515 :
2979 2460 3114 2515 Ecce
3136 2461 3250 2514 dedi
3275 2460 3410 2514 vobis
3431 2476 3628 2513 omnem

2047 2552 2250 2606 herbam
2291 2554 2538 2617 sativam;
2581 2554 2834 2606 seminans
2875 2569 3038 2607 semen
3080 2552 3214 2622 quod
3247 2562 3319 2606 est
3345 2569 3497 2621 super
3527 2562 3627 2604 ter-

2045 2661 2155 2698 ram
2183 2661 2202 2697 :
2231 2654 2278 2698 et
2301 2661 2444 2697 omne
2471 2645 2683 2714 lignum,
2712 2645 2846 2714 quod
2862 2644 3014 2698 habet
3043 2645 3094 2697 in
3121 2647 3282 2712 seipso
3304 2647 3519 2715 fructum
3545 2659 3627 2696 sc—

2047 2737 2195 2789 minis
2223 2736 2367 2788 sativi
2391 2777 2406 2800 ,
2455 2737 2590 2789 vobis
2617 2737 2710 2789 erit
2735 2737 2786 2789 in
2815 2737 2978 2790 cibum
3003 2778 3018 2802 ,
3043 2737 3132 2790 50.
3171 2745 3216 2789 et
3245 2735 3473 2788 omnibus
3511 2735 3630 2804 feris

2048 2836 2194 2880 terra:
2216 2869 2231 2894 ,
2277 2837 2324 2881 et
2349 2828 2575 2882 omnibus
2601 2827 2884 2882 volatilibus
2911 2830 3022 2882 εαξΙί
3047 2869 3062 2892 ,
3119 2839 3165 2881 et
3192 2830 3329 2881 omni
3357 2829 3522 2896 reptili
3552 2843 3618 2879 re-

2047 2920 2183 2989 penti
2211 2936 2362 2989 super
2388 2929 2603 2983 terram,
2634 2920 2769 2988 quod
2796 2920 2939 2972 habet
2967 2921 3018 2972 in
3043 2920 3205 2987 seipse
3233 2921 3451 2971 animam
3479 2920 3592 2971 vita:
3609 2956 3624 2982 ,

2046 3021 2092 3064 et
2118 3027 2312 3063 omnem
2344 3011 2545 3064 herbam
2566 3011 2772 3064 viridem
2797 3012 2849 3064 in
2879 3012 3062 3064 cibum.
3098 3011 3162 3064 Et
3209 3011 3396 3080 factum
3434 3020 3506 3063 est
3536 3011 3626 3063 ita.

2047 3101 2180 3156 Vide
2199 3142 2214 3166 ,
2244 3101 2470 3156 obsecro
2487 3144 2502 3167 ,
2539 3103 2812 3156 carissime
2834 3143 2848 3166 ,
2888 3100 3172 3156 verborum
3194 3101 3514 3171 diligentiam
3533 3144 3546 3164 ,
3576 3111 3628 3156 et

2046 3195 2364 3250 ineffabilem
2407 3196 2499 3250 Dei
2550 3196 2926 3266 benignitatem
2953 3240 2967 3261 ,
3006 3206 3060 3252 et
3090 3213 3156 3251 ne
3196 3197 3318 3266 quid
3364 3196 3626 3250 dictorum

2043 3289 2357 3357 simpliciter
2403 3298 2705 3358 praetereas.
2751 3289 2816 3343 Et
2841 3290 2997 3354 dixit,
3041 3290 3246 3358 inquit,
3279 3287 3416 3342 Deus
3449 3304 3468 3340 :
3500 3287 3629 3340 Ecce

2045 3381 2161 3434 dedi
2207 3380 2342 3434 vobis
2391 3397 2588 3434 onmem
2635 3381 2840 3434 herbam
2889 3382 3101 3434 salivam
3133 3396 3152 3434 :
3192 3381 3339 3450 quasi
3386 3379 3452 3432 ad
3496 3380 3629 3433 duos

2045 3485 2222 3525 sermo
2249 3471 2339 3536 sit,
2367 3471 2611 3540 quamvis
2634 3471 2868 3525 nondum
2889 3472 3113 3524 audiere
3129 3471 3400 3540 producta.
3428 3468 3628 3523 Deinde

2044 3571 2100 3616 ut
2125 3561 2300 3616 discas
2327 3563 2673 3617 excellentem
2704 3563 2820 3631 ejus
2841 3564 3133 3617 bonitatem
3166 3604 3180 3626 ,
3209 3562 3330 3616 vide
3360 3561 3628 3630 quomodo

2044 3656 2366 3711 eminentem
2409 3656 2782 3727 benignitatem
2813 3696 2828 3720 ,
2887 3666 2943 3711 et
2989 3656 3176 3710 miram
3227 3655 3625 3714 liberalitatem.

2044 3766 2150 3804 non
2179 3750 2230 3803 in
2260 3750 2376 3804 viro
2404 3758 2454 3804 et
2481 3750 2704 3804 muliere
2733 3749 2965 3803 nondum
3002 3748 3221 3803 formata
3251 3749 3420 3802 solum
3451 3747 3629 3800 deela-

2043 3850 2146 3907 ret,
2179 3841 2270 3896 sed
2297 3850 2352 3896 et
2377 3841 2428 3894 in
2462 3841 2590 3911 ipsis
2609 3841 2796 3894 brutis.
2825 3839 2956 3894 Nam
2983 3848 3042 3892 ut
3071 3839 3202 3892 dixit
3229 3857 3242 3892 :
3286 3837 3433 3891 Vobis
3465 3837 3554 3888 erit
3575 3837 3626 3888 in

2042 3935 2237 3999 cibum,
2269 3933 2517 3998 subdidit,
2545 3932 2612 3986 Et
2633 3932 2861 3986 omnibus
2891 3933 3057 3986 bestiis
3082 3943 3244 3987 terrte.
3275 3931 3406 3986 Vide
3433 3933 3622 3985 iterum

2042 4027 2201 4080 aliam
2231 4026 2480 4096 abyssum
2517 4023 2879 4094 benignitatis.
2930 4023 3043 4078 Non
3081 4023 3222 4078 enim
3253 4023 3421 4076 solum
3461 4022 3626 4075 brutis

2043 4116 2370 4179 domesticis,
2401 4125 2454 4170 et
2481 4124 2664 4169 nostro
2688 4114 2804 4168 usui
2828 4113 3202 4178 servientibus,
3223 4112 3307 4165 vel
3333 4111 3395 4165 ad
3418 4111 3618 4171 cibum,

2042 4210 2127 4264 Vel
2173 4207 2237 4262 ad
2285 4207 2676 4271 ministerium,
2723 4207 2818 4262 sed
2859 4214 2913 4260 et
2938 4204 3066 4260 feris
3090 4204 3382 4274 prospexit.
3429 4203 3623 4273 Ecquis

2041 4315 2141 4370 pro
2167 4299 2420 4369 dignitate
2461 4298 2694 4368 attigerit
2732 4299 3042 4352 immensam
3086 4297 3240 4350 istam
3287 4293 3625 4350 bonitatem?

2052 4391 2203 4446 Vobis
2227 4392 2317 4444 erit
2342 4391 2395 4443 in
2420 4391 2619 4454 cibum,
2671 4389 2874 4459 inquit,
2918 4398 2964 4442 et
2993 4387 3219 4442 omnibus
3256 4387 3422 4442 bestiis
3448 4396 3620 4451 (errat,

2043 4495 2089 4538 et
2118 4482 2349 4536 omnibus
2367 4481 2650 4536 volatilibus
2676 4481 2807 4546 cwli,
2843 4487 2888 4534 et
2908 4481 3043 4533 omni
3072 4480 3242 4550 reptili
3264 4479 3455 4547 repenti
3473 4493 3640 4545 super,

2044 4585 2249 4638 terram,
2281 4573 2414 4641 quod
2435 4573 2582 4626 habet
2606 4573 2659 4625 in
2679 4571 2940 4640 semetipso
2960 4571 3182 4624 animam
3207 4571 3338 4629 vita.
3361 4579 3406 4624 et
3427 4584 3624 4623 omnem

2043 4666 2248 4720 herbam
2279 4664 2486 4720 viridem
2528 4664 2579 4716 in
2619 4663 2803 4717 cibmn.
2847 4662 3031 4732 Magna
3060 4662 3270 4716 Domini
3299 4675 3421 4730 erga
3454 4657 3625 4712 homi-

2046 4775 2170 4814 nem
2192 4801 2208 4825 ,
2256 4773 2412 4825 quem
2443 4756 2721 4820 condidit,
2771 4755 3070 4810 ostenditur
3100 4754 3448 4825 providentia.
3489 4750 3618 4805 Nam

2045 4859 2322 4921 postquam
2355 4851 2524 4918 ipsum
2558 4848 2833 4918 produxit,
2866 4857 2919 4901 et
2962 4846 3136 4900 omnis
3165 4854 3423 4899 creatura:
3449 4840 3618 4894 domi-

2043 4943 2191 4997 nium
2225 4942 2322 5011 ipsi
2351 4939 2602 5003 tradidit;
2633 4947 2776 4993 utne
2805 4937 2982 4992 statim
3005 4933 3615 5002 abinitiojumentorum

2041 5031 2432 5088 multitudinem
2477 5031 2661 5083 videns
2691 5027 3010 5082 stomachari
3060 5025 3261 5092 possit,
3316 5022 3462 5090 quasi
3513 5038 3618 5081 non

2041 5125 2307 5180 sufficeret
2335 5124 2400 5175 ad
2428 5119 2616 5175 alenda
2640 5126 2717 5172 tot
2741 5127 2794 5172 et
2827 5127 2970 5170 tanta
2996 5115 3243 5172 animalia
3275 5133 3286 5168 :
3316 5116 3624 5185 priusquam

2041 5217 2110 5272 de
2155 5217 2255 5270 hoc
2297 5215 2381 5268 vel
2425 5213 2708 5282 cogitaret,
2747 5210 2918 5263 bonus
2953 5209 3092 5262 Deus
3123 5207 3494 5276 pricveniendo
3523 5207 3630 5262 de—

2043 5310 2282 5364 mulcens
2311 5321 2433 5360 eum
2461 5346 2477 5368 ,
2507 5313 2562 5358 ut
2588 5305 2655 5356 ita
2685 5302 2856 5356 dicam
2879 5341 2893 5363 ,
2921 5311 2974 5354 et
3001 5299 3288 5354 ostendens
3314 5308 3417 5353 tam
3450 5299 3624 5367 ipsum

2041 5419 2199 5473 quam
2222 5401 2461 5470 jumenta
2489 5405 2542 5452 ct
2561 5397 2714 5450 bruta
2742 5395 2918 5448 omnia
2939 5436 2954 5460 ,
2983 5403 3247 5464 przecepto
3273 5392 3481 5446 Domini
3514 5408 3615 5444 om~

2043 5510 2166 5549 nem
2198 5494 2402 5562 capiam
2431 5489 2494 5542 ad
2525 5489 2637 5542 lucc
2664 5485 2871 5552 alenda,
2903 5497 3040 5540 terra
3069 5483 3470 5556 suppeditante,
3501 5495 3623 5534 esse

2041 5586 2344 5649 habituros,
2378 5590 2653 5652 postquam
2680 5579 2838 5644 dixit,
2883 5579 2998 5634 Erit
3026 5579 3162 5633 vobis
3186 5578 3239 5631 in
3265 5576 3470 5638 cibum;
3497 5585 3616 5626 mox

2040 5674 2330 5747 subjuugit,
2365 5674 2428 5730 Et
2451 5672 2677 5728 omnibus
2701 5671 2868 5727 bestiis
2895 5681 3068 5738 terraz,
3099 5679 3148 5724 et
3173 5664 3451 5725 volatilibus
3476 5663 3610 5729 creti,

2043 5782 2092 5828 et
2117 5769 2255 5826 omni
2287 5768 2450 5840 reptili
2485 5767 2676 5838 repenti
2702 5781 2850 5836 super
2875 5771 3057 5820 terram
3077 5802 3094 5830 ,
3132 5758 3267 5829 quod
3289 5754 3434 5810 habet
3458 5756 3509 5807 in
3535 5769 3617 5808 sc-
