4018 6136
339 326 410 382 ετ
1049 322 1104 378 5.
1145 312 1423 377 JOANNIS
1459 318 1933 378 CIIRYSOSTOMI
1966 319 2284 380 ARCﬂiEP.
2322 327 2865 390 CONSTANTINOP.
3537 347 3611 404 88

340 440 552 511 nti-(ipso
577 438 797 492 animum
827 438 957 504 viae,
995 445 1042 489 et
1067 451 1266 490 munem
1290 435 1495 489 herbam
1519 433 1728 488 viridem
1757 433 1809 487 in
1838 432 1913 486 ci-

343 534 480 582 bum.
522 528 587 582 Et
617 533 804 599 factum
825 527 1008 581 estita.
1053 524 1239 582 Omnia
1264 539 1614 597 quiecmnqne
1640 523 1925 594 imperavit

342 622 621 686 Conditor,
644 620 850 691 inquit,
878 634 1042 690 opere
1070 617 1304 689 perfecta
1332 626 1476 684 sunt,
1499 625 1554 671 et
1581 616 1758 671 omnia
1786 629 1927 671 concx

339 712 549 782 gruenti
582 712 769 766 ordine
794 722 920 767 sunt
942 712 1247 778 consdtuta,
1277 718 1558 782 propterea
1583 708 1761 765 statim
1790 708 1919 764 sub.

340 803 416 855 dit
462 821 474 857 :
507 803 596 858 51.
623 801 688 858 Et
722 795 843 859 vidit
870 803 1006 858 Deus
1032 804 1203 858 omnia
1228 817 1549 873 quacumque
1567 802 1704 872 fecit,
1736 809 1782 854 et
1809 814 1921 854 ecce

338 895 469 948 bona
492 896 657 953 valde.

420 985 474 1041 6.
498 988 633 1057 Quis
663 1005 762 1059 pro
783 989 1036 1059 dignitate
1062 987 1288 1043 laudarit
1314 985 1505 1041 divina:
1528 984 1813 1055 Scriptura:
1842 982 1925 1037 di-

340 1085 651 1157 ligentiam?
683 1085 821 1140 Ecce
844 1085 987 1138 enim
1008 1091 1062 1137 et
1090 1081 1177 1137 hic
1194 1081 1357 1137 verbo
1382 1096 1487 1134 uno
1508 1080 1694 1136 dicens
1717 1096 1731 1133 :
1758 1078 1825 1133 Et
1849 1079 1923 1132 vi-

340 1178 416 1231 dit
466 1175 606 1232 Deus
650 1175 821 1230 omnia
865 1189 1189 1247 quaecumque
1215 1172 1366 1243 fecit,
1407 1172 1636 1242 linguam
1683 1169 1922 1225 omnium

344 1277 529 1340 postea
559 1267 926 1324 contradicere
950 1267 1254 1321 conantium
1297 1264 1645 1334 compescuit.
1692 1262 1759 1317 Et
1802 1262 1924 1317 vidit

340 1359 481 1414 Deus
506 1401 522 1427 ,
558 1359 762 1429 inquit,
804 1359 975 1413 omnia
1000 1372 1323 1427 quotcumque
1349 1356 1505 1426 fecit,
1542 1365 1589 1409 et
1612 1364 1753 1410 erant
1778 1355 1928 1409 valde

340 1451 493 1506 bona.
539 1450 606 1504 Et
639 1449 779 1520 facta
812 1460 882 1505 est
909 1465 1144 1520 vespera,
1192 1458 1239 1503 et
1270 1451 1461 1522 factum
1487 1457 1561 1502 est
1596 1463 1745 1503 mane
1766 1488 1782 1514 ,
1817 1447 1926 1502 dies

340 1551 530 1597 sextus.
555 1543 815 1610 Quoniam
836 1542 980 1599 enim
1005 1543 1073 1598 de
1092 1556 1406 1612 unaquaque
1424 1548 1669 1596 creatura
1691 1539 1921 1607 dicebat,

342 1632 411 1688 Et
435 1632 559 1689 vidit
599 1634 741 1690 Deus
764 1636 899 1706 quod
925 1644 1052 1692 esset
1078 1637 1260 1689 bonum
1284 1649 1306 1689 :
1330 1648 1471 1688 nunc
1509 1631 1721 1704 quando
1746 1632 1924 1687 omnia

338 1727 604 1796 completa
625 1739 779 1794 sunt,
808 1737 864 1783 et
885 1727 989 1783 diei
1017 1728 1151 1782 sexti
1175 1740 1338 1796 opera
1373 1725 1532 1781 ﬁnem
1560 1731 1923 1794 acceperunt,

338 1825 394 1869 et
419 1817 503 1886 qui
528 1819 788 1872 creaturis
831 1819 1079 1874 omnibus
1130 1817 1386 1872 fruiturus
1437 1827 1589 1883 erat,
1634 1815 1925 1886 productus

340 1915 424 1962 est
448 1949 463 1975 ,
496 1908 708 1979 inquit:
743 1908 808 1964 Et
836 1910 957 1964 vidit
978 1908 1117 1965 Deus
1141 1911 1310 1964 omnia
1328 1924 1654 1981 quazcumque
1679 1908 1798 1977 fecit
1820 1948 1837 1975 ,
1879 1915 1926 1961 et

339 2014 451 2052 ecce
474 1999 622 2054 valde
648 2000 797 2055 bona.
826 2002 1115 2058 Considera
1141 2001 1410 2073 quomodo
1436 2007 1710 2055 creaturas
1735 2013 1924 2054 omnes

342 2089 443 2145 hoc
480 2092 665 2163 verbo,
693 2093 912 2163 Omnia,
961 2096 1118 2150 simul
1153 2095 1500 2165 complexus,
1539 2107 1725 2149 omnes
1767 2090 1925 2146 simul

338 2181 496 2239 laude
521 2194 876 2257 proscquutus
901 2194 1002 2242 est.
1033 2185 1215 2257 Neque
1241 2187 1383 2241 enim
1412 2195 1467 2240 ut
1492 2183 1662 2248 dixit,
1698 2182 1882 2236 Omnia
1904 2222 1921 2248 ,

338 2271 630 2332 Contentus
672 2277 770 2332 fuit
806 2293 873 2333 eo
917 2278 1117 2343 verbo,
1158 2278 1252 2333 sed
1283 2275 1555 2343 subdidit,
1588 2274 1928 2345 Qua'cttmqus

342 2366 458 2437 fecit
487 2380 506 2421 :
532 2377 586 2422 et
612 2382 783 2437 neque
812 2366 927 2425 lucc
965 2376 1167 2423 tantum
1195 2367 1361 2433 dixit,
1402 2365 1498 2421 sed
1529 2364 1595 2420 Et
1624 2382 1735 2420 ecce
1757 2365 1887 2419 bona
1906 2402 1923 2431 ,

340 2468 398 2512 et
432 2457 592 2513 Valde
616 2459 746 2514 bona
765 2503 779 2528 ,
826 2459 928 2515 hoc
955 2470 1037 2516 est
1059 2501 1077 2529 ,
1121 2459 1404 2515 admodum
1429 2460 1590 2514 bona.
1619 2456 1779 2528 Igitur
1802 2471 1923 2510 cum

344 2552 601 2608 Dominus
624 2597 639 2621 ,
669 2555 757 2624 qui
792 2569 876 2610 res
911 2569 977 2609 ex
1006 2554 1175 2609 nihilo
1206 2562 1262 2608 ut
1286 2561 1468 2608 essent
1507 2550 1791 2622 produxit,
1833 2563 1925 2603 eas

342 2644 497 2699 valde
523 2644 689 2700 bonas
713 2689 726 2712 ,
773 2656 828 2702 et
854 2646 1140 2702 admodum
1181 2646 1349 2701 bonas
1377 2644 1537 2711 dicit,
1569 2645 1687 2715 quis
1715 2642 1925 2699 etiamsi

342 2736 547 2792 insania
577 2738 645 2793 sit
673 2738 877 2808 plenus,
908 2740 992 2794 vel
1011 2753 1073 2794 os
1098 2738 1327 2808 aperire,
1357 2747 1411 2793 et
1431 2736 1802 2792 contradicere
1832 2735 1923 2790 Dei

344 2826 521 2883 verbis
568 2827 798 2884 audeat?
825 2831 1084 2898 Quoniam
1111 2831 1254 2884 enim
1288 2832 1339 2884 in
1367 2827 1666 2883 visibilibus
1703 2843 1807 2881 non
1832 2842 1920 2880 so-

343 2917 452 2973 lum
478 2919 568 2974 lux
596 2932 772 2976 creata
796 2930 879 2978 est
898 2964 911 2987 ,
939 2922 1033 2977 sed
1063 2930 1117 2977 ct
1143 2921 1375 2977 tenebrae
1401 2920 1644 2976 adversae
1686 2919 1789 2974 luci
1810 2960 1826 2986 ,
1868 2928 1924 2973 et

342 3026 451 3065 non
480 3012 651 3069 solum
683 3014 795 3070 dies
818 3057 833 3082 ,
866 3016 959 3070 sed
983 3023 1037 3070 et
1066 3030 1167 3070 nox
1189 3014 1456 3069 contraria
1485 3013 1588 3068 diei
1612 3030 1628 3079 ;
1669 3022 1723 3067 et
1753 3014 1803 3066 in
1833 3028 1922 3066 se-

342 3105 574 3161 minibus
595 3122 714 3177 qute
754 3120 819 3162 ex
842 3115 981 3162 terra
1006 3115 1332 3175 nascuntur,
1376 3120 1482 3160 non
1525 3105 1698 3159 solum
1743 3104 1924 3159 herba:

342 3196 520 3261 utiles,
557 3196 647 3251 sed
678 3208 733 3252 et
778 3198 1112 3267 perniciosa,
1145 3206 1201 3252 et
1229 3195 1448 3252 arbores
1477 3212 1580 3251 non
1608 3196 1780 3250 solum
1810 3194 1923 3248 fru-

343 3296 567 3355 ctuosae,
610 3287 705 3344 sed
744 3297 796 3343 et
827 3287 1167 3343 infructuosze
1190 3330 1206 3354 ,
1249 3297 1305 3344 et
1341 3287 1590 3342 animalia
1621 3301 1725 3341 non
1751 3286 1923 3340 solum

345 3388 618 3435 mansueta
639 3421 654 3447 ,
687 3379 781 3437 sed
811 3390 865 3435 et
909 3381 1185 3452 sylvestria
1215 3390 1270 3437 et
1296 3379 1629 3445 truculenta;
1671 3387 1724 3434 et
1776 3378 1827 3432 in
1858 3377 1923 3433 iis

343 3485 463 3541 quae
502 3487 653 3542 aqua:
694 3473 1091 3543 produxerunt,
1139 3487 1247 3528 non
1285 3473 1456 3526 solum
1493 3470 1701 3542 pisces,
1748 3468 1843 3525 sed
1870 3479 1925 3524 et

344 3573 479 3620 cete.
515 3574 569 3618 et
592 3565 710 3619 alim
737 3565 955 3620 marina:
985 3565 1213 3629 bellum;
1242 3572 1297 3619 et
1324 3572 1463 3619 terra
1490 3577 1595 3616 non
1621 3561 1794 3616 solum
1824 3559 1922 3614 ha-

344 3655 608 3723 bitabilis,
663 3657 756 3711 sed
798 3667 852 3712 et
892 3657 1290 3722 inhabitabilis;
1337 3665 1392 3711 et
1429 3669 1534 3710 non
1571 3654 1744 3710 solum
1785 3654 1923 3722 plani

343 3749 515 3818 campi
541 3790 556 3815 ,
603 3749 697 3805 sed
741 3750 902 3805 etiam
934 3761 1141 3805 montes
1186 3759 1240 3804 et
1280 3749 1483 3815 colles;
1514 3757 1568 3802 et
1597 3748 1736 3802 inter
1759 3760 1885 3801 aves
1907 3741 1939 3813 ,'

344 3854 450 3893 non
477 3840 647 3894 solum
674 3840 1003 3909 domesticae,
1028 3852 1083 3896 et
1106 3840 1173 3895 ad
1195 3839 1370 3895 cibum
1392 3848 1551 3910 aptat,
1582 3838 1674 3894 sed
1700 3847 1753 3893 et
1774 3837 1920 3906 ferae,

341 3941 394 3985 ct
424 3931 743 3998 immnndm,
794 3941 850 3988 et
896 3932 1082 3999 milvi,
1127 3940 1183 3986 et
1204 3931 1468 3995 vultures,
1516 3936 1572 3984 et
1598 3929 1700 3983 alia
1729 3929 1923 3984 similia

342 4025 544 4088 multa;
576 4033 835 4093 praeterea
864 4025 914 4078 in
944 4023 1010 4078 iis
1037 4039 1157 4094 quae
1186 4033 1324 4077 terra
1350 4020 1571 4091 profert,
1596 4035 1701 4076 non
1718 4030 1921 4078 tantum

344 4123 622 4171 mansueta
648 4125 702 4170 et
729 4116 943 4170 innoxia
970 4114 1218 4170 animalia
1244 4154 1259 4180 ,
1303 4113 1397 4168 sed
1432 4122 1486 4168 et
1510 4122 1786 4182 serpentes
1808 4152 1825 4179 ,
1871 4120 1927 4168 et

342 4208 560 4275 viperae,
593 4217 648 4262 et
672 4206 963 4272 dracones,
992 4217 1047 4263 et
1075 4207 1293 4274 leones,
1328 4215 1382 4261 et
1410 4206 1557 4277 pardi
1585 4224 1599 4273 ;
1644 4215 1698 4262 et
1718 4206 1771 4260 in
1800 4222 1926 4263 aere

343 4313 450 4354 non
475 4300 647 4354 solum
678 4300 868 4369 pluviae
895 4310 947 4356 et
977 4302 1120 4355 venti
1149 4300 1326 4367 utiles,
1358 4300 1452 4356 sed
1482 4309 1536 4356 et
1560 4300 1844 4371 grandines
1870 4310 1926 4356 ct

344 4391 540 4457 nives;
580 4401 635 4446 et
667 4391 713 4446 si
743 4392 861 4461 quis
885 4391 1096 4463 singula
1122 4402 1445 4463 pertractare
1467 4393 1594 4451 velit
1615 4435 1630 4461 ,
1677 4394 1842 4449 multa
1872 4395 1924 4449 in

346 4496 663 4552 unaquaque
682 4492 1049 4540 creaturarum
1071 4484 1322 4553 inveniet,
1347 4500 1467 4557 qua:
1493 4496 1599 4541 non
1620 4485 1795 4542 solum
1820 4502 1925 4542 non

342 4573 492 4628 utilia
516 4614 533 4641 ,
573 4575 670 4630 sed
699 4582 755 4632 et
778 4576 1033 4634 damnosa
1068 4578 1482 4636 existimentur:
1522 4580 1644 4636 ideo
1686 4590 1743 4634 ut
1794 4580 1925 4636 nnlli

341 4665 566 4735 posthac
595 4666 751 4723 liceat
777 4677 1048 4725 creaturas
1069 4670 1373 4741 respicienti
1394 4672 1601 4742 epillcia
1629 4671 1926 4742 vituperare

339 4772 404 4815 ac
430 4758 610 4815 dicere
643 4778 656 4815 :
685 4759 861 4829 Quare
898 4760 1002 4816 hoc
1023 4803 1039 4829 ,
1080 4770 1137 4818 et
1182 4762 1251 4817 ad
1278 4762 1404 4833 quid
1434 4762 1621 4817 istud?
1650 4764 1751 4819 hoc
1789 4764 1923 4819 bene

342 4852 539 4909 factum
566 4863 680 4924 est,
707 4853 811 4911 hoc
834 4867 939 4909 non
966 4855 1107 4910 bene
1134 4872 1149 4908 :
1182 4854 1304 4910 ideo
1329 4868 1479 4910 sacra
1505 4854 1775 4924 Scriptura
1810 4871 1928 4911 om-

344 4961 439 5001 nes
457 4989 472 5015 ,
506 4956 565 5003 ut
593 4948 665 5003 ita
690 4947 897 5017 dicam,
950 4948 1157 5020 ingrate
1184 4947 1402 5020 obloqui
1426 4948 1684 5004 audentes
1708 4963 1926 5020 compa-

339 5052 519 5106 secus,
552 5048 704 5095 sexto
732 5040 820 5097 die
848 5040 1107 5097 absolutis
1131 5040 1391 5098 creaturis
1417 5040 1685 5109 omnibus,
1709 5043 1879 5113 inquit
1907 5061 1921 5099 :

340 5130 408 5185 Et
450 5132 574 5185 vidit
612 5129 753 5187 Deus
787 5134 958 5188 omnia
989 5150 1315 5204 quaecumque
1357 5136 1511 5207 fecit,
1548 5146 1595 5189 et
1642 5152 1755 5190 ecce
1776 5135 1926 5191 valde

337 5224 488 5277 bona.
535 5223 672 5292 Quid
702 5224 860 5296 igitur
883 5267 900 5293 ,
927 5226 1152 5284 obsecro
1172 5271 1187 5295 ,
1221 5243 1316 5298 par
1338 5229 1498 5285 fuerit
1535 5239 1641 5284 tam
1679 5228 1925 5288 ﬁdelibus

338 5316 691 5386 testimoniis,
715 5320 926 5390 quando
950 5322 1064 5392 ipse
1093 5323 1313 5380 Creator
1347 5322 1664 5380 sententiam
1705 5323 1838 5393 fert,
1868 5333 1924 5380 et

341 5410 505 5479 dicit,
536 5415 716 5470 omnia
743 5426 1093 5489 quascumque
1116 5418 1254 5476 facta
1298 5429 1422 5476 sunt
1445 5461 1462 5487 ,
1510 5418 1650 5476 bona
1678 5434 1799 5476 esse
1821 5460 1837 5486 ,
1868 5429 1923 5477 et

336 5504 492 5561 valde
512 5504 695 5562 bona?
722 5506 983 5576 Quocirca
1010 5526 1132 5566 cum
1161 5511 1362 5569 videris
1390 5513 1621 5584 aliquem
1640 5556 1656 5582 ,
1691 5513 1783 5584 qui
1810 5514 1924 5569 suis

337 5598 629 5654 ratiociniis
655 5610 851 5668 motus,
883 5603 1099 5674 obloqui
1140 5602 1333 5660 divina:
1380 5605 1670 5676 Scriptura:
1695 5602 1921 5673 audeat,

337 5704 460 5748 eum
483 5694 635 5765 quasi
658 5690 901 5751 insanum
926 5708 1212 5762 aversare;
1244 5696 1352 5752 imo
1377 5712 1445 5752 ne
1483 5700 1783 5765 averseris;
1826 5698 1921 5755 sed

353 5783 587 5842 niscrtus
613 5785 924 5857 ignorantia:
972 5787 1122 5861 ejus,
1166 5787 1369 5859 produc
1394 5787 1446 5845 id
1478 5789 1619 5861 quod
1644 5789 1719 5847 ait
1741 5789 1918 5849 divina

2022 434 2294 533 Scriptura
2317 479 2332 533 ,
2366 450 2419 497 et
2444 441 2548 511 dic,
2582 443 2718 499 Vidit
2744 445 2890 502 Deus
2910 451 3081 506 omnia
3098 468 3424 528 quacumque
3451 467 3567 533 [ατη
3587 508 3604 532 ,

2024 537 2078 583 et
2104 528 2258 596 dixit,
2293 532 2423 589 Ecce
2448 534 2596 590 valde
2622 535 2753 592 bona
2775 555 2797 605 ;
2834 548 2890 595 et
2917 543 3156 602 fortassis
3185 528 3496 607 indomitam
3542 528 3608 610 il;

2026 620 2127 676 lius
2164 623 2396 694 linguam
2440 629 2716 685 continere
2758 634 2978 703 poteris.
3029 634 3162 692 Nam
3193 640 3236 693 si
3266 640 3317 695 in
3365 642 3611 701 Immanis

2024 717 2185 771 rebus
2210 732 2330 772 cum
2357 719 2600 777 videmus
2628 724 2755 778 viris
2791 726 3108 797 quibusdam
3147 733 3493 801 Optimatibus
3544 755 3613 792 ea

2024 821 2145 876 qua:
2171 807 2305 865 fiunt
2334 811 2545 880 probari
2572 854 2587 879 ,
2640 815 2847 873 calculo
2883 819 3092 876 illorum
3128 839 3233 879 non
3261 827 3567 885 obsistimus
3589 871 3625 899 ν

2025 896 2119 952 sed
2147 898 2535 969 adstipulamur
2555 944 2572 970 ,
2619 913 2675 959 et
2701 905 2913 962 illorum
2943 916 3259 969 sententiam
3286 920 3501 988 proprio
3519 896 3622 990 jn;

2024 986 2166 1044 dicio
2194 990 2528 1060 praeferimus
2555 1011 2569 1047 :
2612 996 2779 1051 multo
2802 999 2971 1071 magis
2997 1017 3118 1073 erga
3168 986 3332 1062 Deum
3372 986 3623 1067 omnium

2027 1078 2314 1136 visibilium
2339 1083 2583 1154 Opificem
2629 1085 2700 1141 ita
2729 1102 2826 1144 nos
2854 1104 3043 1159 gerere
3076 1095 3269 1164 decet;
3299 1107 3353 1154 et
3381 1113 3501 1155 cum
3530 1101 3615 1157 di-

2026 1171 2315 1231 dicerimus
2353 1177 2470 1248 ejus
2512 1184 2867 1253 sententiam,
2914 1198 3095 1244 nostra
3136 1194 3492 1265 comprimere
3526 1214 3625 1253 ra-

2028 1264 2242 1321 tiocinia
2266 1308 2282 1334 ,
2328 1283 2502 1340 neque
2548 1272 2745 1345 aliquid
2796 1276 2933 1333 ultra
2957 1280 3210 1352 aggredi;
3253 1264 3349 1340 aed
3390 1286 3529 1345 scire
3556 1300 3619 1345 et

2026 1372 2340 1430 persuasum
2370 1362 2567 1421 habere
2591 1407 2608 1433 ,
2653 1369 2833 1425 omnia
2872 1372 3079 1429 ratione
3115 1375 3343 1445 quadam
3372 1421 3389 1446 ,
3437 1389 3491 1436 et
3515 1396 3624 1452 pro

2026 1452 2352 1524 benignitate
2376 1471 2492 1526 sua,
2520 1458 2590 1513 ab
2620 1458 2736 1530 ipso
2761 1462 3019 1533 producta
3049 1464 3234 1537 fuisse,
3266 1470 3504 1542 nihilque
3529 1486 3616 1529 te-

2027 1560 2176 1603 mere
2202 1556 2259 1604 et
2282 1549 2399 1606 sine
2427 1565 2585 1607 causa
2606 1550 2803 1609 factum
2828 1570 2980 1624 esse;
3009 1574 3193 1615 verum
3232 1561 3359 1618 licet
3402 1579 3501 1620 nos
3542 1568 3615 1622 ob

2027 1645 2224 1693 nostrae
2252 1642 2475 1698 rationis
2500 1644 2916 1703 imbecillitatem
2944 1650 3251 1720 ignoremus
3279 1655 3628 1725 opificiorum-

2028 1730 2308 1787 utilitatem
2331 1774 2348 1801 ,
2396 1734 2570 1805 ipsum
2597 1745 2773 1794 tamen
2802 1741 3095 1796 secundum
3122 1757 3272 1798 suam
3300 1747 3612 1817 sapientiam

2027 1831 2080 1877 et
2108 1825 2508 1882 solertissimam
2538 1828 2920 1901 benignitatem
2952 1836 3131 1889 omnia
3158 1835 3496 1905 produxisse.

2098 1915 2151 1970 7.
2194 1914 2262 1970 Et
2291 1921 2430 1989 facta
2455 1930 2548 1988 est,
2578 1921 2767 1993 inquit,
2796 1937 3003 1995 vespera
3032 1935 3078 1979 et
3116 1927 3309 1996 factum
3335 1938 3408 1983 est
3444 1946 3613 2000 mane,

2028 2004 2134 2061 dies
2184 2017 2374 2063 sextus.
2412 2009 2532 2065 Fini
2573 2012 2679 2067 diei
2724 2022 2891 2069 sexta:
2930 2015 3091 2071 etiam
3141 2017 3301 2073 linem
3345 2020 3613 2078 formandi

2028 2107 2304 2155 creaturas
2347 2100 2589 2158 addidit:
2619 2112 2674 2160 et
2714 2114 2932 2176 propter
2961 2109 3061 2163 hoc
3083 2110 3356 2165 subdidit:
3400 2111 3466 2166 Et
3494 2130 3615 2183 per-

2030 2194 2161 2261 fecta
2180 2202 2300 2247 sunt
2323 2195 2526 2263 uelum,
2546 2204 2593 2250 et
2616 2207 2769 2263 terra,
2790 2208 2838 2252 et
2853 2200 3016 2255 omnis
3032 2209 3241 2256 ornatus
3266 2220 3435 2258 eorum
3458 2205 3625 2279 (Gen.

2027 2282 2081 2337 2.
2112 2282 2188 2357 l).
2216 2284 2507 2343 Considera
2538 2304 2694 2359 quam
2733 2291 2865 2347 nihil
2906 2294 2976 2348 sit
3001 2295 3350 2365 superfluum,
3379 2298 3631 2370 nihilque

2029 2374 2333 2432 redundans
2358 2379 2410 2432 in
2438 2380 2630 2436 divinis
2657 2381 2870 2438 Literis.
2904 2383 3192 2455 Postquam
3222 2388 3613 2447 elementorum

2029 2476 2216 2522 eatacta
2242 2471 2710 2541 complectentium
2738 2475 2999 2541 meminit,
3023 2490 3129 2531 non
3151 2478 3288 2533 ultra
3314 2479 3631 2545 minutatim

2029 2560 2229 2632 reliqua
2253 2574 2664 2632 commemorat,
2703 2567 2798 2623 scd
2829 2578 2885 2623 ut
2916 2569 3070 2638 dixit,
3105 2570 3339 2643 Perfecta
3365 2584 3481 2628 sunt
3507 2590 3617 2628 vw-

2030 2652 2132 2707 lum
2163 2663 2210 2708 et
2240 2663 2394 2723 terra,
2444 2657 2609 2726 addit,
2653 2658 2719 2713 Et
2763 2662 2925 2716 omnis
2967 2673 3176 2718 ornatus
3223 2681 3396 2718 eorum
3432 2680 3453 2720 :
3507 2681 3617 2737 quo

2027 2746 2529 2816 signitieat'omnia,
2572 2760 2625 2806 ct
2666 2767 2786 2822 quae
2830 2754 2882 2807 in
2912 2755 3067 2821 cado,
3101 2764 3155 2810 ct
3197 2771 3317 2826 qua:
3345 2756 3397 2810 in
3445 2767 3621 2814 terra.

2025 2837 2258 2892 Ornatas
2282 2839 2424 2895 enim
2456 2851 2612 2896 terra:
2640 2852 2764 2897 sunt
2790 2859 2851 2899 ea
2878 2860 2995 2916 qua:
3024 2846 3206 2902 ab'illa
3247 2848 3608 2917 proferuntur,

2028 2938 2088 2982 ut
2117 2928 2401 2985 herbarum
2431 2933 2691 3000 germina,
2723 2933 2987 2990 fructuum
3020 2947 3328 3006 proventus,
3360 2939 3612 2995 arborum

2028 3018 2249 3085 fructus,
2279 3021 2488 3092 aliaque
2518 3025 2695 3079 omnia
2724 3025 2919 3094 quibus
2965 3028 3108 3082 illam
3143 3027 3333 3099 opifex
3370 3031 3610 3085 ornavit:

2026 3122 2249 3168 ornatus
2279 3114 2471 3171 iterum
2515 3117 2652 3183 cadi,
2702 3120 2810 3187 sol,
2849 3119 2995 3187 luna,
3041 3121 3314 3178 stellarum
3362 3125 3623 3191 varietas,

2026 3216 2394 3276 crcaturacque
2455 3222 2643 3264 omnes
2689 3209 3039 3266 intermediaz.
3102 3212 3172 3267 Et
3218 3213 3417 3268 idcirco
3462 3226 3633 3270 sacra

2030 3295 2300 3366 Scriptura
2345 3298 2536 3354 etclam
2577 3308 2884 3372 terramque
2924 3316 3423 3371 commmemorans,
3453 3320 3631 3362 omne

2030 3387 2123 3443 Dei
2159 3389 2427 3459 opificium
2458 3407 2554 3461 per
2582 3389 2695 3448 liaac
2724 3392 2988 3448 elementa
3027 3396 3314 3466 complexa
3334 3406 3437 3452 cst.
3465 3396 3521 3451 2.
3550 3397 3633 3453 Et“

2029 3483 2258 3553 perfecit,
2288 3483 2477 3552 inquit,
2508 3482 2649 3540 Deus
2691 3485 2774 3541 die
2816 3497 2957 3541 sexto
2987 3502 3140 3558 Opera
3184 3504 3277 3542 sua
3320 3504 3435 3560 qua:
3475 3492 3633 3561 fecit.

2029 3569 2322 3628 Considera
2371 3574 2638 3642 quomodo
2684 3576 2853 3631 semel
2880 3586 2935 3631 et
2983 3577 3173 3633 iterum
3206 3578 3344 3634 idem
3374 3579 3523 3647 dicit,
3558 3590 3617 3636 ut

2027 3661 2298 3718 discamus
2347 3665 2483 3720 intra
2513 3677 2721 3721 sextum
2758 3667 2898 3723 diem
2937 3669 3176 3725 absoluta
3219 3670 3383 3726 fuisse
3411 3674 3613 3728 omnia.

2031 3754 2253 3825 Perfecit
2281 3756 2447 3823 enim,
2482 3758 2672 3828 inquit,
2702 3758 2785 3814 die
2821 3771 2962 3816 sexto
3010 3778 3163 3829 opera
3207 3779 3302 3816 sua
3337 3779 3450 3833 qua:
3476 3766 3625 3835 fecit,

2029 3859 2075 3903 et
2103 3850 2338 3914 requievit
2378 3849 2461 3905 die
2504 3851 2717 3921 septimo
2742 3852 2805 3906 ab
2847 3853 3085 3908 omnibus
3107 3855 3342 3922 operibus
3369 3857 3477 3910 suis
3500 3872 3619 3926 qua

2028 3944 2168 4014 fecit.
2200 3944 2335 4011 Quid
2362 3953 2444 4000 est
2472 3944 2615 4015 quod
2657 3943 2787 4000 dicit
2814 3961 2830 4000 :
2862 3944 2932 4000 Et
2961 3948 3194 4016 requievit
3234 3947 3371 4004 Deus
3413 3949 3496 4003 die
3531 3965 3616 4004 se-

2029 4035 2186 4105 ptimo
2214 4035 2277 4090 ab
2320 4034 2556 4105 operibus
2579 4036 2689 4091 suis
2723 4052 2836 4107 qua:
2861 4036 3019 4106 fecit?
3049 4036 3181 4093 Vide
3216 4039 3484 4109 quomodo
3509 4041 3615 4094 hu-

2029 4142 2189 4183 mano
2224 4142 2396 4196 more,
2423 4137 2476 4184 et
2515 4127 2745 4199 quadam
2791 4131 3232 4200 attemperatione
3260 4132 3325 4186 ad
3375 4142 3613 4187 nostram

2030 4219 2446 4276 imbecillitatem
2473 4221 2651 4276 divina
2674 4221 2949 4291 Scriptura
2977 4224 3154 4278 omnia
3182 4224 3458 4294 loquatur:
3483 4224 3617 4281 alio-

2029 4314 2140 4384 qui,
2190 4314 2290 4369 nisi
2337 4313 2438 4370 hac
2478 4315 2685 4372 ratione
2723 4331 2818 4371 usa
2849 4314 3056 4381 fuisset,
3105 4332 3208 4371 non
3256 4319 3629 4386 potuissemus.

2031 4405 2231 4476 aliquid
2261 4406 2525 4461 dictorum
2552 4406 2669 4477 ejus
2692 4406 3008 4477 intelligere.
3045 4404 3111 4460 Et
3134 4409 3392 4478 requievit,
3423 4408 3612 4478 inquit,

2029 4496 2168 4552 Deus
2194 4498 2279 4552 die
2305 4498 2517 4567 septimo
2552 4497 2617 4550 ab
2643 4497 2871 4552 omnibus
2913 4498 3145 4567 operibus
3172 4499 3277 4553 suis
3321 4513 3435 4564 quae
3472 4498 3623 4567 fecit.

2029 4589 2298 4655 Substitit,
2313 4590 2506 4660 inquit,
2524 4598 2576 4646 et
2595 4591 2823 4646 cessavit
2852 4604 2880 4644 a
2907 4590 3200 4646 formandis
3225 4592 3615 4661 producendis;

2029 4696 2133 4752 que
2156 4698 2223 4739 ex
2253 4682 2421 4737 nihilo
2446 4683 2627 4739 rebus.
2645 4682 2833 4738 Omnia
2854 4682 2996 4738 enim
3023 4697 3373 4754 quaecumque
3396 4691 3615 4753 oporte-

2030 4772 2121 4828 bat
2146 4772 2494 4844 produxerat,
2524 4781 2721 4829 eteum
2745 4771 2836 4843 qui
2867 4772 2948 4826 his
2988 4771 3246 4828 fruiturus
3275 4784 3390 4829 erat
3417 4775 3616 4829 forma-

2027 4877 2196 4924 verat.
2228 4870 2283 4924 ’5.
2311 4866 2373 4922 Et
2396 4867 2670 4934 benedixit,
2712 4866 2904 4937 inquit,
2935 4866 3069 4921 Deus
3091 4866 3224 4920 diem
3248 4868 3539 4938 septimum,
3567 4877 3616 4922 et

2028 4960 2357 5029 sancti/icavit
2400 4960 2568 5027 illum,
2611 4960 2730 5031 quia
2769 4960 2825 5013 in
2869 4959 2960 5014 illo
3005 4960 3246 5031 requievit
3281 4961 3347 5014 ab
3383 4961 3618 5015 omnibus

2029 5050 2262 5120 operibus
2289 5050 2394 5105 suis
2415 5064 2529 5121 qua:
2553 5057 2769 5120 mperat
2798 5048 2935 5104 Deus
2963 5049 3149 5120 facere.
3170 5047 3301 5104 Nam
3333 5057 3613 5119 postquam

2030 5142 2265 5198 substitit
2290 5139 2500 5213 Opifex,
2532 5151 2588 5198 et
2611 5144 2788 5197 omnia
2817 5155 3169 5212 quarcnmque
3199 5141 3391 5205 voluit,
3420 5157 3619 5196 secun-

2028 5232 2155 5288 dum
2198 5232 2576 5303 benignitatem
2625 5247 2777 5288 suam
2817 5246 2916 5287 suo
2944 5240 3213 5303 praecepto
3259 5232 3517 5302 produxit
3559 5234 3622 5286 in

2030 5326 2290 5392 medium,
2320 5336 2445 5382 tunc
2481 5324 2642 5381 ﬁnem
2671 5325 2964 5380 formandi‘
2997 5325 3122 5381 fecit
3145 5323 3232 5380 die
3273 5333 3459 5389 sexto;
3488 5339 3616 5379 cum

2029 5419 2159 5475 nihil
2201 5418 2346 5474 aliud
2389 5417 2478 5475 die
2518 5419 2747 5489 septimo
2787 5417 3087 5489 producere
3127 5417 3314 5483 vellet,
3360 5432 3430 5472 eo
3469 5417 3615 5488 quod

2028 5512 2229 5579 omnia,
2259 5526 2378 5583 qua:
2403 5512 2582 5569 facere
2604 5513 2865 5579 voluerat,
2884 5512 2996 5583 jam
3037 5512 3278 5584 perfecta
3307 5520 3525 5567 essent:
3556 5520 3616 5568 ut

2031 5604 2251 5661 haberet
2284 5604 2444 5660 etiam
2470 5604 2588 5660 dies
2621 5604 2713 5659 ille
2742 5604 3147 5675 praerogativam
3176 5603 3432 5675 aliquam,
3462 5611 3519 5658 et
3542 5617 3618 5658 ne

2093 5739 2109 5770 ί
2142 5734 2332 5796 Coislin.
2360 5749 2373 5785 :
2400 5743 2629 5796 Quantam
2650 5731 2779 5796 enim
2799 5733 2975 5794 artifex
2993 5741 3083 5796 est,
3104 5730 3407 5786 “omnia...
3432 5731 3484 5784 in
3517 5744 3615 5783 me-

2033 5799 2188 5862 dium,
2205 5795 2350 5864 finem
2369 5795 2514 5852 etiam
2533 5795 2795 5862 formandi,
2820 5803 2918 5847 etc.
