  <div class='ocr_page' id='page_1' title='image "/cluster/home/n/w/nwhite01/storage/ocr_20150623/53/mdp.39015028539479/089.png"; bbox 0 0 4018 6136; ppageno 0'>
   <div class='ocr_carea' id='block_1_1' title="bbox 306 255 3751 333">
    <p class='ocr_par' dir='ltr' id='par_1_1' title="bbox 306 255 3751 333">
     <span class='ocr_line' id='line_1_1' title="bbox 306 255 3751 333; baseline -0.006 0"><span class='ocrx_word' id='word_1_1' title='bbox 306 279 379 333; x_wconf 77' lang='lat' dir='ltr'><strong>8i)</strong></span> <span class='ocrx_word' id='word_1_2' title='bbox 1016 271 1079 327; x_wconf 85' lang='lat' dir='ltr'>S.</span> <span class='ocrx_word' id='word_1_3' title='bbox 1113 269 1395 327; x_wconf 81' lang='lat' dir='ltr'>JOANNIS</span> <span class='ocrx_word' id='word_1_4' title='bbox 1431 260 1917 324; x_wconf 76' lang='lat' dir='ltr'>CHRYSOSTOMI</span> <span class='ocrx_word' id='word_1_5' title='bbox 1952 255 2273 315; x_wconf 73' lang='lat' dir='ltr'>ARCHIEP.</span> <span class='ocrx_word' id='word_1_6' title='bbox 2310 256 2863 317; x_wconf 71' lang='lat' dir='ltr'>CONSTANTINOP.</span> <span class='ocrx_word' id='word_1_7' title='bbox 3678 255 3751 313; x_wconf 70' lang='lat'>90</span> 
     </span>
    </p>
   </div>
   <div class='ocr_carea' id='block_1_2' title="bbox 306 371 1969 466">
    <p class='ocr_par' dir='ltr' id='par_1_2' title="bbox 306 371 1969 466">
     <span class='ocr_line' id='line_1_2' title="bbox 306 371 1969 466; baseline -0.011 -18"><span class='ocrx_word' id='word_1_8' title='bbox 306 389 427 466; x_wconf 68' lang='lat'>[80]</span> <span class='ocrx_word' id='word_1_9' title='bbox 458 392 544 445; x_wconf 79' lang='grc' dir='ltr'>διὰ</span> <span class='ocrx_word' id='word_1_10' title='bbox 581 391 641 445; x_wconf 83' lang='lat'>16</span> <span class='ocrx_word' id='word_1_11' title='bbox 663 371 831 461; x_wconf 78' lang='grc' dir='ltr'>μηδὲν</span> <span class='ocrx_word' id='word_1_12' title='bbox 881 390 939 442; x_wconf 86' lang='grc' dir='ltr'>ἑν</span> <span class='ocrx_word' id='word_1_13' title='bbox 982 386 1118 456; x_wconf 81' lang='grc' dir='ltr'>αὐτῇ</span> <span class='ocrx_word' id='word_1_14' title='bbox 1163 383 1680 454; x_wconf 87' lang='grc' dir='ltr'>δεδημιουργῆσθαι,</span> <span class='ocrx_word' id='word_1_15' title='bbox 1721 377 1969 466; x_wconf 69' lang='grc' dir='ltr'>εὐλογίας</span> 
     </span>
    </p>
   </div>
   <div class='ocr_carea' id='block_1_3' title="bbox 2074 372 3752 446">
    <p class='ocr_par' dir='ltr' id='par_1_3' title="bbox 2074 372 3752 446">
     <span class='ocr_line' id='line_1_3' title="bbox 2074 372 3752 446; baseline -0.001 -18"><span class='ocrx_word' id='word_1_16' title='bbox 2074 376 2351 446; x_wconf 76' lang='grc' dir='ltr'>τραπέζης</span> <span class='ocrx_word' id='word_1_17' title='bbox 2384 378 2497 439; x_wconf 89' lang='grc' dir='ltr'>τοῖς</span> <span class='ocrx_word' id='word_1_18' title='bbox 2527 375 2707 429; x_wconf 86' lang='grc' dir='ltr'>αὐτῶν</span> <span class='ocrx_word' id='word_1_19' title='bbox 2738 376 3032 446; x_wconf 75' lang='grc' dir='ltr'>γνωρίμοις</span> <span class='ocrx_word' id='word_1_20' title='bbox 3079 374 3552 445; x_wconf 73' lang='grc' dir='ltr'>διαφυλάττοντες,</span> <span class='ocrx_word' id='word_1_21' title='bbox 3593 372 3752 442; x_wconf 77' lang='grc' dir='ltr'>μέγι-</span> 
     </span>
    </p>
   </div>
   <div class='ocr_carea' id='block_1_4' title="bbox 306 452 3749 553">
    <p class='ocr_par' dir='ltr' id='par_1_4' title="bbox 306 452 3749 553">
     <span class='ocr_line' id='line_1_4' title="bbox 306 452 3749 553; baseline -0.009 -19"><span class='ocrx_word' id='word_1_22' title='bbox 306 452 475 553; x_wconf 67' lang='grc' dir='ltr'>άύτίην</span> <span class='ocrx_word' id='word_1_23' title='bbox 504 452 799 543; x_wconf 44' lang='grc' dir='ltr'>ἀξιοῖ-1έαί</span> <span class='ocrx_word' id='word_1_24' title='bbox 839 452 1160 543; x_wconf 73' lang='grc' dir='ltr'>εὐλόγησε,</span> <span class='ocrx_word' id='word_1_25' title='bbox 1195 452 1381 541; x_wconf 70' lang='grc' dir='ltr'>φησὶν,</span> <span class='ocrx_word' id='word_1_26' title='bbox 1424 452 1466 525; x_wconf 13' lang='lat' dir='ltr'><strong>id</strong></span> <span class='ocrx_word' id='word_1_27' title='bbox 1502 452 1646 536; x_wconf 74' lang='grc' dir='ltr'>Θεὸς</span> <span class='ocrx_word' id='word_1_28' title='bbox 1682 468 1811 553; x_wconf 15' lang='grc' dir='ltr'>τὴν-ξ</span> <span class='ocrx_word' id='word_1_29' title='bbox 1839 464 1953 534; x_wconf 72' lang='grc' dir='ltr'>ἠ,μέ</span> <span class='ocrx_word' id='word_1_30' title='bbox 1978 481 2007 528; x_wconf 59' lang='grc' dir='ltr'>κ</span> <span class='ocrx_word' id='word_1_31' title='bbox 2823 453 3142 553; x_wconf 61' lang='grc' dir='ltr'>ἐκφέρουσι,</span> <span class='ocrx_word' id='word_1_32' title='bbox 3424 452 3749 553; x_wconf 36' lang='lat' dir='ltr'>gnavitr-.1</span> 
     </span>
    </p>
   </div>
   <div class='ocr_carea' id='block_1_5' title="bbox 301 550 1973 636">
    <p class='ocr_par' dir='ltr' id='par_1_5' title="bbox 301 550 1973 636">
     <span class='ocr_line' id='line_1_5' title="bbox 301 550 1973 636; baseline -0.009 -16"><span class='ocrx_word' id='word_1_33' title='bbox 301 550 443 636; x_wconf 23' lang='lat' dir='ltr'>pari</span> <span class='ocrx_word' id='word_1_34' title='bbox 467 566 578 633; x_wconf 80' lang='grc' dir='ltr'>τὴν</span> <span class='ocrx_word' id='word_1_35' title='bbox 613 564 890 631; x_wconf 75' lang='grc' dir='ltr'>ἑϐδόμην,</span> <span class='ocrx_word' id='word_1_36' title='bbox 938 563 1037 616; x_wconf 77' lang='grc' dir='ltr'>καὶ</span> <span class='ocrx_word' id='word_1_37' title='bbox 1088 562 1346 630; x_wconf 75' lang='grc' dir='ltr'>ἡγίασεν</span> <span class='ocrx_word' id='word_1_38' title='bbox 1400 559 1613 624; x_wconf 79' lang='grc' dir='ltr'>αὐτήν.</span> <span class='ocrx_word' id='word_1_39' title='bbox 1664 558 1729 609; x_wconf 84' lang='grc' dir='ltr'>Τί</span> <span class='ocrx_word' id='word_1_40' title='bbox 1757 550 1884 619; x_wconf 85' lang='grc' dir='ltr'>οῦν;</span> <span class='ocrx_word' id='word_1_41' title='bbox 1917 554 1973 606; x_wconf 78' lang='grc' dir='ltr'>αἱ</span> 
     </span>
    </p>
   </div>
   <div class='ocr_carea' id='block_1_6' title="bbox 306 643 1974 721">
    <p class='ocr_par' dir='ltr' id='par_1_6' title="bbox 306 643 1974 721">
     <span class='ocr_line' id='line_1_6' title="bbox 306 643 1974 721; baseline -0.009 -14"><span class='ocrx_word' id='word_1_42' title='bbox 306 654 488 707; x_wconf 76' lang='grc' dir='ltr'>λοιπαὶ</span> <span class='ocrx_word' id='word_1_43' title='bbox 521 653 618 705; x_wconf 88' lang='grc' dir='ltr'>οὑκ</span> <span class='ocrx_word' id='word_1_44' title='bbox 654 647 795 721; x_wconf 83' lang='grc' dir='ltr'>ἦσαν</span> <span class='ocrx_word' id='word_1_45' title='bbox 837 649 1235 719; x_wconf 84' lang='grc' dir='ltr'>εὑλογημέναι;</span> <span class='ocrx_word' id='word_1_46' title='bbox 1279 647 1410 709; x_wconf 72' lang='grc' dir='ltr'>Ναὶ,</span> <span class='ocrx_word' id='word_1_47' title='bbox 1444 647 1629 717; x_wconf 68' lang='grc' dir='ltr'>φησὶν,</span> <span class='ocrx_word' id='word_1_48' title='bbox 1670 643 1783 697; x_wconf 83' lang='grc' dir='ltr'>ἀλλ’</span> <span class='ocrx_word' id='word_1_49' title='bbox 1815 643 1974 713; x_wconf 83' lang='grc' dir='ltr'>ῆρκει</span> 
     </span>
    </p>
   </div>
   <div class='ocr_carea' id='block_1_7' title="bbox 306 728 1973 807">
    <p class='ocr_par' dir='ltr' id='par_1_7' title="bbox 306 728 1973 807">
     <span class='ocr_line' id='line_1_7' title="bbox 306 728 1973 807; baseline -0.007 -15"><span class='ocrx_word' id='word_1_50' title='bbox 306 740 542 801; x_wconf 77' lang='grc' dir='ltr'>ἐκείναις</span> <span class='ocrx_word' id='word_1_51' title='bbox 575 739 698 790; x_wconf 74' lang='grc' dir='ltr'>ἀντὶ</span> <span class='ocrx_word' id='word_1_52' title='bbox 747 738 927 807; x_wconf 88' lang='grc' dir='ltr'>πάσης</span> <span class='ocrx_word' id='word_1_53' title='bbox 974 735 1222 802; x_wconf 80' lang='grc' dir='ltr'>εὐλογίας</span> <span class='ocrx_word' id='word_1_54' title='bbox 1250 734 1310 786; x_wconf 85' lang='lat'>16</span> <span class='ocrx_word' id='word_1_55' title='bbox 1337 732 1460 787; x_wconf 86' lang='grc' dir='ltr'>καθ’</span> <span class='ocrx_word' id='word_1_56' title='bbox 1506 734 1742 801; x_wconf 87' lang='grc' dir='ltr'>ἑκάστην</span> <span class='ocrx_word' id='word_1_57' title='bbox 1794 728 1973 781; x_wconf 87' lang='grc' dir='ltr'>αὐτῶν</span> 
     </span>
    </p>
   </div>
   <div class='ocr_carea' id='block_1_8' title="bbox 304 814 1986 895">
    <p class='ocr_par' dir='ltr' id='par_1_8' title="bbox 304 814 1986 895">
     <span class='ocr_line' id='line_1_8' title="bbox 304 814 1986 895; baseline -0.004 -19"><span class='ocrx_word' id='word_1_58' title='bbox 304 826 373 877; x_wconf 86' lang='grc' dir='ltr'>τά</span> <span class='ocrx_word' id='word_1_59' title='bbox 416 824 871 895; x_wconf 79' lang='grc' dir='ltr'>δημιουργήματα</span> <span class='ocrx_word' id='word_1_60' title='bbox 916 821 1261 892; x_wconf 78' lang='grc' dir='ltr'>παραχθῆναι</span> <span class='ocrx_word' id='word_1_61' title='bbox 1296 837 1309 851; x_wconf 71' lang='grc'><strong><em>⁸</em></strong></span> <span class='ocrx_word' id='word_1_62' title='bbox 1344 820 1425 873; x_wconf 86' lang='grc' dir='ltr'>διὸ</span> <span class='ocrx_word' id='word_1_63' title='bbox 1474 818 1561 871; x_wconf 79' lang='grc' dir='ltr'>ἐπ’</span> <span class='ocrx_word' id='word_1_64' title='bbox 1605 817 1829 870; x_wconf 81' lang='grc' dir='ltr'>ἐκείνων</span> <span class='ocrx_word' id='word_1_65' title='bbox 1876 814 1986 885; x_wconf 69' lang='grc' dir='ltr'>μέν’</span> 
     </span>
    </p>
   </div>
   <div class='ocr_carea' id='block_1_9' title="bbox 306 902 1976 979">
    <p class='ocr_par' dir='ltr' id='par_1_9' title="bbox 306 902 1976 979">
     <span class='ocr_line' id='line_1_9' title="bbox 306 902 1976 979; baseline -0.006 -15"><span class='ocrx_word' id='word_1_66' title='bbox 306 913 403 964; x_wconf 77' lang='grc' dir='ltr'>οὑκ</span> <span class='ocrx_word' id='word_1_67' title='bbox 431 908 601 972; x_wconf 77' lang='grc' dir='ltr'>εἶπεν,</span> <span class='ocrx_word' id='word_1_68' title='bbox 624 912 1001 979; x_wconf 65' lang='grc' dir='ltr'>Εὺλόγησεν,</span> <span class='ocrx_word' id='word_1_69' title='bbox 1026 909 1119 961; x_wconf 76' lang='grc' dir='ltr'>ἐπὶ</span> <span class='ocrx_word' id='word_1_70' title='bbox 1143 909 1200 960; x_wconf 84' lang='grc' dir='ltr'>δέ</span> <span class='ocrx_word' id='word_1_71' title='bbox 1244 908 1345 976; x_wconf 87' lang='grc' dir='ltr'>τῆς</span> <span class='ocrx_word' id='word_1_72' title='bbox 1367 906 1596 979; x_wconf 76' lang='grc' dir='ltr'>ἑϐδόμης</span> <span class='ocrx_word' id='word_1_73' title='bbox 1629 905 1793 974; x_wconf 86' lang='grc' dir='ltr'>μόνης</span> <span class='ocrx_word' id='word_1_74' title='bbox 1818 902 1976 954; x_wconf 88' lang='grc' dir='ltr'>τοῦτο</span> 
     </span>
    </p>
   </div>
   <div class='ocr_carea' id='block_1_10' title="bbox 305 986 1975 1067">
    <p class='ocr_par' dir='ltr' id='par_1_10' title="bbox 305 986 1975 1067">
     <span class='ocr_line' id='line_1_10' title="bbox 305 986 1975 1067; baseline -0.006 -17"><span class='ocrx_word' id='word_1_75' title='bbox 305 996 474 1050; x_wconf 81' lang='grc' dir='ltr'>εἰπὼν</span> <span class='ocrx_word' id='word_1_76' title='bbox 508 996 841 1067; x_wconf 85' lang='grc' dir='ltr'>προσέθηκε,</span> <span class='ocrx_word' id='word_1_77' title='bbox 871 995 980 1050; x_wconf 82' lang='grc' dir='ltr'>Καὶ</span> <span class='ocrx_word' id='word_1_78' title='bbox 1021 994 1279 1063; x_wconf 72' lang='grc' dir='ltr'>ἡγίασεν</span> <span class='ocrx_word' id='word_1_79' title='bbox 1328 991 1538 1059; x_wconf 75' lang='grc' dir='ltr'>αὑτήν.</span> <span class='ocrx_word' id='word_1_80' title='bbox 1577 990 1643 1045; x_wconf 81' lang='grc' dir='ltr'>Τί</span> <span class='ocrx_word' id='word_1_81' title='bbox 1691 992 1829 1054; x_wconf 86' lang='grc' dir='ltr'>ἐστι,</span> <span class='ocrx_word' id='word_1_82' title='bbox 1862 986 1975 1041; x_wconf 77' lang='grc' dir='ltr'>Καὶ</span> 
     </span>
    </p>
   </div>
   <div class='ocr_carea' id='block_1_11' title="bbox 304 1074 1977 1154">
    <p class='ocr_par' dir='ltr' id='par_1_11' title="bbox 304 1074 1977 1154">
     <span class='ocr_line' id='line_1_11' title="bbox 304 1074 1977 1154; baseline -0.005 -16"><span class='ocrx_word' id='word_1_83' title='bbox 304 1085 560 1154; x_wconf 77' lang='grc' dir='ltr'>ἡγίασεν</span> <span class='ocrx_word' id='word_1_84' title='bbox 609 1082 839 1148; x_wconf 77' lang='grc' dir='ltr'>αὐτήν;</span> <span class='ocrx_word' id='word_1_85' title='bbox 903 1079 1200 1153; x_wconf 83' lang='grc' dir='ltr'>Ἀφώρισεν</span> <span class='ocrx_word' id='word_1_86' title='bbox 1250 1081 1436 1150; x_wconf 85' lang='grc' dir='ltr'>αὐτήν.</span> <span class='ocrx_word' id='word_1_87' title='bbox 1484 1074 1619 1132; x_wconf 76' lang='grc' dir='ltr'>Εἶτα</span> <span class='ocrx_word' id='word_1_88' title='bbox 1655 1077 1977 1130; x_wconf 77' lang='grc' dir='ltr'>διδάσκουσα.</span> 
     </span>
    </p>
   </div>
   <div class='ocr_carea' id='block_1_12' title="bbox 304 1163 1973 1242">
    <p class='ocr_par' dir='ltr' id='par_1_12' title="bbox 304 1163 1973 1242">
     <span class='ocr_line' id='line_1_12' title="bbox 304 1163 1973 1242; baseline -0.005 -18"><span class='ocrx_word' id='word_1_89' title='bbox 304 1174 450 1242; x_wconf 79' lang='grc' dir='ltr'>ἡμᾶς</span> <span class='ocrx_word' id='word_1_90' title='bbox 478 1173 510 1242; x_wconf 87' lang='grc' dir='ltr'>ἡ</span> <span class='ocrx_word' id='word_1_91' title='bbox 550 1170 668 1225; x_wconf 87' lang='grc' dir='ltr'>θεία</span> <span class='ocrx_word' id='word_1_92' title='bbox 696 1169 884 1241; x_wconf 81' lang='grc' dir='ltr'>Γραφὴ</span> <span class='ocrx_word' id='word_1_93' title='bbox 920 1170 1012 1222; x_wconf 71' lang='grc' dir='ltr'>καὶ</span> <span class='ocrx_word' id='word_1_94' title='bbox 1040 1170 1139 1238; x_wconf 81' lang='grc' dir='ltr'>τὴν</span> <span class='ocrx_word' id='word_1_95' title='bbox 1172 1168 1349 1221; x_wconf 78' lang='grc' dir='ltr'>αἰτίαν</span> <span class='ocrx_word' id='word_1_96' title='bbox 1378 1167 1444 1220; x_wconf 81' lang='grc' dir='ltr'>δι’</span> <span class='ocrx_word' id='word_1_97' title='bbox 1486 1168 1553 1238; x_wconf 80' lang='grc' dir='ltr'>ἦν</span> <span class='ocrx_word' id='word_1_98' title='bbox 1600 1167 1839 1237; x_wconf 80' lang='grc' dir='ltr'>εῖρηκεν,</span> <span class='ocrx_word' id='word_1_99' title='bbox 1864 1163 1973 1217; x_wconf 76' lang='grc' dir='ltr'>Καὶ</span> 
     </span>
    </p>
   </div>
   <div class='ocr_carea' id='block_1_13' title="bbox 304 1251 1976 1327">
    <p class='ocr_par' dir='ltr' id='par_1_13' title="bbox 304 1251 1976 1327">
     <span class='ocr_line' id='line_1_13' title="bbox 304 1251 1976 1327; baseline -0.004 -16"><span class='ocrx_word' id='word_1_100' title='bbox 304 1259 561 1326; x_wconf 74' lang='grc' dir='ltr'>ἡγίασεν</span> <span class='ocrx_word' id='word_1_101' title='bbox 598 1256 812 1324; x_wconf 75' lang='grc' dir='ltr'>αὐτὴν,</span> <span class='ocrx_word' id='word_1_102' title='bbox 848 1254 1205 1327; x_wconf 79' lang='grc' dir='ltr'>προσέθηκεν,</span> <span class='ocrx_word' id='word_1_103' title='bbox 1240 1255 1360 1306; x_wconf 84' lang='grc' dir='ltr'>Ὅτι</span> <span class='ocrx_word' id='word_1_104' title='bbox 1386 1254 1455 1307; x_wconf 81' lang='grc' dir='ltr'>ἐν</span> <span class='ocrx_word' id='word_1_105' title='bbox 1492 1251 1645 1321; x_wconf 78' lang='grc' dir='ltr'>αὐτῇ</span> <span class='ocrx_word' id='word_1_106' title='bbox 1678 1254 1976 1305; x_wconf 82' lang='grc' dir='ltr'>κατέπαυ-</span> 
     </span>
    </p>
   </div>
   <div class='ocr_carea' id='block_1_14' title="bbox 306 1332 1976 1411">
    <p class='ocr_par' dir='ltr' id='par_1_14' title="bbox 306 1332 1976 1411">
     <span class='ocr_line' id='line_1_14' title="bbox 306 1332 1976 1411; baseline -0.004 -13"><span class='ocrx_word' id='word_1_107' title='bbox 306 1362 421 1399; x_wconf 84' lang='grc' dir='ltr'>σεν</span> <span class='ocrx_word' id='word_1_108' title='bbox 458 1343 576 1398; x_wconf 78' lang='grc' dir='ltr'>ἀπὸ</span> <span class='ocrx_word' id='word_1_109' title='bbox 629 1342 870 1396; x_wconf 73' lang='grc' dir='ltr'>πάντων</span> <span class='ocrx_word' id='word_1_110' title='bbox 915 1341 1033 1395; x_wconf 83' lang='grc' dir='ltr'>τῶν</span> <span class='ocrx_word' id='word_1_111' title='bbox 1088 1341 1275 1411; x_wconf 67' lang='grc' dir='ltr'>ἔργων</span> <span class='ocrx_word' id='word_1_112' title='bbox 1324 1339 1510 1394; x_wconf 84' lang='grc' dir='ltr'>αὐτοῦ</span> <span class='ocrx_word' id='word_1_113' title='bbox 1557 1332 1643 1392; x_wconf 84' lang='grc' dir='ltr'>ὧν</span> <span class='ocrx_word' id='word_1_114' title='bbox 1693 1337 1915 1407; x_wconf 74' lang='grc' dir='ltr'>ἤρξατο</span> <span class='ocrx_word' id='word_1_115' title='bbox 1942 1341 1976 1392; x_wconf 87' lang='grc' dir='ltr'><em>ὁ</em></span> 
     </span>
    </p>
   </div>
   <div class='ocr_carea' id='block_1_15' title="bbox 310 1425 1974 1498">
    <p class='ocr_par' dir='ltr' id='par_1_15' title="bbox 310 1425 1974 1498">
     <span class='ocr_line' id='line_1_15' title="bbox 310 1425 1974 1498; baseline -0.005 -13"><span class='ocrx_word' id='word_1_116' title='bbox 310 1432 459 1496; x_wconf 57' lang='grc' dir='ltr'>Θεῦς</span> <span class='ocrx_word' id='word_1_117' title='bbox 482 1428 749 1497; x_wconf 81' lang='grc' dir='ltr'>ποιῆσαι.</span> <span class='ocrx_word' id='word_1_118' title='bbox 787 1427 943 1495; x_wconf 82' lang='grc' dir='ltr'>Ἧδη¹</span> <span class='ocrx_word' id='word_1_119' title='bbox 958 1426 1203 1479; x_wconf 88' lang='grc' dir='ltr'>ἐντεῦθεν</span> <span class='ocrx_word' id='word_1_120' title='bbox 1234 1429 1297 1479; x_wconf 85' lang='grc' dir='ltr'>ἐκ</span> <span class='ocrx_word' id='word_1_121' title='bbox 1319 1425 1621 1498; x_wconf 75' lang='grc' dir='ltr'>προοιμίων</span> <span class='ocrx_word' id='word_1_122' title='bbox 1643 1427 1974 1495; x_wconf 82' lang='grc' dir='ltr'>αἰνιγματω-</span> 
     </span>
    </p>
   </div>
   <div class='ocr_carea' id='block_1_16' title="bbox 304 1512 1972 1585">
    <p class='ocr_par' dir='ltr' id='par_1_16' title="bbox 304 1512 1972 1585">
     <span class='ocr_line' id='line_1_16' title="bbox 304 1512 1972 1585; baseline -0.004 -14"><span class='ocrx_word' id='word_1_123' title='bbox 304 1518 409 1582; x_wconf 87' lang='grc' dir='ltr'>δῶς</span> <span class='ocrx_word' id='word_1_124' title='bbox 442 1516 785 1571; x_wconf 74' lang='grc' dir='ltr'>διδασκαλίαν</span> <span class='ocrx_word' id='word_1_125' title='bbox 822 1518 850 1585; x_wconf 84' lang='grc' dir='ltr'>ἡ</span> <span class='ocrx_word' id='word_1_126' title='bbox 862 1519 951 1584; x_wconf 78' lang='grc' dir='ltr'>μίν</span> <span class='ocrx_word' id='word_1_127' title='bbox 978 1517 1006 1567; x_wconf 89' lang='lat'>6</span> <span class='ocrx_word' id='word_1_128' title='bbox 1035 1514 1167 1577; x_wconf 75' lang='grc' dir='ltr'>Θεὸς</span> <span class='ocrx_word' id='word_1_129' title='bbox 1218 1515 1538 1585; x_wconf 71' lang='grc' dir='ltr'>παρέχεται,</span> <span class='ocrx_word' id='word_1_130' title='bbox 1575 1512 1843 1566; x_wconf 78' lang='grc' dir='ltr'>παιδεύων</span> <span class='ocrx_word' id='word_1_131' title='bbox 1875 1512 1972 1583; x_wconf 75' lang='grc' dir='ltr'>τὴν</span> 
     </span>
    </p>
   </div>
   <div class='ocr_carea' id='block_1_17' title="bbox 308 1600 1974 1676">
    <p class='ocr_par' dir='ltr' id='par_1_17' title="bbox 308 1600 1974 1676">
     <span class='ocr_line' id='line_1_17' title="bbox 308 1600 1974 1676; baseline -0.003 -18"><span class='ocrx_word' id='word_1_132' title='bbox 308 1606 437 1675; x_wconf 87' lang='grc' dir='ltr'>μίαν</span> <span class='ocrx_word' id='word_1_133' title='bbox 466 1605 676 1676; x_wconf 88' lang='grc' dir='ltr'>ἡμέραν</span> <span class='ocrx_word' id='word_1_134' title='bbox 710 1605 767 1655; x_wconf 88' lang='grc' dir='ltr'>ἐν</span> <span class='ocrx_word' id='word_1_135' title='bbox 804 1602 883 1672; x_wconf 82' lang='grc' dir='ltr'>τῷ</span> <span class='ocrx_word' id='word_1_136' title='bbox 910 1602 1095 1671; x_wconf 87' lang='grc' dir='ltr'>κύκλῳ</span> <span class='ocrx_word' id='word_1_137' title='bbox 1126 1602 1223 1671; x_wconf 86' lang='grc' dir='ltr'>τῆς</span> <span class='ocrx_word' id='word_1_138' title='bbox 1262 1601 1555 1672; x_wconf 78' lang='grc' dir='ltr'>ἑϐδομάδος</span> <span class='ocrx_word' id='word_1_139' title='bbox 1596 1600 1813 1653; x_wconf 75' lang='grc' dir='ltr'>ἃπασαν</span> <span class='ocrx_word' id='word_1_140' title='bbox 1841 1602 1974 1654; x_wconf 88' lang='grc' dir='ltr'>ἀνα-</span> 
     </span>
    </p>
   </div>
   <div class='ocr_carea' id='block_1_18' title="bbox 301 1680 1972 1759">
    <p class='ocr_par' dir='ltr' id='par_1_18' title="bbox 301 1680 1972 1759">
     <span class='ocr_line' id='line_1_18' title="bbox 301 1680 1972 1759; baseline -0.002 -16"><span class='ocrx_word' id='word_1_141' title='bbox 301 1680 510 1745; x_wconf 82' lang='grc' dir='ltr'>τιθέναι</span> <span class='ocrx_word' id='word_1_142' title='bbox 561 1691 651 1743; x_wconf 74' lang='grc' dir='ltr'>καὶ</span> <span class='ocrx_word' id='word_1_143' title='bbox 698 1688 975 1759; x_wconf 72' lang='grc' dir='ltr'>ἀφορίζειν</span> <span class='ocrx_word' id='word_1_144' title='bbox 1018 1691 1084 1758; x_wconf 78' lang='grc' dir='ltr'>τῇ</span> <span class='ocrx_word' id='word_1_145' title='bbox 1128 1689 1236 1741; x_wconf 89' lang='grc' dir='ltr'>τῶν</span> <span class='ocrx_word' id='word_1_146' title='bbox 1287 1687 1673 1758; x_wconf 77' lang='grc' dir='ltr'>πνευματικῶν</span> <span class='ocrx_word' id='word_1_147' title='bbox 1720 1686 1972 1758; x_wconf 75' lang='grc' dir='ltr'>ἐργασίᾳ.</span> 
     </span>
    </p>
   </div>
   <div class='ocr_carea' id='block_1_19' title="bbox 303 1772 1975 1846">
    <p class='ocr_par' dir='ltr' id='par_1_19' title="bbox 303 1772 1975 1846">
     <span class='ocr_line' id='line_1_19' title="bbox 303 1772 1975 1846; baseline -0.005 -15"><span class='ocrx_word' id='word_1_148' title='bbox 303 1779 403 1831; x_wconf 78' lang='grc' dir='ltr'>Δια</span> <span class='ocrx_word' id='word_1_149' title='bbox 432 1778 537 1846; x_wconf 77' lang='grc' dir='ltr'>γὰρ</span> <span class='ocrx_word' id='word_1_150' title='bbox 570 1776 726 1829; x_wconf 81' lang='grc' dir='ltr'>τοῦτο</span> <span class='ocrx_word' id='word_1_151' title='bbox 759 1777 851 1828; x_wconf 73' lang='grc' dir='ltr'>καὶ</span> <span class='ocrx_word' id='word_1_152' title='bbox 892 1777 919 1827; x_wconf 98' lang='lat'>6</span> <span class='ocrx_word' id='word_1_153' title='bbox 969 1774 1248 1843; x_wconf 76' lang='grc' dir='ltr'>Δεσπότης</span> <span class='ocrx_word' id='word_1_154' title='bbox 1295 1788 1353 1826; x_wconf 88' lang='grc' dir='ltr'>εν</span> <span class='ocrx_word' id='word_1_155' title='bbox 1397 1774 1455 1839; x_wconf 79' lang='grc' dir='ltr'>ἐξ</span> <span class='ocrx_word' id='word_1_156' title='bbox 1498 1775 1733 1846; x_wconf 79' lang='grc' dir='ltr'>ἡμέραις</span> <span class='ocrx_word' id='word_1_157' title='bbox 1779 1774 1848 1826; x_wconf 85' lang='grc' dir='ltr'>τά</span> <span class='ocrx_word' id='word_1_158' title='bbox 1876 1772 1975 1842; x_wconf 89' lang='grc' dir='ltr'>τῆς</span> 
     </span>
    </p>
   </div>
   <div class='ocr_carea' id='block_1_20' title="bbox 302 1859 1969 1935">
    <p class='ocr_par' dir='ltr' id='par_1_20' title="bbox 302 1859 1969 1935">
     <span class='ocr_line' id='line_1_20' title="bbox 302 1859 1969 1935; baseline -0.004 -17"><span class='ocrx_word' id='word_1_159' title='bbox 302 1864 658 1935; x_wconf 76' lang='grc' dir='ltr'>δημιουργίας</span> <span class='ocrx_word' id='word_1_160' title='bbox 707 1864 922 1917; x_wconf 78' lang='grc' dir='ltr'>ᾶπαντα</span> <span class='ocrx_word' id='word_1_161' title='bbox 962 1861 1276 1932; x_wconf 78' lang='grc' dir='ltr'>πληρώσας,</span> <span class='ocrx_word' id='word_1_162' title='bbox 1310 1863 1411 1932; x_wconf 82' lang='grc' dir='ltr'>τὴν</span> <span class='ocrx_word' id='word_1_163' title='bbox 1456 1860 1687 1932; x_wconf 89' lang='grc' dir='ltr'>ἑϐδόμην</span> <span class='ocrx_word' id='word_1_164' title='bbox 1718 1859 1969 1928; x_wconf 74' lang='grc' dir='ltr'>εὐλογίας</span> 
     </span>
    </p>
   </div>
   <div class='ocr_carea' id='block_1_21' title="bbox 303 1950 1972 2024">
    <p class='ocr_par' dir='ltr' id='par_1_21' title="bbox 303 1950 1972 2024">
     <span class='ocr_line' id='line_1_21' title="bbox 303 1950 1972 2024; baseline -0.003 -17"><span class='ocrx_word' id='word_1_165' title='bbox 303 1953 540 2019; x_wconf 77' lang='grc' dir='ltr'>ἀξιώσας</span> <span class='ocrx_word' id='word_1_166' title='bbox 577 1953 792 2024; x_wconf 84' lang='grc' dir='ltr'>ήγίασε,</span> <span class='ocrx_word' id='word_1_167' title='bbox 838 1951 925 2005; x_wconf 71' lang='grc' dir='ltr'>διὰ</span> <span class='ocrx_word' id='word_1_168' title='bbox 953 1952 1015 2005; x_wconf 86' lang='grc' dir='ltr'>τὸ</span> <span class='ocrx_word' id='word_1_169' title='bbox 1060 1953 1116 2003; x_wconf 85' lang='grc' dir='ltr'>ἐν</span> <span class='ocrx_word' id='word_1_170' title='bbox 1160 1953 1296 2024; x_wconf 80' lang='grc' dir='ltr'>αὐτῇ</span> <span class='ocrx_word' id='word_1_171' title='bbox 1353 1952 1703 2005; x_wconf 84' lang='grc' dir='ltr'>καταπαῦσαι</span> <span class='ocrx_word' id='word_1_172' title='bbox 1728 1950 1837 2004; x_wconf 87' lang='grc' dir='ltr'>ἀπὸ</span> <span class='ocrx_word' id='word_1_173' title='bbox 1864 1951 1972 2003; x_wconf 91' lang='grc' dir='ltr'>τῶν</span> 
     </span>
    </p>
   </div>
   <div class='ocr_carea' id='block_1_22' title="bbox 301 2032 1971 2111">
    <p class='ocr_par' dir='ltr' id='par_1_22' title="bbox 301 2032 1971 2111">
     <span class='ocr_line' id='line_1_22' title="bbox 301 2032 1971 2111; baseline -0.001 -19"><span class='ocrx_word' id='word_1_174' title='bbox 301 2040 476 2111; x_wconf 78' lang='grc' dir='ltr'>ἔργων</span> <span class='ocrx_word' id='word_1_175' title='bbox 501 2038 663 2091; x_wconf 88' lang='grc' dir='ltr'>αὐτοῦ</span> <span class='ocrx_word' id='word_1_176' title='bbox 694 2032 766 2092; x_wconf 81' lang='grc' dir='ltr'>ὧν</span> <span class='ocrx_word' id='word_1_177' title='bbox 792 2037 992 2109; x_wconf 78' lang='grc' dir='ltr'>ἡρξατο</span> <span class='ocrx_word' id='word_1_178' title='bbox 1020 2038 1264 2109; x_wconf 87' lang='grc' dir='ltr'>ποιῆσαι.</span> <span class='ocrx_word' id='word_1_179' title='bbox 1301 2037 1440 2091; x_wconf 83' lang='grc' dir='ltr'>Ἀλλ’</span> <span class='ocrx_word' id='word_1_180' title='bbox 1461 2037 1711 2091; x_wconf 87' lang='grc' dir='ltr'>ἐντεῦθεν</span> <span class='ocrx_word' id='word_1_181' title='bbox 1745 2050 1773 2079; x_wconf 76' lang='grc' dir='ltr'>ι</span> <span class='ocrx_word' id='word_1_182' title='bbox 1808 2038 1971 2092; x_wconf 87' lang='grc' dir='ltr'>πάλιν</span> 
     </span>
    </p>
   </div>
   <div class='ocr_carea' id='block_1_23' title="bbox 301 2125 1973 2197">
    <p class='ocr_par' dir='ltr' id='par_1_23' title="bbox 301 2125 1973 2197">
     <span class='ocr_line' id='line_1_23' title="bbox 301 2125 1973 2197; baseline -0.002 -16"><span class='ocrx_word' id='word_1_183' title='bbox 301 2130 411 2197; x_wconf 77' lang='grc' dir='ltr'>δρῶ</span> <span class='ocrx_word' id='word_1_184' title='bbox 450 2127 681 2195; x_wconf 84' lang='grc' dir='ltr'>πέλαγος</span> <span class='ocrx_word' id='word_1_185' title='bbox 708 2126 904 2196; x_wconf 80' lang='grc' dir='ltr'>ἀχανὲς</span> <span class='ocrx_word' id='word_1_186' title='bbox 956 2125 1245 2196; x_wconf 80' lang='grc' dir='ltr'>νοημάτων</span> <span class='ocrx_word' id='word_1_187' title='bbox 1304 2128 1438 2196; x_wconf 86' lang='grc' dir='ltr'>ἡμῖν</span> <span class='ocrx_word' id='word_1_188' title='bbox 1482 2125 1801 2196; x_wconf 82' lang='grc' dir='ltr'>τικτόμενον</span> <span class='ocrx_word' id='word_1_189' title='bbox 1824 2166 1838 2189; x_wconf 95' lang='grc'>,</span> <span class='ocrx_word' id='word_1_190' title='bbox 1878 2126 1973 2179; x_wconf 78' lang='grc' dir='ltr'>καὶ</span> 
     </span>
    </p>
   </div>
   <div class='ocr_carea' id='block_1_24' title="bbox 304 2210 1973 2284">
    <p class='ocr_par' dir='ltr' id='par_1_24' title="bbox 304 2210 1973 2284">
     <span class='ocr_line' id='line_1_24' title="bbox 304 2210 1973 2284; baseline -0.001 -18"><span class='ocrx_word' id='word_1_191' title='bbox 304 2214 561 2283; x_wconf 78' lang='grc' dir='ltr'>βούλομαι</span> <span class='ocrx_word' id='word_1_192' title='bbox 613 2214 686 2284; x_wconf 83' lang='grc' dir='ltr'>μὴ</span> <span class='ocrx_word' id='word_1_193' title='bbox 712 2213 898 2275; x_wconf 83' lang='grc' dir='ltr'>ἁπλῶς</span> <span class='ocrx_word' id='word_1_194' title='bbox 938 2214 1068 2265; x_wconf 87' lang='grc' dir='ltr'>αὐτὸ</span> <span class='ocrx_word' id='word_1_195' title='bbox 1101 2212 1502 2282; x_wconf 82' lang='grc' dir='ltr'>παραδραμεῖν,</span> <span class='ocrx_word' id='word_1_196' title='bbox 1536 2210 1673 2264; x_wconf 89' lang='grc' dir='ltr'>ἀλλά</span> <span class='ocrx_word' id='word_1_197' title='bbox 1704 2212 1798 2265; x_wconf 80' lang='grc' dir='ltr'>καὶ</span> <span class='ocrx_word' id='word_1_198' title='bbox 1828 2212 1973 2280; x_wconf 82' lang='grc' dir='ltr'>ὑμᾶς</span> 
     </span>
    </p>
   </div>
   <div class='ocr_carea' id='block_1_25' title="bbox 300 2298 1971 2370">
    <p class='ocr_par' dir='ltr' id='par_1_25' title="bbox 300 2298 1971 2370">
     <span class='ocr_line' id='line_1_25' title="bbox 300 2298 1971 2370; baseline -0.002 -18"><span class='ocrx_word' id='word_1_199' title='bbox 300 2302 589 2363; x_wconf 80' lang='grc' dir='ltr'>κοινωνοὺς</span> <span class='ocrx_word' id='word_1_200' title='bbox 616 2299 800 2353; x_wconf 89' lang='grc' dir='ltr'>λαϐεῖν</span> <span class='ocrx_word' id='word_1_201' title='bbox 835 2299 936 2369; x_wconf 85' lang='grc' dir='ltr'>τῆς</span> <span class='ocrx_word' id='word_1_202' title='bbox 981 2299 1249 2370; x_wconf 75' lang='grc' dir='ltr'>ἐμπορίας</span> <span class='ocrx_word' id='word_1_203' title='bbox 1293 2298 1496 2369; x_wconf 82' lang='grc' dir='ltr'>ταύτης</span> <span class='ocrx_word' id='word_1_204' title='bbox 1536 2298 1635 2367; x_wconf 86' lang='grc' dir='ltr'>τῆς</span> <span class='ocrx_word' id='word_1_205' title='bbox 1666 2313 1971 2367; x_wconf 86' lang='grc' dir='ltr'>πνευματι-</span> 
     </span>
    </p>
   </div>
   <div class='ocr_carea' id='block_1_26' title="bbox 301 2382 1968 2457">
    <p class='ocr_par' dir='ltr' id='par_1_26' title="bbox 301 2382 1968 2457">
     <span class='ocr_line' id='line_1_26' title="bbox 301 2382 1968 2457; baseline -0.001 -19"><span class='ocrx_word' id='word_1_206' title='bbox 301 2387 425 2457; x_wconf 86' lang='grc' dir='ltr'>κῆς.</span> <span class='ocrx_word' id='word_1_207' title='bbox 463 2386 528 2437; x_wconf 89' lang='grc' dir='ltr'>Τί</span> <span class='ocrx_word' id='word_1_208' title='bbox 551 2382 642 2438; x_wconf 81' lang='grc' dir='ltr'>οὖν</span> <span class='ocrx_word' id='word_1_209' title='bbox 671 2388 786 2438; x_wconf 80' lang='grc' dir='ltr'>ἐστι</span> <span class='ocrx_word' id='word_1_210' title='bbox 815 2386 877 2437; x_wconf 87' lang='grc' dir='ltr'>τὸ</span> <span class='ocrx_word' id='word_1_211' title='bbox 909 2385 1159 2437; x_wconf 82' lang='grc' dir='ltr'>ἐντεῦθεν</span> <span class='ocrx_word' id='word_1_212' title='bbox 1192 2385 1504 2438; x_wconf 82' lang='grc' dir='ltr'>ἀνακύπτον</span> <span class='ocrx_word' id='word_1_213' title='bbox 1553 2387 1686 2455; x_wconf 87' lang='grc' dir='ltr'>ἡμῖν</span> <span class='ocrx_word' id='word_1_214' title='bbox 1720 2384 1968 2455; x_wconf 74' lang='grc' dir='ltr'>ζήτημας</span> 
     </span>
    </p>
   </div>
   <div class='ocr_carea' id='block_1_27' title="bbox 301 2472 1971 2545">
    <p class='ocr_par' dir='ltr' id='par_1_27' title="bbox 301 2472 1971 2545">
     <span class='ocr_line' id='line_1_27' title="bbox 301 2472 1971 2545; baseline -0.002 -16"><span class='ocrx_word' id='word_1_215' title='bbox 301 2478 413 2545; x_wconf 88' lang='grc' dir='ltr'>Τῆς</span> <span class='ocrx_word' id='word_1_216' title='bbox 441 2476 591 2538; x_wconf 88' lang='grc' dir='ltr'>θείας</span> <span class='ocrx_word' id='word_1_217' title='bbox 615 2474 838 2545; x_wconf 81' lang='grc' dir='ltr'>Γραφῆς</span> <span class='ocrx_word' id='word_1_218' title='bbox 876 2473 1107 2528; x_wconf 86' lang='grc' dir='ltr'>ἐνταῦθα</span> <span class='ocrx_word' id='word_1_219' title='bbox 1132 2472 1417 2543; x_wconf 83' lang='grc' dir='ltr'>λεγούσης,</span> <span class='ocrx_word' id='word_1_220' title='bbox 1449 2474 1529 2527; x_wconf 85' lang='grc' dir='ltr'>ὃτι</span> <span class='ocrx_word' id='word_1_221' title='bbox 1560 2473 1905 2526; x_wconf 82' lang='grc' dir='ltr'>κατέπαυσεν</span> <span class='ocrx_word' id='word_1_222' title='bbox 1944 2475 1971 2526; x_wconf 90' lang='lat'>6</span> 
     </span>
    </p>
   </div>
   <div class='ocr_carea' id='block_1_28' title="bbox 300 2559 1970 2637">
    <p class='ocr_par' dir='ltr' id='par_1_28' title="bbox 300 2559 1970 2637">
     <span class='ocr_line' id='line_1_28' title="bbox 300 2559 1970 2637; baseline -0.001 -20"><span class='ocrx_word' id='word_1_223' title='bbox 300 2563 432 2626; x_wconf 79' lang='grc' dir='ltr'>Θεὸς</span> <span class='ocrx_word' id='word_1_224' title='bbox 490 2562 598 2616; x_wconf 78' lang='grc' dir='ltr'>ἀπὸ</span> <span class='ocrx_word' id='word_1_225' title='bbox 635 2561 743 2615; x_wconf 90' lang='grc' dir='ltr'>τῶν</span> <span class='ocrx_word' id='word_1_226' title='bbox 804 2561 978 2637; x_wconf 77' lang='grc' dir='ltr'>ἔργων</span> <span class='ocrx_word' id='word_1_227' title='bbox 1026 2559 1226 2626; x_wconf 80' lang='grc' dir='ltr'>αὐτοῦ,</span> <span class='ocrx_word' id='word_1_228' title='bbox 1282 2563 1339 2615; x_wconf 92' lang='grc' dir='ltr'>ἐν</span> <span class='ocrx_word' id='word_1_229' title='bbox 1394 2565 1507 2624; x_wconf 87' lang='grc' dir='ltr'>τοῖς</span> <span class='ocrx_word' id='word_1_230' title='bbox 1550 2560 1911 2630; x_wconf 80' lang='grc' dir='ltr'>Εύαγγελίοις</span> <span class='ocrx_word' id='word_1_231' title='bbox 1942 2563 1970 2615; x_wconf 86' lang='grc' dir='ltr'><strong>ὁ</strong></span> 
     </span>
    </p>
   </div>
   <div class='ocr_carea' id='block_1_29' title="bbox 299 2646 1967 2720">
    <p class='ocr_par' dir='ltr' id='par_1_29' title="bbox 299 2646 1967 2720">
     <span class='ocr_line' id='line_1_29' title="bbox 299 2646 1967 2720; baseline -0.001 -18"><span class='ocrx_word' id='word_1_232' title='bbox 299 2650 533 2720; x_wconf 78' lang='grc' dir='ltr'>Χριστός</span> <span class='ocrx_word' id='word_1_233' title='bbox 585 2665 768 2719; x_wconf 84' lang='grc' dir='ltr'>φησιν,</span> <span class='ocrx_word' id='word_1_234' title='bbox 839 2648 899 2700; x_wconf 87' lang='lat'>&#39;0</span> <span class='ocrx_word' id='word_1_235' title='bbox 930 2646 1129 2715; x_wconf 78' lang='grc' dir='ltr'>Πατήρ</span> <span class='ocrx_word' id='word_1_236' title='bbox 1181 2665 1300 2716; x_wconf 82' lang='grc' dir='ltr'>μου</span> <span class='ocrx_word' id='word_1_237' title='bbox 1348 2647 1457 2713; x_wconf 85' lang='grc' dir='ltr'>ἓως</span> <span class='ocrx_word' id='word_1_238' title='bbox 1495 2647 1624 2716; x_wconf 79' lang='grc' dir='ltr'>ἄρτι</span> <span class='ocrx_word' id='word_1_239' title='bbox 1652 2646 1967 2717; x_wconf 77' lang='grc' dir='ltr'>ἐργάζεται,</span> 
     </span>
    </p>
   </div>
   <div class='ocr_carea' id='block_1_30' title="bbox 299 2732 1971 2805">
    <p class='ocr_par' dir='ltr' id='par_1_30' title="bbox 299 2732 1971 2805">
     <span class='ocr_line' id='line_1_30' title="bbox 299 2732 1971 2805; baseline -0.001 -18"><span class='ocrx_word' id='word_1_240' title='bbox 299 2734 462 2804; x_wconf 63' lang='grc' dir='ltr'>κάγὼ</span> <span class='ocrx_word' id='word_1_241' title='bbox 500 2733 828 2802; x_wconf 79' lang='grc' dir='ltr'>ἐργάζομαι.</span> <span class='ocrx_word' id='word_1_242' title='bbox 852 2734 926 2786; x_wconf 86' lang='grc' dir='ltr'>Οὐ</span> <span class='ocrx_word' id='word_1_243' title='bbox 961 2733 1109 2786; x_wconf 84' lang='grc' dir='ltr'>δοκεῖ</span> <span class='ocrx_word' id='word_1_244' title='bbox 1127 2734 1189 2785; x_wconf 83' lang='grc' dir='ltr'>ἐκ</span> <span class='ocrx_word' id='word_1_245' title='bbox 1218 2733 1316 2803; x_wconf 87' lang='grc' dir='ltr'>τῆς</span> <span class='ocrx_word' id='word_1_246' title='bbox 1349 2734 1625 2805; x_wconf 74' lang='grc' dir='ltr'>προφορᾶς</span> <span class='ocrx_word' id='word_1_247' title='bbox 1647 2732 1755 2785; x_wconf 90' lang='grc' dir='ltr'>τῶν</span> <span class='ocrx_word' id='word_1_248' title='bbox 1793 2734 1971 2804; x_wconf 75' lang='grc' dir='ltr'>ῥημά-</span> 
     </span>
    </p>
   </div>
   <div class='ocr_carea' id='block_1_31' title="bbox 297 2817 1970 2894">
    <p class='ocr_par' dir='ltr' id='par_1_31' title="bbox 297 2817 1970 2894">
     <span class='ocr_line' id='line_1_31' title="bbox 297 2817 1970 2894; baseline 0 -19"><span class='ocrx_word' id='word_1_249' title='bbox 297 2840 408 2875; x_wconf 93' lang='grc' dir='ltr'>των</span> <span class='ocrx_word' id='word_1_250' title='bbox 445 2822 761 2886; x_wconf 84' lang='grc' dir='ltr'>ἐναντίωσίς</span> <span class='ocrx_word' id='word_1_251' title='bbox 796 2840 879 2885; x_wconf 92' lang='grc' dir='ltr'>τις</span> <span class='ocrx_word' id='word_1_252' title='bbox 903 2817 1041 2875; x_wconf 79' lang='grc' dir='ltr'>εἶναι</span> <span class='ocrx_word' id='word_1_253' title='bbox 1070 2823 1125 2875; x_wconf 90' lang='grc' dir='ltr'>ἐν</span> <span class='ocrx_word' id='word_1_254' title='bbox 1156 2824 1268 2883; x_wconf 87' lang='grc' dir='ltr'>τοῖς</span> <span class='ocrx_word' id='word_1_255' title='bbox 1300 2821 1645 2891; x_wconf 87' lang='grc' dir='ltr'>λεγομένοις;</span> <span class='ocrx_word' id='word_1_256' title='bbox 1701 2822 1859 2875; x_wconf 85' lang='grc' dir='ltr'>Ἀλλά</span> <span class='ocrx_word' id='word_1_257' title='bbox 1895 2823 1970 2894; x_wconf 87' lang='grc' dir='ltr'>μὴ</span> 
     </span>
    </p>
   </div>
   <div class='ocr_carea' id='block_1_32' title="bbox 298 2907 1968 2982">
    <p class='ocr_par' dir='ltr' id='par_1_32' title="bbox 298 2907 1968 2982">
     <span class='ocr_line' id='line_1_32' title="bbox 298 2907 1968 2982; baseline 0.001 -20"><span class='ocrx_word' id='word_1_258' title='bbox 298 2909 508 2977; x_wconf 82' lang='grc' dir='ltr'>γένοιτο</span> <span class='ocrx_word' id='word_1_259' title='bbox 527 2927 541 2940; x_wconf 90' lang='grc'><strong>·</strong></span> <span class='ocrx_word' id='word_1_260' title='bbox 569 2910 719 2962; x_wconf 79' lang='grc' dir='ltr'>οὐδὲν</span> <span class='ocrx_word' id='word_1_261' title='bbox 756 2909 864 2981; x_wconf 81' lang='grc' dir='ltr'>γάρ</span> <span class='ocrx_word' id='word_1_262' title='bbox 886 2908 1128 2963; x_wconf 87' lang='grc' dir='ltr'>ἐναντίον</span> <span class='ocrx_word' id='word_1_263' title='bbox 1155 2907 1263 2962; x_wconf 90' lang='grc' dir='ltr'>τῶν</span> <span class='ocrx_word' id='word_1_264' title='bbox 1284 2909 1342 2960; x_wconf 91' lang='grc' dir='ltr'>ἐν</span> <span class='ocrx_word' id='word_1_265' title='bbox 1366 2911 1431 2980; x_wconf 84' lang='grc' dir='ltr'>τῇ</span> <span class='ocrx_word' id='word_1_266' title='bbox 1481 2909 1600 2982; x_wconf 78' lang='grc' dir='ltr'>θείᾳ</span> <span class='ocrx_word' id='word_1_267' title='bbox 1628 2911 1814 2981; x_wconf 85' lang='grc' dir='ltr'>Γραφῇ</span> <span class='ocrx_word' id='word_1_268' title='bbox 1852 2927 1968 2963; x_wconf 88' lang='grc' dir='ltr'>κει-</span> 
     </span>
    </p>
   </div>
   <div class='ocr_carea' id='block_1_33' title="bbox 303 2996 1970 3070">
    <p class='ocr_par' dir='ltr' id='par_1_33' title="bbox 303 2996 1970 3070">
     <span class='ocr_line' id='line_1_33' title="bbox 303 2996 1970 3070; baseline -0.001 -18"><span class='ocrx_word' id='word_1_269' title='bbox 303 3000 500 3070; x_wconf 88' lang='grc' dir='ltr'>μένων.</span> <span class='ocrx_word' id='word_1_270' title='bbox 543 2998 812 3052; x_wconf 87' lang='grc' dir='ltr'>Ἐνταῦοα</span> <span class='ocrx_word' id='word_1_271' title='bbox 846 2996 956 3068; x_wconf 86' lang='grc' dir='ltr'>γὰρ</span> <span class='ocrx_word' id='word_1_272' title='bbox 993 2996 1223 3052; x_wconf 82' lang='grc' dir='ltr'>εἰποῦσα</span> <span class='ocrx_word' id='word_1_273' title='bbox 1262 2998 1294 3067; x_wconf 86' lang='grc' dir='ltr'>ἡ</span> <span class='ocrx_word' id='word_1_274' title='bbox 1326 2998 1538 3068; x_wconf 68' lang='grc' dir='ltr'>Γραφὴ,</span> <span class='ocrx_word' id='word_1_275' title='bbox 1576 2998 1658 3051; x_wconf 84' lang='grc' dir='ltr'>ὅτι</span> <span class='ocrx_word' id='word_1_276' title='bbox 1693 2998 1970 3053; x_wconf 83' lang='grc' dir='ltr'>κατέπαυ-</span> 
     </span>
    </p>
   </div>
   <div class='ocr_carea' id='block_1_34' title="bbox 300 3083 1968 3156">
    <p class='ocr_par' dir='ltr' id='par_1_34' title="bbox 300 3083 1968 3156">
     <span class='ocr_line' id='line_1_34' title="bbox 300 3083 1968 3156; baseline 0 -18"><span class='ocrx_word' id='word_1_277' title='bbox 300 3104 391 3139; x_wconf 88' lang='grc' dir='ltr'>σεν</span> <span class='ocrx_word' id='word_1_278' title='bbox 431 3089 459 3140; x_wconf 92' lang='lat'>6</span> <span class='ocrx_word' id='word_1_279' title='bbox 497 3086 626 3150; x_wconf 77' lang='grc' dir='ltr'>Θεὸς</span> <span class='ocrx_word' id='word_1_280' title='bbox 660 3084 769 3140; x_wconf 80' lang='grc' dir='ltr'>ἀπὸ</span> <span class='ocrx_word' id='word_1_281' title='bbox 811 3084 918 3137; x_wconf 90' lang='grc' dir='ltr'>τῶν</span> <span class='ocrx_word' id='word_1_282' title='bbox 965 3084 1141 3152; x_wconf 75' lang='grc' dir='ltr'>ἔργων</span> <span class='ocrx_word' id='word_1_283' title='bbox 1170 3084 1198 3123; x_wconf 71' lang='grc' dir='ltr'>ιι</span> <span class='ocrx_word' id='word_1_284' title='bbox 1236 3083 1422 3148; x_wconf 83' lang='grc' dir='ltr'>αὑτοῦ,</span> <span class='ocrx_word' id='word_1_285' title='bbox 1446 3084 1687 3138; x_wconf 82' lang='grc' dir='ltr'>διδάσκει</span> <span class='ocrx_word' id='word_1_286' title='bbox 1714 3087 1858 3156; x_wconf 81' lang='grc' dir='ltr'>ἡμᾶς</span> <span class='ocrx_word' id='word_1_287' title='bbox 1887 3086 1968 3138; x_wconf 83' lang='grc' dir='ltr'>ὅτι</span> 
     </span>
    </p>
   </div>
   <div class='ocr_carea' id='block_1_35' title="bbox 293 3170 1968 3245">
    <p class='ocr_par' dir='ltr' id='par_1_35' title="bbox 293 3170 1968 3245">
     <span class='ocr_line' id='line_1_35' title="bbox 293 3170 1968 3245; baseline -0.001 -19"><span class='ocrx_word' id='word_1_288' title='bbox 293 3174 390 3226; x_wconf 79' lang='grc' dir='ltr'>τοῦ</span> <span class='ocrx_word' id='word_1_289' title='bbox 421 3174 769 3245; x_wconf 83' lang='grc' dir='ltr'>δημιουργεῖν</span> <span class='ocrx_word' id='word_1_290' title='bbox 799 3173 891 3225; x_wconf 74' lang='grc' dir='ltr'>καὶ</span> <span class='ocrx_word' id='word_1_291' title='bbox 928 3171 1034 3225; x_wconf 82' lang='grc' dir='ltr'>ἀπὸ</span> <span class='ocrx_word' id='word_1_292' title='bbox 1061 3171 1152 3224; x_wconf 81' lang='grc' dir='ltr'>τοῦ</span> <span class='ocrx_word' id='word_1_293' title='bbox 1180 3172 1252 3241; x_wconf 82' lang='grc' dir='ltr'>μὴ</span> <span class='ocrx_word' id='word_1_294' title='bbox 1281 3172 1433 3233; x_wconf 77' lang='grc' dir='ltr'>ὄντος</span> <span class='ocrx_word' id='word_1_295' title='bbox 1462 3174 1543 3235; x_wconf 88' lang='grc' dir='ltr'>εἰς</span> <span class='ocrx_word' id='word_1_296' title='bbox 1569 3174 1629 3225; x_wconf 83' lang='grc' dir='ltr'>τὸ</span> <span class='ocrx_word' id='word_1_297' title='bbox 1655 3170 1790 3226; x_wconf 85' lang='grc' dir='ltr'>εἷναι</span> <span class='ocrx_word' id='word_1_298' title='bbox 1824 3191 1968 3244; x_wconf 89' lang='grc' dir='ltr'>παρ-</span> 
     </span>
    </p>
   </div>
   <div class='ocr_carea' id='block_1_36' title="bbox 298 3258 1968 3330">
    <p class='ocr_par' dir='ltr' id='par_1_36' title="bbox 298 3258 1968 3330">
     <span class='ocr_line' id='line_1_36' title="bbox 298 3258 1968 3330; baseline -0.002 -16"><span class='ocrx_word' id='word_1_299' title='bbox 298 3262 452 3330; x_wconf 85' lang='grc' dir='ltr'>άγειν</span> <span class='ocrx_word' id='word_1_300' title='bbox 494 3260 768 3313; x_wconf 88' lang='grc' dir='ltr'>ἐπαύσατο</span> <span class='ocrx_word' id='word_1_301' title='bbox 813 3260 954 3312; x_wconf 76' lang='grc' dir='ltr'>κατὰ</span> <span class='ocrx_word' id='word_1_302' title='bbox 1007 3258 1103 3328; x_wconf 81' lang='grc' dir='ltr'>τὴν</span> <span class='ocrx_word' id='word_1_303' title='bbox 1134 3258 1365 3327; x_wconf 86' lang='grc' dir='ltr'>ἑϐδόμην</span> <span class='ocrx_word' id='word_1_304' title='bbox 1396 3258 1607 3329; x_wconf 84' lang='grc' dir='ltr'>ἡμέραν</span> <span class='ocrx_word' id='word_1_305' title='bbox 1629 3275 1641 3289; x_wconf 89' lang='grc'><strong>·</strong></span> <span class='ocrx_word' id='word_1_306' title='bbox 1682 3262 1711 3312; x_wconf 90' lang='lat'>6</span> <span class='ocrx_word' id='word_1_307' title='bbox 1747 3258 1801 3311; x_wconf 85' lang='grc' dir='ltr'>δέ</span> <span class='ocrx_word' id='word_1_308' title='bbox 1832 3259 1968 3330; x_wconf 75' lang='grc' dir='ltr'>Χρι-</span> 
     </span>
    </p>
   </div>
   <div class='ocr_carea' id='block_1_37' title="bbox 298 3344 1964 3416">
    <p class='ocr_par' dir='ltr' id='par_1_37' title="bbox 298 3344 1964 3416">
     <span class='ocr_line' id='line_1_37' title="bbox 298 3344 1964 3416; baseline -0.002 -13"><span class='ocrx_word' id='word_1_309' title='bbox 298 3350 421 3414; x_wconf 72' lang='grc' dir='ltr'>στὸς</span> <span class='ocrx_word' id='word_1_310' title='bbox 450 3348 645 3416; x_wconf 87' lang='grc' dir='ltr'>λέγων,</span> <span class='ocrx_word' id='word_1_311' title='bbox 688 3348 769 3399; x_wconf 82' lang='grc' dir='ltr'>ὅτι</span> <span class='ocrx_word' id='word_1_312' title='bbox 810 3346 872 3399; x_wconf 92' lang='lat'>&#39;0</span> <span class='ocrx_word' id='word_1_313' title='bbox 924 3344 1124 3412; x_wconf 81' lang='grc' dir='ltr'>Πατήρ</span> <span class='ocrx_word' id='word_1_314' title='bbox 1162 3362 1280 3413; x_wconf 85' lang='grc' dir='ltr'>μου</span> <span class='ocrx_word' id='word_1_315' title='bbox 1324 3344 1434 3410; x_wconf 83' lang='grc' dir='ltr'>ἕως</span> <span class='ocrx_word' id='word_1_316' title='bbox 1480 3344 1610 3412; x_wconf 81' lang='grc' dir='ltr'>ἄρτι</span> <span class='ocrx_word' id='word_1_317' title='bbox 1647 3346 1964 3414; x_wconf 75' lang='grc' dir='ltr'>ἐργάζεται,</span> 
     </span>
    </p>
   </div>
   <div class='ocr_carea' id='block_1_38' title="bbox 296 3432 1967 3505">
    <p class='ocr_par' dir='ltr' id='par_1_38' title="bbox 296 3432 1967 3505">
     <span class='ocr_line' id='line_1_38' title="bbox 296 3432 1967 3505; baseline -0.001 -17"><span class='ocrx_word' id='word_1_318' title='bbox 296 3435 458 3505; x_wconf 69' lang='grc' dir='ltr'>κάγὼ</span> <span class='ocrx_word' id='word_1_319' title='bbox 483 3433 807 3504; x_wconf 71' lang='grc' dir='ltr'>ἐργάζομαι,</span> <span class='ocrx_word' id='word_1_320' title='bbox 842 3432 940 3503; x_wconf 86' lang='grc' dir='ltr'>τὴν</span> <span class='ocrx_word' id='word_1_321' title='bbox 964 3432 1184 3502; x_wconf 82' lang='grc' dir='ltr'>διηνεκῆ</span> <span class='ocrx_word' id='word_1_322' title='bbox 1217 3432 1381 3484; x_wconf 85' lang='grc' dir='ltr'>αὑτοῦ</span> <span class='ocrx_word' id='word_1_323' title='bbox 1425 3433 1680 3503; x_wconf 90' lang='grc' dir='ltr'>πρόνοιαν</span> <span class='ocrx_word' id='word_1_324' title='bbox 1713 3436 1841 3503; x_wconf 81' lang='grc' dir='ltr'>ἡμῖν</span> <span class='ocrx_word' id='word_1_325' title='bbox 1866 3451 1967 3486; x_wconf 88' lang='grc' dir='ltr'>πα-</span> 
     </span>
    </p>
   </div>
   <div class='ocr_carea' id='block_1_39' title="bbox 299 3518 1966 3595">
    <p class='ocr_par' dir='ltr' id='par_1_39' title="bbox 299 3518 1966 3595">
     <span class='ocr_line' id='line_1_39' title="bbox 299 3518 1966 3595; baseline -0.004 -17"><span class='ocrx_word' id='word_1_326' title='bbox 299 3523 538 3595; x_wconf 84' lang='grc' dir='ltr'>ραδηλοῖ,</span> <span class='ocrx_word' id='word_1_327' title='bbox 571 3522 662 3574; x_wconf 73' lang='grc' dir='ltr'>καὶ</span> <span class='ocrx_word' id='word_1_328' title='bbox 688 3520 952 3589; x_wconf 81' lang='grc' dir='ltr'>ἐργασίαν</span> <span class='ocrx_word' id='word_1_329' title='bbox 981 3520 1129 3587; x_wconf 86' lang='grc' dir='ltr'>λέγει</span> <span class='ocrx_word' id='word_1_330' title='bbox 1173 3519 1232 3571; x_wconf 90' lang='lat'>16</span> <span class='ocrx_word' id='word_1_331' title='bbox 1280 3518 1591 3590; x_wconf 81' lang='grc' dir='ltr'>διακρατεῖν</span> <span class='ocrx_word' id='word_1_332' title='bbox 1624 3519 1691 3573; x_wconf 79' lang='grc' dir='ltr'>τά</span> <span class='ocrx_word' id='word_1_333' title='bbox 1736 3538 1966 3593; x_wconf 73' lang='grc' dir='ltr'>γεγενηο</span> 
     </span>
    </p>
   </div>
   <div class='ocr_carea' id='block_1_40' title="bbox 299 3603 1965 3679">
    <p class='ocr_par' dir='ltr' id='par_1_40' title="bbox 299 3603 1965 3679">
     <span class='ocr_line' id='line_1_40' title="bbox 299 3603 1965 3679; baseline -0.001 -17"><span class='ocrx_word' id='word_1_334' title='bbox 299 3610 455 3679; x_wconf 88' lang='grc' dir='ltr'>μένα,</span> <span class='ocrx_word' id='word_1_335' title='bbox 474 3608 569 3661; x_wconf 73' lang='grc' dir='ltr'>καὶ</span> <span class='ocrx_word' id='word_1_336' title='bbox 601 3608 696 3678; x_wconf 83' lang='grc' dir='ltr'>τὴν</span> <span class='ocrx_word' id='word_1_337' title='bbox 731 3605 987 3676; x_wconf 84' lang='grc' dir='ltr'>διαμονὴν</span> <span class='ocrx_word' id='word_1_338' title='bbox 1004 3606 1188 3668; x_wconf 86' lang='grc' dir='ltr'>αὐτοῖς</span> <span class='ocrx_word' id='word_1_339' title='bbox 1209 3615 1231 3642; x_wconf 76' lang='grc' dir='ltr'><strong>ο</strong></span> <span class='ocrx_word' id='word_1_340' title='bbox 1258 3603 1597 3675; x_wconf 74' lang='grc' dir='ltr'>χαρίζεσθαι,</span> <span class='ocrx_word' id='word_1_341' title='bbox 1616 3607 1710 3658; x_wconf 81' lang='grc' dir='ltr'>καὶ</span> <span class='ocrx_word' id='word_1_342' title='bbox 1734 3607 1965 3677; x_wconf 80' lang='grc' dir='ltr'>ἡνιοχεῖν</span> 
     </span>
    </p>
   </div>
   <div class='ocr_carea' id='block_1_41' title="bbox 295 3688 1964 3766">
    <p class='ocr_par' dir='ltr' id='par_1_41' title="bbox 295 3688 1964 3766">
     <span class='ocr_line' id='line_1_41' title="bbox 295 3688 1964 3766; baseline -0.002 -15"><span class='ocrx_word' id='word_1_343' title='bbox 295 3697 385 3751; x_wconf 80' lang='grc' dir='ltr'>τὸν</span> <span class='ocrx_word' id='word_1_344' title='bbox 406 3696 694 3766; x_wconf 88' lang='grc' dir='ltr'>σύμπαντα</span> <span class='ocrx_word' id='word_1_345' title='bbox 716 3695 925 3765; x_wconf 87' lang='grc' dir='ltr'>χρόνον.</span> <span class='ocrx_word' id='word_1_346' title='bbox 941 3694 1001 3746; x_wconf 84' lang='grc' dir='ltr'>Εἰ</span> <span class='ocrx_word' id='word_1_347' title='bbox 1029 3692 1137 3764; x_wconf 85' lang='grc' dir='ltr'>γὰρ</span> <span class='ocrx_word' id='word_1_348' title='bbox 1169 3692 1243 3764; x_wconf 84' lang='grc' dir='ltr'>μή</span> <span class='ocrx_word' id='word_1_349' title='bbox 1264 3692 1420 3746; x_wconf 89' lang='grc' dir='ltr'>τοῦτο</span> <span class='ocrx_word' id='word_1_350' title='bbox 1443 3688 1510 3764; x_wconf 84' lang='grc' dir='ltr'>ἦν</span> <span class='ocrx_word' id='word_1_351' title='bbox 1533 3731 1549 3757; x_wconf 93' lang='grc'>,</span> <span class='ocrx_word' id='word_1_352' title='bbox 1581 3693 1697 3758; x_wconf 91' lang='grc' dir='ltr'>πῶς</span> <span class='ocrx_word' id='word_1_353' title='bbox 1735 3695 1801 3748; x_wconf 88' lang='grc' dir='ltr'>ἂν</span> <span class='ocrx_word' id='word_1_354' title='bbox 1837 3712 1964 3749; x_wconf 87' lang='grc' dir='ltr'>συν-</span> 
     </span>
    </p>
   </div>
   <div class='ocr_carea' id='block_1_42' title="bbox 295 3780 1965 3854">
    <p class='ocr_par' dir='ltr' id='par_1_42' title="bbox 295 3780 1965 3854">
     <span class='ocr_line' id='line_1_42' title="bbox 295 3780 1965 3854; baseline -0.001 -17"><span class='ocrx_word' id='word_1_355' title='bbox 295 3786 424 3854; x_wconf 80' lang='grc' dir='ltr'>έστη</span> <span class='ocrx_word' id='word_1_356' title='bbox 451 3783 566 3836; x_wconf 87' lang='grc' dir='ltr'>τόδε</span> <span class='ocrx_word' id='word_1_357' title='bbox 600 3782 661 3835; x_wconf 85' lang='grc' dir='ltr'>τὸ</span> <span class='ocrx_word' id='word_1_358' title='bbox 682 3783 811 3845; x_wconf 83' lang='grc' dir='ltr'>πᾶν,</span> <span class='ocrx_word' id='word_1_359' title='bbox 839 3782 913 3852; x_wconf 82' lang='grc' dir='ltr'>μὴ</span> <span class='ocrx_word' id='word_1_360' title='bbox 937 3782 1034 3851; x_wconf 87' lang='grc' dir='ltr'>τῆς</span> <span class='ocrx_word' id='word_1_361' title='bbox 1052 3780 1258 3834; x_wconf 82' lang='grc' dir='ltr'>ἄνωθεν</span> <span class='ocrx_word' id='word_1_362' title='bbox 1290 3781 1470 3852; x_wconf 82' lang='grc' dir='ltr'>χειρὸς</span> <span class='ocrx_word' id='word_1_363' title='bbox 1496 3782 1847 3853; x_wconf 84' lang='grc' dir='ltr'>κυϐερνώσης</span> <span class='ocrx_word' id='word_1_364' title='bbox 1873 3784 1965 3836; x_wconf 85' lang='grc' dir='ltr'>καὶ</span> 
     </span>
    </p>
   </div>
   <div class='ocr_carea' id='block_1_43' title="bbox 293 3868 1964 3942">
    <p class='ocr_par' dir='ltr' id='par_1_43' title="bbox 293 3868 1964 3942">
     <span class='ocr_line' id='line_1_43' title="bbox 293 3868 1964 3942; baseline 0 -17"><span class='ocrx_word' id='word_1_365' title='bbox 293 3872 600 3942; x_wconf 86' lang='grc' dir='ltr'>διοικούσης</span> <span class='ocrx_word' id='word_1_366' title='bbox 628 3872 721 3923; x_wconf 73' lang='grc' dir='ltr'>καὶ</span> <span class='ocrx_word' id='word_1_367' title='bbox 745 3871 813 3922; x_wconf 88' lang='grc' dir='ltr'>τά</span> <span class='ocrx_word' id='word_1_368' title='bbox 835 3868 1087 3940; x_wconf 87' lang='grc' dir='ltr'>ὁρώμενα</span> <span class='ocrx_word' id='word_1_369' title='bbox 1107 3869 1317 3923; x_wconf 73' lang='grc' dir='ltr'>ἅπαντα</span> <span class='ocrx_word' id='word_1_370' title='bbox 1337 3871 1434 3922; x_wconf 73' lang='grc' dir='ltr'>καὶ</span> <span class='ocrx_word' id='word_1_371' title='bbox 1452 3869 1514 3922; x_wconf 85' lang='lat'>16</span> <span class='ocrx_word' id='word_1_372' title='bbox 1534 3869 1641 3924; x_wconf 88' lang='grc' dir='ltr'>τῶν</span> <span class='ocrx_word' id='word_1_373' title='bbox 1662 3870 1964 3939; x_wconf 88' lang='grc' dir='ltr'>ἀνθρώπων</span> 
     </span>
    </p>
   </div>
   <div class='ocr_carea' id='block_1_44' title="bbox 293 3954 1964 4026">
    <p class='ocr_par' dir='ltr' id='par_1_44' title="bbox 293 3954 1964 4026">
     <span class='ocr_line' id='line_1_44' title="bbox 293 3954 1964 4026; baseline 0 -16"><span class='ocrx_word' id='word_1_374' title='bbox 293 3958 484 4026; x_wconf 81' lang='grc' dir='ltr'>γένος;</span> <span class='ocrx_word' id='word_1_375' title='bbox 510 3958 617 4011; x_wconf 76' lang='grc' dir='ltr'>Καὶ</span> <span class='ocrx_word' id='word_1_376' title='bbox 647 3958 740 4011; x_wconf 88' lang='grc' dir='ltr'>ἐάν</span> <span class='ocrx_word' id='word_1_377' title='bbox 766 3973 850 4020; x_wconf 90' lang='grc' dir='ltr'>τις</span> <span class='ocrx_word' id='word_1_378' title='bbox 884 3954 1117 4025; x_wconf 79' lang='grc' dir='ltr'>βουληθῇ</span> <span class='ocrx_word' id='word_1_379' title='bbox 1159 3954 1299 4024; x_wconf 88' lang='grc' dir='ltr'>μετά</span> <span class='ocrx_word' id='word_1_380' title='bbox 1327 3954 1528 4024; x_wconf 90' lang='grc' dir='ltr'>πολλῆς</span> <span class='ocrx_word' id='word_1_381' title='bbox 1550 3956 1648 4025; x_wconf 88' lang='grc' dir='ltr'>τῆς</span> <span class='ocrx_word' id='word_1_382' title='bbox 1681 3956 1964 4026; x_wconf 87' lang='grc' dir='ltr'>εὐγνωμο-</span> 
     </span>
    </p>
   </div>
   <div class='ocr_carea' id='block_1_45' title="bbox 294 4039 1962 4117">
    <p class='ocr_par' dir='ltr' id='par_1_45' title="bbox 294 4039 1962 4117">
     <span class='ocr_line' id='line_1_45' title="bbox 294 4039 1962 4117; baseline -0.002 -16"><span class='ocrx_word' id='word_1_383' title='bbox 294 4047 459 4117; x_wconf 71' lang='grc' dir='ltr'>σύνης</span> <span class='ocrx_word' id='word_1_384' title='bbox 494 4046 707 4100; x_wconf 77' lang='grc' dir='ltr'>ἅπαντα</span> <span class='ocrx_word' id='word_1_385' title='bbox 742 4046 861 4098; x_wconf 86' lang='grc' dir='ltr'>κατ’</span> <span class='ocrx_word' id='word_1_386' title='bbox 892 4039 1031 4106; x_wconf 81' lang='grc' dir='ltr'>εἶδος</span> <span class='ocrx_word' id='word_1_387' title='bbox 1083 4040 1415 4094; x_wconf 76' lang='grc' dir='ltr'>ἐποπτεῦσαι</span> <span class='ocrx_word' id='word_1_388' title='bbox 1473 4041 1542 4093; x_wconf 85' lang='grc' dir='ltr'>τά</span> <span class='ocrx_word' id='word_1_389' title='bbox 1570 4040 1692 4093; x_wconf 87' lang='grc' dir='ltr'>καθ’</span> <span class='ocrx_word' id='word_1_390' title='bbox 1723 4043 1962 4115; x_wconf 87' lang='grc' dir='ltr'>ἑκάστην</span> 
     </span>
    </p>
   </div>
   <div class='ocr_carea' id='block_1_46' title="bbox 290 4126 1960 4206">
    <p class='ocr_par' dir='ltr' id='par_1_46' title="bbox 290 4126 1960 4206">
     <span class='ocr_line' id='line_1_46' title="bbox 290 4126 1960 4206; baseline -0.002 -18"><span class='ocrx_word' id='word_1_391' title='bbox 290 4135 504 4206; x_wconf 80' lang='grc' dir='ltr'>ἡμέραν</span> <span class='ocrx_word' id='word_1_392' title='bbox 537 4135 621 4185; x_wconf 87' lang='grc' dir='ltr'>ἐπ’</span> <span class='ocrx_word' id='word_1_393' title='bbox 664 4131 952 4203; x_wconf 76' lang='grc' dir='ltr'>εὐεργεσία</span> <span class='ocrx_word' id='word_1_394' title='bbox 996 4129 1238 4200; x_wconf 80' lang='grc' dir='ltr'>ἡμετέρᾳ</span> <span class='ocrx_word' id='word_1_395' title='bbox 1294 4127 1399 4180; x_wconf 81' lang='grc' dir='ltr'>ὑπὸ</span> <span class='ocrx_word' id='word_1_396' title='bbox 1432 4126 1525 4179; x_wconf 92' lang='grc' dir='ltr'>τοῦ</span> <span class='ocrx_word' id='word_1_397' title='bbox 1561 4127 1668 4181; x_wconf 87' lang='grc' dir='ltr'>τῶν</span> <span class='ocrx_word' id='word_1_398' title='bbox 1705 4129 1960 4184; x_wconf 83' lang='grc' dir='ltr'>ἁπάντων</span> 
     </span>
    </p>
   </div>
   <div class='ocr_carea' id='block_1_47' title="bbox 291 4217 1964 4293">
    <p class='ocr_par' dir='ltr' id='par_1_47' title="bbox 291 4217 1964 4293">
     <span class='ocr_line' id='line_1_47' title="bbox 291 4217 1964 4293; baseline -0.003 -18"><span class='ocrx_word' id='word_1_399' title='bbox 291 4219 625 4293; x_wconf 79' lang='grc' dir='ltr'>δημιουργοῦ</span> <span class='ocrx_word' id='word_1_400' title='bbox 672 4218 1096 4288; x_wconf 81' lang='grc' dir='ltr'>ἐπιτελούμενα,</span> <span class='ocrx_word' id='word_1_401' title='bbox 1136 4217 1369 4270; x_wconf 83' lang='grc' dir='ltr'>ἄϐυσσον</span> <span class='ocrx_word' id='word_1_402' title='bbox 1402 4217 1622 4288; x_wconf 87' lang='grc' dir='ltr'>εὑρήσει</span> <span class='ocrx_word' id='word_1_403' title='bbox 1663 4217 1964 4290; x_wconf 72' lang='grc' dir='ltr'>φιλανθρω·</span> 
     </span>
    </p>
   </div>
   <div class='ocr_carea' id='block_1_48' title="bbox 293 4303 1959 4377">
    <p class='ocr_par' dir='ltr' id='par_1_48' title="bbox 293 4303 1959 4377">
     <span class='ocr_line' id='line_1_48' title="bbox 293 4303 1959 4377; baseline -0.002 -14"><span class='ocrx_word' id='word_1_404' title='bbox 293 4311 442 4372; x_wconf 82' lang='grc' dir='ltr'>πίας,</span> <span class='ocrx_word' id='word_1_405' title='bbox 477 4310 632 4370; x_wconf 80' lang='grc' dir='ltr'>Ποῖος</span> <span class='ocrx_word' id='word_1_406' title='bbox 663 4306 773 4377; x_wconf 73' lang='grc' dir='ltr'>γὰρ</span> <span class='ocrx_word' id='word_1_407' title='bbox 802 4304 1080 4374; x_wconf 73' lang='grc' dir='ltr'>λογισμὸς,</span> <span class='ocrx_word' id='word_1_408' title='bbox 1106 4304 1138 4376; x_wconf 80' lang='grc' dir='ltr'>ἢ</span> <span class='ocrx_word' id='word_1_409' title='bbox 1172 4303 1299 4357; x_wconf 87' lang='grc' dir='ltr'>ποία</span> <span class='ocrx_word' id='word_1_410' title='bbox 1328 4303 1533 4357; x_wconf 85' lang='grc' dir='ltr'>διάνοια</span> <span class='ocrx_word' id='word_1_411' title='bbox 1556 4304 1838 4373; x_wconf 80' lang='grc' dir='ltr'>ἐφικέσθαι</span> <span class='ocrx_word' id='word_1_412' title='bbox 1870 4307 1959 4359; x_wconf 76' lang='grc' dir='ltr'>δυο</span> 
     </span>
    </p>
   </div>
   <div class='ocr_carea' id='block_1_49' title="bbox 288 4390 1958 4470">
    <p class='ocr_par' dir='ltr' id='par_1_49' title="bbox 288 4390 1958 4470">
     <span class='ocr_line' id='line_1_49' title="bbox 288 4390 1958 4470; baseline -0.005 -17"><span class='ocrx_word' id='word_1_413' title='bbox 288 4402 515 4470; x_wconf 85' lang='grc' dir='ltr'>νὴσεται</span> <span class='ocrx_word' id='word_1_414' title='bbox 540 4396 639 4466; x_wconf 86' lang='grc' dir='ltr'>τῆς</span> <span class='ocrx_word' id='word_1_415' title='bbox 663 4396 869 4463; x_wconf 88' lang='grc' dir='ltr'>ἀφάτου</span> <span class='ocrx_word' id='word_1_416' title='bbox 892 4392 1245 4463; x_wconf 87' lang='grc' dir='ltr'>ἀγαθότητος,</span> <span class='ocrx_word' id='word_1_417' title='bbox 1278 4393 1345 4464; x_wconf 81' lang='grc' dir='ltr'>ἢν</span> <span class='ocrx_word' id='word_1_418' title='bbox 1369 4391 1498 4462; x_wconf 72' lang='grc' dir='ltr'>περὶ</span> <span class='ocrx_word' id='word_1_419' title='bbox 1522 4390 1583 4444; x_wconf 82' lang='grc' dir='ltr'>τὸ</span> <span class='ocrx_word' id='word_1_420' title='bbox 1605 4392 1713 4445; x_wconf 89' lang='grc' dir='ltr'>τῶν</span> <span class='ocrx_word' id='word_1_421' title='bbox 1744 4392 1958 4464; x_wconf 86' lang='grc' dir='ltr'>ἀνθρώ-</span> 
     </span>
    </p>
   </div>
   <div class='ocr_carea' id='block_1_50' title="bbox 289 4480 1961 4555">
    <p class='ocr_par' dir='ltr' id='par_1_50' title="bbox 289 4480 1961 4555">
     <span class='ocr_line' id='line_1_50' title="bbox 289 4480 1961 4555; baseline -0.005 -12"><span class='ocrx_word' id='word_1_422' title='bbox 289 4507 407 4542; x_wconf 88' lang='grc' dir='ltr'>πων</span> <span class='ocrx_word' id='word_1_423' title='bbox 446 4487 598 4555; x_wconf 86' lang='grc' dir='ltr'>γένος</span> <span class='ocrx_word' id='word_1_424' title='bbox 637 4485 992 4548; x_wconf 87' lang='grc' dir='ltr'>ἐνδείκνυται,</span> <span class='ocrx_word' id='word_1_425' title='bbox 1021 4481 1321 4536; x_wconf 84' lang='grc' dir='ltr'>ἀνατέλλων</span> <span class='ocrx_word' id='word_1_426' title='bbox 1355 4480 1446 4533; x_wconf 86' lang='grc' dir='ltr'>τὸν</span> <span class='ocrx_word' id='word_1_427' title='bbox 1471 4480 1620 4552; x_wconf 88' lang='grc' dir='ltr'>ῆλιον</span> <span class='ocrx_word' id='word_1_428' title='bbox 1664 4482 1755 4534; x_wconf 80' lang='grc' dir='ltr'>ἐπὶ</span> <span class='ocrx_word' id='word_1_429' title='bbox 1795 4500 1961 4554; x_wconf 89' lang='grc' dir='ltr'>πονη-</span> 
     </span>
    </p>
   </div>
   <div class='ocr_carea' id='block_1_51' title="bbox 289 4569 1954 4648">
    <p class='ocr_par' dir='ltr' id='par_1_51' title="bbox 289 4569 1954 4648">
     <span class='ocr_line' id='line_1_51' title="bbox 289 4569 1954 4648; baseline -0.005 -18"><span class='ocrx_word' id='word_1_430' title='bbox 289 4578 418 4648; x_wconf 76' lang='grc' dir='ltr'>ρους</span> <span class='ocrx_word' id='word_1_431' title='bbox 443 4575 535 4627; x_wconf 72' lang='grc' dir='ltr'>καὶ</span> <span class='ocrx_word' id='word_1_432' title='bbox 564 4571 820 4641; x_wconf 78' lang='grc' dir='ltr'>ἀγαθοὺς,</span> <span class='ocrx_word' id='word_1_433' title='bbox 856 4571 948 4624; x_wconf 75' lang='grc' dir='ltr'>καὶ</span> <span class='ocrx_word' id='word_1_434' title='bbox 972 4569 1180 4640; x_wconf 82' lang='grc' dir='ltr'>βρέχων</span> <span class='ocrx_word' id='word_1_435' title='bbox 1208 4569 1301 4621; x_wconf 74' lang='grc' dir='ltr'>ἐπὶ</span> <span class='ocrx_word' id='word_1_436' title='bbox 1334 4569 1572 4633; x_wconf 87' lang='grc' dir='ltr'>δικαίους</span> <span class='ocrx_word' id='word_1_437' title='bbox 1596 4569 1689 4622; x_wconf 81' lang='grc' dir='ltr'>καὶ</span> <span class='ocrx_word' id='word_1_438' title='bbox 1718 4569 1954 4637; x_wconf 88' lang='grc' dir='ltr'>ἀδίκους,</span> 
     </span>
    </p>
   </div>
   <div class='ocr_carea' id='block_1_52' title="bbox 288 4655 1958 4733">
    <p class='ocr_par' dir='ltr' id='par_1_52' title="bbox 288 4655 1958 4733">
     <span class='ocr_line' id='line_1_52' title="bbox 288 4655 1958 4733; baseline -0.01 -16"><span class='ocrx_word' id='word_1_439' title='bbox 288 4666 384 4718; x_wconf 73' lang='grc' dir='ltr'>καὶ</span> <span class='ocrx_word' id='word_1_440' title='bbox 409 4665 589 4716; x_wconf 78' lang='grc' dir='ltr'>πᾶσαν</span> <span class='ocrx_word' id='word_1_441' title='bbox 618 4662 716 4733; x_wconf 80' lang='grc' dir='ltr'>τὴν</span> <span class='ocrx_word' id='word_1_442' title='bbox 748 4660 913 4728; x_wconf 83' lang='grc' dir='ltr'>ἄλλην</span> <span class='ocrx_word' id='word_1_443' title='bbox 946 4658 1203 4728; x_wconf 84' lang='grc' dir='ltr'>ἀφθονίαν</span> <span class='ocrx_word' id='word_1_444' title='bbox 1236 4655 1521 4727; x_wconf 87' lang='grc' dir='ltr'>χορηγῶν;</span> <span class='ocrx_word' id='word_1_445' title='bbox 1570 4657 1722 4728; x_wconf 85' lang='grc' dir='ltr'>Τάχα</span> <span class='ocrx_word' id='word_1_446' title='bbox 1761 4675 1958 4729; x_wconf 81' lang='grc' dir='ltr'>περαι-</span> 
     </span>
    </p>
   </div>
   <div class='ocr_carea' id='block_1_53' title="bbox 285 4744 1956 4827">
    <p class='ocr_par' dir='ltr' id='par_1_53' title="bbox 285 4744 1956 4827">
     <span class='ocr_line' id='line_1_53' title="bbox 285 4744 1956 4827; baseline -0.004 -22"><span class='ocrx_word' id='word_1_447' title='bbox 285 4753 428 4827; x_wconf 88' lang='grc' dir='ltr'>τέρω</span> <span class='ocrx_word' id='word_1_448' title='bbox 445 4751 538 4804; x_wconf 93' lang='grc' dir='ltr'>τοῦ</span> <span class='ocrx_word' id='word_1_449' title='bbox 559 4749 768 4812; x_wconf 83' lang='grc' dir='ltr'>δέοντος</span> <span class='ocrx_word' id='word_1_450' title='bbox 794 4748 885 4799; x_wconf 79' lang='grc' dir='ltr'>τὸν</span> <span class='ocrx_word' id='word_1_451' title='bbox 914 4745 1068 4814; x_wconf 83' lang='grc' dir='ltr'>λόγον</span> <span class='ocrx_word' id='word_1_452' title='bbox 1093 4744 1457 4814; x_wconf 81' lang='grc' dir='ltr'>ἐξετείναμεν,</span> <span class='ocrx_word' id='word_1_453' title='bbox 1493 4744 1591 4813; x_wconf 87' lang='grc' dir='ltr'>οὐχ</span> <span class='ocrx_word' id='word_1_454' title='bbox 1618 4744 1805 4808; x_wconf 82' lang='grc' dir='ltr'>ἁπλῶς</span> <span class='ocrx_word' id='word_1_455' title='bbox 1834 4745 1956 4799; x_wconf 84' lang='grc' dir='ltr'>οὐδὲ</span> 
     </span>
    </p>
   </div>
   <div class='ocr_carea' id='block_1_54' title="bbox 285 4831 1954 4909">
    <p class='ocr_par' dir='ltr' id='par_1_54' title="bbox 285 4831 1954 4909">
     <span class='ocr_line' id='line_1_54' title="bbox 285 4831 1954 4909; baseline -0.005 -17"><span class='ocrx_word' id='word_1_456' title='bbox 285 4839 408 4909; x_wconf 87' lang='grc' dir='ltr'>εἰκῆ</span> <span class='ocrx_word' id='word_1_457' title='bbox 456 4837 612 4892; x_wconf 88' lang='grc' dir='ltr'>τοῦτο</span> <span class='ocrx_word' id='word_1_458' title='bbox 668 4837 1013 4905; x_wconf 78' lang='grc' dir='ltr'>ποιήσαντες,</span> <span class='ocrx_word' id='word_1_459' title='bbox 1048 4831 1164 4886; x_wconf 84' lang='grc' dir='ltr'>ἀλλ’</span> <span class='ocrx_word' id='word_1_460' title='bbox 1203 4832 1289 4885; x_wconf 78' lang='grc' dir='ltr'>ἵνα</span> <span class='ocrx_word' id='word_1_461' title='bbox 1336 4832 1404 4884; x_wconf 84' lang='grc' dir='ltr'>δι’</span> <span class='ocrx_word' id='word_1_462' title='bbox 1430 4831 1584 4901; x_wconf 84' lang='grc' dir='ltr'>ὑμῶν</span> <span class='ocrx_word' id='word_1_463' title='bbox 1631 4832 1873 4901; x_wconf 82' lang='grc' dir='ltr'>μάθωσιν</span> <span class='ocrx_word' id='word_1_464' title='bbox 1904 4833 1954 4885; x_wconf 92' lang='grc' dir='ltr'>οἰ</span> 
     </span>
    </p>
   </div>
   <div class='ocr_carea' id='block_1_55' title="bbox 284 4916 1952 4996">
    <p class='ocr_par' dir='ltr' id='par_1_55' title="bbox 284 4916 1952 4996">
     <span class='ocr_line' id='line_1_55' title="bbox 284 4916 1952 4996; baseline -0.005 -18"><span class='ocrx_word' id='word_1_465' title='bbox 284 4925 719 4996; x_wconf 70' lang='grc' dir='ltr'>ἀπολειφθέντες,</span> <span class='ocrx_word' id='word_1_466' title='bbox 756 4925 878 4977; x_wconf 77' lang='grc' dir='ltr'>ὅσον</span> <span class='ocrx_word' id='word_1_467' title='bbox 909 4921 1134 4984; x_wconf 81' lang='grc' dir='ltr'>ἑαυτοὺς</span> <span class='ocrx_word' id='word_1_468' title='bbox 1163 4918 1498 4990; x_wconf 78' lang='grc' dir='ltr'>ἐζημίωσαν,</span> <span class='ocrx_word' id='word_1_469' title='bbox 1523 4916 1610 4970; x_wconf 83' lang='grc' dir='ltr'>διὰ</span> <span class='ocrx_word' id='word_1_470' title='bbox 1642 4916 1740 4989; x_wconf 81' lang='grc' dir='ltr'>τήν</span> <span class='ocrx_word' id='word_1_471' title='bbox 1763 4933 1952 4988; x_wconf 87' lang='grc' dir='ltr'>σωμα-</span> 
     </span>
    </p>
   </div>
   <div class='ocr_carea' id='block_1_56' title="bbox 281 5006 1954 5087">
    <p class='ocr_par' dir='ltr' id='par_1_56' title="bbox 281 5006 1954 5087">
     <span class='ocr_line' id='line_1_56' title="bbox 281 5006 1954 5087; baseline -0.005 -20"><span class='ocrx_word' id='word_1_472' title='bbox 281 5013 438 5085; x_wconf 80' lang='grc' dir='ltr'>τικὴν</span> <span class='ocrx_word' id='word_1_473' title='bbox 458 5014 661 5087; x_wconf 76' lang='grc' dir='ltr'>τροφὴν</span> <span class='ocrx_word' id='word_1_474' title='bbox 692 5010 1165 5082; x_wconf 80' lang='grc' dir='ltr'>ἀποστερήσαντες</span> <span class='ocrx_word' id='word_1_475' title='bbox 1188 5006 1412 5069; x_wconf 81' lang='grc' dir='ltr'>ἑαυτοὺς</span> <span class='ocrx_word' id='word_1_476' title='bbox 1448 5007 1545 5077; x_wconf 80' lang='grc' dir='ltr'>τῆς</span> <span class='ocrx_word' id='word_1_477' title='bbox 1579 5006 1954 5076; x_wconf 81' lang='grc' dir='ltr'>πνευματικῆς</span> 
     </span>
    </p>
   </div>
   <div class='ocr_carea' id='block_1_57' title="bbox 284 5091 1953 5173">
    <p class='ocr_par' dir='ltr' id='par_1_57' title="bbox 284 5091 1953 5173">
     <span class='ocr_line' id='line_1_57' title="bbox 284 5091 1953 5173; baseline -0.005 -18"><span class='ocrx_word' id='word_1_478' title='bbox 284 5098 799 5173; x_wconf 68' lang='grc' dir='ltr'>[81]διδασκσλίας.</span> <span class='ocrx_word' id='word_1_479' title='bbox 848 5097 989 5150; x_wconf 77' lang='grc' dir='ltr'>Ἀλλ’</span> <span class='ocrx_word' id='word_1_480' title='bbox 1032 5096 1118 5149; x_wconf 88' lang='grc' dir='ltr'>ἵνα</span> <span class='ocrx_word' id='word_1_481' title='bbox 1166 5095 1239 5166; x_wconf 84' lang='grc' dir='ltr'>μὴ</span> <span class='ocrx_word' id='word_1_482' title='bbox 1284 5094 1622 5163; x_wconf 84' lang='grc' dir='ltr'>ἐπιτείνηται</span> <span class='ocrx_word' id='word_1_483' title='bbox 1656 5091 1839 5155; x_wconf 88' lang='grc' dir='ltr'>αὐτοῖς</span> <span class='ocrx_word' id='word_1_484' title='bbox 1886 5094 1953 5147; x_wconf 83' lang='grc' dir='ltr'>τά</span> 
     </span>
    </p>
   </div>
   <div class='ocr_carea' id='block_1_58' title="bbox 279 5178 1950 5260">
    <p class='ocr_par' dir='ltr' id='par_1_58' title="bbox 279 5178 1950 5260">
     <span class='ocr_line' id='line_1_58' title="bbox 279 5178 1950 5260; baseline -0.007 -18"><span class='ocrx_word' id='word_1_485' title='bbox 279 5190 380 5259; x_wconf 84' lang='grc' dir='ltr'>τῆς</span> <span class='ocrx_word' id='word_1_486' title='bbox 405 5188 639 5260; x_wconf 86' lang='grc' dir='ltr'>ἀθυμίας</span> <span class='ocrx_word' id='word_1_487' title='bbox 664 5187 715 5250; x_wconf 69' lang='grc' dir='ltr'>ἀ,</span> <span class='ocrx_word' id='word_1_488' title='bbox 749 5186 846 5256; x_wconf 80' lang='grc' dir='ltr'>τὴν</span> <span class='ocrx_word' id='word_1_489' title='bbox 878 5184 1171 5254; x_wconf 81' lang='grc' dir='ltr'>ἀδελφικὴν</span> <span class='ocrx_word' id='word_1_490' title='bbox 1216 5182 1342 5252; x_wconf 79' lang='grc' dir='ltr'>περί⁵</span> <span class='ocrx_word' id='word_1_491' title='bbox 1388 5183 1571 5243; x_wconf 85' lang='grc' dir='ltr'>αὐτοῖς</span> <span class='ocrx_word' id='word_1_492' title='bbox 1613 5178 1950 5244; x_wconf 70' lang='grc' dir='ltr'>ἐπιδείξασθε</span> 
     </span>
    </p>
   </div>
   <div class='ocr_carea' id='block_1_59' title="bbox 279 5267 1944 5341">
    <p class='ocr_par' dir='ltr' id='par_1_59' title="bbox 279 5267 1944 5341">
     <span class='ocr_line' id='line_1_59' title="bbox 279 5267 1944 5341; baseline -0.006 -11"><span class='ocrx_word' id='word_1_493' title='bbox 279 5278 513 5341; x_wconf 74' lang='grc' dir='ltr'>εὔνοιαν,</span> <span class='ocrx_word' id='word_1_494' title='bbox 552 5273 960 5336; x_wconf 85' lang='grc' dir='ltr'>διαϐιϐάσαντες</span> <span class='ocrx_word' id='word_1_495' title='bbox 988 5274 1172 5334; x_wconf 90' lang='grc' dir='ltr'>αὑτοῖς</span> <span class='ocrx_word' id='word_1_496' title='bbox 1210 5270 1279 5323; x_wconf 81' lang='grc' dir='ltr'>τὰ</span> <span class='ocrx_word' id='word_1_497' title='bbox 1311 5268 1440 5340; x_wconf 80' lang='grc' dir='ltr'>παρ’</span> <span class='ocrx_word' id='word_1_498' title='bbox 1469 5267 1628 5339; x_wconf 83' lang='grc' dir='ltr'>ἡμῶν</span> <span class='ocrx_word' id='word_1_499' title='bbox 1659 5268 1944 5339; x_wconf 67' lang='grc' dir='ltr'>εἰρημένω</span> 
     </span>
    </p>
   </div>
   <div class='ocr_carea' id='block_1_60' title="bbox 277 5356 1949 5434">
    <p class='ocr_par' dir='ltr' id='par_1_60' title="bbox 277 5356 1949 5434">
     <span class='ocr_line' id='line_1_60' title="bbox 277 5356 1949 5434; baseline -0.005 -16"><span class='ocrx_word' id='word_1_500' title='bbox 277 5365 438 5418; x_wconf 83' lang='grc' dir='ltr'>τοῦτο</span> <span class='ocrx_word' id='word_1_501' title='bbox 470 5366 579 5434; x_wconf 79' lang='grc' dir='ltr'>γὰρ</span> <span class='ocrx_word' id='word_1_502' title='bbox 620 5362 846 5431; x_wconf 88' lang='grc' dir='ltr'>γνησίας</span> <span class='ocrx_word' id='word_1_503' title='bbox 873 5362 1091 5430; x_wconf 87' lang='grc' dir='ltr'>ἀγάπης</span> <span class='ocrx_word' id='word_1_504' title='bbox 1121 5363 1441 5430; x_wconf 88' lang='grc' dir='ltr'>τεκμήριον.</span> <span class='ocrx_word' id='word_1_505' title='bbox 1478 5359 1539 5410; x_wconf 81' lang='grc' dir='ltr'>Εἰ</span> <span class='ocrx_word' id='word_1_506' title='bbox 1569 5356 1678 5427; x_wconf 82' lang='grc' dir='ltr'>γὰρ</span> <span class='ocrx_word' id='word_1_507' title='bbox 1716 5356 1809 5409; x_wconf 80' lang='grc' dir='ltr'>ἐπὶ</span> <span class='ocrx_word' id='word_1_508' title='bbox 1840 5357 1949 5410; x_wconf 88' lang='grc' dir='ltr'>τῶν</span> 
     </span>
    </p>
   </div>
   <div class='ocr_carea' id='block_1_61' title="bbox 277 5443 1949 5524">
    <p class='ocr_par' dir='ltr' id='par_1_61' title="bbox 277 5443 1949 5524">
     <span class='ocr_line' id='line_1_61' title="bbox 277 5443 1949 5524; baseline -0.005 -18"><span class='ocrx_word' id='word_1_509' title='bbox 277 5452 551 5524; x_wconf 81' lang='grc' dir='ltr'>αἰσθητῶν</span> <span class='ocrx_word' id='word_1_510' title='bbox 578 5449 887 5521; x_wconf 78' lang='grc' dir='ltr'>ἐδεσμάτων</span> <span class='ocrx_word' id='word_1_511' title='bbox 916 5449 966 5501; x_wconf 88' lang='grc' dir='ltr'>οἰ</span> <span class='ocrx_word' id='word_1_512' title='bbox 990 5447 1149 5501; x_wconf 88' lang='grc' dir='ltr'>τοῦτο</span> <span class='ocrx_word' id='word_1_513' title='bbox 1165 5446 1469 5513; x_wconf 83' lang='grc' dir='ltr'>ποιοῦντες,</span> <span class='ocrx_word' id='word_1_514' title='bbox 1502 5445 1598 5499; x_wconf 78' lang='grc' dir='ltr'>καὶ</span> <span class='ocrx_word' id='word_1_515' title='bbox 1623 5443 1691 5498; x_wconf 87' lang='grc' dir='ltr'>τὰ</span> <span class='ocrx_word' id='word_1_516' title='bbox 1718 5444 1829 5498; x_wconf 85' lang='grc' dir='ltr'>ἀπὸ</span> <span class='ocrx_word' id='word_1_517' title='bbox 1851 5447 1949 5516; x_wconf 83' lang='grc' dir='ltr'>τῆς</span> 
     </span>
    </p>
   </div>
   <div class='ocr_carea' id='block_1_62' title="bbox 340 5626 1839 5694">
    <p class='ocr_par' dir='ltr' id='par_1_62' title="bbox 340 5626 1839 5694">
     <span class='ocr_line' id='line_1_62' title="bbox 340 5626 1839 5694; baseline -0.009 -10"><span class='ocrx_word' id='word_1_518' title='bbox 340 5637 365 5665; x_wconf 79' lang='grc'><strong><em>⁸</em></strong></span> <span class='ocrx_word' id='word_1_519' title='bbox 388 5638 607 5694; x_wconf 79' lang='lat' dir='ltr'>Quamor</span> <span class='ocrx_word' id='word_1_520' title='bbox 633 5646 729 5681; x_wconf 58' lang='lat' dir='ltr'><strong>mea</strong></span> <span class='ocrx_word' id='word_1_521' title='bbox 772 5630 980 5680; x_wconf 71' lang='grc' dir='ltr'>ἐνταῦθα</span> <span class='ocrx_word' id='word_1_522' title='bbox 1012 5630 1120 5678; x_wconf 74' lang='lat' dir='ltr'>Mox</span> <span class='ocrx_word' id='word_1_523' title='bbox 1163 5628 1362 5694; x_wconf 40' lang='lat' dir='ltr'><strong>Coisflin.</strong></span> <span class='ocrx_word' id='word_1_524' title='bbox 1392 5628 1504 5687; x_wconf 80' lang='grc' dir='ltr'>ἡμῖν</span> <span class='ocrx_word' id='word_1_525' title='bbox 1523 5626 1839 5694; x_wconf 69' lang='grc' dir='ltr'>ἀνοιγόμενον.</span> 
     </span>
    </p>
   </div>
   <div class='ocr_carea' id='block_1_63' title="bbox 335 5688 1942 5754">
    <p class='ocr_par' dir='ltr' id='par_1_63' title="bbox 335 5688 1942 5754">
     <span class='ocr_line' id='line_1_63' title="bbox 335 5688 1942 5754; baseline -0.012 -6"><span class='ocrx_word' id='word_1_526' title='bbox 335 5697 364 5735; x_wconf 67' lang='grc' dir='ltr'>ἶ)</span> <span class='ocrx_word' id='word_1_527' title='bbox 389 5688 589 5747; x_wconf 66' lang='lat' dir='ltr'>Cuisllu.</span> <span class='ocrx_word' id='word_1_528' title='bbox 613 5696 708 5744; x_wconf 85' lang='grc' dir='ltr'>ἀπὸ</span> <span class='ocrx_word' id='word_1_529' title='bbox 728 5696 916 5743; x_wconf 82' lang='grc' dir='ltr'>πάντων</span> <span class='ocrx_word' id='word_1_530' title='bbox 936 5696 1031 5740; x_wconf 83' lang='grc' dir='ltr'>τῶν</span> <span class='ocrx_word' id='word_1_531' title='bbox 1056 5694 1218 5754; x_wconf 86' lang='grc' dir='ltr'>ἐργων.</span> <span class='ocrx_word' id='word_1_532' title='bbox 1254 5692 1541 5754; x_wconf 31' lang='grc' dir='ltr'>Ρίιιιρ-ρυκι</span> <span class='ocrx_word' id='word_1_533' title='bbox 1563 5688 1728 5754; x_wconf 44' lang='grc' dir='ltr'>δίψη..</span> <span class='ocrx_word' id='word_1_534' title='bbox 1748 5694 1816 5754; x_wconf 57' lang='grc' dir='ltr'>Δ(ξι</span> <span class='ocrx_word' id='word_1_535' title='bbox 1856 5700 1942 5735; x_wconf 65' lang='lat' dir='ltr'>sev</span> 
     </span>
    </p>
   </div>
   <div class='ocr_carea' id='block_1_64' title="bbox 273 5747 1935 5818">
    <p class='ocr_par' dir='ltr' id='par_1_64' title="bbox 273 5747 1935 5818">
     <span class='ocr_line' id='line_1_64' title="bbox 273 5747 1935 5818; baseline -0.002 -12"><span class='ocrx_word' id='word_1_536' title='bbox 273 5770 392 5806; x_wconf 58' lang='lat' dir='ltr'>mss.</span> <span class='ocrx_word' id='word_1_537' title='bbox 440 5761 558 5805; x_wconf 74' lang='grc' dir='ltr'>ιατὰ</span> <span class='ocrx_word' id='word_1_538' title='bbox 576 5759 661 5813; x_wconf 82' lang='grc' dir='ltr'>τὴν</span> <span class='ocrx_word' id='word_1_539' title='bbox 685 5758 824 5813; x_wconf 81' lang='grc' dir='ltr'>ἕκτην</span> <span class='ocrx_word' id='word_1_540' title='bbox 845 5758 1040 5818; x_wconf 31' lang='grc' dir='ltr'>ἡμέραν..</span> <span class='ocrx_word' id='word_1_541' title='bbox 1069 5747 1243 5818; x_wconf 60' lang='grc' dir='ltr'>Μῦΐβί.</span> <span class='ocrx_word' id='word_1_542' title='bbox 1268 5756 1321 5798; x_wconf 83' lang='lat' dir='ltr'>el</span> <span class='ocrx_word' id='word_1_543' title='bbox 1360 5747 1935 5818; x_wconf 33' lang='grc' dir='ltr'>ιιιίὶιγιαξὰτήνιέϐδᾲμῃν-</span> 
     </span>
    </p>
   </div>
   <div class='ocr_carea' id='block_1_65' title="bbox 338 5809 1935 5877">
    <p class='ocr_par' dir='ltr' id='par_1_65' title="bbox 338 5809 1935 5877">
     <span class='ocr_line' id='line_1_65' title="bbox 338 5809 1935 5877; baseline -0.004 -13"><span class='ocrx_word' id='word_1_544' title='bbox 338 5823 359 5847; x_wconf 73' lang='grc' dir='ltr'><em>ε</em></span> <span class='ocrx_word' id='word_1_545' title='bbox 386 5820 503 5872; x_wconf 64' lang='grc' dir='ltr'>ἰίριτ.</span> <span class='ocrx_word' id='word_1_546' title='bbox 529 5809 653 5865; x_wconf 56' lang='lat' dir='ltr'>umis</span> <span class='ocrx_word' id='word_1_547' title='bbox 673 5809 901 5877; x_wconf 70' lang='grc' dir='ltr'>’διαμονῆν</span> <span class='ocrx_word' id='word_1_548' title='bbox 919 5809 1078 5876; x_wconf 76' lang='grc' dir='ltr'>αὐτόν,</span> <span class='ocrx_word' id='word_1_549' title='bbox 1100 5811 1300 5867; x_wconf 79' lang='lat' dir='ltr'>Ccisliu.</span> <span class='ocrx_word' id='word_1_550' title='bbox 1323 5817 1375 5858; x_wconf 77' lang='lat' dir='ltr'>el</span> <span class='ocrx_word' id='word_1_551' title='bbox 1413 5810 1493 5858; x_wconf 67' lang='lat' dir='ltr'><strong>alii</strong></span> <span class='ocrx_word' id='word_1_552' title='bbox 1517 5810 1741 5868; x_wconf 81' lang='grc' dir='ltr'>διαμονήν</span> <span class='ocrx_word' id='word_1_553' title='bbox 1764 5809 1935 5858; x_wconf 74' lang='grc' dir='ltr'>αὐτῶν.</span> 
     </span>
    </p>
   </div>
   <div class='ocr_carea' id='block_1_66' title="bbox 332 5878 988 5942">
    <p class='ocr_par' dir='ltr' id='par_1_66' title="bbox 332 5878 988 5942">
     <span class='ocr_line' id='line_1_66' title="bbox 332 5878 988 5942; baseline -0.011 -12"><span class='ocrx_word' id='word_1_554' title='bbox 332 5880 362 5919; x_wconf 77' lang='grc' dir='ltr'>ιί</span> <span class='ocrx_word' id='word_1_555' title='bbox 390 5881 512 5942; x_wconf 69' lang='grc' dir='ltr'>ιὶοες.</span> <span class='ocrx_word' id='word_1_556' title='bbox 541 5894 664 5929; x_wconf 71' lang='lat' dir='ltr'>unus</span> <span class='ocrx_word' id='word_1_557' title='bbox 685 5886 767 5937; x_wconf 78' lang='grc' dir='ltr'>τῆς</span> <span class='ocrx_word' id='word_1_558' title='bbox 787 5878 988 5941; x_wconf 69' lang='grc' dir='ltr'>ἀτιμίας.</span> 
     </span>
    </p>
   </div>
   <div class='ocr_carea' id='block_1_67' title="bbox 2072 529 3750 603">
    <p class='ocr_par' dir='ltr' id='par_1_67' title="bbox 2072 529 3750 603">
     <span class='ocr_line' id='line_1_67' title="bbox 2072 529 3750 603; baseline -0.001 -20"><span class='ocrx_word' id='word_1_559' title='bbox 2072 533 2182 585; x_wconf 92' lang='grc' dir='ltr'>τῶν</span> <span class='ocrx_word' id='word_1_560' title='bbox 2215 533 2602 603; x_wconf 84' lang='grc' dir='ltr'>πνευματικῶν</span> <span class='ocrx_word' id='word_1_561' title='bbox 2639 532 2797 584; x_wconf 89' lang='grc' dir='ltr'>τοῦτο</span> <span class='ocrx_word' id='word_1_562' title='bbox 2829 532 3113 601; x_wconf 86' lang='grc' dir='ltr'>γινόμενον</span> <span class='ocrx_word' id='word_1_563' title='bbox 3149 532 3314 585; x_wconf 80' lang='grc' dir='ltr'>πολὺν</span> <span class='ocrx_word' id='word_1_564' title='bbox 3349 532 3482 603; x_wconf 84' lang='grc' dir='ltr'>ἡμῖν</span> <span class='ocrx_word' id='word_1_565' title='bbox 3523 529 3750 601; x_wconf 82' lang='grc' dir='ltr'>παρέξει</span> 
     </span>
    </p>
   </div>
   <div class='ocr_carea' id='block_1_68' title="bbox 2073 607 3754 681">
    <p class='ocr_par' dir='ltr' id='par_1_68' title="bbox 2073 607 3754 681">
     <span class='ocr_line' id='line_1_68' title="bbox 2073 607 3754 681; baseline -0.002 -19"><span class='ocrx_word' id='word_1_566' title='bbox 2073 611 2163 663; x_wconf 68' lang='grc' dir='ltr'>τὸν</span> <span class='ocrx_word' id='word_1_567' title='bbox 2192 610 2432 664; x_wconf 83' lang='grc' dir='ltr'>ἕπαινον’</span> <span class='ocrx_word' id='word_1_568' title='bbox 2465 610 2629 664; x_wconf 87' lang='grc' dir='ltr'>πάλιν</span> <span class='ocrx_word' id='word_1_569' title='bbox 2653 610 2761 681; x_wconf 83' lang='grc' dir='ltr'>γάρ</span> <span class='ocrx_word' id='word_1_570' title='bbox 2793 612 2872 673; x_wconf 87' lang='grc' dir='ltr'>εἰς</span> <span class='ocrx_word' id='word_1_571' title='bbox 2904 613 3053 681; x_wconf 85' lang='grc' dir='ltr'>ἡμᾶς</span> <span class='ocrx_word' id='word_1_572' title='bbox 3089 610 3159 664; x_wconf 87' lang='grc' dir='ltr'>τά</span> <span class='ocrx_word' id='word_1_573' title='bbox 3184 613 3281 681; x_wconf 86' lang='grc' dir='ltr'>τῆς</span> <span class='ocrx_word' id='word_1_574' title='bbox 3302 607 3571 678; x_wconf 80' lang='grc' dir='ltr'>ὡφελείας</span> <span class='ocrx_word' id='word_1_575' title='bbox 3592 625 3754 679; x_wconf 82' lang='grc' dir='ltr'>περι-</span> 
     </span>
    </p>
   </div>
   <div class='ocr_carea' id='block_1_69' title="bbox 2076 685 3755 761">
    <p class='ocr_par' dir='ltr' id='par_1_69' title="bbox 2076 685 3755 761">
     <span class='ocr_line' id='line_1_69' title="bbox 2076 685 3755 761; baseline -0.003 -18"><span class='ocrx_word' id='word_1_576' title='bbox 2076 692 2356 761; x_wconf 86' lang='grc' dir='ltr'>στήσεται.</span> <span class='ocrx_word' id='word_1_577' title='bbox 2398 691 2455 742; x_wconf 85' lang='lat'>&#39;0</span> <span class='ocrx_word' id='word_1_578' title='bbox 2484 689 2590 760; x_wconf 90' lang='grc' dir='ltr'>γάρ</span> <span class='ocrx_word' id='word_1_579' title='bbox 2619 688 2713 741; x_wconf 80' lang='grc' dir='ltr'>τὸν</span> <span class='ocrx_word' id='word_1_580' title='bbox 2747 688 2971 759; x_wconf 84' lang='grc' dir='ltr'>πλησίον</span> <span class='ocrx_word' id='word_1_581' title='bbox 3010 689 3282 742; x_wconf 87' lang='grc' dir='ltr'>διδάσκειν</span> <span class='ocrx_word' id='word_1_582' title='bbox 3314 688 3650 751; x_wconf 73' lang='grc' dir='ltr'>σπουδάζων,</span> <span class='ocrx_word' id='word_1_583' title='bbox 3684 685 3755 738; x_wconf 71' lang='grc' dir='ltr'>οὐ</span> 
     </span>
    </p>
   </div>
   <div class='ocr_carea' id='block_1_70' title="bbox 2073 764 3752 839">
    <p class='ocr_par' dir='ltr' id='par_1_70' title="bbox 2073 764 3752 839">
     <span class='ocr_line' id='line_1_70' title="bbox 2073 764 3752 839; baseline -0.002 -17"><span class='ocrx_word' id='word_1_584' title='bbox 2073 769 2323 823; x_wconf 86' lang='grc' dir='ltr'>τοσοῦτον</span> <span class='ocrx_word' id='word_1_585' title='bbox 2357 771 2560 822; x_wconf 85' lang='grc' dir='ltr'>ἐκεῖνον</span> <span class='ocrx_word' id='word_1_586' title='bbox 2599 768 2893 839; x_wconf 87' lang='grc' dir='ltr'>εὐεργετεῖ,</span> <span class='ocrx_word' id='word_1_587' title='bbox 2933 769 3055 821; x_wconf 82' lang='grc' dir='ltr'>ὅσον</span> <span class='ocrx_word' id='word_1_588' title='bbox 3087 769 3266 838; x_wconf 84' lang='grc' dir='ltr'>ἐαυτῷ</span> <span class='ocrx_word' id='word_1_589' title='bbox 3305 766 3527 838; x_wconf 75' lang='grc' dir='ltr'>μείζονα</span> <span class='ocrx_word' id='word_1_590' title='bbox 3554 764 3752 835; x_wconf 76' lang='grc' dir='ltr'>προξε-</span> 
     </span>
    </p>
   </div>
   <div class='ocr_carea' id='block_1_71' title="bbox 2075 845 3754 918">
    <p class='ocr_par' dir='ltr' id='par_1_71' title="bbox 2075 845 3754 918">
     <span class='ocr_line' id='line_1_71' title="bbox 2075 845 3754 918; baseline -0.003 -18"><span class='ocrx_word' id='word_1_591' title='bbox 2075 851 2156 900; x_wconf 88' lang='grc' dir='ltr'>νεῖ</span> <span class='ocrx_word' id='word_1_592' title='bbox 2173 848 2264 902; x_wconf 84' lang='grc' dir='ltr'>τὸν</span> <span class='ocrx_word' id='word_1_593' title='bbox 2301 849 2509 918; x_wconf 85' lang='grc' dir='ltr'>μισθὸν,</span> <span class='ocrx_word' id='word_1_594' title='bbox 2547 846 2880 900; x_wconf 69' lang='grc' dir='ltr'>καὶδιπλοῦν</span> <span class='ocrx_word' id='word_1_595' title='bbox 2903 847 3209 917; x_wconf 85' lang='grc' dir='ltr'>καρποῦται</span> <span class='ocrx_word' id='word_1_596' title='bbox 3233 848 3294 901; x_wconf 85' lang='lat'>16</span> <span class='ocrx_word' id='word_1_597' title='bbox 3324 846 3537 916; x_wconf 82' lang='grc' dir='ltr'>κέρδος,</span> <span class='ocrx_word' id='word_1_598' title='bbox 3566 845 3667 912; x_wconf 80' lang='grc' dir='ltr'>τῆς</span> <span class='ocrx_word' id='word_1_599' title='bbox 3687 859 3754 896; x_wconf 79' lang='grc' dir='ltr'>τε</span> 
     </span>
    </p>
   </div>
   <div class='ocr_carea' id='block_1_72' title="bbox 2075 921 3753 999">
    <p class='ocr_par' dir='ltr' id='par_1_72' title="bbox 2075 921 3753 999">
     <span class='ocr_line' id='line_1_72' title="bbox 2075 921 3753 999; baseline -0.005 -17"><span class='ocrx_word' id='word_1_600' title='bbox 2075 929 2226 999; x_wconf 81' lang='grc' dir='ltr'>παρά</span> <span class='ocrx_word' id='word_1_601' title='bbox 2248 928 2339 982; x_wconf 91' lang='grc' dir='ltr'>τοῦ</span> <span class='ocrx_word' id='word_1_602' title='bbox 2370 927 2503 980; x_wconf 81' lang='grc' dir='ltr'>Θεοῦ</span> <span class='ocrx_word' id='word_1_603' title='bbox 2527 927 2758 998; x_wconf 86' lang='grc' dir='ltr'>ἀμοιϐῆς</span> <span class='ocrx_word' id='word_1_604' title='bbox 2782 925 3023 989; x_wconf 88' lang='grc' dir='ltr'>πλείονος</span> <span class='ocrx_word' id='word_1_605' title='bbox 3049 926 3355 989; x_wconf 87' lang='grc' dir='ltr'>ἀπολαύων,</span> <span class='ocrx_word' id='word_1_606' title='bbox 3385 925 3479 978; x_wconf 79' lang='grc' dir='ltr'>καὶ</span> <span class='ocrx_word' id='word_1_607' title='bbox 3502 924 3664 985; x_wconf 76' lang='grc' dir='ltr'>αὐτὸς</span> <span class='ocrx_word' id='word_1_608' title='bbox 3678 921 3753 975; x_wconf 80' lang='grc' dir='ltr'>δι’</span> 
     </span>
    </p>
   </div>
   <div class='ocr_carea' id='block_1_73' title="bbox 2075 1002 3753 1077">
    <p class='ocr_par' dir='ltr' id='par_1_73' title="bbox 2075 1002 3753 1077">
     <span class='ocr_line' id='line_1_73' title="bbox 2075 1002 3753 1077; baseline -0.004 -17"><span class='ocrx_word' id='word_1_609' title='bbox 2075 1002 2150 1060; x_wconf 85' lang='grc' dir='ltr'>ὧν</span> <span class='ocrx_word' id='word_1_610' title='bbox 2198 1008 2288 1060; x_wconf 79' lang='grc' dir='ltr'>τὸν</span> <span class='ocrx_word' id='word_1_611' title='bbox 2342 1005 2568 1075; x_wconf 79' lang='grc' dir='ltr'>ἀδελφὸν</span> <span class='ocrx_word' id='word_1_612' title='bbox 2623 1004 2893 1057; x_wconf 86' lang='grc' dir='ltr'>διδάσκειν</span> <span class='ocrx_word' id='word_1_613' title='bbox 2954 1006 3239 1077; x_wconf 85' lang='grc' dir='ltr'>ἐπιχειρεῖ,</span> <span class='ocrx_word' id='word_1_614' title='bbox 3300 1005 3383 1067; x_wconf 89' lang='grc' dir='ltr'>εἰς</span> <span class='ocrx_word' id='word_1_615' title='bbox 3441 1004 3753 1074; x_wconf 80' lang='grc' dir='ltr'>ὑπόμνησιν</span> 
     </span>
    </p>
   </div>
   <div class='ocr_carea' id='block_1_74' title="bbox 2076 1081 3755 1156">
    <p class='ocr_par' dir='ltr' id='par_1_74' title="bbox 2076 1081 3755 1156">
     <span class='ocr_line' id='line_1_74' title="bbox 2076 1081 3755 1156; baseline -0.003 -19"><span class='ocrx_word' id='word_1_616' title='bbox 2076 1085 2387 1156; x_wconf 73' lang='grc' dir='ltr'>ἐρχόμενος,</span> <span class='ocrx_word' id='word_1_617' title='bbox 2414 1082 2507 1139; x_wconf 80' lang='grc' dir='ltr'>καί</span> <span class='ocrx_word' id='word_1_618' title='bbox 2529 1084 2765 1139; x_wconf 86' lang='grc' dir='ltr'>ἀνανεῶν</span> <span class='ocrx_word' id='word_1_619' title='bbox 2791 1084 2921 1154; x_wconf 85' lang='grc' dir='ltr'>παρ’</span> <span class='ocrx_word' id='word_1_620' title='bbox 2954 1083 3134 1154; x_wconf 83' lang='grc' dir='ltr'>ἐαυτῷ</span> <span class='ocrx_word' id='word_1_621' title='bbox 3158 1083 3255 1155; x_wconf 85' lang='grc' dir='ltr'>τὴν</span> <span class='ocrx_word' id='word_1_622' title='bbox 3286 1084 3507 1155; x_wconf 87' lang='grc' dir='ltr'>μνήμην</span> <span class='ocrx_word' id='word_1_623' title='bbox 3534 1081 3642 1136; x_wconf 87' lang='grc' dir='ltr'>τῶν</span> <span class='ocrx_word' id='word_1_624' title='bbox 3671 1082 3755 1132; x_wconf 79' lang='grc' dir='ltr'>εἰ·</span> 
     </span>
    </p>
   </div>
   <div class='ocr_carea' id='block_1_75' title="bbox 2079 1181 2353 1234">
    <p class='ocr_par' dir='ltr' id='par_1_75' title="bbox 2079 1181 2353 1234">
     <span class='ocr_line' id='line_1_75' title="bbox 2079 1181 2353 1234; baseline 0.004 -17"><span class='ocrx_word' id='word_1_625' title='bbox 2079 1181 2146 1234; x_wconf 85' lang='grc' dir='ltr'>ρη</span> <span class='ocrx_word' id='word_1_626' title='bbox 2155 1181 2353 1233; x_wconf 88' lang='grc' dir='ltr'>μενων.</span> 
     </span>
    </p>
   </div>
   <div class='ocr_carea' id='block_1_76' title="bbox 2145 1240 3755 1315">
    <p class='ocr_par' dir='ltr' id='par_1_76' title="bbox 2145 1240 3755 1315">
     <span class='ocr_line' id='line_1_76' title="bbox 2145 1240 3755 1315; baseline -0.002 -17"><span class='ocrx_word' id='word_1_627' title='bbox 2145 1244 2215 1315; x_wconf 86' lang='grc' dir='ltr'>η’.</span> <span class='ocrx_word' id='word_1_628' title='bbox 2236 1244 2308 1297; x_wconf 85' lang='grc' dir='ltr'>Τὸ</span> <span class='ocrx_word' id='word_1_629' title='bbox 2330 1243 2520 1314; x_wconf 89' lang='grc' dir='ltr'>κέρδος</span> <span class='ocrx_word' id='word_1_630' title='bbox 2543 1243 2721 1297; x_wconf 88' lang='grc' dir='ltr'>τοίνυν</span> <span class='ocrx_word' id='word_1_631' title='bbox 2741 1242 3047 1306; x_wconf 83' lang='grc' dir='ltr'>ἐννοοῦντες</span> <span class='ocrx_word' id='word_1_632' title='bbox 3074 1244 3133 1298; x_wconf 84' lang='grc' dir='ltr'>τὸ</span> <span class='ocrx_word' id='word_1_633' title='bbox 3150 1243 3438 1314; x_wconf 86' lang='grc' dir='ltr'>ὑμέτερον,</span> <span class='ocrx_word' id='word_1_634' title='bbox 3460 1244 3533 1313; x_wconf 84' lang='grc' dir='ltr'>μὴ</span> <span class='ocrx_word' id='word_1_635' title='bbox 3551 1240 3755 1311; x_wconf 77' lang='grc' dir='ltr'>φθονή-</span> 
     </span>
    </p>
   </div>
   <div class='ocr_carea' id='block_1_77' title="bbox 2076 1322 3750 1394">
    <p class='ocr_par' dir='ltr' id='par_1_77' title="bbox 2076 1322 3750 1394">
     <span class='ocr_line' id='line_1_77' title="bbox 2076 1322 3750 1394; baseline -0.002 -17"><span class='ocrx_word' id='word_1_636' title='bbox 2076 1340 2205 1394; x_wconf 89' lang='grc' dir='ltr'>σητε</span> <span class='ocrx_word' id='word_1_637' title='bbox 2226 1326 2335 1387; x_wconf 89' lang='grc' dir='ltr'>τοῖς</span> <span class='ocrx_word' id='word_1_638' title='bbox 2362 1322 2609 1393; x_wconf 87' lang='grc' dir='ltr'>ἀδελφοῖς</span> <span class='ocrx_word' id='word_1_639' title='bbox 2638 1326 2748 1386; x_wconf 87' lang='grc' dir='ltr'>τοῖς</span> <span class='ocrx_word' id='word_1_640' title='bbox 2769 1324 3073 1393; x_wconf 84' lang='grc' dir='ltr'>ὑμετέροις,</span> <span class='ocrx_word' id='word_1_641' title='bbox 3101 1323 3239 1376; x_wconf 86' lang='grc' dir='ltr'>ἀλλὰ</span> <span class='ocrx_word' id='word_1_642' title='bbox 3266 1322 3361 1377; x_wconf 91' lang='grc' dir='ltr'>νῦν</span> <span class='ocrx_word' id='word_1_643' title='bbox 3389 1324 3487 1393; x_wconf 83' lang='grc' dir='ltr'>μὲν</span> <span class='ocrx_word' id='word_1_644' title='bbox 3514 1324 3584 1377; x_wconf 82' lang='grc' dir='ltr'>τά</span> <span class='ocrx_word' id='word_1_645' title='bbox 3616 1322 3750 1392; x_wconf 81' lang='grc' dir='ltr'>παρ’</span> 
     </span>
    </p>
   </div>
   <div class='ocr_carea' id='block_1_78' title="bbox 2075 1399 3752 1476">
    <p class='ocr_par' dir='ltr' id='par_1_78' title="bbox 2075 1399 3752 1476">
     <span class='ocr_line' id='line_1_78' title="bbox 2075 1399 3752 1476; baseline -0.003 -20"><span class='ocrx_word' id='word_1_646' title='bbox 2075 1403 2231 1476; x_wconf 89' lang='grc' dir='ltr'>ήμῶν</span> <span class='ocrx_word' id='word_1_647' title='bbox 2258 1403 2524 1472; x_wconf 88' lang='grc' dir='ltr'>λεγόμενα</span> <span class='ocrx_word' id='word_1_648' title='bbox 2558 1402 2688 1472; x_wconf 88' lang='grc' dir='ltr'>παρ’</span> <span class='ocrx_word' id='word_1_649' title='bbox 2712 1401 2864 1471; x_wconf 89' lang='grc' dir='ltr'>ὑμῶν</span> <span class='ocrx_word' id='word_1_650' title='bbox 2899 1401 3335 1473; x_wconf 85' lang='grc' dir='ltr'>μανθανέτωσαν.</span> <span class='ocrx_word' id='word_1_651' title='bbox 3364 1404 3480 1456; x_wconf 82' lang='grc' dir='ltr'>Ἵνα</span> <span class='ocrx_word' id='word_1_652' title='bbox 3501 1401 3559 1455; x_wconf 85' lang='grc' dir='ltr'>δέ</span> <span class='ocrx_word' id='word_1_653' title='bbox 3590 1399 3665 1471; x_wconf 79' lang='grc' dir='ltr'>μὴ</span> <span class='ocrx_word' id='word_1_654' title='bbox 3689 1401 3752 1451; x_wconf 89' lang='grc' dir='ltr'>ἐν</span> 
     </span>
    </p>
   </div>
   <div class='ocr_carea' id='block_1_79' title="bbox 2075 1478 3750 1554">
    <p class='ocr_par' dir='ltr' id='par_1_79' title="bbox 2075 1478 3750 1554">
     <span class='ocr_line' id='line_1_79' title="bbox 2075 1478 3750 1554; baseline -0.005 -18"><span class='ocrx_word' id='word_1_655' title='bbox 2075 1483 2295 1554; x_wconf 89' lang='grc' dir='ltr'>χάριτος</span> <span class='ocrx_word' id='word_1_656' title='bbox 2335 1482 2492 1552; x_wconf 82' lang='grc' dir='ltr'>μέρει</span> <span class='ocrx_word' id='word_1_657' title='bbox 2531 1481 2660 1551; x_wconf 84' lang='grc' dir='ltr'>παρ’</span> <span class='ocrx_word' id='word_1_658' title='bbox 2692 1479 2843 1550; x_wconf 91' lang='grc' dir='ltr'>ὑμῶν</span> <span class='ocrx_word' id='word_1_659' title='bbox 2887 1479 3120 1549; x_wconf 85' lang='grc' dir='ltr'>μέλλωσι</span> <span class='ocrx_word' id='word_1_660' title='bbox 3171 1478 3344 1533; x_wconf 85' lang='grc' dir='ltr'>ταῦτα</span> <span class='ocrx_word' id='word_1_661' title='bbox 3379 1478 3750 1540; x_wconf 83' lang='grc' dir='ltr'>διδάσκεσθαι,</span> 
     </span>
    </p>
   </div>
   <div class='ocr_carea' id='block_1_80' title="bbox 2075 1558 3751 1631">
    <p class='ocr_par' dir='ltr' id='par_1_80' title="bbox 2075 1558 3751 1631">
     <span class='ocr_line' id='line_1_80' title="bbox 2075 1558 3751 1631; baseline -0.003 -17"><span class='ocrx_word' id='word_1_662' title='bbox 2075 1561 2261 1615; x_wconf 77' lang='grc' dir='ltr'>ἕλκετε</span> <span class='ocrx_word' id='word_1_663' title='bbox 2280 1561 2480 1624; x_wconf 78' lang='grc' dir='ltr'>αὐτοὺς</span> <span class='ocrx_word' id='word_1_664' title='bbox 2502 1560 2638 1631; x_wconf 72' lang='grc' dir='ltr'>πρὸς</span> <span class='ocrx_word' id='word_1_665' title='bbox 2665 1560 2832 1629; x_wconf 84' lang='grc' dir='ltr'>ἡμᾶς,</span> <span class='ocrx_word' id='word_1_666' title='bbox 2855 1559 3131 1623; x_wconf 89' lang='grc' dir='ltr'>πείθοντες</span> <span class='ocrx_word' id='word_1_667' title='bbox 3149 1560 3224 1623; x_wconf 88' lang='grc' dir='ltr'>ώς</span> <span class='ocrx_word' id='word_1_668' title='bbox 3247 1559 3502 1613; x_wconf 86' lang='grc' dir='ltr'>οὐδέποτε</span> <span class='ocrx_word' id='word_1_669' title='bbox 3524 1558 3751 1626; x_wconf 85' lang='grc' dir='ltr'>κώλυμα</span> 
     </span>
    </p>
   </div>
   <div class='ocr_carea' id='block_1_81' title="bbox 2073 1639 3753 1712">
    <p class='ocr_par' dir='ltr' id='par_1_81' title="bbox 2073 1639 3753 1712">
     <span class='ocr_line' id='line_1_81' title="bbox 2073 1639 3753 1712; baseline -0.001 -19"><span class='ocrx_word' id='word_1_670' title='bbox 2073 1640 2284 1710; x_wconf 88' lang='grc' dir='ltr'>γίνεται</span> <span class='ocrx_word' id='word_1_671' title='bbox 2324 1641 2460 1712; x_wconf 78' lang='grc' dir='ltr'>πρὸς</span> <span class='ocrx_word' id='word_1_672' title='bbox 2506 1640 2606 1711; x_wconf 83' lang='grc' dir='ltr'>τὴν</span> <span class='ocrx_word' id='word_1_673' title='bbox 2641 1639 2991 1692; x_wconf 84' lang='grc' dir='ltr'>διδασκαλίαν</span> <span class='ocrx_word' id='word_1_674' title='bbox 3022 1640 3122 1711; x_wconf 84' lang='grc' dir='ltr'>τὴν</span> <span class='ocrx_word' id='word_1_675' title='bbox 3163 1639 3541 1710; x_wconf 84' lang='grc' dir='ltr'>πνευματικὴν</span> <span class='ocrx_word' id='word_1_676' title='bbox 3580 1640 3615 1708; x_wconf 81' lang='grc' dir='ltr'>ἡ</span> <span class='ocrx_word' id='word_1_677' title='bbox 3648 1640 3753 1706; x_wconf 78' lang='grc' dir='ltr'>τῆς</span> 
     </span>
    </p>
   </div>
   <div class='ocr_carea' id='block_1_82' title="bbox 2073 1718 3749 1791">
    <p class='ocr_par' dir='ltr' id='par_1_82' title="bbox 2073 1718 3749 1791">
     <span class='ocr_line' id='line_1_82' title="bbox 2073 1718 3749 1791; baseline -0.003 -18"><span class='ocrx_word' id='word_1_678' title='bbox 2073 1721 2279 1791; x_wconf 84' lang='grc' dir='ltr'>τροφῆς</span> <span class='ocrx_word' id='word_1_679' title='bbox 2303 1722 2402 1790; x_wconf 87' lang='grc' dir='ltr'>τῆς</span> <span class='ocrx_word' id='word_1_680' title='bbox 2432 1720 2748 1791; x_wconf 80' lang='grc' dir='ltr'>σωματικῆς</span> <span class='ocrx_word' id='word_1_681' title='bbox 2779 1720 3100 1790; x_wconf 65' lang='grc' dir='ltr'>μετάληψις</span> <span class='ocrx_word' id='word_1_682' title='bbox 3133 1719 3271 1772; x_wconf 89' lang='grc' dir='ltr'>ἀλλά</span> <span class='ocrx_word' id='word_1_683' title='bbox 3296 1719 3378 1772; x_wconf 88' lang='grc' dir='ltr'>δεῖ</span> <span class='ocrx_word' id='word_1_684' title='bbox 3414 1718 3587 1771; x_wconf 86' lang='grc' dir='ltr'>πάντα</span> <span class='ocrx_word' id='word_1_685' title='bbox 3622 1735 3749 1769; x_wconf 74' lang='lat' dir='ltr'>xw.-</span> 
     </span>
    </p>
   </div>
   <div class='ocr_carea' id='block_1_83' title="bbox 2076 1795 3750 1872">
    <p class='ocr_par' dir='ltr' id='par_1_83' title="bbox 2076 1795 3750 1872">
     <span class='ocr_line' id='line_1_83' title="bbox 2076 1795 3750 1872; baseline -0.005 -18"><span class='ocrx_word' id='word_1_686' title='bbox 2076 1801 2166 1872; x_wconf 83' lang='grc' dir='ltr'>ρὸν</span> <span class='ocrx_word' id='word_1_687' title='bbox 2194 1799 2493 1870; x_wconf 86' lang='grc' dir='ltr'>ἐπιτήδειον</span> <span class='ocrx_word' id='word_1_688' title='bbox 2526 1799 2778 1869; x_wconf 84' lang='grc' dir='ltr'>ἡγεῖσθαι</span> <span class='ocrx_word' id='word_1_689' title='bbox 2805 1799 2941 1869; x_wconf 83' lang='grc' dir='ltr'>πρὸς</span> <span class='ocrx_word' id='word_1_690' title='bbox 2966 1798 3065 1869; x_wconf 80' lang='grc' dir='ltr'>τὴν</span> <span class='ocrx_word' id='word_1_691' title='bbox 3104 1796 3215 1850; x_wconf 91' lang='grc' dir='ltr'>τῶν</span> <span class='ocrx_word' id='word_1_692' title='bbox 3243 1796 3631 1868; x_wconf 87' lang='grc' dir='ltr'>πνευματικῶν</span> <span class='ocrx_word' id='word_1_693' title='bbox 3659 1795 3750 1847; x_wconf 72' lang='grc' dir='ltr'>λδ·</span> 
     </span>
    </p>
   </div>
   <div class='ocr_carea' id='block_1_84' title="bbox 2072 1879 3750 1952">
    <p class='ocr_par' dir='ltr' id='par_1_84' title="bbox 2072 1879 3750 1952">
     <span class='ocr_line' id='line_1_84' title="bbox 2072 1879 3750 1952; baseline -0.002 -17"><span class='ocrx_word' id='word_1_694' title='bbox 2072 1900 2185 1952; x_wconf 89' lang='grc' dir='ltr'>γων</span> <span class='ocrx_word' id='word_1_695' title='bbox 2203 1881 2457 1947; x_wconf 82' lang='grc' dir='ltr'>διάλεξιν.</span> <span class='ocrx_word' id='word_1_696' title='bbox 2485 1882 2581 1932; x_wconf 78' lang='lat' dir='ltr'>“Av</span> <span class='ocrx_word' id='word_1_697' title='bbox 2607 1880 2780 1933; x_wconf 86' lang='grc' dir='ltr'>ταῦτα</span> <span class='ocrx_word' id='word_1_698' title='bbox 2811 1881 2946 1951; x_wconf 84' lang='grc' dir='ltr'>μετὰ</span> <span class='ocrx_word' id='word_1_699' title='bbox 2969 1880 3254 1952; x_wconf 82' lang='grc' dir='ltr'>ἀκριϐείας</span> <span class='ocrx_word' id='word_1_700' title='bbox 3279 1881 3501 1950; x_wconf 71' lang='grc' dir='ltr'>ἴδωμεν,</span> <span class='ocrx_word' id='word_1_701' title='bbox 3522 1879 3750 1949; x_wconf 79' lang='grc' dir='ltr'>δυνησό-</span> 
     </span>
    </p>
   </div>
   <div class='ocr_carea' id='block_1_85' title="bbox 2077 1958 3751 2033">
    <p class='ocr_par' dir='ltr' id='par_1_85' title="bbox 2077 1958 3751 2033">
     <span class='ocr_line' id='line_1_85' title="bbox 2077 1958 3751 2033; baseline -0.002 -19"><span class='ocrx_word' id='word_1_702' title='bbox 2077 1960 2216 2031; x_wconf 81' lang='grc' dir='ltr'>μεθα</span> <span class='ocrx_word' id='word_1_703' title='bbox 2237 1962 2332 2014; x_wconf 73' lang='grc' dir='ltr'>καὶ</span> <span class='ocrx_word' id='word_1_704' title='bbox 2360 1961 2452 2014; x_wconf 75' lang='grc' dir='ltr'>ἐπὶ</span> <span class='ocrx_word' id='word_1_705' title='bbox 2481 1961 2660 2024; x_wconf 88' lang='grc' dir='ltr'>οἰκίας</span> <span class='ocrx_word' id='word_1_706' title='bbox 2703 1961 3095 2033; x_wconf 84' lang='grc' dir='ltr'>διατρίϐοντες,</span> <span class='ocrx_word' id='word_1_707' title='bbox 3128 1961 3223 2013; x_wconf 76' lang='grc' dir='ltr'>καὶ</span> <span class='ocrx_word' id='word_1_708' title='bbox 3262 1958 3405 2031; x_wconf 88' lang='grc' dir='ltr'>μετά</span> <span class='ocrx_word' id='word_1_709' title='bbox 3438 1960 3537 2028; x_wconf 75' lang='grc' dir='ltr'>τὴν</span> <span class='ocrx_word' id='word_1_710' title='bbox 3566 1959 3751 2012; x_wconf 86' lang='grc' dir='ltr'>ἐστία-</span> 
     </span>
    </p>
   </div>
   <div class='ocr_carea' id='block_1_86' title="bbox 2075 2036 3747 2111">
    <p class='ocr_par' dir='ltr' id='par_1_86' title="bbox 2075 2036 3747 2111">
     <span class='ocr_line' id='line_1_86' title="bbox 2075 2036 3747 2111; baseline -0.002 -18"><span class='ocrx_word' id='word_1_711' title='bbox 2075 2056 2179 2106; x_wconf 89' lang='grc' dir='ltr'>σιν,</span> <span class='ocrx_word' id='word_1_712' title='bbox 2214 2042 2309 2094; x_wconf 74' lang='grc' dir='ltr'>καὶ</span> <span class='ocrx_word' id='word_1_713' title='bbox 2356 2039 2463 2111; x_wconf 85' lang='grc' dir='ltr'>πρὸ</span> <span class='ocrx_word' id='word_1_714' title='bbox 2500 2041 2600 2109; x_wconf 87' lang='grc' dir='ltr'>τῆς</span> <span class='ocrx_word' id='word_1_715' title='bbox 2644 2041 2939 2103; x_wconf 80' lang='grc' dir='ltr'>ἑστιάσεως</span> <span class='ocrx_word' id='word_1_716' title='bbox 2982 2040 3120 2109; x_wconf 85' lang='grc' dir='ltr'>μετά</span> <span class='ocrx_word' id='word_1_717' title='bbox 3157 2042 3347 2110; x_wconf 84' lang='grc' dir='ltr'>χεῖρας</span> <span class='ocrx_word' id='word_1_718' title='bbox 3389 2037 3641 2099; x_wconf 84' lang='grc' dir='ltr'>λαϐόντες</span> <span class='ocrx_word' id='word_1_719' title='bbox 3674 2036 3747 2090; x_wconf 80' lang='grc' dir='ltr'>τὰ</span> 
     </span>
    </p>
   </div>
   <div class='ocr_carea' id='block_1_87' title="bbox 2073 2115 3747 2190">
    <p class='ocr_par' dir='ltr' id='par_1_87' title="bbox 2073 2115 3747 2190">
     <span class='ocr_line' id='line_1_87' title="bbox 2073 2115 3747 2190; baseline -0.004 -18"><span class='ocrx_word' id='word_1_720' title='bbox 2073 2121 2189 2172; x_wconf 84' lang='grc' dir='ltr'>θεῖα</span> <span class='ocrx_word' id='word_1_721' title='bbox 2215 2118 2394 2190; x_wconf 82' lang='grc' dir='ltr'>βιϐλία</span> <span class='ocrx_word' id='word_1_722' title='bbox 2426 2118 2524 2188; x_wconf 82' lang='grc' dir='ltr'>τὴν</span> <span class='ocrx_word' id='word_1_723' title='bbox 2550 2118 2609 2182; x_wconf 77' lang='grc' dir='ltr'>ἐξ</span> <span class='ocrx_word' id='word_1_724' title='bbox 2630 2118 2808 2171; x_wconf 86' lang='grc' dir='ltr'>αὐτῶν</span> <span class='ocrx_word' id='word_1_725' title='bbox 2840 2117 3181 2189; x_wconf 86' lang='grc' dir='ltr'>καρποῦσθαι</span> <span class='ocrx_word' id='word_1_726' title='bbox 3214 2116 3506 2188; x_wconf 81' lang='grc' dir='ltr'>ὠφέλειαν,</span> <span class='ocrx_word' id='word_1_727' title='bbox 3534 2115 3747 2187; x_wconf 75' lang='grc' dir='ltr'>καὶτὴν</span> 
     </span>
    </p>
   </div>
   <div class='ocr_carea' id='block_1_88' title="bbox 2072 2194 3748 2275">
    <p class='ocr_par' dir='ltr' id='par_1_88' title="bbox 2072 2194 3748 2275">
     <span class='ocr_line' id='line_1_88' title="bbox 2072 2194 3748 2275; baseline -0.003 -24"><span class='ocrx_word' id='word_1_728' title='bbox 2072 2198 2448 2275; x_wconf 81' lang='grc' dir='ltr'>πνευματικήν</span> <span class='ocrx_word' id='word_1_729' title='bbox 2481 2196 2684 2269; x_wconf 83' lang='grc' dir='ltr'>τροφὴν</span> <span class='ocrx_word' id='word_1_730' title='bbox 2723 2200 2791 2267; x_wconf 84' lang='grc' dir='ltr'>τῇ</span> <span class='ocrx_word' id='word_1_731' title='bbox 2813 2196 2958 2268; x_wconf 75' lang='grc' dir='ltr'>ψυχῇ</span> <span class='ocrx_word' id='word_1_732' title='bbox 2992 2196 3274 2269; x_wconf 84' lang='grc' dir='ltr'>παρέχειν.</span> <span class='ocrx_word' id='word_1_733' title='bbox 3298 2197 3511 2267; x_wconf 81' lang='grc' dir='ltr'>Ὠσπερ</span> <span class='ocrx_word' id='word_1_734' title='bbox 3545 2194 3651 2275; x_wconf 82' lang='grc' dir='ltr'>γάρ</span> <span class='ocrx_word' id='word_1_735' title='bbox 3682 2194 3748 2275; x_wconf 74' lang='lat'>16</span> 
     </span>
    </p>
   </div>
   <div class='ocr_carea' id='block_1_89' title="bbox 2074 2273 3747 2347">
    <p class='ocr_par' dir='ltr' id='par_1_89' title="bbox 2074 2273 3747 2347">
     <span class='ocr_line' id='line_1_89' title="bbox 2074 2273 3747 2347; baseline 0.002 -18"><span class='ocrx_word' id='word_1_736' title='bbox 2074 2273 2233 2347; x_wconf 84' lang='grc' dir='ltr'>σῶμα</span> <span class='ocrx_word' id='word_1_737' title='bbox 2288 2277 2457 2331; x_wconf 89' lang='grc' dir='ltr'>δεῖται</span> <span class='ocrx_word' id='word_1_738' title='bbox 2499 2276 2599 2346; x_wconf 89' lang='grc' dir='ltr'>τῆς</span> <span class='ocrx_word' id='word_1_739' title='bbox 2639 2276 2904 2346; x_wconf 78' lang='grc' dir='ltr'>αἰσθητῆς</span> <span class='ocrx_word' id='word_1_740' title='bbox 2940 2277 3168 2347; x_wconf 88' lang='grc' dir='ltr'>τροφῆς,</span> <span class='ocrx_word' id='word_1_741' title='bbox 3207 2275 3350 2329; x_wconf 85' lang='grc' dir='ltr'>οῦτω</span> <span class='ocrx_word' id='word_1_742' title='bbox 3390 2277 3484 2330; x_wconf 78' lang='grc' dir='ltr'>καὶ</span> <span class='ocrx_word' id='word_1_743' title='bbox 3526 2277 3559 2344; x_wconf 79' lang='grc' dir='ltr'>ἡ</span> <span class='ocrx_word' id='word_1_744' title='bbox 3596 2273 3747 2344; x_wconf 70' lang='grc' dir='ltr'>ψυχὴ</span> 
     </span>
    </p>
   </div>
   <div class='ocr_carea' id='block_1_90' title="bbox 2072 2355 3750 2431">
    <p class='ocr_par' dir='ltr' id='par_1_90' title="bbox 2072 2355 3750 2431">
     <span class='ocr_line' id='line_1_90' title="bbox 2072 2355 3750 2431; baseline -0.001 -22"><span class='ocrx_word' id='word_1_745' title='bbox 2072 2356 2261 2431; x_wconf 76' lang='grc' dir='ltr'>χρῄζει</span> <span class='ocrx_word' id='word_1_746' title='bbox 2301 2355 2679 2427; x_wconf 86' lang='grc' dir='ltr'>καθημερινῆς</span> <span class='ocrx_word' id='word_1_747' title='bbox 2721 2356 3100 2426; x_wconf 81' lang='grc' dir='ltr'>ὑπομνήσεως,</span> <span class='ocrx_word' id='word_1_748' title='bbox 3138 2355 3232 2408; x_wconf 77' lang='grc' dir='ltr'>καί</span> <span class='ocrx_word' id='word_1_749' title='bbox 3260 2355 3469 2425; x_wconf 84' lang='grc' dir='ltr'>τροφῆς</span> <span class='ocrx_word' id='word_1_750' title='bbox 3501 2371 3750 2423; x_wconf 79' lang='grc' dir='ltr'>πνευμα-</span> 
     </span>
    </p>
   </div>
   <div class='ocr_carea' id='block_1_91' title="bbox 2070 2434 3747 2508">
    <p class='ocr_par' dir='ltr' id='par_1_91' title="bbox 2070 2434 3747 2508">
     <span class='ocr_line' id='line_1_91' title="bbox 2070 2434 3747 2508; baseline -0.001 -18"><span class='ocrx_word' id='word_1_751' title='bbox 2070 2442 2247 2508; x_wconf 83' lang='grc' dir='ltr'>τικῆς,</span> <span class='ocrx_word' id='word_1_752' title='bbox 2271 2437 2359 2489; x_wconf 80' lang='grc' dir='ltr'>ἵνα</span> <span class='ocrx_word' id='word_1_753' title='bbox 2381 2436 2715 2507; x_wconf 89' lang='grc' dir='ltr'>νευρουμένη</span> <span class='ocrx_word' id='word_1_754' title='bbox 2741 2436 2983 2505; x_wconf 85' lang='grc' dir='ltr'>ἀντέχειν</span> <span class='ocrx_word' id='word_1_755' title='bbox 3010 2436 3232 2505; x_wconf 87' lang='grc' dir='ltr'>δύνηται</span> <span class='ocrx_word' id='word_1_756' title='bbox 3261 2435 3397 2507; x_wconf 86' lang='grc' dir='ltr'>πρὸς</span> <span class='ocrx_word' id='word_1_757' title='bbox 3424 2434 3519 2497; x_wconf 83' lang='grc' dir='ltr'>τὰς</span> <span class='ocrx_word' id='word_1_758' title='bbox 3551 2436 3747 2489; x_wconf 75' lang='grc' dir='ltr'>ἐπανα-</span> 
     </span>
    </p>
   </div>
   <div class='ocr_carea' id='block_1_92' title="bbox 2074 2514 3746 2587">
    <p class='ocr_par' dir='ltr' id='par_1_92' title="bbox 2074 2514 3746 2587">
     <span class='ocr_line' id='line_1_92' title="bbox 2074 2514 3746 2587; baseline -0.002 -17"><span class='ocrx_word' id='word_1_759' title='bbox 2074 2516 2291 2579; x_wconf 88' lang='grc' dir='ltr'>στάσεις</span> <span class='ocrx_word' id='word_1_760' title='bbox 2334 2515 2434 2585; x_wconf 86' lang='grc' dir='ltr'>τῆς</span> <span class='ocrx_word' id='word_1_761' title='bbox 2470 2515 2693 2586; x_wconf 79' lang='grc' dir='ltr'>σαρκὸς,</span> <span class='ocrx_word' id='word_1_762' title='bbox 2730 2515 2826 2567; x_wconf 74' lang='grc' dir='ltr'>καὶ</span> <span class='ocrx_word' id='word_1_763' title='bbox 2873 2514 3008 2586; x_wconf 85' lang='grc' dir='ltr'>πρὸς</span> <span class='ocrx_word' id='word_1_764' title='bbox 3046 2516 3137 2568; x_wconf 85' lang='grc' dir='ltr'>τὸν</span> <span class='ocrx_word' id='word_1_765' title='bbox 3178 2515 3399 2587; x_wconf 84' lang='grc' dir='ltr'>διηνεκῆ</span> <span class='ocrx_word' id='word_1_766' title='bbox 3442 2514 3695 2584; x_wconf 84' lang='grc' dir='ltr'>πολέμιον</span> <span class='ocrx_word' id='word_1_767' title='bbox 3719 2527 3746 2555; x_wconf 80' lang='grc' dir='ltr'><strong>ο</strong></span> 
     </span>
    </p>
   </div>
   <div class='ocr_carea' id='block_1_93' title="bbox 2070 2594 3746 2665">
    <p class='ocr_par' dir='ltr' id='par_1_93' title="bbox 2070 2594 3746 2665">
     <span class='ocr_line' id='line_1_93' title="bbox 2070 2594 3746 2665; baseline -0.001 -16"><span class='ocrx_word' id='word_1_768' title='bbox 2070 2596 2164 2649; x_wconf 74' lang='grc' dir='ltr'>τὸν</span> <span class='ocrx_word' id='word_1_769' title='bbox 2191 2594 2540 2664; x_wconf 84' lang='grc' dir='ltr'>ἐπικείμενον</span> <span class='ocrx_word' id='word_1_770' title='bbox 2576 2595 2730 2663; x_wconf 83' lang='grc' dir='ltr'>ἡμῖν,</span> <span class='ocrx_word' id='word_1_771' title='bbox 2756 2594 2852 2647; x_wconf 80' lang='grc' dir='ltr'>καὶ</span> <span class='ocrx_word' id='word_1_772' title='bbox 2877 2594 3222 2664; x_wconf 85' lang='grc' dir='ltr'>αἰχμάλωτον</span> <span class='ocrx_word' id='word_1_773' title='bbox 3249 2594 3405 2665; x_wconf 85' lang='grc' dir='ltr'>ἡμῶν</span> <span class='ocrx_word' id='word_1_774' title='bbox 3429 2594 3746 2663; x_wconf 70' lang='grc' dir='ltr'>ἀπεργαζόο</span> 
     </span>
    </p>
   </div>
   <div class='ocr_carea' id='block_1_94' title="bbox 2074 2672 3745 2746">
    <p class='ocr_par' dir='ltr' id='par_1_94' title="bbox 2074 2672 3745 2746">
     <span class='ocr_line' id='line_1_94' title="bbox 2074 2672 3745 2746; baseline 0.001 -19"><span class='ocrx_word' id='word_1_775' title='bbox 2074 2692 2233 2746; x_wconf 85' lang='grc' dir='ltr'>μενον</span> <span class='ocrx_word' id='word_1_776' title='bbox 2260 2674 2356 2746; x_wconf 77' lang='grc' dir='ltr'>τὴν</span> <span class='ocrx_word' id='word_1_777' title='bbox 2387 2673 2582 2745; x_wconf 72' lang='grc' dir='ltr'>ψυχὴν,</span> <span class='ocrx_word' id='word_1_778' title='bbox 2616 2674 2712 2726; x_wconf 84' lang='grc' dir='ltr'>ἐὰν</span> <span class='ocrx_word' id='word_1_779' title='bbox 2750 2674 2856 2727; x_wconf 74' lang='grc' dir='ltr'>κᾶν</span> <span class='ocrx_word' id='word_1_780' title='bbox 2893 2674 3028 2744; x_wconf 85' lang='grc' dir='ltr'>πρὸς</span> <span class='ocrx_word' id='word_1_781' title='bbox 3059 2672 3231 2744; x_wconf 83' lang='grc' dir='ltr'>βραχὺ</span> <span class='ocrx_word' id='word_1_782' title='bbox 3263 2672 3578 2745; x_wconf 77' lang='grc' dir='ltr'>ρᾳθυμῆσαι</span> <span class='ocrx_word' id='word_1_783' title='bbox 3616 2674 3745 2743; x_wconf 75' lang='grc' dir='ltr'>βουο</span> 
     </span>
    </p>
   </div>
   <div class='ocr_carea' id='block_1_95' title="bbox 2070 2753 3746 2826">
    <p class='ocr_par' dir='ltr' id='par_1_95' title="bbox 2070 2753 3746 2826">
     <span class='ocr_line' id='line_1_95' title="bbox 2070 2753 3746 2826; baseline -0.002 -18"><span class='ocrx_word' id='word_1_784' title='bbox 2070 2755 2343 2826; x_wconf 83' lang='grc' dir='ltr'>ληθῶμεν.</span> <span class='ocrx_word' id='word_1_785' title='bbox 2373 2755 2467 2807; x_wconf 75' lang='grc' dir='ltr'>Διὸ</span> <span class='ocrx_word' id='word_1_786' title='bbox 2493 2754 2588 2807; x_wconf 72' lang='grc' dir='ltr'>καὶ</span> <span class='ocrx_word' id='word_1_787' title='bbox 2629 2755 2659 2806; x_wconf 91' lang='lat'>6</span> <span class='ocrx_word' id='word_1_788' title='bbox 2701 2755 2986 2825; x_wconf 83' lang='grc' dir='ltr'>προφήτης</span> <span class='ocrx_word' id='word_1_789' title='bbox 3024 2753 3187 2806; x_wconf 77' lang='grc' dir='ltr'>Δαυῒδ</span> <span class='ocrx_word' id='word_1_790' title='bbox 3222 2753 3493 2824; x_wconf 85' lang='grc' dir='ltr'>μακάριον</span> <span class='ocrx_word' id='word_1_791' title='bbox 3536 2755 3746 2807; x_wconf 87' lang='grc' dir='ltr'>ἐκεῖνον</span> 
     </span>
    </p>
   </div>
   <div class='ocr_carea' id='block_1_96' title="bbox 2070 2833 3747 2907">
    <p class='ocr_par' dir='ltr' id='par_1_96' title="bbox 2070 2833 3747 2907">
     <span class='ocr_line' id='line_1_96' title="bbox 2070 2833 3747 2907; baseline 0 -19"><span class='ocrx_word' id='word_1_792' title='bbox 2070 2837 2295 2890; x_wconf 84' lang='grc' dir='ltr'>ἐκάλεσε</span> <span class='ocrx_word' id='word_1_793' title='bbox 2328 2835 2420 2888; x_wconf 88' lang='grc' dir='ltr'>τὸν</span> <span class='ocrx_word' id='word_1_794' title='bbox 2456 2835 2516 2888; x_wconf 85' lang='grc' dir='ltr'>ἐν</span> <span class='ocrx_word' id='word_1_795' title='bbox 2541 2833 2617 2904; x_wconf 81' lang='grc' dir='ltr'>τῷ</span> <span class='ocrx_word' id='word_1_796' title='bbox 2644 2834 2792 2905; x_wconf 87' lang='grc' dir='ltr'>νόμῳ</span> <span class='ocrx_word' id='word_1_797' title='bbox 2820 2833 3018 2905; x_wconf 84' lang='grc' dir='ltr'>Κυρίου</span> <span class='ocrx_word' id='word_1_798' title='bbox 3060 2834 3369 2905; x_wconf 84' lang='grc' dir='ltr'>μελετῶντα</span> <span class='ocrx_word' id='word_1_799' title='bbox 3406 2835 3614 2907; x_wconf 82' lang='grc' dir='ltr'>ἡμέρας</span> <span class='ocrx_word' id='word_1_800' title='bbox 3648 2837 3747 2888; x_wconf 74' lang='grc' dir='ltr'>καὶ</span> 
     </span>
    </p>
   </div>
   <div class='ocr_carea' id='block_1_97' title="bbox 2070 2913 3745 2986">
    <p class='ocr_par' dir='ltr' id='par_1_97' title="bbox 2070 2913 3745 2986">
     <span class='ocr_line' id='line_1_97' title="bbox 2070 2913 3745 2986; baseline -0.002 -16"><span class='ocrx_word' id='word_1_801' title='bbox 2070 2917 2281 2979; x_wconf 84' lang='grc' dir='ltr'>νυκτός’</span> <span class='ocrx_word' id='word_1_802' title='bbox 2334 2916 2428 2970; x_wconf 72' lang='grc' dir='ltr'>καὶ</span> <span class='ocrx_word' id='word_1_803' title='bbox 2458 2917 2487 2968; x_wconf 90' lang='lat'>6</span> <span class='ocrx_word' id='word_1_804' title='bbox 2533 2916 2798 2986; x_wconf 85' lang='grc' dir='ltr'>μακάριος</span> <span class='ocrx_word' id='word_1_805' title='bbox 2830 2915 2889 2967; x_wconf 81' lang='grc' dir='ltr'>δὲ</span> <span class='ocrx_word' id='word_1_806' title='bbox 2917 2915 3175 2985; x_wconf 84' lang='grc' dir='ltr'>Μωῦσῆς,</span> <span class='ocrx_word' id='word_1_807' title='bbox 3216 2913 3489 2968; x_wconf 86' lang='grc' dir='ltr'>παιδεύων</span> <span class='ocrx_word' id='word_1_808' title='bbox 3534 2914 3595 2967; x_wconf 86' lang='lat'>16</span> <span class='ocrx_word' id='word_1_809' title='bbox 3632 2915 3745 2968; x_wconf 86' lang='grc' dir='ltr'>τῶν</span> 
     </span>
    </p>
   </div>
   <div class='ocr_carea' id='block_1_98' title="bbox 2083 2992 3743 3064">
    <p class='ocr_par' dir='ltr' id='par_1_98' title="bbox 2083 2992 3743 3064">
     <span class='ocr_line' id='line_1_98' title="bbox 2083 2992 3743 3064; baseline -0.003 -13"><span class='ocrx_word' id='word_1_810' title='bbox 2083 2996 2349 3051; x_wconf 83' lang='grc' dir='ltr'>Ἰουδαίων</span> <span class='ocrx_word' id='word_1_811' title='bbox 2400 2994 2571 3058; x_wconf 75' lang='grc' dir='ltr'>ἔθνος,</span> <span class='ocrx_word' id='word_1_812' title='bbox 2613 2993 2890 3048; x_wconf 85' lang='grc' dir='ltr'>ἐδίδασκεν</span> <span class='ocrx_word' id='word_1_813' title='bbox 2930 2994 3125 3057; x_wconf 84' lang='grc' dir='ltr'>αὐτοὺς</span> <span class='ocrx_word' id='word_1_814' title='bbox 3164 2993 3360 3061; x_wconf 85' lang='grc' dir='ltr'>λέγων,</span> <span class='ocrx_word' id='word_1_815' title='bbox 3408 2992 3615 3064; x_wconf 76' lang='grc' dir='ltr'>Φαγὼν</span> <span class='ocrx_word' id='word_1_816' title='bbox 3639 2994 3743 3047; x_wconf 73' lang='grc' dir='ltr'>καὶ</span> 
     </span>
    </p>
   </div>
   <div class='ocr_carea' id='block_1_99' title="bbox 2069 3073 3743 3144">
    <p class='ocr_par' dir='ltr' id='par_1_99' title="bbox 2069 3073 3743 3144">
     <span class='ocr_line' id='line_1_99' title="bbox 2069 3073 3743 3144; baseline 0 -14"><span class='ocrx_word' id='word_1_817' title='bbox 2069 3077 2241 3143; x_wconf 82' lang='grc' dir='ltr'>πιὼν,</span> <span class='ocrx_word' id='word_1_818' title='bbox 2292 3074 2391 3129; x_wconf 76' lang='grc' dir='ltr'>καί</span> <span class='ocrx_word' id='word_1_819' title='bbox 2424 3073 2815 3144; x_wconf 79' lang='grc' dir='ltr'>ἐμπλησθεὶς,</span> <span class='ocrx_word' id='word_1_820' title='bbox 2851 3073 3154 3143; x_wconf 66' lang='grc' dir='ltr'>μνήσθητι</span> <span class='ocrx_word' id='word_1_821' title='bbox 3190 3074 3414 3143; x_wconf 78' lang='lat' dir='ltr'>Kvplov</span> <span class='ocrx_word' id='word_1_822' title='bbox 3455 3074 3558 3128; x_wconf 84' lang='grc' dir='ltr'>τοῦ</span> <span class='ocrx_word' id='word_1_823' title='bbox 3590 3076 3743 3130; x_wconf 83' lang='grc' dir='ltr'>Θεοῦ</span> 
     </span>
    </p>
   </div>
   <div class='ocr_carea' id='block_1_100' title="bbox 2068 3152 3743 3227">
    <p class='ocr_par' dir='ltr' id='par_1_100' title="bbox 2068 3152 3743 3227">
     <span class='ocr_line' id='line_1_100' title="bbox 2068 3152 3743 3227; baseline -0.002 -18"><span class='ocrx_word' id='word_1_824' title='bbox 2068 3172 2205 3209; x_wconf 85' lang='grc' dir='ltr'>σου.</span> <span class='ocrx_word' id='word_1_825' title='bbox 2256 3156 2419 3227; x_wconf 81' lang='grc' dir='ltr'>Ὁρᾷς</span> <span class='ocrx_word' id='word_1_826' title='bbox 2458 3152 2576 3216; x_wconf 88' lang='grc' dir='ltr'>πῶς</span> <span class='ocrx_word' id='word_1_827' title='bbox 2606 3154 2701 3206; x_wconf 72' lang='grc' dir='ltr'>καὶ</span> <span class='ocrx_word' id='word_1_828' title='bbox 2728 3153 2849 3205; x_wconf 90' lang='grc' dir='ltr'>τότε</span> <span class='ocrx_word' id='word_1_829' title='bbox 2889 3153 3125 3223; x_wconf 84' lang='grc' dir='ltr'>μάλιστα</span> <span class='ocrx_word' id='word_1_830' title='bbox 3158 3154 3447 3224; x_wconf 89' lang='grc' dir='ltr'>προσήκει,</span> <span class='ocrx_word' id='word_1_831' title='bbox 3482 3155 3613 3223; x_wconf 88' lang='grc' dir='ltr'>μετά</span> <span class='ocrx_word' id='word_1_832' title='bbox 3641 3156 3743 3223; x_wconf 71' lang='grc' dir='ltr'>τὴν</span> 
     </span>
    </p>
   </div>
   <div class='ocr_carea' id='block_1_101' title="bbox 2068 3231 3742 3306">
    <p class='ocr_par' dir='ltr' id='par_1_101' title="bbox 2068 3231 3742 3306">
     <span class='ocr_line' id='line_1_101' title="bbox 2068 3231 3742 3306; baseline -0.001 -20"><span class='ocrx_word' id='word_1_833' title='bbox 2068 3236 2169 3305; x_wconf 84' lang='grc' dir='ltr'>τῆς</span> <span class='ocrx_word' id='word_1_834' title='bbox 2199 3234 2405 3306; x_wconf 85' lang='grc' dir='ltr'>τροφῆς</span> <span class='ocrx_word' id='word_1_835' title='bbox 2440 3232 2756 3294; x_wconf 88' lang='grc' dir='ltr'>ἀπόλαυσιν,</span> <span class='ocrx_word' id='word_1_836' title='bbox 2786 3232 2884 3301; x_wconf 75' lang='grc' dir='ltr'>τὴν</span> <span class='ocrx_word' id='word_1_837' title='bbox 2921 3231 3295 3303; x_wconf 78' lang='grc' dir='ltr'>πνευματικὴν</span> <span class='ocrx_word' id='word_1_838' title='bbox 3330 3233 3569 3286; x_wconf 88' lang='grc' dir='ltr'>ἑστίασιν</span> <span class='ocrx_word' id='word_1_839' title='bbox 3608 3235 3742 3286; x_wconf 84' lang='grc' dir='ltr'>ἐαυ-</span> 
     </span>
    </p>
   </div>
   <div class='ocr_carea' id='block_1_102' title="bbox 2069 3311 3741 3383">
    <p class='ocr_par' dir='ltr' id='par_1_102' title="bbox 2069 3311 3741 3383">
     <span class='ocr_line' id='line_1_102' title="bbox 2069 3311 3741 3383; baseline -0.002 -15"><span class='ocrx_word' id='word_1_840' title='bbox 2069 3318 2179 3377; x_wconf 90' lang='grc' dir='ltr'>τοῖς</span> <span class='ocrx_word' id='word_1_841' title='bbox 2211 3312 2591 3382; x_wconf 86' lang='grc' dir='ltr'>παρατιθέναι,</span> <span class='ocrx_word' id='word_1_842' title='bbox 2614 3311 2705 3364; x_wconf 79' lang='grc' dir='ltr'>ἵνα</span> <span class='ocrx_word' id='word_1_843' title='bbox 2727 3311 2860 3381; x_wconf 82' lang='grc' dir='ltr'>μηδέ</span> <span class='ocrx_word' id='word_1_844' title='bbox 2886 3311 3025 3380; x_wconf 83' lang='grc' dir='ltr'>μετὰ</span> <span class='ocrx_word' id='word_1_845' title='bbox 3048 3312 3147 3381; x_wconf 80' lang='grc' dir='ltr'>τὴν</span> <span class='ocrx_word' id='word_1_846' title='bbox 3170 3312 3492 3383; x_wconf 77' lang='grc' dir='ltr'>πλησμονὴν</span> <span class='ocrx_word' id='word_1_847' title='bbox 3515 3312 3609 3382; x_wconf 90' lang='grc' dir='ltr'>τῆς</span> <span class='ocrx_word' id='word_1_848' title='bbox 3629 3331 3741 3365; x_wconf 87' lang='grc' dir='ltr'>σω-</span> 
     </span>
    </p>
   </div>
   <div class='ocr_carea' id='block_1_103' title="bbox 2073 3389 3743 3466">
    <p class='ocr_par' dir='ltr' id='par_1_103' title="bbox 2073 3389 3743 3466">
     <span class='ocr_line' id='line_1_103' title="bbox 2073 3389 3743 3466; baseline -0.002 -18"><span class='ocrx_word' id='word_1_849' title='bbox 2073 3396 2306 3466; x_wconf 88' lang='grc' dir='ltr'>ματικῆς</span> <span class='ocrx_word' id='word_1_850' title='bbox 2334 3394 2540 3464; x_wconf 84' lang='grc' dir='ltr'>τροφῆς</span> <span class='ocrx_word' id='word_1_851' title='bbox 2578 3392 2972 3463; x_wconf 75' lang='grc' dir='ltr'>ρᾳθυμήσαντα</span> <span class='ocrx_word' id='word_1_852' title='bbox 3014 3391 3047 3457; x_wconf 86' lang='grc' dir='ltr'>ἡ</span> <span class='ocrx_word' id='word_1_853' title='bbox 3079 3389 3225 3461; x_wconf 78' lang='grc' dir='ltr'>ψυχὴ</span> <span class='ocrx_word' id='word_1_854' title='bbox 3263 3393 3344 3452; x_wconf 90' lang='grc' dir='ltr'>εἰς</span> <span class='ocrx_word' id='word_1_855' title='bbox 3372 3391 3590 3462; x_wconf 75' lang='grc' dir='ltr'>ὄλεθρόν</span> <span class='ocrx_word' id='word_1_856' title='bbox 3616 3408 3743 3445; x_wconf 81' lang='grc' dir='ltr'>τινα</span> 
     </span>
    </p>
   </div>
   <div class='ocr_carea' id='block_1_104' title="bbox 2069 3467 3737 3545">
    <p class='ocr_par' dir='ltr' id='par_1_104' title="bbox 2069 3467 3737 3545">
     <span class='ocr_line' id='line_1_104' title="bbox 2069 3467 3737 3545; baseline -0.002 -19"><span class='ocrx_word' id='word_1_857' title='bbox 2069 3475 2278 3545; x_wconf 82' lang='grc' dir='ltr'>ἐκπέσῃ</span> <span class='ocrx_word' id='word_1_858' title='bbox 2315 3472 2360 3536; x_wconf 73' lang='grc' dir='ltr'>τ,</span> <span class='ocrx_word' id='word_1_859' title='bbox 2408 3473 2503 3525; x_wconf 81' lang='grc' dir='ltr'>καὶ</span> <span class='ocrx_word' id='word_1_860' title='bbox 2559 3470 2740 3542; x_wconf 88' lang='grc' dir='ltr'>χώραν</span> <span class='ocrx_word' id='word_1_861' title='bbox 2769 3469 2844 3539; x_wconf 82' lang='grc' dir='ltr'>δῷ</span> <span class='ocrx_word' id='word_1_862' title='bbox 2884 3472 3002 3532; x_wconf 85' lang='grc' dir='ltr'>ταῖς</span> <span class='ocrx_word' id='word_1_863' title='bbox 3038 3467 3133 3521; x_wconf 81' lang='grc' dir='ltr'>τοῦ</span> <span class='ocrx_word' id='word_1_864' title='bbox 3167 3469 3413 3522; x_wconf 86' lang='grc' dir='ltr'>διαϐόλου</span> <span class='ocrx_word' id='word_1_865' title='bbox 3448 3474 3737 3541; x_wconf 85' lang='grc' dir='ltr'>μηχαναῖς,</span> 
     </span>
    </p>
   </div>
   <div class='ocr_carea' id='block_1_105' title="bbox 2069 3548 3741 3623">
    <p class='ocr_par' dir='ltr' id='par_1_105' title="bbox 2069 3548 3741 3623">
     <span class='ocr_line' id='line_1_105' title="bbox 2069 3548 3741 3623; baseline -0.002 -16"><span class='ocrx_word' id='word_1_866' title='bbox 2069 3554 2246 3607; x_wconf 84' lang='grc' dir='ltr'>πάντα</span> <span class='ocrx_word' id='word_1_867' title='bbox 2269 3551 2456 3623; x_wconf 79' lang='grc' dir='ltr'>καιρὸν</span> <span class='ocrx_word' id='word_1_868' title='bbox 2476 3548 2862 3620; x_wconf 75' lang='grc' dir='ltr'>ἐπιτηροῦντας</span> <span class='ocrx_word' id='word_1_869' title='bbox 2890 3549 2984 3601; x_wconf 73' lang='grc' dir='ltr'>καὶ</span> <span class='ocrx_word' id='word_1_870' title='bbox 3009 3548 3334 3617; x_wconf 85' lang='grc' dir='ltr'>βουλομένου</span> <span class='ocrx_word' id='word_1_871' title='bbox 3359 3550 3580 3622; x_wconf 82' lang='grc' dir='ltr'>καιρίαν</span> <span class='ocrx_word' id='word_1_872' title='bbox 3607 3552 3741 3620; x_wconf 82' lang='grc' dir='ltr'>ἡμῖν</span> 
     </span>
    </p>
   </div>
   <div class='ocr_carea' id='block_1_106' title="bbox 2066 3627 3739 3701">
    <p class='ocr_par' dir='ltr' id='par_1_106' title="bbox 2066 3627 3739 3701">
     <span class='ocr_line' id='line_1_106' title="bbox 2066 3627 3739 3701; baseline -0.001 -17"><span class='ocrx_word' id='word_1_873' title='bbox 2066 3630 2248 3685; x_wconf 80' lang='grc' dir='ltr'>δοῦναι</span> <span class='ocrx_word' id='word_1_874' title='bbox 2281 3630 2378 3701; x_wconf 81' lang='grc' dir='ltr'>τὴν</span> <span class='ocrx_word' id='word_1_875' title='bbox 2410 3629 2661 3698; x_wconf 87' lang='grc' dir='ltr'>πληγήν;</span> <span class='ocrx_word' id='word_1_876' title='bbox 2695 3629 2806 3680; x_wconf 70' lang='grc' dir='ltr'>Καὶ</span> <span class='ocrx_word' id='word_1_877' title='bbox 2837 3627 2999 3680; x_wconf 83' lang='grc' dir='ltr'>πάλιν</span> <span class='ocrx_word' id='word_1_878' title='bbox 3028 3627 3086 3680; x_wconf 90' lang='grc' dir='ltr'>δέ</span> <span class='ocrx_word' id='word_1_879' title='bbox 3118 3627 3348 3699; x_wconf 82' lang='grc' dir='ltr'>ἑτέρωθι</span> <span class='ocrx_word' id='word_1_880' title='bbox 3373 3629 3556 3698; x_wconf 81' lang='grc' dir='ltr'>ἔλεγεν</span> <span class='ocrx_word' id='word_1_881' title='bbox 3582 3630 3610 3680; x_wconf 87' lang='grc' dir='ltr'><strong>ὁ</strong></span> <span class='ocrx_word' id='word_1_882' title='bbox 3641 3632 3739 3683; x_wconf 87' lang='grc' dir='ltr'>αὑ-</span> 
     </span>
    </p>
   </div>
   <div class='ocr_carea' id='block_1_107' title="bbox 2064 3705 3739 3780">
    <p class='ocr_par' dir='ltr' id='par_1_107' title="bbox 2064 3705 3739 3780">
     <span class='ocr_line' id='line_1_107' title="bbox 2064 3705 3739 3780; baseline -0.001 -16"><span class='ocrx_word' id='word_1_883' title='bbox 2064 3711 2157 3774; x_wconf 82' lang='grc' dir='ltr'>τὸς</span> <span class='ocrx_word' id='word_1_884' title='bbox 2186 3705 2341 3774; x_wconf 71' lang='grc' dir='ltr'>οὗτος</span> <span class='ocrx_word' id='word_1_885' title='bbox 2376 3710 2681 3780; x_wconf 84' lang='grc' dir='ltr'>προφήτης·</span> <span class='ocrx_word' id='word_1_886' title='bbox 2707 3706 3117 3776; x_wconf 80' lang='grc' dir='ltr'>Κοιταζόμενοι</span> <span class='ocrx_word' id='word_1_887' title='bbox 3161 3707 3260 3761; x_wconf 84' lang='grc' dir='ltr'>καί</span> <span class='ocrx_word' id='word_1_888' title='bbox 3292 3707 3739 3778; x_wconf 77' lang='grc' dir='ltr'>διανιστάμενοι</span> 
     </span>
    </p>
   </div>
   <div class='ocr_carea' id='block_1_108' title="bbox 2060 3783 3739 3861">
    <p class='ocr_par' dir='ltr' id='par_1_108' title="bbox 2060 3783 3739 3861">
     <span class='ocr_line' id='line_1_108' title="bbox 2060 3783 3739 3861; baseline -0.003 -16"><span class='ocrx_word' id='word_1_889' title='bbox 2060 3791 2469 3861; x_wconf 75' lang='grc' dir='ltr'>μνημονεύετε</span> <span class='ocrx_word' id='word_1_890' title='bbox 2503 3789 2726 3855; x_wconf 80' lang='grc' dir='ltr'>Κυρίου</span> <span class='ocrx_word' id='word_1_891' title='bbox 2753 3786 2860 3841; x_wconf 89' lang='grc' dir='ltr'>τοῦ</span> <span class='ocrx_word' id='word_1_892' title='bbox 2885 3787 3033 3841; x_wconf 84' lang='grc' dir='ltr'>Θεοῦ</span> <span class='ocrx_word' id='word_1_893' title='bbox 3055 3785 3238 3857; x_wconf 78' lang='grc' dir='ltr'>ὑμῶν.</span> <span class='ocrx_word' id='word_1_894' title='bbox 3272 3784 3430 3849; x_wconf 79' lang='grc' dir='ltr'>Εἶδες</span> <span class='ocrx_word' id='word_1_895' title='bbox 3459 3783 3572 3861; x_wconf 68' lang='grc' dir='ltr'>πῶς</span> <span class='ocrx_word' id='word_1_896' title='bbox 3596 3789 3739 3842; x_wconf 86' lang='grc' dir='ltr'>οὐδέ-</span> 
     </span>
    </p>
   </div>
   <div class='ocr_carea' id='block_1_109' title="bbox 2066 3860 3738 3943">
    <p class='ocr_par' dir='ltr' id='par_1_109' title="bbox 2066 3860 3738 3943">
     <span class='ocr_line' id='line_1_109' title="bbox 2066 3860 3738 3943; baseline -0.002 -20"><span class='ocrx_word' id='word_1_897' title='bbox 2066 3860 2196 3924; x_wconf 85' lang='grc' dir='ltr'>ποτε</span> <span class='ocrx_word' id='word_1_898' title='bbox 2243 3871 2389 3943; x_wconf 84' lang='grc' dir='ltr'>ἡμᾶς</span> <span class='ocrx_word' id='word_1_899' title='bbox 2423 3869 2687 3942; x_wconf 88' lang='grc' dir='ltr'>προσήκει</span> <span class='ocrx_word' id='word_1_900' title='bbox 2719 3867 2818 3939; x_wconf 84' lang='grc' dir='ltr'>τὴν</span> <span class='ocrx_word' id='word_1_901' title='bbox 2850 3867 3070 3937; x_wconf 89' lang='grc' dir='ltr'>μνήμην</span> <span class='ocrx_word' id='word_1_902' title='bbox 3106 3865 3310 3936; x_wconf 87' lang='grc' dir='ltr'>ταύτην</span> <span class='ocrx_word' id='word_1_903' title='bbox 3359 3860 3607 3921; x_wconf 81' lang='grc' dir='ltr'>ἐκϐαλεῖν</span> <span class='ocrx_word' id='word_1_904' title='bbox 3639 3869 3738 3939; x_wconf 77' lang='grc' dir='ltr'>τῆς</span> 
     </span>
    </p>
   </div>
   <div class='ocr_carea' id='block_1_110' title="bbox 2064 3944 3737 4019">
    <p class='ocr_par' dir='ltr' id='par_1_110' title="bbox 2064 3944 3737 4019">
     <span class='ocr_line' id='line_1_110' title="bbox 2064 3944 3737 4019; baseline -0.001 -18"><span class='ocrx_word' id='word_1_905' title='bbox 2064 3948 2261 4019; x_wconf 78' lang='grc' dir='ltr'>ψυχῆς,</span> <span class='ocrx_word' id='word_1_906' title='bbox 2316 3947 2429 4001; x_wconf 81' lang='grc' dir='ltr'>ἀλλ’</span> <span class='ocrx_word' id='word_1_907' title='bbox 2478 3945 2961 4015; x_wconf 84' lang='grc' dir='ltr'>ἐγκεκολαμμένην</span> <span class='ocrx_word' id='word_1_908' title='bbox 3015 3945 3158 4014; x_wconf 82' lang='grc' dir='ltr'>ἔχειν</span> <span class='ocrx_word' id='word_1_909' title='bbox 3205 3944 3283 4015; x_wconf 83' lang='grc' dir='ltr'>τῷ</span> <span class='ocrx_word' id='word_1_910' title='bbox 3330 3946 3610 4011; x_wconf 78' lang='grc' dir='ltr'>συνειδότι,</span> <span class='ocrx_word' id='word_1_911' title='bbox 3642 3949 3737 3999; x_wconf 75' lang='grc' dir='ltr'>καὶ</span> 
     </span>
    </p>
   </div>
   <div class='ocr_carea' id='block_1_111' title="bbox 2063 4019 3732 4100">
    <p class='ocr_par' dir='ltr' id='par_1_111' title="bbox 2063 4019 3732 4100">
     <span class='ocr_line' id='line_1_111' title="bbox 2063 4019 3732 4100; baseline -0.001 -19"><span class='ocrx_word' id='word_1_912' title='bbox 2063 4027 2324 4098; x_wconf 89' lang='grc' dir='ltr'>διηνεκῶς</span> <span class='ocrx_word' id='word_1_913' title='bbox 2350 4026 2673 4095; x_wconf 86' lang='grc' dir='ltr'>ἐναγωνίους</span> <span class='ocrx_word' id='word_1_914' title='bbox 2698 4019 2855 4087; x_wconf 76' lang='grc' dir='ltr'>εἶναι,</span> <span class='ocrx_word' id='word_1_915' title='bbox 2880 4024 2974 4077; x_wconf 63' lang='grc' dir='ltr'>καί¹</span> <span class='ocrx_word' id='word_1_916' title='bbox 3007 4022 3273 4095; x_wconf 86' lang='grc' dir='ltr'>μηδέποτε</span> <span class='ocrx_word' id='word_1_917' title='bbox 3301 4024 3591 4095; x_wconf 79' lang='grc' dir='ltr'>ἀνακωχὴν</span> <span class='ocrx_word' id='word_1_918' title='bbox 3617 4025 3732 4100; x_wconf 66' lang='lat'>[8&#39;2]</span> 
     </span>
    </p>
   </div>
   <div class='ocr_carea' id='block_1_112' title="bbox 2064 4100 3735 4176">
    <p class='ocr_par' dir='ltr' id='par_1_112' title="bbox 2064 4100 3735 4176">
     <span class='ocr_line' id='line_1_112' title="bbox 2064 4100 3735 4176; baseline -0.001 -17"><span class='ocrx_word' id='word_1_919' title='bbox 2064 4108 2275 4169; x_wconf 90' lang='grc' dir='ltr'>ἐαυτοῖς</span> <span class='ocrx_word' id='word_1_920' title='bbox 2309 4105 2586 4176; x_wconf 88' lang='grc' dir='ltr'>παρέχειν,</span> <span class='ocrx_word' id='word_1_921' title='bbox 2617 4102 2752 4155; x_wconf 88' lang='grc' dir='ltr'>ἀλλά</span> <span class='ocrx_word' id='word_1_922' title='bbox 2778 4103 2877 4173; x_wconf 84' lang='grc' dir='ltr'>τὴν</span> <span class='ocrx_word' id='word_1_923' title='bbox 2908 4102 3102 4172; x_wconf 85' lang='grc' dir='ltr'>μανίαν</span> <span class='ocrx_word' id='word_1_924' title='bbox 3128 4100 3335 4165; x_wconf 86' lang='grc' dir='ltr'>εἰδότας</span> <span class='ocrx_word' id='word_1_925' title='bbox 3360 4101 3451 4155; x_wconf 90' lang='grc' dir='ltr'>τοῦ</span> <span class='ocrx_word' id='word_1_926' title='bbox 3474 4105 3574 4174; x_wconf 80' lang='grc' dir='ltr'>τὴν</span> <span class='ocrx_word' id='word_1_927' title='bbox 3597 4105 3735 4175; x_wconf 86' lang='grc' dir='ltr'>πρὸς</span> 
     </span>
    </p>
   </div>
   <div class='ocr_carea' id='block_1_113' title="bbox 2064 4179 3735 4257">
    <p class='ocr_par' dir='ltr' id='par_1_113' title="bbox 2064 4179 3735 4257">
     <span class='ocr_line' id='line_1_113' title="bbox 2064 4179 3735 4257; baseline -0.001 -18"><span class='ocrx_word' id='word_1_928' title='bbox 2064 4188 2211 4257; x_wconf 82' lang='grc' dir='ltr'>ἡμᾶς</span> <span class='ocrx_word' id='word_1_929' title='bbox 2266 4184 2464 4255; x_wconf 80' lang='grc' dir='ltr'>ἔχθραν</span> <span class='ocrx_word' id='word_1_930' title='bbox 2509 4183 2806 4253; x_wconf 85' lang='grc' dir='ltr'>ἀραμένου.</span> <span class='ocrx_word' id='word_1_931' title='bbox 2835 4182 3026 4250; x_wconf 81' lang='grc' dir='ltr'>νήφειν</span> <span class='ocrx_word' id='word_1_932' title='bbox 3059 4179 3154 4233; x_wconf 75' lang='grc' dir='ltr'>καὶ</span> <span class='ocrx_word' id='word_1_933' title='bbox 3199 4182 3582 4252; x_wconf 87' lang='grc' dir='ltr'>ἐγρηγορέναι,</span> <span class='ocrx_word' id='word_1_934' title='bbox 3640 4187 3735 4238; x_wconf 70' lang='grc' dir='ltr'>καὶ</span> 
     </span>
    </p>
   </div>
   <div class='ocr_carea' id='block_1_114' title="bbox 2061 4259 3733 4334">
    <p class='ocr_par' dir='ltr' id='par_1_114' title="bbox 2061 4259 3733 4334">
     <span class='ocr_line' id='line_1_114' title="bbox 2061 4259 3733 4334; baseline -0.001 -17"><span class='ocrx_word' id='word_1_935' title='bbox 2061 4263 2425 4334; x_wconf 75' lang='grc' dir='ltr'>ἀποτειχίζειν</span> <span class='ocrx_word' id='word_1_936' title='bbox 2454 4260 2604 4331; x_wconf 89' lang='grc' dir='ltr'>αὑτῷ</span> <span class='ocrx_word' id='word_1_937' title='bbox 2644 4259 2745 4324; x_wconf 75' lang='grc' dir='ltr'>τὰς</span> <span class='ocrx_word' id='word_1_938' title='bbox 2787 4259 3029 4329; x_wconf 87' lang='grc' dir='ltr'>ἐφόδους,</span> <span class='ocrx_word' id='word_1_939' title='bbox 3067 4261 3162 4313; x_wconf 75' lang='grc' dir='ltr'>καὶ</span> <span class='ocrx_word' id='word_1_940' title='bbox 3193 4260 3461 4329; x_wconf 82' lang='grc' dir='ltr'>μηδέποτε</span> <span class='ocrx_word' id='word_1_941' title='bbox 3510 4261 3733 4332; x_wconf 82' lang='grc' dir='ltr'>ἀμελεῖν</span> 
     </span>
    </p>
   </div>
   <div class='ocr_carea' id='block_1_115' title="bbox 2061 4338 3732 4414">
    <p class='ocr_par' dir='ltr' id='par_1_115' title="bbox 2061 4338 3732 4414">
     <span class='ocr_line' id='line_1_115' title="bbox 2061 4338 3732 4414; baseline -0.007 -19"><span class='ocrx_word' id='word_1_942' title='bbox 2061 4345 2265 4414; x_wconf 80' lang='grc' dir='ltr'>τροφῆς</span> <span class='ocrx_word' id='word_1_943' title='bbox 2302 4341 2708 4412; x_wconf 81' lang='grc' dir='ltr'>πνευματικῆς;</span> <span class='ocrx_word' id='word_1_944' title='bbox 2741 4338 2898 4393; x_wconf 88' lang='grc' dir='ltr'>τοῦτο</span> <span class='ocrx_word' id='word_1_945' title='bbox 2919 4341 3027 4409; x_wconf 81' lang='grc' dir='ltr'>γὰρ</span> <span class='ocrx_word' id='word_1_946' title='bbox 3056 4338 3212 4409; x_wconf 82' lang='grc' dir='ltr'>ἡμῶν</span> <span class='ocrx_word' id='word_1_947' title='bbox 3244 4341 3277 4411; x_wconf 84' lang='grc' dir='ltr'>ἡ</span> <span class='ocrx_word' id='word_1_948' title='bbox 3309 4341 3573 4413; x_wconf 85' lang='grc' dir='ltr'>σωτηρία,</span> <span class='ocrx_word' id='word_1_949' title='bbox 3603 4341 3732 4395; x_wconf 86' lang='grc' dir='ltr'>τοῦ-</span> 
     </span>
    </p>
   </div>
   <div class='ocr_carea' id='block_1_116' title="bbox 2057 4417 3733 4489">
    <p class='ocr_par' dir='ltr' id='par_1_116' title="bbox 2057 4417 3733 4489">
     <span class='ocr_line' id='line_1_116' title="bbox 2057 4417 3733 4489; baseline -0.001 -12"><span class='ocrx_word' id='word_1_950' title='bbox 2057 4440 2122 4477; x_wconf 89' lang='grc' dir='ltr'>το</span> <span class='ocrx_word' id='word_1_951' title='bbox 2170 4425 2200 4475; x_wconf 89' lang='lat'>6</span> <span class='ocrx_word' id='word_1_952' title='bbox 2255 4420 2484 4482; x_wconf 88' lang='grc' dir='ltr'>πλοῦτος</span> <span class='ocrx_word' id='word_1_953' title='bbox 2517 4421 2546 4471; x_wconf 84' lang='lat'>6</span> <span class='ocrx_word' id='word_1_954' title='bbox 2590 4419 2978 4489; x_wconf 84' lang='grc' dir='ltr'>πνευματικὸς,</span> <span class='ocrx_word' id='word_1_955' title='bbox 3018 4417 3176 4471; x_wconf 87' lang='grc' dir='ltr'>τοῦτο</span> <span class='ocrx_word' id='word_1_956' title='bbox 3205 4420 3238 4489; x_wconf 85' lang='grc' dir='ltr'>ἡ</span> <span class='ocrx_word' id='word_1_957' title='bbox 3271 4419 3563 4487; x_wconf 84' lang='grc' dir='ltr'>ἀσφάλεια.</span> <span class='ocrx_word' id='word_1_958' title='bbox 3606 4420 3733 4475; x_wconf 77' lang='grc' dir='ltr'>Ἐάν</span> 
     </span>
    </p>
   </div>
   <div class='ocr_carea' id='block_1_117' title="bbox 2058 4496 3731 4568">
    <p class='ocr_par' dir='ltr' id='par_1_117' title="bbox 2058 4496 3731 4568">
     <span class='ocr_line' id='line_1_117' title="bbox 2058 4496 3731 4568; baseline -0.001 -12"><span class='ocrx_word' id='word_1_959' title='bbox 2058 4503 2230 4565; x_wconf 83' lang='grc' dir='ltr'>οὓτως</span> <span class='ocrx_word' id='word_1_960' title='bbox 2264 4499 2487 4562; x_wconf 82' lang='grc' dir='ltr'>ἐαυτοὺς</span> <span class='ocrx_word' id='word_1_961' title='bbox 2520 4496 2641 4551; x_wconf 86' lang='grc' dir='ltr'>καθ’</span> <span class='ocrx_word' id='word_1_962' title='bbox 2673 4499 2909 4567; x_wconf 78' lang='grc' dir='ltr'>ἑκάστην</span> <span class='ocrx_word' id='word_1_963' title='bbox 2952 4498 3165 4568; x_wconf 78' lang='grc' dir='ltr'>ἡμέραν</span> <span class='ocrx_word' id='word_1_964' title='bbox 3193 4497 3519 4568; x_wconf 77' lang='grc' dir='ltr'>τειχίζωμεν</span> <span class='ocrx_word' id='word_1_965' title='bbox 3547 4501 3595 4565; x_wconf 78' lang='grc' dir='ltr'>ε,</span> <span class='ocrx_word' id='word_1_966' title='bbox 3634 4504 3731 4554; x_wconf 75' lang='grc' dir='ltr'>καὶ</span> 
     </span>
    </p>
   </div>
   <div class='ocr_carea' id='block_1_118' title="bbox 2058 4574 3730 4649">
    <p class='ocr_par' dir='ltr' id='par_1_118' title="bbox 2058 4574 3730 4649">
     <span class='ocr_line' id='line_1_118' title="bbox 2058 4574 3730 4649; baseline -0.009 -13"><span class='ocrx_word' id='word_1_967' title='bbox 2058 4583 2123 4636; x_wconf 81' lang='grc' dir='ltr'>δι’</span> <span class='ocrx_word' id='word_1_968' title='bbox 2155 4580 2530 4649; x_wconf 82' lang='grc' dir='ltr'>ἀναγνώσεως,</span> <span class='ocrx_word' id='word_1_969' title='bbox 2555 4578 2649 4631; x_wconf 73' lang='grc' dir='ltr'>καὶ</span> <span class='ocrx_word' id='word_1_970' title='bbox 2672 4577 2737 4629; x_wconf 83' lang='grc' dir='ltr'>δι’</span> <span class='ocrx_word' id='word_1_971' title='bbox 2764 4577 3100 4646; x_wconf 85' lang='grc' dir='ltr'>ἀκροάσεως,</span> <span class='ocrx_word' id='word_1_972' title='bbox 3125 4575 3219 4629; x_wconf 81' lang='grc' dir='ltr'>καί</span> <span class='ocrx_word' id='word_1_973' title='bbox 3246 4574 3534 4641; x_wconf 80' lang='grc' dir='ltr'>διαλέξεως</span> <span class='ocrx_word' id='word_1_974' title='bbox 3562 4596 3730 4631; x_wconf 85' lang='grc' dir='ltr'>πνευ-</span> 
     </span>
    </p>
   </div>
   <div class='ocr_carea' id='block_1_119' title="bbox 2063 4655 3729 4734">
    <p class='ocr_par' dir='ltr' id='par_1_119' title="bbox 2063 4655 3729 4734">
     <span class='ocr_line' id='line_1_119' title="bbox 2063 4655 3729 4734; baseline -0.002 -19"><span class='ocrx_word' id='word_1_975' title='bbox 2063 4663 2320 4734; x_wconf 88' lang='grc' dir='ltr'>ματικῆς,</span> <span class='ocrx_word' id='word_1_976' title='bbox 2341 4657 2679 4728; x_wconf 84' lang='grc' dir='ltr'>δυνησόμεθα</span> <span class='ocrx_word' id='word_1_977' title='bbox 2706 4658 2798 4710; x_wconf 83' lang='grc' dir='ltr'>καὶ</span> <span class='ocrx_word' id='word_1_978' title='bbox 2830 4656 2983 4709; x_wconf 73' lang='grc' dir='ltr'>αὐτοὶ</span> <span class='ocrx_word' id='word_1_979' title='bbox 3014 4655 3303 4734; x_wconf 83' lang='grc' dir='ltr'>ἀχείρωτοι</span> <span class='ocrx_word' id='word_1_980' title='bbox 3326 4656 3597 4724; x_wconf 89' lang='grc' dir='ltr'>γενέσθαι,</span> <span class='ocrx_word' id='word_1_981' title='bbox 3633 4660 3729 4711; x_wconf 80' lang='grc' dir='ltr'>καὶ</span> 
     </span>
    </p>
   </div>
   <div class='ocr_carea' id='block_1_120' title="bbox 2057 4732 3724 4813">
    <p class='ocr_par' dir='ltr' id='par_1_120' title="bbox 2057 4732 3724 4813">
     <span class='ocr_line' id='line_1_120' title="bbox 2057 4732 3724 4813; baseline -0.004 -18"><span class='ocrx_word' id='word_1_982' title='bbox 2057 4732 2150 4796; x_wconf 82' lang='grc' dir='ltr'>τοῦ</span> <span class='ocrx_word' id='word_1_983' title='bbox 2190 4739 2426 4813; x_wconf 89' lang='grc' dir='ltr'>πονηροῦ</span> <span class='ocrx_word' id='word_1_984' title='bbox 2464 4738 2716 4809; x_wconf 88' lang='grc' dir='ltr'>δαίμονος</span> <span class='ocrx_word' id='word_1_985' title='bbox 2753 4737 2933 4808; x_wconf 81' lang='grc' dir='ltr'>ἄκυρα</span> <span class='ocrx_word' id='word_1_986' title='bbox 2971 4735 3193 4805; x_wconf 89' lang='grc' dir='ltr'>ποιῆσαι</span> <span class='ocrx_word' id='word_1_987' title='bbox 3236 4732 3307 4788; x_wconf 84' lang='grc' dir='ltr'>τὰ</span> <span class='ocrx_word' id='word_1_988' title='bbox 3338 4736 3724 4806; x_wconf 86' lang='grc' dir='ltr'>μηχανήματα,</span> 
     </span>
    </p>
   </div>
   <div class='ocr_carea' id='block_1_121' title="bbox 2058 4814 3728 4891">
    <p class='ocr_par' dir='ltr' id='par_1_121' title="bbox 2058 4814 3728 4891">
     <span class='ocr_line' id='line_1_121' title="bbox 2058 4814 3728 4891; baseline -0.004 -16"><span class='ocrx_word' id='word_1_989' title='bbox 2058 4824 2152 4875; x_wconf 79' lang='grc' dir='ltr'>καὶ</span> <span class='ocrx_word' id='word_1_990' title='bbox 2197 4821 2294 4891; x_wconf 85' lang='grc' dir='ltr'>τῆς</span> <span class='ocrx_word' id='word_1_991' title='bbox 2338 4818 2446 4871; x_wconf 77' lang='grc' dir='ltr'>τῶν</span> <span class='ocrx_word' id='word_1_992' title='bbox 2477 4816 2724 4887; x_wconf 87' lang='grc' dir='ltr'>οὐρανῶν</span> <span class='ocrx_word' id='word_1_993' title='bbox 2754 4814 3029 4885; x_wconf 78' lang='grc' dir='ltr'>βασιλείας</span> <span class='ocrx_word' id='word_1_994' title='bbox 3073 4816 3370 4885; x_wconf 87' lang='grc' dir='ltr'>ἐπιτυχεῖν,</span> <span class='ocrx_word' id='word_1_995' title='bbox 3411 4816 3591 4885; x_wconf 86' lang='grc' dir='ltr'>χάριτι</span> <span class='ocrx_word' id='word_1_996' title='bbox 3633 4815 3728 4891; x_wconf 43' lang='grc' dir='ltr'>καὶ.</span> 
     </span>
    </p>
   </div>
   <div class='ocr_carea' id='block_1_122' title="bbox 2057 4887 3727 4970">
    <p class='ocr_par' dir='ltr' id='par_1_122' title="bbox 2057 4887 3727 4970">
     <span class='ocr_line' id='line_1_122' title="bbox 2057 4887 3727 4970; baseline -0.004 -16"><span class='ocrx_word' id='word_1_997' title='bbox 2057 4887 2435 4970; x_wconf 77' lang='grc' dir='ltr'>φιλανθρωπία</span> <span class='ocrx_word' id='word_1_998' title='bbox 2467 4896 2559 4949; x_wconf 84' lang='grc' dir='ltr'>τοῦ</span> <span class='ocrx_word' id='word_1_999' title='bbox 2592 4896 2793 4966; x_wconf 86' lang='grc' dir='ltr'>Κυρίου</span> <span class='ocrx_word' id='word_1_1000' title='bbox 2821 4895 2980 4965; x_wconf 84' lang='grc' dir='ltr'>ἡμῶν</span> <span class='ocrx_word' id='word_1_1001' title='bbox 3025 4893 3196 4966; x_wconf 85' lang='grc' dir='ltr'>Ἰησοῦ</span> <span class='ocrx_word' id='word_1_1002' title='bbox 3234 4893 3491 4964; x_wconf 87' lang='grc' dir='ltr'>Χριστοῦ,</span> <span class='ocrx_word' id='word_1_1003' title='bbox 3523 4891 3641 4964; x_wconf 86' lang='grc' dir='ltr'>μεθ’</span> <span class='ocrx_word' id='word_1_1004' title='bbox 3665 4887 3727 4948; x_wconf 73' lang='grc' dir='ltr'>οὖ</span> 
     </span>
    </p>
   </div>
   <div class='ocr_carea' id='block_1_123' title="bbox 2053 4971 3724 5049">
    <p class='ocr_par' dir='ltr' id='par_1_123' title="bbox 2053 4971 3724 5049">
     <span class='ocr_line' id='line_1_123' title="bbox 2053 4971 3724 5049; baseline -0.004 -17"><span class='ocrx_word' id='word_1_1005' title='bbox 2053 4979 2132 5049; x_wconf 83' lang='grc' dir='ltr'>τῷ</span> <span class='ocrx_word' id='word_1_1006' title='bbox 2160 4979 2354 5049; x_wconf 75' lang='grc' dir='ltr'>Πατρὶ,</span> <span class='ocrx_word' id='word_1_1007' title='bbox 2386 4977 2501 5046; x_wconf 76' lang='grc' dir='ltr'>ἅμα</span> <span class='ocrx_word' id='word_1_1008' title='bbox 2529 4974 2607 5045; x_wconf 81' lang='grc' dir='ltr'>τῷ</span> <span class='ocrx_word' id='word_1_1009' title='bbox 2628 4976 2769 5045; x_wconf 84' lang='grc' dir='ltr'>ἁγίῳ</span> <span class='ocrx_word' id='word_1_1010' title='bbox 2804 4973 3104 5044; x_wconf 85' lang='grc' dir='ltr'>Πνεύματι,</span> <span class='ocrx_word' id='word_1_1011' title='bbox 3132 4971 3281 5039; x_wconf 82' lang='grc' dir='ltr'>δόξα.</span> <span class='ocrx_word' id='word_1_1012' title='bbox 3317 4972 3535 5042; x_wconf 84' lang='grc' dir='ltr'>κράτος,</span> <span class='ocrx_word' id='word_1_1013' title='bbox 3568 4973 3724 5045; x_wconf 74' lang='grc' dir='ltr'>τιμὴ,</span> 
     </span>
    </p>
   </div>
   <div class='ocr_carea' id='block_1_124' title="bbox 2052 5050 3645 5121">
    <p class='ocr_par' dir='ltr' id='par_1_124' title="bbox 2052 5050 3645 5121">
     <span class='ocr_line' id='line_1_124' title="bbox 2052 5050 3645 5121; baseline -0.004 -8"><span class='ocrx_word' id='word_1_1014' title='bbox 2052 5058 2148 5113; x_wconf 92' lang='grc' dir='ltr'>νῦν</span> <span class='ocrx_word' id='word_1_1015' title='bbox 2180 5058 2272 5112; x_wconf 76' lang='grc' dir='ltr'>και</span> <span class='ocrx_word' id='word_1_1016' title='bbox 2297 5057 2404 5120; x_wconf 73' lang='grc' dir='ltr'>ἀεὶ,</span> <span class='ocrx_word' id='word_1_1017' title='bbox 2439 5056 2534 5107; x_wconf 72' lang='grc' dir='ltr'>καὶ</span> <span class='ocrx_word' id='word_1_1018' title='bbox 2558 5055 2639 5117; x_wconf 87' lang='grc' dir='ltr'>εἰς</span> <span class='ocrx_word' id='word_1_1019' title='bbox 2665 5055 2791 5117; x_wconf 81' lang='grc' dir='ltr'>τοὺς</span> <span class='ocrx_word' id='word_1_1020' title='bbox 2813 5053 3013 5116; x_wconf 89' lang='grc' dir='ltr'>αἰῶνας</span> <span class='ocrx_word' id='word_1_1021' title='bbox 3034 5051 3143 5106; x_wconf 87' lang='grc' dir='ltr'>τῶν</span> <span class='ocrx_word' id='word_1_1022' title='bbox 3174 5050 3430 5120; x_wconf 61' lang='grc' dir='ltr'>αἰώνων.ι</span> <span class='ocrx_word' id='word_1_1023' title='bbox 3450 5051 3645 5121; x_wconf 67' lang='grc' dir='ltr'>Ἀμήν.</span> 
     </span>
    </p>
   </div>
   <div class='ocr_carea' id='block_1_125' title="bbox 2700 5141 3571 5197">
    <p class='ocr_par' dir='ltr' id='par_1_125' title="bbox 2700 5141 3571 5197">
     <span class='ocr_line' id='line_1_125' title="bbox 2700 5141 3571 5197; baseline -0.005 -1"><span class='ocrx_word' id='word_1_1024' title='bbox 2700 5142 2941 5197; x_wconf 78' lang='grc' dir='ltr'>ΟΜΙΛῙΑ</span> <span class='ocrx_word' id='word_1_1025' title='bbox 2966 5141 3069 5194; x_wconf 83' lang='lat' dir='ltr'>IA&#39;.</span> <span class='ocrx_word' id='word_1_1026' title='bbox 3568 5150 3571 5151; x_wconf 69' lang='lat'><strong><em>&#39;</em></strong></span> 
     </span>
    </p>
   </div>
   <div class='ocr_carea' id='block_1_126' title="bbox 2055 5219 3725 5289">
    <p class='ocr_par' dir='ltr' id='par_1_126' title="bbox 2055 5219 3725 5289">
     <span class='ocr_line' id='line_1_126' title="bbox 2055 5219 3725 5289; baseline -0.004 -9"><span class='ocrx_word' id='word_1_1027' title='bbox 2055 5227 2173 5280; x_wconf 89' lang='grc' dir='ltr'>Ὅτι</span> <span class='ocrx_word' id='word_1_1028' title='bbox 2202 5225 2295 5279; x_wconf 85' lang='grc' dir='ltr'>δεῖ</span> <span class='ocrx_word' id='word_1_1029' title='bbox 2328 5222 2530 5279; x_wconf 75' lang='grc' dir='ltr'>πολὺν</span> <span class='ocrx_word' id='word_1_1030' title='bbox 2556 5220 2666 5289; x_wconf 77' lang='grc' dir='ltr'>τῆς</span> <span class='ocrx_word' id='word_1_1031' title='bbox 2690 5219 2910 5289; x_wconf 84' lang='grc' dir='ltr'>ἀρετῆς</span> <span class='ocrx_word' id='word_1_1032' title='bbox 2934 5220 3233 5275; x_wconf 78' lang='grc' dir='ltr'>,ποιεῖσθαι</span> <span class='ocrx_word' id='word_1_1033' title='bbox 3261 5222 3469 5289; x_wconf 56' lang='grc' dir='ltr'>λόγον,</span> <span class='ocrx_word' id='word_1_1034' title='bbox 3506 5220 3606 5274; x_wconf 76' lang='grc' dir='ltr'>καὶ</span> <span class='ocrx_word' id='word_1_1035' title='bbox 3628 5238 3725 5289; x_wconf 81' lang='grc' dir='ltr'>μι-</span> 
     </span>
    </p>
   </div>
   <div class='ocr_carea' id='block_1_127' title="bbox 2114 5289 3727 5365">
    <p class='ocr_par' dir='ltr' id='par_1_127' title="bbox 2114 5289 3727 5365">
     <span class='ocr_line' id='line_1_127' title="bbox 2114 5289 3727 5365; baseline -0.002 -17"><span class='ocrx_word' id='word_1_1036' title='bbox 2114 5298 2356 5365; x_wconf 79' lang='grc' dir='ltr'>μεῖσθαι</span> <span class='ocrx_word' id='word_1_1037' title='bbox 2394 5295 2538 5359; x_wconf 81' lang='grc' dir='ltr'>τοὺς</span> <span class='ocrx_word' id='word_1_1038' title='bbox 2572 5293 2801 5365; x_wconf 78' lang='grc' dir='ltr'>ἁγίους,</span> <span class='ocrx_word' id='word_1_1039' title='bbox 2847 5290 2911 5365; x_wconf 64' lang='grc' dir='ltr'>οξ</span> <span class='ocrx_word' id='word_1_1040' title='bbox 2937 5289 3047 5365; x_wconf 75' lang='grc' dir='ltr'>τῆς</span> <span class='ocrx_word' id='word_1_1041' title='bbox 3085 5290 3545 5365; x_wconf 66' lang='grc' dir='ltr'>αὐτῇς-φύσεως</span> <span class='ocrx_word' id='word_1_1042' title='bbox 3576 5290 3727 5365; x_wconf 50' lang='grc' dir='ltr'>ἡμῖν</span> 
     </span>
    </p>
   </div>
   <div class='ocr_carea' id='block_1_128' title="bbox 2120 5360 3723 5432">
    <p class='ocr_par' dir='ltr' id='par_1_128' title="bbox 2120 5360 3723 5432">
     <span class='ocr_line' id='line_1_128' title="bbox 2120 5360 3723 5432; baseline -0.003 -12"><span class='ocrx_word' id='word_1_1043' title='bbox 2120 5360 2291 5432; x_wconf 70' lang='grc' dir='ltr'>ὄντες</span> <span class='ocrx_word' id='word_1_1044' title='bbox 2318 5366 2545 5431; x_wconf 83' lang='grc' dir='ltr'>ταύτην</span> <span class='ocrx_word' id='word_1_1045' title='bbox 2559 5360 2711 5432; x_wconf 80' lang='grc' dir='ltr'>μετὰ</span> <span class='ocrx_word' id='word_1_1046' title='bbox 2737 5361 3039 5431; x_wconf 80' lang='grc' dir='ltr'>ἀκριϐείας</span> <span class='ocrx_word' id='word_1_1047' title='bbox 3067 5360 3486 5432; x_wconf 76' lang='grc' dir='ltr'>κατώρθωσαν,</span> <span class='ocrx_word' id='word_1_1048' title='bbox 3507 5360 3607 5413; x_wconf 80' lang='grc' dir='ltr'>καί</span> <span class='ocrx_word' id='word_1_1049' title='bbox 3632 5360 3723 5416; x_wconf 85' lang='grc' dir='ltr'>ὅτι</span> 
     </span>
    </p>
   </div>
   <div class='ocr_carea' id='block_1_129' title="bbox 2108 5431 3487 5505">
    <p class='ocr_par' dir='ltr' id='par_1_129' title="bbox 2108 5431 3487 5505">
     <span class='ocr_line' id='line_1_129' title="bbox 2108 5431 3487 5505; baseline -0.007 -12"><span class='ocrx_word' id='word_1_1050' title='bbox 2108 5431 2495 5505; x_wconf 63' lang='grc' dir='ltr'>ῥᾳθυμοῦσα·</span> <span class='ocrx_word' id='word_1_1051' title='bbox 2521 5431 2669 5503; x_wconf 70' lang='grc' dir='ltr'>ἡμῖν</span> <span class='ocrx_word' id='word_1_1052' title='bbox 2694 5432 2941 5501; x_wconf 80' lang='grc' dir='ltr'>οὐδεμία</span> <span class='ocrx_word' id='word_1_1053' title='bbox 2966 5432 3138 5486; x_wconf 81' lang='grc' dir='ltr'>ἐσται</span> <span class='ocrx_word' id='word_1_1054' title='bbox 3170 5431 3487 5500; x_wconf 79' lang='grc' dir='ltr'>ἀπολογία.</span> 
     </span>
    </p>
   </div>
   <div class='ocr_carea' id='block_1_130' title="bbox 2116 5520 3722 5592">
    <p class='ocr_par' dir='ltr' id='par_1_130' title="bbox 2116 5520 3722 5592">
     <span class='ocr_line' id='line_1_130' title="bbox 2116 5520 3722 5592; baseline -0.004 -11"><span class='ocrx_word' id='word_1_1055' title='bbox 2116 5525 2183 5581; x_wconf 91' lang='grc' dir='ltr'>α’.</span> <span class='ocrx_word' id='word_1_1056' title='bbox 2216 5523 2345 5580; x_wconf 75' lang='grc' dir='ltr'>Οἶδα</span> <span class='ocrx_word' id='word_1_1057' title='bbox 2405 5526 2485 5578; x_wconf 86' lang='grc' dir='ltr'>ὅτι</span> <span class='ocrx_word' id='word_1_1058' title='bbox 2511 5523 2793 5577; x_wconf 85' lang='grc' dir='ltr'>κατέτεινα</span> <span class='ocrx_word' id='word_1_1059' title='bbox 2824 5522 2978 5592; x_wconf 85' lang='grc' dir='ltr'>ὑμῶν</span> <span class='ocrx_word' id='word_1_1060' title='bbox 3040 5523 3133 5575; x_wconf 86' lang='grc' dir='ltr'>τὸν</span> <span class='ocrx_word' id='word_1_1061' title='bbox 3173 5520 3430 5591; x_wconf 81' lang='grc' dir='ltr'>λογισμὸν</span> <span class='ocrx_word' id='word_1_1062' title='bbox 3483 5522 3542 5573; x_wconf 84' lang='grc' dir='ltr'>ἐν</span> <span class='ocrx_word' id='word_1_1063' title='bbox 3599 5526 3722 5588; x_wconf 85' lang='grc' dir='ltr'>ταῖς</span> 
     </span>
    </p>
   </div>
   <div class='ocr_carea' id='block_1_131' title="bbox 2046 5600 3721 5677">
    <p class='ocr_par' dir='ltr' id='par_1_131' title="bbox 2046 5600 3721 5677">
     <span class='ocr_line' id='line_1_131' title="bbox 2046 5600 3721 5677; baseline -0.002 -19"><span class='ocrx_word' id='word_1_1064' title='bbox 2046 5605 2442 5677; x_wconf 81' lang='grc' dir='ltr'>παρελθούσαις</span> <span class='ocrx_word' id='word_1_1065' title='bbox 2498 5602 2730 5674; x_wconf 86' lang='grc' dir='ltr'>ἡμέραις</span> <span class='ocrx_word' id='word_1_1066' title='bbox 2788 5606 2902 5666; x_wconf 86' lang='grc' dir='ltr'>τοῖς</span> <span class='ocrx_word' id='word_1_1067' title='bbox 2963 5600 3279 5673; x_wconf 77' lang='grc' dir='ltr'>βαθυτέροις</span> <span class='ocrx_word' id='word_1_1068' title='bbox 3332 5602 3585 5671; x_wconf 80' lang='grc' dir='ltr'>νοὴμασι’</span> <span class='ocrx_word' id='word_1_1069' title='bbox 3632 5601 3721 5655; x_wconf 88' lang='grc' dir='ltr'>διά</span> 
     </span>
    </p>
   </div>
   <div class='ocr_carea' id='block_1_132' title="bbox 2110 5735 3529 5799">
    <p class='ocr_par' dir='ltr' id='par_1_132' title="bbox 2110 5735 3529 5799">
     <span class='ocr_line' id='line_1_132' title="bbox 2110 5735 3529 5799; baseline -0.007 -7"><span class='ocrx_word' id='word_1_1070' title='bbox 2110 5745 2133 5772; x_wconf 69' lang='grc'>⁸</span> <span class='ocrx_word' id='word_1_1071' title='bbox 2159 5740 2356 5791; x_wconf 75' lang='grc' dir='ltr'>(ἷοίεῑὶιι.</span> <span class='ocrx_word' id='word_1_1072' title='bbox 2384 5738 2465 5786; x_wconf 82' lang='grc' dir='ltr'>τὸν</span> <span class='ocrx_word' id='word_1_1073' title='bbox 2488 5739 2677 5797; x_wconf 78' lang='grc' dir='ltr'>διηνεκῆ</span> <span class='ocrx_word' id='word_1_1074' title='bbox 2701 5737 2925 5799; x_wconf 83' lang='grc' dir='ltr'>πόλεμον,</span> <span class='ocrx_word' id='word_1_1075' title='bbox 2949 5743 3001 5785; x_wconf 81' lang='lat' dir='ltr'>et</span> <span class='ocrx_word' id='word_1_1076' title='bbox 3022 5735 3093 5785; x_wconf 89' lang='lat' dir='ltr'>sic</span> <span class='ocrx_word' id='word_1_1077' title='bbox 3118 5736 3242 5799; x_wconf 75' lang='lat' dir='ltr'><strong>legit</strong></span> <span class='ocrx_word' id='word_1_1078' title='bbox 3265 5736 3529 5796; x_wconf 67' lang='lat' dir='ltr'>interpres.</span> 
     </span>
    </p>
   </div>
   <div class='ocr_carea' id='block_1_133' title="bbox 2116 5799 2579 5862">
    <p class='ocr_par' dir='ltr' id='par_1_133' title="bbox 2116 5799 2579 5862">
     <span class='ocr_line' id='line_1_133' title="bbox 2116 5799 2579 5862; baseline 0.002 -15"><span class='ocrx_word' id='word_1_1079' title='bbox 2116 5801 2132 5839; x_wconf 80' lang='grc' dir='ltr'>ῐ</span> <span class='ocrx_word' id='word_1_1080' title='bbox 2158 5799 2355 5849; x_wconf 67' lang='grc' dir='ltr'>(ἶυὶςξίῐι.</span> <span class='ocrx_word' id='word_1_1081' title='bbox 2379 5799 2579 5862; x_wconf 80' lang='grc' dir='ltr'>ἐμπέσῃ.</span> 
     </span>
    </p>
   </div>
   <div class='ocr_carea' id='block_1_134' title="bbox 2113 5854 3709 5923">
    <p class='ocr_par' dir='ltr' id='par_1_134' title="bbox 2113 5854 3709 5923">
     <span class='ocr_line' id='line_1_134' title="bbox 2113 5854 3709 5923; baseline -0.002 -17"><span class='ocrx_word' id='word_1_1082' title='bbox 2113 5865 2141 5906; x_wconf 81' lang='grc' dir='ltr'>ι</span> <span class='ocrx_word' id='word_1_1083' title='bbox 2163 5863 2306 5913; x_wconf 72' lang='lat' dir='ltr'>Coisl.</span> <span class='ocrx_word' id='word_1_1084' title='bbox 2321 5854 2718 5923; x_wconf 73' lang='grc' dir='ltr'>περὶτειχίζωμεν,</span> <span class='ocrx_word' id='word_1_1085' title='bbox 2734 5859 2851 5910; x_wconf 78' lang='lat' dir='ltr'>Ibid.</span> <span class='ocrx_word' id='word_1_1086' title='bbox 2869 5862 2989 5923; x_wconf 80' lang='lat' dir='ltr'>Reg.</span> <span class='ocrx_word' id='word_1_1087' title='bbox 3015 5873 3142 5909; x_wconf 84' lang='lat' dir='ltr'><strong>unus</strong></span> <span class='ocrx_word' id='word_1_1088' title='bbox 3165 5859 3240 5907; x_wconf 84' lang='grc' dir='ltr'>διὰ</span> <span class='ocrx_word' id='word_1_1089' title='bbox 3258 5859 3479 5919; x_wconf 76' lang='grc' dir='ltr'>γνώσεως</span> <span class='ocrx_word' id='word_1_1090' title='bbox 3498 5854 3579 5904; x_wconf 62' lang='grc' dir='ltr'>γοιί</span> <span class='ocrx_word' id='word_1_1091' title='bbox 3601 5855 3709 5918; x_wconf 77' lang='grc' dir='ltr'>ἀκρ,</span> 
     </span>
    </p>
   </div>
  </div>
