4018 6136
352 289 427 352 89
1464 295 1534 354 ΙΝ
1572 297 1723 357 CAP.
1766 296 1807 354 l.
1848 297 1960 356 GEl

2070 330 2093 356 ..
2136 298 2365 357 nemp.
2408 298 2500 357 χι.
2925 256 2940 279 ’
3567 308 3637 363 eo

356 404 631 462 videretur
655 406 830 462 minus
857 406 1057 478 aliquid
1086 408 1355 476 obtinere,
1389 418 1455 464 eo
1479 409 1621 478 quod
1651 409 1783 463 nihil
1806 409 1859 463 in
1884 424 1949 465 eo

360 502 559 554 factum
604 508 768 567 esset,
817 500 1193 556 benedictione
1238 502 1410 571 ipsum
1451 500 1694 571 dignatus
1736 509 1839 555 cst.
1885 502 1953 555 Et

362 591 641 659 benedixit,
673 592 865 662 inquit,
900 592 1036 647 Deus
1064 595 1197 648 diem
1218 594 1521 665 septimum:
1551 603 1597 646 et
1623 594 1954 663 sanctiﬁcnvit

357 687 527 740 illum.
555 685 694 752 Quid
742 686 940 755 igitur?
984 702 1088 741 non
1131 694 1284 741 erant
1325 694 1381 741 et
1421 686 1600 740 caeteri
1628 685 1743 739 dies
1787 685 1950 739 bene-

360 777 535 832 dicti?
583 776 757 830 Etiam
789 776 1051 846 profecto,
1082 776 1178 831 sed
1203 776 1499 830 sufﬁciebat
1527 775 1629 829 illis
1670 791 1765 845 pro
1808 775 1951 829 omni

359 867 760 934 benedictione,
778 866 919 937 quod
944 869 993 921 in
1023 867 1246 936 singulis
1272 867 1374 921 illis
1395 875 1659 921 creaturae
1682 864 1953 934 productae

298 1014 301 1015 ν
362 960 620 1024 fuissent;
674 969 728 1015 et
757 959 877 1014 ideo
920 960 987 1013 de
1018 958 1122 1013 illis
1151 974 1257 1012 non
1289 958 1478 1026 inquit,
1531 956 1845 1021 Benedixit;
1899 957 1950 1010 in

294 1043 299 1079 ²
363 1052 482 1106 solo
508 1060 686 1106 autem
714 1052 941 1121 septimo
969 1050 1071 1104 hoc
1100 1050 1250 1114 dixit,
1280 1057 1335 1102 et
1361 1049 1604 1119 apposmt
1631 1064 1644 1102 :
1673 1045 1739 1099 Et
1767 1047 1953 1101 sancti-

364 1144 531 1203 ﬁcacit
556 1143 724 1196 illum.
756 1141 894 1208 Quid
921 1150 1024 1205 est,
1062 1140 1126 1194 Et
1154 1140 1485 1209 sanctiﬁcavit
1524 1138 1717 1191 illum?
1756 1136 1812 1191 ld
1849 1144 1949 1201 est,

365 1235 517 1290 illum
547 1233 867 1304 segregavit.
898 1230 1106 1286 Deinde
1126 1230 1324 1285 docens
1355 1244 1451 1283 nos
1478 1228 1653 1283 divina
1682 1227 1953 1296 Scriptura

364 1338 582 1379 causam
628 1332 850 1393 pmpter
892 1338 1052 1392 quam
1103 1322 1256 1388 dixit,
1301 1320 1367 1374 Et
1422 1321 1755 1389 sanctiﬁcavit
1782 1318 1950 1384 illum,

366 1413 571 1483 adjicit,
594 1413 672 1467 Eo
696 1414 831 1483 quod
858 1414 911 1467 in
935 1412 1026 1466 illo
1050 1412 1361 1481 requieverat
1386 1411 1448 1464 ab
1474 1412 1702 1464 omnibus
1721 1412 1955 1481 aperibus

364 1506 473 1558 suis
500 1519 615 1574 qua:
642 1512 858 1575 mperat
884 1502 1024 1557 Deus
1062 1503 1246 1571 facere.
1274 1500 1392 1556 Jam
1434 1502 1556 1557 hinc
1583 1501 1650 1555 ab
1676 1501 1827 1556 initio
1855 1500 1954 1557 do-

364 1596 594 1651 ctrinam
612 1596 752 1651 hanc
767 1596 987 1666 amigmn
998 1595 1099 1651 tice
1116 1594 1270 1649 nobis
1288 1594 1518 1648 insinuat
1532 1594 1693 1660 Deus,
1708 1593 1956 1649 erudiens

366 1702 470 1740 nos
500 1687 553 1740 in
580 1686 781 1741 circulo
810 1686 1158 1740 hebdomadis
1184 1685 1327 1739 diem
1369 1700 1532 1739 unum
1564 1685 1828 1756 integrum
1866 1698 1955 1739 se-

366 1779 719 1848 gregandum,
740 1791 794 1834 et
815 1779 1236 1834 consecrandum
1262 1778 1617 1846 spiritualium
1638 1778 1953 1847 operationi.

366 1868 495 1923 Ideo
514 1871 657 1924 enim
682 1870 937 1924 Dominus
965 1870 1232 1939 completo
1258 1884 1351 1923 sex
1379 1867 1571 1922 diebus
1599 1867 1810 1937 Opificio
1834 1882 1953 1935 suo,

368 1964 659 2032 septimum
688 1963 1059 2018 benedictione
1088 1964 1334 2034 dignatus
1361 1970 1465 2029 est,
1493 1970 1548 2016 et
1586 1962 1954 2028 sanctiﬁcavit,

372 2070 440 2110 eo
464 2055 606 2125 quod
636 2057 687 2110 in
719 2056 812 2111 illo
847 2057 1121 2127 quieverat
1161 2056 1228 2110 ab
1256 2055 1504 2109 omnibus
1544 2054 1799 2124 operibus
1846 2056 1958 2109 suis

368 2161 489 2216 qua:
518 2146 695 2202 facere
720 2156 974 2217 ceperat.
996 2146 1194 2202 Verum
1216 2146 1304 2200 hic
1330 2146 1524 2200 iterum
1548 2145 1702 2200 video
1727 2145 1956 2200 immen-

370 2254 490 2293 sum
536 2238 691 2294 nobis
736 2241 1121 2295 sententiarum
1158 2240 1375 2311 pelagus
1417 2238 1616 2305 nasci’,
1656 2237 1800 2309 quod
1825 2239 1956 2292 sim-

363 2330 587 2399 pliciter
630 2331 903 2400 praaterire
931 2331 1133 2398 nolim;
1179 2333 1308 2403 quin
1354 2341 1409 2388 et
1433 2347 1528 2388 vos
1556 2332 1746 2386 barum
1799 2331 1960 2401 Spiri-

368 2421 593 2475 tnalium
638 2422 897 2477 mercium
946 2425 1233 2493 participes
1276 2425 1390 2481 fieri
1420 2426 1598 2497 cupio.
1629 2426 1759 2492 Qtne
1802 2425 1960 2493 igitur

372 2512 464 2565 illa
495 2523 599 2580 est,
628 2528 746 2584 quae
789 2514 913 2569 hinc
951 2516 1140 2579 oritur,
1173 2517 1434 2586 qua-stic?
1477 2517 1658 2570 Divina
1687 2516 1959 2586 Scriptura

373 2606 463 2661 hic
505 2606 716 2662 dicente
761 2608 926 2663 Deum
971 2608 1299 2678 requievisse
1341 2610 1407 2665 ab
1458 2608 1706 2680 operibus
1735 2608 1876 2672 suis,
1906 2607 1959 2660 in

374 2697 664 2767 evangeliis
704 2696 947 2752 Christus
992 2698 1192 2769 inquit,
1223 2698 1382 2753 Pater
1427 2716 1566 2754 meus
1608 2714 1765 2768 usque
1810 2696 1962 2750 modo

371 2799 637 2858 ‘operatur,
664 2800 710 2844 et
752 2806 843 2861 ego
885 2807 1067 2861 operor
1119 2790 1294 2861 (Joan.
1326 2792 1380 2848 5.
1411 2792 1521 2864 l7).
1550 2790 1665 2846 Non
1712 2789 1963 2845 videntur

364 2879 471 2934 1ibi
494 2894 560 2935 ex
584 2880 870 2936 verborum
899 2882 1039 2936 serie
1065 2881 1181 2937 inec
1210 2882 1351 2936 dicta
1378 2897 1498 2937 esse
1524 2881 1782 2935 contraria
1802 2880 1824 2932 ’ἐ
1856 2878 1962 2933 Sed

374 2971 557 3027 absit:
591 2973 720 3027 nihil
750 2973 837 3029 hic
867 2975 1195 3029 contrarium
1246 2974 1310 3031 iis
1352 2990 1470 3045 qua:
1515 2973 1571 3028 in
1611 2974 1777 3028 sacris
1819 2972 1962 3026 Scri-

366 3064 549 3131 pturis
592 3065 955 3120 continentur.
986 3064 1120 3119 Nam
1167 3065 1253 3121 hic
1279 3065 1491 3135 quidem
1520 3080 1640 3119 cum
1688 3062 1962 3132 Scriptura

376 3156 507 3211 dicit
555 3156 885 3226 requievisse
929 3158 1096 3212 Deum
1123 3157 1192 3211 ab
1215 3158 1466 3227 operibus
1503 3157 1634 3224 suis,
1667 3156 1824 3210 docet
1867 3169 1965 3209 nos

366 3246 806 3302 cumacrcando
832 3256 978 3303 ctex
1022 3248 1190 3302 nihilo
1236 3262 1323 3302 res
1369 3247 1710 3317 producendo
1758 3247 1963 3316 requie-

372 3341 520 3394 vissc
547 3336 977 3410 die‘septimo';
1007 3338 1249 3395 Christus
1296 3349 1472 3395 autem
1520 3340 1703 3395 dicens
1748 3359 1759 3393 :
1809 3338 1966 3393 Pater

375 3447 519 3484 meus
562 3446 721 3500 usque
746 3431 897 3484 modo
923 3442 1183 3502 aperatur,
1211 3442 1255 3485 et
1294 3446 1386 3500 ego
1421 3447 1620 3501 aperor,
1657 3440 1965 3501 perpetuam

368 3537 533 3577 suam
582 3520 972 3593 providentiam
1019 3523 1173 3578 nobis
1203 3523 1457 3586 declarat,
1503 3532 1555 3577 et
1599 3522 1964 3591 operationem

370 3626 535 3672 vocat
558 3615 1019 3671 conservationem
1051 3615 1406 3685 opiliciorutn,
1430 3615 1621 3685 quibus
1648 3615 1871 3685 largitur
1911 3622 1967 3667 ut

377 3716 750 3777 permaneant,
782 3706 909 3761 dum
941 3708 1086 3761 omni
1118 3715 1356 3776 tempore
1384 3706 1660 3776 gubernat.
1688 3704 1800 3760 Nisi
1824 3705 1965 3759 enim

370 3799 485 3854 hoc
509 3807 676 3866 esset,
705 3797 973 3868 quomodo
1008 3799 1315 3853 universum
1360 3799 1675 3853 subsisteret
1714 3812 1776 3850 ac
1802 3796 1964 3851 dura-

372 3901 483 3955 ret,
518 3906 625 3944 non
652 3891 982 3960 gubernante
1008 3898 1062 3945 et
1094 3890 1358 3960 dirigcntc
1399 3904 1627 3960 superna
1657 3904 1816 3943 manu
1845 3903 1967 3943 cmn

377 3982 613 4036 visibilia
660 3981 775 4035 haec
800 3981 999 4046 omnia,
1030 3990 1139 4034 tum
1171 3980 1459 4035 humanum
1511 3980 1614 4034 hoc
1641 3979 1853 4049 genus?
1900 3980 1969 4034 Et

380 4080 425 4129 si
473 4076 592 4146 quis
645 4075 877 4130 voluerit
922 4075 1221 4144 prudenter
1271 4083 1325 4128 et
1373 4073 1650 4143 speciatim
1706 4073 1968 4143 inSpiccre

372 4165 558 4220 omnia
600 4182 720 4237 qum
749 4166 987 4236 quotidie
1030 4166 1083 4220 in
1115 4175 1359 4221 nostmm
1389 4163 1701 4220 beneficium
1742 4165 1808 4219 ab
1848 4180 1967 4218 om-

376 4260 530 4314 nium
557 4258 758 4328 Opifice
788 4257 1156 4328 perficiuntur,
1180 4258 1431 4330 abyssum
1470 4257 1701 4312 inveniet
1731 4256 1966 4326 benigni-

379 4351 529 4405 tatis.
577 4350 707 4416 Quis
749 4350 892 4404 euim
938 4364 1137 4416 sermo,
1182 4366 1301 4418 qua:
1350 4364 1502 4404 mens
1531 4348 1597 4402 ad
1645 4347 1967 4402 inell'abilem

374 4444 522 4498 ‘hane
571 4442 860 4496 bonitatem
908 4442 1215 4511 pertingere
1262 4440 1474 4510 poterit,
1523 4454 1682 4510 quam
1735 4440 1968 4493 humano

374 4535 563 4607 generi
604 4543 861 4603 perpetuo
901 4532 1154 4598 ostendit,
1196 4533 1322 4588 oriri
1368 4530 1570 4587 faciens
1613 4532 1782 4586 solem
1813 4546 1967 4585 suum

381 4640 543 4696 super
569 4625 741 4680 malos
771 4633 825 4679 et
867 4624 1059 4692 bonos,
1100 4632 1155 4679 ct
1196 4623 1384 4694 pluens
1425 4639 1585 4694 super
1607 4623 1780 4692 justos
1807 4630 1862 4676 et
1890 4623 1973 4675 in-

374 4720 553 4786 justas
591 4715 804 4788 (Matth.
835 4716 888 4771 5.
916 4716 1029 4784 45),
1054 4729 1376 4785 omnemque
1404 4714 1560 4767 aliam
1596 4712 1803 4782 cepiam
1842 4726 1970 4781 sup-

380 4808 668 4880 peditans?
716 4808 878 4863 Forte
908 4807 1120 4878 longius
1145 4823 1304 4878 quam
1331 4806 1632 4876 oportebat,
1665 4820 1967 4860 sermonem

378 4904 735 4974 produximus
767 4919 781 4956 :
824 4916 1015 4957 verum
1044 4900 1147 4956 hoc
1175 4915 1282 4956 non
1310 4901 1512 4970 absque
1540 4900 1765 4966 ratione,
1796 4913 1968 4969 neque

376 5008 586 5051 temere
612 4994 805 5049 factum
833 5001 951 5059 est;
992 4994 1089 5049 sed
1120 5004 1177 5048 ut
1201 4994 1448 5049 absentes
1467 5007 1534 5048 ex
1562 4991 1714 5047 vobis
1739 4991 1964 5057 discant,

372 5096 637 5159 quatitum
680 5087 1025 5157 sibimetipsis
1048 5088 1228 5142 damni
1270 5086 1509 5152 fecerint,
1539 5085 1608 5140 ob
1634 5085 1967 5156 corporalem

374 5182 555 5235 cibum
597 5180 917 5249 semetipsos
944 5196 974 5234 a
1012 5180 1273 5250 spirituali
1316 5180 1559 5234 doctrina
1587 5179 1965 5234 subducentes.

373 5273 644 5328 (hctcrum
674 5287 741 5325 ne
768 5271 988 5325 nimium
1017 5272 1253 5339 doleant,
1291 5270 1525 5326 fraterna
1574 5270 1695 5325 illos
1734 5269 1969 5325 benevo-

373 5365 542 5419 lentia
588 5364 1007 5435 prosequamini,
1042 5375 1383 5419 recensentes
1430 5363 1559 5432 ipsis
1598 5379 1717 5433 qua:
1756 5376 1788 5418 a
1816 5361 1968 5416 nobis

374 5459 519 5512 dicta
549 5466 711 5512 sunt:
757 5457 858 5512 hoc
879 5458 1019 5512 enim
1056 5459 1278 5512 sincera:
1298 5457 1537 5512 caritatis
1574 5464 1965 5527 argumentum.

442 5552 457 5577 ί
496 5546 707 5607 Cnislin.,
734 5548 932 5612 pelagus
952 5556 1189 5610 apertmn.

440 5612 462 5640 ²
495 5620 587 5674 sex
613 5610 741 5668 Mss,
769 5610 1027 5661 die‘sexto.
1055 5619 1264 5674 Utraque
1287 5610 1434 5660 lectio
1479 5610 1718 5674 quadrare
1763 5616 1963 5674 potest:

374 5684 473 5720 non
502 5673 632 5735 enim
653 5675 741 5722 abs
778 5686 835 5721 re
858 5675 1043 5723 diditur
1081 5670 1229 5722 Deuin
1252 5681 1396 5723 sexto
1427 5670 1511 5723 die
1541 5670 1793 5735 postquam
1823 5670 1969 5720 ﬁnem

372 5734 575 5783 creandi
594 5733 806 5798 fecisset,
832 5737 1097 5798 quievisse.
1542 5733 1553 5735 ’
1667 5733 1679 5735 ’
1946 5759 1951 5764 ’

2057 411 2187 466 Nam
2216 414 2259 467 sl
2288 414 2425 467 inter
2453 428 2641 483 magna
2671 413 2905 469 caritatis
2945 413 3137 469 indicia
3183 412 3396 479 habent,
3427 419 3519 485 qui
3559 414 3633 468 ita

2057 501 2123 554 de
2150 503 2488 557 sensibilibus
2511 502 2702 557 eduliis
2730 505 2829 558 hoc
2857 505 2965 558 suis
3013 503 3359 558 familiaribus
3403 502 3636 559 faciunt:

2058 592 2223 646 nmlto
2266 594 2438 664 magis
2485 596 2537 648 in
2581 596 2945 665 spiritualibas
2992 596 3093 650 hoc
3138 595 3344 666 agendo
3391 610 3636 664 magnam

2058 685 2211 737 nobis
2240 684 2447 739 lattdem
2476 702 2759 757 paramus;
2802 687 2941 741 redit
2970 688 3112 741 enim
3139 688 3206 741 ad
3236 702 3335 741 nos
3364 687 3507 756 ipsos
3533 685 3639 738 uti-

2059 775 2199 831 litas.
2232 776 2362 830 Nam
2389 779 2473 831 cui
2505 779 2736 831 studiunt
2767 789 2850 832 est
2878 779 3071 833 docere
3103 779 3424 848 proximum,
3456 776 3502 830 is
3534 790 3640 829 non

2058 877 2164 924 tam
2213 870 2287 924 illi
2328 870 2612 938 bettcfacit,
2645 888 2803 941 quant
2832 872 3033 940 sibiipsi
3067 887 3308 940 magnam
3339 869 3640 924 tnchcdent

2057 973 2229 1032 parat,
2274 963 2579 1033 duplicique
2624 973 2846 1033 augetur
2890 962 3056 1024 lucro,
3081 961 3206 1015 dum
3248 962 3415 1029 majus
3458 976 3487 1013 a
3533 960 3641 1013 Deo

2059 1056 2336 1125 prtemium
2378 1056 2699 1127 assequitur,
2730 1065 2783 1109 et
2808 1054 2934 1109 dum
2980 1053 3198 1108 fratrem
3226 1052 3421 1106 docere
3452 1067 3641 1121 aggre-

2058 1149 2219 1213 ditur,
2239 1149 2479 1204 docendo
2513 1150 2723 1205 interim
2751 1147 2957 1217 sibiipsi
2988 1146 3297 1201 memoriam
3319 1161 3502 1202 eorum
3524 1157 3648 1213 qua:

2058 1241 2260 1295 audivit
2299 1250 2541 1295 renovat.

2129 1333 2184 1388 8.
2227 1332 2443 1387 Moratis
2473 1331 2777 1387 exhortatio.
2810 1362 2880 1372 —
2907 1330 3069 1401 Igitur
3113 1330 3407 1399 cogitantes
3439 1336 3641 1381 tantum

2058 1423 2261 1478 lucrum
2284 1432 2545 1488 vestrum,
2578 1438 2646 1478 ne
2690 1421 2971 1476 invideatis
3010 1420 3262 1475 fratribus
3308 1419 3516 1481 vestris,
3550 1415 3645 1470 sed

2058 1531 2087 1569 a
2115 1515 2268 1570 vobis
2288 1515 2495 1570 discant
2518 1531 2637 1584 qua:
2667 1530 2809 1569 nunc
2835 1530 2863 1568 a
2892 1514 3046 1569 nobis
3072 1512 3340 1567 dicuntur.
3366 1511 3440 1564 Nc
3464 1518 3644 1562 autem

2059 1607 2282 1676 posthac
2313 1617 2491 1661 vestro
2522 1606 2784 1662 beneficio
2822 1604 3039 1659 obnoxii
3068 1604 3181 1657 haec
3207 1603 3441 1664 discant,
3470 1599 3650 1654 ducite

2060 1698 2180 1751 ilios
2208 1698 2275 1751 ad
2320 1713 2438 1764 nos,
2473 1697 2856 1767 persuadentes
2902 1697 3050 1765 ipsis,
3084 1694 3214 1748 nihil
3258 1693 3447 1746 obesse
3492 1689 3648 1758 spiri-

2060 1789 2192 1842 tuali
2221 1804 2441 1854 mensa},
2471 1788 2517 1841 si
2563 1788 2831 1857 praecedat
2881 1786 3176 1855 corporalis
3225 1783 3328 1838 cibi
3376 1779 3645 1849 sumptio:

2063 1879 2156 1934 sed
2201 1896 2358 1933 omne
2397 1890 2608 1947 tempus
2660 1877 2924 1947 spirituali
2966 1876 3198 1930 sermoni
3240 1874 3489 1927 idoneum
3526 1883 3648 1925 esse

2063 1971 2440 2041 reptttandum.
2472 1971 2598 2026 Haec
2648 1971 2694 2025 si
2744 1979 2889 2024 recte
2932 1978 3228 2032 teneamus,
3256 1964 3553 2037 poterimus
3593 1971 3647 2016 et

2066 2063 2211 2118 domi
2252 2073 2551 2128 versantes,
2584 2071 2706 2116 ante
2731 2071 2785 2117 et
2823 2071 2945 2131 post
2987 2059 3290 2114 convivium
3319 2056 3552 2124 acceptis
3595 2054 3646 2108 in

2062 2157 2310 2212 manibus
2339 2155 2533 2210 divinis
2561 2154 2757 2222 Libris,
2786 2152 3065 2207 utilitatem
3097 2150 3219 2204 inde
3244 2164 3435 2217 capere
3461 2154 3515 2202 et
3540 2146 3647 2213 spi-

2062 2247 2308 2301 ritualctn
2356 2245 2531 2300 cibum
2559 2244 2752 2298 animae
2794 2242 3055 2314 praebere.
3106 2240 3237 2294 Nam
3282 2239 3420 2292 sicut
3455 2249 3650 2304 corpus

2066 2338 2267 2408 indiget
2301 2337 2540 2394 sensibili
2569 2338 2709 2403 cibo,
2739 2338 2810 2390 ita
2836 2343 2891 2390 et
2925 2336 3101 2389 anima
3130 2330 3437 2404 quotidiana
3462 2328 3650 2383 admo-

2069 2429 2270 2484 nitione
2314 2438 2368 2483 et
2407 2428 2759 2497 Spiritualium
2806 2427 3052 2482 ciborum
3100 2421 3488 2478 refocillatione
3533 2436 3545 2472 :
3594 2427 3652 2472 ut

2066 2522 2315 2576 roborata
2365 2520 2616 2574 resistere
2667 2521 2834 2589 possit
2880 2517 3057 2572 carnis
3086 2514 3385 2578 rebellioni,
3418 2521 3471 2566 et
3518 2525 3651 2564 con-

2069 2615 2214 2668 tinuo
2244 2613 2382 2666 bello
2420 2628 2525 2682 quo
2552 2627 2822 2680 urgemur,
2853 2609 3101 2680 quodque
3145 2607 3375 2660 animam
3414 2611 3649 2657 nostram

2067 2705 2119 2758 in
2151 2705 2464 2758 servitutem
2496 2702 2705 2771 redigit,
2737 2701 2780 2754 si
2818 2701 2902 2754 vel
2933 2714 3118 2769 parum
3160 2695 3371 2750 desides
3400 2708 3519 2747 esse
3559 2707 3647 2745 vo-

2068 2796 2344 2852 luerimus.
2404 2794 2634 2849 Proinde
2687 2792 2943 2862 propheta
3004 2790 3168 2845 David
3223 2790 3435 2842 beatum
3502 2786 3648 2839 illum

2069 2889 2220 2952 dixit,
2266 2888 2356 2957 qui
2396 2887 2446 2941 in
2495 2887 2611 2956 lege
2662 2885 2871 2939 Domini
2923 2883 3207 2937 meditatur
3247 2880 3335 2934 die
3385 2893 3448 2934 ac
3495 2888 3654 2931 nocte

2075 2979 2244 3052 (Psat.
2278 2981 2330 3034 1.
2373 2978 2468 3048 2);
2512 2986 2566 3033 et
2614 2977 2799 3033 beatus
2848 2976 3021 3030 Moses
3069 2972 3346 3028 Jndaicum
3399 2970 3651 3040 populum

2064 3071 2267 3126 docens
2293 3071 2366 3123 ait
2392 3087 2405 3122 :
2450 3067 2575 3123 Cum
2613 3067 2886 3122 comederis
2917 3075 2961 3119 et
3001 3064 3201 3129 biberis,
3224 3074 3268 3117 et
3297 3064 3511 3116 satiatus
3540 3061 3653 3130 fue-

2068 3165 2161 3231 ris,
2190 3179 2378 3217 memor
2418 3172 2520 3216 οδω
2547 3161 2753 3216 Domini
2782 3159 2880 3213 Dei
2906 3158 2979 3212 tui
3027 3155 3201 3231 (Deut.
3234 3155 3286 3210 8.
3329 3152 3442 3226 10).
3467 3152 3649 3217 Vides,

2072 3256 2340 3327 quomodo”
2378 3263 2433 3310 ct
2459 3246 2583 3309 tunc
2614 3252 2945 3324 pOtissimum
2983 3261 3078 3320 par
3108 3250 3194 3312 sit,
3223 3256 3345 3318 post
3381 3253 3649 3315 sumptum

2070 3363 2262 3419 nempe
2286 3346 2616 3416 corporalem
2647 3345 2846 3422 cibum,
2870 3342 3144 3412 spirituale
3173 3338 3472 3394 convivium
3499 3336 3652 3391 nobis

2071 3439 2287 3510 apponi,
2301 3448 2359 3492 nt
2374 3453 2441 3493 ne
2463 3445 2582 3507 post
2604 3436 2901 3490 satietatem
2917 3435 3020 3488 cibi
3035 3431 3331 3502 corporalis
3345 3429 3520 3484 anima
3538 3435 3650 3481 tor-

2072 3547 2205 3602 pens
2233 3541 2287 3586 et
2312 3530 2472 3586 deses
2519 3530 2570 3584 in
2601 3528 2889 3598 perniciem
2936 3527 3166 3597 aliquam
3219 3533 3358 3589 ruat,
3387 3533 3440 3578 ct
3478 3521 3654 3575 locum

2072 3624 2164 3678 det
2190 3622 2387 3675 diaboli
2430 3619 2930 3683 machinationibus,
2954 3618 3041 3686 qui
3071 3631 3258 3671 omnes
3287 3613 3541 3682 temporis
3566 3627 3655 3663 ar-

2075 3714 2266 3769 ticulos
2295 3713 2563 3775 observat,
2607 3719 2664 3764 ttt
2689 3710 2849 3765 letale
2899 3709 3054 3763 nobis
3096 3707 3285 3760 vulnus
3318 3702 3542 3758 inferat?
3588 3700 3657 3755 Et

2074 3807 2267 3860 iterum
2292 3803 2396 3857 alio
2423 3803 2542 3857 loco
2567 3800 2777 3856 dicebat
2808 3800 2948 3853 idem
2981 3798 3067 3852 ille
3098 3796 3357 3866 propheta
3388 3811 3402 3847 :
3433 3791 3496 3845 In
3527 3793 3655 3845 lecto

2074 3897 2313 3953 cubantes
2342 3905 2388 3950 et
2433 3903 2755 3962 exsurgentes
2801 3898 3099 3944 mementote
3129 3885 3337 3940 Domini
3386 3882 3479 3936 Det'
3506 3879 3657 3936 nostri

2076 3987 2255 4059 (Deut.
2289 3987 2343 4042 6.
2376 3984 2455 4057 7).
2486 3983 2677 4040 Vidisti
2705 3995 2991 4051 numquam
3022 3994 3119 4033 nos
3148 3977 3342 4032 decere
3379 3975 3517 4027 hanc
3547 3985 3659 4024 me-

2075 4083 2297 4135 moriam
2337 4096 2401 4134 ex
2432 4078 2607 4132 anima
2646 4083 2825 4129 nostra
2869 4071 3172 4135 excludere,
3206 4067 3299 4123 sed
3343 4063 3658 4133 insculptum

2077 4174 2129 4228 in
2180 4172 2504 4228 conscientia
2546 4169 2762 4232 habere,
2788 4182 2849 4220 ac
2896 4166 2947 4220 in
2996 4172 3248 4234 perpetua
3298 4157 3656 4214 sollicitudine

2075 4265 2278 4331 vivere,
2304 4263 2583 4331 nullasque
2630 4273 2878 4328 umquam
2928 4254 3209 4310 admittere
3260 4249 3521 4314 inducias,
3553 4254 3659 4302 imo

2077 4369 2133 4413 ut
2157 4357 2293 4412 bene
2314 4355 2563 4419 scientes,
2584 4361 2814 4422 quantus
2842 4349 2911 4404 sit
2940 4348 3085 4401 furor
3110 4342 3308 4399 initnici
3336 4342 3503 4397 nostri
3534 4357 3658 4411 erga

2074 4464 2193 4514 nos,
2224 4448 2434 4503 sobrios
2476 4461 2595 4500 esse
2637 4453 2692 4498 et
2739 4441 2978 4512 vigilare,
3027 4447 3080 4493 et
3126 4450 3315 4492 omnes
3358 4435 3533 4489 aditus
3586 4432 3662 4485 illi

2075 4541 2423 4613 prtecludere,
2455 4548 2510 4592 ct
2550 4550 2837 4604 numquam
2881 4529 3205 4601 Spiritualem
3256 4526 3522 4596 negligere
3568 4524 3663 4577 ali-

2077 4631 2349 4689 maniam?
2400 4629 2525 4683 Hmc
2566 4637 2747 4680 nostra
2776 4625 2918 4678 salus
2951 4632 3064 4687 est,
3100 4621 3183 4675 Ine
3224 4617 3528 4690 Spirituales
3577 4615 3661 4669 di-

2076 4723 2240 4789 vitim,
2272 4721 2389 4776 hazc
2434 4719 2715 4774 securitas.
2756 4714 2813 4771 Si
2857 4716 2935 4769 sic
2962 4727 3062 4768 nos
3103 4713 3246 4783 ipsos
3273 4707 3507 4780 quotidie
3535 4720 3658 4759 mu-

2077 4817 2307 4880 niamus,
2339 4819 2393 4867 et
2437 4826 2533 4882 per
2576 4808 2887 4874 lectionem,
2919 4815 2973 4861 et
3016 4819 3114 4874 per
3157 4800 3412 4863 auditum,
3459 4806 3514 4851 et
3565 4809 3659 4864 per

2076 4904 2403 4978 spiritualem
2429 4916 2751 4965 sermonem,
2774 4900 2852 4953 sic
2874 4896 3163 4967 poterimus
3190 4889 3290 4959 ipsi
3315 4887 3490 4942 invicti
3511 4898 3659 4948 esse,
3711 4972 3716 4980 n

2076 5007 2132 5056 et
2146 4997 2360 5068 maligni
2376 4994 2636 5051 daemonis
2668 4990 2884 5047 technas
2895 4985 3129 5050 eludere,
3143 4980 3482 5049 ctelcstiaque
3498 4991 3657 5068 regna

2077 5065 2310 5160 assequi,
2330 5087 2497 5159 gratia
2517 5094 2572 5140 et
2589 5080 2913 5151 benignitate
2931 5075 3140 5130 Domini
3171 5071 3339 5127 nostri
3367 5070 3492 5125 Jesu
3512 5065 3659 5122 Chri-

2076 5182 2166 5249 sti,
2195 5196 2316 5237 cum
2347 5193 2454 5250 quo
2480 5176 2621 5230 Patri
2657 5171 2813 5228 simul
2843 5179 2897 5225 et
2917 5166 3133 5237 Spiritui
3161 5172 3347 5219 sancto
3372 5163 3441 5217 sit
3467 5160 3653 5232 gloria,

2078 5273 2378 5343 imperium,
2413 5269 2604 5334 honor,
2633 5278 2774 5320 nunc
2810 5273 2863 5317 et
2901 5274 3132 5330 semper,
3161 5257 3292 5313 etin
3319 5254 3513 5310 saecula
3561 5267 3658 5307 sa:-

2076 5364 2342 5421 culorum.
2375 5358 2565 5413 Amen.

2664 5483 2946 5542 HOMILIA
2981 5482 3073 5538 XI.

2083 5629 2230 5696 Quod
2251 5634 2480 5696 oporteat
2505 5624 2730 5676 virtutem
2754 5620 2924 5690 magni
2951 5621 3117 5690 facere
3136 5623 3430 5680 sanctosque
3450 5608 3656 5666 imitan.

2150 5721 2233 5790 qui
2259 5733 2373 5771 cum
2402 5717 2624 5786 ejusdem
2648 5714 2792 5787 cujus
2820 5727 2910 5765 nos
2932 5719 3125 5763 natura:
3148 5713 3328 5769 essent,
3365 5715 3472 5754 eam
3505 5711 3658 5749 arru-
