4018 6136
322 238 384 293 9|
1038 244 1096 301 S.
1135 242 1414 299 JOANNIS
1451 239 1927 299 CHRYSOSTOMI
1957 243 2279 305 ARCHIEP.
2304 246 2834 309 CONSTAN'HNOP.
3546 253 3619 312 ΒΞ

404 366 511 412 rate
536 357 712 412 sectati
739 367 872 411 sunt.
900 356 965 410 Et
994 357 1127 424 quod
1155 356 1198 410 si
1222 372 1393 428 segnes
1422 356 1688 425 fuerimus,
1719 355 1914 410 nullam

405 451 787 503 excusationem
804 446 1021 502 habituri
1039 448 1217 501 simus.

410 561 465 614 l.
495 558 617 614 Scio
658 572 744 612 me
783 556 1146 628 superioribus
1184 555 1373 612 diebus
1410 566 1645 613 mentem
1688 567 1920 614 vestram

335 647 765 710 prnlundioribus
820 649 1098 704 sententiis
1143 649 1633 703 exercuissezeam
1688 648 1759 703 ob
1805 664 1919 704 rem

340 736 493 793 hodie
522 737 732 793 animus
773 745 859 793 est
898 736 1192 793 faciliorem
1218 735 1240 768 ⁸
1273 752 1572 808 proponere
1601 737 1920 794 doctrinam.

336 827 466 880 Nam
498 829 634 882 sicut
662 842 857 898 corpus
876 828 1083 900 jejunio
1106 840 1432 887 maceratum
1454 871 1468 893 ,
1502 829 1755 884 nonnulla
1781 829 1923 884 indi-

332 926 423 987 get
469 916 894 984 refoeillalione,
935 927 999 976 ut
1039 935 1252 976 rursum
1296 919 1497 991 ingenti
1540 919 1815 975 alacritate
1856 919 1925 975 ad

337 1007 588 1063 ferendos
623 1008 811 1078 jejunii
856 1009 1066 1064 labores
1106 1010 1293 1067 redeat
1321 1029 1334 1064 :
1364 1010 1435 1064 ita
1462 1018 1517 1065 et
1544 1010 1719 1065 anima
1749 1018 1926 1066 vestra

336 1099 656 1156 remissione
678 1099 877 1171 indiget
897 1110 954 1157 et
980 1101 1177 1172 quiete.
1227 1101 1406 1173 Neque
1431 1101 1573 1156 enim
1599 1115 1815 1170 semper
1841 1100 1926 1156 in—

341 1190 593 1259 tendere,
636 1207 810 1263 neque
835 1208 1049 1263 semper
1072 1196 1345 1251 remittere
1370 1201 1614 1266 oportet;
1661 1194 1757 1251 sed
1787 1209 1928 1250 nunc

342 1282 446 1340 hoc
467 1324 484 1350 ,
517 1299 659 1341 nunc
688 1285 817 1345 illud
861 1286 1160 1343 faciendum
1185 1303 1201 1353 ;
1245 1295 1306 1344 et
1334 1289 1412 1343 sic
1437 1285 1708 1359 regendus
1735 1286 1929 1342 anima:

340 1382 532 1443 status,
560 1385 615 1433 et
638 1376 902 1434 domanda
927 1378 1103 1435 carnis
1132 1380 1443 1455 petulantia.
1469 1379 1601 1435 Nam
1628 1379 1766 1435 sicut
1790 1394 1931 1436 sem-

346 1484 445 1538 per
472 1468 731 1524 intentum
757 1484 877 1526 esse
904 1471 1174 1527 laboribus
1193 1512 1207 1536 ,
1238 1472 1293 1529 id
1335 1471 1550 1527 taedium
1577 1470 1732 1528 aifert
1757 1479 1812 1527 et
1833 1471 1931 1528 de—

345 1559 500 1629 jicit:
531 1560 601 1614 ita
646 1568 903 1630 perpetuo
946 1562 1253 1625 remittere,
1299 1562 1367 1617 ad
1393 1562 1661 1634 ignaviam
1706 1562 1928 1619 inducit.

346 1650 403 1704 ld
432 1658 488 1704 et
514 1651 569 1705 in
597 1651 772 1705 anima
802 1660 857 1706 ct
886 1653 939 1706 in
969 1667 1195 1723 corpore
1225 1668 1323 1708 usu
1368 1654 1552 1709 venire
1593 1652 1776 1709 videre
1814 1654 1934 1725 quis

344 1755 541 1816 potest.
570 1747 856 1818 Propterea
883 1749 1071 1804 modus
1092 1750 1287 1821 ubique
1312 1749 1484 1804 bonus
1510 1756 1610 1805 est.
1642 1749 1794 1816 Quod
1836 1764 1935 1807 nos

346 1838 713 1893 universorum
745 1839 884 1896 Deus
913 1839 1069 1895 docet
1107 1840 1266 1895 etiam
1310 1855 1407 1911 per
1449 1850 1754 1902 creaturas.
1804 1855 1935 1910 quas

344 1928 411 1986 ad
441 1930 607 1987 nostri
634 1931 1069 1986 constitutionem
1112 1931 1382 2002 produxit.
1429 1933 1606 2002 Atque
1633 1940 1693 1986 ut
1719 1930 1823 1988 hoc
1851 1934 1934 1987 in-

347 2020 617 2091 telligatis,
643 2020 712 2076 de
732 2021 819 2077 die
840 2036 904 2077 ac
932 2031 1111 2089 nocte,
1131 2022 1232 2077 hoc
1257 2030 1340 2077 est
1353 2021 1419 2078 de
1441 2022 1561 2078 luce
1588 2038 1653 2078 ac
1676 2022 1933 2092 tenebris,

346 2128 650 2169 sermonem
699 2115 1056 2170 instituamus.
1111 2113 1552 2185 Quandoquidem
1605 2115 1747 2170 enim
1793 2114 1936 2170 diem

246 2270 251 2277 ,
348 2205 653 2275 segregavit
697 2205 749 2260 in
793 2220 930 2276 opus
976 2207 1224 2261 humanae
1274 2215 1515 2270 natura),
1563 2214 1620 2262 et
1645 2214 1856 2262 noctem
1884 2206 1935 2260 in

348 2298 590 2368 requiem
626 2307 682 2355 et
721 2300 1092 2365 remissionem
1129 2300 1368 2357 laborum
1389 2342 1405 2367 ,
1445 2316 1724 2357 mensuras
1749 2309 1804 2357 et
1832 2309 1939 2361 ter-

352 2379 526 2445 minos
552 2391 789 2461 utrisque
814 2393 1041 2463 prteﬁxit
1061 2434 1078 2457 ,
1114 2393 1253 2448 unde
1283 2393 1435 2448 nobis
1460 2394 1710 2449 omnibus
1737 2392 1940 2450 benefi-

353 2480 435 2534 cia
479 2480 721 2550 quredam
768 2484 1133 2552 provenirent.
1184 2483 1315 2539 Nam
1361 2483 1503 2555 quod
1551 2485 1678 2551 lux,
1731 2485 1955 2552 diurnre,

352 2574 679 2643 operationis
703 2575 774 2631 sit
799 2583 1044 2648 tempus,
1093 2576 1218 2632 audi
1249 2576 1413 2632 David
1440 2576 1705 2633 dicentem
1736 2594 1749 2632 :
1779 2576 1941 2648 Egre-

353 2665 521 2719 dietur
549 2666 699 2719 homo
733 2666 802 2721 ad
829 2683 956 2738 opus
984 2683 1132 2722 suum
1156 2708 1171 2734 ,
1224 2676 1273 2722 et
1310 2666 1379 2721 ad
1418 2668 1760 2737 operationem
1795 2684 1941 2722 suam

357 2772 514 2826 usque
550 2757 619 2810 ad
656 2773 911 2828 vesperam
941 2757 1113 2830 (Psal.
1144 2758 1265 2814 105.
1297 2757 1415 2831 25).
1474 2758 1543 2813 Et
1570 2759 1708 2814 bene
1744 2759 1937 2829 inquit,

360 2844 532 2918 Usque
566 2847 634 2902 ad
659 2863 915 2918 vesperam
947 2867 962 2903 :
991 2865 1111 2905 nam
1153 2851 1435 2921 ingruente
1468 2843 1795 2915 νθερετθιυκ
1810 2843 1938 2900 abs-

354 2937 537 2997 cedit.
613 2948 668 2994 et
709 2940 1059 2996 succedentes
1091 2941 1324 2997 tenebrae
1367 2941 1654 2997 humanam
1697 2950 1941 2997 naturam

355 3029 604 3099 sopiunt,
630 3039 687 3086 et
709 3045 906 3101 corpus
931 3032 1073 3102 quod
1097 3032 1465 3101 laboraverat,
1494 3034 1658 3106 quieti
1702 3033 1938 3101 tradunt,

355 3135 547 3176 sensus
591 3136 781 3178 omnes
826 3124 1138 3190 remittunt,
1187 3133 1242 3178 et
1289 3125 1442 3195 quasi
1493 3127 1670 3181 nutrix
1718 3126 1939 3196 Optima,

357 3226 608 3268 sensuum
633 3215 848 3285 organis
868 3216 1114 3272 omnibus
1138 3217 1370 3287 quietem
1397 3233 1428 3273 a
1457 3218 1724 3274 laboribus
1758 3219 1944 3290 fatiga-

353 3305 700 3376 tionibusque
746 3307 1066 3362 concedunt.
1116 3307 1250 3364 Cum
1298 3324 1425 3364 vero
1469 3324 1716 3365 mensura
1769 3312 1943 3366 noctis

361 3395 583 3465 impleta
611 3395 802 3463 fuerit,
831 3398 1265 3469 appropinquans
1302 3400 1435 3456 lucis
1461 3400 1724 3456 adventus
1745 3400 1947 3457 excitat

360 3495 416 3541 et
448 3486 498 3540 id
519 3487 628 3558 agit
653 3495 711 3542 ut
739 3489 976 3559 vigentes
1005 3489 1296 3561 reiectique
1315 3506 1506 3548 sensus
1535 3492 1742 3547 solares
1768 3491 1946 3548 radios

361 3576 588 3643 adeant,
619 3588 674 3634 et
700 3589 759 3634 ut
787 3580 948 3636 homo
973 3596 1108 3638 nova
1138 3583 1365 3655 quadam
1409 3593 1464 3640 et
1502 3584 1726 3640 ferventi
1756 3585 1948 3640 alacri-

359 3677 471 3724 tate
496 3671 766 3727 consuetis
794 3673 1044 3742 operibus
1068 3689 1282 3730 manum
1304 3675 1605 3733 admoveat.
1634 3676 1765 3732 lllud
1785 3677 1944 3733 etiam

360 3761 418 3816 in
454 3765 577 3817 anni
608 3764 1049 3821 conversionibus
1078 3763 1193 3821 fieri
1218 3767 1505 3836 cernimus.
1537 3767 1778 3825 Hiemem
1802 3769 1944 3825 enim

361 3855 561 3926 excipit
588 3871 683 3911 ver
705 3898 721 3923 ,
761 3865 817 3912 et
840 3869 1042 3915 exacta:
1071 3860 1243 3915 aestati
1272 3862 1509 3917 succedit
1533 3872 1819 3918 autumnus
1850 3882 1863 3919 :
1890 3872 1949 3918 ut

360 3961 459 4017 per
494 3948 912 4006 vicissitudinem
961 3960 1259 4022 temporum
1287 3962 1341 4008 et
1381 3956 1567 4008 mutati
1614 3956 1753 4011 aeris
1794 3957 1947 4026 quie-

362 4048 514 4094 scant
539 4053 762 4111 corpora
806 4050 1020 4107 nostra,
1068 4058 1240 4113 neque
1266 4043 1462 4114 frigore
1491 4046 1713 4101 nimium
1751 4062 1948 4118 conge-

362 4131 469 4186 lata
494 4142 921 4202 corrumpantur,
951 4150 1127 4205 neque
1147 4136 1341 4192 caloris
1362 4138 1699 4195 vehementia
1722 4141 1945 4198 nimium

362 4221 617 4277 calefacta
648 4222 1006 4278 dissolvantur
1038 4242 1051 4281 :
1079 4234 1133 4280 et
1162 4235 1220 4281 ut
1259 4227 1325 4282 ad
1366 4228 1473 4284 hoc
1514 4244 1613 4284 nos
1654 4242 1943 4301 prmparet,

365 4311 531 4368 hiemi
556 4314 829 4383 praemittit
857 4324 1170 4372 autumnum
1191 4357 1208 4385 ,
1253 4326 1309 4373 et
1343 4321 1515 4375 aestati
1546 4335 1659 4377 ver.
1713 4323 1865 4390 Quod
1901 4324 1947 4380 si

367 4404 488 4476 quis
527 4405 818 4475 prudenter
859 4407 976 4464 hmo
1008 4411 1186 4466 omnia
1214 4425 1395 4469 secum
1422 4415 1767 4484 expenderit,
1800 4416 1950 4474 inve-

363 4496 475 4553 niet
503 4496 557 4553 in
579 4499 827 4555 onmibus
846 4502 1104 4558 creaturis
1127 4504 1367 4561 ordinem
1396 4515 1451 4562 ct
1475 4508 1734 4567 rationem
1762 4525 1948 4581 quam-

352 4587 519 4656 dam,
563 4598 619 4645 et
645 4591 774 4647 nihil
809 4602 1010 4650 temere
1031 4602 1086 4650 et
1107 4594 1310 4668 absque
1335 4599 1542 4655 ratione
1567 4599 1783 4658 factum.
1834 4601 1948 4658 lloc

361 4690 418 4736 et
442 4680 494 4736 in
517 4683 831 4749 seminibus,
859 4701 978 4757 qua:
1000 4703 1065 4747 ex
1090 4696 1229 4744 terra
1258 4701 1575 4759 nascuntur,
1617 4694 1734 4763 quis
1760 4693 1946 4751 videre

364 4782 559 4843 potest.
614 4774 797 4846 Neque
846 4778 988 4832 enim
1037 4780 1215 4836 omnia
1267 4780 1455 4837 eodem
1501 4791 1738 4853 tempore
1788 4784 1946 4841 tellus

361 4864 584 4935 profert,
617 4882 790 4939 neque
822 4883 979 4925 omne
1008 4876 1217 4942 tempus
1245 4872 1313 4928 ad
1333 4873 1622 4931 excolenda
1651 4885 1807 4931 terra:
1825 4890 1947 4947 ger-

363 4957 506 5012 mina
558 4958 808 5016 idoneum
857 4970 968 5028 est;
1028 4961 1122 5018 sed
1175 4963 1326 5020 novit
1373 4966 1605 5037 agricola
1652 4982 1947 5038 congruum

369 5055 580 5119 tempus
605 5091 621 5116 ,
650 5052 790 5120 quod
823 5068 916 5122 per
943 5054 1255 5126 sapientiam
1283 5056 1383 5112 sibi
1409 5072 1438 5112 a
1470 5056 1580 5113 Deo
1607 5057 1785 5113 datam
1813 5059 1949 5115 didi—

360 5139 467 5201 cit.
515 5143 728 5210 quando
780 5161 973 5216 nempe
1020 5148 1339 5214 serendum,
1392 5150 1603 5220 quando
1649 5151 1947 5221 plantandte

362 5231 619 5297 arbores,
667 5237 881 5305 quando
915 5240 1050 5296 vites
1090 5248 1249 5296 terrm
1294 5240 1498 5296 sinibus
1536 5241 1944 5311 concredendae,

363 5325 578 5391 quando
608 5327 673 5382 ad
717 5344 947 5386 messem
978 5334 1231 5390 acuenda:
1271 5335 1431 5390 falces
1455 5375 1472 5401 ,
1515 5335 1729 5407 quando
1758 5335 1950 5393 decer-

363 5415 522 5482 pendi
555 5414 827 5473 vinearum
862 5419 1062 5477 fructus
1086 5465 1102 5489 ,
1133 5434 1186 5479 et
1228 5424 1368 5480 botri
1414 5424 1664 5481 demendi
1685 5468 1700 5491 ,
1733 5425 1946 5497 quando

364 5514 416 5559 et
446 5507 704 5564 olivarum
747 5512 919 5567 baccm
963 5514 1291 5586 colligendm.
1334 5517 1402 5572 Et
1430 5519 1704 5588 invenies,
1745 5521 1788 5573 si
1834 5520 1948 5574 hmo

368 5598 546 5652 ortiriia
577 5599 857 5671 diligenter
882 5603 1112 5660 volueris
1143 5607 1411 5679 inquirere
1430 5651 1445 5677 ,
1473 5624 1662 5680 magna
1688 5610 1948 5680 sapiuitia

430 5690 448 5722 ⁸
482 5691 682 5750 quidem
708 5700 834 5757 uss,
859 5694 1132 5748 clariorem.

2031 362 2190 416 etiam
2230 362 2489 432 agricolas
2537 378 2657 420 esse
2696 364 2969 441 prmditos.
3019 365 3136 422 Jam
3186 382 3293 424 non
3343 368 3515 425 Solum
3560 387 3615 426 in

2029 460 2170 506 terra
2211 453 2313 508 hoc
2336 453 2520 510 videre
2550 454 2708 522 licet,
2738 455 2834 511 sed
2860 458 3023 512 etiam
3067 462 3120 512 in
3148 459 3304 514 mari.
3359 460 3501 521 Ecce
3532 461 3619 517 hic

2028 543 2187 598 aliam
2231 544 2596 602 admirabilem
2640 548 2953 618 sapientiam
2997 559 3245 619 spectare
3285 561 3458 620 potes.
3504 551 3620 608 Scit

2028 633 2171 688 enim
2202 635 2483 692 nauclerus
2511 637 2723 707 quando
2749 638 3064 694 deducenda
3090 640 3161 695 sit
3188 640 3339 697 navis
3360 684 3373 706 ,
3403 642 3618 712 quando

2028 739 2058 779 a
2080 735 2237 796 portu
2265 727 2594 793 solvendum,
2621 727 2834 798 quando
2864 730 3183 787 transeunda
3208 732 3373 787 maria
3398 748 3412 797 ;
3444 733 3616 788 maxi-

2032 832 2223 887 meque
2275 817 2327 872 in
2375 818 2550 874 nautis
2599 819 3019 889 deprehenditur
3066 820 3409 888 intellectus,
3458 839 3619 894 quem

2030 907 2208 964 divina
2237 908 2493 980 sapientia
2520 909 2765 965 humana:
2795 921 2997 967 natura:
3026 912 3234 967 indidit.
3262 913 3448 983 Neque
3473 915 3619 969 enim

2030 1001 2120 1070 qui
2164 1016 2259 1070 per
2284 1002 2397 1057 vias
2428 1001 2666 1071 publicas
2694 1012 2937 1069 currunt,
2973 1005 3041 1058 ita
3068 1004 3384 1061 diverticula
3421 1007 3620 1071 sciunt,

2032 1103 2091 1148 ut
2119 1093 2153 1149 ii
2181 1095 2270 1164 qui
2301 1095 2353 1148 in
2379 1093 2531 1164 aquis
2553 1103 2756 1150 certum
2785 1096 2887 1151 iter
2915 1095 3133 1151 facitmt.
3186 1096 3410 1168 Propter
3440 1098 3541 1153 hoc
3565 1107 3625 1154 et

2033 1184 2304 1255 Scriptura
2335 1185 2722 1257 obstupescens
2767 1187 3092 1243 eminentem
3135 1188 3452 1258 sapientiam
3500 1188 3622 1256 Dei,

2035 1277 2165 1333 dicit
2197 1295 2209 1332 :
2245 1279 2341 1345 Qui
2367 1278 2502 1333 dedit
2527 1280 2579 1333 iu
2609 1278 2739 1332 mari
2783 1279 2914 1333 uiam
2937 1322 2952 1347 ,
2999 1289 3048 1334 et
3084 1280 3137 1334 in
3177 1296 3310 1350 aqua
3348 1280 3623 1335 uehementi

2036 1372 2266 1425 semitam
2292 1370 2444 1441 (Sap.
2475 1370 2561 1426 14.
2593 1369 2670 1443 5).
2720 1370 2851 1439 Quae
2878 1371 3109 1426 humana
3135 1371 3274 1426 ratio
3302 1380 3480 1441 potest
3506 1372 3624 1425 tunc

2035 1463 2399 1532 pernoscere?
2454 1462 2708 1519 Eamdem
2756 1463 3020 1519 rationem
3072 1464 3306 1519 inveniet
3360 1463 3624 1534 quispiam

2039 1555 2198 1610 etiam
2243 1555 2295 1609 in
2323 1554 2458 1610 cibis
2481 1569 2614 1624 quos
2651 1555 2931 1611 sumimus.
2962 1555 3094 1610 Nam
3116 1556 3340 1626 singulis
3365 1556 3626 1625 tempori-

2040 1648 2138 1703 bus
2164 1656 2218 1704 et
2242 1648 2364 1702 anni
2412 1649 2653 1718 partibus
2681 1650 2827 1704 varia
2852 1657 2908 1703 et
2934 1646 3146 1705 diversa
3189 1649 3341 1705 nobis
3368 1650 3621 1705 alimenta

2042 1738 2301 1793 Dominus
2356 1739 2577 1809 largitur
2620 1757 2635 1794 :
2685 1749 2825 1795 terra
2877 1742 3020 1795 enim
3070 1741 3219 1810 quasi
3269 1740 3469 1810 optima
3522 1756 3624 1794 uu-

2038 1831 2145 1885 trix
2171 1831 2312 1886 dona
2332 1846 2429 1886 sua
2458 1831 2613 1887 nobis
2640 1831 2878 1903 profert,
2908 1842 3175 1903 praecepto
3203 1830 3473 1887 Creatoris
3513 1846 3629 1887 ser-

2044 1923 2216 1979 vieus.

2111 2014 2165 2069 2.
2194 2014 2393 2070 Verum
2420 2031 2490 2071 ne
2524 2014 2783 2086 prolixius
2812 2028 3115 2070 sermonem
3141 2012 3426 2069 extendam
3447 2053 3463 2076 ,
3502 2012 3630 2068 licc«

2043 2106 2120 2162 bit
2141 2108 2291 2163 vobis
2329 2123 2427 2179 pro
2452 2117 2630 2164 vestra
2659 2108 2939 2179 prudentia
2972 2122 3257 2163 recensere
3285 2106 3388 2161 alia
3425 2106 3625 2163 omnia.

2045 2199 2125 2252 Da
2149 2200 2291 2254 enim
2316 2241 2330 2265 ,
2377 2200 2583 2270 inquit,
2626 2199 2842 2270 sapienti
2871 2199 3222 2266 occasionem,
3265 2207 3311 2251 et
3354 2198 3630 2267 sapientior

2042 2293 2135 2353 erit
2179 2290 2361 2361 (Prov.
2389 2292 2443 2348 9.
2474 2292 2554 2362 9).
2609 2290 2793 2361 Neque
2841 2292 2893 2344 in
2937 2289 3135 2344 noSIris
3181 2288 3455 2343 dumtaxat
3495 2287 3629 2342 ciliis

2045 2383 2146 2438 hoc
2175 2382 2355 2438 videre
2379 2392 2463 2437 est
2483 2422 2501 2450 ,
2547 2381 2642 2438 sed
2671 2390 2726 2437 et
2764 2382 2816 2437 in
2847 2381 2912 2436 iis
2938 2396 3056 2451 qua:
3082 2381 3359 2435 brutorum
3388 2387 3529 2434 sunt.
3566 2378 3631 2432 Et

2044 2474 2306 2543 poteritis,
2331 2475 2377 2528 si
2399 2473 2578 2540 vultis,
2610 2474 2770 2530 etiam
2798 2474 2849 2528 in
2878 2472 3057 2527 multis
3083 2472 3205 2526 aliis
3233 2472 3505 2541 inquirere
3527 2511 3544 2534 ,
3575 2478 3630 2524 et

2043 2567 2320 2623 addiscere
2356 2567 2545 2638 optimi
2588 2568 2812 2623 artificis
2839 2565 2934 2621 Dei
2963 2565 3287 2620 ineffabilem
3315 2564 3628 2634 sapientiam

2045 2672 2098 2717 ct
2124 2661 2446 2717 eminentem
2478 2659 2770 2715 bonitatem
2791 2701 2806 2724 ,
2834 2657 3105 2730 quomodo
3126 2666 3389 2713 creaturae
3409 2655 3632 2725 singula:

2048 2754 2256 2809 ratione
2279 2753 2506 2824 quadam
2535 2751 2766 2806 condita:
2784 2749 2893 2807 sint
2924 2750 2965 2804 ³.
2993 2748 3248 2806 Similiter
3265 2748 3421 2819 igitur
3443 2751 3501 2800 et
3529 2745 3631 2807 hu.-

2041 2844 2129 2915 jus
2157 2859 2323 2900 saera:
2351 2843 2785 2915 Quadragesima:
2813 2850 3055 2913 tempore
3083 2841 3430 2898 constitutum
3478 2840 3633 2897 nobis

2045 2936 2395 2992 inveniemus.
2425 2934 2558 2992 Nam
2586 2933 3033 3004 quemadmodum
3063 2934 3115 2988 in
3138 2934 3240 2989 viis
3263 2934 3487 3004 publicis
3507 2944 3633 2990 sunt

2045 3030 2305 3085 stationes
2349 3036 2403 3084 et
2439 3027 2790 3094 diverticula,
2839 3027 2893 3082 in
2931 3026 3125 3097 quibus
3171 3024 3297 3081 fessi
3326 3025 3633 3081 viatoresct

2047 3121 2313 3191 respirant
2348 3128 2404 3175 et
2440 3119 2740 3189 quiescunt,
2793 3127 2855 3173 ut
2898 3127 3083 3188 postea
3127 3118 3229 3173 iter
3281 3132 3433 3173 suum
3464 3118 3634 3179 confa-

2047 3211 2194 3267 ciant
2221 3228 2235 3266 :
2261 3219 2316 3266 et
2344 3211 2484 3266 sicut
2509 3210 2561 3265 in
2595 3210 2730 3265 mari
2759 3210 2935 3265 littora
2962 3219 3122 3276 sunt,
3150 3217 3206 3265 et
3231 3218 3417 3280 portus
3435 3250 3450 3274 ,
3478 3218 3538 3263 ut
3563 3209 3636 3264 ibi

2048 3311 2225 3356 nauta:
2262 3309 2542 3371 postquam
2578 3300 2776 3356 multos
2808 3299 3001 3355 ﬂuetus
3029 3301 3391 3370 trajecerant,
3423 3308 3479 3354 et
3506 3314 3635 3354 ven—

2049 3400 2226 3447 turum
2254 3392 2471 3463 impelui
2499 3393 2832 3458 restiterunt,
2861 3392 3122 3462 tantisper
3146 3393 3441 3462 quiescant,
3477 3400 3532 3446 et
3558 3391 3636 3446 sic

2052 3484 2242 3540 iterum
2272 3483 2524 3555 navigare
2556 3483 2810 3554 incipiant
2836 3501 2851 3538 :
2879 3484 2950 3539 ita
2976 3493 3031 3539 et
3051 3499 3192 3539 nunc
3219 3484 3285 3539 iis
3303 3485 3393 3553 qui
3420 3485 3471 3538 in
3497 3484 3637 3552 Qua-

2050 3575 2349 3647 dragesima
2376 3575 2562 3646 jejunii
2584 3591 2798 3632 cursum
2830 3591 3116 3647 suscepere
3140 3620 3155 3643 ,
3196 3578 3347 3648 quasi
3377 3578 3636 3634 stationes

2050 3675 2107 3723 et
2126 3666 2419 3723 diversoria
2444 3707 2458 3731 ,
2486 3675 2540 3723 et
2566 3667 2745 3722 littora
2776 3675 2828 3723 et
2851 3677 3055 3738 portus,
3086 3670 3251 3723 hosce
3275 3668 3412 3724 duos
3436 3668 3637 3724 hebdo-

2050 3757 2222 3819 madas
2246 3757 2359 3813 dies
2381 3758 2459 3830 (a)
2490 3758 2751 3814 Dominus
2778 3759 3011 3829 quietem
3056 3759 3276 3830 largitus
3319 3768 3435 3828 est,
3482 3769 3538 3814 ut
3584 3770 3638 3815 et

2051 3848 2264 3919 corpori
2285 3849 2667 3921 aliquantulum
2703 3849 2892 3922 jejunii
2922 3851 3157 3905 laborem
3186 3851 3517 3908 remittentes
3538 3893 3553 3918 ,
3583 3861 3639 3907 ct

2051 3941 2282 3996 animam
2315 3951 2640 4008 recreantes,
2681 3942 2884 3997 exactis
2913 3942 3122 3998 duobus
3168 3942 3273 3996 illis
3313 3942 3536 4007 diebus,
3582 3944 3637 3998 in

2053 4031 2279 4104 pulchre
2319 4043 2496 4103 empto
2532 4033 2723 4089 itinere
2765 4033 3012 4087 alacriter
3056 4041 3279 4103 pergant
3308 4035 3338 4087 ii
3366 4033 3457 4103 qui
3505 4033 3639 4089 illud

2052 4133 2421 4196 susceperunt.
2467 4127 2580 4196 Age
2607 4125 2767 4196 igitur
2790 4166 2806 4193 ,
2833 4116 2956 4196 quia
2979 4125 3137 4180 hodie
3173 4125 3505 4180 remissionis
3522 4126 3640 4181 dies

2052 4227 2173 4286 est,
2212 4218 2610 4274 obsecrabimus
2637 4228 2868 4274 vestram
2893 4220 3193 4285 caritatem,
3223 4229 3281 4274 ut
3304 4234 3493 4289 magna
3513 4219 3638 4275 dili-

2051 4311 2226 4382 gentia
2252 4311 2455 4365 lucrum
2480 4324 2544 4365 ex
2567 4310 2772 4380 jejunio
2794 4310 3074 4365 collectum
3100 4309 3411 4366 custodiatis
3435 4326 3448 4361 :
3472 4318 3528 4365 et
3544 4324 3635 4367 re-

2053 4410 2265 4473 sumpto
2291 4416 2574 4472 parumper
2612 4401 2802 4472 spiritu
2825 4441 2840 4468 ,
2887 4415 3010 4456 mox
3055 4400 3246 4455 iterum
3280 4400 3455 4471 priora
3483 4401 3638 4457 novis

2054 4496 2398 4553 incrementis
2444 4494 2762 4561 cumuletis,
2803 4503 2860 4550 et
2884 4493 2963 4548 sic
3002 4492 3253 4564 paulatim
3282 4491 3350 4548 ad
3379 4492 3637 4562 majorem

2044 4589 2464 4661 negotiationem
2508 4589 2786 4655 instructi,
2832 4587 2886 4649 in
2918 4586 3250 4642 Dominicnm
3281 4586 3422 4641 diem
3448 4601 3646 4640 occur-

2053 4682 2203 4749 ratis,
2231 4690 2286 4736 et
2313 4681 2644 4751 spiritualem
2673 4688 2902 4734 vestram
2924 4678 3097 4734 navim
3123 4678 3173 4732 in
3204 4688 3415 4748 portum
3439 4687 3638 4732 sancta:

2053 4774 2354 4830 festivitatis
2389 4774 2600 4844 plenam
2640 4771 2936 4827 adducatis.
2986 4769 3117 4824 Nam
3146 4769 3283 4824 sicut
3312 4768 3490 4823 omnia
3515 4783 3637 4834 qua:

2052 4880 2083 4921 a
2126 4865 2352 4920 Domino
2391 4873 2518 4919 sunt
2559 4862 2735 4929 facta,
2777 4862 2914 4918 sicut
2939 4870 2994 4918 et
3032 4874 3281 4917 sermone
3311 4859 3636 4915 declaratum

2054 4964 2137 5012 est
2159 4944 2326 5011 et'res
2352 4955 2480 5024 ipsa:
2505 4963 2784 5019 testantur,
2808 4953 3012 5008 ratione
3040 4960 3095 5007 et
3121 4951 3377 5020 sapientia
3407 4949 3637 5021 quadam

2052 5042 2191 5103 facta
2221 5056 2367 5114 sunt,
2395 5062 2553 5102 usum
2579 5046 2940 5103 necessarium
2965 5044 3270 5102 exhibentia
3303 5062 3316 5098 :
3353 5045 3422 5099 ita
3445 5054 3498 5100 ct
3518 5059 3641 5115 qua:

2053 5154 2084 5194 a
2110 5139 2263 5195 nobis
2288 5138 2460 5205 ﬁunt,
2503 5154 2570 5194 ne
2606 5139 2806 5210 absque
2828 5152 2991 5194 causa
3019 5144 3074 5192 et
3097 5134 3294 5191 frustra
3328 5135 3451 5191 fiant
3481 5150 3634 5207 opor-

2120 5273 2135 5306 ι
2171 5270 2383 5334 coislin.,
2404 5284 2499 5322 uno
2516 5270 2656 5334 verbo
2676 5278 2721 5323 et
2733 5270 2895 5334 jussu,
2919 5282 3025 5332 pro.
3049 5268 3234 5334 ratione
3249 5268 3481 5334 quartam.

2118 5333 2191 5396 (a)
2231 5352 2255 5381 ι
2276 5335 2531 5384 sabbatum
2553 5331 2746 5383 scilicet
2774 5333 3006 5395 diemque
3048 5332 3354 5396 Dominicnm,
3379 5331 3539 5396 inquit
3557 5335 3641 5377 Sa-

2053 5393 2221 5458 vilius;
2249 5398 2483 5458 Dominica
2514 5395 2742 5458 jejunare
2764 5393 3364 5458 numquampermissum.
3392 5399 3442 5440 tn
3466 5394 3638 5441 Orien-

2060 5456 2137 5525 tali
2161 5454 2644 5525 veroEcclesia'olim
2681 5465 2775 5506 tam
2811 5454 2949 5525 uetas
2976 5456 3181 5525 sabbato
3211 5454 3457 5525 jeju'nare,
3493 5465 3640 5525 quam

2055 5519 2135 5588 die
2157 5520 2414 5588 Dominica.
2461 5520 2690 5588 lgnatins,
2722 5531 2816 5567 seu
2837 5517 3057 5588 quisquis
3093 5523 3172 5588 est
3190 5514 3273 5586 qui
3311 5514 3421 5588 illas
3447 5514 3639 5586 scripsit

2056 5579 2300 5648 epistolas.
2325 5592 2436 5648 quae
2461 5578 2569 5642 ejus
2603 5578 2825 5630 feruntur
2849 5578 3043 5648 nomine
3068 5591 3081 5627 :
3190 5578 3313 5648 quis
3338 5578 3638 5648 bonumeam

2056 5633 2186 5690 diem
2207 5649 2290 5690 aut
2303 5633 2574 5703 sabbatum,
2595 5652 2687 5690 uno
2700 5648 2902 5703 excepto
2911 5638 3168 5703 jejunat'it,
3189 5633 3232 5691 is
3252 5638 3433 5690 Christi
3455 5651 3525 5687 or.
3539 5633 3643 5688 isor

2058 5710 2145 5762 est,
2168 5705 2309 5765 Epist.
2334 5702 2366 5753 8
2387 5703 2448 5753 ad
2469 5702 2831 5767 Philippenses.’
2846 5717 2868 5749 ι
