4018 6136
245 271 308 328 9|
1501 267 1570 325 3N
1614 265 1767 324 CAP.
1806 262 1830 318 1
1867 260 1935 319 Gl

2042 261 2112 318 εδ.
2157 258 2388 320 ΗΟΜΠ...
2434 259 2522 316 XI.
3627 263 3697 320 82

244 384 415 442 τοῦτο
466 383 724 457 βούλομαι
784 382 1022 455 σήμερον
1073 384 1439 457 ἀφελεστέρσν
1491 385 1623 457 ὑμῖν
1671 400 1697 429 a
1747 401 1926 457 παρα-

248 469 434 524 θεῖναι
482 465 846 522 διδασκαλίαν.
903 466 1172 538 Καθάπερ
1223 467 1334 538 γάρ
1377 468 1439 522 τὸ
1488 468 1647 540 σῶμα
1690 468 1798 523 ὑπὸ
1827 467 1930 537 τῆς

249 557 518 627 νηστείας
544 553 915 624 κατεσκληκδς
947 553 1116 607 δεῖται
1150 555 1352 624 μικρᾶς
1387 555 1647 618 ἀνέσεως,
1691 555 1758 608 ἶν’
1789 551 1931 606 οὑτω

251 643 426 699 πάλιν
449 640 773 713 ἀκμαζούσῃ
816 642 883 711 τῇ
912 638 1193 712 προθυμίᾳ
1221 640 1357 711 πρὸς
1392 639 1518 703 τοὺς
1550 643 1649 710 τῆς
1677 639 1929 711 νηστείας

254 731 485 799 ἀγῶνας
514 727 946 798 έπαποδύσηται·
984 727 1127 781 οὕτω
1150 728 1244 782 καὶ
1283 729 1316 798 ή
1346 726 1492 798 ψυχὴ
1518 727 1707 799 χρῄζει
1747 726 1931 780 διανα-

256 813 535 868 παύεσθαι
566 812 661 867 καὶ
709 810 972 865 ἀνίεσθαι.
1006 809 1143 864 Οὔτε
1182 808 1293 880 γάρ
1316 810 1406 864 ἀεὶ⁵
1436 810 1773 864 κατατείνειν
1798 808 1928 881 χρὴ,

249 900 378 955 οὔτε
415 899 477 953 δὲ
517 898 749 960 ἀνιέναι,
780 896 915 951 ἀλλά
940 897 1070 951 ποτὲ
1104 896 1202 966 μὲν
1261 896 1442 961 τοῦτο,
1497 896 1625 950 ποτὲ
1657 896 1715 950 δὲ
1755 896 1931 949 έκεῖνο

250 990 461 1048 ποιεῖν,
490 986 586 1039 καὶ
604 984 776 1047 οὑτως
818 985 1052 1054 ἡνιοχεῖν
1074 983 1167 1037 καὶ
1193 985 1291 1055 τῆς
1319 983 1497 1053 ψυχῆς
1526 982 1625 1054 τὴν
1656 982 1928 1036 κατάστα-

250 1090 361 1138 σιν,
398 1074 499 1126 καὶ
519 1074 617 1143 τῆς
644 1068 928 1141 σαρκὸςτά
953 1071 980 1111 ιι
1008 1070 1370 1141 σκιρτήματα.
1405 1071 1616 1139 ’Ὠσπερ
1645 1069 1752 1141 γὰρ
1771 1069 1830 1123 τὸ
1844 1070 1932 1125 ἀεὶ

249 1157 600 1211 κατατείνειν
629 1157 741 1217 τοῖς
768 1154 950 1217 πόνοις
973 1154 1288 1207 ἀποκναίειν
1304 1157 1448 1208 ποιεῖ
1471 1155 1564 1209 καὶ
1585 1153 1927 1210 ἀναπίπτεινο

247 1239 400 1293 οὕτω
430 1239 492 1291 τὸ
519 1237 781 1308 διηνεκῶς
824 1235 1028 1291 ἀνιέναι
1056 1237 1136 1299 εἰς
1165 1236 1436 1308 ρᾳθυμίαν
1460 1237 1601 1305 άγει.
1635 1237 1805 1290 Τοῦτο
1836 1236 1930 1291 καὶ

250 1323 349 1376 ἐπὶ
375 1323 481 1393 τῆς
508 1320 705 1391 ψυχῆς,
738 1321 831 1374 καὶ
857 1320 950 1372 ἑπὶ
980 1320 1074 1373 τοῦ
1104 1318 1352 1391 σώματος
1381 1323 1675 1391 συμϐαῖνον
1707 1321 1803 1373 ίδοι
1844 1338 1928 1385 τις

249 1403 339 1459 ἄν.
384 1401 660 1456 Διάτοῦτο
682 1399 956 1471 πανταχοῦ
999 1401 1032 1470 ἡ
1073 1401 1380 1471 συμμετρία
1425 1401 1606 1456 καλόν.
1642 1401 1752 1456 Καὶ
1774 1400 1930 1455 τοῦτο

249 1486 390 1540 αὐτὸ
411 1484 655 1538 διδάσκει
681 1484 828 1553 ἡμᾶς
865 1491 888 1520 ο
938 1483 966 1536 ό
991 1481 1098 1536 τῶν
1129 1482 1266 1536 ὅλων
1313 1483 1467 1547 Θεὸς,
1497 1483 1591 1537 καὶ
1638 1482 1704 1538 δι’
1751 1481 1931 1536 αὐτῶν

247 1567 366 1622 τῶν
404 1564 926 1637 δημιουργημάτων,
980 1563 1017 1617 ἃ
1045 1563 1181 1635 πρὸς
1208 1563 1306 1633 τὴν
1354 1564 1626 1635 ἡμετέραν
1671 1562 1929 1617 σύστασιν

251 1652 578 1722 παρήγαγε.
631 1649 740 1701 Καὶ
772 1647 858 1702 ἴνα
894 1646 1121 1718 μάθητε,
1158 1647 1250 1700 ἑπὶ
1304 1648 1403 1718 τῆς
1455 1647 1670 1718 ἡμέρας
1700 1647 1793 1700 καὶ
1830 1645 1930 1716 τῆς

251 1732 478 1798 νυκτὸς,
505 1729 600 1783 τοῦ
627 1729 802 1798 φωτὸς
826 1727 969 1796 λέγω
999 1728 1092 1781 καὶ
1116 1727 1211 1781 τοῦ
1236 1728 1481 1793 σκότους,
1512 1727 1606 1781 τὸν
1634 1727 1792 1797 λόγον
1837 1744 1929 1795 γυ-

255 1810 581 1881 μνάσωμεν.
619 1805 833 1875 Ἐπειδὴ
862 1805 970 1876 γὰρ
999 1805 1099 1875 τὴν
1141 1804 1239 1876 μὲν
1262 1805 1473 1878 ἡμέραν
1510 1804 1784 1877 ἀφώρισεν
1841 1804 1928 1859 ἐπ’

255 1891 502 1962 ἐργασίᾳ
537 1891 604 1959 τῇ
639 1887 748 1941 τῶν
780 1886 1081 1959 ἀνθρώπων
1102 1887 1279 1956 φύσει,
1309 1888 1369 1940 τὸ
1390 1888 1446 1941 δὲ
1468 1888 1567 1959 τῆς
1598 1887 1790 1953 νυκτὸς
1814 1888 1931 1942 σκό-

254 1992 353 2039 τος
383 1974 467 2036 εἰς
511 1973 694 2027 ἄνεσιν
738 1970 831 2023 καὶ
875 1969 1164 2041 ἀνακωχην
1212 1969 1321 2024 τῶν
1351 1970 1557 2037 πόνων,
1605 1969 1779 2042 μέτρα
1833 1972 1930 2025 καὶ

253 2058 422 2129 ὅρους
454 2054 732 2125 ἑκατέροις
778 2050 995 2123 ἔπηξεν,
1034 2051 1174 2104 ὥστε
1224 2052 1317 2105 καὶ
1357 2052 1602 2116 ἅπαντας
1647 2053 1794 2123 ήμᾶς
1830 2051 1930 2121 τῆς

255 2134 475 2189 ἐκεῖθεν
533 2129 850 2202 εὐεργεσίας
891 2130 1205 2188 ἀπολαύειν.
1260 2130 1383 2183 Ὅτι
1420 2130 1530 2201 γὰρ
1578 2129 1639 2184 τὸ
1673 2131 1788 2200 φῶς
1832 2132 1930 2201 τῆς

254 2216 532 2285 ἡμερινῆς
557 2210 813 2281 ἐργασίας
849 2211 967 2264 ἐστὶ
1010 2210 1220 2283 καιρὸς,
1275 2211 1442 2265 ἀκουε
1493 2210 1587 2263 τοῦ
1637 2212 1801 2265 Δαυῒδ
1837 2212 1928 2266 λέ-

255 2313 472 2367 γοντος,
491 2294 903 2359 Ἐξελεύσεται
929 2291 1239 2362 ἄνθρωπος
1290 2293 1389 2347 ἐπί
1423 2294 1492 2347 τὸ
1519 2293 1696 2363 ἔργον
1719 2292 1927 2361 αὑτοῦ,

254 2381 359 2434 καί
392 2377 494 2431 ἐπί
524 2375 640 2444 τὴν
670 2376 958 2445 ἐργασίαν
983 2375 1192 2439 αὐτοῦ,
1228 2374 1338 2441 ἕως
1363 2375 1643 2445 ἑσπέρας.
1673 2378 1784 2430 Καὶ
1830 2394 1929 2431 κα-

256 2460 369 2524 λῶς
398 2454 573 2523 εἶπεν,
598 2457 751 2523 ’Ἕως
772 2456 1052 2525 ἑσπέρας·
1087 2457 1496 2529 καταλαϐούσης
1521 2458 1629 2530 γὰρ
1653 2459 1750 2530 τῆς
1777 2459 1932 2513 ἑσπέ-

258 2560 386 2613 ρας,
415 2541 476 2594 τδ
506 2540 621 2609 φῶς
646 2539 936 2610 ιὒποχωρεῖ,
962 2539 1056 2593 καὶ
1079 2538 1302 2592 ἐπελθὸν
1323 2538 1383 2592 τὸ
1405 2540 1591 2603 σκότος
1610 2539 1931 2611 κατακοιμί-

255 2624 346 2689 ζει
371 2624 475 2693 τὴν
508 2621 855 2692 ἀνθρωπίνην
886 2620 1064 2690 φύσιν,
1096 2621 1189 2675 καὶ
1231 2621 1292 2674 τὸ
1314 2619 1472 2692 σῶμα
1492 2621 1794 2692 πεπονηκὸς
1814 2622 1932 2677 δια-

256 2703 520 2766 ναπαύει,
557 2702 771 2764 καὶτὰς
819 2702 1098 2772 αἰσθήσεις
1139 2701 1355 2766 ἁπάσας
1382 2702 1581 2771 ἀνίησι,
1629 2702 1723 2757 καὶ
1761 2703 1932 2759 καθά-

256 2803 370 2858 περ
383 2783 586 2856 τροφὸς
604 2783 795 2853 ἀρίστη
816 2782 886 2835 τά
909 2783 1234 2854 αἰσθητήρια
1255 2783 1469 2837 ᾶπαντα
1487 2786 1551 2855 τῇ
1584 2785 1712 2856 παρ’
1733 2786 1931 2858 ἑαυτῆς

258 2868 557 2939 ἐπιμελείᾳ
600 2868 707 2920 τῶν
757 2866 934 2920 πόνων
972 2864 1088 2939 [85]
1135 2865 1367 2920 καὶτῶν
1410 2866 1671 2938 καμάτων
1700 2868 1926 2924 ἀνιεῖσα.

271 2950 534 3005 Ἐπειδὰν
555 2950 610 3003 δὲ
637 2949 896 3021 πληρωθῇ
924 2950 1023 3020 τῆς
1054 2950 1246 3012 νυκτὸς
1280 2950 1341 3003 τὸ
1373 2950 1589 3022 μέτρον,
1631 2952 1931 3023 ἐπιστάσης

255 3034 359 3105 τῆς
380 3033 480 3086 τοῦ
512 3032 687 3102 φωτὸς
716 3032 1014 3103 παρουσίας
1049 3032 1541 3104 καίιδιεγειράσης,
1581 3035 1931 3104 παρασκευά-

259 3117 346 3181 ζει
382 3114 765 3186 ἀκμαζούσαις
790 3117 908 3178 ταῖς
939 3115 1223 3186 αἰσθήσεσι
1282 3115 1603 3185 προσϐαλεῖν
1632 3119 1750 3179 ταῖς
1777 3118 1933 3189 ήλια-

259 3202 391 3262 καῖς
435 3199 638 3263 ἀκτῖσι,
681 3196 907 3252 καὶτῶν
941 3198 1185 3266 συνήθων
1243 3198 1419 3271 ἔργων
1447 3199 1711 3254 ἅπτεσθαι
1762 3204 1932 3274 νεαρᾷ

260 3283 355 3337 καὶ
386 3279 586 3351 ζεούσῃ
616 3282 680 3350 τῇ
708 3279 1186 3351 προθυμία.Τοῦτο
1217 3284 1311 3335 καὶ
1338 3282 1430 3335 ἑπὶ
1462 3283 1569 3337 τῶν
1596 3286 1814 3356 τροπῶν
1835 3288 1930 3339 τοῦ

259 3361 516 3419 ἑνιαυτοῦ
542 3362 688 3415 ἐστιν
718 3361 843 3414 ἰδεῖν
869 3364 1250 3432 γεγενημένον.
1284 3364 1387 3418 Τὸν
1416 3365 1525 3436 γὰρ
1554 3367 1794 3436 χειμῶνα
1820 3367 1933 3421 δια-

258 3448 480 3518 δέχεται
519 3446 636 3516 ἔαρ,
670 3445 763 3499 καὶ
812 3444 983 3507 οὕτως
1015 3445 1335 3524 ἐπιστάντος
1362 3446 1385 3486 δ
1410 3446 1505 3502 τοῦ
1536 3448 1727 3520 θέρους
1760 3466 1931 3504 κατα-

260 3528 533 3601 λαμϐάνει
563 3529 623 3582 τὸ
646 3528 976 3601 μετόπωρον,
1004 3528 1091 3581 ῖνα
1108 3532 1173 3599 τῇ
1210 3529 1474 3602 ἑναλλαγῇ
1503 3532 1602 3601 τῆς
1625 3532 1734 3585 τῶν
1754 3534 1931 3605 ἀέρων

262 3614 519 3684 κράσεως
547 3610 940 3681 διαναπαύηται
969 3610 1124 3681 ήμῶν
1144 3610 1211 3664 τά
1242 3613 1490 3683 σώματα,
1530 3614 1622 3667 καὶ
1663 3615 1798 3684 μήτε
1841 3617 1933 3668 ἐπὶ

262 3696 431 3749 πλέον
458 3695 537 3765 τῷ
561 3693 755 3766 κρυμῷ
777 3693 1093 3765 πηγνύμενα
1106 3694 1500 3766 διαφθείρηται,
1531 3697 1670 3766 μήτε
1699 3696 1804 3750 ὑπὸ
1830 3699 1933 3768 τῆς

261 3778 362 3832 τοῦ
397 3777 591 3848 θέρους
619 3776 976 3848 σφοδρότητος
1004 3777 1096 3829 ἑπὶ
1126 3777 1260 3831 πολὺ
1293 3776 1691 3848 θερμαινόμενα
1718 3779 1935 3850 διαλύη-

261 3877 354 3914 ται
380 3876 395 3888 ·
447 3861 537 3914 διά
578 3860 736 3914 τοῦτο
783 3860 1214 3931 ἐγγυμνάζεσθαι
1259 3860 1664 3930 παρασκευάζει
1695 3862 1801 3932 πρὸ
1836 3863 1934 3932 μὲν

263 3940 360 3994 τοῦ
394 3941 660 4011 χειμῶνος
688 3940 765 4009 τῷ
792 3939 1111 4011 μετοπώρῳ,
1138 3939 1245 4010 πρὸ
1271 3939 1327 3992 δὲ
1347 3938 1438 3993 τοῦ
1469 3939 1658 4011 θέρους
1680 3942 1760 4011 τῷ
1785 3941 1929 4014 ἔαρι.

265 4024 381 4078 Καὶ
414 4024 468 4076 εί
493 4041 575 4086 τις
603 4023 959 4093 εὐγνωμόνως
986 4023 1202 4078 ᾶπαντα
1230 4025 1450 4077 σκοπεῖν
1476 4021 1737 4092 βούλοιτο,
1773 4026 1935 4096 εὑρή-

268 4124 352 4160 σει
388 4108 446 4159 ἑν
475 4106 647 4160 ἅπασι
677 4108 788 4168 τοῖς
814 4105 1258 4176 δημιουργηθεῖσι
1290 4106 1443 4171 τάξιν
1480 4104 1601 4161 τινά
1629 4107 1724 4161 καί
1752 4105 1930 4173 λόγον,

267 4187 363 4239 καὶ
394 4186 546 4240 οὐδὲν
591 4185 776 4249 ἀπλῶς
822 4188 915 4240 καὶ
960 4187 1083 4257 εἰκῆ
1109 4188 1491 4259 γεγενημένον.
1524 4187 1694 4243 Τοῦτο
1722 4192 1814 4244 καὶ
1839 4192 1936 4245 ἐπὶ

268 4270 377 4322 τῶν
408 4270 737 4341 σπερμάτων
767 4268 875 4323 τῶν
912 4270 976 4321 ἑκ
1006 4268 1104 4339 τῆς
1148 4270 1253 4340 γῆς
1299 4271 1692 4342 ἀναδιδομένων
1738 4273 1804 4327 ἄν
1851 4292 1935 4340 τις

270 4349 497 4404 κατίδοι.
532 4349 666 4404 Οὑτε
691 4351 801 4422 γάρ
830 4351 972 4405 κατὰ
1013 4352 1104 4404 τὸν
1144 4352 1308 4406 αὑτὸν
1333 4354 1524 4423 καιρὸν
1552 4354 1768 4409 ἅπαντα
1792 4357 1934 4410 ἑκδίο

271 4431 432 4486 δωσιν
481 4434 513 4503 ή
558 4434 649 4503 γῆ,
680 4433 801 4487 οὕτε
831 4435 859 4488 ό
892 4433 1052 4498 αὑτὸς
1096 4436 1285 4506 καιρὸς
1316 4436 1617 4507 ἐπιτήδειος
1651 4438 1788 4509 πρὸς
1836 4439 1935 4511 τὴν

273 4516 587 4585 ἐπιμέλειαν
617 4516 724 4570 τῶν
749 4516 807 4584 ἐξ
835 4516 1003 4586 αὐτῆς
1035 4516 1436 4586 βλαστανόντων
1454 4537 1467 4550 ·
1498 4520 1611 4572 ἀλλ’
1639 4530 1662 4558 θ
1691 4517 1798 4572 οἶδε
1845 4521 1936 4573 τὸν

275 4599 577 4670 ἁρμόζοντα
611 4600 801 4669 καιρὸν
832 4601 860 4653 ό
887 4600 1143 4670 γηπόνος,
1172 4601 1322 4671 παρά
1352 4602 1452 4671 τῆς
1481 4600 1574 4654 τοῦ
1605 4600 1740 4654 Θεοῦ
1769 4601 1939 4654 δοθεί-

276 4697 374 4750 σης
404 4680 591 4749 σοφίας
622 4680 777 4734 τοῦτο
821 4681 1175 4752 μεμαθηκὼς,
1206 4683 1299 4735 καὶ
1327 4682 1614 4736 ἐπίσταται
1661 4683 1788 4736 πότε
1841 4685 1937 4754 μὲν

272 4762 351 4815 δεῖ
394 4762 464 4817 τά
508 4761 798 4832 σπέρματα
843 4762 1192 4826 καταϐαλεῖν,
1224 4764 1354 4817 πότε
1382 4763 1439 4816 δὲ
1468 4763 1575 4815 τῶν
1605 4763 1834 4835 δένδρων
1870 4763 1937 4816 τά

274 4843 418 4911 φυτά
441 4844 535 4895 καί
568 4844 667 4910 τῆς
698 4842 944 4913 ἀμπέλου
973 4845 1084 4906 τοῖς
1108 4842 1327 4906 κόλποις
1354 4845 1454 4914 τῆς
1484 4842 1588 4912 γῆς
1616 4860 1938 4915 παρακατα-

274 4924 486 4991 θέσθαι,
523 4927 618 4979 καὶ
666 4925 794 4979 πότε
830 4926 930 4995 μὲν
976 4926 1164 4996 θήγειν
1204 4926 1304 4997 τὴν
1344 4925 1617 4997 δρεπάνην
1666 4924 1803 4997 πρὸς
1846 4926 1939 4979 τὸν

273 5008 505 5079 ἀμητόν,
546 5009 676 5061 πότε
720 5008 778 5062 δὲ
816 5010 906 5061 τὸν
952 5009 1164 5080 καρπὸν
1212 5010 1315 5080 τῆς
1348 5009 1595 5079 ἀμπέλου
1621 5008 1935 5081 δρέπεσθαι,

274 5091 367 5144 καὶ
399 5092 526 5154 τοὺς
557 5090 789 5161 βότρυας
813 5093 1118 5163 ἐκτέμνειν,
1145 5093 1239 5147 καὶ
1267 5093 1407 5147 κατὰ
1435 5096 1586 5146 ποῖον
1623 5093 1813 5161 καιρὸν
1841 5094 1933 5144 ἑκ·-

273 5172 450 5243 λέγειν
501 5174 599 5245 τῆς
642 5174 825 5239 ἐλαίας
857 5174 874 5213 ί
915 5175 1004 5229 τὸν
1032 5176 1259 5247 καρπόν.
1288 5177 1397 5230 Καὶ
1422 5176 1693 5246 εὑρήσεις,
1734 5177 1783 5228 εἰ
1819 5175 1938 5245 βού-

336 5376 363 5440 _'
388 5373 595 5440 Quidam
619 5387 729 5440 mss.
760 5376 965 5440 σήμερον
989 5377 1279 5440 σαφεστέραν
1296 5378 1421 5439 ὑμῖν.

335 5435 364 5474 ιι
384 5436 588 5486 Coishn.
626 5438 708 5483 καί
738 5439 825 5498 τοῦ
869 5435 1090 5498 σώματος
1127 5435 1208 5485 τάὶ
1231 5435 1339 5487 Mmi
1370 5438 1660 5496 ἀποκναίειν,
1683 5450 1773 5486 vox
1800 5444 1941 5488 certe

274 5496 367 5551 hoc
391 5510 481 5543 usu
507 5497 705 5544 insolita
731 5496 976 5544 ἀποκναίει
997 5500 1077 5544 καὶ
1099 5499 1224 5546 ποιεῖ
1244 5500 1530 5546 ἀναπίπτειν.

338 5562 360 5589 ε
385 5557 595 5623 ξι)ίῄςῆυᾷ
614 5562 668 5604 et
690 5558 770 5604 alii
893 5557 1036 5623 τοῦτο
1052 5559 1168 5623 αὐτὸ
1186 5562 1421 5608 παιδεύων
1442 5565 1579 5623 ἡμᾶς.
1608 5559 1716 5608 Μοι
1739 5557 1941 5608 (ἶοὶδῖἱη.

276 5620 336 5668 δι’
349 5620 514 5681 ᾑτῶν
535 5618 632 5681 τῶν
662 5621 950 5681 πραγμάτων
982 5619 1207 5681 ἀκριϐῶς.

336 5679 366 5720 ἆ
390 5679 518 5727 Fort.
542 5679 848 5733 ἀποστάντος.

341 5742 367 5771 θ
563 5739 926 5805 ἀναδιδομένων,
947 5739 1079 5805 ἀλλ’ζ
1096 5739 1168 5787 sic
1195 5736 1394 5788 Cuislin.

342 5805 360 5843 ί
391 5801 590 5853 Coislin.
614 5803 666 5847 ct
691 5798 817 5847 alius
836 5805 919 5856 τῆς
939 5798 1169 5860 ἀμπέλου.

708 5916 977 5976 ΡΑι-ιιοι..
1010 5914 1127 5973 Gn.
1172 5911 1325 5973 ιιη.

2012 378 2158 432 ’λοιο
2210 377 2349 431 κατὰ
2405 376 2570 447 μέρος
2595 374 2970 447 διερευνᾶσθαι
3012 379 3182 430 ταῦτα
3232 372 3478 439 ἅπαντα,
3499 375 3699 450 πολλὴν

2039 457 2227 524 σοφίαν
2255 455 2350 511 καὶ
2374 455 2525 525 παρά
2556 456 2671 518 τοῖς
2717 453 2816 524 τὴν
2853 453 2958 523 γῆν
2984 452 3370 525 ἐργαζομένοις
3415 454 3688 510 ἐναποκει-

2039 532 2226 604 μένην.
2270 534 2380 586 Καὶ
2426 534 2524 586 οὑκ
2559 532 2650 586 ἐπὶ
2693 532 2795 602 τῆς
2831 532 2933 602 γῆς
2964 531 3121 585 τοῦτο
3151 531 3298 585 ἐστιν
3346 530 3473 586 ἰδεῖν
3516 534 3699 603 μόνον,

2035 610 2174 664 ἀλλὰ
2218 612 2312 664 καὶ
2355 610 2447 663 ἑπί
2478 611 2575 680 τῆς
2604 609 2896 681 θαλάσσης.
2944 610 3053 665 Καὶ
3101 609 3210 682 γάρ
3256 608 3492 663 ἐνταῦθα
3536 612 3702 666 πάλιν

2036 689 2229 761 ἑτέραν
2269 688 2587 759 θαυμαστὴν
2610 689 2800 758 σοφίαν
2825 689 2971 742 ἔστιν
2998 690 3143 743 ἰδεῖν.
3175 687 3295 743 υἶδε
3322 689 3430 761 γὰρ
3460 692 3488 744 ό
3512 692 3702 763 κυϐερ-

2034 769 2222 840 νήτης,
2252 769 2381 821 πότε
2409 769 2488 821 δεῖ
2516 768 2843 822 καθελκύσαι
2884 769 2947 822 τὸ
2988 768 3189 836 πλοῖον,
3219 769 3311 822 καὶ
3344 770 3407 822 ἑκ
3432 769 3527 822 τοῦ
3557 770 3701 842 λιμέ-

2033 864 2124 910 νος
2152 844 2419 911 ἑκϐαλεῖν,
2450 850 2545 901 καῖ
2574 847 2643 901 τά
2674 848 2881 918 πελάγη
2914 849 3322 920 περαιώσασθαι
3345 851 3391 904 ε.
3432 850 3541 903 Καὶ
3571 850 3701 904 πολ-

2035 924 2134 994 λὴν
2167 924 2399 995 μάλιστα
2433 924 2585 997 παρά
2611 924 2818 988 τούτοις
2848 925 2994 978 ἑστιν
3026 927 3153 979 ἰδεῖν
3175 927 3275 996 τὴν
3305 925 3538 991 σύνεσιν,
3576 929 3644 998 ἢν
3664 925 3700 991 ἡ

2036 1004 2126 1057 τοῦ
2157 1003 2289 1057 Θεοῦ
2323 1004 2484 1074 σοφία
2525 1004 2818 1058 ἐναπέθετο
2867 1007 2935 1075 τῇ
2988 1004 3304 1077 ἀνθρωπίνῃ
3353 1005 3532 1069 φύσει.
3564 1005 3700 1059 οὑδὲ

2034 1082 2145 1153 γὰρ
2192 1080 2364 1146 οὕτως
2408 1084 2456 1135 οἰ
2502 1083 2600 1146 τὰς
2632 1082 2940 1153 λεωφόρους
2982 1082 3354 1153 διατρέχοντες
3385 1081 3530 1136 ίσασι
3564 1082 3702 1151 μετά

2036 1160 2317 1231 ἀκριϐείας
2362 1160 2461 1225 τάς
2507 1163 2783 1232 ἀτραποὺς
2799 1163 2849 1227 h,
2882 1162 2958 1226 ὡς
3002 1157 3147 1216 οὗτοι
3195 1161 3244 1214 οῖ
3291 1162 3350 1214 ὲν
3396 1162 3507 1223 τοῖς
3538 1160 3697 1214 ὑδασι

2039 1238 2176 1308 μετὰ
2202 1239 2499 1307 ἀσφαλείας
2530 1243 2628 1311 τὴν
2658 1240 2881 1310 πορείαν
2904 1240 3199 1294 ποιοῦνται.
3222 1238 3312 1291 Διὸ
3336 1238 3428 1292 καὶ
3447 1241 3480 1309 ή
3504 1239 3697 1309 Γραφὴ

2038 1316 2443 1389 ὲκπληττομένη
2474 1318 2572 1388 τὴν
2606 1317 3045 1388 ὑπερϐάλλουσαν
3079 1316 3172 1370 τοῦ
3200 1316 3334 1370 Θεοῦ
3368 1318 3555 1384 σοφίαν
3578 1316 3697 1370 ἔλε-

2036 1411 2130 1464 γεν
2149 1411 2164 1426 ο
2212 1395 2274 1449 '0
2305 1396 2448 1463 δοὺς
2470 1397 2539 1450 ἐν
2562 1396 2841 1467 θαλάσσῃ
2871 1398 3033 1462 ὁδὸν,
3065 1397 3163 1450 καί
3186 1398 3256 1450 ὲν
3276 1396 3446 1451 ὕδατι
3472 1395 3702 1465 ίσχυρῷ

2036 1475 2255 1541 τρίϐον.
2295 1475 2453 1539 Ποῖος
2478 1472 2812 1547 ἀνθρώπινος
2842 1475 3098 1546 λογισμὸς
3119 1474 3341 1529 δύναται
3372 1474 3546 1528 ταῦτα
3571 1491 3697 1528 κατ⁶

2038 1552 2201 1619 ιδεῖν;
2240 1553 2394 1606 Κατὰ
2442 1552 2533 1606 τὸν
2577 1552 2736 1607 αὑτὸν
2765 1554 2919 1622 λόγον
2950 1552 3100 1625 εὖροι
3144 1570 3230 1618 τις
3273 1553 3339 1607 ἂν
3390 1553 3486 1606 καὶ
3529 1554 3586 1605 ἑν
3632 1552 3700 1622 τῇ

2039 1629 2336 1702 μεταλήψει
2362 1632 2460 1701 τῆς
2492 1631 2697 1702 τροφῆς
2745 1632 2843 1701 τῆς
2888 1630 3236 1702 ἀνθρωπίνης
3261 1629 3431 1685 ταῦτα
3457 1630 3697 1683 διατετα-

2035 1706 2229 1779 γμένα.
2266 1710 2376 1763 Καὶ
2406 1708 2515 1781 γάρ
2544 1709 2665 1763 καθ’
2687 1710 2917 1763 ἕκαστον
2952 1708 3160 1780 καιρὸν,
3193 1708 3289 1762 καὶ
3319 1708 3441 1762 καθ’
3464 1708 3701 1776 ἑκάστην

2035 1787 2240 1859 τροπήν
2264 1788 2357 1841 τοῦ
2389 1787 2653 1847 ἐνιαυτοῦ,
2676 1788 2961 1860 διαφόρους
2986 1789 3119 1858 ἡμῖν
3138 1785 3343 1858 τροφάς
3368 1787 3396 1837 ό
3418 1786 3697 1854 Δεσπότης

2036 1864 2359 1937 κεχάρισται
2382 1881 2398 1898 ο
2440 1866 2534 1919 καὶ
2565 1866 2813 1937 καθάπερ
2860 1864 3054 1937 ἀρίστη
3106 1864 3322 1936 τροφὸς,
3355 1861 3529 1927 οὕτως
3559 1866 3594 1936 ή
3625 1862 3700 1933 γῆ

2035 1945 2103 1998 τά
2127 1942 2257 2015 παρ’
2279 1944 2478 2015 ἑαυτῆς
2508 1945 2640 2016 ήμῖν
2673 1945 2988 2017 δωροφορεζ
3016 1943 3095 2014 τῷ
3120 1942 3454 2014 έπιτάγματι
3478 1941 3574 1997 τοῦ
3606 1942 3701 2014 an;

2042 2040 2164 2095 μιου
2173 2022 2301 2094 ργοῦ
2338 2023 2770 2095 ὑπηρετουμένη.

2109 2102 2174 2172 β’.
2196 2100 2333 2154 Ἀλλ’
2368 2102 2455 2156 ἴνα
2481 2101 2556 2173 μὴ
2576 2102 2668 2154 ἐπὶ
2700 2098 2862 2155 πλέον
2890 2099 3077 2155 τοῦτον
3106 2100 3335 2155 ἑκτείνω
3362 2102 3379 2142 ί
3409 2100 3503 2155 τὸν
3520 2100 3698 2168 λόγον,

2035 2178 2242 2245 ἔξεστιν
2293 2179 2422 2250 ὑμῖν
2471 2181 2711 2243 συνετοῖς
2750 2174 2870 2233 οῦσι
2897 2178 2967 2232 τά
2998 2179 3159 2234 λοιπά
3190 2179 3405 2233 ἅπαντα
3444 2178 3703 2247 ἀναλέγε-

2038 2257 2180 2311 σθαι.
2210 2256 2326 2330 [84]
2357 2258 2532 2312 Δίδου
2561 2256 2691 2329 γάρ,
2732 2258 2883 2328 φησὶ,
2910 2257 3081 2327 σοφῷ
3114 2258 3415 2328 ἀφορμὴν,
3453 2257 3554 2312 καὶ
3596 2272 3699 2310 σο-

2035 2333 2295 2403 φώτερος
2336 2336 2527 2389 ἔσται.
2558 2336 2691 2388 Οὐδὲ
2737 2334 2845 2404 γὰρ
2891 2335 2983 2387 ἐπὶ
3028 2334 3127 2405 τῆς
3174 2335 3446 2406 ἡμετέρας
3494 2334 3703 2406 τροφῆς

2035 2411 2193 2465 τοῦτο
2227 2412 2385 2482 μόνον
2413 2412 2557 2467 ἔστιν
2588 2412 2734 2478 ἰδεῖν,
2758 2411 2895 2465 ἀλλά
2926 2413 3019 2466 καὶ
3058 2413 3152 2467 ἐπὶ
3196 2413 3295 2484 τῆς
3333 2413 3441 2466 τῶν
3469 2413 3698 2480 ἀλόγων.

2036 2491 2147 2544 Καὶ
2199 2490 2512 2561 δυνήσεσθε,
2552 2492 2600 2544 εἰ
2640 2490 2985 2562 βουληθείητε
3010 2530 3024 2554 ,
3066 2491 3160 2544 καὶ
3213 2493 3278 2544 ἑκ
3326 2490 3536 2544 πολλῶν
3588 2490 3703 2543 ἑτέ-

2039 2586 2147 2640 ρων
2182 2568 2596 2639 διερευνώμενοι
2632 2569 2968 2640 καταμαθεῖν
3004 2569 3100 2622 τοῦ
3139 2567 3522 2639 ἀριστοτέχνου
3563 2567 3700 2623 Θεοῦ

2035 2646 2134 2718 τὴν
2169 2648 2372 2717 ἄφατον
2411 2648 2599 2716 σοφίαν
2621 2689 2636 2712 ,
2677 2648 2770 2702 καὶ
2804 2649 2906 2720 τὴν
2943 2648 3385 2721 ὑπερϐάλλουσαν
3423 2649 3695 2719 ἀγαθότη-

2036 2743 2138 2789 τα,
2180 2726 2273 2779 καὶ
2307 2725 2383 2789 ὼς
2418 2726 2646 2779 ἕκαστον
2682 2726 2790 2780 τῶν
2829 2728 3206 2798 γεγενημένων
3244 2727 3385 2797 λόγῳ
3420 2727 3528 2781 τινὶ
3564 2744 3701 2798 παρ-

2037 2802 2176 2874 ήχθη
2195 2801 2209 2852 i
2228 2842 2242 2856 .
2267 2803 2422 2857 Κατὰ
2439 2804 2501 2857 τὺ
2520 2804 2651 2856 αὑτὸ
2670 2805 2847 2859 τοίνυν
2871 2806 2965 2858 καὶ
2981 2805 3072 2858 ἑπὶ
3087 2803 3180 2857 τοῦ
3202 2804 3395 2876 καιροῦ
3420 2806 3515 2875 τῆς
3537 2805 3700 2873 ἁγίας

2037 2881 2485 2953 Τεσσαρακοστῆς
2534 2882 2838 2953 εὑρήσομεν
2894 2882 2989 2936 νῦν
3028 2884 3157 2954 ἡμῖν
3208 2882 3699 2952 διατετυπωμένον.

2037 2958 2304 3030 Καθάπερ
2335 2960 2442 3030 γὰρ
2473 2961 2530 3012 ἑν
2560 2962 2678 3022 ταῖς
2696 2960 2985 3032 λεωφόροις
3012 2959 3119 3013 εἰσὶ
3148 2960 3379 3030 σταθμοὶ
3440 2958 3534 3012 καὶ
3566 2977 3703 3012 κατ-

2038 3034 2271 3104 αγώγια,
2298 3034 2437 3089 ὥστε
2473 3036 2599 3100 τοὺς
2629 3036 2807 3101 όδίτας
2854 3036 3202 3109 κεκμηκότας
3249 3036 3701 3102 διαναπαύεσθαι,

2038 3114 2133 3167 καὶ
2177 3113 2285 3166 τῶν
2340 3113 2517 3167 πόνων
2566 3116 2862 3186 λήγοντας,
2908 3113 3050 3168 οὑτω
3105 3114 3268 3168 πάλιν
3304 3114 3571 3168 ἅπτεσθαι
3604 3115 3703 3182 τῆς

2037 3192 2371 3264 ὁδοιπορίας,
2414 3193 2508 3247 καὶ
2542 3193 2600 3244 ἑν
2644 3196 2709 3265 τῇ
2748 3192 2992 3265 θαλάσση
3032 3193 3090 3246 δὲ
3128 3194 3292 3247 ἀκταὶ
3339 3193 3436 3247 καὶ
3466 3192 3706 3261 αἰγιαλοὶ⁵

2038 3270 2133 3326 καὶ
2160 3271 2377 3342 λιμένες
2407 3271 2566 3336 εἰσὶν,
2588 3270 2728 3324 ὥστε
2753 3272 2913 3325 κάκεῖ
2936 3272 3062 3335 τοὺς
3088 3270 3534 3341 ναυτιλλομένους
3565 3268 3706 3339 μετά

2037 3350 2097 3403 τὸ
2138 3350 2304 3403 πολλὰ
2330 3348 2548 3420 κύματα
2575 3350 2911 3421 διαδραμεῖν,
2934 3350 3028 3403 καί
3062 3348 3197 3421 πρὸς
3224 3349 3323 3412 τὰς
3357 3348 3465 3401 τῶν
3486 3349 3706 3419 ἀνέμων

2038 3426 2275 3499 ἑμϐολάς
2311 3428 2643 3498 ἀντιστῆναι,
2672 3428 2865 3499 μικρὸν
2892 3427 3203 3490 ἀνεθέντας,
3243 3426 3387 3480 οὑτω
3416 3426 3579 3481 πάλιν
3606 3426 3705 3495 τῆς

2039 3503 2310 3568 ναυτιλίας
2340 3505 2633 3559 ἅπτεσθαι·
2668 3506 2759 3559 τὸν
2802 3506 2966 3559 αὑτὸν
2995 3506 3058 3576 δὴ
3090 3505 3290 3577 τρόπον
3331 3504 3426 3558 καὶ
3464 3503 3583 3569 νῦν,
3612 3505 3708 3557 ἐπὶ

2037 3583 2137 3651 τῆς
2166 3581 2327 3650 ἀγίας
2366 3583 2824 3653 Τεσσαρακοστῆς
2850 3584 2898 3644 ι,
2939 3586 3053 3646 τοῖς
3093 3583 3186 3636 τὸν
3227 3582 3424 3654 δρόμον
3467 3583 3566 3653 τῆς
3607 3598 3705 3653 νηο

2040 3660 2223 3722 στείας
2284 3657 2762 3729 καταδεξαμένοις,
2786 3660 3036 3729 καθάπερ
3080 3659 3384 3729 σταθμοὺς,
3429 3661 3525 3714 καὶ
3575 3677 3708 3714 κατ-

2040 3737 2277 3805 αγώγια,
2310 3739 2403 3790 καὶ
2424 3738 2615 3801 ἀκτὰς,
2640 3739 2734 3791 καί
2771 3736 3072 3805 αἰγιαλοὺς,
3097 3736 3192 3791 καὶ
3220 3736 3465 3806 λιμένας,
3490 3737 3589 3800 τὰς
3612 3739 3709 3791 δύο

2039 3815 2240 3879 ταύτας
2271 3815 2484 3886 ἡμέρας
2517 3816 2617 3885 τῆς
2656 3815 2947 3887 ἑϐδομάδος
2984 3815 3157 3886 βραχύ
3195 3832 3249 3868 τι
3277 3815 3707 3870 διαναπαύεσθαι

2040 3893 2358 3964 κεχάρισται
2393 3895 2422 3946 ό
2454 3893 2749 3964 Δεσπότης,
2788 3895 2872 3947 ἵνα
2910 3895 3003 3948 καὶ
3034 3893 3095 3947 τὸ
3133 3894 3293 3964 σῶμα
3336 3896 3530 3967 μικρὸν
3560 3895 3707 3949 ἀνέν-

2038 3989 2129 4035 τες
2158 3972 2265 4025 ἀπδ
2291 3972 2396 4025 τῶν
2431 3973 2605 4027 πόνων
2636 3974 2735 4044 τῆς
2772 3973 3043 4044 νηστείας,
3084 3973 3177 4026 καὶ
3200 3972 3297 4044 τὴν
3323 3975 3502 4045 ψυχὴν
3538 3992 3707 4043 παρα-

2043 4049 2438 4121 μυθησάμενοι,
2471 4050 2632 4104 πάλιν
2671 4049 3052 4123 παρελθουσῶν
3082 4050 3190 4102 τῶν
3227 4050 3320 4104 δύο
3348 4052 3551 4108 τούτων
3576 4055 3705 4122 ήμεο

2042 4128 2170 4199 ρῶν,
2196 4128 2297 4199 τῆς
2334 4129 2502 4201 αὑτῆς
2537 4129 2657 4183 ὁδοῦ
2701 4129 2839 4200 μετά
2870 4128 3179 4200 προθυμίας
3221 4129 3500 4185 ἅπτωνται
3530 4132 3581 4183 οἰ
3608 4131 3708 4201 τὴν

2040 4208 2211 4279 καλήν
2255 4207 2458 4277 ταύτην
2513 4209 2608 4262 καί⁹
2673 4206 2928 4279 ἑπωφελῆ
2993 4207 3301 4278 ὁδοιπορίαν
3355 4208 3697 4279 ποιούμενοι.

2038 4286 2174 4357 Φέρε
2211 4282 2304 4340 οὖν
2333 4287 2428 4339 καὶ
2456 4288 2637 4356 ἡμεῖς,
2670 4286 2856 4357 ἐπειδὴ
2899 4285 3001 4355 τῆς
3046 4284 3285 4349 ἀνέσεώς
3329 4287 3477 4340 ἑστιν
3524 4287 3709 4358 ήμέρα

2042 4366 2298 4436 σήμερον,
2327 4363 2792 4434 παρακαλέσωμεν
2819 4361 2971 4434 ὑμῶν
3000 4360 3097 4432 τὴν
3125 4362 3364 4433 ἀγάπην,
3383 4362 3452 4416 τά
3475 4363 3583 4416 ἀπὸ
3608 4364 3708 4432 τῆς

2042 4442 2295 4513 νηστείας
2330 4439 2653 4508 συλλεγέντα
2692 4438 2860 4509 κέρδη
2906 4439 3043 4508 μετὰ
3069 4438 3367 4507 ἀσφαλείας
3398 4439 3707 4509 φυλάττειν,

2042 4520 2130 4573 ἵνα
2184 4519 2380 4589 μικρὸν
2419 4516 2925 4586 διαναπαυσάμενοι
2946 4556 2959 4580 ,
3000 4514 3163 4568 πάλιν
3195 4516 3511 4588 προσθήκην
3544 4518 3711 4589 ἑργά-

2044 4596 2209 4667 σησθε
2268 4598 2381 4658 τοῖς
2430 4593 2795 4667 προλαϐοῦσι,
2842 4593 2937 4647 καὶ
2985 4591 3128 4646 οὑτω
3177 4593 3320 4648 κατά
3372 4594 3568 4665 μικρὸν
3608 4611 3706 4663 με·

2042 4674 2214 4744 γάλην
2254 4675 2356 4744 τὴν
2386 4674 2658 4743 ἑμπορίαν
2700 4673 2914 4735 ἑαυτοῖς
2950 4672 3494 4735 κατασκευάσαντες,
3536 4671 3708 4733 οὕτως

2043 4754 2121 4815 εἰς
2148 4752 2247 4821 τὴν
2275 4750 2467 4822 κυρίαν
2510 4750 2721 4822 ἡμέραν
2759 4750 3109 4820 ἀπαντήσητε
3140 4748 3185 4814 ι,
3217 4748 3311 4802 καὶ
3346 4749 3710 4817 πεπληρωμέ-

2042 4848 2140 4900 νην
2181 4828 2333 4898 ὑμῶν
2360 4829 2459 4900 τὴν
2500 4829 2700 4883 ὁλκάδα
2739 4829 2838 4899 τὴν
2870 4828 3246 4898 πνευματικὴν
3282 4829 3362 4889 είς
3392 4826 3486 4878 τὸν
3514 4826 3711 4896 λιμένα

2042 4907 2142 4975 τῆς
2190 4907 2349 4974 ἁγίας
2394 4907 2586 4978 ἑορτῆς
2640 4905 2993 4974 εἰσαγάγητε.
3036 4905 3245 4973 Ὠσπερ
3290 4902 3399 4972 γὰρ
3448 4902 3518 4955 τά
3558 4906 3710 4974 παρά

2044 4986 2136 5038 τοῦ
2185 4988 2454 5039 Δεσπότου
2509 4984 2856 5054 γεγενημένα
2901 4983 3151 5044 ἅπαντα,
3200 4981 3449 5052 καθάπερ
3494 4985 3523 5037 ό
3553 4983 3710 5051 λόγος

2043 5064 2312 5130 ἀπέδειξε.
2360 5065 2453 5118 καὶ
2487 5066 2520 5135 ή
2559 5062 2666 5116 τῶν
2722 5062 3061 5131 πραγμάτων
3111 5060 3350 5114 διδάσκει
3402 5065 3706 5135 μαρτυρία,

2044 5140 2185 5212 λόγῳ
2215 5142 2320 5196 τινὶ
2360 5140 2846 5213 δεδημιούργηται,
2894 5139 3080 5210 χρείαν
3117 5140 3423 5207 ἀναγκαίαν
3460 5141 3709 5214 ἀποπλη-

2047 5220 2243 5290 ροῦντα
2263 5233 2277 5249 ·
2304 5220 2447 5273 οὑτω
2477 5220 2570 5273 καὶ
2598 5220 2666 5272 τὰ
2693 5220 2819 5288 παρ’
2850 5219 3005 5289 ἡμῶν
3039 5219 3296 5288 γινόμενα
3330 5222 3595 5291 προσήκει
3635 5222 3712 5292 μῆ

2048 5299 2232 5364 ἁπλῶς
2254 5337 2269 5363 ,
2309 5299 2443 5371 μηδὲ
2494 5299 2670 5369 μάτην
2720 5297 2991 5365 γίνεσθαι,
3039 5297 3153 5351 ἀλλ’
3193 5299 3281 5351 ἐπ’
3330 5299 3566 5371 ὠφελείᾳ
3616 5303 3713 5355 καὶ

2113 5440 2139 5500 ε
2162 5436 2313 5486 Iidem
2335 5439 2575 5500 διαπερᾷν.

2112 5499 2137 5567 |_I
2163 5499 2433 5567 ng._unqs
2454 5496 2537 5553 τὰς
2555 5496 2791 5561 ἀτραποὺς
2811 5497 2963 5553 ὁδούς.

2119 5561 2131 5597 i
2162 5558 2255 5607 Alii
2281 5558 2576 5620 έκτείνωμεν.

2119 5632 2133 5683 ι
2165 5620 2364 5683 (ζοὶεὶίιι.
2388 5626 2442 5667 et
2461 5618 2585 5683 {lips
2615 5619 2813 5683 uvl_ual
2836 5618 3114 5680 ἑπιτάγματι
3140 5633 3251 5683 παρ,
3410 5682 3415 5683 γ
3446 5675 3456 5683 ⁸

2117 5682 2143 5717 ιι
2169 5681 2289 5742 ﬂvg.
2314 5693 2455 5742 unus
2477 5680 2552 5742 ἐπὶ
2574 5684 2657 5737 τῆς
2675 5680 2819 5742 αὐτῆς
2854 5678 3013 5742 “qq;
3041 5686 3094 5742 9}
3120 5678 3191 5742 sic;
3214 5678 3424 5737 legerat
3444 5678 3706 5733 interpres.

2054 5739 2295 5802 lnfrg‘rég
2306 5740 2390 5787 δύο
2409 5741 2581 5795 ταύτας
2601 5741 2779 5802 ἡμέρας
2802 5745 2888 5797 τῆς
2908 5740 3029 5799 ἑϐδ.,
3053 5739 3200 5786 δεινίι.

2121 5803 2139 5841 ι
2168 5800 2310 5851 Tres.
2334 5814 2446 5852 mss.
2471 5800 2810 5857 καταντήσητε.

3288 5890 3321 5950 6
