  <div class='ocr_page' id='page_1' title='image "/cluster/home/n/w/nwhite01/storage/ocr_20150623/53/mdp.39015028539479/093.png"; bbox 0 0 4018 6136; ppageno 0'>
   <div class='ocr_carea' id='block_1_1' title="bbox 213 266 3670 335">
    <p class='ocr_par' dir='ltr' id='par_1_1' title="bbox 213 266 3670 335">
     <span class='ocr_line' id='line_1_1' title="bbox 213 266 3670 335; baseline 0.003 -13"><span class='ocrx_word' id='word_1_1' title='bbox 213 272 286 335; x_wconf 73' lang='lat'>93</span> <span class='ocrx_word' id='word_1_2' title='bbox 958 268 1015 323; x_wconf 90' lang='lat' dir='ltr'>S.</span> <span class='ocrx_word' id='word_1_3' title='bbox 1055 267 1339 324; x_wconf 76' lang='lat' dir='ltr'>JOANNIS</span> <span class='ocrx_word' id='word_1_4' title='bbox 1376 266 1867 325; x_wconf 75' lang='lat' dir='ltr'>CHRYSOS’I‘OMI</span> <span class='ocrx_word' id='word_1_5' title='bbox 1903 267 2229 327; x_wconf 76' lang='lat' dir='ltr'>ARCHIEP.</span> <span class='ocrx_word' id='word_1_6' title='bbox 2274 268 2822 327; x_wconf 79' lang='lat' dir='ltr'>CONSTANTINOP.</span> <span class='ocrx_word' id='word_1_7' title='bbox 3597 275 3670 331; x_wconf 76' lang='grc' dir='ltr'>οι</span> 
     </span>
    </p>
   </div>
   <div class='ocr_carea' id='block_1_2' title="bbox 206 382 1885 459">
    <p class='ocr_par' dir='ltr' id='par_1_2' title="bbox 206 382 1885 459">
     <span class='ocr_line' id='line_1_2' title="bbox 206 382 1885 459; baseline -0.002 -18"><span class='ocrx_word' id='word_1_8' title='bbox 206 387 391 459; x_wconf 79' lang='grc' dir='ltr'>κέρδει</span> <span class='ocrx_word' id='word_1_9' title='bbox 428 385 529 458; x_wconf 80' lang='grc' dir='ltr'>τῆς</span> <span class='ocrx_word' id='word_1_10' title='bbox 558 382 831 458; x_wconf 65' lang='grc' dir='ltr'>σωτηρίας</span> <span class='ocrx_word' id='word_1_11' title='bbox 863 384 961 454; x_wconf 85' lang='grc' dir='ltr'>τῆς</span> <span class='ocrx_word' id='word_1_12' title='bbox 1006 382 1303 454; x_wconf 83' lang='grc' dir='ltr'>ἡμετέρας.</span> <span class='ocrx_word' id='word_1_13' title='bbox 1333 384 1397 438; x_wconf 84' lang='grc' dir='ltr'>Εί</span> <span class='ocrx_word' id='word_1_14' title='bbox 1436 384 1545 454; x_wconf 88' lang='lat'>7&amp;9</span> <span class='ocrx_word' id='word_1_15' title='bbox 1576 385 1626 439; x_wconf 87' lang='grc' dir='ltr'>οί</span> <span class='ocrx_word' id='word_1_16' title='bbox 1653 383 1723 439; x_wconf 87' lang='grc' dir='ltr'>τά</span> <span class='ocrx_word' id='word_1_17' title='bbox 1757 384 1885 454; x_wconf 84' lang='grc' dir='ltr'>βιω-</span> 
     </span>
    </p>
   </div>
   <div class='ocr_carea' id='block_1_3' title="bbox 202 471 1888 549">
    <p class='ocr_par' dir='ltr' id='par_1_3' title="bbox 202 471 1888 549">
     <span class='ocr_line' id='line_1_3' title="bbox 202 471 1888 549; baseline -0.004 -18"><span class='ocrx_word' id='word_1_18' title='bbox 202 477 335 531; x_wconf 88' lang='grc' dir='ltr'>τικά</span> <span class='ocrx_word' id='word_1_19' title='bbox 372 475 648 549; x_wconf 81' lang='grc' dir='ltr'>μετιόντες</span> <span class='ocrx_word' id='word_1_20' title='bbox 689 473 988 543; x_wconf 88' lang='grc' dir='ltr'>πράγματα</span> <span class='ocrx_word' id='word_1_21' title='bbox 1011 472 1112 525; x_wconf 85' lang='grc' dir='ltr'>οὑκ</span> <span class='ocrx_word' id='word_1_22' title='bbox 1137 471 1204 526; x_wconf 83' lang='grc' dir='ltr'>ἀν</span> <span class='ocrx_word' id='word_1_23' title='bbox 1239 489 1371 525; x_wconf 86' lang='grc' dir='ltr'>ποτε</span> <span class='ocrx_word' id='word_1_24' title='bbox 1413 472 1737 541; x_wconf 81' lang='grc' dir='ltr'>ἀνάσχοιντο</span> <span class='ocrx_word' id='word_1_25' title='bbox 1767 474 1888 526; x_wconf 89' lang='grc' dir='ltr'>ἐπι-</span> 
     </span>
    </p>
   </div>
   <div class='ocr_carea' id='block_1_4' title="bbox 199 562 1886 642">
    <p class='ocr_par' dir='ltr' id='par_1_4' title="bbox 199 562 1886 642">
     <span class='ocr_line' id='line_1_4' title="bbox 199 562 1886 642; baseline -0.005 -19"><span class='ocrx_word' id='word_1_26' title='bbox 199 568 539 642; x_wconf 87' lang='grc' dir='ltr'>τηδεύματος</span> <span class='ocrx_word' id='word_1_27' title='bbox 588 564 858 634; x_wconf 73' lang='grc' dir='ltr'>ἅψασθαι,</span> <span class='ocrx_word' id='word_1_28' title='bbox 903 562 981 636; x_wconf 85' lang='grc' dir='ltr'>μὴ</span> <span class='ocrx_word' id='word_1_29' title='bbox 1021 562 1289 634; x_wconf 86' lang='grc' dir='ltr'>πρότερον</span> <span class='ocrx_word' id='word_1_30' title='bbox 1338 563 1400 616; x_wconf 81' lang='grc' dir='ltr'>τὸ</span> <span class='ocrx_word' id='word_1_31' title='bbox 1437 563 1649 617; x_wconf 87' lang='grc' dir='ltr'>ἐκεῖθεν</span> <span class='ocrx_word' id='word_1_32' title='bbox 1694 563 1886 634; x_wconf 77' lang='grc' dir='ltr'>κέρδος</span> 
     </span>
    </p>
   </div>
   <div class='ocr_carea' id='block_1_5' title="bbox 205 650 1884 730">
    <p class='ocr_par' dir='ltr' id='par_1_5' title="bbox 205 650 1884 730">
     <span class='ocr_line' id='line_1_5' title="bbox 205 650 1884 730; baseline -0.004 -19"><span class='ocrx_word' id='word_1_33' title='bbox 205 657 743 730; x_wconf 66' lang='grc' dir='ltr'>περισκοπήσαντεςθ</span> <span class='ocrx_word' id='word_1_34' title='bbox 782 650 965 723; x_wconf 86' lang='grc' dir='ltr'>πολλῷ</span> <span class='ocrx_word' id='word_1_35' title='bbox 1005 651 1205 723; x_wconf 75' lang='grc' dir='ltr'>μᾶλλον</span> <span class='ocrx_word' id='word_1_36' title='bbox 1256 652 1405 722; x_wconf 78' lang='grc' dir='ltr'>ἡμᾶς</span> <span class='ocrx_word' id='word_1_37' title='bbox 1463 650 1675 704; x_wconf 88' lang='grc' dir='ltr'>δίκαιον</span> <span class='ocrx_word' id='word_1_38' title='bbox 1722 650 1884 704; x_wconf 88' lang='grc' dir='ltr'>τοῦτο</span> 
     </span>
    </p>
   </div>
   <div class='ocr_carea' id='block_1_6' title="bbox 204 736 1887 811">
    <p class='ocr_par' dir='ltr' id='par_1_6' title="bbox 204 736 1887 811">
     <span class='ocr_line' id='line_1_6' title="bbox 204 736 1887 811; baseline -0.006 -13"><span class='ocrx_word' id='word_1_39' title='bbox 204 748 400 809; x_wconf 78' lang='grc' dir='ltr'>ποιεῖν,</span> <span class='ocrx_word' id='word_1_40' title='bbox 449 742 541 795; x_wconf 76' lang='grc' dir='ltr'>καὶ</span> <span class='ocrx_word' id='word_1_41' title='bbox 596 739 673 811; x_wconf 84' lang='grc' dir='ltr'>μὴ</span> <span class='ocrx_word' id='word_1_42' title='bbox 728 738 918 803; x_wconf 79' lang='grc' dir='ltr'>ἁπλῶς</span> <span class='ocrx_word' id='word_1_43' title='bbox 969 738 1069 803; x_wconf 83' lang='grc' dir='ltr'>τάς</span> <span class='ocrx_word' id='word_1_44' title='bbox 1116 738 1419 810; x_wconf 79' lang='grc' dir='ltr'>ἑϐδομάδας</span> <span class='ocrx_word' id='word_1_45' title='bbox 1464 737 1574 792; x_wconf 88' lang='grc' dir='ltr'>τῶν</span> <span class='ocrx_word' id='word_1_46' title='bbox 1619 736 1887 808; x_wconf 81' lang='grc' dir='ltr'>νηστειῶν</span> 
     </span>
    </p>
   </div>
   <div class='ocr_carea' id='block_1_7' title="bbox 205 824 1886 903">
    <p class='ocr_par' dir='ltr' id='par_1_7' title="bbox 205 824 1886 903">
     <span class='ocr_line' id='line_1_7' title="bbox 205 824 1886 903; baseline -0.005 -17"><span class='ocrx_word' id='word_1_47' title='bbox 205 830 594 903; x_wconf 77' lang='grc' dir='ltr'>παρατρέχειν,</span> <span class='ocrx_word' id='word_1_48' title='bbox 637 826 775 882; x_wconf 74' lang='grc' dir='ltr'>ἀλλά</span> <span class='ocrx_word' id='word_1_49' title='bbox 824 827 1200 899; x_wconf 75' lang='grc' dir='ltr'>διερευνᾶσθαι</span> <span class='ocrx_word' id='word_1_50' title='bbox 1241 827 1340 897; x_wconf 80' lang='grc' dir='ltr'>τὴν</span> <span class='ocrx_word' id='word_1_51' title='bbox 1379 825 1589 881; x_wconf 87' lang='grc' dir='ltr'>ἐαυτῶν</span> <span class='ocrx_word' id='word_1_52' title='bbox 1639 824 1886 895; x_wconf 83' lang='grc' dir='ltr'>συνείδη-</span> 
     </span>
    </p>
   </div>
   <div class='ocr_carea' id='block_1_8' title="bbox 206 914 1889 986">
    <p class='ocr_par' dir='ltr' id='par_1_8' title="bbox 206 914 1889 986">
     <span class='ocr_line' id='line_1_8' title="bbox 206 914 1889 986; baseline -0.004 -13"><span class='ocrx_word' id='word_1_53' title='bbox 206 937 314 983; x_wconf 79' lang='grc' dir='ltr'>σιν,</span> <span class='ocrx_word' id='word_1_54' title='bbox 359 918 455 973; x_wconf 76' lang='grc' dir='ltr'>καὶ</span> <span class='ocrx_word' id='word_1_55' title='bbox 498 918 590 972; x_wconf 85' lang='grc' dir='ltr'>τὸν</span> <span class='ocrx_word' id='word_1_56' title='bbox 629 916 888 986; x_wconf 80' lang='grc' dir='ltr'>λογισμὸν</span> <span class='ocrx_word' id='word_1_57' title='bbox 924 915 1256 985; x_wconf 77' lang='grc' dir='ltr'>βασανίζειν,</span> <span class='ocrx_word' id='word_1_58' title='bbox 1297 914 1394 968; x_wconf 77' lang='grc' dir='ltr'>καὶ</span> <span class='ocrx_word' id='word_1_59' title='bbox 1426 918 1649 968; x_wconf 80' lang='grc' dir='ltr'>σκοπεῖν</span> <span class='ocrx_word' id='word_1_60' title='bbox 1689 915 1741 968; x_wconf 90' lang='grc' dir='ltr'>τί</span> <span class='ocrx_word' id='word_1_61' title='bbox 1789 914 1889 985; x_wconf 78' lang='grc' dir='ltr'>μὲν</span> 
     </span>
    </p>
   </div>
   <div class='ocr_carea' id='block_1_9' title="bbox 207 999 1888 1078">
    <p class='ocr_par' dir='ltr' id='par_1_9' title="bbox 207 999 1888 1078">
     <span class='ocr_line' id='line_1_9' title="bbox 207 999 1888 1078; baseline -0.004 -19"><span class='ocrx_word' id='word_1_62' title='bbox 207 1011 267 1059; x_wconf 82' lang='grc' dir='ltr'>ἐν</span> <span class='ocrx_word' id='word_1_63' title='bbox 308 1006 485 1078; x_wconf 90' lang='grc' dir='ltr'>ταύτῃ</span> <span class='ocrx_word' id='word_1_64' title='bbox 526 1005 596 1076; x_wconf 74' lang='grc' dir='ltr'>τῇ</span> <span class='ocrx_word' id='word_1_65' title='bbox 647 1001 903 1073; x_wconf 84' lang='grc' dir='ltr'>ἐϐδομάδι</span> <span class='ocrx_word' id='word_1_66' title='bbox 951 1002 1084 1072; x_wconf 78' lang='grc' dir='ltr'>ἡμῖν</span> <span class='ocrx_word' id='word_1_67' title='bbox 1125 999 1504 1070; x_wconf 84' lang='grc' dir='ltr'>κατώρθωται,</span> <span class='ocrx_word' id='word_1_68' title='bbox 1551 1000 1687 1054; x_wconf 80' lang='grc' dir='ltr'>τίδὲ</span> <span class='ocrx_word' id='word_1_69' title='bbox 1729 1002 1788 1053; x_wconf 91' lang='grc' dir='ltr'>ἐν</span> <span class='ocrx_word' id='word_1_70' title='bbox 1821 1003 1888 1070; x_wconf 83' lang='grc' dir='ltr'>τῇ</span> 
     </span>
    </p>
   </div>
   <div class='ocr_carea' id='block_1_10' title="bbox 207 1086 1889 1164">
    <p class='ocr_par' dir='ltr' id='par_1_10' title="bbox 207 1086 1889 1164">
     <span class='ocr_line' id='line_1_10' title="bbox 207 1086 1889 1164; baseline -0.004 -19"><span class='ocrx_word' id='word_1_71' title='bbox 207 1092 395 1164; x_wconf 70' lang='grc' dir='ltr'>ἑτέρᾳ,</span> <span class='ocrx_word' id='word_1_72' title='bbox 425 1091 522 1145; x_wconf 76' lang='grc' dir='ltr'>καὶ</span> <span class='ocrx_word' id='word_1_73' title='bbox 567 1090 691 1143; x_wconf 87' lang='grc' dir='ltr'>τίνα</span> <span class='ocrx_word' id='word_1_74' title='bbox 734 1088 1054 1159; x_wconf 81' lang='grc' dir='ltr'>προσθήκην</span> <span class='ocrx_word' id='word_1_75' title='bbox 1096 1086 1395 1157; x_wconf 75' lang='grc' dir='ltr'>ἐδεξάμεθα</span> <span class='ocrx_word' id='word_1_76' title='bbox 1439 1088 1520 1151; x_wconf 86' lang='grc' dir='ltr'>είς</span> <span class='ocrx_word' id='word_1_77' title='bbox 1566 1087 1665 1157; x_wconf 83' lang='grc' dir='ltr'>τὴν</span> <span class='ocrx_word' id='word_1_78' title='bbox 1700 1087 1889 1140; x_wconf 85' lang='grc' dir='ltr'>ἐπιοῦ-</span> 
     </span>
    </p>
   </div>
   <div class='ocr_carea' id='block_1_11' title="bbox 209 1173 1891 1246">
    <p class='ocr_par' dir='ltr' id='par_1_11' title="bbox 209 1173 1891 1246">
     <span class='ocr_line' id='line_1_11' title="bbox 209 1173 1891 1246; baseline -0.004 -12"><span class='ocrx_word' id='word_1_79' title='bbox 209 1198 330 1246; x_wconf 90' lang='grc' dir='ltr'>σαν,</span> <span class='ocrx_word' id='word_1_80' title='bbox 365 1180 476 1233; x_wconf 76' lang='grc' dir='ltr'>καὶ</span> <span class='ocrx_word' id='word_1_81' title='bbox 509 1180 661 1231; x_wconf 86' lang='grc' dir='ltr'>ποῖον</span> <span class='ocrx_word' id='word_1_82' title='bbox 707 1176 816 1230; x_wconf 86' lang='grc' dir='ltr'>τῶν</span> <span class='ocrx_word' id='word_1_83' title='bbox 845 1178 902 1229; x_wconf 88' lang='grc' dir='ltr'>ἐν</span> <span class='ocrx_word' id='word_1_84' title='bbox 935 1177 1066 1246; x_wconf 75' lang='grc' dir='ltr'>ἡμῖν</span> <span class='ocrx_word' id='word_1_85' title='bbox 1118 1174 1306 1229; x_wconf 90' lang='grc' dir='ltr'>παθῶν</span> <span class='ocrx_word' id='word_1_86' title='bbox 1362 1173 1780 1246; x_wconf 56' lang='grc' dir='ltr'>διωηρθώσαμεν.</span> <span class='ocrx_word' id='word_1_87' title='bbox 1832 1174 1891 1227; x_wconf 75' lang='lat' dir='ltr'>El</span> 
     </span>
    </p>
   </div>
   <div class='ocr_carea' id='block_1_12' title="bbox 208 1262 1890 1340">
    <p class='ocr_par' dir='ltr' id='par_1_12' title="bbox 208 1262 1890 1340">
     <span class='ocr_line' id='line_1_12' title="bbox 208 1262 1890 1340; baseline -0.008 -15"><span class='ocrx_word' id='word_1_88' title='bbox 208 1269 319 1340; x_wconf 74' lang='grc' dir='ltr'>γὰρ</span> <span class='ocrx_word' id='word_1_89' title='bbox 366 1265 441 1338; x_wconf 81' lang='grc' dir='ltr'>μὴ</span> <span class='ocrx_word' id='word_1_90' title='bbox 488 1264 778 1338; x_wconf 81' lang='grc' dir='ltr'>μέλλοιμεν</span> <span class='ocrx_word' id='word_1_91' title='bbox 830 1262 973 1316; x_wconf 79' lang='grc' dir='ltr'>οὑτω</span> <span class='ocrx_word' id='word_1_92' title='bbox 1012 1263 1081 1317; x_wconf 79' lang='grc' dir='ltr'>τά</span> <span class='ocrx_word' id='word_1_93' title='bbox 1134 1262 1256 1316; x_wconf 82' lang='grc' dir='ltr'>καθ’</span> <span class='ocrx_word' id='word_1_94' title='bbox 1301 1263 1525 1325; x_wconf 80' lang='grc' dir='ltr'>ἑαυτοὺς</span> <span class='ocrx_word' id='word_1_95' title='bbox 1565 1264 1890 1331; x_wconf 75' lang='grc' dir='ltr'>οἰκονομεῖν,</span> 
     </span>
    </p>
   </div>
   <div class='ocr_carea' id='block_1_13' title="bbox 210 1349 1891 1425">
    <p class='ocr_par' dir='ltr' id='par_1_13' title="bbox 210 1349 1891 1425">
     <span class='ocr_line' id='line_1_13' title="bbox 210 1349 1891 1425; baseline -0.005 -15"><span class='ocrx_word' id='word_1_96' title='bbox 210 1357 307 1410; x_wconf 78' lang='grc' dir='ltr'>καὶ</span> <span class='ocrx_word' id='word_1_97' title='bbox 333 1354 605 1425; x_wconf 75' lang='grc' dir='ltr'>τοσαύτην</span> <span class='ocrx_word' id='word_1_98' title='bbox 644 1351 915 1406; x_wconf 82' lang='grc' dir='ltr'>ποιεῖσθαι</span> <span class='ocrx_word' id='word_1_99' title='bbox 947 1350 1267 1421; x_wconf 90' lang='grc' dir='ltr'>ἐπιμέλειαν</span> <span class='ocrx_word' id='word_1_100' title='bbox 1303 1353 1403 1422; x_wconf 85' lang='grc' dir='ltr'>τῆς</span> <span class='ocrx_word' id='word_1_101' title='bbox 1439 1349 1652 1404; x_wconf 84' lang='grc' dir='ltr'>ἐαυτῶν</span> <span class='ocrx_word' id='word_1_102' title='bbox 1687 1349 1891 1419; x_wconf 81' lang='grc' dir='ltr'>ψυχῆς,</span> 
     </span>
    </p>
   </div>
   <div class='ocr_carea' id='block_1_14' title="bbox 209 1436 1893 1515">
    <p class='ocr_par' dir='ltr' id='par_1_14' title="bbox 209 1436 1893 1515">
     <span class='ocr_line' id='line_1_14' title="bbox 209 1436 1893 1515; baseline -0.005 -17"><span class='ocrx_word' id='word_1_103' title='bbox 209 1443 364 1498; x_wconf 83' lang='grc' dir='ltr'>οὐδὲν</span> <span class='ocrx_word' id='word_1_104' title='bbox 388 1443 519 1515; x_wconf 87' lang='grc' dir='ltr'>ἡμῖν</span> <span class='ocrx_word' id='word_1_105' title='bbox 547 1441 739 1510; x_wconf 74' lang='grc' dir='ltr'>δφελος</span> <span class='ocrx_word' id='word_1_106' title='bbox 764 1438 918 1493; x_wconf 82' lang='grc' dir='ltr'>ἐσται</span> <span class='ocrx_word' id='word_1_107' title='bbox 946 1440 1043 1508; x_wconf 81' lang='grc' dir='ltr'>τῆς</span> <span class='ocrx_word' id='word_1_108' title='bbox 1073 1437 1347 1507; x_wconf 77' lang='grc' dir='ltr'>νηστείας,</span> <span class='ocrx_word' id='word_1_109' title='bbox 1372 1437 1494 1491; x_wconf 73' lang='grc' dir='ltr'>οὐδὲ</span> <span class='ocrx_word' id='word_1_110' title='bbox 1525 1437 1625 1507; x_wconf 83' lang='grc' dir='ltr'>τῆς</span> <span class='ocrx_word' id='word_1_111' title='bbox 1655 1436 1893 1501; x_wconf 83' lang='grc' dir='ltr'>ἀσιτίας,</span> 
     </span>
    </p>
   </div>
   <div class='ocr_carea' id='block_1_15' title="bbox 204 1522 1897 1604">
    <p class='ocr_par' dir='ltr' id='par_1_15' title="bbox 204 1522 1897 1604">
     <span class='ocr_line' id='line_1_15' title="bbox 204 1522 1897 1604; baseline -0.005 -20"><span class='ocrx_word' id='word_1_112' title='bbox 204 1533 279 1604; x_wconf 77' lang='grc' dir='ltr'>ἢν</span> <span class='ocrx_word' id='word_1_113' title='bbox 316 1529 681 1600; x_wconf 81' lang='grc' dir='ltr'>ὑπομένομεν,</span> <span class='ocrx_word' id='word_1_114' title='bbox 722 1526 959 1598; x_wconf 87' lang='grc' dir='ltr'>μάλιστα</span> <span class='ocrx_word' id='word_1_115' title='bbox 998 1526 1046 1578; x_wconf 88' lang='grc' dir='ltr'>εἰ</span> <span class='ocrx_word' id='word_1_116' title='bbox 1076 1522 1194 1597; x_wconf 72' lang='grc'>[85]</span> <span class='ocrx_word' id='word_1_117' title='bbox 1229 1523 1554 1595; x_wconf 85' lang='grc' dir='ltr'>φαινοίμεθα</span> <span class='ocrx_word' id='word_1_118' title='bbox 1581 1535 1607 1563; x_wconf 76' lang='grc' dir='ltr'>ι</span> <span class='ocrx_word' id='word_1_119' title='bbox 1639 1522 1897 1586; x_wconf 85' lang='grc' dir='ltr'>ἐλάττους</span> 
     </span>
    </p>
   </div>
   <div class='ocr_carea' id='block_1_16' title="bbox 212 1608 1897 1685">
    <p class='ocr_par' dir='ltr' id='par_1_16' title="bbox 212 1608 1897 1685">
     <span class='ocr_line' id='line_1_16' title="bbox 212 1608 1897 1685; baseline -0.006 -16"><span class='ocrx_word' id='word_1_120' title='bbox 212 1615 324 1669; x_wconf 88' lang='grc' dir='ltr'>τῶν</span> <span class='ocrx_word' id='word_1_121' title='bbox 356 1613 486 1685; x_wconf 81' lang='grc' dir='ltr'>περὶ</span> <span class='ocrx_word' id='word_1_122' title='bbox 513 1612 617 1682; x_wconf 82' lang='grc' dir='ltr'>τὴν</span> <span class='ocrx_word' id='word_1_123' title='bbox 653 1608 914 1680; x_wconf 81' lang='grc' dir='ltr'>συλλογὴν</span> <span class='ocrx_word' id='word_1_124' title='bbox 951 1608 1060 1662; x_wconf 85' lang='grc' dir='ltr'>τῶν</span> <span class='ocrx_word' id='word_1_125' title='bbox 1106 1608 1407 1679; x_wconf 87' lang='grc' dir='ltr'>χρημάτων</span> <span class='ocrx_word' id='word_1_126' title='bbox 1438 1608 1705 1679; x_wconf 82' lang='grc' dir='ltr'>τοσαύτην</span> <span class='ocrx_word' id='word_1_127' title='bbox 1739 1623 1897 1661; x_wconf 77' lang='grc' dir='ltr'>σπου·</span> 
     </span>
    </p>
   </div>
   <div class='ocr_carea' id='block_1_17' title="bbox 213 1690 1897 1771">
    <p class='ocr_par' dir='ltr' id='par_1_17' title="bbox 213 1690 1897 1771">
     <span class='ocr_line' id='line_1_17' title="bbox 213 1690 1897 1771; baseline -0.004 -19"><span class='ocrx_word' id='word_1_128' title='bbox 213 1700 310 1771; x_wconf 77' lang='grc' dir='ltr'>δὴν</span> <span class='ocrx_word' id='word_1_129' title='bbox 346 1694 712 1766; x_wconf 59' lang='grc' dir='ltr'>ποιουμένων</span> <span class='ocrx_word' id='word_1_130' title='bbox 757 1693 1009 1763; x_wconf 82' lang='grc' dir='ltr'>εὑρήσεις</span> <span class='ocrx_word' id='word_1_131' title='bbox 1050 1690 1159 1761; x_wconf 86' lang='lat'>7&amp;9</span> <span class='ocrx_word' id='word_1_132' title='bbox 1194 1691 1423 1746; x_wconf 71' lang='grc' dir='ltr'>ἕκαστον</span> <span class='ocrx_word' id='word_1_133' title='bbox 1456 1690 1682 1743; x_wconf 77' lang='grc' dir='ltr'>ἐκείνων</span> <span class='ocrx_word' id='word_1_134' title='bbox 1717 1691 1897 1745; x_wconf 79' lang='grc' dir='ltr'>πᾶσαν</span> 
     </span>
    </p>
   </div>
   <div class='ocr_carea' id='block_1_18' title="bbox 215 1773 1897 1853">
    <p class='ocr_par' dir='ltr' id='par_1_18' title="bbox 215 1773 1897 1853">
     <span class='ocr_line' id='line_1_18' title="bbox 215 1773 1897 1853; baseline -0.005 -17"><span class='ocrx_word' id='word_1_135' title='bbox 215 1782 524 1853; x_wconf 83' lang='grc' dir='ltr'>ἀγρυπνίαν</span> <span class='ocrx_word' id='word_1_136' title='bbox 581 1775 1044 1846; x_wconf 82' lang='grc' dir='ltr'>ἐπιδεικνύμενον,</span> <span class='ocrx_word' id='word_1_137' title='bbox 1094 1773 1235 1827; x_wconf 88' lang='grc' dir='ltr'>ῶστε</span> <span class='ocrx_word' id='word_1_138' title='bbox 1292 1776 1377 1843; x_wconf 83' lang='grc' dir='ltr'>ἐφ’</span> <span class='ocrx_word' id='word_1_139' title='bbox 1416 1774 1654 1845; x_wconf 86' lang='grc' dir='ltr'>ἐκάστης</span> <span class='ocrx_word' id='word_1_140' title='bbox 1684 1774 1897 1846; x_wconf 87' lang='grc' dir='ltr'>ἡμέρας</span> 
     </span>
    </p>
   </div>
   <div class='ocr_carea' id='block_1_19' title="bbox 217 1856 1897 1937">
    <p class='ocr_par' dir='ltr' id='par_1_19' title="bbox 217 1856 1897 1937">
     <span class='ocr_line' id='line_1_19' title="bbox 217 1856 1897 1937; baseline -0.005 -18"><span class='ocrx_word' id='word_1_141' title='bbox 217 1864 567 1937; x_wconf 85' lang='grc' dir='ltr'>προστιθέναι</span> <span class='ocrx_word' id='word_1_142' title='bbox 595 1864 703 1925; x_wconf 85' lang='grc' dir='ltr'>τοῖς</span> <span class='ocrx_word' id='word_1_143' title='bbox 732 1860 1040 1930; x_wconf 87' lang='grc' dir='ltr'>προτέροις.</span> <span class='ocrx_word' id='word_1_144' title='bbox 1078 1856 1173 1910; x_wconf 81' lang='grc' dir='ltr'>καὶ</span> <span class='ocrx_word' id='word_1_145' title='bbox 1208 1857 1463 1911; x_wconf 81' lang='grc' dir='ltr'>οὐδέποτε</span> <span class='ocrx_word' id='word_1_146' title='bbox 1493 1857 1654 1929; x_wconf 89' lang='grc' dir='ltr'>κόρον</span> <span class='ocrx_word' id='word_1_147' title='bbox 1685 1857 1897 1927; x_wconf 82' lang='grc' dir='ltr'>λαμϐά-</span> 
     </span>
    </p>
   </div>
   <div class='ocr_carea' id='block_1_20' title="bbox 220 1941 1894 2017">
    <p class='ocr_par' dir='ltr' id='par_1_20' title="bbox 220 1941 1894 2017">
     <span class='ocr_line' id='line_1_20' title="bbox 220 1941 1894 2017; baseline -0.007 -11"><span class='ocrx_word' id='word_1_148' title='bbox 220 1968 400 2017; x_wconf 88' lang='grc' dir='ltr'>νοντα,</span> <span class='ocrx_word' id='word_1_149' title='bbox 447 1947 564 2003; x_wconf 66' lang='grc' dir='ltr'>ἀλλ*</span> <span class='ocrx_word' id='word_1_150' title='bbox 606 1947 716 2016; x_wconf 81' lang='grc' dir='ltr'>ὅσῳ</span> <span class='ocrx_word' id='word_1_151' title='bbox 746 1944 813 1998; x_wconf 83' lang='grc' dir='ltr'>ἀν</span> <span class='ocrx_word' id='word_1_152' title='bbox 847 1941 1079 2012; x_wconf 73' lang='grc' dir='ltr'>αὔξηται</span> <span class='ocrx_word' id='word_1_153' title='bbox 1123 1941 1274 2011; x_wconf 86' lang='grc' dir='ltr'>αὐτῷ</span> <span class='ocrx_word' id='word_1_154' title='bbox 1308 1941 1374 1993; x_wconf 84' lang='grc' dir='ltr'>τὰ</span> <span class='ocrx_word' id='word_1_155' title='bbox 1417 1941 1518 2011; x_wconf 89' lang='grc' dir='ltr'>τῆς</span> <span class='ocrx_word' id='word_1_156' title='bbox 1557 1941 1894 2011; x_wconf 81' lang='grc' dir='ltr'>περιουσίας,</span> 
     </span>
    </p>
   </div>
   <div class='ocr_carea' id='block_1_21' title="bbox 220 2025 1898 2105">
    <p class='ocr_par' dir='ltr' id='par_1_21' title="bbox 220 2025 1898 2105">
     <span class='ocr_line' id='line_1_21' title="bbox 220 2025 1898 2105; baseline -0.007 -15"><span class='ocrx_word' id='word_1_157' title='bbox 220 2035 461 2105; x_wconf 85' lang='grc' dir='ltr'>τοσούτῳ</span> <span class='ocrx_word' id='word_1_158' title='bbox 493 2030 693 2104; x_wconf 81' lang='grc' dir='ltr'>μᾶλλον</span> <span class='ocrx_word' id='word_1_159' title='bbox 741 2029 836 2081; x_wconf 76' lang='grc' dir='ltr'>καὶ</span> <span class='ocrx_word' id='word_1_160' title='bbox 862 2029 983 2098; x_wconf 52' lang='grc' dir='ltr'>,τὴν</span> <span class='ocrx_word' id='word_1_161' title='bbox 1026 2025 1323 2095; x_wconf 83' lang='grc' dir='ltr'>ἐπιθυμίαν</span> <span class='ocrx_word' id='word_1_162' title='bbox 1360 2025 1455 2078; x_wconf 79' lang='grc' dir='ltr'>καὶ</span> <span class='ocrx_word' id='word_1_163' title='bbox 1502 2025 1602 2096; x_wconf 84' lang='grc' dir='ltr'>τὴν</span> <span class='ocrx_word' id='word_1_164' title='bbox 1661 2026 1898 2097; x_wconf 83' lang='grc' dir='ltr'>σπουδὴν</span> 
     </span>
    </p>
   </div>
   <div class='ocr_carea' id='block_1_22' title="bbox 222 2112 1902 2193">
    <p class='ocr_par' dir='ltr' id='par_1_22' title="bbox 222 2112 1902 2193">
     <span class='ocr_line' id='line_1_22' title="bbox 222 2112 1902 2193; baseline -0.011 -14"><span class='ocrx_word' id='word_1_165' title='bbox 222 2122 627 2193; x_wconf 72' lang='grc' dir='ltr'>ἐκτεινομένην.</span> <span class='ocrx_word' id='word_1_166' title='bbox 656 2119 719 2172; x_wconf 69' lang='lat' dir='ltr'><strong><em>El</em></strong></span> <span class='ocrx_word' id='word_1_167' title='bbox 748 2116 929 2171; x_wconf 80' lang='grc' dir='ltr'>τοίνυν</span> <span class='ocrx_word' id='word_1_168' title='bbox 958 2113 1088 2167; x_wconf 75' lang='grc' dir='ltr'>ἔνθα</span> <span class='ocrx_word' id='word_1_169' title='bbox 1130 2112 1228 2167; x_wconf 72' lang='grc' dir='ltr'>καὶ</span> <span class='ocrx_word' id='word_1_170' title='bbox 1264 2113 1333 2167; x_wconf 71' lang='grc' dir='ltr'>τά</span> <span class='ocrx_word' id='word_1_171' title='bbox 1363 2113 1462 2183; x_wconf 84' lang='grc' dir='ltr'>τῆς</span> <span class='ocrx_word' id='word_1_172' title='bbox 1499 2114 1736 2184; x_wconf 85' lang='grc' dir='ltr'>σπουδῆς</span> <span class='ocrx_word' id='word_1_173' title='bbox 1778 2114 1902 2167; x_wconf 77' lang='grc' dir='ltr'>ἀνό-</span> 
     </span>
    </p>
   </div>
   <div class='ocr_carea' id='block_1_23' title="bbox 222 2195 1898 2278">
    <p class='ocr_par' dir='ltr' id='par_1_23' title="bbox 222 2195 1898 2278">
     <span class='ocr_line' id='line_1_23' title="bbox 222 2195 1898 2278; baseline -0.012 -17"><span class='ocrx_word' id='word_1_174' title='bbox 222 2225 380 2278; x_wconf 88' lang='grc' dir='ltr'>νητα,</span> <span class='ocrx_word' id='word_1_175' title='bbox 428 2206 525 2259; x_wconf 78' lang='grc' dir='ltr'>καὶ</span> <span class='ocrx_word' id='word_1_176' title='bbox 566 2202 636 2256; x_wconf 80' lang='grc' dir='ltr'>τὰ</span> <span class='ocrx_word' id='word_1_177' title='bbox 675 2202 773 2270; x_wconf 87' lang='grc' dir='ltr'>τῆς</span> <span class='ocrx_word' id='word_1_178' title='bbox 816 2197 1135 2269; x_wconf 75' lang='grc' dir='ltr'>περιουσίας</span> <span class='ocrx_word' id='word_1_179' title='bbox 1177 2195 1439 2258; x_wconf 78' lang='grc' dir='ltr'>πολλάκις</span> <span class='ocrx_word' id='word_1_180' title='bbox 1483 2196 1684 2266; x_wconf 59' lang='grc' dir='ltr'>πολλὴν</span> <span class='ocrx_word' id='word_1_181' title='bbox 1731 2197 1898 2267; x_wconf 71' lang='grc' dir='ltr'>ἐργά-</span> 
     </span>
    </p>
   </div>
   <div class='ocr_carea' id='block_1_24' title="bbox 223 2277 1901 2359">
    <p class='ocr_par' dir='ltr' id='par_1_24' title="bbox 223 2277 1901 2359">
     <span class='ocr_line' id='line_1_24' title="bbox 223 2277 1901 2359; baseline -0.007 -16"><span class='ocrx_word' id='word_1_182' title='bbox 223 2277 375 2355; x_wconf 84' lang='grc' dir='ltr'>ζεται</span> <span class='ocrx_word' id='word_1_183' title='bbox 427 2290 494 2359; x_wconf 71' lang='grc' dir='ltr'>τῇ</span> <span class='ocrx_word' id='word_1_184' title='bbox 544 2286 645 2356; x_wconf 86' lang='grc' dir='ltr'>τῆς</span> <span class='ocrx_word' id='word_1_185' title='bbox 698 2282 881 2353; x_wconf 83' lang='grc' dir='ltr'>ψυχῆς</span> <span class='ocrx_word' id='word_1_186' title='bbox 936 2279 1181 2350; x_wconf 82' lang='grc' dir='ltr'>σωτηρίᾳ</span> <span class='ocrx_word' id='word_1_187' title='bbox 1225 2277 1326 2349; x_wconf 84' lang='grc' dir='ltr'>τὴν</span> <span class='ocrx_word' id='word_1_188' title='bbox 1372 2278 1572 2348; x_wconf 87' lang='grc' dir='ltr'>λύμην,</span> <span class='ocrx_word' id='word_1_189' title='bbox 1628 2280 1901 2350; x_wconf 85' lang='grc' dir='ltr'>τοσαύτην</span> 
     </span>
    </p>
   </div>
   <div class='ocr_carea' id='block_1_25' title="bbox 223 2360 1902 2437">
    <p class='ocr_par' dir='ltr' id='par_1_25' title="bbox 223 2360 1902 2437">
     <span class='ocr_line' id='line_1_25' title="bbox 223 2360 1902 2437; baseline -0.008 -9"><span class='ocrx_word' id='word_1_190' title='bbox 223 2372 591 2428; x_wconf 88' lang='grc' dir='ltr'>ἐπιδείκνυται</span> <span class='ocrx_word' id='word_1_191' title='bbox 635 2367 736 2437; x_wconf 82' lang='grc' dir='ltr'>τὴν</span> <span class='ocrx_word' id='word_1_192' title='bbox 780 2362 1112 2431; x_wconf 88' lang='grc' dir='ltr'>ἀγρυπνίαν,</span> <span class='ocrx_word' id='word_1_193' title='bbox 1162 2360 1280 2425; x_wconf 83' lang='grc' dir='ltr'>πῶς</span> <span class='ocrx_word' id='word_1_194' title='bbox 1327 2360 1487 2413; x_wconf 87' lang='grc' dir='ltr'>τοῦτο</span> <span class='ocrx_word' id='word_1_195' title='bbox 1537 2360 1737 2431; x_wconf 77' lang='grc' dir='ltr'>μᾶλλον</span> <span class='ocrx_word' id='word_1_196' title='bbox 1781 2363 1902 2433; x_wconf 75' lang='grc' dir='ltr'>οὐχὶ</span> 
     </span>
    </p>
   </div>
   <div class='ocr_carea' id='block_1_26' title="bbox 224 2444 1899 2525">
    <p class='ocr_par' dir='ltr' id='par_1_26' title="bbox 224 2444 1899 2525">
     <span class='ocr_line' id='line_1_26' title="bbox 224 2444 1899 2525; baseline -0.007 -13"><span class='ocrx_word' id='word_1_197' title='bbox 224 2459 401 2512; x_wconf 83' lang='grc' dir='ltr'>ποιεῖν</span> <span class='ocrx_word' id='word_1_198' title='bbox 434 2452 564 2525; x_wconf 79' lang='grc' dir='ltr'>χρὴ,</span> <span class='ocrx_word' id='word_1_199' title='bbox 609 2449 738 2505; x_wconf 83' lang='grc' dir='ltr'>ἐνθα</span> <span class='ocrx_word' id='word_1_200' title='bbox 776 2446 946 2516; x_wconf 84' lang='grc' dir='ltr'>πολλὴ</span> <span class='ocrx_word' id='word_1_201' title='bbox 968 2446 997 2486; x_wconf 74' lang='grc' dir='ltr'><strong>ι)</strong></span> <span class='ocrx_word' id='word_1_202' title='bbox 1033 2445 1141 2499; x_wconf 81' lang='grc' dir='ltr'>ἀπὸ</span> <span class='ocrx_word' id='word_1_203' title='bbox 1181 2444 1283 2514; x_wconf 85' lang='grc' dir='ltr'>τῆς</span> <span class='ocrx_word' id='word_1_204' title='bbox 1313 2444 1550 2516; x_wconf 85' lang='grc' dir='ltr'>σπουδῆς</span> <span class='ocrx_word' id='word_1_205' title='bbox 1578 2447 1611 2517; x_wconf 86' lang='grc' dir='ltr'>ἡ</span> <span class='ocrx_word' id='word_1_206' title='bbox 1645 2445 1899 2515; x_wconf 85' lang='grc' dir='ltr'>ὠφέλεια,</span> 
     </span>
    </p>
   </div>
   <div class='ocr_carea' id='block_1_27' title="bbox 226 2526 1903 2609">
    <p class='ocr_par' dir='ltr' id='par_1_27' title="bbox 226 2526 1903 2609">
     <span class='ocr_line' id='line_1_27' title="bbox 226 2526 1903 2609; baseline -0.011 -12"><span class='ocrx_word' id='word_1_207' title='bbox 226 2543 320 2597; x_wconf 74' lang='grc' dir='ltr'>καὶ</span> <span class='ocrx_word' id='word_1_208' title='bbox 348 2539 553 2609; x_wconf 82' lang='grc' dir='ltr'>ἀφατος</span> <span class='ocrx_word' id='word_1_209' title='bbox 578 2535 605 2587; x_wconf 84' lang='lat'>6</span> <span class='ocrx_word' id='word_1_210' title='bbox 640 2531 850 2605; x_wconf 81' lang='grc' dir='ltr'>μισθὸς,</span> <span class='ocrx_word' id='word_1_211' title='bbox 880 2529 976 2583; x_wconf 73' lang='grc' dir='ltr'>καὶ</span> <span class='ocrx_word' id='word_1_212' title='bbox 1006 2528 1067 2582; x_wconf 75' lang='grc' dir='ltr'>τὸ</span> <span class='ocrx_word' id='word_1_213' title='bbox 1097 2526 1285 2599; x_wconf 83' lang='grc' dir='ltr'>κέρδος</span> <span class='ocrx_word' id='word_1_214' title='bbox 1314 2527 1570 2598; x_wconf 79' lang='grc' dir='ltr'>ἀπειρον;</span> <span class='ocrx_word' id='word_1_215' title='bbox 1619 2529 1766 2582; x_wconf 78' lang='grc' dir='ltr'>Ἐκεῖ</span> <span class='ocrx_word' id='word_1_216' title='bbox 1802 2529 1903 2599; x_wconf 82' lang='grc' dir='ltr'>μὲν</span> 
     </span>
    </p>
   </div>
   <div class='ocr_carea' id='block_1_28' title="bbox 228 2610 1904 2697">
    <p class='ocr_par' dir='ltr' id='par_1_28' title="bbox 228 2610 1904 2697">
     <span class='ocr_line' id='line_1_28' title="bbox 228 2610 1904 2697; baseline -0.016 -18"><span class='ocrx_word' id='word_1_217' title='bbox 228 2626 338 2697; x_wconf 78' lang='lat'>7&amp;9</span> <span class='ocrx_word' id='word_1_218' title='bbox 383 2622 477 2676; x_wconf 74' lang='grc' dir='ltr'>καὶ</span> <span class='ocrx_word' id='word_1_219' title='bbox 515 2616 658 2690; x_wconf 84' lang='grc' dir='ltr'>μετά</span> <span class='ocrx_word' id='word_1_220' title='bbox 688 2614 896 2697; x_wconf 80' lang='grc' dir='ltr'>τούτων</span> <span class='ocrx_word' id='word_1_221' title='bbox 935 2613 1202 2697; x_wconf 68' lang='grc' dir='ltr'>ἁπάντων</span> <span class='ocrx_word' id='word_1_222' title='bbox 1236 2610 1414 2697; x_wconf 74' lang='grc' dir='ltr'>πολλή</span> <span class='ocrx_word' id='word_1_223' title='bbox 1441 2611 1474 2681; x_wconf 89' lang='grc' dir='ltr'>ἡ</span> <span class='ocrx_word' id='word_1_224' title='bbox 1501 2611 1727 2697; x_wconf 76' lang='grc' dir='ltr'>ἀδηλία·</span> <span class='ocrx_word' id='word_1_225' title='bbox 1775 2611 1904 2697; x_wconf 58' lang='grc' dir='ltr'>ᾀδέ-</span> 
     </span>
    </p>
   </div>
   <div class='ocr_carea' id='block_1_29' title="bbox 230 2694 1900 2775">
    <p class='ocr_par' dir='ltr' id='par_1_29' title="bbox 230 2694 1900 2775">
     <span class='ocr_line' id='line_1_29' title="bbox 230 2694 1900 2775; baseline -0.007 -16"><span class='ocrx_word' id='word_1_226' title='bbox 230 2694 385 2769; x_wconf 79' lang='grc' dir='ltr'>ϐαιος</span> <span class='ocrx_word' id='word_1_227' title='bbox 415 2703 527 2775; x_wconf 84' lang='grc' dir='ltr'>γὰρ</span> <span class='ocrx_word' id='word_1_228' title='bbox 559 2700 669 2754; x_wconf 88' lang='grc' dir='ltr'>τῶν</span> <span class='ocrx_word' id='word_1_229' title='bbox 714 2694 1012 2768; x_wconf 84' lang='grc' dir='ltr'>χρημάτων</span> <span class='ocrx_word' id='word_1_230' title='bbox 1041 2695 1074 2765; x_wconf 85' lang='grc' dir='ltr'>ἡ</span> <span class='ocrx_word' id='word_1_231' title='bbox 1107 2694 1331 2763; x_wconf 78' lang='grc' dir='ltr'>κτῆσις·</span> <span class='ocrx_word' id='word_1_232' title='bbox 1364 2694 1464 2746; x_wconf 90' lang='grc' dir='ltr'>οὑκ</span> <span class='ocrx_word' id='word_1_233' title='bbox 1497 2694 1682 2766; x_wconf 78' lang='grc' dir='ltr'>ἐπειδὴ</span> <span class='ocrx_word' id='word_1_234' title='bbox 1720 2695 1900 2766; x_wconf 89' lang='grc' dir='ltr'>μόνον,</span> 
     </span>
    </p>
   </div>
   <div class='ocr_carea' id='block_1_30' title="bbox 227 2776 1903 2861">
    <p class='ocr_par' dir='ltr' id='par_1_30' title="bbox 227 2776 1903 2861">
     <span class='ocr_line' id='line_1_30' title="bbox 227 2776 1903 2861; baseline -0.007 -17"><span class='ocrx_word' id='word_1_235' title='bbox 227 2791 330 2861; x_wconf 90' lang='grc' dir='ltr'>τῆς</span> <span class='ocrx_word' id='word_1_236' title='bbox 375 2784 634 2854; x_wconf 83' lang='grc' dir='ltr'>τελευτῆς</span> <span class='ocrx_word' id='word_1_237' title='bbox 683 2780 1006 2849; x_wconf 81' lang='grc' dir='ltr'>ἐπιστάσης,</span> <span class='ocrx_word' id='word_1_238' title='bbox 1055 2776 1290 2831; x_wconf 84' lang='grc' dir='ltr'>ἐνταῦθα</span> <span class='ocrx_word' id='word_1_239' title='bbox 1342 2776 1593 2861; x_wconf 82' lang='grc' dir='ltr'>μένοντα,</span> <span class='ocrx_word' id='word_1_240' title='bbox 1645 2778 1903 2861; x_wconf 75' lang='grc' dir='ltr'>οὐδεμίαν</span> 
     </span>
    </p>
   </div>
   <div class='ocr_carea' id='block_1_31' title="bbox 229 2851 1904 2944">
    <p class='ocr_par' dir='ltr' id='par_1_31' title="bbox 229 2851 1904 2944">
     <span class='ocr_line' id='line_1_31' title="bbox 229 2851 1904 2944; baseline -0.007 -17"><span class='ocrx_word' id='word_1_241' title='bbox 229 2851 416 2944; x_wconf 44' lang='lat' dir='ltr'>(av-{30w</span> <span class='ocrx_word' id='word_1_242' title='bbox 458 2851 691 2940; x_wconf 82' lang='grc' dir='ltr'>παρέχει</span> <span class='ocrx_word' id='word_1_243' title='bbox 718 2862 798 2935; x_wconf 87' lang='grc' dir='ltr'>τῷ</span> <span class='ocrx_word' id='word_1_244' title='bbox 824 2863 996 2916; x_wconf 86' lang='grc' dir='ltr'>ταῦτα</span> <span class='ocrx_word' id='word_1_245' title='bbox 1030 2859 1498 2944; x_wconf 51' lang='grc' dir='ltr'>συνάγοντι,ῗάλλ’</span> <span class='ocrx_word' id='word_1_246' title='bbox 1541 2861 1623 2944; x_wconf 85' lang='grc' dir='ltr'>δτι</span> <span class='ocrx_word' id='word_1_247' title='bbox 1656 2861 1750 2914; x_wconf 75' lang='grc' dir='ltr'>καὶ</span> <span class='ocrx_word' id='word_1_248' title='bbox 1796 2851 1904 2915; x_wconf 84' lang='grc' dir='ltr'>τῶν</span> 
     </span>
    </p>
   </div>
   <div class='ocr_carea' id='block_1_32' title="bbox 232 2943 1908 3029">
    <p class='ocr_par' dir='ltr' id='par_1_32' title="bbox 232 2943 1908 3029">
     <span class='ocr_line' id='line_1_32' title="bbox 232 2943 1908 3029; baseline -0.011 -17"><span class='ocrx_word' id='word_1_249' title='bbox 232 2943 530 3029; x_wconf 85' lang='grc' dir='ltr'>χρημάτων</span> <span class='ocrx_word' id='word_1_250' title='bbox 552 2943 654 3005; x_wconf 80' lang='grc' dir='ltr'>ὧδε</span> <span class='ocrx_word' id='word_1_251' title='bbox 689 2945 960 3029; x_wconf 84' lang='grc' dir='ltr'>μενόντων</span> <span class='ocrx_word' id='word_1_252' title='bbox 987 2944 1086 3008; x_wconf 87' lang='grc' dir='ltr'>τὰς</span> <span class='ocrx_word' id='word_1_253' title='bbox 1104 2943 1250 3029; x_wconf 81' lang='grc' dir='ltr'>ὑπὲρ</span> <span class='ocrx_word' id='word_1_254' title='bbox 1275 2943 1480 3029; x_wconf 80' lang='grc' dir='ltr'>τούτων</span> <span class='ocrx_word' id='word_1_255' title='bbox 1507 2943 1745 3029; x_wconf 82' lang='grc' dir='ltr'>εὐθύνας</span> <span class='ocrx_word' id='word_1_256' title='bbox 1759 2944 1908 3015; x_wconf 75' lang='grc' dir='ltr'>μετὰ</span> 
     </span>
    </p>
   </div>
   <div class='ocr_carea' id='block_1_33' title="bbox 232 3026 1902 3109">
    <p class='ocr_par' dir='ltr' id='par_1_33' title="bbox 232 3026 1902 3109">
     <span class='ocr_line' id='line_1_33' title="bbox 232 3026 1902 3109; baseline -0.008 -15"><span class='ocrx_word' id='word_1_257' title='bbox 232 3026 431 3109; x_wconf 70' lang='grc' dir='ltr'>πολλῆς</span> <span class='ocrx_word' id='word_1_258' title='bbox 496 3035 599 3105; x_wconf 86' lang='grc' dir='ltr'>τῆς</span> <span class='ocrx_word' id='word_1_259' title='bbox 666 3028 1028 3099; x_wconf 85' lang='grc' dir='ltr'>σφοδρότητος</span> <span class='ocrx_word' id='word_1_260' title='bbox 1091 3026 1441 3081; x_wconf 80' lang='grc' dir='ltr'>ἀπαιτεῖσθαι</span> <span class='ocrx_word' id='word_1_261' title='bbox 1513 3027 1902 3109; x_wconf 75' lang='grc' dir='ltr'>ἀναγκάζεται.</span> 
     </span>
    </p>
   </div>
   <div class='ocr_carea' id='block_1_34' title="bbox 238 3108 1906 3180">
    <p class='ocr_par' dir='ltr' id='par_1_34' title="bbox 238 3108 1906 3180">
     <span class='ocr_line' id='line_1_34' title="bbox 238 3108 1906 3180; baseline -0.013 -4"><span class='ocrx_word' id='word_1_262' title='bbox 238 3108 399 3176; x_wconf 84' lang='grc' dir='ltr'>Ἔστι</span> <span class='ocrx_word' id='word_1_263' title='bbox 443 3121 538 3174; x_wconf 79' lang='grc' dir='ltr'>καὶ</span> <span class='ocrx_word' id='word_1_264' title='bbox 567 3118 658 3170; x_wconf 82' lang='grc' dir='ltr'>ὅτε</span> <span class='ocrx_word' id='word_1_265' title='bbox 693 3111 953 3173; x_wconf 77' lang='grc' dir='ltr'>πολλάκις</span> <span class='ocrx_word' id='word_1_266' title='bbox 982 3118 1008 3148; x_wconf 77' lang='grc' dir='ltr'><strong>ο</strong></span> <span class='ocrx_word' id='word_1_267' title='bbox 1047 3109 1143 3162; x_wconf 75' lang='grc' dir='ltr'>καὶ</span> <span class='ocrx_word' id='word_1_268' title='bbox 1188 3109 1295 3178; x_wconf 83' lang='grc' dir='ltr'>πρὸ</span> <span class='ocrx_word' id='word_1_269' title='bbox 1336 3108 1439 3178; x_wconf 88' lang='grc' dir='ltr'>τῆς</span> <span class='ocrx_word' id='word_1_270' title='bbox 1468 3109 1725 3180; x_wconf 82' lang='grc' dir='ltr'>τελευτῆς</span> <span class='ocrx_word' id='word_1_271' title='bbox 1769 3108 1906 3180; x_wconf 79' lang='grc' dir='ltr'>μετὰ</span> 
     </span>
    </p>
   </div>
   <div class='ocr_carea' id='block_1_35' title="bbox 231 3190 1908 3268">
    <p class='ocr_par' dir='ltr' id='par_1_35' title="bbox 231 3190 1908 3268">
     <span class='ocr_line' id='line_1_35' title="bbox 231 3190 1908 3268; baseline -0.007 -11"><span class='ocrx_word' id='word_1_272' title='bbox 231 3206 359 3268; x_wconf 73' lang='grc' dir='ltr'>τοὺς</span> <span class='ocrx_word' id='word_1_273' title='bbox 387 3200 615 3262; x_wconf 77' lang='grc' dir='ltr'>πολλοὺς</span> <span class='ocrx_word' id='word_1_274' title='bbox 644 3196 859 3259; x_wconf 78' lang='grc' dir='ltr'>πόνους,</span> <span class='ocrx_word' id='word_1_275' title='bbox 904 3193 1000 3246; x_wconf 80' lang='grc' dir='ltr'>καὶ</span> <span class='ocrx_word' id='word_1_276' title='bbox 1034 3190 1159 3256; x_wconf 77' lang='grc' dir='ltr'>τοὺς</span> <span class='ocrx_word' id='word_1_277' title='bbox 1193 3190 1444 3260; x_wconf 79' lang='grc' dir='ltr'>ἱδρῶτας,</span> <span class='ocrx_word' id='word_1_278' title='bbox 1469 3192 1564 3245; x_wconf 80' lang='grc' dir='ltr'>καὶ</span> <span class='ocrx_word' id='word_1_279' title='bbox 1596 3191 1695 3256; x_wconf 90' lang='grc' dir='ltr'>τάς</span> <span class='ocrx_word' id='word_1_280' title='bbox 1723 3193 1908 3246; x_wconf 87' lang='grc' dir='ltr'>ταλαι-</span> 
     </span>
    </p>
   </div>
   <div class='ocr_carea' id='block_1_36' title="bbox 235 3275 1907 3359">
    <p class='ocr_par' dir='ltr' id='par_1_36' title="bbox 235 3275 1907 3359">
     <span class='ocr_line' id='line_1_36' title="bbox 235 3275 1907 3359; baseline -0.004 -23"><span class='ocrx_word' id='word_1_281' title='bbox 235 3287 473 3359; x_wconf 80' lang='grc' dir='ltr'>πωρίας,</span> <span class='ocrx_word' id='word_1_282' title='bbox 516 3282 769 3353; x_wconf 85' lang='grc' dir='ltr'>καθάπερ</span> <span class='ocrx_word' id='word_1_283' title='bbox 804 3275 1117 3345; x_wconf 84' lang='grc' dir='ltr'>καταιγίδος</span> <span class='ocrx_word' id='word_1_284' title='bbox 1158 3275 1313 3359; x_wconf 80' lang='grc' dir='ltr'>τινὸς</span> <span class='ocrx_word' id='word_1_285' title='bbox 1349 3275 1763 3359; x_wconf 86' lang='grc' dir='ltr'>προσπεσούσης</span> <span class='ocrx_word' id='word_1_286' title='bbox 1805 3277 1907 3347; x_wconf 88' lang='grc' dir='ltr'>τῆς</span> 
     </span>
    </p>
   </div>
   <div class='ocr_carea' id='block_1_37' title="bbox 238 3358 1907 3437">
    <p class='ocr_par' dir='ltr' id='par_1_37' title="bbox 238 3358 1907 3437">
     <span class='ocr_line' id='line_1_37' title="bbox 238 3358 1907 3437; baseline -0.007 -12"><span class='ocrx_word' id='word_1_287' title='bbox 238 3358 348 3424; x_wconf 87' lang='grc' dir='ltr'>τῶν</span> <span class='ocrx_word' id='word_1_288' title='bbox 404 3364 749 3437; x_wconf 80' lang='grc' dir='ltr'>πραγμάτων</span> <span class='ocrx_word' id='word_1_289' title='bbox 808 3358 1210 3432; x_wconf 82' lang='grc' dir='ltr'>περιστάσεως,</span> <span class='ocrx_word' id='word_1_290' title='bbox 1256 3358 1454 3430; x_wconf 91' lang='grc' dir='ltr'>ἀθρόον</span> <span class='ocrx_word' id='word_1_291' title='bbox 1502 3362 1531 3414; x_wconf 97' lang='lat'>6</span> <span class='ocrx_word' id='word_1_292' title='bbox 1581 3359 1783 3431; x_wconf 84' lang='grc' dir='ltr'>πολλὴν</span> <span class='ocrx_word' id='word_1_293' title='bbox 1807 3361 1907 3432; x_wconf 84' lang='grc' dir='ltr'>τὴν</span> 
     </span>
    </p>
   </div>
   <div class='ocr_carea' id='block_1_38' title="bbox 238 3441 1908 3524">
    <p class='ocr_par' dir='ltr' id='par_1_38' title="bbox 238 3441 1908 3524">
     <span class='ocr_line' id='line_1_38' title="bbox 238 3441 1908 3524; baseline -0.014 -18"><span class='ocrx_word' id='word_1_294' title='bbox 238 3449 559 3524; x_wconf 83' lang='grc' dir='ltr'>περιουσίαν</span> <span class='ocrx_word' id='word_1_295' title='bbox 598 3446 694 3501; x_wconf 82' lang='grc' dir='ltr'>τοῦ</span> <span class='ocrx_word' id='word_1_296' title='bbox 731 3442 961 3498; x_wconf 89' lang='grc' dir='ltr'>πλούτου</span> <span class='ocrx_word' id='word_1_297' title='bbox 1007 3441 1374 3513; x_wconf 81' lang='grc' dir='ltr'>κεκτημένος,</span> <span class='ocrx_word' id='word_1_298' title='bbox 1417 3442 1527 3495; x_wconf 85' lang='grc' dir='ltr'>τῶν</span> <span class='ocrx_word' id='word_1_299' title='bbox 1567 3443 1772 3514; x_wconf 84' lang='grc' dir='ltr'>σφόδρα,</span> <span class='ocrx_word' id='word_1_300' title='bbox 1810 3459 1908 3495; x_wconf 87' lang='grc' dir='ltr'>πε-</span> 
     </span>
    </p>
   </div>
   <div class='ocr_carea' id='block_1_39' title="bbox 244 3523 1907 3606">
    <p class='ocr_par' dir='ltr' id='par_1_39' title="bbox 244 3523 1907 3606">
     <span class='ocr_line' id='line_1_39' title="bbox 244 3523 1907 3606; baseline -0.005 -17"><span class='ocrx_word' id='word_1_301' title='bbox 244 3540 421 3606; x_wconf 84' lang='grc' dir='ltr'>νὴτων</span> <span class='ocrx_word' id='word_1_302' title='bbox 473 3532 668 3602; x_wconf 88' lang='grc' dir='ltr'>γέγονε</span> <span class='ocrx_word' id='word_1_303' title='bbox 713 3527 1059 3597; x_wconf 84' lang='grc' dir='ltr'>πενέστερος.</span> <span class='ocrx_word' id='word_1_304' title='bbox 1110 3524 1216 3578; x_wconf 77' lang='grc' dir='ltr'>Καὶ</span> <span class='ocrx_word' id='word_1_305' title='bbox 1271 3523 1445 3577; x_wconf 82' lang='grc' dir='ltr'>ταῦτα</span> <span class='ocrx_word' id='word_1_306' title='bbox 1508 3524 1625 3579; x_wconf 81' lang='grc' dir='ltr'>καθ’</span> <span class='ocrx_word' id='word_1_307' title='bbox 1667 3524 1907 3595; x_wconf 87' lang='grc' dir='ltr'>ἐκάστην</span> 
     </span>
    </p>
   </div>
   <div class='ocr_carea' id='block_1_40' title="bbox 239 3608 1911 3691">
    <p class='ocr_par' dir='ltr' id='par_1_40' title="bbox 239 3608 1911 3691">
     <span class='ocr_line' id='line_1_40' title="bbox 239 3608 1911 3691; baseline -0.013 -19"><span class='ocrx_word' id='word_1_308' title='bbox 239 3620 457 3691; x_wconf 83' lang='grc' dir='ltr'>ἡμέραν</span> <span class='ocrx_word' id='word_1_309' title='bbox 485 3615 631 3669; x_wconf 80' lang='grc' dir='ltr'>ἐστιν</span> <span class='ocrx_word' id='word_1_310' title='bbox 662 3612 788 3668; x_wconf 83' lang='grc' dir='ltr'>ίδεῖν</span> <span class='ocrx_word' id='word_1_311' title='bbox 824 3610 1212 3681; x_wconf 85' lang='grc' dir='ltr'>συμϐαίνοντα.</span> <span class='ocrx_word' id='word_1_312' title='bbox 1246 3608 1385 3691; x_wconf 50' lang='grc' dir='ltr'>Ἐπὶᾷ</span> <span class='ocrx_word' id='word_1_313' title='bbox 1406 3608 1588 3679; x_wconf 88' lang='grc' dir='ltr'>μέντοι</span> <span class='ocrx_word' id='word_1_314' title='bbox 1619 3609 1718 3680; x_wconf 80' lang='grc' dir='ltr'>τῆς</span> <span class='ocrx_word' id='word_1_315' title='bbox 1749 3626 1911 3663; x_wconf 83' lang='grc' dir='ltr'>πνευ-</span> 
     </span>
    </p>
   </div>
   <div class='ocr_carea' id='block_1_41' title="bbox 245 3689 1906 3773">
    <p class='ocr_par' dir='ltr' id='par_1_41' title="bbox 245 3689 1906 3773">
     <span class='ocr_line' id='line_1_41' title="bbox 245 3689 1906 3773; baseline -0.006 -18"><span class='ocrx_word' id='word_1_316' title='bbox 245 3689 483 3773; x_wconf 86' lang='grc' dir='ltr'>ματικῆς</span> <span class='ocrx_word' id='word_1_317' title='bbox 534 3696 805 3769; x_wconf 83' lang='grc' dir='ltr'>ἐμπορίας</span> <span class='ocrx_word' id='word_1_318' title='bbox 861 3693 1013 3747; x_wconf 79' lang='grc' dir='ltr'>οὐδὲν</span> <span class='ocrx_word' id='word_1_319' title='bbox 1062 3691 1177 3744; x_wconf 79' lang='grc' dir='ltr'>ἐστι</span> <span class='ocrx_word' id='word_1_320' title='bbox 1243 3689 1483 3745; x_wconf 83' lang='grc' dir='ltr'>τοιοῦτον</span> <span class='ocrx_word' id='word_1_321' title='bbox 1522 3691 1696 3745; x_wconf 89' lang='grc' dir='ltr'>δεῖσαί</span> <span class='ocrx_word' id='word_1_322' title='bbox 1743 3710 1906 3746; x_wconf 69' lang='lat' dir='ltr'>mre-</span> 
     </span>
    </p>
   </div>
   <div class='ocr_carea' id='block_1_42' title="bbox 241 3776 1913 3855">
    <p class='ocr_par' dir='ltr' id='par_1_42' title="bbox 241 3776 1913 3855">
     <span class='ocr_line' id='line_1_42' title="bbox 241 3776 1913 3855; baseline -0.004 -16"><span class='ocrx_word' id='word_1_323' title='bbox 241 3785 382 3855; x_wconf 85' lang='grc' dir='ltr'>αῦτη</span> <span class='ocrx_word' id='word_1_324' title='bbox 411 3784 520 3855; x_wconf 84' lang='grc' dir='ltr'>γὰρ</span> <span class='ocrx_word' id='word_1_325' title='bbox 557 3781 748 3853; x_wconf 84' lang='grc' dir='ltr'>βεϐαία</span> <span class='ocrx_word' id='word_1_326' title='bbox 780 3780 932 3851; x_wconf 87' lang='grc' dir='ltr'>μένει</span> <span class='ocrx_word' id='word_1_327' title='bbox 964 3777 1057 3832; x_wconf 69' lang='grc' dir='ltr'>καὶ</span> <span class='ocrx_word' id='word_1_328' title='bbox 1091 3776 1368 3847; x_wconf 89' lang='grc' dir='ltr'>ἀκίνητος,</span> <span class='ocrx_word' id='word_1_329' title='bbox 1399 3776 1491 3829; x_wconf 77' lang='grc' dir='ltr'>καὶ</span> <span class='ocrx_word' id='word_1_330' title='bbox 1519 3777 1647 3831; x_wconf 74' lang='grc' dir='ltr'>ἔνθα</span> <span class='ocrx_word' id='word_1_331' title='bbox 1678 3777 1913 3849; x_wconf 83' lang='grc' dir='ltr'>μάλιστα</span> 
     </span>
    </p>
   </div>
   <div class='ocr_carea' id='block_1_43' title="bbox 241 3861 1913 3940">
    <p class='ocr_par' dir='ltr' id='par_1_43' title="bbox 241 3861 1913 3940">
     <span class='ocr_line' id='line_1_43' title="bbox 241 3861 1913 3940; baseline -0.014 -14"><span class='ocrx_word' id='word_1_332' title='bbox 241 3869 514 3940; x_wconf 76' lang='grc' dir='ltr'>χρῄζομεν</span> <span class='ocrx_word' id='word_1_333' title='bbox 542 3866 741 3936; x_wconf 84' lang='grc' dir='ltr'>αὐτῆς,</span> <span class='ocrx_word' id='word_1_334' title='bbox 782 3864 898 3917; x_wconf 88' lang='grc' dir='ltr'>ἐκεῖ</span> <span class='ocrx_word' id='word_1_335' title='bbox 935 3861 1136 3933; x_wconf 77' lang='grc' dir='ltr'>πολλὴν</span> <span class='ocrx_word' id='word_1_336' title='bbox 1165 3861 1298 3931; x_wconf 85' lang='grc' dir='ltr'>ἡμῖν</span> <span class='ocrx_word' id='word_1_337' title='bbox 1329 3861 1559 3932; x_wconf 84' lang='grc' dir='ltr'>παρέχει</span> <span class='ocrx_word' id='word_1_338' title='bbox 1584 3861 1683 3934; x_wconf 70' lang='grc' dir='ltr'>τὴν</span> <span class='ocrx_word' id='word_1_339' title='bbox 1725 3862 1785 3926; x_wconf 65' lang='grc' dir='ltr'>εξ</span> <span class='ocrx_word' id='word_1_340' title='bbox 1815 3863 1913 3916; x_wconf 68' lang='grc' dir='ltr'>αὑ..</span> 
     </span>
    </p>
   </div>
   <div class='ocr_carea' id='block_1_44' title="bbox 240 3949 751 4023">
    <p class='ocr_par' dir='ltr' id='par_1_44' title="bbox 240 3949 751 4023">
     <span class='ocr_line' id='line_1_44' title="bbox 240 3949 751 4023; baseline -0.004 -18"><span class='ocrx_word' id='word_1_341' title='bbox 240 3953 343 4023; x_wconf 85' lang='grc' dir='ltr'>τῆς</span> <span class='ocrx_word' id='word_1_342' title='bbox 374 3949 751 4023; x_wconf 87' lang='grc' dir='ltr'>παραμυθίαν.</span> 
     </span>
    </p>
   </div>
   <div class='ocr_carea' id='block_1_45' title="bbox 311 4024 1913 4103">
    <p class='ocr_par' dir='ltr' id='par_1_45' title="bbox 311 4024 1913 4103">
     <span class='ocr_line' id='line_1_45' title="bbox 311 4024 1913 4103; baseline 0.008 -31"><span class='ocrx_word' id='word_1_343' title='bbox 311 4033 381 4103; x_wconf 72' lang='grc' dir='ltr'>γ’,</span> <span class='ocrx_word' id='word_1_344' title='bbox 411 4033 502 4097; x_wconf 76' lang='grc' dir='ltr'>ἀς</span> <span class='ocrx_word' id='word_1_345' title='bbox 546 4028 643 4088; x_wconf 75' lang='grc' dir='ltr'>οὖν</span> <span class='ocrx_word' id='word_1_346' title='bbox 669 4029 857 4101; x_wconf 78' lang='grc' dir='ltr'>καιρὸν</span> <span class='ocrx_word' id='word_1_347' title='bbox 905 4028 1123 4098; x_wconf 73' lang='grc' dir='ltr'>ἔχομεν,</span> <span class='ocrx_word' id='word_1_348' title='bbox 1156 4024 1482 4098; x_wconf 84' lang='grc' dir='ltr'>παρακαλῶ,</span> <span class='ocrx_word' id='word_1_349' title='bbox 1511 4026 1615 4082; x_wconf 75' lang='grc' dir='ltr'>κᾶν</span> <span class='ocrx_word' id='word_1_350' title='bbox 1642 4028 1772 4097; x_wconf 83' lang='grc' dir='ltr'>γοῦν</span> <span class='ocrx_word' id='word_1_351' title='bbox 1813 4031 1913 4102; x_wconf 82' lang='grc' dir='ltr'>τὴν</span> 
     </span>
    </p>
   </div>
   <div class='ocr_carea' id='block_1_46' title="bbox 241 4110 1914 4188">
    <p class='ocr_par' dir='ltr' id='par_1_46' title="bbox 241 4110 1914 4188">
     <span class='ocr_line' id='line_1_46' title="bbox 241 4110 1914 4188; baseline -0.008 -18"><span class='ocrx_word' id='word_1_352' title='bbox 241 4117 413 4188; x_wconf 81' lang='grc' dir='ltr'>αὐτὴν</span> <span class='ocrx_word' id='word_1_353' title='bbox 456 4114 685 4176; x_wconf 90' lang='grc' dir='ltr'>ἐκείνοις</span> <span class='ocrx_word' id='word_1_354' title='bbox 722 4110 1122 4180; x_wconf 77' lang='grc' dir='ltr'>είσενέγκωμεν</span> <span class='ocrx_word' id='word_1_355' title='bbox 1170 4110 1406 4180; x_wconf 85' lang='grc' dir='ltr'>σπουδὴν</span> <span class='ocrx_word' id='word_1_356' title='bbox 1447 4111 1576 4180; x_wconf 78' lang='grc' dir='ltr'>περὶ</span> <span class='ocrx_word' id='word_1_357' title='bbox 1613 4111 1712 4183; x_wconf 85' lang='grc' dir='ltr'>τὴν</span> <span class='ocrx_word' id='word_1_358' title='bbox 1751 4130 1914 4167; x_wconf 87' lang='grc' dir='ltr'>πνευ-</span> 
     </span>
    </p>
   </div>
   <div class='ocr_carea' id='block_1_47' title="bbox 245 4191 1913 4270">
    <p class='ocr_par' dir='ltr' id='par_1_47' title="bbox 245 4191 1913 4270">
     <span class='ocr_line' id='line_1_47' title="bbox 245 4191 1913 4270; baseline 0.001 -19"><span class='ocrx_word' id='word_1_359' title='bbox 245 4197 480 4270; x_wconf 61' lang='grc' dir='ltr'>μαπκὴν</span> <span class='ocrx_word' id='word_1_360' title='bbox 515 4195 719 4263; x_wconf 80' lang='grc' dir='ltr'>ταύτην</span> <span class='ocrx_word' id='word_1_361' title='bbox 760 4191 1051 4262; x_wconf 86' lang='grc' dir='ltr'>ἐμπορίαν,</span> <span class='ocrx_word' id='word_1_362' title='bbox 1109 4191 1204 4245; x_wconf 76' lang='grc' dir='ltr'>καὶ</span> <span class='ocrx_word' id='word_1_363' title='bbox 1254 4191 1524 4262; x_wconf 87' lang='grc' dir='ltr'>μηδέποτε</span> <span class='ocrx_word' id='word_1_364' title='bbox 1574 4195 1913 4268; x_wconf 85' lang='grc' dir='ltr'>παυσώμεθα</span> 
     </span>
    </p>
   </div>
   <div class='ocr_carea' id='block_1_48' title="bbox 242 4272 1920 4349">
    <p class='ocr_par' dir='ltr' id='par_1_48' title="bbox 242 4272 1920 4349">
     <span class='ocr_line' id='line_1_48' title="bbox 242 4272 1920 4349; baseline 0.001 -14"><span class='ocrx_word' id='word_1_365' title='bbox 242 4282 402 4337; x_wconf 81' lang='grc' dir='ltr'>τοῦτο</span> <span class='ocrx_word' id='word_1_366' title='bbox 458 4276 866 4349; x_wconf 83' lang='grc' dir='ltr'>μεριμνῶντες,</span> <span class='ocrx_word' id='word_1_367' title='bbox 906 4274 961 4326; x_wconf 87' lang='grc' dir='ltr'>εῖ</span> <span class='ocrx_word' id='word_1_368' title='bbox 1004 4290 1057 4327; x_wconf 88' lang='grc' dir='ltr'>τι</span> <span class='ocrx_word' id='word_1_369' title='bbox 1113 4272 1472 4345; x_wconf 83' lang='grc' dir='ltr'>κατώρθωται</span> <span class='ocrx_word' id='word_1_370' title='bbox 1521 4279 1675 4349; x_wconf 89' lang='grc' dir='ltr'>ἡμῖν,</span> <span class='ocrx_word' id='word_1_371' title='bbox 1722 4282 1817 4336; x_wconf 82' lang='grc' dir='ltr'>καὶ</span> <span class='ocrx_word' id='word_1_372' title='bbox 1864 4283 1920 4336; x_wconf 84' lang='grc' dir='ltr'>εῐ</span> 
     </span>
    </p>
   </div>
   <div class='ocr_carea' id='block_1_49' title="bbox 240 4354 1915 4435">
    <p class='ocr_par' dir='ltr' id='par_1_49' title="bbox 240 4354 1915 4435">
     <span class='ocr_line' id='line_1_49' title="bbox 240 4354 1915 4435; baseline 0.001 -18"><span class='ocrx_word' id='word_1_373' title='bbox 240 4380 365 4417; x_wconf 81' lang='grc' dir='ltr'>τινα</span> <span class='ocrx_word' id='word_1_374' title='bbox 426 4359 532 4415; x_wconf 85' lang='grc' dir='ltr'>τῶν</span> <span class='ocrx_word' id='word_1_375' title='bbox 588 4355 945 4427; x_wconf 83' lang='grc' dir='ltr'>ἐνοχλούντων</span> <span class='ocrx_word' id='word_1_376' title='bbox 984 4356 1116 4427; x_wconf 81' lang='grc' dir='ltr'>ἡμῖν</span> <span class='ocrx_word' id='word_1_377' title='bbox 1169 4354 1357 4410; x_wconf 86' lang='grc' dir='ltr'>παθῶν</span> <span class='ocrx_word' id='word_1_378' title='bbox 1415 4358 1504 4414; x_wconf 87' lang='grc' dir='ltr'>διά</span> <span class='ocrx_word' id='word_1_379' title='bbox 1557 4361 1655 4433; x_wconf 88' lang='grc' dir='ltr'>τῆς</span> <span class='ocrx_word' id='word_1_380' title='bbox 1712 4364 1915 4435; x_wconf 84' lang='grc' dir='ltr'>πολλῆς</span> 
     </span>
    </p>
   </div>
   <div class='ocr_carea' id='block_1_50' title="bbox 242 4440 1914 4519">
    <p class='ocr_par' dir='ltr' id='par_1_50' title="bbox 242 4440 1914 4519">
     <span class='ocr_line' id='line_1_50' title="bbox 242 4440 1914 4519; baseline 0.005 -23"><span class='ocrx_word' id='word_1_381' title='bbox 242 4443 551 4518; x_wconf 85' lang='grc' dir='ltr'>ἀγρυπνίας</span> <span class='ocrx_word' id='word_1_382' title='bbox 598 4442 679 4505; x_wconf 81' lang='grc' dir='ltr'>είς</span> <span class='ocrx_word' id='word_1_383' title='bbox 718 4441 896 4512; x_wconf 81' lang='grc' dir='ltr'>φυγὴν</span> <span class='ocrx_word' id='word_1_384' title='bbox 948 4440 1274 4513; x_wconf 77' lang='grc' dir='ltr'>ἐτρέψαμεν,</span> <span class='ocrx_word' id='word_1_385' title='bbox 1316 4442 1382 4495; x_wconf 79' lang='grc' dir='ltr'>ἵν’</span> <span class='ocrx_word' id='word_1_386' title='bbox 1421 4442 1637 4515; x_wconf 82' lang='grc' dir='ltr'>ἔχοντες</span> <span class='ocrx_word' id='word_1_387' title='bbox 1672 4446 1770 4519; x_wconf 79' lang='grc' dir='ltr'>τὴν</span> <span class='ocrx_word' id='word_1_388' title='bbox 1808 4450 1914 4504; x_wconf 83' lang='grc' dir='ltr'>ἀπὸ</span> 
     </span>
    </p>
   </div>
   <div class='ocr_carea' id='block_1_51' title="bbox 242 4522 1915 4601">
    <p class='ocr_par' dir='ltr' id='par_1_51' title="bbox 242 4522 1915 4601">
     <span class='ocr_line' id='line_1_51' title="bbox 242 4522 1915 4601; baseline 0.003 -19"><span class='ocrx_word' id='word_1_389' title='bbox 242 4529 336 4584; x_wconf 85' lang='grc' dir='ltr'>τοῦ</span> <span class='ocrx_word' id='word_1_390' title='bbox 395 4525 695 4587; x_wconf 78' lang='grc' dir='ltr'>συνειδότος</span> <span class='ocrx_word' id='word_1_391' title='bbox 750 4522 1158 4595; x_wconf 80' lang='grc' dir='ltr'>πληροφορίαν,</span> <span class='ocrx_word' id='word_1_392' title='bbox 1218 4522 1417 4596; x_wconf 82' lang='grc' dir='ltr'>πολλὴν</span> <span class='ocrx_word' id='word_1_393' title='bbox 1489 4530 1915 4601; x_wconf 85' lang='grc' dir='ltr'>καρπωσώμεθα</span> 
     </span>
    </p>
   </div>
   <div class='ocr_carea' id='block_1_52' title="bbox 242 4606 1914 4685">
    <p class='ocr_par' dir='ltr' id='par_1_52' title="bbox 242 4606 1914 4685">
     <span class='ocr_line' id='line_1_52' title="bbox 242 4606 1914 4685; baseline 0.002 -19"><span class='ocrx_word' id='word_1_394' title='bbox 242 4613 343 4683; x_wconf 78' lang='grc' dir='ltr'>τὴν</span> <span class='ocrx_word' id='word_1_395' title='bbox 389 4609 605 4681; x_wconf 82' lang='grc' dir='ltr'>ἡδονήν.</span> <span class='ocrx_word' id='word_1_396' title='bbox 645 4607 780 4661; x_wconf 77' lang='grc' dir='ltr'>Οὐδὲ</span> <span class='ocrx_word' id='word_1_397' title='bbox 818 4606 926 4678; x_wconf 83' lang='lat'>7&amp;9</span> <span class='ocrx_word' id='word_1_398' title='bbox 962 4606 1122 4661; x_wconf 87' lang='grc' dir='ltr'>τοῦτο</span> <span class='ocrx_word' id='word_1_399' title='bbox 1176 4607 1337 4677; x_wconf 88' lang='grc' dir='ltr'>μόνον</span> <span class='ocrx_word' id='word_1_400' title='bbox 1387 4610 1505 4663; x_wconf 73' lang='grc' dir='ltr'>ἐστὶ</span> <span class='ocrx_word' id='word_1_401' title='bbox 1547 4612 1608 4664; x_wconf 88' lang='grc' dir='ltr'>τὸ</span> <span class='ocrx_word' id='word_1_402' title='bbox 1645 4612 1914 4685; x_wconf 77' lang='grc' dir='ltr'>ζητούμε-</span> 
     </span>
    </p>
   </div>
   <div class='ocr_carea' id='block_1_53' title="bbox 244 4689 1913 4769">
    <p class='ocr_par' dir='ltr' id='par_1_53' title="bbox 244 4689 1913 4769">
     <span class='ocr_line' id='line_1_53' title="bbox 244 4689 1913 4769; baseline 0.002 -20"><span class='ocrx_word' id='word_1_403' title='bbox 244 4712 354 4762; x_wconf 92' lang='grc' dir='ltr'>νον,</span> <span class='ocrx_word' id='word_1_404' title='bbox 388 4693 477 4748; x_wconf 77' lang='grc' dir='ltr'>ἵνα</span> <span class='ocrx_word' id='word_1_405' title='bbox 510 4690 634 4746; x_wconf 87' lang='grc' dir='ltr'>καθ’</span> <span class='ocrx_word' id='word_1_406' title='bbox 667 4689 906 4758; x_wconf 89' lang='grc' dir='ltr'>ἐκάστην</span> <span class='ocrx_word' id='word_1_407' title='bbox 945 4689 1160 4760; x_wconf 83' lang='grc' dir='ltr'>ἡμέραν</span> <span class='ocrx_word' id='word_1_408' title='bbox 1185 4690 1420 4745; x_wconf 86' lang='grc' dir='ltr'>ἐνταῦθα</span> <span class='ocrx_word' id='word_1_409' title='bbox 1455 4696 1913 4769; x_wconf 83' lang='grc' dir='ltr'>παραγινώμεθα,</span> 
     </span>
    </p>
   </div>
   <div class='ocr_carea' id='block_1_54' title="bbox 245 4772 1916 4852">
    <p class='ocr_par' dir='ltr' id='par_1_54' title="bbox 245 4772 1916 4852">
     <span class='ocr_line' id='line_1_54' title="bbox 245 4772 1916 4852; baseline -0.005 -20"><span class='ocrx_word' id='word_1_410' title='bbox 245 4780 338 4834; x_wconf 77' lang='grc' dir='ltr'>καὶ</span> <span class='ocrx_word' id='word_1_411' title='bbox 376 4777 505 4849; x_wconf 79' lang='grc' dir='ltr'>περὶ</span> <span class='ocrx_word' id='word_1_412' title='bbox 541 4774 651 4828; x_wconf 88' lang='grc' dir='ltr'>τῶν</span> <span class='ocrx_word' id='word_1_413' title='bbox 686 4772 867 4827; x_wconf 80' lang='grc' dir='ltr'>αὐτῶν</span> <span class='ocrx_word' id='word_1_414' title='bbox 898 4772 1139 4842; x_wconf 90' lang='grc' dir='ltr'>συνεχῶς</span> <span class='ocrx_word' id='word_1_415' title='bbox 1177 4773 1488 4844; x_wconf 85' lang='grc' dir='ltr'>ἀκούωμεν,</span> <span class='ocrx_word' id='word_1_416' title='bbox 1520 4780 1614 4832; x_wconf 80' lang='grc' dir='ltr'>καὶ</span> <span class='ocrx_word' id='word_1_417' title='bbox 1652 4780 1753 4852; x_wconf 82' lang='grc' dir='ltr'>τὴν</span> <span class='ocrx_word' id='word_1_418' title='bbox 1792 4799 1916 4836; x_wconf 88' lang='grc' dir='ltr'>τεσ.</span> 
     </span>
    </p>
   </div>
   <div class='ocr_carea' id='block_1_55' title="bbox 245 4851 1911 4939">
    <p class='ocr_par' dir='ltr' id='par_1_55' title="bbox 245 4851 1911 4939">
     <span class='ocr_line' id='line_1_55' title="bbox 245 4851 1911 4939; baseline -0.001 -24"><span class='ocrx_word' id='word_1_419' title='bbox 245 4860 587 4933; x_wconf 75' lang='grc' dir='ltr'>σαρακοστὴν</span> <span class='ocrx_word' id='word_1_420' title='bbox 643 4859 826 4911; x_wconf 82' lang='grc' dir='ltr'>πᾶσαν</span> <span class='ocrx_word' id='word_1_421' title='bbox 870 4855 1224 4925; x_wconf 79' lang='grc' dir='ltr'>νηστεύοντες</span> <span class='ocrx_word' id='word_1_422' title='bbox 1261 4851 1412 4928; x_wconf 78' lang='grc' dir='ltr'>ὦμεν</span> <span class='ocrx_word' id='word_1_423' title='bbox 1446 4858 1499 4914; x_wconf 71' lang='grc' dir='ltr'>ἀ.</span> <span class='ocrx_word' id='word_1_424' title='bbox 1556 4860 1618 4913; x_wconf 82' lang='lat' dir='ltr'>El</span> <span class='ocrx_word' id='word_1_425' title='bbox 1676 4851 1785 4937; x_wconf 81' lang='grc' dir='ltr'>γὰρ</span> <span class='ocrx_word' id='word_1_426' title='bbox 1838 4868 1911 4939; x_wconf 70' lang='grc' dir='ltr'>μὴ</span> 
     </span>
    </p>
   </div>
   <div class='ocr_carea' id='block_1_56' title="bbox 246 4939 1915 5020">
    <p class='ocr_par' dir='ltr' id='par_1_56' title="bbox 246 4939 1915 5020">
     <span class='ocr_line' id='line_1_56' title="bbox 246 4939 1915 5020; baseline 0.004 -22"><span class='ocrx_word' id='word_1_427' title='bbox 246 4944 537 5016; x_wconf 80' lang='grc' dir='ltr'>μέλλοιμέν</span> <span class='ocrx_word' id='word_1_428' title='bbox 593 4957 646 4995; x_wconf 90' lang='grc' dir='ltr'>τι</span> <span class='ocrx_word' id='word_1_429' title='bbox 704 4940 1011 5013; x_wconf 87' lang='grc' dir='ltr'>κερδαίνειν</span> <span class='ocrx_word' id='word_1_430' title='bbox 1068 4941 1132 4993; x_wconf 90' lang='grc' dir='ltr'>ἐκ</span> <span class='ocrx_word' id='word_1_431' title='bbox 1197 4939 1299 5010; x_wconf 88' lang='grc' dir='ltr'>τῆς</span> <span class='ocrx_word' id='word_1_432' title='bbox 1361 4942 1595 4997; x_wconf 90' lang='grc' dir='ltr'>ἐνταῦθα</span> <span class='ocrx_word' id='word_1_433' title='bbox 1658 4952 1915 5020; x_wconf 82' lang='grc' dir='ltr'>συνεχοῦς</span> 
     </span>
    </p>
   </div>
   <div class='ocr_carea' id='block_1_57' title="bbox 244 5022 1913 5106">
    <p class='ocr_par' dir='ltr' id='par_1_57' title="bbox 244 5022 1913 5106">
     <span class='ocr_line' id='line_1_57' title="bbox 244 5022 1913 5106; baseline -0.002 -26"><span class='ocrx_word' id='word_1_434' title='bbox 244 5025 512 5090; x_wconf 83' lang='grc' dir='ltr'>ἐλεύσεώς</span> <span class='ocrx_word' id='word_1_435' title='bbox 548 5042 609 5079; x_wconf 88' lang='grc' dir='ltr'>τε</span> <span class='ocrx_word' id='word_1_436' title='bbox 647 5026 742 5078; x_wconf 83' lang='grc' dir='ltr'>καὶ</span> <span class='ocrx_word' id='word_1_437' title='bbox 781 5022 1187 5095; x_wconf 83' lang='grc' dir='ltr'>παραινέσεως,</span> <span class='ocrx_word' id='word_1_438' title='bbox 1226 5025 1319 5077; x_wconf 82' lang='grc' dir='ltr'>καὶ</span> <span class='ocrx_word' id='word_1_439' title='bbox 1360 5024 1469 5078; x_wconf 81' lang='grc' dir='ltr'>ἀπὸ</span> <span class='ocrx_word' id='word_1_440' title='bbox 1517 5025 1612 5080; x_wconf 86' lang='grc' dir='ltr'>τοῦ</span> <span class='ocrx_word' id='word_1_441' title='bbox 1666 5030 1763 5100; x_wconf 81' lang='grc' dir='ltr'>τῆς</span> <span class='ocrx_word' id='word_1_442' title='bbox 1816 5053 1913 5106; x_wconf 86' lang='grc' dir='ltr'>νη-</span> 
     </span>
    </p>
   </div>
   <div class='ocr_carea' id='block_1_58' title="bbox 246 5106 1914 5189">
    <p class='ocr_par' dir='ltr' id='par_1_58' title="bbox 246 5106 1914 5189">
     <span class='ocr_line' id='line_1_58' title="bbox 246 5106 1914 5189; baseline 0.005 -26"><span class='ocrx_word' id='word_1_443' title='bbox 246 5109 430 5173; x_wconf 90' lang='grc' dir='ltr'>στείας</span> <span class='ocrx_word' id='word_1_444' title='bbox 483 5107 680 5178; x_wconf 79' lang='grc' dir='ltr'>καιροῦ</span> <span class='ocrx_word' id='word_1_445' title='bbox 736 5106 1069 5177; x_wconf 83' lang='grc' dir='ltr'>προσφέρειν</span> <span class='ocrx_word' id='word_1_446' title='bbox 1106 5106 1304 5160; x_wconf 89' lang='grc' dir='ltr'>τιτῶν</span> <span class='ocrx_word' id='word_1_447' title='bbox 1354 5109 1644 5181; x_wconf 86' lang='grc' dir='ltr'>χρησίμων</span> <span class='ocrx_word' id='word_1_448' title='bbox 1683 5116 1763 5178; x_wconf 89' lang='grc' dir='ltr'>είς</span> <span class='ocrx_word' id='word_1_449' title='bbox 1815 5120 1914 5189; x_wconf 81' lang='grc' dir='ltr'>τὴν</span> 
     </span>
    </p>
   </div>
   <div class='ocr_carea' id='block_1_59' title="bbox 246 5189 1912 5270">
    <p class='ocr_par' dir='ltr' id='par_1_59' title="bbox 246 5189 1912 5270">
     <span class='ocr_line' id='line_1_59' title="bbox 246 5189 1912 5270; baseline 0.005 -25"><span class='ocrx_word' id='word_1_450' title='bbox 246 5190 454 5246; x_wconf 80' lang='grc' dir='ltr'>ἑαυτῶν</span> <span class='ocrx_word' id='word_1_451' title='bbox 489 5190 687 5261; x_wconf 79' lang='grc' dir='ltr'>ψυχὴν,</span> <span class='ocrx_word' id='word_1_452' title='bbox 728 5189 900 5243; x_wconf 87' lang='grc' dir='ltr'>ταῦτα</span> <span class='ocrx_word' id='word_1_453' title='bbox 934 5189 997 5242; x_wconf 94' lang='grc' dir='ltr'>οὐ</span> <span class='ocrx_word' id='word_1_454' title='bbox 1040 5190 1199 5260; x_wconf 89' lang='grc' dir='ltr'>μόνον</span> <span class='ocrx_word' id='word_1_455' title='bbox 1236 5191 1388 5260; x_wconf 84' lang='grc' dir='ltr'>ἡμᾶς</span> <span class='ocrx_word' id='word_1_456' title='bbox 1423 5193 1575 5247; x_wconf 84' lang='grc' dir='ltr'>οὐδὲν</span> <span class='ocrx_word' id='word_1_457' title='bbox 1620 5196 1912 5270; x_wconf 77' lang='grc' dir='ltr'>ὠφελήσει,</span> 
     </span>
    </p>
   </div>
   <div class='ocr_carea' id='block_1_60' title="bbox 244 5273 1907 5356">
    <p class='ocr_par' dir='ltr' id='par_1_60' title="bbox 244 5273 1907 5356">
     <span class='ocr_line' id='line_1_60' title="bbox 244 5273 1907 5356; baseline -0.001 -26"><span class='ocrx_word' id='word_1_458' title='bbox 244 5276 382 5330; x_wconf 86' lang='grc' dir='ltr'>ἀλλά</span> <span class='ocrx_word' id='word_1_459' title='bbox 425 5275 518 5329; x_wconf 73' lang='grc' dir='ltr'>καὶ</span> <span class='ocrx_word' id='word_1_460' title='bbox 560 5273 802 5343; x_wconf 72' lang='grc' dir='ltr'>μείζονος</span> <span class='ocrx_word' id='word_1_461' title='bbox 838 5275 969 5344; x_wconf 88' lang='grc' dir='ltr'>ἡμῖν</span> <span class='ocrx_word' id='word_1_462' title='bbox 1008 5273 1381 5345; x_wconf 80' lang='grc' dir='ltr'>κατακρίσεως</span> <span class='ocrx_word' id='word_1_463' title='bbox 1419 5277 1641 5354; x_wconf 78' lang='grc' dir='ltr'>ἀφορμὴ</span> <span class='ocrx_word' id='word_1_464' title='bbox 1688 5289 1907 5356; x_wconf 69' lang='grc' dir='ltr'>γενήσε-</span> 
     </span>
    </p>
   </div>
   <div class='ocr_carea' id='block_1_61' title="bbox 245 5356 1915 5432">
    <p class='ocr_par' dir='ltr' id='par_1_61' title="bbox 245 5356 1915 5432">
     <span class='ocr_line' id='line_1_61' title="bbox 245 5356 1915 5432; baseline 0 -19"><span class='ocrx_word' id='word_1_465' title='bbox 245 5378 358 5423; x_wconf 89' lang='grc' dir='ltr'>ται,</span> <span class='ocrx_word' id='word_1_466' title='bbox 413 5360 541 5413; x_wconf 83' lang='grc' dir='ltr'>ὅταν</span> <span class='ocrx_word' id='word_1_467' title='bbox 577 5356 845 5427; x_wconf 75' lang='grc' dir='ltr'>τοσαύτης</span> <span class='ocrx_word' id='word_1_468' title='bbox 883 5356 1198 5428; x_wconf 86' lang='grc' dir='ltr'>ἐπιμελείας</span> <span class='ocrx_word' id='word_1_469' title='bbox 1247 5359 1634 5432; x_wconf 83' lang='grc' dir='ltr'>ἀπολαύοντες,</span> <span class='ocrx_word' id='word_1_470' title='bbox 1671 5369 1719 5419; x_wconf 78' lang='grc' dir='ltr'>οἱ</span> <span class='ocrx_word' id='word_1_471' title='bbox 1759 5370 1915 5424; x_wconf 68' lang='grc' dir='ltr'>αὐτοὶ</span> 
     </span>
    </p>
   </div>
   <div class='ocr_carea' id='block_1_62' title="bbox 245 5440 1911 5523">
    <p class='ocr_par' dir='ltr' id='par_1_62' title="bbox 245 5440 1911 5523">
     <span class='ocr_line' id='line_1_62' title="bbox 245 5440 1911 5523; baseline 0.006 -25"><span class='ocrx_word' id='word_1_472' title='bbox 245 5442 633 5523; x_wconf 53' lang='grc' dir='ltr'>διαμένωμεν,</span> <span class='ocrx_word' id='word_1_473' title='bbox 666 5440 762 5492; x_wconf 75' lang='grc' dir='ltr'>καὶ</span> <span class='ocrx_word' id='word_1_474' title='bbox 814 5440 952 5510; x_wconf 86' lang='grc' dir='ltr'>μήτε</span> <span class='ocrx_word' id='word_1_475' title='bbox 1075 5440 1292 5511; x_wconf 85' lang='grc' dir='ltr'>ὀργίλος</span> <span class='ocrx_word' id='word_1_476' title='bbox 1352 5444 1604 5518; x_wconf 83' lang='grc' dir='ltr'>ἐπιεικής</span> <span class='ocrx_word' id='word_1_477' title='bbox 1653 5451 1911 5523; x_wconf 86' lang='grc' dir='ltr'>γένηται,</span> 
     </span>
    </p>
   </div>
   <div class='ocr_carea' id='block_1_63' title="bbox 250 5521 1915 5606">
    <p class='ocr_par' dir='ltr' id='par_1_63' title="bbox 250 5521 1915 5606">
     <span class='ocr_line' id='line_1_63' title="bbox 250 5521 1915 5606; baseline 0.007 -26"><span class='ocrx_word' id='word_1_478' title='bbox 250 5528 389 5599; x_wconf 87' lang='grc' dir='ltr'>μήτε</span> <span class='ocrx_word' id='word_1_479' title='bbox 418 5527 447 5580; x_wconf 91' lang='grc' dir='ltr'>ό</span> <span class='ocrx_word' id='word_1_480' title='bbox 492 5521 745 5594; x_wconf 82' lang='grc' dir='ltr'>θυμώδης</span> <span class='ocrx_word' id='word_1_481' title='bbox 781 5523 860 5585; x_wconf 86' lang='grc' dir='ltr'>εἰς</span> <span class='ocrx_word' id='word_1_482' title='bbox 893 5522 1173 5593; x_wconf 87' lang='grc' dir='ltr'>πραότητα</span> <span class='ocrx_word' id='word_1_483' title='bbox 1219 5527 1643 5597; x_wconf 85' lang='grc' dir='ltr'>μεταϐάλλοιτο,</span> <span class='ocrx_word' id='word_1_484' title='bbox 1698 5521 1838 5606; x_wconf 84' lang='grc' dir='ltr'>μήτε</span> <span class='ocrx_word' id='word_1_485' title='bbox 1887 5540 1915 5592; x_wconf 87' lang='lat'>6</span> 
     </span>
    </p>
   </div>
   <div class='ocr_carea' id='block_1_64' title="bbox 309 5624 1916 5718">
    <p class='ocr_par' dir='ltr' id='par_1_64' title="bbox 309 5624 1916 5718">
     <span class='ocr_line' id='line_1_64' title="bbox 309 5624 1916 5718; baseline 0.019 -55"><span class='ocrx_word' id='word_1_486' title='bbox 309 5633 337 5663; x_wconf 77' lang='grc' dir='ltr'>ι</span> <span class='ocrx_word' id='word_1_487' title='bbox 358 5633 485 5683; x_wconf 57' lang='lat' dir='ltr'>Tres</span> <span class='ocrx_word' id='word_1_488' title='bbox 1020 5631 1190 5718; x_wconf 37' lang='lat' dir='ltr'>“toral.</span> <span class='ocrx_word' id='word_1_489' title='bbox 1213 5636 1483 5718; x_wconf 62' lang='grc' dir='ltr'>φαινόμεθαέ</span> <span class='ocrx_word' id='word_1_490' title='bbox 1520 5638 1731 5718; x_wconf 51' lang='grc' dir='ltr'>(ξοίειίη.’</span> <span class='ocrx_word' id='word_1_491' title='bbox 1746 5646 1784 5691; x_wconf 83' lang='grc' dir='ltr'>εί</span> <span class='ocrx_word' id='word_1_492' title='bbox 1808 5624 1916 5718; x_wconf 43' lang='lat' dir='ltr'>(ﬁcu-‘-</span> 
     </span>
    </p>
   </div>
   <div class='ocr_carea' id='block_1_65' title="bbox 245 5694 1913 5763">
    <p class='ocr_par' dir='ltr' id='par_1_65' title="bbox 245 5694 1913 5763">
     <span class='ocr_line' id='line_1_65' title="bbox 245 5694 1913 5763; baseline 0.004 -20"><span class='ocrx_word' id='word_1_493' title='bbox 245 5694 465 5763; x_wconf 43' lang='grc' dir='ltr'>νόμενοιη</span> <span class='ocrx_word' id='word_1_494' title='bbox 515 5694 543 5733; x_wconf 69' lang='grc' dir='ltr'>ὶι</span> <span class='ocrx_word' id='word_1_495' title='bbox 724 5700 777 5763; x_wconf 63' lang='grc' dir='ltr'>(ξι</span> <span class='ocrx_word' id='word_1_496' title='bbox 815 5694 1018 5763; x_wconf 81' lang='lat' dir='ltr'>C0is_|in_.</span> <span class='ocrx_word' id='word_1_497' title='bbox 1051 5694 1409 5763; x_wconf 57' lang='grc' dir='ltr'>ἀποδεικνύντες</span> <span class='ocrx_word' id='word_1_498' title='bbox 1425 5701 1513 5763; x_wconf 75' lang='grc' dir='ltr'>τήν</span> <span class='ocrx_word' id='word_1_499' title='bbox 1534 5694 1913 5763; x_wconf 76' lang='grc' dir='ltr'>ἀγρυπνίαν,¹καὶ</span> 
     </span>
    </p>
   </div>
   <div class='ocr_carea' id='block_1_66' title="bbox 249 5755 1909 5818">
    <p class='ocr_par' dir='ltr' id='par_1_66' title="bbox 249 5755 1909 5818">
     <span class='ocr_line' id='line_1_66' title="bbox 249 5755 1909 5818; baseline 0.009 -17"><span class='ocrx_word' id='word_1_500' title='bbox 249 5755 366 5818; x_wconf 81' lang='grc' dir='ltr'>μετά</span> <span class='ocrx_word' id='word_1_501' title='bbox 388 5755 567 5818; x_wconf 76' lang='grc' dir='ltr'>τούτοιν</span> <span class='ocrx_word' id='word_1_502' title='bbox 589 5756 640 5803; x_wconf 85' lang='grc' dir='ltr'>δέ</span> <span class='ocrx_word' id='word_1_503' title='bbox 660 5755 882 5818; x_wconf 83' lang='grc' dir='ltr'>ἁπάντων</span> <span class='ocrx_word' id='word_1_504' title='bbox 913 5755 1016 5818; x_wconf 28' lang='grc' dir='ltr'>,ἐκεῖ</span> <span class='ocrx_word' id='word_1_505' title='bbox 1033 5757 1203 5813; x_wconf 88' lang='grc' dir='ltr'>πολλή.</span> <span class='ocrx_word' id='word_1_506' title='bbox 1233 5756 1322 5806; x_wconf 82' lang='lat' dir='ltr'>Hic</span> <span class='ocrx_word' id='word_1_507' title='bbox 1340 5760 1548 5808; x_wconf 83' lang='lat' dir='ltr'>mullum</span> <span class='ocrx_word' id='word_1_508' title='bbox 1570 5755 1727 5811; x_wconf 53' lang='lat' dir='ltr'>Varth</span> <span class='ocrx_word' id='word_1_509' title='bbox 1758 5755 1909 5817; x_wconf 62' lang='lat' dir='ltr'>Sévil.</span> 
     </span>
    </p>
   </div>
   <div class='ocr_carea' id='block_1_67' title="bbox 312 5815 1911 5879">
    <p class='ocr_par' dir='ltr' id='par_1_67' title="bbox 312 5815 1911 5879">
     <span class='ocr_line' id='line_1_67' title="bbox 312 5815 1911 5879; baseline 0.008 -17"><span class='ocrx_word' id='word_1_510' title='bbox 312 5819 335 5845; x_wconf 71' lang='grc' dir='ltr'>ε</span> <span class='ocrx_word' id='word_1_511' title='bbox 362 5815 589 5879; x_wconf 64' lang='lat' dir='ltr'>Quinque</span> <span class='ocrx_word' id='word_1_512' title='bbox 610 5816 1073 5879; x_wconf 67' lang='lat' dir='ltr'>mss.&amp;v¢7xd(§jrm,</span> <span class='ocrx_word' id='word_1_513' title='bbox 1094 5818 1133 5879; x_wconf 71' lang='grc' dir='ltr'>εί</span> <span class='ocrx_word' id='word_1_514' title='bbox 1159 5818 1241 5865; x_wconf 78' lang='grc' dir='ltr'>καὶ</span> <span class='ocrx_word' id='word_1_515' title='bbox 1260 5818 1327 5865; x_wconf 76' lang='grc' dir='ltr'>ετι</span> <span class='ocrx_word' id='word_1_516' title='bbox 1349 5820 1589 5879; x_wconf 80' lang='grc' dir='ltr'>πολλάκις.</span> <span class='ocrx_word' id='word_1_517' title='bbox 1659 5823 1685 5861; x_wconf 80' lang='lat' dir='ltr'><strong>d</strong></span> <span class='ocrx_word' id='word_1_518' title='bbox 1710 5815 1911 5879; x_wconf 50' lang='lat' dir='ltr'>Coislin;</span> 
     </span>
    </p>
   </div>
   <div class='ocr_carea' id='block_1_68' title="bbox 247 5876 1818 5944">
    <p class='ocr_par' dir='ltr' id='par_1_68' title="bbox 247 5876 1818 5944">
     <span class='ocr_line' id='line_1_68' title="bbox 247 5876 1818 5944; baseline 0.006 -19"><span class='ocrx_word' id='word_1_519' title='bbox 247 5876 548 5937; x_wconf 66' lang='grc' dir='ltr'>νηστεύοντες</span> <span class='ocrx_word' id='word_1_520' title='bbox 565 5878 925 5943; x_wconf 80' lang='grc' dir='ltr'>διατελέσωμεν.</span> <span class='ocrx_word' id='word_1_521' title='bbox 953 5877 1064 5927; x_wconf 72' lang='lat' dir='ltr'>Mox</span> <span class='ocrx_word' id='word_1_522' title='bbox 1086 5877 1219 5927; x_wconf 81' lang='lat' dir='ltr'>idem</span> <span class='ocrx_word' id='word_1_523' title='bbox 1241 5878 1466 5941; x_wconf 76' lang='grc' dir='ltr'>συνεχοῦς</span> <span class='ocrx_word' id='word_1_524' title='bbox 1486 5884 1818 5944; x_wconf 87' lang='grc' dir='ltr'>συνελεύσεως.</span> 
     </span>
    </p>
   </div>
   <div class='ocr_carea' id='block_1_69' title="bbox 1987 383 3672 460">
    <p class='ocr_par' dir='ltr' id='par_1_69' title="bbox 1987 383 3672 460">
     <span class='ocr_line' id='line_1_69' title="bbox 1987 383 3672 460; baseline 0.001 -21"><span class='ocrx_word' id='word_1_525' title='bbox 1987 383 2256 453; x_wconf 89' lang='grc' dir='ltr'>βάσκανος</span> <span class='ocrx_word' id='word_1_526' title='bbox 2282 386 2363 449; x_wconf 89' lang='grc' dir='ltr'>είς</span> <span class='ocrx_word' id='word_1_527' title='bbox 2386 384 2789 457; x_wconf 87' lang='grc' dir='ltr'>φιλοφροσύνην</span> <span class='ocrx_word' id='word_1_528' title='bbox 2810 384 3002 439; x_wconf 80' lang='grc' dir='ltr'>ἐαυτὸν</span> <span class='ocrx_word' id='word_1_529' title='bbox 3023 386 3296 460; x_wconf 84' lang='grc' dir='ltr'>ἀναγάγῃ,</span> <span class='ocrx_word' id='word_1_530' title='bbox 3322 387 3459 458; x_wconf 85' lang='grc' dir='ltr'>μήτε</span> <span class='ocrx_word' id='word_1_531' title='bbox 3483 388 3512 441; x_wconf 92' lang='lat'>6</span> <span class='ocrx_word' id='word_1_532' title='bbox 3538 388 3672 455; x_wconf 77' lang='grc' dir='ltr'>περὶ</span> 
     </span>
    </p>
   </div>
   <div class='ocr_carea' id='block_1_70' title="bbox 1985 474 3672 547">
    <p class='ocr_par' dir='ltr' id='par_1_70' title="bbox 1985 474 3672 547">
     <span class='ocr_line' id='line_1_70' title="bbox 1985 474 3672 547; baseline 0.002 -20"><span class='ocrx_word' id='word_1_533' title='bbox 1985 474 2055 528; x_wconf 85' lang='grc' dir='ltr'>τὰ</span> <span class='ocrx_word' id='word_1_534' title='bbox 2079 475 2337 545; x_wconf 87' lang='grc' dir='ltr'>χρήματα</span> <span class='ocrx_word' id='word_1_535' title='bbox 2366 474 2645 546; x_wconf 79' lang='grc' dir='ltr'>μεμηνὼς,</span> <span class='ocrx_word' id='word_1_536' title='bbox 2676 475 2921 539; x_wconf 81' lang='grc' dir='ltr'>ἀποστὰς</span> <span class='ocrx_word' id='word_1_537' title='bbox 2950 476 3046 529; x_wconf 86' lang='grc' dir='ltr'>τοῦ</span> <span class='ocrx_word' id='word_1_538' title='bbox 3079 477 3308 541; x_wconf 88' lang='grc' dir='ltr'>πάθους,</span> <span class='ocrx_word' id='word_1_539' title='bbox 3348 478 3487 547; x_wconf 83' lang='grc' dir='ltr'>πρὸς</span> <span class='ocrx_word' id='word_1_540' title='bbox 3513 476 3672 546; x_wconf 84' lang='grc' dir='ltr'>ἐλεη-</span> 
     </span>
    </p>
   </div>
   <div class='ocr_carea' id='block_1_71' title="bbox 1989 561 3673 636">
    <p class='ocr_par' dir='ltr' id='par_1_71' title="bbox 1989 561 3673 636">
     <span class='ocr_line' id='line_1_71' title="bbox 1989 561 3673 636; baseline 0.002 -22"><span class='ocrx_word' id='word_1_541' title='bbox 1989 561 2227 633; x_wconf 90' lang='grc' dir='ltr'>μοσύνην</span> <span class='ocrx_word' id='word_1_542' title='bbox 2247 562 2439 615; x_wconf 78' lang='grc' dir='ltr'>ἐαυτὸν</span> <span class='ocrx_word' id='word_1_543' title='bbox 2465 562 2862 635; x_wconf 83' lang='grc' dir='ltr'>παρασκευάσῃ</span> <span class='ocrx_word' id='word_1_544' title='bbox 2893 564 2989 618; x_wconf 72' lang='grc' dir='ltr'>καὶ</span> <span class='ocrx_word' id='word_1_545' title='bbox 3010 563 3109 634; x_wconf 79' lang='grc' dir='ltr'>τὴν</span> <span class='ocrx_word' id='word_1_546' title='bbox 3136 564 3247 617; x_wconf 89' lang='grc' dir='ltr'>τῶν</span> <span class='ocrx_word' id='word_1_547' title='bbox 3275 565 3522 636; x_wconf 82' lang='grc' dir='ltr'>πενήτων</span> <span class='ocrx_word' id='word_1_548' title='bbox 3551 565 3673 617; x_wconf 85' lang='grc' dir='ltr'>δια-</span> 
     </span>
    </p>
   </div>
   <div class='ocr_carea' id='block_1_72' title="bbox 1984 650 3673 723">
    <p class='ocr_par' dir='ltr' id='par_1_72' title="bbox 1984 650 3673 723">
     <span class='ocr_line' id='line_1_72' title="bbox 1984 650 3673 723; baseline 0.001 -20"><span class='ocrx_word' id='word_1_549' title='bbox 1984 651 2214 722; x_wconf 81' lang='grc' dir='ltr'>τροφήν,</span> <span class='ocrx_word' id='word_1_550' title='bbox 2243 651 2383 723; x_wconf 91' lang='grc' dir='ltr'>μήτε</span> <span class='ocrx_word' id='word_1_551' title='bbox 2410 652 2439 703; x_wconf 86' lang='grc' dir='ltr'>ὁ</span> <span class='ocrx_word' id='word_1_552' title='bbox 2459 650 2762 714; x_wconf 86' lang='grc' dir='ltr'>ἀκόλαστος</span> <span class='ocrx_word' id='word_1_553' title='bbox 2790 651 3025 722; x_wconf 86' lang='grc' dir='ltr'>σώφρων</span> <span class='ocrx_word' id='word_1_554' title='bbox 3056 651 3291 720; x_wconf 85' lang='grc' dir='ltr'>γένοιτο,</span> <span class='ocrx_word' id='word_1_555' title='bbox 3317 652 3455 723; x_wconf 83' lang='grc' dir='ltr'>μήτε</span> <span class='ocrx_word' id='word_1_556' title='bbox 3479 654 3508 705; x_wconf 90' lang='lat'>6</span> <span class='ocrx_word' id='word_1_557' title='bbox 3538 652 3673 723; x_wconf 80' lang='grc' dir='ltr'>περὶ</span> 
     </span>
    </p>
   </div>
   <div class='ocr_carea' id='block_1_73' title="bbox 1983 738 3676 812">
    <p class='ocr_par' dir='ltr' id='par_1_73' title="bbox 1983 738 3676 812">
     <span class='ocr_line' id='line_1_73' title="bbox 1983 738 3676 812; baseline 0.002 -21"><span class='ocrx_word' id='word_1_558' title='bbox 1983 740 2084 810; x_wconf 77' lang='grc' dir='ltr'>τὴν</span> <span class='ocrx_word' id='word_1_559' title='bbox 2110 739 2272 809; x_wconf 81' lang='grc' dir='ltr'>κενήν</span> <span class='ocrx_word' id='word_1_560' title='bbox 2293 738 2499 809; x_wconf 87' lang='grc' dir='ltr'>ταύτην</span> <span class='ocrx_word' id='word_1_561' title='bbox 2517 738 2676 805; x_wconf 80' lang='grc' dir='ltr'>δόξαν</span> <span class='ocrx_word' id='word_1_562' title='bbox 2697 738 3035 809; x_wconf 89' lang='grc' dir='ltr'>ἐπτοημένος</span> <span class='ocrx_word' id='word_1_563' title='bbox 3056 751 3084 779; x_wconf 72' lang='grc' dir='ltr'><strong><em>ο</em></strong></span> <span class='ocrx_word' id='word_1_564' title='bbox 3104 739 3252 812; x_wconf 88' lang='grc' dir='ltr'>μάθῃ</span> <span class='ocrx_word' id='word_1_565' title='bbox 3277 740 3482 812; x_wconf 89' lang='grc' dir='ltr'>ταύτης</span> <span class='ocrx_word' id='word_1_566' title='bbox 3508 741 3676 809; x_wconf 80' lang='grc' dir='ltr'>ὑπερο</span> 
     </span>
    </p>
   </div>
   <div class='ocr_carea' id='block_1_74' title="bbox 1985 825 3675 900">
    <p class='ocr_par' dir='ltr' id='par_1_74' title="bbox 1985 825 3675 900">
     <span class='ocr_line' id='line_1_74' title="bbox 1985 825 3675 900; baseline -0.001 -20"><span class='ocrx_word' id='word_1_567' title='bbox 1985 829 2142 899; x_wconf 83' lang='grc' dir='ltr'>ορᾷν,</span> <span class='ocrx_word' id='word_1_568' title='bbox 2167 828 2262 881; x_wconf 79' lang='grc' dir='ltr'>καὶ</span> <span class='ocrx_word' id='word_1_569' title='bbox 2291 826 2395 897; x_wconf 86' lang='grc' dir='ltr'>τῆς</span> <span class='ocrx_word' id='word_1_570' title='bbox 2416 825 2657 895; x_wconf 77' lang='grc' dir='ltr'>ἀληθοῦς</span> <span class='ocrx_word' id='word_1_571' title='bbox 2676 826 2794 900; x_wconf 83' lang='grc'>[86]</span> <span class='ocrx_word' id='word_1_572' title='bbox 2823 827 3075 897; x_wconf 88' lang='grc' dir='ltr'>ἐφίεσθαι</span> <span class='ocrx_word' id='word_1_573' title='bbox 3106 827 3287 897; x_wconf 83' lang='grc' dir='ltr'>δόξης,</span> <span class='ocrx_word' id='word_1_574' title='bbox 3320 828 3456 898; x_wconf 82' lang='grc' dir='ltr'>μήτε</span> <span class='ocrx_word' id='word_1_575' title='bbox 3483 830 3513 880; x_wconf 91' lang='lat'>6</span> <span class='ocrx_word' id='word_1_576' title='bbox 3539 829 3675 895; x_wconf 85' lang='grc' dir='ltr'>περὶ</span> 
     </span>
    </p>
   </div>
   <div class='ocr_carea' id='block_1_75' title="bbox 1985 913 3674 987">
    <p class='ocr_par' dir='ltr' id='par_1_75' title="bbox 1985 913 3674 987">
     <span class='ocr_line' id='line_1_75' title="bbox 1985 913 3674 987; baseline 0.001 -20"><span class='ocrx_word' id='word_1_577' title='bbox 1985 916 2084 985; x_wconf 83' lang='grc' dir='ltr'>τὴν</span> <span class='ocrx_word' id='word_1_578' title='bbox 2111 915 2335 987; x_wconf 83' lang='grc' dir='ltr'>ἀγάπην</span> <span class='ocrx_word' id='word_1_579' title='bbox 2361 913 2461 986; x_wconf 81' lang='grc' dir='ltr'>τήν</span> <span class='ocrx_word' id='word_1_580' title='bbox 2491 913 2621 986; x_wconf 75' lang='grc' dir='ltr'>περὶ</span> <span class='ocrx_word' id='word_1_581' title='bbox 2640 914 2734 967; x_wconf 81' lang='grc' dir='ltr'>τὸν</span> <span class='ocrx_word' id='word_1_582' title='bbox 2764 915 2992 984; x_wconf 90' lang='grc' dir='ltr'>πλησίον</span> <span class='ocrx_word' id='word_1_583' title='bbox 3018 917 3281 986; x_wconf 79' lang='grc' dir='ltr'>ῥᾴθυμος,</span> <span class='ocrx_word' id='word_1_584' title='bbox 3301 916 3674 984; x_wconf 80' lang='grc' dir='ltr'>διαναστήσας</span> 
     </span>
    </p>
   </div>
   <div class='ocr_carea' id='block_1_76' title="bbox 1987 996 3667 1073">
    <p class='ocr_par' dir='ltr' id='par_1_76' title="bbox 1987 996 3667 1073">
     <span class='ocr_line' id='line_1_76' title="bbox 1987 996 3667 1073; baseline -0.001 -18"><span class='ocrx_word' id='word_1_585' title='bbox 1987 1001 2151 1055; x_wconf 81' lang='grc' dir='ltr'>αὑτὸν</span> <span class='ocrx_word' id='word_1_586' title='bbox 2184 1000 2471 1073; x_wconf 85' lang='grc' dir='ltr'>παιδεύσῃ,</span> <span class='ocrx_word' id='word_1_587' title='bbox 2508 1002 2582 1073; x_wconf 82' lang='grc' dir='ltr'>μὴ</span> <span class='ocrx_word' id='word_1_588' title='bbox 2609 1002 2770 1071; x_wconf 85' lang='grc' dir='ltr'>μόνον</span> <span class='ocrx_word' id='word_1_589' title='bbox 2791 1001 2901 1055; x_wconf 88' lang='grc' dir='ltr'>τῶν</span> <span class='ocrx_word' id='word_1_590' title='bbox 2928 1001 3179 1056; x_wconf 87' lang='grc' dir='ltr'>τελωνῶν</span> <span class='ocrx_word' id='word_1_591' title='bbox 3215 1001 3291 1073; x_wconf 80' lang='grc' dir='ltr'>μὴ</span> <span class='ocrx_word' id='word_1_592' title='bbox 3328 996 3468 1054; x_wconf 69' lang='grc' dir='ltr'>εἶναι</span> <span class='ocrx_word' id='word_1_593' title='bbox 3507 1001 3667 1055; x_wconf 67' lang='grc' dir='ltr'>ἐλάτι</span> 
     </span>
    </p>
   </div>
   <div class='ocr_carea' id='block_1_77' title="bbox 1987 1087 3669 1159">
    <p class='ocr_par' dir='ltr' id='par_1_77' title="bbox 1987 1087 3669 1159">
     <span class='ocr_line' id='line_1_77' title="bbox 1987 1087 3669 1159; baseline 0.003 -19"><span class='ocrx_word' id='word_1_594' title='bbox 1987 1105 2118 1152; x_wconf 90' lang='grc' dir='ltr'>των,</span> <span class='ocrx_word' id='word_1_595' title='bbox 2154 1087 2333 1159; x_wconf 81' lang='grc' dir='ltr'>(Ἐὰν</span> <span class='ocrx_word' id='word_1_596' title='bbox 2358 1090 2471 1157; x_wconf 78' lang='grc' dir='ltr'>γὰρ</span> <span class='ocrx_word' id='word_1_597' title='bbox 2512 1088 2872 1157; x_wconf 79' lang='grc' dir='ltr'>ἀγαπήσητε</span> <span class='ocrx_word' id='word_1_598' title='bbox 2915 1089 3060 1155; x_wconf 80' lang='grc' dir='ltr'>τοὺς</span> <span class='ocrx_word' id='word_1_599' title='bbox 3098 1089 3456 1159; x_wconf 79' lang='grc' dir='ltr'>ἀγαπῶντας</span> <span class='ocrx_word' id='word_1_600' title='bbox 3485 1088 3669 1158; x_wconf 75' lang='grc' dir='ltr'>ὑμᾶς,</span> 
     </span>
    </p>
   </div>
   <div class='ocr_carea' id='block_1_78' title="bbox 1990 1174 3677 1246">
    <p class='ocr_par' dir='ltr' id='par_1_78' title="bbox 1990 1174 3677 1246">
     <span class='ocr_line' id='line_1_78' title="bbox 1990 1174 3677 1246; baseline 0 -18"><span class='ocrx_word' id='word_1_601' title='bbox 1990 1175 2147 1246; x_wconf 73' lang='grc' dir='ltr'>φησὶ,</span> <span class='ocrx_word' id='word_1_602' title='bbox 2176 1176 2236 1229; x_wconf 85' lang='grc' dir='ltr'>τί</span> <span class='ocrx_word' id='word_1_603' title='bbox 2274 1174 2575 1243; x_wconf 78' lang='grc' dir='ltr'>περισσὸν</span> <span class='ocrx_word' id='word_1_604' title='bbox 2613 1175 2873 1240; x_wconf 56' lang='lat' dir='ltr'>anteire;</span> <span class='ocrx_word' id='word_1_605' title='bbox 2913 1176 3052 1245; x_wconf 74' lang='grc' dir='ltr'>οὐχὶ</span> <span class='ocrx_word' id='word_1_606' title='bbox 3084 1175 3185 1232; x_wconf 79' lang='grc' dir='ltr'>καί</span> <span class='ocrx_word' id='word_1_607' title='bbox 3225 1179 3281 1230; x_wconf 81' lang='lat' dir='ltr'>ol</span> <span class='ocrx_word' id='word_1_608' title='bbox 3322 1175 3571 1233; x_wconf 73' lang='grc' dir='ltr'>τελῶναι</span> <span class='ocrx_word' id='word_1_609' title='bbox 3604 1177 3677 1229; x_wconf 76' lang='grc' dir='ltr'>τὸ</span> 
     </span>
    </p>
   </div>
   <div class='ocr_carea' id='block_1_79' title="bbox 1989 1261 3677 1336">
    <p class='ocr_par' dir='ltr' id='par_1_79' title="bbox 1989 1261 3677 1336">
     <span class='ocr_line' id='line_1_79' title="bbox 1989 1261 3677 1336; baseline 0.001 -23"><span class='ocrx_word' id='word_1_610' title='bbox 1989 1261 2138 1316; x_wconf 81' lang='grc' dir='ltr'>αὐτὸ</span> <span class='ocrx_word' id='word_1_611' title='bbox 2171 1262 2451 1316; x_wconf 65' lang='grc' dir='ltr'>ποιοῦσι)⁸</span> <span class='ocrx_word' id='word_1_612' title='bbox 2468 1261 2524 1333; x_wconf 86' lang='grc'>;)</span> <span class='ocrx_word' id='word_1_613' title='bbox 2551 1261 2667 1315; x_wconf 86' lang='grc' dir='ltr'>ἀλλ’</span> <span class='ocrx_word' id='word_1_614' title='bbox 2702 1263 2791 1316; x_wconf 76' lang='grc' dir='ltr'>ἵνα</span> <span class='ocrx_word' id='word_1_615' title='bbox 2823 1262 3224 1336; x_wconf 74' lang='grc' dir='ltr'>παρασκευάζῃ</span> <span class='ocrx_word' id='word_1_616' title='bbox 3250 1261 3416 1317; x_wconf 85' lang='grc' dir='ltr'>αὑτοῦ</span> <span class='ocrx_word' id='word_1_617' title='bbox 3454 1262 3544 1316; x_wconf 71' lang='grc' dir='ltr'>τὸν</span> <span class='ocrx_word' id='word_1_618' title='bbox 3581 1262 3677 1315; x_wconf 82' lang='grc' dir='ltr'>λο-</span> 
     </span>
    </p>
   </div>
   <div class='ocr_carea' id='block_1_80' title="bbox 1989 1348 3678 1421">
    <p class='ocr_par' dir='ltr' id='par_1_80' title="bbox 1989 1348 3678 1421">
     <span class='ocr_line' id='line_1_80' title="bbox 1989 1348 3678 1421; baseline 0.002 -20"><span class='ocrx_word' id='word_1_619' title='bbox 1989 1348 2206 1416; x_wconf 77' lang='grc' dir='ltr'>λισμδν,</span> <span class='ocrx_word' id='word_1_620' title='bbox 2234 1350 2329 1402; x_wconf 75' lang='grc' dir='ltr'>καὶ</span> <span class='ocrx_word' id='word_1_621' title='bbox 2356 1349 2484 1412; x_wconf 89' lang='grc' dir='ltr'>τοὺς</span> <span class='ocrx_word' id='word_1_622' title='bbox 2509 1348 2737 1420; x_wconf 80' lang='grc' dir='ltr'>ἐχθροὺς</span> <span class='ocrx_word' id='word_1_623' title='bbox 2760 1350 2989 1420; x_wconf 77' lang='grc' dir='ltr'>ἡμέρως</span> <span class='ocrx_word' id='word_1_624' title='bbox 3015 1351 3168 1420; x_wconf 81' lang='grc' dir='ltr'>όρᾷν,</span> <span class='ocrx_word' id='word_1_625' title='bbox 3196 1350 3288 1403; x_wconf 80' lang='grc' dir='ltr'>καὶ</span> <span class='ocrx_word' id='word_1_626' title='bbox 3314 1348 3515 1420; x_wconf 76' lang='grc' dir='ltr'>πολλὴν</span> <span class='ocrx_word' id='word_1_627' title='bbox 3541 1350 3678 1421; x_wconf 81' lang='grc' dir='ltr'>περὶ</span> 
     </span>
    </p>
   </div>
   <div class='ocr_carea' id='block_1_81' title="bbox 1992 1435 3678 1509">
    <p class='ocr_par' dir='ltr' id='par_1_81' title="bbox 1992 1435 3678 1509">
     <span class='ocr_line' id='line_1_81' title="bbox 1992 1435 3678 1509; baseline 0.001 -21"><span class='ocrx_word' id='word_1_628' title='bbox 1992 1437 2189 1501; x_wconf 78' lang='grc' dir='ltr'>αὐτοὺς</span> <span class='ocrx_word' id='word_1_629' title='bbox 2213 1436 2314 1507; x_wconf 84' lang='grc' dir='ltr'>τὴν</span> <span class='ocrx_word' id='word_1_630' title='bbox 2341 1436 2563 1506; x_wconf 81' lang='grc' dir='ltr'>ἀγάπην</span> <span class='ocrx_word' id='word_1_631' title='bbox 2584 1435 3010 1490; x_wconf 88' lang='grc' dir='ltr'>ἐπιδείκνυσθαι.</span> <span class='ocrx_word' id='word_1_632' title='bbox 3041 1437 3167 1489; x_wconf 85' lang='grc' dir='ltr'>Ἐὰν</span> <span class='ocrx_word' id='word_1_633' title='bbox 3191 1435 3265 1509; x_wconf 79' lang='grc' dir='ltr'>μὴ</span> <span class='ocrx_word' id='word_1_634' title='bbox 3289 1436 3493 1490; x_wconf 81' lang='grc' dir='ltr'>τούτων</span> <span class='ocrx_word' id='word_1_635' title='bbox 3519 1453 3678 1508; x_wconf 84' lang='grc' dir='ltr'>περι-</span> 
     </span>
    </p>
   </div>
   <div class='ocr_carea' id='block_1_82' title="bbox 1992 1522 3675 1595">
    <p class='ocr_par' dir='ltr' id='par_1_82' title="bbox 1992 1522 3675 1595">
     <span class='ocr_line' id='line_1_82' title="bbox 1992 1522 3675 1595; baseline 0.001 -18"><span class='ocrx_word' id='word_1_636' title='bbox 1992 1524 2287 1595; x_wconf 86' lang='grc' dir='ltr'>γενοίμεθα</span> <span class='ocrx_word' id='word_1_637' title='bbox 2316 1524 2426 1578; x_wconf 89' lang='grc' dir='ltr'>τῶν</span> <span class='ocrx_word' id='word_1_638' title='bbox 2459 1523 2671 1588; x_wconf 86' lang='grc' dir='ltr'>παθῶν,</span> <span class='ocrx_word' id='word_1_639' title='bbox 2711 1525 2807 1577; x_wconf 80' lang='grc' dir='ltr'>καὶ</span> <span class='ocrx_word' id='word_1_640' title='bbox 2844 1524 2953 1577; x_wconf 88' lang='grc' dir='ltr'>τῶν</span> <span class='ocrx_word' id='word_1_641' title='bbox 2982 1522 3159 1578; x_wconf 83' lang='grc' dir='ltr'>ἀλλων</span> <span class='ocrx_word' id='word_1_642' title='bbox 3183 1524 3292 1577; x_wconf 89' lang='grc' dir='ltr'>τῶν</span> <span class='ocrx_word' id='word_1_643' title='bbox 3322 1526 3380 1577; x_wconf 89' lang='grc' dir='ltr'>ἐν</span> <span class='ocrx_word' id='word_1_644' title='bbox 3418 1527 3554 1594; x_wconf 84' lang='grc' dir='ltr'>ἡμῖν</span> <span class='ocrx_word' id='word_1_645' title='bbox 3587 1542 3675 1578; x_wconf 86' lang='grc' dir='ltr'>τι-</span> 
     </span>
    </p>
   </div>
   <div class='ocr_carea' id='block_1_83' title="bbox 1986 1610 3680 1683">
    <p class='ocr_par' dir='ltr' id='par_1_83' title="bbox 1986 1610 3680 1683">
     <span class='ocr_line' id='line_1_83' title="bbox 1986 1610 3680 1683; baseline 0 -17"><span class='ocrx_word' id='word_1_646' title='bbox 1986 1613 2295 1683; x_wconf 84' lang='grc' dir='ltr'>κτομένων,</span> <span class='ocrx_word' id='word_1_647' title='bbox 2349 1611 2470 1665; x_wconf 86' lang='grc' dir='ltr'>καθ’</span> <span class='ocrx_word' id='word_1_648' title='bbox 2508 1612 2750 1682; x_wconf 87' lang='grc' dir='ltr'>ἐκάστην</span> <span class='ocrx_word' id='word_1_649' title='bbox 2788 1610 3023 1664; x_wconf 88' lang='grc' dir='ltr'>ἐνταῦθα</span> <span class='ocrx_word' id='word_1_650' title='bbox 3067 1611 3530 1682; x_wconf 88' lang='grc' dir='ltr'>παραγινόμενοι,</span> <span class='ocrx_word' id='word_1_651' title='bbox 3578 1612 3680 1667; x_wconf 80' lang='grc' dir='ltr'>καὶ</span> 
     </span>
    </p>
   </div>
   <div class='ocr_carea' id='block_1_84' title="bbox 1996 1696 3677 1771">
    <p class='ocr_par' dir='ltr' id='par_1_84' title="bbox 1996 1696 3677 1771">
     <span class='ocr_line' id='line_1_84' title="bbox 1996 1696 3677 1771; baseline -0.001 -19"><span class='ocrx_word' id='word_1_652' title='bbox 1996 1700 2255 1770; x_wconf 86' lang='grc' dir='ltr'>συνεχοῦς</span> <span class='ocrx_word' id='word_1_653' title='bbox 2298 1699 2617 1771; x_wconf 90' lang='grc' dir='ltr'>ἀκροάσεως</span> <span class='ocrx_word' id='word_1_654' title='bbox 2656 1696 3052 1761; x_wconf 89' lang='grc' dir='ltr'>ἀπολαύοντες,</span> <span class='ocrx_word' id='word_1_655' title='bbox 3086 1700 3181 1751; x_wconf 79' lang='grc' dir='ltr'>καὶ</span> <span class='ocrx_word' id='word_1_656' title='bbox 3210 1698 3480 1769; x_wconf 87' lang='grc' dir='ltr'>τοσαύτης</span> <span class='ocrx_word' id='word_1_657' title='bbox 3522 1698 3677 1751; x_wconf 81' lang='grc' dir='ltr'>διδα-</span> 
     </span>
    </p>
   </div>
   <div class='ocr_carea' id='block_1_85' title="bbox 1997 1784 3677 1857">
    <p class='ocr_par' dir='ltr' id='par_1_85' title="bbox 1997 1784 3677 1857">
     <span class='ocr_line' id='line_1_85' title="bbox 1997 1784 3677 1857; baseline -0.001 -18"><span class='ocrx_word' id='word_1_658' title='bbox 1997 1786 2223 1849; x_wconf 90' lang='grc' dir='ltr'>σκαλίας</span> <span class='ocrx_word' id='word_1_659' title='bbox 2255 1785 2598 1857; x_wconf 85' lang='grc' dir='ltr'>μετέχοντες,</span> <span class='ocrx_word' id='word_1_660' title='bbox 2626 1785 2720 1839; x_wconf 72' lang='grc' dir='ltr'>καὶ</span> <span class='ocrx_word' id='word_1_661' title='bbox 2759 1784 2858 1855; x_wconf 85' lang='grc' dir='ltr'>τὴν</span> <span class='ocrx_word' id='word_1_662' title='bbox 2888 1784 2997 1837; x_wconf 82' lang='grc' dir='ltr'>ἀπὸ</span> <span class='ocrx_word' id='word_1_663' title='bbox 3034 1785 3134 1856; x_wconf 89' lang='grc' dir='ltr'>τῆς</span> <span class='ocrx_word' id='word_1_664' title='bbox 3158 1785 3416 1855; x_wconf 90' lang='grc' dir='ltr'>νηστείας</span> <span class='ocrx_word' id='word_1_665' title='bbox 3456 1785 3677 1856; x_wconf 81' lang='grc' dir='ltr'>ἔχοντες</span> 
     </span>
    </p>
   </div>
   <div class='ocr_carea' id='block_1_86' title="bbox 1996 1872 3677 1946">
    <p class='ocr_par' dir='ltr' id='par_1_86' title="bbox 1996 1872 3677 1946">
     <span class='ocr_line' id='line_1_86' title="bbox 1996 1872 3677 1946; baseline -0.001 -18"><span class='ocrx_word' id='word_1_666' title='bbox 1996 1874 2272 1946; x_wconf 78' lang='grc' dir='ltr'>βοήθειαν,</span> <span class='ocrx_word' id='word_1_667' title='bbox 2303 1873 2434 1927; x_wconf 91' lang='grc' dir='ltr'>ποία</span> <span class='ocrx_word' id='word_1_668' title='bbox 2462 1874 2596 1945; x_wconf 85' lang='grc' dir='ltr'>ἡμῖν</span> <span class='ocrx_word' id='word_1_669' title='bbox 2630 1872 2783 1927; x_wconf 84' lang='grc' dir='ltr'>ἐσται</span> <span class='ocrx_word' id='word_1_670' title='bbox 2826 1873 3166 1944; x_wconf 89' lang='grc' dir='ltr'>συγγνώμη;</span> <span class='ocrx_word' id='word_1_671' title='bbox 3210 1873 3338 1927; x_wconf 90' lang='grc' dir='ltr'>ποία</span> <span class='ocrx_word' id='word_1_672' title='bbox 3374 1874 3429 1927; x_wconf 85' lang='grc' dir='ltr'>δέ</span> <span class='ocrx_word' id='word_1_673' title='bbox 3468 1875 3677 1928; x_wconf 87' lang='grc' dir='ltr'>ἀπολο-</span> 
     </span>
    </p>
   </div>
   <div class='ocr_carea' id='block_1_87' title="bbox 1994 1960 3674 2032">
    <p class='ocr_par' dir='ltr' id='par_1_87' title="bbox 1994 1960 3674 2032">
     <span class='ocr_line' id='line_1_87' title="bbox 1994 1960 3674 2032; baseline -0.001 -17"><span class='ocrx_word' id='word_1_674' title='bbox 1994 1963 2128 2031; x_wconf 75' lang='grc' dir='ltr'>γίας</span> <span class='ocrx_word' id='word_1_675' title='bbox 2172 1961 2309 2015; x_wconf 86' lang='grc' dir='ltr'>Είπέ</span> <span class='ocrx_word' id='word_1_676' title='bbox 2339 1960 2447 2032; x_wconf 91' lang='grc' dir='ltr'>γάρ</span> <span class='ocrx_word' id='word_1_677' title='bbox 2492 1978 2617 2031; x_wconf 90' lang='grc' dir='ltr'>μοι,</span> <span class='ocrx_word' id='word_1_678' title='bbox 2660 1960 2987 2031; x_wconf 84' lang='grc' dir='ltr'>παρακαλῶ,</span> <span class='ocrx_word' id='word_1_679' title='bbox 3030 1963 3079 2014; x_wconf 86' lang='grc' dir='ltr'>εί</span> <span class='ocrx_word' id='word_1_680' title='bbox 3104 1960 3195 2014; x_wconf 79' lang='grc' dir='ltr'>τὸν</span> <span class='ocrx_word' id='word_1_681' title='bbox 3251 1960 3415 2016; x_wconf 84' lang='grc' dir='ltr'>παῖδα</span> <span class='ocrx_word' id='word_1_682' title='bbox 3438 1961 3535 2016; x_wconf 76' lang='grc' dir='ltr'>τὸν</span> <span class='ocrx_word' id='word_1_683' title='bbox 3580 1961 3674 2015; x_wconf 74' lang='grc' dir='ltr'>σὺν</span> 
     </span>
    </p>
   </div>
   <div class='ocr_carea' id='block_1_88' title="bbox 1996 2043 3676 2119">
    <p class='ocr_par' dir='ltr' id='par_1_88' title="bbox 1996 2043 3676 2119">
     <span class='ocr_line' id='line_1_88' title="bbox 1996 2043 3676 2119; baseline 0.004 -22"><span class='ocrx_word' id='word_1_684' title='bbox 1996 2043 2170 2119; x_wconf 83' lang='grc' dir='ltr'>θεάσῃ</span> <span class='ocrx_word' id='word_1_685' title='bbox 2218 2044 2339 2099; x_wconf 86' lang='grc' dir='ltr'>καθ’</span> <span class='ocrx_word' id='word_1_686' title='bbox 2377 2045 2615 2115; x_wconf 88' lang='grc' dir='ltr'>ἐκάστην</span> <span class='ocrx_word' id='word_1_687' title='bbox 2662 2044 2895 2098; x_wconf 87' lang='grc' dir='ltr'>ἀπιόντα</span> <span class='ocrx_word' id='word_1_688' title='bbox 2955 2045 3169 2117; x_wconf 82' lang='grc' dir='ltr'>ἡμέραν</span> <span class='ocrx_word' id='word_1_689' title='bbox 3206 2046 3286 2109; x_wconf 84' lang='grc' dir='ltr'>είς</span> <span class='ocrx_word' id='word_1_690' title='bbox 3322 2044 3384 2098; x_wconf 83' lang='grc' dir='ltr'>τὸ</span> <span class='ocrx_word' id='word_1_691' title='bbox 3422 2045 3676 2103; x_wconf 72' lang='grc' dir='ltr'>διδασκα-</span> 
     </span>
    </p>
   </div>
   <div class='ocr_carea' id='block_1_89' title="bbox 1996 2130 3679 2202">
    <p class='ocr_par' dir='ltr' id='par_1_89' title="bbox 1996 2130 3679 2202">
     <span class='ocr_line' id='line_1_89' title="bbox 1996 2130 3679 2202; baseline 0.003 -19"><span class='ocrx_word' id='word_1_692' title='bbox 1996 2130 2139 2185; x_wconf 82' lang='grc' dir='ltr'>λεῖον</span> <span class='ocrx_word' id='word_1_693' title='bbox 2159 2169 2175 2196; x_wconf 93' lang='grc'>,</span> <span class='ocrx_word' id='word_1_694' title='bbox 2223 2132 2318 2184; x_wconf 81' lang='grc' dir='ltr'>καὶ</span> <span class='ocrx_word' id='word_1_695' title='bbox 2349 2130 2445 2184; x_wconf 80' lang='grc' dir='ltr'>τοῦ</span> <span class='ocrx_word' id='word_1_696' title='bbox 2491 2131 2685 2202; x_wconf 85' lang='grc' dir='ltr'>χρόνου</span> <span class='ocrx_word' id='word_1_697' title='bbox 2721 2131 3005 2200; x_wconf 83' lang='grc' dir='ltr'>προίόντος</span> <span class='ocrx_word' id='word_1_698' title='bbox 3054 2131 3225 2202; x_wconf 76' lang='grc' dir='ltr'>μηδὲν</span> <span class='ocrx_word' id='word_1_699' title='bbox 3257 2132 3421 2186; x_wconf 78' lang='grc' dir='ltr'>πλέον</span> <span class='ocrx_word' id='word_1_700' title='bbox 3464 2133 3679 2188; x_wconf 86' lang='grc' dir='ltr'>ἐκεῖθεν</span> 
     </span>
    </p>
   </div>
   <div class='ocr_carea' id='block_1_90' title="bbox 1997 2216 3681 2290">
    <p class='ocr_par' dir='ltr' id='par_1_90' title="bbox 1997 2216 3681 2290">
     <span class='ocr_line' id='line_1_90' title="bbox 1997 2216 3681 2290; baseline 0.002 -19"><span class='ocrx_word' id='word_1_701' title='bbox 1997 2218 2371 2289; x_wconf 86' lang='grc' dir='ltr'>κερδαίνοντα,</span> <span class='ocrx_word' id='word_1_702' title='bbox 2394 2216 2506 2289; x_wconf 84' lang='grc' dir='ltr'>ἆρα</span> <span class='ocrx_word' id='word_1_703' title='bbox 2534 2218 2781 2281; x_wconf 85' lang='grc' dir='ltr'>ἀνεκτῶς</span> <span class='ocrx_word' id='word_1_704' title='bbox 2811 2218 2980 2283; x_wconf 69' lang='grc' dir='ltr'>οἴσεις</span> <span class='ocrx_word' id='word_1_705' title='bbox 2999 2236 3014 2286; x_wconf 92' lang='grc'>;</span> <span class='ocrx_word' id='word_1_706' title='bbox 3036 2221 3159 2290; x_wconf 73' lang='grc' dir='ltr'>οὐχὶ</span> <span class='ocrx_word' id='word_1_707' title='bbox 3189 2219 3248 2272; x_wconf 82' lang='grc' dir='ltr'>δὲ</span> <span class='ocrx_word' id='word_1_708' title='bbox 3284 2220 3382 2272; x_wconf 65' lang='grc' dir='ltr'>καὶ⁵</span> <span class='ocrx_word' id='word_1_709' title='bbox 3410 2219 3491 2290; x_wconf 83' lang='grc' dir='ltr'>τῷ</span> <span class='ocrx_word' id='word_1_710' title='bbox 3527 2222 3681 2274; x_wconf 75' lang='grc' dir='ltr'>παιδὶ</span> 
     </span>
    </p>
   </div>
   <div class='ocr_carea' id='block_1_91' title="bbox 2002 2303 3681 2381">
    <p class='ocr_par' dir='ltr' id='par_1_91' title="bbox 2002 2303 3681 2381">
     <span class='ocr_line' id='line_1_91' title="bbox 2002 2303 3681 2381; baseline 0.002 -22"><span class='ocrx_word' id='word_1_711' title='bbox 2002 2306 2272 2376; x_wconf 89' lang='grc' dir='ltr'>μάστιγας</span> <span class='ocrx_word' id='word_1_712' title='bbox 2297 2306 2599 2378; x_wconf 81' lang='grc' dir='ltr'>ἐπιθήσεις,</span> <span class='ocrx_word' id='word_1_713' title='bbox 2631 2308 2726 2360; x_wconf 80' lang='grc' dir='ltr'>καὶ</span> <span class='ocrx_word' id='word_1_714' title='bbox 2763 2305 2842 2377; x_wconf 80' lang='grc' dir='ltr'>τῷ</span> <span class='ocrx_word' id='word_1_715' title='bbox 2878 2306 3186 2378; x_wconf 82' lang='grc' dir='ltr'>διδασκάλῳ</span> <span class='ocrx_word' id='word_1_716' title='bbox 3217 2307 3441 2381; x_wconf 74' lang='grc' dir='ltr'>μέμψῃς</span> <span class='ocrx_word' id='word_1_717' title='bbox 3476 2303 3597 2362; x_wconf 74' lang='grc' dir='ltr'>εἶτα</span> <span class='ocrx_word' id='word_1_718' title='bbox 3629 2310 3681 2362; x_wconf 82' lang='grc' dir='ltr'>εί</span> 
     </span>
    </p>
   </div>
   <div class='ocr_carea' id='block_1_92' title="bbox 2001 2393 3684 2465">
    <p class='ocr_par' dir='ltr' id='par_1_92' title="bbox 2001 2393 3684 2465">
     <span class='ocr_line' id='line_1_92' title="bbox 2001 2393 3684 2465; baseline 0.001 -18"><span class='ocrx_word' id='word_1_719' title='bbox 2001 2393 2215 2464; x_wconf 82' lang='grc' dir='ltr'>μάθοις,</span> <span class='ocrx_word' id='word_1_720' title='bbox 2240 2395 2323 2447; x_wconf 81' lang='grc' dir='ltr'>ὅτι</span> <span class='ocrx_word' id='word_1_721' title='bbox 2351 2394 2417 2447; x_wconf 86' lang='grc' dir='ltr'>τὰ</span> <span class='ocrx_word' id='word_1_722' title='bbox 2467 2394 2568 2465; x_wconf 85' lang='grc' dir='ltr'>μὲν</span> <span class='ocrx_word' id='word_1_723' title='bbox 2601 2394 2754 2465; x_wconf 84' lang='grc' dir='ltr'>παρὰ</span> <span class='ocrx_word' id='word_1_724' title='bbox 2797 2393 2893 2447; x_wconf 87' lang='grc' dir='ltr'>τοῦ</span> <span class='ocrx_word' id='word_1_725' title='bbox 2934 2394 3260 2449; x_wconf 88' lang='grc' dir='ltr'>διδασκάλου</span> <span class='ocrx_word' id='word_1_726' title='bbox 3304 2396 3482 2449; x_wconf 82' lang='grc' dir='ltr'>πάντα</span> <span class='ocrx_word' id='word_1_727' title='bbox 3519 2395 3684 2463; x_wconf 80' lang='grc' dir='ltr'>γεγέ-</span> 
     </span>
    </p>
   </div>
   <div class='ocr_carea' id='block_1_93' title="bbox 1999 2480 3684 2552">
    <p class='ocr_par' dir='ltr' id='par_1_93' title="bbox 1999 2480 3684 2552">
     <span class='ocr_line' id='line_1_93' title="bbox 1999 2480 3684 2552; baseline 0.001 -18"><span class='ocrx_word' id='word_1_728' title='bbox 1999 2498 2180 2552; x_wconf 89' lang='grc' dir='ltr'>νηται,</span> <span class='ocrx_word' id='word_1_729' title='bbox 2196 2482 2290 2534; x_wconf 83' lang='grc' dir='ltr'>καὶ</span> <span class='ocrx_word' id='word_1_730' title='bbox 2312 2480 2465 2535; x_wconf 79' lang='grc' dir='ltr'>οὐδὲν</span> <span class='ocrx_word' id='word_1_731' title='bbox 2484 2481 2780 2544; x_wconf 89' lang='grc' dir='ltr'>λέλειπται,</span> <span class='ocrx_word' id='word_1_732' title='bbox 2803 2483 2836 2552; x_wconf 90' lang='grc' dir='ltr'>ἡ</span> <span class='ocrx_word' id='word_1_733' title='bbox 2861 2481 2918 2534; x_wconf 83' lang='grc' dir='ltr'>δὲ</span> <span class='ocrx_word' id='word_1_734' title='bbox 2944 2481 3184 2552; x_wconf 78' lang='grc' dir='ltr'>ῥᾳθυμία</span> <span class='ocrx_word' id='word_1_735' title='bbox 3204 2481 3300 2535; x_wconf 88' lang='grc' dir='ltr'>τοῦ</span> <span class='ocrx_word' id='word_1_736' title='bbox 3324 2481 3512 2545; x_wconf 75' lang='grc' dir='ltr'>παιδὸς</span> <span class='ocrx_word' id='word_1_737' title='bbox 3526 2481 3684 2536; x_wconf 78' lang='grc' dir='ltr'>αίτία</span> 
     </span>
    </p>
   </div>
   <div class='ocr_carea' id='block_1_94' title="bbox 1999 2567 3685 2639">
    <p class='ocr_par' dir='ltr' id='par_1_94' title="bbox 1999 2567 3685 2639">
     <span class='ocr_line' id='line_1_94' title="bbox 1999 2567 3685 2639; baseline 0.001 -20"><span class='ocrx_word' id='word_1_738' title='bbox 1999 2567 2221 2622; x_wconf 89' lang='grc' dir='ltr'>πάντων</span> <span class='ocrx_word' id='word_1_739' title='bbox 2248 2568 2589 2639; x_wconf 85' lang='grc' dir='ltr'>καθέστηκεν</span> <span class='ocrx_word' id='word_1_740' title='bbox 2612 2608 2628 2633; x_wconf 96' lang='grc'>,</span> <span class='ocrx_word' id='word_1_741' title='bbox 2676 2568 2799 2638; x_wconf 75' lang='grc' dir='ltr'>οὐχὶ</span> <span class='ocrx_word' id='word_1_742' title='bbox 2830 2570 3012 2622; x_wconf 80' lang='grc' dir='ltr'>πᾶσαν</span> <span class='ocrx_word' id='word_1_743' title='bbox 3048 2568 3149 2639; x_wconf 83' lang='grc' dir='ltr'>τήν</span> <span class='ocrx_word' id='word_1_744' title='bbox 3185 2569 3558 2637; x_wconf 82' lang='grc' dir='ltr'>ἀγανάκτησιν</span> <span class='ocrx_word' id='word_1_745' title='bbox 3588 2568 3685 2621; x_wconf 79' lang='grc' dir='ltr'>ἐπὶ</span> 
     </span>
    </p>
   </div>
   <div class='ocr_carea' id='block_1_95' title="bbox 2000 2654 3682 2726">
    <p class='ocr_par' dir='ltr' id='par_1_95' title="bbox 2000 2654 3682 2726">
     <span class='ocr_line' id='line_1_95' title="bbox 2000 2654 3682 2726; baseline -0.002 -18"><span class='ocrx_word' id='word_1_746' title='bbox 2000 2655 2090 2708; x_wconf 65' lang='grc' dir='ltr'>τὴν</span> <span class='ocrx_word' id='word_1_747' title='bbox 2120 2655 2285 2709; x_wconf 85' lang='grc' dir='ltr'>παῖδα</span> <span class='ocrx_word' id='word_1_748' title='bbox 2312 2654 2664 2726; x_wconf 87' lang='grc' dir='ltr'>μεταθήσεις,</span> <span class='ocrx_word' id='word_1_749' title='bbox 2696 2655 2795 2723; x_wconf 83' lang='grc' dir='ltr'>τῆς</span> <span class='ocrx_word' id='word_1_750' title='bbox 2822 2654 3004 2719; x_wconf 88' lang='grc' dir='ltr'>αίτίας</span> <span class='ocrx_word' id='word_1_751' title='bbox 3034 2655 3195 2724; x_wconf 82' lang='grc' dir='ltr'>ἀφεὶς</span> <span class='ocrx_word' id='word_1_752' title='bbox 3216 2655 3307 2708; x_wconf 81' lang='grc' dir='ltr'>τὸν</span> <span class='ocrx_word' id='word_1_753' title='bbox 3328 2654 3682 2719; x_wconf 72' lang='grc' dir='ltr'>διδάσκαλονς</span> 
     </span>
    </p>
   </div>
   <div class='ocr_carea' id='block_1_96' title="bbox 2001 2739 3682 2813">
    <p class='ocr_par' dir='ltr' id='par_1_96' title="bbox 2001 2739 3682 2813">
     <span class='ocr_line' id='line_1_96' title="bbox 2001 2739 3682 2813; baseline 0.001 -20"><span class='ocrx_word' id='word_1_754' title='bbox 2001 2741 2074 2793; x_wconf 86' lang='grc' dir='ltr'>Τὸ</span> <span class='ocrx_word' id='word_1_755' title='bbox 2097 2741 2232 2795; x_wconf 83' lang='grc' dir='ltr'>αὐτὸ</span> <span class='ocrx_word' id='word_1_756' title='bbox 2259 2740 2324 2810; x_wconf 87' lang='grc' dir='ltr'>δὴ</span> <span class='ocrx_word' id='word_1_757' title='bbox 2356 2740 2450 2795; x_wconf 64' lang='grc' dir='ltr'>καλ¹</span> <span class='ocrx_word' id='word_1_758' title='bbox 2487 2740 2722 2794; x_wconf 82' lang='grc' dir='ltr'>ἐνταῦθα</span> <span class='ocrx_word' id='word_1_759' title='bbox 2754 2739 3003 2809; x_wconf 86' lang='grc' dir='ltr'>γίνεσθαι</span> <span class='ocrx_word' id='word_1_760' title='bbox 3047 2741 3276 2796; x_wconf 91' lang='grc' dir='ltr'>δίκαιον.</span> <span class='ocrx_word' id='word_1_761' title='bbox 3313 2742 3506 2813; x_wconf 79' lang='grc' dir='ltr'>Ἡμεῖς</span> <span class='ocrx_word' id='word_1_762' title='bbox 3548 2742 3682 2813; x_wconf 79' lang='grc' dir='ltr'>γὰρ,</span> 
     </span>
    </p>
   </div>
   <div class='ocr_carea' id='block_1_97' title="bbox 2000 2827 3686 2902">
    <p class='ocr_par' dir='ltr' id='par_1_97' title="bbox 2000 2827 3686 2902">
     <span class='ocr_line' id='line_1_97' title="bbox 2000 2827 3686 2902; baseline 0.001 -20"><span class='ocrx_word' id='word_1_763' title='bbox 2000 2827 2254 2902; x_wconf 85' lang='grc' dir='ltr'>καθάπερ</span> <span class='ocrx_word' id='word_1_764' title='bbox 2303 2827 2623 2899; x_wconf 86' lang='grc' dir='ltr'>ἐτάχθημην</span> <span class='ocrx_word' id='word_1_765' title='bbox 2666 2828 2819 2899; x_wconf 90' lang='grc' dir='ltr'>παρά</span> <span class='ocrx_word' id='word_1_766' title='bbox 2860 2829 2962 2899; x_wconf 82' lang='grc' dir='ltr'>τῆς</span> <span class='ocrx_word' id='word_1_767' title='bbox 3006 2827 3099 2882; x_wconf 87' lang='grc' dir='ltr'>τοῦ</span> <span class='ocrx_word' id='word_1_768' title='bbox 3142 2828 3278 2882; x_wconf 86' lang='grc' dir='ltr'>Θεοῦ</span> <span class='ocrx_word' id='word_1_769' title='bbox 3324 2830 3576 2901; x_wconf 87' lang='grc' dir='ltr'>χάριτος,</span> <span class='ocrx_word' id='word_1_770' title='bbox 3607 2829 3686 2894; x_wconf 79' lang='grc' dir='ltr'>ὡς</span> 
     </span>
    </p>
   </div>
   <div class='ocr_carea' id='block_1_98' title="bbox 2001 2914 3689 2988">
    <p class='ocr_par' dir='ltr' id='par_1_98' title="bbox 2001 2914 3689 2988">
     <span class='ocr_line' id='line_1_98' title="bbox 2001 2914 3689 2988; baseline 0.001 -20"><span class='ocrx_word' id='word_1_771' title='bbox 2001 2916 2167 2970; x_wconf 86' lang='grc' dir='ltr'>τέκνα</span> <span class='ocrx_word' id='word_1_772' title='bbox 2207 2915 2550 2985; x_wconf 84' lang='grc' dir='ltr'>πνευματικά</span> <span class='ocrx_word' id='word_1_773' title='bbox 2599 2914 2619 2953; x_wconf 68' lang='grc' dir='ltr'>ί</span> <span class='ocrx_word' id='word_1_774' title='bbox 2658 2915 2780 2968; x_wconf 77' lang='grc' dir='ltr'>καθ’</span> <span class='ocrx_word' id='word_1_775' title='bbox 2812 2916 3051 2987; x_wconf 82' lang='grc' dir='ltr'>ἐκάστην</span> <span class='ocrx_word' id='word_1_776' title='bbox 3093 2917 3302 2988; x_wconf 81' lang='grc' dir='ltr'>ἡμέραν</span> <span class='ocrx_word' id='word_1_777' title='bbox 3336 2920 3415 2979; x_wconf 87' lang='grc' dir='ltr'>είς</span> <span class='ocrx_word' id='word_1_778' title='bbox 3448 2917 3509 2971; x_wconf 74' lang='grc' dir='ltr'>τδ</span> <span class='ocrx_word' id='word_1_779' title='bbox 3542 2916 3689 2971; x_wconf 75' lang='grc' dir='ltr'>διδαι-</span> 
     </span>
    </p>
   </div>
   <div class='ocr_carea' id='block_1_99' title="bbox 2006 3000 3686 3076">
    <p class='ocr_par' dir='ltr' id='par_1_99' title="bbox 2006 3000 3686 3076">
     <span class='ocr_line' id='line_1_99' title="bbox 2006 3000 3686 3076; baseline 0.002 -20"><span class='ocrx_word' id='word_1_780' title='bbox 2006 3002 2257 3056; x_wconf 85' lang='grc' dir='ltr'>σκαλείον</span> <span class='ocrx_word' id='word_1_781' title='bbox 2286 3000 2448 3055; x_wconf 86' lang='grc' dir='ltr'>τοῦτο</span> <span class='ocrx_word' id='word_1_782' title='bbox 2481 3001 2795 3069; x_wconf 88' lang='grc' dir='ltr'>καλοῦντες,</span> <span class='ocrx_word' id='word_1_783' title='bbox 2834 3002 2933 3075; x_wconf 83' lang='grc' dir='ltr'>τὴν</span> <span class='ocrx_word' id='word_1_784' title='bbox 2982 3003 3306 3076; x_wconf 80' lang='grc' dir='ltr'>σωτηριώδη</span> <span class='ocrx_word' id='word_1_785' title='bbox 3335 3004 3686 3059; x_wconf 82' lang='grc' dir='ltr'>διδασκαλίαν</span> 
     </span>
    </p>
   </div>
   <div class='ocr_carea' id='block_1_100' title="bbox 2004 3088 3685 3161">
    <p class='ocr_par' dir='ltr' id='par_1_100' title="bbox 2004 3088 3685 3161">
     <span class='ocr_line' id='line_1_100' title="bbox 2004 3088 3685 3161; baseline 0.001 -19"><span class='ocrx_word' id='word_1_786' title='bbox 2004 3089 2133 3158; x_wconf 88' lang='grc' dir='ltr'>ὑμῖν</span> <span class='ocrx_word' id='word_1_787' title='bbox 2160 3088 2558 3160; x_wconf 78' lang='grc' dir='ltr'>παρατίθεμεν,</span> <span class='ocrx_word' id='word_1_788' title='bbox 2579 3088 2640 3142; x_wconf 90' lang='grc' dir='ltr'>οὑ</span> <span class='ocrx_word' id='word_1_789' title='bbox 2670 3089 2736 3143; x_wconf 85' lang='grc' dir='ltr'>τὰ</span> <span class='ocrx_word' id='word_1_790' title='bbox 2756 3088 2868 3144; x_wconf 83' lang='grc' dir='ltr'>ἀπὸ</span> <span class='ocrx_word' id='word_1_791' title='bbox 2895 3090 2993 3160; x_wconf 85' lang='grc' dir='ltr'>τῆς</span> <span class='ocrx_word' id='word_1_792' title='bbox 3020 3090 3228 3154; x_wconf 79' lang='grc' dir='ltr'>οἰκείας</span> <span class='ocrx_word' id='word_1_793' title='bbox 3252 3090 3490 3154; x_wconf 86' lang='grc' dir='ltr'>διανοίας</span> <span class='ocrx_word' id='word_1_794' title='bbox 3517 3090 3685 3161; x_wconf 85' lang='grc' dir='ltr'>φθεγ-</span> 
     </span>
    </p>
   </div>
   <div class='ocr_carea' id='block_1_101' title="bbox 2003 3176 3686 3251">
    <p class='ocr_par' dir='ltr' id='par_1_101' title="bbox 2003 3176 3686 3251">
     <span class='ocr_line' id='line_1_101' title="bbox 2003 3176 3686 3251; baseline 0.002 -21"><span class='ocrx_word' id='word_1_795' title='bbox 2003 3177 2246 3248; x_wconf 90' lang='grc' dir='ltr'>γόμενοι,</span> <span class='ocrx_word' id='word_1_796' title='bbox 2280 3176 2415 3230; x_wconf 85' lang='grc' dir='ltr'>ἀλλά</span> <span class='ocrx_word' id='word_1_797' title='bbox 2435 3178 2503 3230; x_wconf 83' lang='grc' dir='ltr'>τά</span> <span class='ocrx_word' id='word_1_798' title='bbox 2526 3176 2680 3248; x_wconf 80' lang='grc' dir='ltr'>παρὰ</span> <span class='ocrx_word' id='word_1_799' title='bbox 2704 3176 2796 3230; x_wconf 88' lang='grc' dir='ltr'>τοῦ</span> <span class='ocrx_word' id='word_1_800' title='bbox 2821 3178 3094 3232; x_wconf 88' lang='grc' dir='ltr'>Δεσπότου</span> <span class='ocrx_word' id='word_1_801' title='bbox 3116 3178 3205 3232; x_wconf 87' lang='grc' dir='ltr'>διά</span> <span class='ocrx_word' id='word_1_802' title='bbox 3227 3178 3337 3232; x_wconf 84' lang='grc' dir='ltr'>τῶν</span> <span class='ocrx_word' id='word_1_803' title='bbox 3358 3177 3526 3233; x_wconf 89' lang='grc' dir='ltr'>θείων</span> <span class='ocrx_word' id='word_1_804' title='bbox 3545 3179 3686 3251; x_wconf 86' lang='grc' dir='ltr'>Γρα-</span> 
     </span>
    </p>
   </div>
   <div class='ocr_carea' id='block_1_102' title="bbox 2006 3264 3687 3337">
    <p class='ocr_par' dir='ltr' id='par_1_102' title="bbox 2006 3264 3687 3337">
     <span class='ocr_line' id='line_1_102' title="bbox 2006 3264 3687 3337; baseline 0.001 -19"><span class='ocrx_word' id='word_1_805' title='bbox 2006 3265 2123 3335; x_wconf 89' lang='grc' dir='ltr'>φῶν</span> <span class='ocrx_word' id='word_1_806' title='bbox 2152 3266 2284 3337; x_wconf 85' lang='grc' dir='ltr'>ἡμῖν</span> <span class='ocrx_word' id='word_1_807' title='bbox 2320 3264 2636 3335; x_wconf 81' lang='grc' dir='ltr'>δωρηθέντα</span> <span class='ocrx_word' id='word_1_808' title='bbox 2675 3264 3001 3335; x_wconf 84' lang='grc' dir='ltr'>διδάγματα,</span> <span class='ocrx_word' id='word_1_809' title='bbox 3035 3265 3206 3319; x_wconf 85' lang='grc' dir='ltr'>ταῦτα</span> <span class='ocrx_word' id='word_1_810' title='bbox 3236 3268 3317 3330; x_wconf 84' lang='grc' dir='ltr'>είς</span> <span class='ocrx_word' id='word_1_811' title='bbox 3350 3265 3519 3336; x_wconf 84' lang='grc' dir='ltr'>μέσον</span> <span class='ocrx_word' id='word_1_812' title='bbox 3550 3283 3687 3337; x_wconf 82' lang='grc' dir='ltr'>προ-</span> 
     </span>
    </p>
   </div>
   <div class='ocr_carea' id='block_1_103' title="bbox 2004 3352 3688 3425">
    <p class='ocr_par' dir='ltr' id='par_1_103' title="bbox 2004 3352 3688 3425">
     <span class='ocr_line' id='line_1_103' title="bbox 2004 3352 3688 3425; baseline 0.001 -19"><span class='ocrx_word' id='word_1_813' title='bbox 2004 3352 2264 3418; x_wconf 83' lang='grc' dir='ltr'>τιθέντες,</span> <span class='ocrx_word' id='word_1_814' title='bbox 2287 3352 2385 3406; x_wconf 74' lang='grc' dir='ltr'>καὶ</span> <span class='ocrx_word' id='word_1_815' title='bbox 2409 3352 2580 3407; x_wconf 85' lang='grc' dir='ltr'>ταῦτα</span> <span class='ocrx_word' id='word_1_816' title='bbox 2606 3353 2841 3424; x_wconf 89' lang='grc' dir='ltr'>συνεχῶς</span> <span class='ocrx_word' id='word_1_817' title='bbox 2857 3353 3194 3424; x_wconf 81' lang='grc' dir='ltr'>ἐνηχοῦντες.</span> <span class='ocrx_word' id='word_1_818' title='bbox 3214 3354 3277 3407; x_wconf 79' lang='lat' dir='ltr'>El</span> <span class='ocrx_word' id='word_1_819' title='bbox 3297 3353 3688 3425; x_wconf 52' lang='grc' dir='ltr'>τοίνυνιὴμῶν</span> 
     </span>
    </p>
   </div>
   <div class='ocr_carea' id='block_1_104' title="bbox 2006 3439 3687 3513">
    <p class='ocr_par' dir='ltr' id='par_1_104' title="bbox 2006 3439 3687 3513">
     <span class='ocr_line' id='line_1_104' title="bbox 2006 3439 3687 3513; baseline -0.001 -20"><span class='ocrx_word' id='word_1_820' title='bbox 2006 3442 2189 3495; x_wconf 77' lang='grc' dir='ltr'>πᾶσαν</span> <span class='ocrx_word' id='word_1_821' title='bbox 2227 3439 2460 3511; x_wconf 78' lang='grc' dir='ltr'>σπουδὴν</span> <span class='ocrx_word' id='word_1_822' title='bbox 2489 3441 2583 3493; x_wconf 61' lang='grc' dir='ltr'>καὶ⁵</span> <span class='ocrx_word' id='word_1_823' title='bbox 2615 3441 2921 3512; x_wconf 89' lang='grc' dir='ltr'>ἀγρυπνίαν</span> <span class='ocrx_word' id='word_1_824' title='bbox 2950 3441 3432 3513; x_wconf 85' lang='grc' dir='ltr'>ἐπιδεικνυμένων,</span> <span class='ocrx_word' id='word_1_825' title='bbox 3471 3442 3565 3496; x_wconf 74' lang='grc' dir='ltr'>καὶ</span> <span class='ocrx_word' id='word_1_826' title='bbox 3599 3440 3687 3508; x_wconf 81' lang='grc' dir='ltr'>ἐφ’</span> 
     </span>
    </p>
   </div>
   <div class='ocr_carea' id='block_1_105' title="bbox 2006 3527 3689 3600">
    <p class='ocr_par' dir='ltr' id='par_1_105' title="bbox 2006 3527 3689 3600">
     <span class='ocr_line' id='line_1_105' title="bbox 2006 3527 3689 3600; baseline -0.002 -17"><span class='ocrx_word' id='word_1_827' title='bbox 2006 3528 2245 3599; x_wconf 87' lang='grc' dir='ltr'>ἐκάστης</span> <span class='ocrx_word' id='word_1_828' title='bbox 2278 3527 2372 3580; x_wconf 73' lang='grc' dir='ltr'>ἐπὶ</span> <span class='ocrx_word' id='word_1_829' title='bbox 2408 3528 2509 3600; x_wconf 82' lang='grc' dir='ltr'>τὴν</span> <span class='ocrx_word' id='word_1_830' title='bbox 2555 3528 2675 3582; x_wconf 82' lang='grc' dir='ltr'>ὁδὸν</span> <span class='ocrx_word' id='word_1_831' title='bbox 2722 3529 2820 3600; x_wconf 90' lang='grc' dir='ltr'>τῆς</span> <span class='ocrx_word' id='word_1_832' title='bbox 2866 3528 3070 3600; x_wconf 81' lang='grc' dir='ltr'>ἀρετῆς</span> <span class='ocrx_word' id='word_1_833' title='bbox 3115 3528 3489 3599; x_wconf 88' lang='grc' dir='ltr'>όδηγούντων,</span> <span class='ocrx_word' id='word_1_834' title='bbox 3530 3529 3689 3599; x_wconf 84' lang='grc' dir='ltr'>ὑμεῖς</span> 
     </span>
    </p>
   </div>
   <div class='ocr_carea' id='block_1_106' title="bbox 2005 3615 3689 3687">
    <p class='ocr_par' dir='ltr' id='par_1_106' title="bbox 2005 3615 3689 3687">
     <span class='ocr_line' id='line_1_106' title="bbox 2005 3615 3689 3687; baseline -0.001 -17"><span class='ocrx_word' id='word_1_835' title='bbox 2005 3619 2121 3680; x_wconf 88' lang='grc' dir='ltr'>τοῖς</span> <span class='ocrx_word' id='word_1_836' title='bbox 2162 3616 2347 3680; x_wconf 86' lang='grc' dir='ltr'>αὐτοῖς</span> <span class='ocrx_word' id='word_1_837' title='bbox 2388 3615 2675 3686; x_wconf 83' lang='grc' dir='ltr'>ἐπιμένετε</span> <span class='ocrx_word' id='word_1_838' title='bbox 2702 3655 2721 3681; x_wconf 91' lang='grc'>,</span> <span class='ocrx_word' id='word_1_839' title='bbox 2795 3617 3083 3687; x_wconf 81' lang='grc' dir='ltr'>ἐννοήσατε</span> <span class='ocrx_word' id='word_1_840' title='bbox 3114 3617 3216 3687; x_wconf 77' lang='grc' dir='ltr'>ὅση</span> <span class='ocrx_word' id='word_1_841' title='bbox 3245 3616 3343 3670; x_wconf 78' lang='grc' dir='ltr'>καὶ</span> <span class='ocrx_word' id='word_1_842' title='bbox 3370 3619 3503 3687; x_wconf 88' lang='grc' dir='ltr'>ἡμῖν</span> <span class='ocrx_word' id='word_1_843' title='bbox 3535 3616 3689 3669; x_wconf 77' lang='grc' dir='ltr'>ἔσται</span> 
     </span>
    </p>
   </div>
   <div class='ocr_carea' id='block_1_107' title="bbox 2007 3703 3685 3776">
    <p class='ocr_par' dir='ltr' id='par_1_107' title="bbox 2007 3703 3685 3776">
     <span class='ocr_line' id='line_1_107' title="bbox 2007 3703 3685 3776; baseline -0.001 -17"><span class='ocrx_word' id='word_1_844' title='bbox 2007 3703 2192 3775; x_wconf 86' lang='grc' dir='ltr'>ὀδύνη,</span> <span class='ocrx_word' id='word_1_845' title='bbox 2214 3703 2312 3758; x_wconf 73' lang='grc' dir='ltr'>καὶ</span> <span class='ocrx_word' id='word_1_846' title='bbox 2350 3703 2479 3775; x_wconf 84' lang='grc' dir='ltr'>ὑμῖν</span> <span class='ocrx_word' id='word_1_847' title='bbox 2524 3706 2558 3775; x_wconf 86' lang='grc' dir='ltr'>ἡ</span> <span class='ocrx_word' id='word_1_848' title='bbox 2584 3706 2948 3774; x_wconf 86' lang='grc' dir='ltr'>κατάγνωσις,</span> <span class='ocrx_word' id='word_1_849' title='bbox 2990 3704 3078 3759; x_wconf 77' lang='grc' dir='ltr'>ἵνα</span> <span class='ocrx_word' id='word_1_850' title='bbox 3117 3704 3286 3776; x_wconf 82' lang='grc' dir='ltr'>μηδὲν</span> <span class='ocrx_word' id='word_1_851' title='bbox 3317 3703 3480 3758; x_wconf 88' lang='grc' dir='ltr'>πλέον</span> <span class='ocrx_word' id='word_1_852' title='bbox 3524 3704 3685 3758; x_wconf 81' lang='grc' dir='ltr'>εἴπω,</span> 
     </span>
    </p>
   </div>
   <div class='ocr_carea' id='block_1_108' title="bbox 2009 3791 3668 3865">
    <p class='ocr_par' dir='ltr' id='par_1_108' title="bbox 2009 3791 3668 3865">
     <span class='ocr_line' id='line_1_108' title="bbox 2009 3791 3668 3865; baseline -0.001 -19"><span class='ocrx_word' id='word_1_853' title='bbox 2009 3794 2072 3846; x_wconf 84' lang='grc' dir='ltr'>Εἰ</span> <span class='ocrx_word' id='word_1_854' title='bbox 2110 3792 2219 3863; x_wconf 80' lang='grc' dir='ltr'>γὰρ</span> <span class='ocrx_word' id='word_1_855' title='bbox 2262 3792 2358 3845; x_wconf 73' lang='grc' dir='ltr'>καὶ</span> <span class='ocrx_word' id='word_1_856' title='bbox 2398 3791 2723 3855; x_wconf 87' lang='grc' dir='ltr'>ἀνευθύνους</span> <span class='ocrx_word' id='word_1_857' title='bbox 2760 3793 2907 3863; x_wconf 79' lang='grc' dir='ltr'>ἡμᾶς</span> <span class='ocrx_word' id='word_1_858' title='bbox 2938 3791 3178 3846; x_wconf 89' lang='grc' dir='ltr'>δείκνυσι</span> <span class='ocrx_word' id='word_1_859' title='bbox 3216 3792 3279 3846; x_wconf 79' lang='grc' dir='ltr'>τὺ</span> <span class='ocrx_word' id='word_1_860' title='bbox 3312 3793 3483 3865; x_wconf 75' lang='grc' dir='ltr'>μηδὲν</span> <span class='ocrx_word' id='word_1_861' title='bbox 3516 3810 3668 3863; x_wconf 78' lang='grc' dir='ltr'>παρι-</span> 
     </span>
    </p>
   </div>
   <div class='ocr_carea' id='block_1_109' title="bbox 2009 3879 3683 3951">
    <p class='ocr_par' dir='ltr' id='par_1_109' title="bbox 2009 3879 3683 3951">
     <span class='ocr_line' id='line_1_109' title="bbox 2009 3879 3683 3951; baseline -0.001 -17"><span class='ocrx_word' id='word_1_862' title='bbox 2009 3881 2188 3934; x_wconf 88' lang='grc' dir='ltr'>λιπεῖν</span> <span class='ocrx_word' id='word_1_863' title='bbox 2232 3880 2341 3933; x_wconf 89' lang='grc' dir='ltr'>τῶν</span> <span class='ocrx_word' id='word_1_864' title='bbox 2381 3880 2463 3942; x_wconf 88' lang='grc' dir='ltr'>είς</span> <span class='ocrx_word' id='word_1_865' title='bbox 2489 3879 2589 3950; x_wconf 76' lang='grc' dir='ltr'>τὴν</span> <span class='ocrx_word' id='word_1_866' title='bbox 2626 3880 2900 3951; x_wconf 86' lang='grc' dir='ltr'>ὑμετέραν</span> <span class='ocrx_word' id='word_1_867' title='bbox 2931 3879 3219 3951; x_wconf 78' lang='grc' dir='ltr'>οἰκοδομήν</span> <span class='ocrx_word' id='word_1_868' title='bbox 3259 3881 3524 3951; x_wconf 80' lang='grc' dir='ltr'>ἡκόντων,</span> <span class='ocrx_word' id='word_1_869' title='bbox 3570 3881 3683 3933; x_wconf 88' lang='grc' dir='ltr'>ἀλλ’</span> 
     </span>
    </p>
   </div>
   <div class='ocr_carea' id='block_1_110' title="bbox 2010 3966 3687 4040">
    <p class='ocr_par' dir='ltr' id='par_1_110' title="bbox 2010 3966 3687 4040">
     <span class='ocr_line' id='line_1_110' title="bbox 2010 3966 3687 4040; baseline -0.002 -16"><span class='ocrx_word' id='word_1_870' title='bbox 2010 3969 2161 4039; x_wconf 78' lang='grc' dir='ltr'>ὅμως</span> <span class='ocrx_word' id='word_1_871' title='bbox 2182 3966 2367 4038; x_wconf 84' lang='grc' dir='ltr'>ἐπειδὴ</span> <span class='ocrx_word' id='word_1_872' title='bbox 2390 3966 2666 4038; x_wconf 84' lang='grc' dir='ltr'>κηδόμεθα</span> <span class='ocrx_word' id='word_1_873' title='bbox 2683 3967 2786 4037; x_wconf 88' lang='grc' dir='ltr'>τῆς</span> <span class='ocrx_word' id='word_1_874' title='bbox 2804 3967 3077 4039; x_wconf 88' lang='grc' dir='ltr'>ὑμετέρας</span> <span class='ocrx_word' id='word_1_875' title='bbox 3110 3968 3405 4040; x_wconf 84' lang='grc' dir='ltr'>σωτηρίας,</span> <span class='ocrx_word' id='word_1_876' title='bbox 3433 3969 3495 4021; x_wconf 88' lang='grc' dir='ltr'>οὐ</span> <span class='ocrx_word' id='word_1_877' title='bbox 3524 3967 3687 4021; x_wconf 83' lang='grc' dir='ltr'>δυνά--</span> 
     </span>
    </p>
   </div>
   <div class='ocr_carea' id='block_1_111' title="bbox 2015 4051 3663 4128">
    <p class='ocr_par' dir='ltr' id='par_1_111' title="bbox 2015 4051 3663 4128">
     <span class='ocr_line' id='line_1_111' title="bbox 2015 4051 3663 4128; baseline -0.001 -19"><span class='ocrx_word' id='word_1_878' title='bbox 2015 4055 2155 4126; x_wconf 89' lang='grc' dir='ltr'>μεθα</span> <span class='ocrx_word' id='word_1_879' title='bbox 2182 4054 2374 4128; x_wconf 90' lang='grc' dir='ltr'>πράως</span> <span class='ocrx_word' id='word_1_880' title='bbox 2400 4054 2605 4126; x_wconf 87' lang='grc' dir='ltr'>φέρειν.</span> <span class='ocrx_word' id='word_1_881' title='bbox 2644 4051 2795 4108; x_wconf 78' lang='grc' dir='ltr'>Ἐπεὶ</span> <span class='ocrx_word' id='word_1_882' title='bbox 2825 4054 2921 4109; x_wconf 75' lang='grc' dir='ltr'>καὶ</span> <span class='ocrx_word' id='word_1_883' title='bbox 2946 4057 2976 4108; x_wconf 90' lang='lat'>6</span> <span class='ocrx_word' id='word_1_884' title='bbox 3003 4055 3321 4119; x_wconf 86' lang='grc' dir='ltr'>διδάσκαλος</span> <span class='ocrx_word' id='word_1_885' title='bbox 3349 4055 3569 4109; x_wconf 75' lang='grc' dir='ltr'>ἐπειδὰν</span> <span class='ocrx_word' id='word_1_886' title='bbox 3600 4056 3663 4110; x_wconf 39' lang='grc' dir='ltr'>ίδν</span> 
     </span>
    </p>
   </div>
   <div class='ocr_carea' id='block_1_112' title="bbox 2010 4140 3663 4213">
    <p class='ocr_par' dir='ltr' id='par_1_112' title="bbox 2010 4140 3663 4213">
     <span class='ocr_line' id='line_1_112' title="bbox 2010 4140 3663 4213; baseline -0.001 -17"><span class='ocrx_word' id='word_1_887' title='bbox 2010 4142 2102 4196; x_wconf 79' lang='grc' dir='ltr'>τὸν</span> <span class='ocrx_word' id='word_1_888' title='bbox 2128 4140 2377 4213; x_wconf 81' lang='grc' dir='ltr'>μαθητὴν</span> <span class='ocrx_word' id='word_1_889' title='bbox 2404 4140 2571 4212; x_wconf 78' lang='grc' dir='ltr'>μηδὲν</span> <span class='ocrx_word' id='word_1_890' title='bbox 2605 4141 2990 4212; x_wconf 91' lang='grc' dir='ltr'>καρπούμενον</span> <span class='ocrx_word' id='word_1_891' title='bbox 3025 4142 3178 4213; x_wconf 83' lang='grc' dir='ltr'>παρά</span> <span class='ocrx_word' id='word_1_892' title='bbox 3200 4142 3300 4213; x_wconf 84' lang='grc' dir='ltr'>τῆς</span> <span class='ocrx_word' id='word_1_893' title='bbox 3331 4141 3497 4195; x_wconf 87' lang='grc' dir='ltr'>αὐτοῦ</span> <span class='ocrx_word' id='word_1_894' title='bbox 3522 4159 3663 4195; x_wconf 84' lang='grc' dir='ltr'>σπου</span> 
     </span>
    </p>
   </div>
   <div class='ocr_carea' id='block_1_113' title="bbox 2014 4228 3655 4302">
    <p class='ocr_par' dir='ltr' id='par_1_113' title="bbox 2014 4228 3655 4302">
     <span class='ocr_line' id='line_1_113' title="bbox 2014 4228 3655 4302; baseline 0.001 -19"><span class='ocrx_word' id='word_1_895' title='bbox 2014 4229 2134 4300; x_wconf 87' lang='grc' dir='ltr'>δῆς,</span> <span class='ocrx_word' id='word_1_896' title='bbox 2158 4229 2257 4300; x_wconf 86' lang='grc' dir='ltr'>οὐχ</span> <span class='ocrx_word' id='word_1_897' title='bbox 2301 4229 2380 4292; x_wconf 85' lang='grc' dir='ltr'>ὡς</span> <span class='ocrx_word' id='word_1_898' title='bbox 2425 4228 2615 4299; x_wconf 83' lang='grc' dir='ltr'>ἐτυχεν</span> <span class='ocrx_word' id='word_1_899' title='bbox 2669 4230 2828 4299; x_wconf 78' lang='grc' dir='ltr'>ἀλγεῖ</span> <span class='ocrx_word' id='word_1_900' title='bbox 2865 4229 2961 4284; x_wconf 75' lang='grc' dir='ltr'>καὶ</span> <span class='ocrx_word' id='word_1_901' title='bbox 2996 4229 3278 4299; x_wconf 76' lang='grc' dir='ltr'>ὀδυνᾶται,</span> <span class='ocrx_word' id='word_1_902' title='bbox 3316 4230 3459 4302; x_wconf 83' lang='grc' dir='ltr'>ὁρῶν</span> <span class='ocrx_word' id='word_1_903' title='bbox 3494 4230 3655 4284; x_wconf 81' lang='grc' dir='ltr'>ἐαυτέ</span> 
     </span>
    </p>
   </div>
   <div class='ocr_carea' id='block_1_114' title="bbox 2016 4312 2572 4384">
    <p class='ocr_par' dir='ltr' id='par_1_114' title="bbox 2016 4312 2572 4384">
     <span class='ocr_line' id='line_1_114' title="bbox 2016 4312 2572 4384; baseline -0.002 -17"><span class='ocrx_word' id='word_1_904' title='bbox 2016 4313 2193 4384; x_wconf 87' lang='grc' dir='ltr'>μάτην</span> <span class='ocrx_word' id='word_1_905' title='bbox 2224 4312 2572 4383; x_wconf 82' lang='grc' dir='ltr'>πονούμενον.</span> 
     </span>
    </p>
   </div>
   <div class='ocr_carea' id='block_1_115' title="bbox 2085 4399 3690 4473">
    <p class='ocr_par' dir='ltr' id='par_1_115' title="bbox 2085 4399 3690 4473">
     <span class='ocr_line' id='line_1_115' title="bbox 2085 4399 3690 4473; baseline 0.001 -19"><span class='ocrx_word' id='word_1_906' title='bbox 2085 4401 2146 4454; x_wconf 76' lang='lat'>6&#39;.</span> <span class='ocrx_word' id='word_1_907' title='bbox 2171 4399 2357 4454; x_wconf 88' lang='grc' dir='ltr'>Ταῦτα</span> <span class='ocrx_word' id='word_1_908' title='bbox 2389 4399 2532 4469; x_wconf 87' lang='grc' dir='ltr'>λέγω</span> <span class='ocrx_word' id='word_1_909' title='bbox 2569 4400 2665 4455; x_wconf 87' lang='grc' dir='ltr'>νῦν</span> <span class='ocrx_word' id='word_1_910' title='bbox 2698 4402 2748 4463; x_wconf 72' lang='grc'>8,</span> <span class='ocrx_word' id='word_1_911' title='bbox 2784 4402 2885 4472; x_wconf 90' lang='grc' dir='ltr'>οὐχ</span> <span class='ocrx_word' id='word_1_912' title='bbox 2909 4401 2998 4455; x_wconf 75' lang='grc' dir='ltr'>ἵνα</span> <span class='ocrx_word' id='word_1_913' title='bbox 3035 4400 3264 4472; x_wconf 83' lang='grc' dir='ltr'>λυπήσω</span> <span class='ocrx_word' id='word_1_914' title='bbox 3289 4401 3389 4472; x_wconf 81' lang='grc' dir='ltr'>τὴν</span> <span class='ocrx_word' id='word_1_915' title='bbox 3415 4400 3690 4473; x_wconf 86' lang='grc' dir='ltr'>ὑμετέραν</span> 
     </span>
    </p>
   </div>
   <div class='ocr_carea' id='block_1_116' title="bbox 2013 4487 3690 4561">
    <p class='ocr_par' dir='ltr' id='par_1_116' title="bbox 2013 4487 3690 4561">
     <span class='ocr_line' id='line_1_116' title="bbox 2013 4487 3690 4561; baseline 0.001 -20"><span class='ocrx_word' id='word_1_916' title='bbox 2013 4488 2266 4561; x_wconf 85' lang='grc' dir='ltr'>ἀγάπην,</span> <span class='ocrx_word' id='word_1_917' title='bbox 2306 4487 2423 4542; x_wconf 86' lang='grc' dir='ltr'>ἀλλ’</span> <span class='ocrx_word' id='word_1_918' title='bbox 2476 4489 2563 4542; x_wconf 78' lang='grc' dir='ltr'>ἵνα</span> <span class='ocrx_word' id='word_1_919' title='bbox 2608 4488 2863 4561; x_wconf 83' lang='grc' dir='ltr'>διεγείρω</span> <span class='ocrx_word' id='word_1_920' title='bbox 2912 4490 3006 4543; x_wconf 74' lang='grc' dir='ltr'>καὶ</span> <span class='ocrx_word' id='word_1_921' title='bbox 3054 4490 3460 4561; x_wconf 87' lang='grc' dir='ltr'>παρασκευάσω</span> <span class='ocrx_word' id='word_1_922' title='bbox 3482 4527 3499 4553; x_wconf 89' lang='grc'>,</span> <span class='ocrx_word' id='word_1_923' title='bbox 3548 4492 3690 4560; x_wconf 78' lang='grc' dir='ltr'>μήτε</span> 
     </span>
    </p>
   </div>
   <div class='ocr_carea' id='block_1_117' title="bbox 2010 4573 3690 4649">
    <p class='ocr_par' dir='ltr' id='par_1_117' title="bbox 2010 4573 3690 4649">
     <span class='ocr_line' id='line_1_117' title="bbox 2010 4573 3690 4649; baseline 0.002 -20"><span class='ocrx_word' id='word_1_924' title='bbox 2010 4574 2201 4639; x_wconf 87' lang='grc' dir='ltr'>ἀπλῶς</span> <span class='ocrx_word' id='word_1_925' title='bbox 2230 4575 2569 4629; x_wconf 89' lang='grc' dir='ltr'>κατατείνειν</span> <span class='ocrx_word' id='word_1_926' title='bbox 2601 4576 2662 4628; x_wconf 86' lang='grc' dir='ltr'>τὸ</span> <span class='ocrx_word' id='word_1_927' title='bbox 2698 4573 2856 4646; x_wconf 87' lang='grc' dir='ltr'>σῶμα</span> <span class='ocrx_word' id='word_1_928' title='bbox 2884 4579 2950 4647; x_wconf 82' lang='grc' dir='ltr'>τῇ</span> <span class='ocrx_word' id='word_1_929' title='bbox 2981 4577 3229 4649; x_wconf 72' lang='grc' dir='ltr'>νηστείᾳ,</span> <span class='ocrx_word' id='word_1_930' title='bbox 3262 4578 3398 4649; x_wconf 87' lang='grc' dir='ltr'>μήτε</span> <span class='ocrx_word' id='word_1_931' title='bbox 3434 4579 3558 4649; x_wconf 87' lang='grc' dir='ltr'>είκῆ</span> <span class='ocrx_word' id='word_1_932' title='bbox 3594 4595 3690 4632; x_wconf 83' lang='grc' dir='ltr'>κα.</span> 
     </span>
    </p>
   </div>
   <div class='ocr_carea' id='block_1_118' title="bbox 2020 4661 3689 4736">
    <p class='ocr_par' dir='ltr' id='par_1_118' title="bbox 2020 4661 3689 4736">
     <span class='ocr_line' id='line_1_118' title="bbox 2020 4661 3689 4736; baseline 0 -19"><span class='ocrx_word' id='word_1_933' title='bbox 2020 4663 2196 4735; x_wconf 87' lang='grc' dir='ltr'>μάτην</span> <span class='ocrx_word' id='word_1_934' title='bbox 2228 4663 2328 4727; x_wconf 87' lang='grc' dir='ltr'>τάς</span> <span class='ocrx_word' id='word_1_935' title='bbox 2362 4661 2577 4735; x_wconf 85' lang='grc' dir='ltr'>ἡμέρας</span> <span class='ocrx_word' id='word_1_936' title='bbox 2608 4664 2708 4733; x_wconf 88' lang='grc' dir='ltr'>τῆς</span> <span class='ocrx_word' id='word_1_937' title='bbox 2738 4663 2896 4731; x_wconf 91' lang='grc' dir='ltr'>ἀγίας</span> <span class='ocrx_word' id='word_1_938' title='bbox 2925 4665 3371 4736; x_wconf 84' lang='grc' dir='ltr'>τεσσαρακοστῆς</span> <span class='ocrx_word' id='word_1_939' title='bbox 3409 4665 3689 4736; x_wconf 81' lang='grc' dir='ltr'>παρατρέ-</span> 
     </span>
    </p>
   </div>
   <div class='ocr_carea' id='block_1_119' title="bbox 2015 4751 3688 4826">
    <p class='ocr_par' dir='ltr' id='par_1_119' title="bbox 2015 4751 3688 4826">
     <span class='ocr_line' id='line_1_119' title="bbox 2015 4751 3688 4826; baseline 0.004 -22"><span class='ocrx_word' id='word_1_940' title='bbox 2015 4769 2150 4823; x_wconf 86' lang='grc' dir='ltr'>χειν.</span> <span class='ocrx_word' id='word_1_941' title='bbox 2175 4753 2285 4807; x_wconf 82' lang='grc' dir='ltr'>Καὶ</span> <span class='ocrx_word' id='word_1_942' title='bbox 2308 4751 2363 4805; x_wconf 88' lang='grc' dir='ltr'>τί</span> <span class='ocrx_word' id='word_1_943' title='bbox 2386 4752 2529 4821; x_wconf 89' lang='grc' dir='ltr'>λέγω</span> <span class='ocrx_word' id='word_1_944' title='bbox 2556 4752 2652 4816; x_wconf 82' lang='grc' dir='ltr'>τὰς</span> <span class='ocrx_word' id='word_1_945' title='bbox 2673 4752 2888 4824; x_wconf 88' lang='grc' dir='ltr'>ἡμέρας</span> <span class='ocrx_word' id='word_1_946' title='bbox 2911 4753 3010 4823; x_wconf 87' lang='grc' dir='ltr'>τῆς</span> <span class='ocrx_word' id='word_1_947' title='bbox 3039 4754 3200 4823; x_wconf 88' lang='grc' dir='ltr'>ἀγίας</span> <span class='ocrx_word' id='word_1_948' title='bbox 3221 4757 3688 4826; x_wconf 77' lang='grc' dir='ltr'>τεσσαρακοστῆς,</span> 
     </span>
    </p>
   </div>
   <div class='ocr_carea' id='block_1_120' title="bbox 2013 4841 3691 4916">
    <p class='ocr_par' dir='ltr' id='par_1_120' title="bbox 2013 4841 3691 4916">
     <span class='ocr_line' id='line_1_120' title="bbox 2013 4841 3691 4916; baseline 0.003 -22"><span class='ocrx_word' id='word_1_949' title='bbox 2013 4841 2146 4894; x_wconf 82' lang='grc' dir='ltr'>ὅπου</span> <span class='ocrx_word' id='word_1_950' title='bbox 2176 4857 2241 4909; x_wconf 92' lang='grc' dir='ltr'>γε</span> <span class='ocrx_word' id='word_1_951' title='bbox 2272 4841 2422 4911; x_wconf 80' lang='grc' dir='ltr'>ἡμᾶς</span> <span class='ocrx_word' id='word_1_952' title='bbox 2452 4842 2739 4912; x_wconf 89' lang='grc' dir='ltr'>προσήκει,</span> <span class='ocrx_word' id='word_1_953' title='bbox 2771 4842 2909 4913; x_wconf 85' lang='grc' dir='ltr'>μήτε</span> <span class='ocrx_word' id='word_1_954' title='bbox 2936 4842 3063 4912; x_wconf 90' lang='grc' dir='ltr'>μίαν</span> <span class='ocrx_word' id='word_1_955' title='bbox 3096 4843 3233 4907; x_wconf 79' lang='grc' dir='ltr'>ὅλως</span> <span class='ocrx_word' id='word_1_956' title='bbox 3262 4844 3479 4915; x_wconf 80' lang='grc' dir='ltr'>ἡμέραν</span> <span class='ocrx_word' id='word_1_957' title='bbox 3512 4861 3691 4916; x_wconf 82' lang='grc' dir='ltr'>παρα-</span> 
     </span>
    </p>
   </div>
   <div class='ocr_carea' id='block_1_121' title="bbox 2015 4926 3689 5003">
    <p class='ocr_par' dir='ltr' id='par_1_121' title="bbox 2015 4926 3689 5003">
     <span class='ocr_line' id='line_1_121' title="bbox 2015 4926 3689 5003; baseline 0.002 -22"><span class='ocrx_word' id='word_1_958' title='bbox 2015 4926 2353 4999; x_wconf 87' lang='grc' dir='ltr'>πέμπεσθαι,</span> <span class='ocrx_word' id='word_1_959' title='bbox 2377 4929 2426 4981; x_wconf 88' lang='grc' dir='ltr'>εί</span> <span class='ocrx_word' id='word_1_960' title='bbox 2454 4926 2566 4982; x_wconf 78' lang='grc' dir='ltr'>οἶόν</span> <span class='ocrx_word' id='word_1_961' title='bbox 2591 4945 2674 4991; x_wconf 90' lang='grc' dir='ltr'>τε,</span> <span class='ocrx_word' id='word_1_962' title='bbox 2701 4929 2760 4982; x_wconf 88' lang='grc' dir='ltr'>ἐν</span> <span class='ocrx_word' id='word_1_963' title='bbox 2799 4930 2962 4983; x_wconf 74' lang='grc' dir='ltr'>παντὶ</span> <span class='ocrx_word' id='word_1_964' title='bbox 2981 4929 3059 5000; x_wconf 84' lang='grc' dir='ltr'>τῷ</span> <span class='ocrx_word' id='word_1_965' title='bbox 3090 4931 3266 5002; x_wconf 85' lang='grc' dir='ltr'>χρόνῳ</span> <span class='ocrx_word' id='word_1_966' title='bbox 3291 4931 3393 5002; x_wconf 89' lang='grc' dir='ltr'>τῆς</span> <span class='ocrx_word' id='word_1_967' title='bbox 3429 4931 3595 5003; x_wconf 79' lang='grc' dir='ltr'>ζωῆς,</span> <span class='ocrx_word' id='word_1_968' title='bbox 3627 4935 3689 4985; x_wconf 78' lang='grc' dir='ltr'>ἐν</span> 
     </span>
    </p>
   </div>
   <div class='ocr_carea' id='block_1_122' title="bbox 2015 5009 3686 5091">
    <p class='ocr_par' dir='ltr' id='par_1_122' title="bbox 2015 5009 3686 5091">
     <span class='ocr_line' id='line_1_122' title="bbox 2015 5009 3686 5091; baseline -0.023 18"><span class='ocrx_word' id='word_1_969' title='bbox 2015 5009 2050 5090; x_wconf 66' lang='grc' dir='ltr'><strong>ᾖ</strong></span> <span class='ocrx_word' id='word_1_970' title='bbox 2083 5017 2158 5086; x_wconf 71' lang='grc' dir='ltr'><strong>μὴ</strong></span> <span class='ocrx_word' id='word_1_971' title='bbox 2198 5016 2388 5086; x_wconf 63' lang='grc' dir='ltr'>κέρδος</span> <span class='ocrx_word' id='word_1_972' title='bbox 2423 5015 2793 5086; x_wconf 67' lang='grc' dir='ltr'>πνευματεδοδν</span> <span class='ocrx_word' id='word_1_973' title='bbox 2821 5018 3036 5081; x_wconf 72' lang='grc' dir='ltr'>ἑαυτοῖς</span> <span class='ocrx_word' id='word_1_974' title='bbox 3077 5019 3524 5091; x_wconf 70' lang='grc' dir='ltr'>ἐναποτιθέμεθα,</span> <span class='ocrx_word' id='word_1_975' title='bbox 3560 5020 3588 5090; x_wconf 66' lang='grc' dir='ltr'>η</span> <span class='ocrx_word' id='word_1_976' title='bbox 3615 5020 3686 5073; x_wconf 80' lang='grc' dir='ltr'>δι’</span> 
     </span>
    </p>
   </div>
   <div class='ocr_carea' id='block_1_123' title="bbox 2016 5103 3689 5178">
    <p class='ocr_par' dir='ltr' id='par_1_123' title="bbox 2016 5103 3689 5178">
     <span class='ocr_line' id='line_1_123' title="bbox 2016 5103 3689 5178; baseline 0.002 -21"><span class='ocrx_word' id='word_1_977' title='bbox 2016 5103 2201 5173; x_wconf 85' lang='grc' dir='ltr'>εὐχῆς,</span> <span class='ocrx_word' id='word_1_978' title='bbox 2230 5103 2263 5173; x_wconf 78' lang='grc' dir='ltr'>ἡ</span> <span class='ocrx_word' id='word_1_979' title='bbox 2287 5103 2354 5156; x_wconf 78' lang='grc' dir='ltr'>δι’</span> <span class='ocrx_word' id='word_1_980' title='bbox 2379 5103 2843 5175; x_wconf 82' lang='grc' dir='ltr'>ἐξομολογήσεως,</span> <span class='ocrx_word' id='word_1_981' title='bbox 2875 5104 2908 5175; x_wconf 79' lang='grc' dir='ltr'>ἡ</span> <span class='ocrx_word' id='word_1_982' title='bbox 2941 5105 3009 5158; x_wconf 82' lang='grc' dir='ltr'>δι’</span> <span class='ocrx_word' id='word_1_983' title='bbox 3036 5106 3302 5171; x_wconf 85' lang='grc' dir='ltr'>εὐποιίας,</span> <span class='ocrx_word' id='word_1_984' title='bbox 3335 5107 3368 5177; x_wconf 84' lang='grc' dir='ltr'>ἡ</span> <span class='ocrx_word' id='word_1_985' title='bbox 3400 5108 3467 5161; x_wconf 87' lang='grc' dir='ltr'>δι’</span> <span class='ocrx_word' id='word_1_986' title='bbox 3496 5109 3689 5178; x_wconf 83' lang='grc' dir='ltr'>ἐτέρας</span> 
     </span>
    </p>
   </div>
   <div class='ocr_carea' id='block_1_124' title="bbox 2014 5190 3688 5265">
    <p class='ocr_par' dir='ltr' id='par_1_124' title="bbox 2014 5190 3688 5265">
     <span class='ocr_line' id='line_1_124' title="bbox 2014 5190 3688 5265; baseline 0.003 -22"><span class='ocrx_word' id='word_1_987' title='bbox 2014 5192 2158 5254; x_wconf 82' lang='grc' dir='ltr'>τινὸς</span> <span class='ocrx_word' id='word_1_988' title='bbox 2189 5190 2450 5261; x_wconf 90' lang='grc' dir='ltr'>ἐργασίας</span> <span class='ocrx_word' id='word_1_989' title='bbox 2480 5193 2887 5263; x_wconf 77' lang='grc' dir='ltr'>πνευματικῆςς</span> <span class='ocrx_word' id='word_1_990' title='bbox 2930 5194 2990 5245; x_wconf 75' lang='lat' dir='ltr'>Ei</span> <span class='ocrx_word' id='word_1_991' title='bbox 3019 5192 3127 5265; x_wconf 84' lang='lat'>7&amp;9</span> <span class='ocrx_word' id='word_1_992' title='bbox 3151 5194 3361 5259; x_wconf 84' lang='grc' dir='ltr'>Παῦλος</span> <span class='ocrx_word' id='word_1_993' title='bbox 3386 5198 3414 5250; x_wconf 90' lang='grc' dir='ltr'>ὁ</span> <span class='ocrx_word' id='word_1_994' title='bbox 3434 5195 3688 5261; x_wconf 82' lang='grc' dir='ltr'>τοσοῦτος</span> 
     </span>
    </p>
   </div>
   <div class='ocr_carea' id='block_1_125' title="bbox 2015 5278 3690 5353">
    <p class='ocr_par' dir='ltr' id='par_1_125' title="bbox 2015 5278 3690 5353">
     <span class='ocr_line' id='line_1_125' title="bbox 2015 5278 3690 5353; baseline 0.004 -22"><span class='ocrx_word' id='word_1_995' title='bbox 2015 5279 2110 5332; x_wconf 82' lang='grc' dir='ltr'>καὶ</span> <span class='ocrx_word' id='word_1_996' title='bbox 2138 5278 2473 5348; x_wconf 86' lang='grc' dir='ltr'>τηλικοῦτος,</span> <span class='ocrx_word' id='word_1_997' title='bbox 2508 5280 2536 5333; x_wconf 91' lang='lat'>6</span> <span class='ocrx_word' id='word_1_998' title='bbox 2562 5279 2631 5331; x_wconf 87' lang='grc' dir='ltr'>τά</span> <span class='ocrx_word' id='word_1_999' title='bbox 2658 5280 2872 5351; x_wconf 77' lang='grc' dir='ltr'>ἄρρητα</span> <span class='ocrx_word' id='word_1_1000' title='bbox 2901 5278 3016 5351; x_wconf 84' lang='grc'>[87]</span> <span class='ocrx_word' id='word_1_1001' title='bbox 3048 5282 3232 5335; x_wconf 85' lang='grc' dir='ltr'>ἐκεῖνα</span> <span class='ocrx_word' id='word_1_1002' title='bbox 3267 5283 3488 5353; x_wconf 77' lang='grc' dir='ltr'>ῥήματα</span> <span class='ocrx_word' id='word_1_1003' title='bbox 3523 5284 3690 5337; x_wconf 90' lang='grc' dir='ltr'>ἀκού-</span> 
     </span>
    </p>
   </div>
   <div class='ocr_carea' id='block_1_126' title="bbox 2017 5361 3685 5437">
    <p class='ocr_par' dir='ltr' id='par_1_126' title="bbox 2017 5361 3685 5437">
     <span class='ocr_line' id='line_1_126' title="bbox 2017 5361 3685 5437; baseline 0.004 -23"><span class='ocrx_word' id='word_1_1004' title='bbox 2017 5379 2117 5425; x_wconf 93' lang='grc' dir='ltr'>σας</span> <span class='ocrx_word' id='word_1_1005' title='bbox 2140 5402 2155 5427; x_wconf 93' lang='grc'>,</span> <span class='ocrx_word' id='word_1_1006' title='bbox 2205 5361 2241 5415; x_wconf 79' lang='grc' dir='ltr'>ἃ</span> <span class='ocrx_word' id='word_1_1007' title='bbox 2271 5363 2434 5433; x_wconf 87' lang='grc' dir='ltr'>μέχρι</span> <span class='ocrx_word' id='word_1_1008' title='bbox 2486 5361 2587 5432; x_wconf 85' lang='grc' dir='ltr'>τῆς</span> <span class='ocrx_word' id='word_1_1009' title='bbox 2623 5364 2860 5434; x_wconf 87' lang='grc' dir='ltr'>σήμερον</span> <span class='ocrx_word' id='word_1_1010' title='bbox 2889 5363 3064 5428; x_wconf 75' lang='grc' dir='ltr'>οὐδεὶς</span> <span class='ocrx_word' id='word_1_1011' title='bbox 3094 5363 3264 5433; x_wconf 78' lang='grc' dir='ltr'>ἔγνω,</span> <span class='ocrx_word' id='word_1_1012' title='bbox 3313 5368 3441 5420; x_wconf 81' lang='grc' dir='ltr'>ἐϐόα</span> <span class='ocrx_word' id='word_1_1013' title='bbox 3471 5366 3645 5437; x_wconf 83' lang='grc' dir='ltr'>λέγων</span> <span class='ocrx_word' id='word_1_1014' title='bbox 3671 5384 3685 5397; x_wconf 86' lang='grc'>·</span> 
     </span>
    </p>
   </div>
   <div class='ocr_carea' id='block_1_127' title="bbox 2015 5444 3691 5519">
    <p class='ocr_par' dir='ltr' id='par_1_127' title="bbox 2015 5444 3691 5519">
     <span class='ocr_line' id='line_1_127' title="bbox 2015 5444 3691 5519; baseline 0.003 -19"><span class='ocrx_word' id='word_1_1015' title='bbox 2015 5446 2154 5500; x_wconf 83' lang='grc' dir='ltr'>Καθ’</span> <span class='ocrx_word' id='word_1_1016' title='bbox 2182 5444 2452 5507; x_wconf 69' lang='grc' dir='ltr'>ἑκάστην</span> <span class='ocrx_word' id='word_1_1017' title='bbox 2481 5445 2708 5515; x_wconf 78' lang='grc' dir='ltr'>ἡμέραν</span> <span class='ocrx_word' id='word_1_1018' title='bbox 2735 5446 3119 5514; x_wconf 77' lang='grc' dir='ltr'>ἀποθνήσκω,</span> <span class='ocrx_word' id='word_1_1019' title='bbox 3149 5449 3229 5515; x_wconf 80' lang='grc' dir='ltr'>νὴ</span> <span class='ocrx_word' id='word_1_1020' title='bbox 3258 5449 3372 5518; x_wconf 80' lang='grc' dir='ltr'>τὴν</span> <span class='ocrx_word' id='word_1_1021' title='bbox 3397 5452 3691 5519; x_wconf 74' lang='grc' dir='ltr'>ὑμετέραν</span> 
     </span>
    </p>
   </div>
   <div class='ocr_carea' id='block_1_128' title="bbox 2015 5528 3689 5599">
    <p class='ocr_par' dir='ltr' id='par_1_128' title="bbox 2015 5528 3689 5599">
     <span class='ocr_line' id='line_1_128' title="bbox 2015 5528 3689 5599; baseline 0.005 -18"><span class='ocrx_word' id='word_1_1022' title='bbox 2015 5529 2351 5597; x_wconf 77' lang='grc' dir='ltr'>καύχησιν·</span> <span class='ocrx_word' id='word_1_1023' title='bbox 2383 5528 2653 5582; x_wconf 85' lang='grc' dir='ltr'>διδάσκων</span> <span class='ocrx_word' id='word_1_1024' title='bbox 2682 5530 2850 5599; x_wconf 79' lang='grc' dir='ltr'>ἡμᾶς,</span> <span class='ocrx_word' id='word_1_1025' title='bbox 2884 5530 2966 5583; x_wconf 82' lang='grc' dir='ltr'>ὅτι</span> <span class='ocrx_word' id='word_1_1026' title='bbox 2997 5530 3169 5596; x_wconf 81' lang='grc' dir='ltr'>οὑτως</span> <span class='ocrx_word' id='word_1_1027' title='bbox 3200 5533 3395 5586; x_wconf 76' lang='grc' dir='ltr'>ἐαυτὸν</span> <span class='ocrx_word' id='word_1_1028' title='bbox 3433 5536 3546 5597; x_wconf 85' lang='grc' dir='ltr'>τοῖς</span> <span class='ocrx_word' id='word_1_1029' title='bbox 3575 5551 3689 5589; x_wconf 88' lang='grc' dir='ltr'>κιν-</span> 
     </span>
    </p>
   </div>
   <div class='ocr_carea' id='block_1_129' title="bbox 2014 5609 3689 5690">
    <p class='ocr_par' dir='ltr' id='par_1_129' title="bbox 2014 5609 3689 5690">
     <span class='ocr_line' id='line_1_129' title="bbox 2014 5609 3689 5690; baseline 0.007 -28"><span class='ocrx_word' id='word_1_1030' title='bbox 2014 5609 2190 5674; x_wconf 89' lang='grc' dir='ltr'>δύνοις</span> <span class='ocrx_word' id='word_1_1031' title='bbox 2216 5613 2329 5675; x_wconf 81' lang='grc' dir='ltr'>τοῖς</span> <span class='ocrx_word' id='word_1_1032' title='bbox 2359 5611 2499 5684; x_wconf 83' lang='grc' dir='ltr'>ὑπὲρ</span> <span class='ocrx_word' id='word_1_1033' title='bbox 2527 5613 2629 5683; x_wconf 89' lang='grc' dir='ltr'>τῆς</span> <span class='ocrx_word' id='word_1_1034' title='bbox 2652 5611 2934 5676; x_wconf 87' lang='grc' dir='ltr'>εὐσεϐείας</span> <span class='ocrx_word' id='word_1_1035' title='bbox 2961 5613 3217 5679; x_wconf 81' lang='grc' dir='ltr'>ἐξεδίδου,</span> <span class='ocrx_word' id='word_1_1036' title='bbox 3245 5616 3323 5680; x_wconf 85' lang='grc' dir='ltr'>ὡς</span> <span class='ocrx_word' id='word_1_1037' title='bbox 3356 5617 3488 5690; x_wconf 83' lang='grc' dir='ltr'>παρ’</span> <span class='ocrx_word' id='word_1_1038' title='bbox 3522 5619 3689 5673; x_wconf 81' lang='grc' dir='ltr'>αὑτὸν</span> 
     </span>
    </p>
   </div>
   <div class='ocr_carea' id='block_1_130' title="bbox 2081 5716 3692 5793">
    <p class='ocr_par' dir='ltr' id='par_1_130' title="bbox 2081 5716 3692 5793">
     <span class='ocr_line' id='line_1_130' title="bbox 2081 5716 3692 5793; baseline 0.003 -26"><span class='ocrx_word' id='word_1_1039' title='bbox 2081 5730 2109 5793; x_wconf 59' lang='grc' dir='ltr'><strong><em>ξ</em></strong></span> <span class='ocrx_word' id='word_1_1040' title='bbox 2133 5716 2623 5793; x_wconf 40' lang='grc' dir='ltr'>(ἰοίειίηκέπτρηκώς.</span> <span class='ocrx_word' id='word_1_1041' title='bbox 2650 5717 2777 5793; x_wconf 82' lang='lat' dir='ltr'>ln|&#39;_ra</span> <span class='ocrx_word' id='word_1_1042' title='bbox 2801 5718 2934 5793; x_wconf 61' lang='grc' dir='ltr'>(ξομ).</span> <span class='ocrx_word' id='word_1_1043' title='bbox 2951 5733 3077 5793; x_wconf 64' lang='grc' dir='ltr'>υηιιε</span> <span class='ocrx_word' id='word_1_1044' title='bbox 3096 5726 3145 5769; x_wconf 85' lang='lat' dir='ltr'>el</span> <span class='ocrx_word' id='word_1_1045' title='bbox 3169 5720 3379 5793; x_wconf 50' lang='grc' dir='ltr'>(ἶοξξιξῃζ</span> <span class='ocrx_word' id='word_1_1046' title='bbox 3393 5722 3560 5793; x_wconf 55' lang='grc' dir='ltr'>έαυτὲί</span> <span class='ocrx_word' id='word_1_1047' title='bbox 3576 5743 3692 5793; x_wconf 69' lang='grc' dir='ltr'>πριι-</span> 
     </span>
    </p>
   </div>
   <div class='ocr_carea' id='block_1_131' title="bbox 2015 5779 2391 5912">
    <p class='ocr_par' dir='ltr' id='par_1_131' title="bbox 2015 5779 2391 5912">
     <span class='ocr_line' id='line_1_131' title="bbox 2015 5779 2391 5886; baseline 0.003 -60"><span class='ocrx_word' id='word_1_1048' title='bbox 2015 5779 2185 5848; x_wconf 71' lang='grc' dir='ltr'>δεύσῃ,</span> <span class='ocrx_word' id='word_1_1049' title='bbox 2209 5791 2320 5886; x_wconf 53' lang='lat' dir='ltr'>gum</span> <span class='ocrx_word' id='word_1_1050' title='bbox 2345 5780 2391 5827; x_wconf 85' lang='lat' dir='ltr'>le</span> 
     </span>
     <span class='ocr_line' id='line_1_132' title="bbox 2018 5840 2391 5912; baseline 0 0"><span class='ocrx_word' id='word_1_1051' title='bbox 2018 5840 2165 5912; x_wconf 61' lang='grc' dir='ltr'>ωδξου</span> <span class='ocrx_word' id='word_1_1052' title='bbox 2188 5856 2214 5912; x_wconf 76' lang='grc' dir='ltr'>Ὲ</span> <span class='ocrx_word' id='word_1_1053' title='bbox 2236 5858 2267 5912; x_wconf 63' lang='lat' dir='ltr'>.v</span> <span class='ocrx_word' id='word_1_1054' title='bbox 2290 5842 2391 5902; x_wconf 79' lang='grc' dir='ltr'>λογ·</span> 
     </span>
    </p>
   </div>
   <div class='ocr_carea' id='block_1_132' title="bbox 2018 5902 2339 5952">
    <p class='ocr_par' dir='ltr' id='par_1_132' title="bbox 2018 5902 2339 5952">
     <span class='ocr_line' id='line_1_133' title="bbox 2018 5902 2339 5952; baseline 0.016 -5"><span class='ocrx_word' id='word_1_1055' title='bbox 2018 5902 2174 5950; x_wconf 80' lang='grc' dir='ltr'>τοίνυν</span> <span class='ocrx_word' id='word_1_1056' title='bbox 2197 5902 2339 5952; x_wconf 79' lang='grc' dir='ltr'>λέγω.</span> 
     </span>
    </p>
   </div>
   <div class='ocr_carea' id='block_1_133' title="bbox 2278 5778 3687 5849">
    <p class='ocr_par' dir='ltr' id='par_1_133' title="bbox 2278 5778 3687 5849">
     <span class='ocr_line' id='line_1_134' title="bbox 2278 5778 3687 5849; baseline 0.006 -22"><span class='ocrx_word' id='word_1_1057' title='bbox 2278 5794 2320 5849; x_wconf 57' lang='grc' dir='ltr'>ιβ</span> <span class='ocrx_word' id='word_1_1058' title='bbox 2345 5778 2618 5849; x_wconf 41' lang='lat' dir='ltr'>lecli9~non</span> <span class='ocrx_word' id='word_1_1059' title='bbox 2643 5780 2939 5849; x_wconf 24' lang='lat' dir='ltr'>manuum;</span> <span class='ocrx_word' id='word_1_1060' title='bbox 2963 5785 3072 5828; x_wconf 80' lang='lat' dir='ltr'>octo</span> <span class='ocrx_word' id='word_1_1061' title='bbox 3096 5795 3195 5849; x_wconf 63' lang='lat' dir='ltr'>mss</span> <span class='ocrx_word' id='word_1_1062' title='bbox 3223 5784 3341 5849; x_wconf 62' lang='grc' dir='ltr'>ἀλλ’</span> <span class='ocrx_word' id='word_1_1063' title='bbox 3359 5786 3436 5833; x_wconf 86' lang='grc' dir='ltr'>ῖνα</span> <span class='ocrx_word' id='word_1_1064' title='bbox 3452 5788 3687 5849; x_wconf 70' lang='grc' dir='ltr'>παιδεύσῃ</span> 
     </span>
    </p>
   </div>
   <div class='ocr_carea' id='block_1_134' title="bbox 2461 5840 3691 5908">
    <p class='ocr_par' dir='ltr' id='par_1_134' title="bbox 2461 5840 3691 5908">
     <span class='ocr_line' id='line_1_135' title="bbox 2461 5840 3691 5908; baseline 0.002 -16"><span class='ocrx_word' id='word_1_1065' title='bbox 2461 5840 2482 5880; x_wconf 66' lang='grc'>⁸</span> <span class='ocrx_word' id='word_1_1066' title='bbox 2494 5842 2600 5893; x_wconf 72' lang='lat' dir='ltr'>Sex</span> <span class='ocrx_word' id='word_1_1067' title='bbox 2623 5853 2739 5889; x_wconf 83' lang='lat' dir='ltr'><strong>mss.</strong></span> <span class='ocrx_word' id='word_1_1068' title='bbox 2753 5841 2893 5889; x_wconf 83' lang='grc' dir='ltr'>τέκνα</span> <span class='ocrx_word' id='word_1_1069' title='bbox 2912 5842 3151 5902; x_wconf 85' lang='grc' dir='ltr'>ἀγαπητά.</span> <span class='ocrx_word' id='word_1_1070' title='bbox 3219 5846 3246 5884; x_wconf 70' lang='grc' dir='ltr'><strong><em>κ</em></strong></span> <span class='ocrx_word' id='word_1_1071' title='bbox 3257 5845 3383 5908; x_wconf 75' lang='lat' dir='ltr'>Reg.</span> <span class='ocrx_word' id='word_1_1072' title='bbox 3397 5859 3522 5895; x_wconf 88' lang='lat' dir='ltr'>unus</span> <span class='ocrx_word' id='word_1_1073' title='bbox 3538 5840 3691 5896; x_wconf 75' lang='grc' dir='ltr'>ταύτᾶ</span> 
     </span>
    </p>
   </div>
  </div>
