4018 6136
398 268 473 325 93
1544 266 1608 322 IN
1646 266 1794 324 CAP.
1837 266 1878 322 1.
1917 264 2158 323 GENES.
2199 269 2425 331 IlOMlL.
2468 276 2560 333 XI.
3604 282 3675 338 ï¬‚

398 392 498 449 tet,
538 380 634 437 sed
666 381 719 437 in
746 380 1030 437 utilitatem
1057 389 1111 439 et
1136 380 1339 436 lucrum
1368 390 1566 439 nostra:
1592 382 1798 437 salutis.
1846 379 1979 435 Nam

398 473 444 528 si
472 473 506 527 ii
538 473 626 542 qui
656 472 1007 529 sweularibus
1034 472 1260 541 negotiis
1285 470 1448 527 dediti
1475 480 1632 535 sunt,
1672 471 1861 527 adduci
1889 485 1984 527 ne-

396 572 633 632 queant.
676 573 735 617 ut
771 577 885 617 rem
917 562 1146 631 aliquam
1171 561 1448 631 incipiant,
1478 562 1580 616 nisi
1611 561 1758 632 prius
1784 560 1983 632 aliquid

402 658 532 711 lucri
562 656 807 711 suboleat
834 670 847 707 :
877 654 1045 707 multo
1075 653 1241 721 magis
1279 653 1481 722 justum
1521 661 1635 718 est,
1670 662 1727 708 ut
1755 667 1854 708 nos
1884 654 1985 708 hoc

402 748 692 812 faciamus,
737 759 912 815 neque
958 745 1028 799 ita
1074 742 1384 812 simpliciter
1406 743 1731 814 jejuniorum
1776 743 1981 800 hebdo-

396 837 567 892 mada:
592 845 913 908 praetereant
941 875 956 900 ,
997 834 1091 889 sed
1118 843 1419 888 scrutemur
1443 848 1595 888 suam
1623 835 1819 903 quique
1855 848 1985 889 enn-

396 927 673 981 scientiam
700 966 715 989 ,
762 933 817 978 et
845 925 1106 977 rationem
1137 923 1531 987 examinemus,
1559 924 1985 979 consideremus-

396 1032 502 1087 que
522 1059 537 1082 ,
565 1014 816 1085 quidnam
845 1013 896 1068 in
929 1012 1028 1068 hac
1054 1012 1384 1068 hcbdomada
1428 1014 1594 1083 probe
1619 1023 1794 1068 actum
1816 1054 1830 1079 ,
1855 1013 1981 1083 quid

400 1109 451 1161 in
481 1108 603 1173 alia,
632 1118 681 1161 et
706 1104 863 1175 quale
878 1114 1221 1174 augmentum
1248 1106 1613 1173 acceperimus
1640 1106 1690 1157 in
1716 1104 1978 1174 sequenti,

399 1214 530 1267 quas
571 1200 621 1252 in
663 1196 815 1251 nobis
855 1194 1165 1252 affectiones
1206 1197 1553 1255 correximus.
1606 1196 1715 1249 Nisi
1742 1197 1884 1251 enim
1914 1197 1981 1249 ita

398 1290 561 1342 vitam
618 1297 853 1341 nostram
910 1286 1336 1351 instituerimus,
1394 1301 1746 1355 magnamque
1792 1286 1985 1340 animze

400 1388 599 1434 nostra:
630 1391 812 1433 curam
844 1378 1188 1447 gesserimus,
1236 1376 1365 1431 nihil
1396 1376 1549 1431 nobis
1574 1376 1690 1430 usui
1718 1376 1820 1431 erit
1846 1376 1986 1445 jeju-

399 1472 569 1536 nium,
601 1469 680 1523 vel
710 1468 882 1523 inedia
908 1484 1064 1538 quam
1092 1469 1404 1532 toleramus,
1438 1468 1731 1538 praesertim
1761 1468 1806 1523 si
1834 1483 1983 1523 com-

399 1563 536 1632 perti
593 1560 848 1616 fuerimus
899 1560 1178 1615 inferiores
1231 1560 1295 1615 iis
1345 1562 1436 1631 qui
1490 1570 1693 1614 tantum
1750 1560 1982 1615 studium

400 1651 714 1721 enlligendis
742 1648 934 1721 Opibus
972 1650 1287 1721 impendunt
1328 1670 1339 1704 :
1383 1644 1583 1705 nullum
1624 1653 1765 1706 enim
1794 1651 1983 1705 horum

400 1743 662 1808 invenies,
693 1740 782 1812 qui
807 1757 911 1796 non
939 1757 1145 1797 summa
1163 1742 1430 1811 vigilantia
1456 1742 1680 1809 laboret,
1711 1758 1817 1813 quo
1841 1745 1983 1813 prio-

399 1834 548 1888 ribus
564 1833 796 1904 quotidie
821 1832 1017 1903 aliquid
1040 1833 1272 1903 adjiciat,
1292 1834 1446 1904 etqui
1465 1849 1713 1903 umquam
1730 1834 1983 1891 satietur:

400 1925 493 1981 sed
531 1934 730 1996 quanto
769 1922 1074 1980 facultatum
1120 1926 1291 1995 major
1317 1936 1400 1981 est
1428 1927 1702 1992 accessio,
1747 1936 1896 1982 tanto
1933 1937 1987 1982 et

400 2030 586 2070 curam
618 2023 672 2068 et
714 2013 949 2070 studium
979 2031 1133 2070 suum
1174 2017 1402 2084 amplius
1446 2015 1692 2071 intendit.
1749 2017 1900 2085 Quod
1941 2018 1985 2073 si

402 2104 490 2159 ubi
519 2104 753 2159 studium
780 2116 861 2160 est
888 2103 1073 2160 inutile
1092 2146 1108 2173 ,
1140 2116 1194 2161 et
1219 2100 1418 2161 divitiae
1447 2122 1845 2178 nonnumquam
1874 2123 1985 2162 ma-

399 2208 562 2265 gnam
593 2194 779 2249 salutis
802 2196 994 2249 animae
1029 2193 1289 2265 jacturam
1329 2194 1590 2262 afferunt,
1638 2206 1783 2252 tanta
1811 2208 1984 2254 tamen

401 2287 670 2358 vigilantia
702 2302 789 2342 res
831 2296 1090 2357 aguntur,
1145 2288 1413 2357 quomodo
1461 2304 1565 2342 non
1612 2290 1780 2343 multo
1820 2290 1987 2360 magis

401 2379 544 2434 istud
587 2389 672 2435 est
719 2380 1055 2446 faciendum,
1103 2380 1190 2435 ubi
1235 2379 1523 2450 diligentia:
1562 2381 1723 2436 multa
1752 2381 1989 2436 succedit

401 2471 604 2526 utilitas
627 2513 644 2537 ,
671 2468 1057 2542 ineffabiiisque
1081 2485 1289 2527 merces
1314 2486 1376 2526 ac
1401 2471 1604 2527 lucrum
1634 2474 1988 2527 immensum?

402 2562 535 2618 Nam
562 2562 670 2617 illic
710 2563 923 2632 quidem
949 2573 1145 2633 praeter
1175 2562 1288 2618 haec
1313 2561 1493 2617 omnia
1520 2562 1678 2618 fluxa:
1701 2563 1986 2618 admodum

403 2663 457 2707 ct
485 2650 703 2707 incertae
729 2651 927 2707 divitia:
947 2693 963 2718 ,
1012 2651 1275 2707 instabilis
1311 2651 1653 2720 pecuniarum
1682 2653 1985 2723 possessio:

403 2757 510 2796 non
538 2743 710 2796 solum
740 2741 902 2812 quod,
934 2741 1245 2797 imminente
1273 2750 1463 2807 morte,
1497 2742 1624 2812 ipsze
1651 2742 1739 2797 hic
1768 2758 1989 2798 manen-

406 2842 507 2899 tes,
534 2832 735 2888 nullam
758 2835 836 2888 eis
857 2834 945 2904 qui
966 2833 1082 2887 illas
1098 2833 1363 2903 collegere
1382 2833 1660 2889 utilitatem
1681 2834 1985 2890 conferant:

402 2922 497 2977 sed
526 2924 683 2978 etiam
712 2922 852 2993 quod
882 2924 1222 2978 manentibus
1253 2922 1338 2977 hic
1361 2923 1597 2994 pecuniis
1620 2964 1634 2990 ,
1667 2939 1858 2995 magna
1899 2940 1985 2982 se.

404 3014 627 3069 veritate
677 3021 936 3085 cogentur
975 3012 1042 3069 de
1091 3014 1218 3084 ipsis
1262 3013 1386 3069 alibi
1432 3013 1697 3069 rationem
1740 3014 1983 3071 reddere.

402 3104 562 3174 Szepe
602 3120 811 3175 quoque
850 3103 1042 3160 accidit
1091 3112 1148 3158 ut
1192 3115 1317 3159 ante
1360 3113 1586 3160 mortem
1628 3114 1748 3175 post
1794 3107 1990 3161 multos

405 3193 615 3249 labores
638 3237 653 3261 ,
712 3205 766 3250 et
793 3194 1045 3260 sudores,
1091 3204 1249 3264 atque
1271 3210 1557 3260 aerumnas,
1586 3197 1735 3265 quasi
1762 3196 1989 3265 procella

405 3285 633 3355 quadam
676 3285 951 3356 ingruente
994 3284 1327 3355 negotiorum
1372 3283 1725 3355 difficultate,
1770 3296 1991 3359 repente

405 3379 497 3448 qui
547 3377 800 3447 plurimas
843 3378 1155 3447 possidebat
1210 3376 1453 3444 divitias,
1504 3378 1591 3433 vel
1638 3380 1991 3449 pauperrimis

407 3473 574 3525 factus
620 3471 689 3524 sit
736 3470 1034 3540 pauperior.
1086 3469 1271 3537 Qualia
1315 3469 1533 3539 singulis
1577 3469 1765 3525 diebus
1811 3471 1992 3527 videre

404 3562 681 3633 enutingit.
738 3562 896 3628 Atqui
945 3562 996 3615 in
1038 3561 1296 3631 spirituali
1329 3560 1689 3631 negotiatione
1717 3561 1847 3616 nihil
1889 3563 1992 3618 tale

407 3653 801 3709 formidandum
831 3669 1077 3724 umquam
1110 3670 1124 3707 :
1154 3652 1360 3707 stabilis
1396 3653 1536 3708 enim
1581 3653 1665 3706 illa
1692 3663 1747 3708 et
1773 3654 1991 3709 immota

410 3756 624 3812 tuanet,
666 3754 720 3801 et
749 3746 834 3801 ubi
862 3761 925 3801 ea
952 3745 1178 3799 multum
1224 3759 1482 3814 egemus,
1526 3743 1595 3797 ibi
1644 3744 1711 3798 ab
1759 3745 1846 3799 illa
1878 3745 1992 3816 ipsa

409 3837 634 3891 multum
663 3835 1038 3891 consolationis
1066 3834 1370 3904 accipimus.

482 3928 535 3981 '5.
571 3925 719 3980 Nihil
752 3926 953 3995 prodest
987 3925 1280 3995 jejunium,
1314 3942 1470 3993 neque
1507 3926 1680 3980 concio
1718 3927 1826 3981 sine
1855 3926 1995 3981 bonis

411 4020 660 4089 operibus.
694 4048 764 4058 â€”
792 4018 952 4088 igitur
980 4017 1105 4071 dum
1149 4025 1360 4086 tempus
1405 4016 1697 4083 habemus,
1743 4018 1991 4084 obsecro,

415 4111 497 4165 vel
522 4110 710 4165 saltem
736 4107 787 4164 id
818 4107 973 4164 studii
1002 4106 1372 4178 impendamus
1398 4107 1760 4177 spiritualibus
1803 4110 1995 4163 merci-

414 4204 513 4258 bus
540 4201 950 4272 conquirendis,
993 4200 1135 4271 quod
1166 4200 1255 4254 alii
1297 4202 1348 4254 in
1398 4200 1663 4270 perituras
1690 4199 1993 4264 collocant;

415 4308 587 4365 neque
612 4293 679 4348 ab
724 4292 825 4347 hac
869 4272 1222 4347 sollicitudine
1261 4303 1567 4357 cessemus,
1610 4290 1654 4345 si
1697 4299 1840 4346 recte
1870 4288 1997 4361 quid

414 4392 591 4439 actum
636 4382 830 4447 fuerit,
865 4382 947 4435 vel
993 4382 1037 4435 si
1080 4381 1307 4450 aliquam
1337 4379 1677 4435 all'ectionum
1704 4380 1858 4436 nobis
1882 4397 1999 4436 mo-

417 4475 671 4530 lestarum
704 4489 891 4543 magna
919 4472 1183 4542 vigilantia
1223 4471 1680 4542 profligaverimus
1704 4512 1717 4535 ,
1763 4480 1822 4525 ut
1866 4486 1998 4526 con-

416 4568 652 4623 scienti-e
682 4566 822 4620 bono
852 4565 1093 4619 instructi
1133 4564 1436 4617 testimonio
1460 4605 1474 4630 ,
1508 4563 1814 4632 multiplicis
1852 4564 2002 4618 volu-

421 4663 576 4732 ptatis
606 4660 831 4716 fructum
860 4659 1236 4729 percipiamus.
1289 4656 1469 4725 Neque
1498 4656 1640 4711 enim
1679 4656 1781 4710 hoc
1825 4655 1999 4711 solum

419 4753 675 4823 quaeritur
695 4793 708 4817 ,
736 4760 792 4805 ut
820 4750 921 4806 huc
946 4749 1181 4820 quotidie
1202 4747 1608 4813 conveniamus,
1636 4757 1690 4802 et
1716 4748 1782 4803 de
1813 4748 2000 4803 iisdem

420 4848 674 4906 continuo
721 4830 1032 4908 audiamus,
1079 4851 1133 4897 et
1177 4858 1272 4911 per
1317 4849 1481 4895 totam
1528 4839 1999 4910 Quadragesimam

415 4938 738 5008 jejunemus.
789 4934 1227 5004 Quandoquidem
1259 4934 1302 4989 si
1332 4933 1550 4988 nihilex
1583 4931 1845 5002 frequenti
1871 4948 2002 4987 con-

420 5036 582 5081 ventu
635 5034 690 5080 et
743 5025 1139 5089 admonitione,
1197 5033 1355 5093 atque
1406 5037 1474 5077 ex
1520 5022 1723 5092 jejunii
1766 5032 2005 5091 tempore

423 5119 615 5172 animae
640 5126 838 5171 nostra:
862 5117 1052 5171 lucrati
1084 5111 1359 5180 fuerimus,
1397 5122 1523 5168 tunc
1548 5129 1652 5168 non
1675 5115 1846 5169 solum
1875 5113 2005 5169 nihil

423 5208 666 5262 utilitatis
692 5204 914 5261 afferent
939 5205 1075 5270 haec,
1105 5204 1199 5259 sed
1229 5214 1282 5258 et
1308 5204 1526 5273 majoris
1549 5202 2008 5259 condemnationis

425 5297 635 5352 occasio
660 5305 816 5352 erunt
840 5337 854 5363 ,
882 5297 925 5350 si
951 5296 1165 5367 quidem
1198 5304 1338 5349 tanta
1360 5294 1528 5349 curati
1551 5292 1818 5363 diligentia
1847 5293 2006 5349 iidem

424 5401 835 5459 permaneamus
856 5426 874 5455 ,
905 5397 955 5442 et
985 5388 1029 5441 si
1060 5401 1233 5455 neque
1264 5383 1549 5440 iracundus
1578 5384 1667 5438 fiat
1693 5384 1835 5440 mitis
1859 5426 1873 5452 ,
1906 5400 2006 5441 ne-

428 5492 532 5547 que
559 5476 981 5547 indignabundus
1008 5476 1059 5530 in
1079 5476 1535 5530 mansuetudinem
1556 5488 1613 5528 se
1628 5483 1819 5541 vertat,
1838 5490 2010 5544 neque

433 5567 640 5622 invidus
667 5568 717 5621 in
750 5566 1171 5622 benevolentiam
1204 5580 1261 5621 se
1288 5565 1590 5630 transferat,
1623 5582 1794 5636 nequc
1820 5567 2009 5621 insano

434 5658 731 5715 divitiarum
775 5673 957 5715 amore
1003 5669 1279 5730 correptus
1325 5657 1547 5715 desistat
1593 5657 1661 5714 ab
1704 5656 1930 5723 affectu,
1958 5668 2012 5714 et

2096 384 2450 460 eleemosynis
2470 393 2845 463 dispertiendis
2861 404 2914 451 et
2939 396 3145 455 alendis
3164 397 3481 468 pauperibus
3497 408 3670 464 vacet.

2091 492 2263 547 neque
2286 480 2647 552 intemperans
2676 495 2855 541 castus
2881 486 3089 554 evadat,
3116 504 3288 559 neque
3310 504 3457 543 vana:
3482 489 3671 559 gloriae

2088 568 2359 626 studiosus
2383 572 2525 627 illam
2567 583 2944 641 contemnere,
2990 587 3046 632 et
3072 593 3250 633 veram
3273 578 3498 649 gloriam
3523 583 3671 636 desi-

2087 658 2278 716 derare
2305 663 2493 730 discat,
2522 679 2694 736 neque
2719 668 2956 724 caritatis
2985 668 3036 724 in
3058 670 3357 740 proximum
3377 674 3672 745 negligens,

2090 752 2322 819 scipsum
2348 755 2587 809 excitans
2612 758 2703 811 det
2730 771 2978 826 operam,
3012 770 3070 814 Î¹Î¹Î¹
3100 775 3204 816 non
3239 762 3413 817 solum
3448 778 3553 819 non
3584 765 3670 820 in-

2090 839 2158 893 fer
2174 856 2253 895 .or
2270 842 2340 896 sit
2365 844 2657 912 publicanis
2686 850 2707 916 (
2717 847 2852 900 Nam
2877 849 2923 902 si
2952 849 3160 919 diligitis
3181 868 3263 906 eos
3284 893 3299 916 ,
3323 854 3413 922 qui
3436 869 3521 909 vos
3545 857 3668 911 difi-

2087 940 2210 999 gunt
2234 971 2247 992 ,
2278 932 2482 1002 inquit,
2514 936 2637 1000 quid
2661 939 2881 1006 amplius
2902 940 3067 1009 facilis
3090 941 3115 992 á¼”)
3159 958 3324 997 nonne
3346 954 3393 996 et
3416 946 3671 1014 publicani

2090 1020 2181 1074 hoc
2211 1023 2404 1091 faciunt
2428 1022 2711 1096 [Muli/1.5.
2735 1027 2825 1098 46]
2848 1028 2869 1080 ?
2893 1030 2909 1095 )
2930 1069 2944 1094 ,
2974 1028 3067 1083 sed
3094 1040 3147 1083 et
3172 1040 3229 1084 ut
3253 1032 3489 1086 animum
3515 1050 3669 1089 suum

2092 1109 2160 1163 ita
2206 1114 2482 1180 instituat,
2530 1124 2668 1170 utet
2715 1117 2958 1173 inimicos
3010 1120 3315 1177 humaniter
3359 1126 3579 1193 aspiciat
3617 1136 3673 1181 et

2090 1216 2332 1271 magnam
2358 1206 2484 1273 ipsis
2512 1208 2785 1262 caritatem
2815 1210 3083 1265 exhibeat.
3131 1212 3283 1278 Quod
3312 1216 3357 1269 si
3376 1216 3671 1272 affectioni-

2090 1293 2188 1348 bus
2217 1295 2352 1361 istis,
2382 1307 2437 1353 et
2463 1299 2581 1353 aliis
2603 1315 2719 1369 quze
2746 1301 2797 1355 in
2824 1304 2978 1379 nobis
3007 1316 3302 1360 nascuntur
3320 1348 3335 1374 ,
3366 1311 3670 1379 superiores

2090 1400 2196 1438 non
2228 1386 2502 1455 fuerimus,
2533 1390 2656 1446 licet
2680 1393 2918 1462 quotidie
2948 1394 3034 1449 hic
3056 1398 3454 1465 conveniamus,
3488 1410 3541 1455 et
3569 1400 3674 1456 fre-

2090 1478 2374 1546 quentibus
2404 1483 2749 1539 concionibus
2778 1496 2937 1555 atque
2964 1487 3205 1544 doctrina
3247 1498 3392 1544 tanta
3429 1491 3673 1547 institua-

2091 1586 2244 1634 mur,
2295 1576 2883 1645 tantumqueajejunio
2925 1578 3308 1635 adminiculum
3354 1581 3667 1650 habeamus,

2091 1662 2259 1729 qualis
2298 1665 2403 1718 erit
2430 1664 2584 1721 nobis
2608 1668 2800 1721 venia?
2847 1669 3020 1738 qualis
3064 1668 3344 1727 defensio?
3391 1673 3486 1727 Dic
3528 1673 3670 1728 enim

2092 1753 2220 1806 mihi
2244 1793 2262 1819 ,
2308 1755 2530 1811 obsecro
2553 1797 2569 1823 ,
2602 1758 2647 1811 si
2692 1773 2914 1827 puerum
2944 1770 3090 1815 tuum
3115 1762 3350 1830 quotidie
3376 1764 3588 1819 videres
3613 1765 3664 1819 in

2093 1842 2273 1899 ludum
2300 1846 2402 1912 ire,
2432 1855 2486 1901 et
2507 1848 2674 1903 multo
2698 1849 2879 1917 elapso
2901 1858 3139 1919 tempore
3163 1852 3292 1906 nihil
3320 1854 3447 1908 lucri
3474 1856 3667 1920 facere,

2090 1935 2424 2005 patienterne
2450 1938 2661 1995 ferres?
2708 1955 2887 1995 nonne
2910 1951 2963 1995 et
2986 1956 3207 2011 puerum
3239 1945 3553 2001 verberares
3571 1986 3586 2010 ,
3612 1958 3673 2002 et

2091 2029 2402 2097 magistrum
2431 2031 2723 2100 argueres?
2751 2042 2806 2087 et
2826 2033 2868 2087 si
2886 2033 3080 2089 deinde
3105 2035 3341 2091 disceres
3358 2037 3667 2108 magistrum

2091 2134 2252 2175 omne
2275 2119 2415 2190 quod
2442 2120 2602 2177 ofï¬cii
2630 2124 2710 2178 sui
2739 2133 2854 2179 erat
2881 2126 3071 2181 fecisse
3091 2168 3106 2192 ,
3139 2138 3193 2182 et
3230 2128 3385 2197 plane
3428 2130 3670 2185 intermi-

2091 2213 2225 2267 sisse
2246 2211 2395 2280 nihil,
2412 2215 2562 2284 pueri
2583 2223 2756 2270 autem
2777 2216 3035 2285 ignaviam
3049 2232 3261 2273 causam
3276 2233 3399 2274 esse
3411 2222 3668 2277 omnium:

2094 2319 2270 2358 nonne
2299 2302 2715 2374 indignationem
2743 2322 2956 2362 onmem
2988 2307 3041 2362 in
3080 2323 3300 2377 puerum
3332 2311 3675 2385 transferres,

2094 2410 2198 2450 non
2240 2395 2350 2465 jam
2397 2412 2655 2453 accusans
2698 2400 3052 2470 magistrum?
3100 2401 3331 2471 ldipsum
3356 2413 3413 2459 et
3442 2403 3528 2459 hic
3548 2405 3673 2475 jure

2094 2486 2391 2542 faciendum
2422 2497 2522 2544 est.
2572 2488 2681 2544 Nos
2714 2491 2857 2545 enim
2876 2531 2892 2558 ,
2919 2492 3039 2561 quia
3068 2507 3162 2560 per
3187 2493 3411 2563 gratiam
3438 2483 3674 2551 divinam

2093 2578 2157 2632 ad
2194 2578 2295 2633 hoc
2338 2578 2585 2634 destinati
2614 2593 2831 2648 sumus,
2874 2584 3023 2651 quasi
3072 2585 3378 2653 spirituales
3408 2588 3423 2618 Â¹
3455 2587 3592 2642 ï¬lios
3622 2589 3677 2643 in

2096 2668 2256 2724 hasce
2282 2670 2495 2725 scholas
2521 2684 2616 2724 vos
2637 2671 2873 2740 quotidie
2904 2684 3176 2739 vocantes,
3207 2676 3497 2733 salutarem
3519 2677 3673 2734 vobis

2093 2759 2388 2814 doctrinam
2440 2762 2784 2830 proposuimus
2828 2779 2840 2816 :
2887 2777 3061 2832 neque
3101 2778 3160 2818 ea
3213 2781 3334 2834 qua:
3379 2783 3445 2822 ex
3490 2779 3675 2825 nostra

2094 2858 2276 2906 mente
2303 2851 2719 2921 excogitavimus
2741 2892 2758 2917 ,
2804 2852 2897 2907 sed
2926 2868 2989 2909 ea
3017 2870 3134 2923 qua:
3163 2870 3191 2909 a
3223 2856 3447 2911 Domino
3475 2872 3570 2927 per
3594 2860 3679 2913 di-

2095 2942 2246 2997 vinas
2269 2942 2569 3012 Scripturas
2600 2943 2752 2997 nobis
2786 2944 2980 2998 donata
3007 2954 3160 3010 sunt,
3206 2948 3259 3000 in
3289 2949 3520 3003 medium
3546 2950 3677 3005 afl'c-

2094 3035 2261 3089 rimus
2298 3034 2494 3104 illaque
2518 3033 2668 3089 vobis
2702 3033 3009 3104 frequenter
3037 3036 3383 3091 inculcamus.
3438 3038 3493 3094 Si
3522 3054 3673 3108 ergo,

2093 3140 2214 3179 cum
2261 3139 2358 3179 nos
2400 3140 2613 3180 omnem
2656 3125 3005 3181 adhibeamus
3039 3128 3364 3197 vigilantiam
3408 3144 3674 3200 omneque

2095 3215 2354 3280 studium,
2387 3223 2442 3270 et
2470 3230 2564 3271 vos
2593 3216 2829 3285 quotidie
2870 3216 2921 3270 in
2952 3216 3093 3275 viam
3131 3218 3370 3272 veritatis
3395 3218 3671 3286 ducamus,

2095 3323 2191 3363 vos
2216 3308 2268 3362 in
2291 3308 2477 3363 iisdem
2505 3310 2857 3378 perseveretis
2887 3309 3039 3365 malis
3064 3328 3077 3362 :
3107 3310 3336 3380 cogitate
3365 3321 3594 3382 quantus
3621 3323 3679 3368 et

2096 3406 2277 3454 noster
2294 3399 2363 3452 sit
2383 3398 2588 3454 futurus
2604 3399 2774 3466 dolor,
2797 3408 2851 3456 et
2874 3410 3068 3471 quanta
3085 3411 3256 3456 vestra
3276 3402 3675 3471 condemnatio,

2096 3503 2166 3544 ne
2210 3487 2334 3558 quid
2372 3488 2543 3543 dicam
2583 3491 2845 3545 acerbius.
2893 3491 3145 3557 Quamvis
3170 3492 3312 3548 enim
3342 3508 3440 3548 nos
3468 3494 3676 3561 crimini

2098 3593 2203 3632 non
2233 3578 2399 3633 simus
2420 3568 2655 3645 obnOxii,
2684 3589 2741 3634 ut
2766 3580 2855 3649 qui
2882 3581 3011 3635 nihil
3033 3584 3519 3651 prastermittamus,
3538 3585 3679 3654 quod

2098 3667 2163 3722 ad
2192 3678 2422 3722 vestram
2454 3668 2715 3737 pertineat
2739 3669 3179 3736 aedificationem;
3229 3681 3405 3726 tamen
3434 3675 3555 3743 quia
3587 3690 3679 3729 ve-

2098 3767 2223 3814 stre:
2251 3758 2433 3812 salutis
2458 3772 2643 3812 curam
2684 3758 2917 3828 gerimus
2939 3799 2957 3826 ,
3007 3758 3126 3815 ideo
3165 3774 3272 3814 non
3312 3776 3593 3830 possumus
3626 3763 3681 3818 i.l

2100 3866 2207 3905 non
2236 3850 2467 3920 graviter
2504 3849 2666 3905 ferre.
2715 3850 2847 3918 Quia
2894 3859 2949 3906 et
2984 3850 3174 3905 doctor
3196 3866 3317 3906 cum
3347 3852 3493 3907 videt
3519 3852 3683 3908 disci-

2100 3942 2281 4012 pulum
2307 3941 2509 3996 nullum
2534 3956 2599 3997 ex
2625 3956 2752 3996 cura
2789 3956 2884 3997 sua
2923 3942 3149 3998 fructum
3181 3942 3357 3999 facere
3377 3986 3393 4011 ,
3424 3960 3530 4000 non
3561 3945 3682 4000 vul-

2101 4036 2295 4105 gariter
2320 4034 2463 4090 dolet
2494 4042 2546 4090 et
2576 4035 2773 4106 gemit,
2818 4034 3008 4091 videns
3036 4050 3095 4091 se
3122 4050 3337 4092 omnem
3366 4037 3605 4093 laborem
3630 4047 3685 4095 et

2102 4142 2318 4197 operam
2351 4126 2593 4196 perdere.

2173 4221 2227 4275 4.
2270 4219 2393 4274 Haec
2415 4235 2559 4275 nunc
2578 4220 2699 4275 dico
2715 4222 2757 4287 â€™,
2788 4235 2892 4275 non
2916 4229 2975 4276 ut
2997 4220 3271 4277 caritatem
3293 4229 3523 4277 vestram
3550 4237 3689 4278 mm-

2103 4328 2227 4367 rore
2254 4312 2504 4377 afficiam,
2534 4312 2626 4367 sed
2674 4322 2731 4367 ut
2756 4314 2983 4369 excitem
3029 4324 3082 4368 et
3114 4313 3371 4369 instruam
3392 4353 3408 4380 ,
3449 4330 3555 4385 quo
3584 4332 3690 4371 non

2106 4404 2299 4458 frustra
2326 4404 2539 4473 jejuniis
2566 4419 2758 4473 corpus
2783 4404 3074 4475 castigetis,
3107 4419 3279 4474 neque
3315 4415 3515 4461 temere
3556 4406 3693 4461 etin

2104 4509 2299 4547 vanum
2348 4494 2461 4549 dies
2504 4494 2935 4563 Quadragesimze
2983 4503 3181 4549 sancta:
3231 4495 3553 4564 transigatis.
3624 4495 3695 4550 Et

2107 4583 2231 4653 quid
2260 4582 2379 4636 dico
2422 4582 2538 4636 dies
2578 4582 3010 4653 Quadragesimte
3048 4595 3282 4651 sanciat,
3321 4600 3440 4639 cum
3474 4590 3694 4654 prorsus

2109 4674 2306 4728 nullam
2357 4689 2453 4729 nos
2475 4673 2614 4728 diem
2666 4689 2920 4743 umquam
2967 4675 3267 4745 transigere
3314 4678 3596 4745 oporteat,
3648 4676 3696 4730 si

2110 4765 2359 4835 possibile
2386 4773 2486 4829 est,
2515 4777 2612 4840 per
2642 4773 2809 4819 totum
2844 4764 2969 4819 vitae
2992 4766 3315 4820 curriculum
3335 4807 3353 4832 ,
3379 4766 3430 4818 in
3458 4779 3560 4832 qua
3588 4780 3697 4818 non

2110 4858 2313 4911 lucrum
2352 4856 2563 4926 aliquod
2603 4857 2880 4927 spirituale
2928 4857 2979 4911 in
3024 4842 3178 4911 nobis
3216 4869 3571 4924 reponamus,
3611 4853 3699 4908 vel

2109 4963 2205 5017 per
2230 4963 2439 5017 preces,
2470 4948 2554 5003 vel
2583 4963 2679 5017 per
2701 4948 3089 5002 confessionem
3113 4986 3128 5009 ,
3169 4946 3249 4998 vel
3282 4958 3376 5013 per
3394 4943 3698 5020 eleemosy-

2110 5055 2238 5105 nas,
2272 5040 2352 5094 vel
2383 5054 2479 5108 per
2503 5039 2677 5109 aliqua
2703 5039 2805 5091 alia
2843 5036 3136 5106 spiritualia
3164 5036 3303 5091 bona
3333 5037 3534 5106 opera?
3564 5036 3701 5093 Nam

2112 5130 2156 5185 si
2180 5130 2375 5184 Paulus
2405 5137 2581 5183 tantus
2608 5135 2662 5182 et
2690 5127 2829 5192 talis,
2852 5126 2941 5196 qui
2963 5141 3155 5182 arcana
3187 5126 3276 5181 illa
3297 5125 3457 5181 verba
3476 5127 3699 5197 audivit,

2112 5237 2231 5291 qua:
2263 5235 2430 5290 usque
2458 5220 2508 5273 in
2538 5218 2853 5274 hodiernum
2892 5217 3033 5273 diem
3076 5218 3273 5274 nullusv
3291 5221 3555 5290 cognovit,
3583 5218 3700 5277 cla-

2115 5310 2295 5365 mabat
2319 5311 2502 5365 dicens
2529 5326 2543 5363 :
2579 5309 2815 5376 Quotidie
2834 5309 3044 5375 morior,
3077 5327 3168 5380 per
3195 5320 3410 5365 vestram
3435 5310 3701 5381 gloriatio-

2115 5416 2226 5453 nem
2247 5399 2322 5470 (Î™.
2352 5398 2469 5453 Cor.
2496 5399 2578 5455 15.
2606 5397 2695 5469 3|)
2719 5414 2733 5450 :
2776 5397 2977 5454 docens
3004 5414 3127 5466 nos,
3157 5414 3217 5455 se
3243 5399 3320 5455 sic
3347 5400 3583 5470 seipsnm
3608 5414 3706 5468 pro
3800 5448 3802 5451 ,

2118 5490 2310 5559 pietate
2340 5489 2585 5558 periculis
2613 5489 2944 5558 exposuisse,
2972 5499 3031 5544 Î¹Î¹Î¹
3050 5490 3288 5560 quotidie
3306 5489 3466 5547 morti
3493 5488 3702 5548 vicinus

2185 5607 2199 5637 á½·
2237 5612 2328 5653 sex
2356 5611 2481 5661 Mss,
2510 5602 2726 5661 dilectos,
2753 5616 2856 5663 pro,
2881 5600 3171 5662 spirituum.

2182 5669 2201 5701 Â³
2223 5670 2349 5731 lteg.
2376 5681 2519 5731 unus,
2545 5670 2712 5717 Porro
2728 5665 2832 5716 Itwc
2852 5665 2981 5715 dico.
