4074 6134
369 279 448 338 95
1120 278 1177 335 S.
1212 271 2005 335 JOANNIS'CIIRYSOSTOMI
2044 273 2361 335 ARClllEP.
2402 277 2942 342 CONSTANTINOP.
3565 291 3647 349 '96

374 400 554 448 esset:
583 400 639 445 et
671 389 810 460 quod
851 396 1036 443 natura
1067 403 1171 442 non
1197 387 1447 458 fert'(uai
1485 386 1825 444 enim'morti
1854 384 1958 439 ob-

366 485 733 538 nosiisumus
759 482 992 548 omnes),
1024 480 1125 535 hoc
1162 480 1277 550 ipse
1307 480 1563 549 pertinaci
1594 494 1692 534 suo
1719 479 1960 536 instituto

375 575 585 645 agebat,
618 572 824 627 tametsi
857 571 1117 642 benignus
1140 572 1283 626 Deus
1307 571 1454 625 illum
1485 570 1721 641 quotidie
1746 571 1798 625 in
1826 571 1959 626 alio-

376 682 493 721 rum
551 664 779 719 salutem
826 672 1215 720 conservaret:
1250 663 1476 734 proinde
1506 663 1567 719 si
1613 664 1704 718 ille
1747 663 1836 733 qui
1881 670 1958 716 tot

371 756 639 826 praeclaris
679 757 932 827 Operibus
959 757 1204 811 excelsus
1229 764 1395 820 erat,
1444 765 1499 811 et
1530 755 1694 826 quasi
1734 755 1956 824 angelus

368 863 533 917 super
577 848 1143 917 terram-apparebat,
1192 846 1430 917 quatidie
1468 847 1715 902 studebat
1759 845 1955 915 aliquid

366 939 726 1004 lucrifacere,
750 950 805 995 et
832 955 930 1010 pro
952 940 1171 994 veritate
1197 948 1339 994 stare
1378 938 1429 996 in
1459 939 1575 993 acie
1603 945 1788 993 contra
1817 937 1957 1007 peri-

369 1035 490 1088 cula
513 1074 529 1099 ,
574 1032 980 1103 spiritualcsque
1016 1030 1135 1086 sibi
1155 1031 1406 1101 colligere
1434 1043 1671 1096 merces,
1702 1045 1767 1084 ac
1794 1044 1956 1083 num-

359 1140 531 1194 quam
556 1124 775 1195 gradum
803 1125 994 1181 sistere
1023 1139 1038 1177 :
1071 1124 1281 1195 qualem
1307 1122 1621 1179 habebimus
1640 1136 1739 1177 nos
1767 1121 1954 1177 defen-

367 1216 703 1285 sionem,qui
720 1231 834 1270 non-
850 1216 1022 1271 solum
1049 1214 1204 1270 bonis
1231 1214 1482 1285 aperibus
1509 1213 1758 1269 omnibus
1785 1211 1954 1267 desti-

370 1307 469 1361 tuti
495 1321 712 1373 sumus,
746 1307 840 1362 sed
866 1314 923 1362 et
952 1314 1046 1361 tot
1083 1305 1237 1360 maiis
1274 1304 1477 1376 gravati
1522 1318 1748 1375 quorum
1790 1315 1955 1357 unum

372 1401 650 1457 dumtaxat
675 1401 726 1455 in
772 1398 1283 1471 ipsum-perditionis
1330 1396 1646 1468 profundum
1673 1395 1956 1452 detrudere

372 1507 472 1548 nos
502 1494 671 1564 possit
694 1533 709 1562 ,
755 1492 1064 1563 nullumque
1091 1499 1350 1563 prmterea
1380 1489 1611 1546 studium
1653 1489 1806 1544 nobis
1844 1497 1952 1556 est,

373 1596 431 1641 ut
452 1588 535 1642 vel
560 1587 747 1643 saltem
771 1589 886 1641 lucc
910 1584 1295 1641 emendcmus?
1321 1599 1441 1639 cum
1469 1591 1645 1638 autem
1676 1582 1812 1637 idem
1841 1582 1954 1652 ipse

370 1694 515 1747 saepe
542 1678 839 1748 reperiatur
868 1692 973 1731 non
1004 1675 1093 1730 uni
1133 1674 1354 1744 ï¬‚agitio,
1400 1672 1491 1729 sed
1522 1672 1762 1743 pluribus
1783 1673 1954 1727 obno-

371 1772 511 1837 sius,
541 1785 662 1825 cum
691 1785 884 1839 nempe
907 1779 961 1825 et
981 1768 1265 1823 iracundus
1291 1768 1360 1822 sit
1393 1776 1447 1821 et
1471 1767 1854 1834 intemperans,
1900 1771 1955 1819 et

365 1876 580 1927 avarus,
603 1869 657 1916 et
686 1860 916 1924 invidus,
944 1868 998 1915 et
1019 1859 1165 1914 ferox
1187 1898 1203 1926 ,
1233 1866 1286 1913 et
1312 1871 1485 1928 neque
1516 1856 1628 1910 lucc
1659 1854 1951 1925 corrigere,

367 1967 543 2021 neque
565 1952 773 2006 virtutis
799 1965 959 2020 opera
987 1951 1250 2020 attingere
1275 1948 1420 2017 velit,
1448 1946 1621 2018 qualis
1650 1955 1833 2017 postea
1852 1945 1953 2001 erit

367 2057 492 2113 spes
516 2043 740 2098 salutis?
787 2043 911 2098 Haec
936 2043 1092 2109 dico,
1123 2049 1178 2096 et
1222 2040 1403 2095 dicere
1432 2056 1540 2094 non
1581 2038 1843 2105 desinam,
1896 2046 1955 2093 ut

368 2135 640 2190 auditores
667 2149 823 2190 suum
869 2133 1065 2204 quique
1089 2131 1382 2188 remedium
1410 2130 1675 2200 accipiant
1704 2145 1770 2185 ex
1797 2129 1952 2186 dictis

365 2225 604 2290 nostris,
668 2233 724 2280 et
777 2223 1070 2290 studeant,
1126 2230 1187 2276 ut
1233 2221 1415 2277 statim
1470 2221 1537 2277 ab
1564 2221 1951 2276 "affectionibus

368 2324 603 2368 mentem
647 2314 979 2369 turbantibus
1037 2313 1367 2376 liberentur,
1416 2312 1952 2379 convalescentesque

367 2406 621 2460 virtutum
650 2405 838 2460 studiis
863 2403 1085 2475 posthac
1111 2419 1171 2461 se
1194 2402 1856 2458 accommodentuEtcnim
1888 2403 1952 2457 iis

366 2497 456 2567 qui
497 2495 763 2566 corporali
803 2496 992 2551 morbo
1043 2495 1318 2562 laborant,
1372 2494 1611 2564 quamvis
1652 2494 1951 2549 sexeenties

365 2589 606 2644 medicus
640 2586 872 2643 remedia
900 2594 1164 2659 apponat,
1208 2587 1253 2640 si
1292 2599 1435 2655 :rger
1467 2592 1642 2639 autem
1670 2583 1949 2639 medicinae

365 2679 728 2749 operationem
758 2694 861 2734 non
888 2678 1150 2741 admittat,
1183 2682 1239 2731 et
1263 2690 1406 2745 stepe
1433 2688 1777 2741 succensens,
1807 2682 1951 2744 post-

366 2787 527 2844 quam
577 2770 818 2825 medicus
866 2769 1179 2839 imposuerit
1230 2767 1573 2837 pharmacum
1602 2807 1619 2834 ,
1671 2765 1950 2835 impatiens

365 2864 570 2922 doloris
598 2862 728 2919 illud
758 2862 998 2932 rejiciat,
1050 2861 1192 2916 nulla
1237 2860 1363 2916 inde
1407 2860 1635 2916 utilitate
1679 2866 1944 2928 suscepta,

368 2970 528 3011 nemo
577 2954 813 3024 prudens
856 2953 1120 3008 medicum
1168 2952 1442 3023 arguerit,
1489 2950 1631 3023 quod
1661 2965 1766 3005 non
1794 2964 1948 3004 suum

365 3049 534 3119 egerit
557 3046 790 3103 officium
821 3061 837 3101 :
867 3046 1055 3102 eodem
1088 3045 1247 3102 modo
1271 3052 1326 3100 et
1347 3044 1432 3099 hic
1455 3059 1553 3099 nos
1582 3044 1949 3099 medicamen-

364 3149 477 3196 tatn
529 3155 594 3196 ex
646 3139 907 3211 spirituali
956 3138 1195 3193 doctrina
1240 3136 1536 3192 confectum
1584 3135 1945 3207 impellimus;

365 3240 601 3288 vestrum
632 3239 808 3284 autem
832 3228 1055 3297 posthac
1084 3227 1241 3282 fuerit
1262 3225 1406 3281 ferre
1430 3226 1663 3293 dolores,
1690 3236 1741 3281 ct
1767 3240 1948 3281 curam

362 3336 486 3377 cum
512 3322 738 3376 utilitate
764 3320 1066 3386 admittere,
1092 3327 1149 3374 ut
1173 3335 1204 3374 a
1229 3317 1745 3384 morbo-liherati,ad
1767 3333 1948 3373 veram

366 3411 740 3483 regrediamini
786 3410 1089 3466 sanitatem.
1142 3408 1232 3465 Sic
1272 3410 1414 3464 enim
1461 3417 1517 3464 et
1565 3409 1663 3478 ipsi
1706 3424 1947 3479 magnam

362 3501 666 3575 percipietis
694 3501 996 3569 utilitatem,
1026 3509 1079 3555 et
1108 3516 1204 3556 nos
1226 3515 1330 3555 non
1360 3499 1566 3555 modica
1599 3500 1720 3555 hinc
1747 3516 1948 3555 conso-

366 3595 562 3649 latione
582 3592 893 3658 alliciemur,
923 3593 967 3647 si
994 3591 1285 3647 viderimus
1312 3605 1424 3657 eos,
1456 3591 1543 3661 qui
1569 3591 1713 3661 prius
1740 3591 1949 3647 labora-

334 3756 337 3759 _
363 3685 512 3751 bant,
543 3695 650 3739 tam
679 3685 785 3739 cito
810 3686 1002 3740 bonam
1029 3681 1383 3737 valetudinem
1414 3696 1780 3753 recuperasse.

434 3776 587 3831 Ratio
611 3776 837 3830 humana
866 3784 1026 3845 potest
1051 3774 1220 3829 omnia
1266 3774 1387 3827 vitia
1430 3772 1696 3842 edomare;
1728 3771 1948 3828 Paulam

362 3868 626 3939 praedicat.
648 3866 1109 3937 --llnusquisque
1130 3881 1257 3937 ergo
1293 3872 1531 3920 vestrum
1550 3906 1565 3931 ,
1597 3864 1821 3920 obsecro
1841 3907 1854 3929 ,
1899 3865 1946 3920 si

363 3974 470 4013 non
499 3967 673 4024 antea,
697 3957 883 4012 saltem
914 3971 1055 4011 nunc
1080 3970 1297 4026 operam
1324 3954 1452 4020 det,
1491 3963 1551 4009 ut
1591 3954 1776 4009 vitium
1804 3953 1945 4025 quod

361 4051 462 4107 sibi
504 4050 673 4120 magis
712 4063 870 4119 quam
916 4057 1110 4102 caetera
1151 4045 1400 4102 infestum
1448 4045 1612 4100 sentit
1659 4060 1724 4100 ex
1767 4047 1944 4100 anima

361 4150 597 4206 exsecet,
641 4149 697 4196 ct
735 4140 819 4210 pia
861 4138 1179 4208 cogitatione
1221 4136 1369 4207 quasi
1415 4136 1674 4206 spirituali
1717 4136 1946 4207 quodam

360 4233 538 4303 gladio
562 4241 740 4296 utens,
769 4229 1001 4299 seipsum
1024 4229 1093 4283 ab
1116 4242 1183 4283 eo
1202 4227 1413 4283 liberet.
1445 4227 1601 4283 Dedit
1621 4228 1762 4284 enim
1791 4229 1946 4285 nobis

362 4325 503 4379 Deus
532 4322 792 4377 rationem
843 4335 962 4390 qua:
1008 4317 1234 4374 sufï¬ciat
1278 4326 1332 4374 et
1370 4321 1574 4389 possit,
1626 4319 1671 4375 si
1721 4320 1946 4375 velimus

361 4428 547 4484 parum
578 4412 866 4480 reSpicere,
888 4411 1065 4465 omnia
1089 4426 1207 4480 qua:
1243 4410 1293 4465 in
1317 4410 1469 4466 nobis
1498 4419 1789 4465 nascuntur
1818 4410 1940 4465 vitia

359 4505 598 4559 domare.
652 4503 935 4570 Pronterea
963 4503 1121 4557 etiam
1161 4512 1463 4557 sanctorum
1507 4502 1744 4557 omnium
1782 4501 1943 4556 vitam

359 4605 415 4651 et
457 4594 701 4648 instituta
737 4593 789 4647 in
828 4591 1018 4648 divinis
1042 4593 1330 4663 Scripturis
1367 4593 1629 4664 descripta
1653 4633 1669 4660 ,
1714 4594 1943 4664 Spiritus

358 4685 529 4741 sancti
573 4685 740 4756 gratia
776 4685 1018 4754 reliquit,
1061 4694 1120 4739 ut
1161 4685 1428 4740 discentes
1470 4701 1601 4751 eos,
1634 4686 1770 4741 licet
1798 4685 1943 4756 ejus-

358 4778 482 4831 dem
529 4776 724 4832 fuerint
762 4787 965 4831 natura:
993 4817 1009 4842 ,
1050 4776 1296 4830 virtutem
1352 4784 1528 4830 tamen
1581 4779 1943 4833 omnimodam

362 4869 701 4936 exhibuisse,
751 4882 818 4925 ne
864 4868 1030 4924 simus
1085 4881 1184 4922 nos
1227 4867 1399 4936 ignavi
1440 4876 1497 4923 et
1541 4867 1753 4925 desides
1797 4870 1848 4924 in
1881 4871 1943 4926 iis

365 4962 699 5016 exercendis.

430 5051 484 5106 5.
525 5053 717 5107 Annon
755 5058 960 5106 natura)
1004 5061 1202 5106 nostra:
1232 5049 1329 5105 fuit
1369 5059 1424 5106 et
1470 5050 1657 5106 beatus
1701 5049 1943 5105 Paulus?

360 5143 548 5212 Flagra
569 5144 711 5198 enim
737 5156 919 5198 amore
948 5143 1103 5213 hujus
1133 5143 1264 5208 viri,
1307 5151 1364 5198 et
1388 5152 1666 5215 prepterea
1689 5144 1943 5199 continuo

363 5243 607 5288 versatur
631 5234 744 5304 ipse
766 5221 839 5286 Wa
884 5247 977 5289 ore
1020 5248 1173 5301 meo,
1215 5243 1269 5288 et
1309 5234 1458 5304 quasi
1499 5234 1550 5289 in
1594 5234 1940 5306 archetypum

359 5323 576 5391 aliquod
603 5324 897 5394 exemplar,
923 5324 992 5378 ita
1019 5333 1074 5381 et
1100 5325 1152 5379 in
1185 5326 1326 5380 illius
1353 5324 1583 5379 animam
1624 5327 1938 5395 respiciens,

357 5418 679 5487 obstupesco
705 5416 756 5469 in
785 5417 1011 5471 hocviro
1027 5417 1214 5471 mirum
1243 5417 1524 5473 affectuum
1552 5427 1938 5489 contemptum,

359 5507 685 5565 litrtitudinis
707 5507 1101 5573 excellentiam,
1127 5508 1325 5561 amoris
1353 5508 1404 5562 in
1436 5508 1601 5564 Deum
1630 5508 1893 5564 fervorem
1923 5526 1937 5564 :

360 5609 417 5655 et
454 5613 664 5655 mecum
690 5607 934 5668 'rcputo,
981 5613 1142 5651 unum
1180 5597 1449 5653 hominem
1491 5614 1680 5655 omnes
1717 5602 1941 5657 virtutes

354 5691 538 5747 audio
563 5690 743 5747 suain
760 5703 825 5747 se
852 5687 1131 5761 collegisse
1165 5696 1221 5746 ct
1245 5688 1582 5761 exhibuisse;
1629 5705 1831 5762 nosque
1873 5706 1940 5749 ne

2066 387 2347 445 minimum
2378 392 2590 461 quidem
2621 393 2817 451 bonum
2845 411 2982 467 opus
3016 408 3274 468 praestare
3318 403 3473 462 velle.
3519 407 3650 476 Quis

2066 480 2224 550 igitur
2241 497 2346 536 nos
2369 484 2558 554 eripiet
2602 500 2633 539 a
2678 488 2937 557 supplicio
2984 489 3319 548 inevitabili?
3363 496 3495 552 Nam
3525 516 3648 555 emn

2064 572 2305 640 ejusdem
2350 574 2440 630 ille
2484 575 2762 643 nobiscum
2810 578 2970 635 fuerit
2992 595 3218 653 naturae,
3248 595 3301 640 et
3324 585 3509 644 iisdem
3554 591 3655 644 0b-

2066 663 2256 718 noxius
2281 663 2668 734 affectionibus,
2713 678 2873 739 atque
2900 671 2953 726 in
2985 680 3128 728 tanta
3158 683 3458 746 temporum
3502 679 3648 735 dmi-

2064 755 2277 821 cultate,
2307 757 2576 828 quotidie,
2605 769 2663 815 ut
2691 761 2763 815 ita
2794 761 2967 818 dicam
2991 806 3007 834 ,
3041 774 3268 836 tractus,
3299 770 3560 827 laceratus
3596 784 3651 829 et

2062 846 2273 915 publice
2318 859 2555 918 raptatus
2579 850 2646 906 ab
2675 852 2740 907 iis
2774 853 2868 924 qui
2888 856 3325 926 praedicationem
3369 877 3651 935 oppugna-

2062 936 2189 991 bant
2210 977 2227 1000 ,
2259 938 2348 1007 qui
2390 946 2445 994 et
2481 953 2623 1012 serpe
2652 943 2823 1012 ipsum
2865 957 3113 1003 enectum
3134 951 3552 1021 existimarunt,
3584 969 3651 1011 et

2061 1027 2211 1096 quasi
2239 1027 2556 1085 destinatam
2581 1032 2759 1087 animo
2784 1034 2987 1091 caedem
3018 1049 3441 1110 perpetrassent,
3472 1045 3646 1114 ipsunt

2061 1117 2394 1186 reliquerunt
2431 1137 2446 1174 :
2487 1121 2822 1180 inveniturne
2860 1127 3052 1198 aliquis
3085 1139 3328 1189 nostrum
3349 1174 3365 1199 ,
3391 1133 3643 1202 desidia',

2062 1208 2410 1280 segnitieique
2438 1211 2762 1282 deditorum,
2808 1217 2901 1286 qui
2938 1227 3134 1276 tantam
3162 1223 3412 1279 virtutum
3439 1228 3648 1296 magni-

2061 1302 2298 1359 tudinem
2343 1321 2452 1375 prte
2496 1320 2556 1361 se
2600 1306 2772 1364 ferat?
2820 1309 3016 1366 Verum
3065 1324 3265 1383 quanta
3310 1315 3499 1374 beatus
3555 1321 3647 1376 ille

2060 1397 2312 1465 praeclara
2353 1413 2516 1470 opera
2558 1399 2763 1469 fecerit,
2796 1411 2849 1458 et
2886 1403 3280 1475 fortitudinem,
3335 1424 3494 1480 quam
3549 1428 3646 1481 pro

2059 1486 2331 1557 religionis
2378 1489 2757 1559 praedicatione
2802 1494 3040 1563 quotidie
3086 1496 3423 1567 exhibuerit,
3466 1518 3569 1556 non
3594 1520 3643 1558 ra

2061 1587 2241 1633 nostra
2262 1579 2469 1650 lingua,
2512 1582 2609 1638 sed
2650 1582 2718 1638 ab
2767 1585 2884 1655 ipso
2926 1597 3137 1657 oportet
3179 1589 3367 1646 audire
3408 1594 3641 1649 dicente.

2059 1665 2284 1735 Quando
2309 1670 2450 1725 enim
2478 1670 2530 1726 in
2558 1687 2676 1728 eam
2701 1674 2916 1731 devenit
2941 1679 3330 1748 necessitatem,
3352 1692 3407 1736 ut
3428 1695 3645 1755 propter

2059 1757 2627 1829 pseudoapostolorum
2675 1763 2942 1820 fallaciam
2978 1782 3067 1824 res
3095 1783 3220 1825 suas
3248 1787 3500 1829 enarrare
3545 1791 3645 1831 eo-

2057 1856 2274 1917 geretur
2302 1865 2316 1902 :
2350 1861 2454 1905 tam
2475 1866 2638 1921 grave
2664 1854 2805 1910 enim
2833 1856 2973 1912 istud
2994 1867 3048 1913 et
3074 1860 3357 1916 molestum
3385 1864 3482 1933 ipsi
3504 1876 3639 1930 erat,

2060 1948 2117 1993 ut
2144 1940 2527 2011 reluctaretur,
2571 1953 2627 2000 et
2667 1962 2955 2018 numquam
2996 1949 3050 2004 in
3077 1952 3309 2007 medium
3350 1970 3413 2012 ea
3449 1956 3643 2013 aâ€™llâ€˜erre

2057 2029 2236 2097 vellet,
2268 2031 2375 2087 imo
2401 2033 2634 2104 seipsum
2661 2037 2883 2095 auderet
2910 2055 3105 2098 vocare
3134 2042 3501 2115 blasphemum
3524 2087 3543 2115 ,
3587 2059 3643 2105 et

2058 2131 2494 2192 persequutorem
2518 2144 2534 2182 :
2562 2128 2810 2198 quoniam
2836 2139 3012 2187 autem
3041 2139 3494 2202 pernecessarium
3521 2155 3641 2197 esse

2060 2209 2287 2280 videret,
2319 2221 2377 2268 ut
2407 2213 2758 2284 impostorum
2791 2234 2882 2274 ora
2911 2221 3250 2292 Obstrueret,
3281 2236 3336 2282 et
3367 2226 3642 2299 discipulis

2058 2317 2272 2372 parvam
2312 2304 2465 2362 daret
2505 2309 2923 2367 consolationem
2970 2330 2985 2367 :
3039 2315 3117 2370 sic
3145 2315 3271 2371 â€˜fere
3313 2320 3476 2388 coepit
3521 2304 3642 2390 post

2057 2396 2220 2451 multa
2250 2398 2349 2452 alia
2371 2399 2550 2455 dicere
2575 2419 2587 2454 :
2612 2399 2680 2456 In
2703 2417 2801 2472 quo
2825 2405 2937 2474 quis
2967 2407 3119 2461 audet
3138 2449 3168 2474 ,,
3183 2426 3273 2479 per
3300 2409 3640 2480 insipientiam

2055 2486 2252 2558 loquor,
2286 2488 2447 2543 audeo
2469 2499 2519 2545 et
2549 2508 2640 2561 ego
2673 2491 2747 2562 (2.
2779 2492 2896 2548 Cor.
2926 2496 3008 2550 ll.
3037 2496 3151 2568 21).
3183 2498 3639 2571 Considerapiatu

2054 2577 2320 2644 animam,
2368 2595 2475 2635 non
2513 2582 2991 2642 solum-audaciam
3013 2630 3026 2655 ,
3058 2589 3152 2644 scd
3192 2600 3245 2645 et
3281 2593 3639 2661 insipientiam

2056 2684 2167 2723 rem
2196 2685 2312 2724 eam
2339 2681 2492 2728 vocat
2516 2691 2529 2728 :
2559 2674 2757 2731 docens
2798 2692 2896 2733 nos
2924 2694 2993 2734 ne
3019 2696 3267 2753 umquam
3297 2685 3429 2740 citra
3456 2701 3639 2742 neces.

2057 2759 2267 2814 sitatem
2293 2803 2309 2828 ,
2354 2770 2410 2817 et
2452 2764 2600 2819 nullo
2644 2775 2885 2837 urgente,
2909 2784 3028 2839 quae
3053 2784 3084 2824 a
3109 2772 3264 2827 nobis
3300 2772 3434 2828 facta
3471 2785 3595 2830 sunt
3619 2817 3636 2839 ,

2053 2863 2404 2923 ostentemus,
2432 2859 2476 2911 si
2505 2859 2717 2928 quidem
2735 2860 2894 2931 aliqui
2917 2877 2982 2917 ex
3006 2863 3160 2919 nobis
3186 2866 3521 2922 inveniantur
3545 2868 3637 2938 qui

2054 2945 2251 3001 bonum
2280 2947 2493 3018 aliquod
2508 2960 2630 3005 sunt
2654 2953 2879 3021 operati.
2900 2948 2966 3007 In
2983 2971 3080 3024 quo
3105 2956 3236 3026 quis,
3258 2956 3447 3027 inquit,
3463 2958 3634 3024 audet,

2054 3055 2144 3107 per
2168 3039 2509 3109 insipientiam
2536 3041 2733 3113 loquor,
2763 3044 2924 3100 audeo
2940 3056 2986 3100 et
3003 3064 3092 3118 ego
3108 3064 3128 3102 :
3151 3046 3252 3103 hoc
3268 3058 3368 3116 est,
3387 3051 3637 3121 quoniam

2054 3145 2152 3200 ego
2183 3133 2402 3186 multam
2428 3133 2581 3187 video
2609 3135 3003 3205 necessitatem,
3028 3137 3225 3194 audere
3246 3140 3385 3203 volo,
3417 3153 3471 3196 et
3510 3142 3639 3196 insi-

2055 3221 2267 3288 pientia:
2297 3236 2430 3292 opus
2458 3222 2733 3279 exhibere.
2769 3225 2969 3281 Hebraei
2993 3238 3130 3294 sunt,
3175 3240 3221 3284 et
3240 3248 3363 3300 ego;
3389 3229 3638 3287 Israelita

2052 3321 2190 3375 sunt,
2221 3320 2268 3365 et
2293 3328 2419 3384 ego;
2447 3330 2614 3369 semen
2640 3315 2856 3370 Abrahae
2879 3328 2993 3372 sunt
3013 3359 3029 3385 ,
3076 3329 3124 3374 et
3168 3336 3259 3391 ego
3306 3321 3413 3393 (Ib.
3443 3339 3488 3377 Ï…,
3518 3322 3633 3393 22).

2057 3401 2130 3455 De
2161 3401 2279 3464 hoc,
2314 3404 2523 3472 inquit,
2575 3405 2805 3460 sublime
2849 3408 3059 3476 sapiunt
3098 3418 3152 3463 et
3192 3409 3521 3481 gloriantur;
3569 3428 3638 3469 ne

2054 3500 2238 3559 putent
2268 3507 2330 3548 ca
2358 3494 2511 3547 nobis
2535 3494 2723 3551 deesse
2746 3513 2759 3562 ;
2784 3498 2944 3551 etiam
2990 3514 3087 3553 nos
3128 3502 3436 3556 earumdem
3468 3504 3639 3572 parti-

2052 3582 2198 3650 cipes
2223 3597 2428 3639 smnus.
2476 3585 2678 3642 Deinde
2718 3586 2943 3657 subjecit
2975 3607 2988 3643 :
3021 3587 3248 3644 Ministri
3275 3591 3461 3648 Christi
3498 3606 3634 3661 sunt,

2052 3662 2297 3728 ut'minus
2324 3677 2524 3744 sapiens
2550 3678 2683 3745 dico,
2719 3679 2833 3747 plus
2858 3696 2950 3750 ego
2992 3680 3099 3751 (Ib.
3130 3698 3177 3735 Ï….
3206 3681 3321 3754 25).

2124 3766 2178 3822 Ï.
2224 3767 2353 3822 Vide
2379 3768 2484 3836 hic,
2512 3769 2730 3835 dilecte,
2772 3771 2940 3827 beata:
2969 3773 3120 3843 hujus
3145 3775 3337 3829 animae
3362 3776 3636 3836 virtutem.

2050 3858 2182 3914 Nam
2214 3869 2491 3931 postquam
2522 3877 2632 3918 rem
2670 3877 2700 3917 a
2746 3878 2805 3918 se
2853 3865 3063 3931 factam,
3110 3867 3382 3923 audaciam
3419 3879 3471 3922 et
3502 3870 3634 3924 insi-

2053 3949 2303 4019 pientiam
2331 3952 2556 4019 vocavit,
2587 3956 2829 4024 quamvis
2865 3954 2916 4009 in
2950 3964 3093 4010 tanta
3131 3967 3274 4012 esset
3315 3960 3636 4015 necessitate

2050 4042 2405 4110 constitutus,
2440 4059 2611 4113 neque
2651 4045 2730 4099 sic
2762 4053 2935 4099 tamen
2982 4046 3137 4101 dictis
3179 4058 3458 4103 contentus
3487 4049 3584 4103 fuit
3617 4066 3632 4105 :

2051 4132 2146 4187 sed
2174 4148 2293 4188 cum
2324 4134 2789 4193 demonstraturus
2813 4147 2956 4194 esset
2985 4154 3042 4194 se
3073 4139 3193 4194 illos
3220 4156 3409 4211 magno
3432 4156 3635 4211 praece-

2049 4226 2180 4282 dere
2208 4228 2510 4294 intervallo,
2540 4237 2594 4283 ut
2624 4245 2691 4285 ne
2711 4231 2828 4300 quis
2856 4246 2976 4286 emn
3010 4241 3157 4302 putet
3186 4248 3279 4301 per
3317 4235 3635 4288 ostentatio-

2050 4332 2172 4372 nem
2204 4317 2317 4372 lucc
2342 4318 2537 4383 dicere,
2568 4320 2757 4375 itermn
2791 4322 3145 4391 insipientiam
3175 4334 3327 4378 vocat
3351 4324 3491 4395 quod
3518 4340 3547 4379 a
3575 4340 3635 4381 se

2050 4409 2341 4475 dicebatur,
2372 4412 2519 4480 quasi
2560 4410 2760 4467 diceret
2805 4430 2819 4466 :
2864 4412 2978 4467 Non
3008 4428 3126 4467 sum
3158 4415 3367 4469 nescius
3396 4432 3482 4469 me
3510 4432 3623 4470 rem

2052 4499 2227 4556 facere
2252 4516 2370 4570 qute
2399 4502 2596 4555 multos
2620 4502 2874 4570 offendat,
2895 4513 3081 4573 etquze
3107 4519 3280 4574 neque
3306 4521 3391 4560 me
3411 4506 3630 4561 deerat:

2050 4590 2144 4645 sed
2176 4607 2262 4645 me
2303 4591 2577 4661 compellit
2620 4608 2810 4663 magna
2843 4595 3164 4659 necessitas;
3215 4595 3334 4650 ideo
3379 4597 3637 4666 ignoscite

2050 4683 2180 4737 mihi
2211 4683 2527 4752 insipientite
2557 4684 2731 4739 verbal
2757 4685 3014 4756 loquenti.
3059 4686 3224 4754 llujus
3260 4688 3345 4742 vel
3390 4689 3634 4745 umbram

2039 4775 2319 4830 imitemur
2341 4791 2457 4842 nos,
2487 4778 2572 4846 qui
2608 4779 2767 4832 tantis
2800 4780 3091 4846 premimur
3115 4779 3365 4848 peccatis,
3413 4790 3466 4835 ct
3491 4797 3635 4851 saepe

2049 4868 2092 4921 si
2139 4883 2358 4935 parvum
2398 4868 2647 4937 quiddam
2693 4878 2839 4924 recte
2877 4868 3128 4933 facimus,
3177 4886 3349 4940 neque
3377 4872 3549 4940 ipsum
3583 4875 3636 4927 in

2050 4959 2412 5029 promptuario
2437 4960 2630 5014 mentis
2675 4969 2872 5014 nostra:
2914 4960 3204 5029 repositum
3250 4978 3466 5017 manere
3498 4964 3636 5032 pati-

2049 5067 2191 5114 mur,
2221 5049 2313 5103 sed
2341 5059 2397 5103 ut
2419 5050 2696 5120 gloriolam
2737 5052 2967 5122 aliquam
3012 5051 3081 5107 ab
3130 5052 3437 5108 hominibus
3466 5070 3636 5109 vene-

2049 5157 2187 5205 mur,
2221 5140 2582 5211 divulgamus,
2624 5152 2685 5199 et
2711 5143 2779 5198 ob
2824 5142 3247 5214 intempestivam
3279 5145 3636 5215 nugacitatem

2048 5232 2224 5287 divina
2252 5233 2601 5288 retributione
2640 5236 2994 5305 nosmetipsos
3022 5235 3346 5291 fraudamus.
3398 5236 3467 5291 At
3503 5237 3637 5290 nihil

2048 5322 2157 5377 tale
2184 5322 2337 5377 beato
2359 5323 2522 5378 Paulo
2550 5323 2842 5379 accidebat.
2896 5324 3002 5380 Sed
3041 5326 3208 5397 quid?
3238 5326 3463 5381 Ministri
3491 5326 3636 5381 Chri-

2049 5414 2114 5467 sti
2135 5422 2273 5481 sunt,
2303 5423 2355 5466 ut
2381 5414 2545 5468 minus
2573 5415 2772 5484 sapiens
2788 5416 2922 5483 dico,
2957 5418 3071 5485 plus
3095 5431 3225 5485 ego;
3267 5417 3391 5472 deitt
3424 5417 3639 5473 adducit

2049 5505 2102 5558 in
2150 5506 2381 5561 medium
2428 5521 2490 5561 ea
2542 5522 2661 5576 qua:
2695 5506 3125 5577 pseudoapostoli
3156 5524 3260 5562 non
3291 5509 3636 5565 exhibebant.

2049 5594 2331 5661 Quomodo
2363 5595 2505 5651 enim
2532 5595 2903 5650 exhibuisse-nt
2940 5597 3028 5665 qui
3057 5597 3334 5653 veritatem
3363 5612 3639 5669 oppugna~

2050 5691 2214 5759 bant,
2258 5696 2312 5746 et
2338 5687 2468 5743 nihil
2492 5701 2596 5744 non
2625 5687 2850 5759 agebant
2875 5697 2931 5743 ut
2958 5687 3317 5758 praedicationi
3365 5688 3639 5759 religionis
