4074 6134
334 298 412 360 95

329 416 429 470 τὴν
457 414 688 470 θάνατον
717 414 963 483 γίνεσθαι
995 414 1080 485 ἐφ’
1112 415 1351 486 ἑκάστης
1376 414 1743 488 ἡμέρας,-καὶ
1783 418 1921 488 ὅπερ
1960 418 1996 489 ἡ

330 502 501 570 φύσις
524 504 623 556 οὑκ
652 502 868 573 ἐδέχετο
891 502 996 571 (ἐνὶ
1020 502 1129 573 γάρ
1150 502 1365 572 θανάτῳ
1389 502 1592 566 πάντες
1616 500 1987 572 ὑποκείμεθα)

326 591 492 644 τοῦτο
514 591 558 660 ἡ
576 589 878 660 φιλονεικία
909 590 1005 660 τῆς
1026 590 1394 662 προαιρέσεως
1423 590 1590 645 αὐτοῦ
1616 589 1920 662 κατώρθου,
1947 590 1998 642 εί

329 678 430 731 καὶ
454 679 483 730 6
527 676 909 750 φιλάνθρωπος
945 677 1078 740 Θεὸς
1111 677 1203 731 ἐπὶ
1242 677 1401 732 πλέον
1444 678 1608 732 αὑτὸν
1643 677 1884 748 διετήρει
1910 676 2000 730 διά

326 766 433 836 τὴν
458 765 567 819 τῶν
594 765 798 819 λοιπῶν
829 765 1132 837 σωτηρίαν·
1163 769 1212 820 εί
1239 767 1418 821 τοίνυν
1442 768 1646 830 ἐκεῖνος
1669 770 1699 821 6
1724 766 1997 833 τοσούτοις

328 851 519 920 κομῶν
558 851 981 923 κατορθώμασι,
1029 852 1124 906 καὶ
1170 852 1422 924 καθάπερ
1473 853 1702 922 ἄγγελος
1748 856 1839 908 ἐπὶ
1894 855 1998 924 γῆς

326 936 676 1006 φαινόμενος,
721 936 844 990 καθ’
900 937 1139 1008 ἐκάστην
1198 938 1500 1004 ἐσπούδαζε
1540 939 1865 1010 κερδαίνειν,
1899 941 1996 994 καὶ

324 1024 468 1094 πρὸς
496 1024 623 1087 τοὺς
644 1023 786 1094 ὑπὲρ
816 1023 916 1094 τῆς
940 1023 1196 1094 ἀληθείας
1229 1024 1505 1089 κινδύνους
1534 1025 1994 1096 παρατάττεσθαι,

324 1111 425 1165 καὶ
455 1110 555 1181 τὴν
601 1110 874 1181 ἐμπορίαν
910 1110 1009 1182 τὴν
1051 1111 1427 1183 πνευματικὴν
1470 1112 1648 1182 ἐαυτῴ
1694 1112 1993 1181 συλλέγειν,

325 1199 423 1252 καὶ
456 1200 726 1269 μηδέποτε
755 1199 1037 1254 ἵστασθαι·
1074 1201 1234 1253 ποίαν
1271 1199 1338 1254 ἀν
1372 1202 1629 1272 σχοίημεν
1670 1202 1831 1272 ἡμεῖς
1858 1203 1995 1255 ἀπο-

323 1286 537 1354 λογίαν,
569 1288 619 1339 οί
655 1286 729 1357 μὴ
761 1288 923 1357 μόνον
955 1287 1173 1342 πάντων
1197 1288 1349 1352 ὄντες
1375 1288 1570 1360 ἔρημοι
1590 1288 1698 1343 τῶν
1718 1283 1994 1360 κατορθω-

326 1374 537 1442 μάτων,
569 1375 708 1427 ἀλλά
738 1375 834 1427 καὶ
874 1375 1153 1439 τοσούτοις
1195 1374 1571 1445 ἐλαττώμασιν
1607 1377 1993 1447 ὑποκείμενοι,

324 1453 403 1513 ὧν
435 1461 532 1513 καὶ
566 1459 624 1512 ἐν
671 1460 832 1530 μόνον
864 1461 995 1531 ἡμῖν
1027 1460 1227 1531 προσὸν
1260 1461 1444 1514 ἱκανὸν
1480 1463 1559 1525 είς
1590 1462 1722 1516 αὑτὸ
1761 1463 1858 1532 τῆς
1889 1464 1997 1517 ἀπ-

322 1547 525 1611 ωλείας
554 1548 618 1600 16
669 1546 941 1619 βάραθρον
973 1551 1329 1616 καταγαγεῖν,
1370 1550 1465 1603 καὶ
1510 1548 1779 1620 μηδεμίαν
1811 1550 1995 1603 ποιού-

325 1650 485 1704 μενοι
531 1634 798 1704 σπουδὴν,
839 1633 945 1687 κάν
995 1634 1129 1703 γοῦν
1166 1636 1339 1688 ταῦτα
1379 1634 1657 1705 διορθοῦν;
1691 1636 1819 1689 ὅταν
1859 1636 1917 1688 δέ
1965 1638 1994 1688 6

322 1722 489 1784 αὐτὸς
509 1721 770 1785 πολλάκις
800 1723 1126 1792 εὑρίσκοιτο,
1159 1723 1233 1794 μὴ
1261 1724 1418 1793 μόνον
1444 1723 1501 1775 ἐν
1524 1723 1809 1794 ἐλάττωμα
1831 1722 1990 1793 ἔχων,

322 1808 461 1861 ἀλλά
494 1809 587 1861 καὶ
616 1808 857 1874 πλείονα,
898 1811 1005 1863 καὶ·
1035 1810 1250 1880 ὀργίλος
1288 1807 1346 1882 ᾖ.
1389 1812 1484 1865 καὶ
1538 1809 1850 1874 ἀκόλαστος,
1898 1812 1993 1864 καί¹

322 1895 676 1967 πλεονέκτης,
705 1896 800 1949 καὶ
824 1896 1110 1965 βάσκανος,
1135 1898 1228 1951 καὶ
1253 1896 1526 1968 θυμώδης,
1551 1898 1646 1951 καὶ
1665 1899 1801 1969 μήτε
1820 1899 1993 1953 ταῦτα

317 1982 567 2053 διορθοῦν
603 1982 879 2052 βούλοιτο,
927 1986 1065 2055 μήτε
1108 1983 1216 2037 τῶν
1248 1984 1349 2054 τῆς
1390 1985 1591 2055 ἀρετῆς
1639 1985 1815 2055 ἔργων
1853 1985 1989 2053 ἐφά-

318 2070 572 2131 πτεσθαι,
597 2071 727 2123 ποία
764 2068 950 2123 λοιπὸν
975 2071 1040 2123 ἂν
1066 2070 1274 2138 γένοιτο
1305 2071 1577 2142 σωτηρίας
1595 2071 1783 2135 ἐλπίς;
1808 2070 1990 2125 Ταῦτα

317 2154 483 2224 λέγω,
513 2157 611 2211 καὶ
640 2157 815 2226 λέγων
847 2159 907 2210 ού
939 2157 1239 2228 παύσομαι,
1265 2158 1351 2211 ἵνα
1372 2158 1602 2222 ἕκαστος
1632 2158 1742 2211 τῶν
1768 2159 1990 2213 ἀκουόν-

313 2261 424 2297 των
457 2245 518 2298 τὸ
562 2244 898 2316 κατάλληλον
926 2245 1104 2316 ἐαυτῷ
1140 2247 1430 2318 φάρμακον
1457 2246 1743 2317 δεχόμενος
1786 2249 1850 2300 ἐκ
1879 2247 1988 2301 τῶν

313 2334 448 2401 παρ’
476 2331 633 2401 ἡμῶν
671 2331 997 2403 λεγομένων,
1040 2333 1317 2405 σπουδάτῃ
1355 2333 1585 2403 ταχέως,
1618 2334 1712 2387 καὶ
1751 2334 1858 2387 τῶν
1896 2334 1986 2388 ὲν-

311 2417 618 2487 αχλούντων
651 2418 840 2472 παθῶν
868 2420 1203 2488 ἀπαλλαγεὶς
1234 2421 1369 2491 πρὸς
1400 2421 1610 2489 ὑγίειαν
1649 2421 1984 2485 ἐπανελθεῖν,

312 2506 411 2560 καὶ
428 2506 565 2576 πρὸς
589 2507 689 2578 τὴν
719 2508 818 2578 τῆς
848 2509 1049 2579 ἀρετῆς
1066 2509 1327 2580 ἐργασίαν
1350 2510 1541 2565 ἐαυτὸν
1572 2511 1874 2582 ἐπιτήδειον
1888 2528 1988 2564 κα-

309 2595 601 2664 ταστῆσαι.
630 2594 741 2648 Καὶ
774 2595 884 2667 γάρ
904 2595 999 2649 ἐπὶ⁸
1028 2596 1137 2650 τῶν
1161 2597 1475 2667 καμνόντων
1501 2599 1573 2651 τά
1610 2597 1859 2667 σώματα,
1881 2598 1986 2652 κᾶν

312 2681 576 2751 μυριάκις
602 2685 632 2737 6
660 2683 845 2752 ίατρὺς
869 2684 1045 2755 ἐπιθῇ,
1062 2684 1130 2738 16
1158 2686 1444 2757 φάρμακα,
1464 2688 1494 2739 6
1516 2686 1572 2739 δέ
1600 2686 1879 2758 ἄρρωστος
1909 2687 1984 2760 μὴ

308 2767 573 2836 ἀνέχηται
603 2769 883 2838 ἐπιμένειν
914 2769 1011 2840 τὴν
1055 2770 1161 2823 ἀπὸ
1188 2771 1284 2823 τοῦ
1330 2772 1622 2843 φαρμάκου
1664 2772 1982 2844 θεραπείαν,

307 2853 448 2907 ἀλλὰ
469 2855 729 2919 πολλάκις
744 2856 1110 2927 δυσχεραίνων
1134 2858 1273 2928 μετά
1292 2858 1643 2914 τδεέπιθεῖναι
1662 2860 1753 2914 τὸν
1779 2859 1981 2931 ἰατρὸν,

304 2942 411 2994 οὑκ
452 2943 780 3015 ἀνεχόμενος
823 2945 924 3013 τῆς
956 2946 1247 3016 ἀλγηδόνος
1282 2948 1611 3020 ἀπορρίπτοι
1665 2946 1842 3012 τοῦτο,
1889 2948 1983 3000 καὶ

309 3029 401 3100 μὴ’
428 3032 776 3096 καταδέξοιτο
807 3033 904 3103 τὴν
948 3032 1007 3099 ἐξ
1039 3033 1213 3086 αὑτοῦ¹
1236 3034 1541 3103 ὠφέλειανη.
1571 3034 1745 3098 οὐδεὶς
1774 3034 1841 3089 ἂν
1874 3036 1980 3090 τῶν
2014 3054 2050 3089 ιι

304 3113 370 3169 εὖ
399 3118 743 3189 φρονούντων
781 3119 1062 3191 μέμφοιτο.
1088 3121 1168 3191 τῷ
1207 3121 1376 3192 ἔατρῷ
1413 3122 1499 3193 τῷ,
1521 3122 1590 3175 τά
1623 3122 1754 3193 παρτ
1787 3122 1979 3177 ἑαυτοῦ

305 3207 489 3259 πάντα
529 3207 898 3275 εἰσαγαγόντι·
931 3207 1027 3261 τὸν
1057 3207 1325 3279 αὑτὸν-δὴ
1367 3210 1565 3280 τρόπον
1614 3211 1708 3263 καὶ
1748 3210 1981 3265 ἐνταῦθα

304 3291 468 3359 ἡμεῖς
511 3292 614 3361 μὲν
658 3292 747 3345 τὸ.
777 3293 1068 3363 φάρμακον
1112 3293 1173 3347 16
1209 3293 1318 3347 ἀπὸ
1361 3294 1463 3363 τῆς
1500 3293 1843 3359 διδασκαλίας
1880 3297 1979 3366 τῆς

301 3377 687 3447 πνευματικῆς
720 3380 1230 3443 κατασκευάσαντες
1258 3381 1592 3452 ἑπιτίθεμεν·
1623 3382 1886 3455 ὑμέτερον
1921 3385 1976 3437 δὲ

302 3463 377 3517 ἀν
401 3465 486 3535 είη
506 3463 691 3519 λοιπὸν
720 3466 813 3520 καὶ
835 3466 1127 3537 ἀνέχεσθαι
1144 3467 1251 3521 τῶν
1281 3468 1609 3539 ἀλγηδόνων,
1642 3472 1736 3524 καὶ
1760 3472 1859 3541 τῆς
1884 3470 1976 3526 θε-

301 3551 540 3620 ραπείας
580 3551 903 3618 ἀπόνασθαι,
941 3555 1033 3607 καὶ
1063 3554 1477 3623 ἀπαλλαγέντας
1517 3556 1617 3626 τῆς
1654 3557 1808 3611 νόσου
1839 3558 1975 3629 πρὸς

299 3638 407 3709 τὴν
423 3638 603 3710 ἀληθῆ
628 3640 837 3707 ὑγίειαν
870 3640 1203 3696 ἐπανελθεῖν.
1230 3642 1385 3696 υῦτω
1410 3643 1517 3716 γάρ
1552 3645 1645 3697 καὶ
1666 3645 1819 3698 αὐτοὶ
1848 3643 1977 3697 πολ-

297 3726 403 3796 λὴν
440 3727 540 3797 τῆς
574 3727 840 3796 ὠφελείας
864 3730 965 3800 τὴν
996 3729 1245 3801 αίσθησιν
1284 3731 1543 3802 λήψεσθε,
1579 3733 1673 3786 καὶ
1715 3734 1879 3804 ἡμεῖς
1908 3735 1970 3786 οὑ

301 3808 509 3880 μικρὰν
537 3810 728 3881 ἕξομεν
752 3812 851 3881 τὴν
882 3814 1254 3883 παραμυθίαν,
1278 3815 1512 3885 δρῶντες
1547 3815 1673 3879 τοὺς
1707 3816 1971 3888 πρότερον

297 3893 629 3961 κάμνοντας,
672 3893 816 3948 οὕτω
845 3896 1053 3966 ταχέως
1094 3897 1230 3969 πρὸς
1268 3896 1477 3965 ὑγίειαν
1516 3898 1923 3963 ἐπανελθόντας.

375 3977 645 4041 Ἕκαστος
698 3979 883 4032 τοίνυν
920 3979 1093 4049 ὑμῶν,
1142 3980 1463 4051 παρακαλῶ,
1505 3983 1554 4035 εί
1601 3981 1696 4035 καὶ
1733 3980 1808 4054 μὴ
1846 3983 1973 4054 πρό-

292 4074 478 4138 τερον,
522 4060 793 4128 κάνγοῦν
814 4061 1004 4115 ἐκτοῦ
1048 4062 1312 4133 παρόντος
1351 4075 1379 4104 ι
1428 4063 1795 4129 σπουδαζέτω,
1830 4066 1968 4138 ὅπερ

292 4135 439 4193 οἶδεν
480 4141 747 4212 ἐνοχλοῦν.
769 4145 918 4214 αὑτῷ
960 4142 1259 4216 ἐλάττωμα.
1286 4145 1403 4199 τῶν.
1429 4144 1604 4199 ἀλλων
1654 4146 1812 4201 πλέον
1859 4135 1965 4202 παλ-

294 4221 429 4286 θῶν,
497 4223 653 4278 τοῦτο
707 4225 991 4296 ἐκτέμνειν
1051 4226 1149 4298 τῆς
1206 4227 1406 4298 ψυχῆς,
1457 4228 1552 4281 καὶ
1615 4228 1692 4299 τῷ
1752 4229 1968 4283 εὐσεϐεῖ

290 4306 562 4377 λογισμῷ,
598 4307 848 4381 καθάπερ
877 4309 1121 4380 μαχαίρᾳ
1151 4311 1261 4363 τιν)⁵
1286 4313 1627 4384 πνευματικῇ
1659 4309 1960 4384 χρώμενος,

290 4389 470 4455 οὕτως
523 4391 711 4444 ἑαυτὸν
763 4390 858 4444 τοῦ
899 4392 1104 4456 πάθους
1154 4392 1562 4447 ἀπαλλαττέτω.
1610 4396 1819 4449 Δέδωκε
1852 4397 1963 4467 γάρ

289 4473 429 4541 ἡμῖν
461 4474 490 4525 6
511 4472 642 4537 Θεὸς
675 4473 933 4545 λογισμὸν
962 4474 1255 4545 ἀρκοῦντα,
1281 4475 1377 4529 καὶ
1399 4475 1718 4547 δυνάμενον,
1753 4479 1802 4530 εί
1833 4477 1961 4548 βου-

290 4554 597 4625 ληθείημεν
643 4557 839 4627 μικρὸν
892 4556 1196 4627 διαϐλέψαι,
1255 4557 1487 4610 ἑκάστου
1538 4557 1647 4611 τῶν
1710 4560 1771 4612 ἐν
1824 4561 1960 4629 ἡμῖν

288 4636 626 4707 τικτομένων
651 4637 840 4691 παθῶν
864 4638 1255 4710 περιγίνεσθαι.
1285 4638 1399 4712 [88]
1424 4638 1520 4692 Διά
1553 4637 1711 4692 τοῦτο
1734 4639 1829 4693 καὶ
1848 4639 1956 4692 τῶν

292 4718 465 4785 ἀγίων
498 4720 628 4790 ἡμῖν
667 4719 1073 4784 άπάντωντοὺς
1107 4720 1254 4790 βίους
1284 4722 1378 4776 καὶ
1417 4721 1518 4792 τὴν
1556 4721 1832 4775 πολιτείαν
1871 4720 1959 4775 διὰ

289 4801 401 4853 τών
453 4800 613 4854 θείων
662 4802 895 4872 Γραφῶν
951 4803 1297 4873 ἀνάγραπτον
1348 4802 1732 4857 καταλέλοιπεν
1780 4807 1813 4873 ἡ
1857 4803 1955 4857 τοῦ

289 4883 621 4953 Πνεύματος
641 4885 820 4955 χάρις,
854 4886 940 4938 ἵνα
968 4886 1248 4955 μαθόντες,
1271 4887 1348 4950 ὡς
1384 4888 1483 4957 τῆς
1519 4888 1688 4957 αὐτῆς
1715 4889 1845 4957 ἡμῖν
1867 4886 1956 4940 δν-

285 4983 381 5031 τες
427 4967 662 5035 φύσεως,
705 4968 931 5022 ἅπαντα·
958 4970 1163 5041 τάλτῆς
1199 4970 1404 5040 ἀρετῆς
1447 4970 1836 5041 κατώρθωσαν,
1875 4971 1950 5041 μὴ

287 5047 627 5121 ῥαθυμῶμεν
658 5052 911 5123 περὶητὴν
933 5051 1138 5123 ταύτης
1168 5053 1450 5124 ἐργασίαν,

247 5121 254 5131 ’
355 5133 498 5186 ε’.Ἢ
516 5121 753 5204 οὑχὶτῆς
774 5121 943 5204 αὐτῆς
966 5121 1101 5205 ἡμῖν
1120 5121 1334 5205 φύσεως
1356 5131 1425 5207 ἦν
1453 5137 1482 5189 6
1509 5136 1774 5207 μακάριος
1802 5136 1952 5189 Παῦ-

283 5213 419 5277 λος;
456 5213 782 5286 Ἐκκαίομαι
815 5215 924 5287 γάρ
951 5219 1031 5279 είς
1061 5216 1155 5270 τὸν
1183 5217 1278 5271 τοῦ
1301 5218 1494 5289 ἀνδρὸς
1522 5218 1704 5281 πόθον,
1737 5219 1833 5271 καὶ
1863 5218 1952 5272 διά

281 5296 457 5349 10610
478 5295 718 5366 συνεχῶς
751 5297 910 5351 αὑτὸν
937 5300 1315 5369 περιστρέφων
1344 5300 1405 5353 οὑ
1430 5300 1694 5369 παύομαι,
1722 5301 1817 5353 καὶ
1847 5300 1953 5354 ὥσ-

282 5393 393 5448 περ
436 5376 521 5441 είς
566 5376 873 5448 ἀρχέτυπον
916 5381 1100 5434 εἰκόνα
1138 5383 1278 5445 τινὰ,
1315 5384 1395 5445 είς
1430 5383 1529 5451 τὴν
1555 5381 1742 5435 τούτου
1774 5382 1953 5454 ψυχὴν

282 5458 509 5529 ἐνορῶν,
549 5459 923 5532 ἐκπλήττομαι
965 5456 1301 5518 τῶν-παθῶν
1342 5463 1442 5534 τὴν
1489 5464 1809 5534 ὑπεροψίαν,
1851 5466 1951 5535 τῆς

280 5540 535 5611 ἀνδρείας
563 5541 661 5611 τὴν
693 5541 1015 5614 ὑπερϐολὴν,
1041 5544 1136 5598 τοῦ
1169 5546 1390 5617 φίλτρου
1418 5545 1511 5599 106
1548 5546 1683 5616 πρὸς
1706 5545 1795 5599 τὸν
1816 5547 1950 5602 Θεὸν

281 5622 343 5676 16
366 5622 651 5693 διάπυρον,
690 5624 785 5677 καὶ
814 5625 1116 5697 λογίζομαι,
1142 5628 1224 5680 ὅτι
1252 5629 1431 5681 πᾶσαν
1458 5628 1566 5683 τῶν
1603 5629 1811 5698 ἀρετῶν
1846 5630 1948 5700 τὴν

284 5703 607 5775 συναγωγὴν
662 5699 743 5769 εἷς
782 5705 1066 5776 ἄνθρωπος
1120 5709 1397 5781 βουληθεὶς
1444 5709 1791 5781 κατώρθωσε·
1849 5699 1944 5767 καὶ

280 5786 441 5857 ἡμῶν
493 5787 722 5851 ἕκαστος
767 5790 887 5843 οὑδέ
927 5791 987 5844 16
1016 5793 1178 5863 τυχὸν
1216 5793 1511 5863 κατορθοῦν
1553 5794 1817 5864 βούλεται.
1849 5795 1946 5859 Τίς

342 5890 369 5920 ⁸
392 5888 567 5940 Ἁοῐει.
593 5890 648 5939 ἐκ
666 5889 752 5940 τοῦ
775 5895 1093 5956 παρελθόντος.

1549 299 1628 358 ΙΝ»
1652 301 1804 359 CAP.
1838 299 1885 358 Il
1922 301 2170 361 GENES.
2207 302 2456 363 “Olli...
2481 304 2574 361 XI.
3694 305 3764 365 90

2098 410 2193 470 οὖν
2228 418 2375 489 ἡμᾶς
2410 418 2757 490 {ﬁngi-‘63“:
2789 417 2889 490 τῆς
2925 416 3196 483 κολάσεως
3225 416 3324 489 τῆς
3361 417 3762 493 ἀπαραιτήτου,

2096 499 2224 553 ὅταν
2251 500 2458 573 καὶτῆς
2494 501 2663 571 αὑτῆς
2692 503 2822 573 ἡμῖν
2851 501 3123 556 κοινωνῶν
3148 500 3383 570 φύσεως,
3410 503 3504 555 καὶ
3530 507 3643 570 τοῖς
3672 505 3763 560 αύ-

2095 587 2210 647 τοῖς
2241 585 2468 642 πάθεσιν
2495 587 2873 657 ὑποκείμενος,
2903 588 2995 640 καὶ
3027 588 3084 641 ἐν
3111 586 3347 659 τοσαύτῃ
3380 588 3589 660 καιρῶν
3634 590 3764 644 δυσ-

2097 672 2253 744 κολίᾳ
2280 675 2297 696 ’
2326 673 2584 742 γεγονὼς,
2614 674 2734 729 καθ’
2762 675 2996 745 ἑκάστην
3030 674 3263 747 ἡμέραν,
3299 676 3375 740 ὡς
3406 677 3598 742 είπεῖν,
3620 677 3768 732 ἑλκό-

2101 776 2280 829 μενος,
2323 763 2784 834 σπαραττόμενος,
2807 762 2903 816 καὶ
2930 763 3162 834 δημοσίᾳ
3192 763 3487 835 συρόμενος
3520 764 3627 818 ὑπδ
3654 766 3765 819 τῶν

2095 848 2174 919 τῷ
2215 849 2532 921 κηρύγματι
2570 851 2969 922 πολεμούντων,
3021 852 3072 905 οἳ
3104 852 3198 905 καὶ
3231 853 3550 923 νομίσαντες
3601 855 3765 908 αὑτὸν

2097 934 2355 999 πολλάκις
2381 936 2653 1002 τεθνάναι,
2674 937 2794 991 τότε
2823 937 3033 1005 λοιπὸν,
3066 937 3142 1001 ώς
3171 939 3249 1002 είς
3268 938 3429 1010 ἔργον
3462 940 3764 1008 ἀγαγόντες

2097 1019 2195 1090 τὴν
2225 1021 2450 1093 φονικὴν
2474 1022 2652 1077 αὐτῶν
2689 1020 2934 1093 γνώμην,
2962 1022 3104 1077 οὕτω
3136 1023 3459 1090 κατέλιπον;
3496 1026 3765 1097 Εὑρίσκε-

2095 1108 2185 1160 ταί
2215 1124 2298 1172 τις
2332 1108 2490 1179 ἡμῶν
2520 1109 2772 1164 τοσοῦτον
2808 1110 3038 1182 μέγεθος
3067 1111 3267 1183 ἀρετῆς
3299 1111 3761 1182 ἐπιδεικνύμενος,

2095 1192 2268 1257 οὕτως
2305 1195 2798 1260 ἀναπεπτωκότων,
2841 1197 2936 1250 καὶ
2977 1198 3209 1269 τοσαύτῃ
3255 1198 3497 1271 ῥαθυμίᾳ
3537 1201 3764 1265 ἑαυτοὺς

2095 1279 2467 1333 ἐκδεδωκότων
2489 1297 2503 1346 ;
2542 1282 2684 1334 Ἀλλ’
2715 1283 2801 1336 ἵνα
2827 1282 2902 1354 μὴ
2925 1282 3075 1354 παρά
3102 1284 3198 1352 τῆς
3219 1285 3497 1356 ἡμετέρας
3518 1284 3763 1358 γλώττης

2095 1366 2328 1437 ἀκούητε
2375 1367 2443 1421 16
2473 1368 2623 1438 παρά
2667 1369 2760 1422 τοῦ
2803 1370 3071 1441 μακαρίου
3111 1370 3298 1423 τούτου
3341 1372 3759 1443 κατορθώματα,

2095 1452 2191 1505 καὶ
2239 1453 2336 1522 τὴν
2390 1454 2671 1525 ἀνδρείαν,
2708 1457 2774 1527 ἢν
2831 1457 2970 1529 ὑπὲρ
3020 1458 3113 1511 τοῦ
3142 1458 3171 1498 ι)
3199 1459 3301 1530 τῆς
3341 1459 3620 1525 εὐσεϐείας
3660 1479 3762 1532 κη-

2099 1538 2374 1609 ρύγματος
2416 1542 2538 1594 καθ’
2574 1542 2819 1613 ἑκάστην.
2850 1543 3210 1611 ἐπεδείκνυτο,
3257 1547 3551 1615 ἀναγκαῖον
3592 1548 3757 1601 αὑτοῦ

2094 1626 2610 1697 ἀκοῦσαιλέγοντος.
2664 1630 2854 1685 Ἠνίκα
2890 1631 3096 1701 γὰρείς
3129 1633 3373 1704 ἀνάγκην
3406 1634 3642 1705 κατέστη
3673 1635 3760 1689 διὰ

2092 1712 2191 1781 τὴν
2214 1712 2323 1766 τῶν
2353 1713 2812 1783 ψευδαποστόλωνε
2833 1717 3051 1785 ἀπάτην
3081 1716 3149 1771 16
3192 1719 3394 1773 ἑαυτοῦ
3430 1719 3754 1790 διηγεῖσθαι·

2092 1791 2233 1845 οὑτω
2262 1794 2368 1865 γάρ
2395 1791 2462 1865 ἦν
2493 1796 2640 1867 αὐτῷ
2666 1796 2824 1851 τοῦτο
2852 1797 2987 1869 βαρὺ
3015 1799 3109 1851 καὶ
3128 1800 3381 1870 ἐπαχθὲς,
3410 1800 3486 1865 ὡς
3515 1802 3608 1854 καὶ
3628 1802 3759 1855 ἀνα-

2091 1872 2331 1939 δύεσθαι,
2365 1878 2457 1929 καὶ
2481 1877 2746 1948 μηδέποτε
2777 1878 3060 1949 βούλεσθαι
3085 1881 3255 1934 ταῦτα
3286 1883 3365 1945 είς
3393 1882 3557 1951 μέσον
3579 1882 3756 1951 ἄγειν,

2091 1956 2225 2009 ἀλλά
2247 1958 2342 2011 καὶ
2362 1959 2566 2030 τολμᾷν
2593 1961 2780 2015 ἐαυτὸν
2811 1962 2995 2017 καλεῖν
3022 1962 3360 2034 βλάσφημον;
3384 1963 3477 2017 καὶ
3498 1963 3751 2034 διώκτην·

2092 2042 2276 2116 ἐπειδὴ
2309 2046 2366 2099 δέ
2403 2046 2602 2118 πολλὴν
2629 2045 2734 2101 εἶδε
2759 2049 2855 2120 τὴν
2884 2050 3149 2122 ἀνάγκην,
3172 2052 3314 2124 ὑπὲρ
3333 2053 3425 2105 τοῦ
3451 2062 3474 2092 ο
3510 2052 3756 2124 ἀπορρά-

2090 2128 2188 2198 ψαι
2215 2131 2284 2184 τά
2312 2133 2555 2204 στόματα
2587 2134 2696 2189 τῶν
2713 2137 3061 2204 ἀπατεώνων,
3086 2140 3181 2192 καὶ
3207 2138 3408 2210 μικράν
3439 2138 3626 2194 δοῦναι
3655 2140 3755 2210 τὴν

2091 2217 2418 2289 παραψυχὴν
2437 2223 2547 2285 τοῖς
2573 2222 3057 2294 μαθητευομένοις,
3077 2225 3217 2279 οὕτω
3247 2243 3363 2289 πως
3385 2225 3586 2300 ἤρξατο
3613 2228 3753 2297 μετά

2086 2302 2148 2356 16
2199 2304 2369 2358 πολλά
2421 2306 2581 2378 ἐτερα
2630 2310 2822 2362 εἰπεῖν·
2866 2313 2969 2365 Ἐν
2997 2305 3046 2378 ᾧ
3074 2312 3126 2364 δ’
3159 2313 3238 2365 ἄν
3281 2330 3370 2379 τις
3415 2310 3627 2383 τολμᾷ,
3679 2314 3753 2367 ἐν

2088 2389 2403 2460 ἀφροσύνῃ
2450 2393 2625 2463 λέγω,
2664 2394 2862 2465 τολμῶ
2900 2396 3080 2467 κάγώ.
3121 2396 3323 2450 Σκόπει
3373 2397 3552 2469 ψυχὴν
3596 2398 3751 2468 φιλό-

2089 2474 2230 2540 θεον,
2264 2477 2324 2530 οὑ
2358 2478 2518 2548 μόνον
2542 2480 2766 2551 τόλμαν,
2792 2480 2929 2535 ἀλλά
2956 2482 3051 2535 καὶ
3086 2482 3394 2556 ἀφροσύνην
3432 2484 3492 2537 16
3518 2486 3751 2556 πρᾶγμα

2088 2561 2259 2627 καλεῖ,
2287 2563 2554 2618 παιδεύων
2577 2567 2723 2637 ἡμᾶς
2751 2568 2960 2639 μήποτε
2985 2567 3169 2633 ἀπλῶς
3199 2570 3325 2624 ἄνευ
3358 2569 3622 2642 ἀνάγκης,
3653 2572 3750 2625 καί⁵

2089 2647 2313 2718 μηδενὸς
2370 2652 2893 2720 καταναγκάζοντος,
2941 2653 3011 2707 τά
3059 2656 3147 2724 ὑφ’
3185 2654 3341 2727 ἡμῶν
3409 2657 3751 2728 γεγενημένα

2086 2734 2478 2804 ἐκπομπεύειν,
2515 2738 2569 2791 εί
2596 2739 2659 2807 γέ
2679 2757 2821 2803 τινες
2860 2741 2920 2808 ἐξ
2947 2741 3105 2813 ἡμῶν
3137 2744 3409 2815 εὑρεθεῖεν
3451 2744 3656 2814 ἀγαθόν
3694 2763 3752 2799 τι

2086 2821 2469 2892 ἐργασάμενοι.
2513 2826 2614 2879 Ἐν
2642 2818 2769 2893 ᾧδ*
2792 2826 2873 2882 ἄν
2902 2846 2993 2894 τις
3021 2831 3232 2900 τολμᾷ,
3261 2833 3445 2903 φησὶν,
3476 2834 3545 2887 ἐν
3564 2833 3749 2902 dypy-

2083 2909 2243 2977 σύνῃ
2274 2909 2446 2979 λέγω,
2486 2912 2685 2983 τολμῶ
2713 2915 2891 2984 κάγώ·
2921 2916 3066 2971 τοῦτ’
3096 2918 3289 2983 ἔστιν,.
3318 2919 3502 2990 ἐπειδὴ
3547 2919 3750 2992 πολλὴν

2083 2995 2194 3067 ὁρῶ
2227 2996 2323 3068 τὴν
2359 2998 2624 3069 ἀνάγκην,
2656 3002 2925 3073 τολμῆσαι
2948 3003 3254 3075 βούλομαι,
3296 3006 3389 3060 καὶ
3434 3006 3747 3079 ἀφροσύνης

2081 3083 2240 3153 ἔργον
2277 3085 2667 3151 ἐπιδείξασθαι.
2715 3089 2964 3156 Ἐϐραῖοί
2989 3093 3127 3156 εἰσι,
3161 3090 3338 3161 κάγώ’
3379 3093 3748 3162 Ἰσραηλῖται

2078 3170 2221 3234 εἱσι,
2264 3170 2441 3241 κάγώ·
2491 3172 2728 3243 σπέρμα
2766 3176 3012 3246 Ἁϐραάμ
3052 3179 3192 3240 εἱσι,
3230 3177 3407 3245 κάγώ.
3448 3178 3574 3233 Ἐπὶ
3617 3179 3744 3234 τού-

2078 3272 2210 3321 τοις,
2244 3258 2394 3329 φησὶ.
2431 3260 2573 3330 μέγα
2603 3261 2858 3333 φρονοῦσι
2886 3280 2901 3296 ·
2941 3264 3015 3334 μὴ
3063 3263 3431 3334 νομιζέτωσαν
3462 3265 3744 3322 λείπεσθαι

2079 3344 2244 3427 ἡμᾶς*
2266 3370 2271 3373 -
2295 3346 2391 3400 καὶ·
2419 3346 2528 3419 γάρ
2566 3349 2661 3402 καὶ
2706 3350 2867 3420 ἡμεῖς
2904 3349 3013 3405 τῶν
3049 3350 3227 3405 αὐτῶν
3266 3353 3583 3423 μετέχομεν.
3624 3353 3739 3427 [89]

2078 3426 2209 3483 Εἶτα
2247 3432 2514 3502 ἐπήγαγε,
2546 3434 2815 3491 Διάκονοι
2850 3437 3108 3507 Χριστοῦ
3155 3441 3293 3508 εἱσι,
3342 3426 3742 3512 παραφρονῶ

2074 3516 2262 3583 λαλῶ,
2290 3520 2444 3588 ὑπὲρ
2470 3520 2609 3590 ἐγώ.

2146 3610 2218 3668 ς’.
2235 3603 2344 3659 Θέα
2369 3623 2458 3676 μοι
2477 3607 2728 3675 ἐνταῦθα,
2746 3612 3015 3684 ἀγαπητέ,
3028 3613 3122 3667 106
3144 3614 3413 3687 μακαρίου
3431 3614 3759 3689 τούτουτῆς.

2071 3690 2250 3763 ψυχῆς
2271 3695 2372 3765 τὴν
2388 3695 2612 3767 ἀρετήν.
2650 3698 2867 3770 Ἐπειδὴ
2894 3701 3003 3771 γάρ
3029 3702 3121 3754 καὶ
3145 3703 3347 3772 τόλμαν
3369 3704 3464 3756 καὶ
3493 3703 3737 3774 ἀφροσύ-

2071 3794 2169 3849 νην
2196 3780 2419 3834 ἐκάλεσε
2444 3781 2504 3834 τὸ
2528 3783 2893 3855 γεγενημένον
2923 3786 3015 3839 ὑπ’
3038 3786 3222 3850 αὑτοῦ,
3247 3787 3420 3842 καίτοι
3440 3790 3521 3853 είς
3541 3789 3739 3843 τοσαύ-

2068 3882 2168 3936 την
2189 3866 2430 3940 ἀνάγκην
2451 3871 2745 3936 καταστάς,
2768 3871 2890 3925 οὑδὲ
2918 3872 3090 3937 οὑτως
3113 3874 3355 3945 ἠρκέσθη
3384 3878 3495 3939 τοῖς
3514 3877 3735 3948 είρημέ-

2070 3970 2200 4017 νοις·
2231 3954 2344 4008 ἀλλ’
2372 3956 2461 4009 ὅτε
2484 3956 2707 4027 ἔμελλεν
2739 3959 2929 4013 ἐαυτὸν
2951 3960 3223 4014 δεικνύναι
3246 3961 3425 4033 πολλῷ
3447 3963 3525 4033 τῷ
3548 3963 3733 4036 μέτρῳ

2068 4039 2307 4104 ἐκείνους
2338 4042 2845 4113 ὑπερακοντίζοντα,
2889 4047 2975 4099 ίνα
3016 4047 3090 4118 μή
3126 4065 3210 4111 τις
3244 4050 3437 4122 νομίσῃ
3475 4050 3585 4103 ἀπὸ
3613 4050 3733 4116 φιλ-

2067 4128 2259 4192 αυτίας
2282 4129 2443 4184 αὑτὸν
2467 4130 2638 4186 ταῦτα
2668 4132 3019 4201 φθέγγεσθαι,
3050 4133 3212 4187 πάλιν
3240 4134 3548 4206 ἀφροσύνην
3575 4135 3733 4190 καλεῖ

2066 4213 2126 4267 16
2154 4214 2182 4255 ά
2218 4217 2352 4289 παρ’
2379 4217 2542 4271 αὑτοῦ
2580 4218 2893 4290 λεγόμενον,
2931 4221 3211 4292 μονονουχὶ
3251 4221 3440 4289 λέγων·
3491 4223 3567 4294 μὴ
3624 4223 3730 4294 γάρ

2064 4301 2164 4354 οὑκ
2190 4299 2329 4365 οἶδα,
2357 4303 2439 4355 ὅτι
2461 4305 2695 4376 πρᾶγμα
2734 4305 2872 4359 ποιῶ
2895 4309 3009 4370 τοῖς
3038 4306 3252 4371 πολλοῖς
3275 4309 3725 4380 προσιστάμενον,

2064 4386 2158 4439 καὶ
2186 4387 2286 4440 οὑκ
2315 4387 2439 4459 ἐμοί⁵
2462 4390 2702 4460 πρέπον;
2732 4392 2848 4445 ἀλλ’
2870 4394 2905 4463 ἡ
2932 4392 3101 4465 πολλή
3141 4411 3210 4464 με
3231 4395 3444 4465 ἀνάγκη
3467 4396 3547 4458 είς
3568 4396 3727 4450 τοῦτο

2065 4472 2422 4543 συνωθήσασα
2453 4475 2784 4539 ἐκϐιάζεται·
2818 4477 2897 4531 6:6
2919 4478 3195 4547 σύγγνωτέ
3223 4497 3333 4550 μοι,
3364 4481 3517 4551 φησι,
3551 4499 3727 4554 παρα-

2062 4556 2335 4628 φροσύνης
2369 4560 2590 4630 ῥήματα
2633 4560 3005 4633 φθεγγομένῳ.
3039 4564 3242 4618 Τούτου
3284 4565 3388 4620 κάν
3426 4567 3527 4636 τὴν
3566 4568 3723 4624 σκιάν

2064 4642 2433 4714 μιμησώμεθα
2479 4646 2641 4716 ἡμεῖς
2683 4649 2732 4701 οί
2773 4648 3009 4703 τοσαῦτα
3060 4652 3257 4722 φορτία
3309 4653 3722 4725 ἁμαρτημάτων

2059 4729 2273 4799 ἔχοντες
2323 4731 2663 4803 ἐπικείμενα,
2718 4735 2829 4789 καὶν
2869 4736 3133 4801 πολλάκις
3178 4738 3261 4791 ἐν
3285 4755 3339 4791 τι
3377 4739 3549 4810 βραχὺ
3594 4757 3722 4794 κατ-

2058 4817 2363 4887 ορθοῦντες,
2405 4820 2499 4873 καὶ
2535 4820 2656 4875 οὑδέ
2687 4820 2843 4875 τοῦτο
2884 4825 2963 4887 είς
2999 4824 3067 4877 τά
3101 4826 3323 4895 ταμιεῖα
3358 4824 3457 4893 τῆς
3488 4824 3719 4890 διανοίας

2059 4902 2345 4971 φυλάττειν
2369 4906 2703 4977 ἀνεχόμενοι,
2734 4908 2867 4962 άλλά
2895 4908 2983 4962 διά
3003 4909 3063 4961 16
3078 4908 3175 4978 τὴν
3208 4907 3492 4979 ωράοτῶν
3513 4910 3721 4982 ἀνθρώ-

2057 5005 2177 5042 πων
2203 4989 2472 5063 θηρᾶσθαι
2497 4994 2652 5061 δόξαν
2685 4994 3142 5064 ἐκπομπεύοντες,
3178 4994 3271 5047 καὶ
3296 4995 3375 5057 είς
3399 4995 3559 5064 μέσον
3588 5014 3719 5069 προα

2053 5076 2314 5141 τιθέντες,
2340 5080 2435 5132 καὶ
2457 5079 2544 5132 διά
2580 5078 2682 5149 τῆς
2714 5079 2940 5150 ἀκαίρου
2972 5078 3173 5144 ταύτης
3202 5080 3466 5153 φλυαρίας
3491 5085 3590 5155 τῆς
3615 5102 3718 5139 πα-

2059 5162 2126 5233 ρὰ
2150 5163 2243 5216 τοῦ
2266 5163 2401 5217 Θεοῦ
2420 5165 2649 5235 ἀμοιϐῆς
2671 5167 3362 5237 ἐαυτοὺςάποστεροῦντες.
3403 5168 3541 5223 Ἀλλ’
3569 5172 3667 5241 οὑχ
3687 5175 3716 5226 6

2058 5252 2326 5321 μακάριος
2358 5243 2515 5315 0610;
2544 5252 2785 5307 τοιοῦτόν
2812 5271 2865 5308 τι
2890 5253 3175 5309 πέπονθεν.
3212 5254 3370 5309 Ἀλλά
3387 5255 3443 5309 τί
3465 5273 3480 5322 ;
3513 5258 3714 5313 Διάκο-

2052 5354 2145 5389 νοι
2166 5339 2422 5405 Χριστοῦ
2434 5341 2552 5393 εἰσι
2569 5350 2612 5403 ο,
2637 5341 2790 5411 φησὶ,
2814 5341 3211 5411 παραφρονῶν
3221 5343 3396 5414 λέγω,
3412 5343 3565 5413 ὑπὲρ
3578 5345 3711 5415 ἐγώ·

2052 5418 2171 5476 εἶτα
2192 5423 2380 5478 λοιπὸν
2404 5424 2654 5479 ἐντεῦθεν
2676 5427 2859 5480 ἐκεῖνα
2897 5429 2977 5491 είς
3003 5428 3168 5499 μέσον
3198 5429 3343 5498 ἀγει,
3376 5424 3452 5485 ὧν
3470 5433 3518 5485 οί
3545 5432 3711 5501 ψευδ-

2050 5509 2335 5563 απόστολοι
2366 5510 2520 5566 οὐδὲν
2562 5508 2704 5584 ἦσαν
2740 5513 3181 5583 ἐπιδεδειγμένοι.
3231 5516 3356 5579 Πῶς
3387 5517 3494 5587 γάρ
3518 5517 3568 5569 οί
3615 5518 3710 5570 καὶ

2047 5599 2115 5666 τῇ
2144 5596 2372 5668 ἀληθεία
2393 5597 2774 5669 πολεμοῦντες,
2807 5602 2944 5671 πρὸς
2969 5602 3031 5654 τὸ
3063 5602 3349 5673 ἐμποδίσαι
3394 5601 3472 5672 τῷ
3495 5602 3706 5673 κηρύγ-

2110 5714 2141 5784 ιξ
2286 5715 2571 5784 a_lii_pm!er
2586 5715 2716 5784 3101f.
2739 5718 2822 5778 qui
2847 5717 2995 5784 hal_)_et
3016 5719 3121 5784 περὶ
3144 5717 3248 5784 τοῦ.
3308 5777 3320 5784 _
3434 5774 3478 5784 η
3499 5774 3510 5784 ι

2114 5775 2139 5840 (ξ
2166 5774 2403 5840 ᾼΙῇίηῦπὸξ
2436 5776 2558 5840 τοῦ.
2586 5778 2738 5827 Paulo
2757 5774 2890 5840 'post
2915 5774 3091 5840 Morel:
3135 5780 3253 5838 μετά
3273 5777 3333 5823 τὰ
3370 5774 3523 5840 πολλᾷ
3543 5774 3696 5840 ζτερα,

2115 5834 2142 5874 ά
2161 5837 2359 5900 Cpislin.
2383 5838 2655 5900 ἀφροσύνην,
2675 5832 2807 5885 λαλεῖ
2828 5839 2901 5888 τό.
2924 5838 3091 5900 Aliqui
3115 5832 3475 5899 παραφροσύνην
3496 5832 3697 5885 habcm.

2122 5907 2147 5937 ο
2174 5896 2347 5948 Morel.
2375 5896 2584 5947 διάκονοι
2602 5899 2691 5962 γάρ
2709 5900 2817 5949 εἰσι.
