4074 6134
410 300 482 357 97

415 415 763 479 obsisterent,
813 425 878 466 ac
926 418 1136 466 mentes
1179 409 1568 479 simpliciorum
1597 406 2009 464 subverterent?

417 508 586 575 Igitur
611 514 670 559 ut
696 504 849 570 dixit,
878 502 1007 557 Plus
1034 519 1146 573 ego,
1175 510 1453 557 enumerat
1474 510 1657 571 postea
1682 498 2012 555 fortitudinis

418 613 533 652 suae
564 598 818 666 prmclara
846 610 1033 666 opera,
1063 604 1117 648 et
1139 594 1309 662 inquit
1335 608 1349 644 :
1379 592 1447 646 In
1471 592 1729 647 laboribus
1758 591 2010 662 plurimis,

421 690 475 741 in
507 688 672 755 plagis
697 702 857 755 supra
894 685 1098 738 modum
1122 725 1136 748 ,
1187 684 1241 736 in
1268 683 1509 735 mortibus
1533 682 1835 751 frequenter.
1878 678 2015 747 Quid

422 779 595 833 dicis?
623 777 959 847 Stupendum
986 784 1041 830 et
1060 774 1372 829 admirabile
1401 782 1484 828 est
1508 773 1647 843 quod
1674 788 1703 826 a
1727 781 1778 827 te
1804 773 2011 826 dicitur.

427 871 593 923 Estne
620 868 763 923 enim
795 867 1067 937 possibile,
1104 874 1161 919 ut
1188 865 1308 934 quis
1332 878 1475 933 saepe
1503 864 1794 918 moriatur?
1818 862 2013 925 Etiam,

425 958 645 1030 inquit,
692 957 939 1028 quamvis
978 972 1083 1010 non
1129 956 1319 1010 mortis
1360 954 1689 1024 experientia
1717 994 1732 1019 ,
1780 963 2014 1007 attamen

426 1049 692 1105 moriendi
734 1047 1047 1117 proposito:
1078 1046 1277 1101 docens
1307 1060 1425 1111 nos,
1455 1044 1680 1100 subinde
1705 1058 1763 1098 se
1788 1043 1857 1097 ob
1882 1056 2018 1110 prm—

432 1142 754 1197 dicationem
784 1139 975 1195 mortis
1003 1138 1235 1208 pericula
1260 1137 1455 1191 adiisse
1473 1176 1489 1201 ,
1511 1135 1606 1191 sed
1647 1135 1738 1190 Dei
1764 1134 1930 1204 gratia
1964 1133 2016 1187 in

433 1233 628 1289 mediis
656 1231 905 1302 periculis
936 1230 1193 1284 athletam
1236 1236 1507 1283 servatum
1531 1266 1547 1293 ,
1590 1240 1699 1295 quo
1741 1225 2015 1293 discipulis

431 1325 601 1393 magis
628 1322 925 1393 prodesset.
968 1319 1035 1373 In
1073 1319 1347 1385 mortibus,
1391 1317 1582 1387 inquit,
1630 1317 1955 1385 frequenter:
1984 1331 2017 1368 a

428 1416 635 1471 Judwis
658 1414 921 1485 quinquies
943 1412 1279 1482 quadraginta
1300 1410 1479 1479 plagas
1500 1425 1604 1461 una
1630 1408 1794 1460 minus
1820 1407 2014 1475 accepi,

431 1518 508 1560 ter
535 1507 685 1576 virgis
723 1520 882 1558 caesus
906 1519 1041 1566 sum,
1066 1501 1222 1555 semel
1262 1500 1553 1569 lapidatus,
1592 1507 1665 1551 ter
1693 1496 2018 1566 naufragium

434 1602 554 1669 feri,
569 1608 831 1653 noctemac
859 1598 991 1651 diem
1012 1597 1067 1651 in
1086 1594 1341 1666 profundo
1363 1594 1478 1663 egi;
1503 1595 1557 1646 in
1572 1592 1833 1646 itineribus
1859 1607 2013 1660 stupe,

436 1688 677 1760 periculis
719 1688 982 1758 (luminum
1010 1725 1037 1752 γ
1073 1684 1307 1753 periculis
1356 1684 1608 1737 latronum
1632 1723 1647 1748 ,
1696 1680 1930 1751 periculis
1959 1696 2023 1733 ea:

436 1796 638 1850 genere,
669 1776 907 1847 periculis
934 1792 1005 1830 ea:
1025 1775 1273 1845 gentibus,
1305 1774 1540 1842 periculis
1575 1789 1638 1826 ex
1668 1773 1813 1841 falsis
1847 1772 2023 1842 fratri-

439 1874 531 1925 bus
558 1912 573 1934 ,
618 1869 852 1939 periculis
884 1869 937 1920 in
979 1865 1257 1919 civitatibus
1286 1905 1302 1931 ,
1353 1864 1590 1933 periculis
1628 1864 1682 1917 in
1715 1864 2018 1927 solitudine,

442 1962 681 2031 periculis
705 1962 758 2013 in
786 1960 915 2013 mari
944 1959 1020 2031 (2.
1050 1958 1167 2012 Cor.
1210 1958 1296 2011 ll.
1327 1956 1564 2025 25:26).
1606 1955 1683 2009 Nc
1712 1955 2023 2023 simpliciter

442 2063 824 2124 pmztereamus
875 2051 991 2106 haec
1042 2051 1231 2115 dicta,
1281 2048 1460 2102 dilecti
1515 2066 1530 2101 :
1581 2061 1703 2102 nam
1751 2046 2024 2116 quodlibet

444 2146 634 2199 horum
680 2159 775 2213 per
820 2158 880 2196 se
927 2141 1101 2195 solum
1145 2139 1365 2208 pelagus
1410 2136 1627 2207 aliquod
1676 2135 2023 2191 tentatiouum

444 2236 602 2290 nobis
621 2233 885 2289 ostendit.
904 2232 1023 2287 Non
1050 2232 1192 2288 enim
1213 2230 1527 2300 simpliciter
1548 2229 1648 2283 iter
1668 2244 1829 2282 unum
1855 2226 2024 2283 dixit:

444 2326 659 2396 sed,“
684 2327 945 2381 itineribus
988 2341 1124 2394 sirpe
1172 2340 1191 2378 :
1238 2338 1408 2393 neque
1447 2338 1610 2377 unum
1638 2322 1929 2393 perieulum
1973 2321 2026 2374 in

446 2418 643 2483 ﬂuviis,
674 2416 774 2472 sed
812 2417 974 2470 multa
1005 2426 1057 2470 ct
1080 2416 1253 2479 varia;
1281 2424 1336 2469 et
1371 2415 1548 2468 omnia
1591 2414 1788 2482 ingenti
1818 2411 2031 2467 fortitu-

445 2512 570 2565 dine
614 2510 752 2563 tulit.
803 2509 869 2563 Et
897 2516 1020 2578 post
1042 2507 1156 2562 hate
1183 2509 1361 2563 onmia
1397 2507 1587 2561 iterum
1616 2507 1785 2576 inquit
1815 2522 1828 2558 :
1862 2504 1930 2560 1η
1954 2506 2032 2559 la-

448 2605 565 2655 bore
585 2612 630 2655 et
656 2618 905 2667 aermna,
933 2602 984 2654 in
1010 2601 1193 2672 vigiliis
1208 2615 1362 2669 sirpe,
1387 2600 1439 2653 in
1461 2599 1597 2669 fame
1619 2611 1665 2653 et
1694 2601 1797 2667 siti,
1821 2599 1873 2653 in
1890 2601 2033 2670 jeju-

447 2697 545 2748 niis
570 2711 722 2763 sirpe,
743 2696 796 2747 in
824 2695 1011 2765 [rigore
1029 2704 1077 2747 et
1102 2694 1348 2760 nuditate,
1372 2703 1553 2763 praeter
1578 2692 1671 2747 illa
1689 2708 1803 2763 quin
1831 2693 2028 2747 extrin-

446 2801 588 2838 secus
616 2794 732 2839 sunt
768 2783 877 2853 (Ib.
907 2800 955 2837 υ.
981 2784 1069 2837 27.
1097 2783 1214 2855 28).

519 2876 575 2930 7.
613 2874 766 2929 Pauli
790 2890 1029 2929 inminuat
1056 2876 1227 2929 varice.
1257 2904 1329 2915 —-
1355 2874 1485 2929 Vide
1527 2875 1716 2929 iterum
1756 2873 1896 2928 aliud
1936 2888 2031 2944 pe-

449 2969 601 3039 lagus
630 2969 978 3022 tentationum
1012 2967 1166 3021 nobis
1194 2967 1406 3035 aperiri.
1440 2966 1509 3021 Ut
1533 2968 1678 3021 enim
1702 2966 1855 3032 dixit,
1887 2966 2035 3020 Prw-

452 3068 527 3111 tcr
554 3058 644 3111 illa
680 3073 792 3127 quis
827 3058 1135 3111 extrinsecus
1169 3067 1308 3123 sunt,
1346 3057 1634 3112 insinuavit
1676 3058 2035 3127 praetermissa

454 3153 602 3221 plura
632 3166 774 3213 esse,
805 3166 962 3220 quam
1004 3166 1122 3221 qua:
1147 3152 1287 3206 dicta
1314 3160 1458 3205 sunt.
1490 3150 1673 3220 Neque
1700 3151 1783 3204 his
1817 3158 2039 3203 conten-

453 3254 538 3297 tus
571 3241 687 3309 fuit,
715 3257 895 3297 verum
925 3257 1022 3296 nos
1051 3242 1206 3297 docet
1237 3257 1510 3312 presseras
1534 3250 1589 3297 et
1610 3241 2038 3311 conspirationes

453 3350 585 3403 quas
610 3333 883 3397 sustinuit,
915 3334 993 3387 sic
1016 3332 1199 3387 dicens
1232 3349 1245 3385 :
1275 3332 1529 3387 Instantia
1575 3349 1684 3386 mea
1721 3333 2036 3403 quotidiana,

454 3425 741 3477 sollicitudo
760 3426 983 3477 omnium
1009 3423 1375 3477 Ecclesiarum.
1401 3424 1537 3479 Ecce
1562 3423 1665 3477 hoc
1688 3424 1885 3477 bonum
1906 3439 2039 3492 opus

458 3516 540 3569 vel
560 3516 772 3571 unicum
790 3516 1060 3569 sufficiens
1076 3524 1179 3580 est,
1194 3526 1249 3569 ut
1266 3531 1506 3570 summus
1524 3516 1622 3587 ipsi
1640 3516 1889 3570 virtutum
1905 3531 2041 3584 apex

458 3607 762 3661 tribuatur:
805 3605 1137 3672 Sollicitudo,
1182 3606 1373 3674 inquit,
1414 3608 1637 3659 omnium
1672 3605 2041 3673 Ecclesiarum,

458 3712 565 3750 non
585 3697 765 3760 unius,
785 3696 871 3751 vel
893 3696 1145 3762 duarum,
1172 3698 1253 3751 vel
1278 3699 1460 3763 trium,
1516 3697 1609 3752 sed
1645 3697 1882 3752 omnium
1924 3712 2043 3766 qua:

459 3790 512 3842 in
567 3798 676 3842 toto
721 3788 873 3842 orbe.
918 3786 1055 3842 Nam
1094 3798 1345 3856 quantam
1388 3796 1582 3842 terram
1617 3788 1697 3841 sol
1740 3788 1899 3842 radiis
1934 3788 2045 3842 suis

464 3881 713 3944 illustrat,
743 3888 945 3934 tantam
974 3895 1157 3934 curam
1186 3890 1240 3934 et
1268 3879 1679 3935 sollicitudinem
1702 3879 1885 3933 habuit
1906 3880 2042 3934 Pau-

462 3970 563 4023 lus.
593 3969 784 4023 Vidisti
805 3970 1137 4024 latitudinem
1168 3971 1373 4025 animi?
1405 3970 1581 4026 vidisti
1607 3972 1802 4025 mentis
1843 3972 2045 4039 magni-

462 4060 743 4115 tudinem?
772 4059 889 4115 Jam
932 4061 1071 4131 quod
1108 4060 1475 4129 subsequitur,
1514 4062 1691 4114 omnia
1732 4062 2042 4131 superiora,

462 4165 519 4206 ut
544 4154 613 4207 ita
652 4154 847 4219 dicam,
886 4154 1140 4223 contegit.
1196 4153 1323 4219 Quis
1348 4155 1489 4208 enim
1518 4155 1827 4220 inﬁrmatur,
1854 4155 2041 4224 inquit,

458 4258 506 4300 et
531 4264 621 4315 ego
647 4263 747 4300 non
789 4246 1067 4315 inﬁrmor?
1120 4247 1237 4313 quis
1275 4246 1679 4310 scandalizatur,
1721 4255 1768 4300 et
1811 4263 1900 4316 ego
1943 4264 2043 4301 non

460 4353 580 4390 uror
604 4336 622 4407 (
647 4338 701 4390 2.
728 4337 849 4391 Cor.
880 4339 965 4391 Η.
990 4337 1061 4392 29
1108 4337 1131 4407 )
1156 4338 1178 4391 ?
1209 4338 1388 4407 Papae,
1412 4348 1644 4407 quantus
1664 4338 1760 4392 viri
1787 4339 1944 4406 hujus
1990 4339 2046 4392 in

462 4428 601 4481 ﬁlios
630 4444 781 4482 amor
809 4438 862 4482 ct
892 4429 1217 4497 indulgentia
1252 4430 1267 4484 ι
1298 4441 1491 4499 quanta
1533 4432 1801 4499 vigilantia
1827 4433 1841 4485 !
1872 4447 2043 4500 quan-

461 4529 656 4573 tacura
692 4522 705 4571 t
740 4520 869 4585 ρυω
906 4526 1075 4573 mater
1100 4520 1176 4573 sic
1220 4520 1486 4574 cruciatur
1512 4504 1647 4574 intra
1680 4522 1883 4576 viscera
1933 4520 2045 4574 ﬁlio

463 4608 613 4664 febre
638 4610 937 4675 laborante,
982 4618 1047 4663 et
1083 4610 1134 4663 in
1171 4610 1309 4664 lecto
1352 4610 1725 4677 decumbente,
1761 4620 1818 4665 ut
1859 4611 2045 4666 beatus

462 4701 553 4757 ille
595 4716 699 4771 pro
730 4702 919 4770 quovis
966 4702 1195 4767 inlirmo,
1242 4719 1579 4773 quocumque
1609 4704 1695 4757 ille
1719 4706 1835 4757 loco
1878 4713 2040 4770 esset,

461 4793 853 4857 infirmabatur,
885 4802 940 4847 et
968 4809 1065 4863 pro
1107 4795 1476 4849 scandalizatis
1514 4795 1805 4849 urebatur?
1852 4796 2042 4850 Consi-

459 4883 587 4938 dera
610 4884 771 4947 enim,
798 4900 1011 4953 quaeso,
1024 4886 1306 4939 verborum
1330 4887 1580 4939 latentem
1608 4888 1712 4939 vim
1747 4896 1801 4941 et
1824 4888 2045 4955 empha-

458 4976 562 5030 sin.
596 4974 711 5028 Non
737 4975 899 5041 dixit,
927 4975 1060 5042 Quis
1082 4975 1495 5040 scandalizatur,
1515 4984 1570 5029 ct
1595 4991 1694 5045 ego
1720 4990 1823 5030 nou
1848 4976 2045 5031 doleo?

458 5066 576 5131 sed,
620 5065 775 5129 Uror,
833 5066 1041 5136 inquit,
1086 5067 1353 5120 intensum
1394 5066 1547 5120 nobis
1590 5066 1829 5121 dolorem
1867 5066 2045 5121 decla-

459 5174 604 5222 rans,
630 5159 785 5227 quasi
799 5157 1198 5213 demonstraret
1216 5174 1273 5212 se
1300 5158 1620 5213 intrinsecus
1650 5159 1859 5214 incendi
1888 5169 1942 5214 et
1962 5166 2043 5213 url

457 5264 557 5318 pro
583 5250 646 5302 iis
664 5249 753 5320 qui
780 5249 1203 5305 oﬂ‘endebantur.
1231 5250 1357 5306 Scio
1382 5266 1469 5305 me
1506 5252 1560 5305 in
1588 5266 1833 5321 magnam
1884 5254 2046 5320 proli-

462 5341 691 5395 xitatem
736 5341 1045 5397 extendisse
1097 5342 1415 5408 doctrinam,
1460 5343 1704 5412 quamvis
1757 5351 2042 5397 statueram

462 5430 624 5484 hodie
651 5431 867 5486 brevior
893 5446 1036 5499 esse,
1077 5442 1135 5485 ut
1161 5432 1428 5501 paululum
1459 5448 1488 5486 a
1511 5433 1695 5502 jejnuii
1718 5434 1899 5488 labore
1920 5449 2044 5503 pos-

456 5520 577 5573 sitis
604 5521 907 5590 respirare:
933 5520 1026 5577 sed
1042 5522 1223 5576 nescio
1242 5522 1529 5589 quomodo,
1554 5532 1608 5575 ut
1639 5523 1690 5576 in
1721 5522 1930 5578 divitias
1951 5524 2046 5579 bo-

454 5626 648 5667 norum
692 5628 913 5684 operum
970 5611 1124 5683 hujus
1171 5612 1339 5668 sancti
1386 5612 1567 5681 incidi,
1623 5613 1855 5683 linguam
1907 5616 2039 5673 mihi

1543 293 1610 349 IN
1645 292 1798 350 CAP.
1828 292 1890 348 11.
1920 292 2162 350 GENES.
2204 293 2431 350 llOMlL.
2474 295 2590 353 XII.

3616 309 3683 363 98

2108 412 2257 481 quasi
2286 414 2453 481 rapidi
2484 414 2715 468 numinis
2746 414 2825 469 vis
2850 414 3041 484 rapuit.
3076 416 3362 484 Pr0ptcrea
3393 415 3499 474 hie'
3523 420 3682 476 linem

2108 503 2316 557 dicendi
2357 503 2576 570 faciens,
2600 519 2695 557 oro
2730 506 3007 559 caritatem
3048 516 3299 574 vestram,
3346 519 3402 563 ut
3444 512 3694 568 continue

2110 596 2258 649 illum
2291 597 2343 649 in
2382 604 2561 650 mente
2609 597 3013 661 circumferatis,
3057 609 3111 654 et
3156 601 3380 657 subinde
3426 607 3690 674 cogitetis,

2108 702 2229 742 cum
2287 688 2527 756 ejusdem
2577 689 2854 743 nobiscum
2892 700 3095 745 naturzc
3127 702 3452 761 constirtem,
3504 697 3690 752 iisdem

2108 778 2477 833 allectionibus
2519 779 2829 847 obnoxium,
2871 782 3138 850 opificium
3178 784 3284 839 vile
3345 801 3407 839 ac
3453 797 3695 842 content-

2110 884 2255 941 ptum
2285 881 2620 927 exercentem
2653 873 2865 941 pellium
2887 884 3145 940 sutorem,
3177 885 3230 929 et
3251 877 3301 929 in
3332 876 3559 933 oflicinis
3583 879 3692 933 fre-

2107 974 2379 1031 quentem,
2412 966 2532 1033 quia
2556 965 2723 1018 voluit
2748 973 2803 1018 et
2843 966 3080 1021 decrevit
3121 968 3372 1022 virtutum
3415 970 3590 1023 studio
3634 986 3694 1027 se

2108 1055 2505 1124 mancipare,ct
2543 1055 2788 1109 idoneum
2831 1070 2890 1110 se
2935 1058 3257 1113 constituere
3303 1062 3693 1128 receptaculum

2108 1144 2334 1215 Spiritus
2375 1146 2565 1210 sancti,
2621 1146 2817 1217 largius
2853 1164 3063 1218 quoque
3107 1163 3332 1218 superna
3383 1151 3697 1207 liberalitate

2107 1241 2331 1309 potitum
2359 1254 2497 1295 esse.
2537 1240 2603 1294 Et
2634 1256 2734 1295 nos
2774 1243 2920 1309 item,
2964 1243 3007 1295 si
3046 1241 3373 1298 voluerimus
3409 1246 3550 1314 quod
3595 1261 3692 1297 no-

2108 1342 2275 1385 strmn
2324 1342 2405 1387 est
2448 1332 2643 1400 facere,
2689 1334 2820 1388 nihil
2865 1335 3167 1404 prohibebit
3207 1336 3394 1390 eadem
3424 1352 3521 1389 nos
3556 1338 3693 1391 bona

2108 1423 2383 1492 consequi.
2424 1423 2682 1477 Liberalis
2710 1423 2850 1477 enim
2880 1434 2961 1479 est
2992 1424 3267 1487 Dominus,
3308 1434 3362 1479 ct
3413 1425 3530 1479 Vult
3578 1442 3689 1481 om-

2109 1532 2195 1568 nes
2223 1515 2447 1568 homines
2485 1516 2648 1569 salvos
2686 1516 2816 1583 ﬁeri,
2848 1526 3000 1586 atque
3038 1516 3105 1569 ad
3133 1518 3436 1587 agnitionent
3478 1520 3697 1572 veritatis

2109 1609 2375 1677 uen’re(l.
2410 1608 2543 1661 Tim.
2568 1608 2621 1663 2.
2655 1609 2687 1662 4
2710 1609 2752 1679 ).
2785 1610 2978 1679 Dignos
3008 1610 3167 1678 igitur
3210 1626 3308 1665 nos
3353 1612 3495 1680 ipsos
3541 1612 3693 1664 exhi-

2110 1702 2356 1767 beamus,
2387 1715 2447 1755 ac
2476 1700 2697 1756 ferventi
2721 1702 2991 1755 alacritate
3018 1702 3263 1757 virtutem
3295 1702 3376 1756 vel
3402 1718 3524 1757 sero
3572 1712 3692 1757 tau—

2111 1790 2230 1846 dem
2261 1791 2744 1861 apprehendamus,
2769 1801 2823 1847 et
2850 1792 3157 1846 allectioncs
3182 1802 3393 1848 nostras
3421 1794 3694 1862 corrigen-

2113 1892 2213 1949 tcs,
2238 1885 2458 1939 idoneos
2485 1901 2580 1938 nos
2611 1884 2894 1938 reddamus
2920 1883 2984 1937 ad
3013 1884 3266 1954 Spiritum
3317 1894 3559 1939 sanctum
3603 1901 3688 1940 rc-

2113 1975 2414 2045 cipicndum
2446 1994 2459 2030 :
2491 1976 2709 2045 quodut
2749 1992 3068 2041 mercamur,
3116 1976 3376 2031 concedat
3417 1978 3586 2047 gratia
3639 1985 3711 2030 ct-

2114 2069 2409 2137 benignitas
2452 2067 2659 2122 Domini
2704 2068 2867 2121 nostri
2897 2064 3018 2121 Jesu
3047 2066 3262 2134 Christi,
3286 2068 3498 2137 quicum
3557 2068 3703 2123 Patri

2115 2158 2294 2225 simul,
2326 2168 2379 2212 et
2402 2158 2601 2227 Spiritu
2649 2166 2833 2211 sancto
2855 2156 3439 2226 sitgloria,imperium
3491 2166 3545 2211 et
3593 2156 3695 2210 bo-

2116 2265 2236 2317 nor,
2266 2264 2407 2304 nunc
2435 2261 2487 2305 et
2507 2262 2741 2318 semper,
2767 2259 2820 2304 et
2843 2251 2893 2303 in
2921 2248 3114 2303 saecula
3142 2248 3476 2305 smculurum.
3502 2250 3696 2302 Amen.

2683 2404 2959 2461 IIOMILIA
3015 2403 3129 2458 XII.

2121 2519 2278 2575 Dciis
2297 2533 2415 2588 qua:
2439 2527 2737 2587 sequuntur
2766 2517 3091 2571 creationem
3121 2532 3133 2568 :
3169 2513 3271 2569 Hic
3298 2522 3369 2568 est
3394 2514 3519 2567 liber
3547 2530 3703 2584 gene-

2191 2611 2399 2665 rationis
2425 2610 2535 2663 caeli
2563 2619 2611 2662 et
2651 2619 2798 2662 teme
2826 2648 2839 2670 ,
2888 2607 3090 2677 quando
3111 2606 3245 2675 facta
3296 2614 3412 2659 sunt
3439 2620 3458 2660 :
3485 2623 3585 2676 quo
3615 2606 3700 2659 die

2195 2703 2308 2773 fecit
2339 2700 2472 2756 Deus
2500 2701 2676 2755 caelum
2697 2710 2743 2753 et
2772 2710 2959 2752 terram
2993 2697 3142 2769 (Gen.
3176 2698 3230 2751 2.
3264 2696 3341 2769 ι).

2196 2835 2250 2887 1.
2278 2833 2390 2902 Age
2437 2831 2755 2900 promissum
2800 2838 3041 2882 nostrum
3072 2825 3231 2882 hodie
3258 2826 3571 2896 impleamus
3596 2868 3610 2891 ,
3653 2836 3708 2883 et

2124 2933 2431 2979 consuetam
2451 2922 2747 2975 doctrinam
2766 2928 3074 2983 tractantes,
3093 2917 3315 2972 dicenda
3343 2932 3482 2971 nunc
3505 2917 3568 2971 iis
3590 2933 3709 2985 qua:

2126 3030 2285 3087 supra
2314 3014 2453 3069 dicta
2484 3021 2608 3067 sunt
2628 3020 3002 3067 contcxamus.
3038 3010 3199 3065 Scitis
3219 3010 3383 3078 enim,
3416 3025 3515 3065 nos
3543 3011 3710 3065 semel

2126 3116 2289 3178 atque
2318 3106 2508 3160 iterum
2538 3104 2639 3158 hoc
2657 3104 2827 3157 facere
2853 3102 3172 3167 decrevisxe,
3193 3112 3245 3156 et
3268 3101 3335 3155 ad
3376 3103 3476 3156 hoc
3500 3111 3713 3171 paratos

2127 3198 2314 3265 fuisse,
2344 3198 2435 3253 sed
2472 3212 2652 3252 curam
2681 3195 2922 3259 fratrum,
2955 3210 3111 3264 quam
3134 3194 3386 3264 gerimus,
3426 3193 3477 3247 in
3500 3194 3712 3248 illorum

2128 3288 2543 3343 admonitionem
2577 3286 2808 3355 linguam
2842 3292 3076 3338 nostram
3108 3283 3213 3337 alio
3238 3284 3498 3353 rapuisse.
3527 3284 3709 3349 Quan-

2128 3379 2413 3447 doquidem
2461 3376 2731 3432 interdum
2791 3374 3013 3428 infirmis
3052 3373 3333 3439 fratribus,
3365 3374 3556 3443 quibus
3585 3390 3713 3429 con-

2131 3478 2337 3524 suetum
2357 3476 2470 3522 erat
2489 3476 2825 3536 scquestrare
2846 3479 2903 3519 se
2923 3463 2989 3518 ab
3016 3463 3117 3517 hoc
3146 3464 3405 3533 spirituali
3426 3474 3715 3535 conventu,

2133 3573 2189 3620 et
2212 3564 2463 3619 mutilare
2510 3560 2662 3615 nobis
2689 3568 2885 3613 sancta:
2918 3558 2934 3603 ἓ
2964 3556 3260 3610 festivitatis
3284 3557 3497 3626 gaudia,
3539 3557 3710 3611 suasi-

2133 3669 2252 3709 mus
2276 3649 2607 3708 consulendo
2644 3657 2699 3703 et
2727 3648 3100 3713 exhortando,
3135 3662 3201 3701 ne
3231 3647 3431 3701 diutius
3480 3648 3547 3701 ab
3584 3647 3710 3701 ovili

2134 3747 2330 3803 Christi
2356 3744 2551 3809 absint,
2579 3750 2633 3797 et
2658 3750 2806 3795 extra
2830 3740 3035 3795 caulam
3059 3741 3193 3793 hanc
3213 3739 3537 3808 spiritualcm
3554 3739 3715 3793 aber.

2134 3848 2254 3894 rent
2288 3854 2301 3891 :
2330 3834 2544 3890 nomine
2572 3831 2784 3902 quidem
2820 3838 2874 3885 et
2912 3830 3270 3899 appellatione
3315 3828 3467 3897 nobis
3508 3829 3713 3897 juncti,

2134 3945 2322 3986 revera
2348 3938 2524 3984 autem
2549 3929 2761 3983 .Iudatos
2779 3936 3063 3992 sectantes,
3082 3926 3170 3996 qui
3192 3924 3374 3979 adhuc
3400 3926 3603 3979 umbra:
3626 3939 3713 3978 as-

2135 4022 2331 4087 sident,
2359 4021 2698 4089 luccrnscque
2734 4018 2929 4074 addicti
2975 4027 3119 4083 sunt,
3153 4025 3431 4087 postquam
3455 4016 3717 4085 soljusti—

2140 4115 2224 4168 ιὶιΒ
2255 4112 2464 4177 illuxit;
2496 4111 2760 4165 interdum
2790 4111 2948 4164 etiam
2972 4108 3205 4163 nondum
3238 4107 3470 4163 initiatos
3491 4108 3591 4175 (a),
3624 4108 3713 4174 qui

2138 4205 2191 4259 in
2232 4212 2374 4260 cmtu
2419 4203 2676 4267 aderant,
2708 4201 2903 4256 hortati
2943 4214 3128 4253 sumus
3153 4241 3167 4265 ,
3209 4208 3267 4253 ut
3290 4197 3357 4252 ad
3386 4198 3715 4265 spiritualcm

2138 4296 2473 4350 vocationem
2540 4299 2852 4354 accurrant,
2903 4304 3235 4358 excussoque
3287 4289 3434 4343 omni
3497 4287 3718 4357 ignavia:

2137 4403 2348 4452 somno,
2378 4387 2603 4441 ferventi
2630 4384 2918 4449 desiderio,
2943 4393 2997 4438 et
3026 4384 3224 4454 ingenti
3263 4384 3536 4438 alacritate
3564 4396 3720 4453 para-

2139 4489 2222 4533 tos
2264 4494 2322 4533 se
2362 4478 2427 4532 ad
2462 4476 2799 4546 suscipienda
2842 4476 2989 4545 regia
3038 4490 3263 4529 munera
3314 4481 3611 4543 prsestent,
3664 4482 3717 4527 et

2137 4577 2423 4639 pr0pcrcnt
2449 4567 2515 4621 ad
2536 4582 2657 4621 eum
2678 4566 2767 4637 qui
2789 4565 3154 4620 remissionem
3175 4564 3340 4619 donat
3360 4571 3719 4633 peccatorum,

2138 4670 2191 4715 ct
2212 4660 2502 4716 liberaliter
2529 4660 2803 4713 innumera
2833 4657 2969 4712 bona
3012 4657 3334 4727 suppeditat.
3367 4657 3549 4726 Itaque
3573 4664 3718 4725 post-

2137 4766 2295 4821 quam
2325 4766 2511 4805 eorum
2540 4750 2629 4820 qui
2656 4750 2796 4804 circa
2824 4749 3041 4803 Pascha:
3062 4748 3253 4803 festum
3282 4748 3560 4811 errabant,
3598 4745 3716 4814 qui-

2138 4858 2240 4911 quc
2262 4857 2354 4911 per
2376 4844 2511 4895 hanc
2536 4841 2762 4906 minimi,
2792 4848 2849 4895 ut
2880 4841 3165 4910 putabant,
3194 4836 3450 4892 momenti
3473 4836 3721 4889 observa-

2140 4934 2361 4995 tionem,
2389 4947 2636 5002 magnum
2659 4932 2757 4986 sibi
2784 4931 3036 4984 damnum
3068 4928 3388 4992 inferebant,
3420 4940 3717 4995 congruen-

2141 5030 2245 5075 tem
2292 5037 2473 5075 curam
2516 5021 2778 5090 gessimus
2825 5019 2925 5089 (b),
2972 5017 3166 5071 idoneo
3210 5014 3453 5069 adhibito
3514 5015 3720 5070 vulneri

2137 5113 2550 5177 medicamento,
2579 5118 2634 5164 et
2685 5124 2791 5163 non
2832 5108 3050 5162 initiatis
3074 5122 3136 5162 ea
3189 5108 3258 5161 de
3303 5122 3361 5160 rc
3402 5106 3724 5175 probccom-

2140 5204 2390 5270 monitis,
2445 5209 2612 5256 restat
2651 5208 2705 5256 ut
2747 5198 2995 5254 omnibus
3047 5196 3198 5253 vobis
3244 5195 3405 5252 hodie
3446 5196 3723 5268 spirituale

2202 5380 2218 5410 ¹
2257 5387 2373 5437 neg.
2398 5390 2541 5433 unus,
2567 5372 2849 5438 spiritualis,
2875 5387 2979 5438 pro,
3004 5380 3200 5424 statctte.

2200 5440 2273 5501 (a)
2310 5435 2391 5487 tiic
2427 5435 2635 5499 loquitur
2666 5438 2729 5501 de
2769 5436 3130 5501 catechumenis
3164 5435 3517 5501 quoginitiare
3551 5443 3600 5501 et
3644 5436 3723 5483 ha-

2140 5497 2317 5563 litizarc
2344 5497 2560 5563 exeunte
2579 5499 2967 5563 Quadragesima,
2993 5510 3098 5547 mos
3118 5497 3242 5548 erat.
3267 5497 3395 5547 Vide
3437 5498 3725 5547 catechesus

2140 5560 2174 5613 ι.
2201 5563 2249 5617 2,
2276 5568 2326 5609 ct
2345 5567 2378 5607 t.
2407 5561 2463 5608 15
2486 5561 2549 5607 de
2573 5560 2950 5609 catechumenis.

2203 5623 2275 5686 (b)
2307 5622 2667 5685 chrysostomus
2689 5623 2813 5673 circa
2833 5621 2962 5671 diem
2985 5622 3173 5683 paschae
3196 5620 3501 5671 concionatus
3530 5622 3653 5666 erat.
