4074 6134
402 296 473 353 99
986 238 993 248 ι
1148 287 1203 345 S.
1247 283 1528 344 JOANNIS
1558 276 2035 339 CHRYSOSTOMI
2073 276 2386 335 ARCl-IIEP.
2428 279 2961 338 CONSTANTINOP.

406 415 622 476 paretur
650 387 972 459 convivium.
1001 398 1133 454 Nam
1176 395 1625 468 quemadmodum
1672 395 1718 450 si
1766 393 1988 448 fratrum

407 507 712 552 nostrorum
755 494 994 564 neglecta
1034 506 1161 547 cura
1186 533 1200 556 ,
1252 488 1715 560 praetermissaque
1777 485 1987 539 illorum

405 589 790 650 admonitione,
821 593 1012 654 emptae
1049 582 1208 638 seriei
1240 581 1529 643 haerentes,
1560 579 1811 648 ipsosque
1837 574 1988 630 inlir-

406 688 611 732 lltattles
641 675 1169 745 contempsissemus,
1219 671 1340 740 jure
1391 669 1651 740 quispiam
1685 682 1782 722 nos
1809 680 1990 734 repre-

406 769 695 832 hendisset,
724 775 911 836 utpote
933 773 1291 835 opportunum
1313 770 1522 830 tempus
1566 766 1988 828 pra-tercurrem

405 870 484 915 tes
511 878 523 913 :
555 860 624 913 ita
652 872 812 920 nunc,
844 857 966 926 quia
989 854 1122 910 nihil
1153 851 1566 923 praetermissum
1596 857 1699 914 est,
1733 855 1986 916 quantum

403 961 602 1006 nostrze
623 951 762 1004 vires
782 950 981 1010 sinunt,
1006 947 1101 1002 sed
1123 946 1342 1002 verbum
1356 944 1608 1000 doctrina:
1627 941 1986 1002 adhibuimus,

406 1043 684 1110 pecuniam
727 1039 1224 1102 dinumeravimus,
1274 1036 1584 1104 seminaque
1623 1033 1844 1086 interra
1888 1030 1988 1084 hac

403 1131 665 1201 spirituali
725 1130 989 1198 iecimus,
1017 1136 1429 1183 consentaneum
1459 1135 1560 1190 est,
1603 1133 1659 1178 ut
1698 1123 1887 1176 iterum
1934 1121 1985 1174 in

405 1223 635 1276 medium
660 1221 969 1286 alTerantur,
997 1235 1114 1288 qua:
1141 1233 1206 1274 ex
1237 1219 1392 1273 beato
1413 1217 1556 1271 Mose
1585 1225 1707 1270 sunt
1730 1216 1866 1270 lecta
1885 1255 1901 1280 ,
1931 1223 1987 1268 ut

403 1315 577 1368 fructu
633 1312 756 1367 inde
795 1311 1019 1366 collecto
1044 1353 1059 1377 ,
1086 1311 1298 1364 domum
1331 1308 1506 1363 redire
1533 1308 1706 1362 liccat.
1732 1306 1984 1372 Quanam

407 1406 564 1471 Igitur
611 1403 725 1458 inec
763 1404 890 1468 sint,
949 1401 1244 1456 audiamus.
1276 1400 1330 1453 4.
1373 1397 1474 1451 Hic
1521 1407 1592 1451 est
1621 1398 1761 1462 liber,
1794 1395 1983 1465 inquit,

405 1493 740 1562 generationis
763 1492 873 1546 caeli
893 1500 938 1545 et
964 1501 1110 1546 terra:
1132 1490 1333 1560 quando
1359 1493 1494 1560 facta
1513 1497 1627 1541 sunt
1649 1504 1669 1542 :
1687 1504 1785 1557 quo
1812 1487 1893 1541 die
1913 1487 1985 1555 [e-

404 1584 472 1636 rit
499 1581 632 1635 Deus
661 1583 838 1636 caelum
867 1589 912 1634 et
939 1591 1145 1644 terram,
1174 1581 1227 1633 5.
1257 1588 1304 1633 et
1333 1595 1479 1632 onme
1507 1576 1778 1647 virgultum
1822 1576 1934 1646 agri
1965 1617 1981 1642 ,

402 1683 670 1741 antequam
691 1673 908 1725 oriretur
929 1686 1079 1739 super
1096 1681 1302 1736 terram,
1325 1665 1617 1737 omnemque
1633 1668 1835 1720 herbam
1851 1666 1978 1736 agri,

401 1765 700 1831 priusquam
725 1763 961 1815 oriretur.
992 1759 1114 1813 Non
1141 1761 1274 1813 enim
1302 1762 1498 1827 pluerat
1531 1757 1667 1811 Deus
1705 1773 1859 1826 super
1885 1766 1984 1810 ter-

401 1871 536 1920 ram,
565 1865 611 1910 et
636 1854 785 1907 homo
824 1870 923 1906 non
954 1862 1060 1906 erat
1084 1853 1170 1921 qui
1204 1851 1619 1907 coleretterrant.
1645 1849 1699 1903 6.
1725 1847 1865 1901 Fons
1889 1864 1984 1900 au-

397 1956 492 1997 tem
519 1943 816 1998 ascendebat
848 1944 910 1997 de
940 1953 1090 2008 terra,
1121 1953 1167 1996 et
1218 1941 1458 2012 irrigabat
1484 1943 1766 1995 universam
1793 1941 1978 2012 faciem

395 2045 541 2090 terra:
577 2033 724 2103 (Gen.
752 2033 830 2104 '2).
858 2033 1144 2088 Considera
1178 2032 1306 2085 mihi
1356 2047 1562 2096 rursus,
1590 2031 1835 2094 obsecro,
1879 2030 1977 2082 ad-

396 2125 652 2180 mirabilis
682 2125 835 2194 hujus
869 2124 1138 2194 prOphetuc
1161 2123 1496 2192 sapientiam,
1525 2123 1630 2176 imo
1652 2122 1819 2176 sancti
1854 2119 1976 2190 Spi-

392 2219 526 2272 ritus
576 2217 892 2272 doctrinam.
953 2215 1083 2270 Nam
1123 2225 1399 2284 postquam
1453 2213 1605 2268 nobis
1651 2229 1746 2283 per
1795 2223 1978 2282 partes

393 2310 664 2362 enarravit
691 2317 962 2362 creaturas
993 2321 1200 2370 omnes,
1233 2315 1288 2360 et
1317 2321 1411 2359 sex
1455 2305 1658 2359 dierum
1686 2312 1978 2374 pertracta-

397 2403 472 2456 vit
509 2417 691 2470 opera,
741 2411 796 2455 et
835 2400 1206 2454 formationem
1248 2399 1514 2463 hominis,
1562 2407 1981 2467 potestatemque

394 2493 682 2549 visibilium
705 2493 942 2548 omnium
971 2493 1044 2546 illi
1072 2505 1408 2555 concessam,
1438 2504 1579 2544 nunc
1613 2490 1801 2544 iterum
1829 2504 1980 2543 sum-

397 2584 580 2637 malim
631 2583 809 2636 omnia
838 2591 1108 2651 repetens,
1138 2581 1308 2650 inquit
1336 2597 1349 2634 :
1381 2579 1482 2632 llic
1521 2588 1592 2634 est
1619 2581 1744 2634 liber
1768 2596 1980 2650 genera-

393 2675 545 2728 tionis
571 2674 680 2727 σανιὶ
704 2683 752 2728 et
778 2683 940 2737 terras,
966 2673 1168 2743 quando
1194 2676 1330 2743 facta
1353 2681 1486 2725 sunt.
1520 2672 1709 2741 Opera:
1751 2672 1975 2740 pretium

394 2767 481 2820 hic
509 2766 663 2819 fuerit
691 2765 976 2834 inquirere,
1006 2778 1170 2833 quare
1201 2763 1472 2832 Scriptura
1500 2762 1692 2816 librum
1721 2761 1860 2816 hunc
1877 2776 1975 2815 vo-

394 2857 596 2911 caverit
616 2856 730 2911 Caeli
759 2864 815 2910 et
844 2863 1019 2919 terrae,
1051 2855 1290 2924 quamvis
1316 2853 1478 2907 [nulla
1506 2853 1604 2906 alia
1636 2853 1687 2906 iu
1715 2867 1775 2906 se
1799 2852 1973 2906 conti-

389 2958 513 3004 ueat
531 2992 546 3016 ,
573 2959 628 3004 et
647 2949 835 3004 doceat
862 2963 957 3003 nos
981 2947 1081 3001 alia
1107 2945 1356 3018 plurima,
1400 2960 1596 3013 nempe
1623 2943 1970 3013 dejustorum

388 3041 671 3096 virtutibus
707 3049 959 3104 tractans,
989 3038 1056 3093 de
1086 3037 1408 3106 benignitate
1440 3035 1552 3100 Dei,
1583 3035 1756 3103 deque
1799 3034 1974 3087 indui-

385 3131 584 3200 geutia,
613 3146 770 3200 quam
792 3143 916 3198 erga
939 3127 1166 3196 prinnnn
1181 3135 1416 3180 creatum
1442 3125 1711 3178 hominem
1733 3132 1786 3179 et
1813 3139 1971 3178 omne

391 3223 677 3276 humanum
704 3236 871 3290 genus
901 3219 1148 3274 exhibuit
1193 3228 1285 3272 :et
1311 3218 1378 3272 de
1425 3217 1544 3270 aliis
1584 3217 1796 3282 multis,
1852 3234 1970 3286 quae

391 3313 547 3380 hujus
577 3312 966 3380 tetuporis'non
1011 3309 1170 3364 fuerit
1197 3308 1488 3363 declarare.
1522 3307 1599 3362 Ne
1628 3308 1857 3375 mireris,
1885 3308 1968 3362 di-

386 3407 523 3460 lecte
545 3423 558 3459 :
582 3419 696 3460 mos
725 3404 868 3458 enim
897 3403 982 3457 hic
1005 3412 1086 3457 est
1109 3417 1274 3457 sacra:
1302 3402 1610 3471 Scriptum,
1640 3410 1696 3454 ut
1718 3416 1821 3455 non
1848 3401 1967 3455 ubi-

385 3513 491 3566 que
537 3497 714 3552 omnia
763 3494 1116 3565 particulatim
1169 3503 1414 3559 euarret;
1447 3493 1540 3549 sed
1567 3509 1688 3549 cum
1737 3509 1822 3560 ea,
1849 3509 1968 3563 quae

388 3586 613 3656 plurima
635 3586 1081 3654 complectuntur,
1101 3584 1283 3639 dicere
1307 3584 1552 3653 cmperit,
1583 3585 1966 3639 consideranda

393 3677 658 3746 relinquat
684 3676 957 3744 sequentia
1005 3675 1092 3741 iis,
1137 3675 1225 3744 qui
1253 3675 1507 3730 studiosis
1553 3677 1770 3731 auribus
1811 3677 1965 3731 exci-

386 3768 537 3837 piunt
561 3781 624 3822 ea
662 3782 780 3836 qua:
809 3766 1072 3821 dicuntur.
1099 3767 1162 3820 Et
1193 3776 1249 3820 ut
1273 3766 1449 3821 discas
1472 3782 1584 3822 rem
1614 3767 1685 3821 ita
1727 3782 1846 3822 esse
1871 3808 1885 3834 ,
1913 3767 1965 3823 id

380 3861 557 3929 palam
577 3858 768 3913 faciam
795 3875 858 3914 ex
888 3859 973 3913 his
1001 3873 1120 3930 qua:
1148 3874 1287 3913 nunc
1318 3867 1444 3914 sunt
1471 3860 1628 3914 lecta.
1658 3860 1792 3915 Ecce
1820 3861 1963 3915 enim

384 3951 438 4003 in
466 3951 853 4020 superioribus.
889 3957 1168 4019 postquam
1216 3963 1315 4002 nos
1335 3949 1512 4002 divina
1534 3949 1806 4018 Scriptura
1850 3948 1963 4005 for-

381 4041 671 4096 mationem
701 4041 937 4095 omnium
968 4039 1269 4093 minutatim
1293 4038 1496 4103 docuit,
1530 4052 1674 4092 nunc
1711 4053 1816 4093 non
1847 4053 1964 4094 om-

381 4133 527 4185 nium
560 4132 820 4198 meminit,
853 4130 948 4186 sed
981 4131 1182 4200 inquit:
1215 4128 1311 4182 Hic
1356 4138 1428 4184 est
1464 4129 1589 4182 liber
1629 4131 1963 4200 generationis

379 4224 490 4277 caeli
511 4232 556 4276 et
588 4232 767 4287 terrae,
813 4221 1015 4291 quando
1042 4221 1177 4290 facta
1220 4228 1337 4275 sunt
1368 4236 1385 4273 :
1411 4236 1508 4290 quo
1539 4219 1620 4274 die
1666 4221 1785 4291 ﬁcit
1825 4221 1962 4276 Deus

380 4313 562 4366 aulum
585 4322 629 4365 et
656 4323 860 4376 terram,
886 4319 939 4366 et
965 4320 1175 4367 cmtcra.

453 4403 511 4455 2.
544 4401 731 4457 Vidcn’
757 4401 1028 4472 quomodo
1055 4411 1226 4456 totum
1257 4414 1560 4456 sermonem
1598 4401 1665 4457 ad
1693 4403 1881 4458 czelum
1909 4413 1962 4460 et

381 4502 579 4548 terram
611 4492 898 4559 convertit,
922 4507 988 4546 ex
1014 4492 1119 4546 illis
1144 4492 1245 4547 alia
1276 4493 1452 4547 omnia
1481 4493 1635 4549 nobis
1663 4495 1959 4550 contuenda

343 4617 348 4621 -
384 4584 735 4654 relinquens?
761 4584 896 4639 Cum
924 4599 1053 4654 ergo
1082 4583 1210 4640 dicit
1231 4586 1418 4640 ctelum
1449 4595 1502 4641 et
1531 4595 1748 4653 terram,
1772 4603 1962 4643 onmes

384 4683 656 4731 creaturas
685 4674 845 4729 simul
871 4675 1294 4744 comprehendit,
1323 4685 1427 4730 tam
1449 4691 1541 4731 eas
1563 4693 1681 4747 qum
1707 4679 1757 4732 in
1786 4679 1919 4733 czelo
1943 4720 1958 4746 ,

377 4781 539 4836 quam
564 4781 683 4836 quae
711 4765 762 4819 in
797 4775 956 4820 terra.
1009 4767 1160 4821 Sicut
1184 4767 1339 4835 igitur
1365 4767 1416 4820 in
1447 4769 1784 4823 enarratione
1808 4784 1960 4824 erea—

382 4869 618 4911 turarum
643 4873 746 4912 non
772 4857 949 4911 omnia
971 4857 1224 4925 deinceps
1245 4856 1393 4921 dicit,
1417 4856 1510 4911 sed
1548 4859 1779 4913 maxime
1799 4874 1961 4928 gene-

376 4950 510 5003 ralia
542 4959 742 5005 tantmn
796 4959 1211 5014 commemorat,
1260 4964 1359 5003 nec
1399 4949 1666 5019 sigillatim
1698 4963 1912 5006 enarrat
1947 4975 1960 5008 :

380 5043 448 5094 ita
475 5051 530 5096 et
548 5041 740 5096 librum
770 5050 961 5107 totum,
985 5042 1084 5095 etsi
1115 5041 1278 5095 multa
1306 5041 1404 5094 alia
1427 5041 1719 5107 contineat,
1764 5041 1957 5096 librum

377 5134 736 5202 generationis
774 5134 889 5187 ezeli
916 5143 965 5188 et
997 5142 1153 5189 terrae
1170 5133 1471 5203 appellavit,
1500 5134 1653 5190 nobis
1677 5149 1742 5189 es
1770 5134 1959 5190 horum

378 5227 884 5280 commemoratione
926 5226 1068 5296 quod
1118 5227 1378 5296 reliquum
1421 5235 1502 5281 est
1543 5226 1956 5296 computandum

387 5318 716 5387 relinquens,
747 5331 969 5372 necesse
997 5331 1116 5372 esse
1154 5317 1332 5372 omnia
1360 5317 1413 5371 in
1443 5318 1544 5372 hoc
1574 5317 1706 5372 libro
1734 5317 1959 5372 visibilia

382 5408 666 5473 contineri,
697 5417 803 5461 tam
842 5423 903 5462 ea
930 5423 1048 5478 quae
1089 5407 1141 5461 in
1171 5408 1323 5474 caelo,
1352 5422 1508 5476 quam
1539 5423 1658 5476 qua:
1702 5408 1753 5462 in
1796 5416 1956 5461 terra.

384 5501 499 5566 Quo
541 5499 642 5562 die,
668 5499 852 5568 inquit,
878 5500 993 5569 fecit
1017 5499 1152 5553 Deus
1180 5500 1359 5553 eazlum
1380 5509 1426 5552 et
1457 5508 1638 5551 terram
1663 5541 1676 5564 ,
1725 5509 1771 5552 et
1816 5516 1962 5552 onme

379 5589 649 5658 virgultum
675 5590 805 5658 agri,
832 5600 1099 5659 antequam
1127 5591 1266 5659 ﬁeret
1291 5605 1442 5660 super
1471 5599 1671 5654 terram,
1701 5601 1743 5642 et
1766 5607 1962 5643 omnem

383 5679 583 5735 herbam
627 5681 772 5752 agri,
801 5691 1068 5754 antequam
1118 5683 1352 5737 oriretur.
1406 5678 1526 5734 Non
1591 5683 1719 5733 enim
1766 5682 1960 5750 pluerat

3583 286 3684 343 που

2105 387 2244 446 Deus
2271 407 2422 461 super
2447 402 2651 460 terram,
2682 411 2836 463 neque
2863 397 3011 448 homo
3035 405 3144 450 erat
3187 398 3274 466 qui
3309 398 3494 454 coleret
3517 400 3680 458 illam.

2096 482 2204 537 Sed
2224 487 2338 553 fons
2365 484 2661 541 ascendebat
2686 503 2714 540 e
2741 495 2892 554 terra,
2919 499 2966 541 et
2994 488 3240 558 irrigubat
3279 491 3564 545 universam
3593 497 3675 561 fa-

2096 574 2220 627 cient
2249 584 2417 629 terrw.
2440 574 2671 631 Grandis
2717 577 2997 632 thesaurus
3028 579 3079 633 in
3113 581 3352 649 pauculis
3374 583 3550 637 verbis
3577 585 3684 639 illis

2094 665 2401 721 reconditus
2428 677 2509 722 est
2532 684 2546 721 :
2571 667 2713 723 unde
2730 683 2918 739 magna
2947 669 3250 740 prudentia,
3268 688 3387 741 qua:
3409 673 3680 742 dicuntur,

2091 758 2310 826 juvante
2357 773 2454 812 nos
2509 759 2603 814 Dei
2626 760 2794 830 gratia
2826 802 2840 826 ,
2873 763 3118 832 congruit
3164 766 3450 833 explicare,
3479 783 3679 837 vosque

2093 849 2447 918 spiritualium
2472 852 2656 907 harum
2679 852 2986 909 divitiarum
3017 867 3296 913 consortes
3323 858 3519 916 facere.
3561 861 3678 932 Spi-

2094 941 2225 994 ritus
2249 941 2392 995 enim
2419 951 2634 999 sanctus
2655 943 2950 999 futurorum
2979 947 3253 1016 prteseius,
3285 959 3343 1003 ut
3373 950 3501 1005 nulli
3531 961 3677 1020 post-

2094 1030 2193 1085 hac
2245 1033 2605 1098 contendere,
2654 1044 2708 1089 et
2751 1035 3129 1092 ecclesiasticis
3187 1038 3563 1108 dogmatibus,
3609 1058 3674 1098 ex

2093 1121 2324 1189 propriis
2366 1123 2660 1179 ratiociniis
2679 1164 2694 1190 ,
2719 1125 2941 1179 adversa
2971 1126 3164 1182 divinis
3191 1128 3480 1198 Scripturis
3505 1131 3675 1184 inuni-

2090 1225 2239 1266 seere
2255 1213 2430 1280 liceat,
2455 1214 2616 1269 etiam
2638 1230 2778 1270 nunc
2801 1215 2998 1282 denuo,
3018 1227 3298 1288 postquam
3309 1231 3673 1276 creaturarum

2090 1301 2334 1357 ordinem
2373 1303 2593 1370 docuit,
2644 1313 2700 1360 et
2751 1307 2877 1376 quid
2911 1309 3173 1377 primum,
3224 1312 3350 1380 quid
3380 1313 3672 1369 secundum

2093 1392 2402 1461 produt-tum
2425 1395 2511 1460 sit,
2546 1404 2595 1450 et
2628 1397 2768 1466 quod
2801 1399 3003 1453 semina
3025 1414 3120 1454 sua
3146 1401 3302 1456 tellus
3328 1402 3491 1458 verbo
3521 1420 3675 1457 man-

2088 1483 2319 1554 datoque
2351 1487 2559 1543 Domini
2605 1489 2913 1545 ministrans
2963 1491 3209 1559 ediderit,
3255 1508 3317 1548 ac
3345 1495 3672 1564 producendi

2090 1578 2195 1630 vim
2224 1579 2511 1648 acceperit,
2541 1595 2662 1635 eum
2693 1597 2867 1652 neque
2895 1584 3023 1638 Solis
3047 1586 3423 1654 coeperatioue
3442 1597 3624 1657 egeret
3651 1630 3667 1653 ,

2088 1670 2178 1739 qui
2209 1671 2440 1726 nondmu
2471 1683 2585 1727 erat
2608 1715 2622 1739 ,
2657 1690 2832 1744 neque
2861 1675 3156 1744 pluviarum
3205 1677 3537 1744 humidilatc,
3572 1696 3670 1734 ne-

2087 1776 2192 1831 que
2217 1761 2448 1818 hominis
2471 1767 2676 1820 cultura
2701 1783 2716 1832 ;
2746 1781 2867 1820 nam
2898 1775 2953 1821 et
2979 1767 3068 1822 ille
3097 1769 3329 1823 nondum
3359 1771 3409 1824 in
3437 1771 3669 1826 medium

2088 1853 2395 1921 prodierat:
2424 1854 2542 1910 ideo
2569 1856 2758 1910 iterum
2783 1858 2974 1926 repetit
3002 1859 3354 1928 particulatim
3383 1863 3582 1929 omnia,
3613 1873 3670 1916 ut

2088 1943 2362 1999 indomita:
2407 1945 2744 2015 impudenter
2779 1948 3152 2004 blaterantium
3203 1950 3400 2020 lingua)
3448 1968 3668 2022 compe-

2085 2045 2324 2090 scantur.
2344 2035 2479 2104 Quid
2512 2039 2652 2091 enim
2679 2038 2796 2091 ait?
2831 2038 2925 2093 Die
2948 2056 3048 2110 qua
3073 2041 3189 2111 fecit
3238 2041 3374 2096 Deus
3400 2044 3577 2096 cwlum
3619 2057 3666 2098 et

2086 2137 2291 2194 (errant,
2319 2139 2364 2181 et
2394 2145 2540 2182 omne
2566 2130 2833 2200 virgultum
2861 2132 2992 2201 agri,
3028 2131 3319 2201 priusquam
3359 2134 3498 2200 fieret
3517 2151 3668 2203 super

2085 2226 2299 2285 terram,
2345 2235 2635 2290 omnemque
2664 2219 2867 2274 herbam
2897 2221 3010 2288 agri
3029 2262 3044 2287 ,
3095 2223 3384 2291 priusquam
3427 2225 3658 2277 oriretur.

2086 2306 2206 2360 Non
2232 2307 2364 2361 enim
2410 2309 2609 2377 pluerat
2638 2309 2775 2363 Deus
2799 2327 2952 2379 super
2977 2321 3165 2364 terrant
3183 2353 3198 2379 ,
3255 2329 3344 2366 nec
3368 2323 3472 2366 erat
3515 2314 3666 2367 homo

2087 2399 2170 2467 qui
2201 2401 2381 2454 coleret
2406 2400 2570 2455 illam.
2599 2400 2741 2456 Fons
2770 2412 2937 2455 autem
2961 2404 3258 2458 ascendebat
3303 2405 3367 2458 de
3407 2417 3561 2470 terra,
3615 2418 3664 2460 et

2081 2490 2277 2561 rigabat
2320 2493 2603 2546 universam
2629 2494 2809 2564 faciem
2847 2505 3009 2549 terris.
3041 2496 3152 2550 lloc
3182 2497 3293 2550 vult
3320 2497 3517 2564 dicere,
3543 2513 3659 2553 ser-

2083 2598 2241 2638 mone
2261 2594 2313 2637 et
2335 2595 2604 2654 prmcepto
2653 2585 2812 2652 illius,
2839 2601 2958 2656 qua:
2985 2587 3130 2656 prius
3175 2603 3281 2642 non
3308 2599 3460 2643 erant
3477 2631 3490 2655 ,
3533 2604 3657 2658 pro-

2080 2674 2236 2728 ducta
2268 2675 2452 2741 fuisse,
2478 2686 2532 2730 et
2576 2692 2695 2745 qua:
2722 2692 2824 2731 non
2871 2678 3217 2742 exsistebant,
3247 2679 3421 2735 subito
3442 2695 3654 2748 compa-

2080 2766 2268 2819 ruisse.
2305 2765 2479 2820 Herba
2528 2776 2627 2832 est,
2661 2782 2780 2837 quze
2805 2783 2871 2822 ex
2898 2778 3037 2822 terra
3067 2769 3308 2837 provenit
3336 2787 3347 2820 :
3375 2769 3460 2823 hic
3483 2781 3660 2824 autem

2079 2855 2298 2911 herbam
2321 2857 2525 2925 dicens,
2554 2859 2754 2912 semina
2788 2860 2962 2913 omnia
2987 2859 3130 2914 dicit.
3161 2860 3229 2913 Et
3251 2860 3320 2915 de
3348 2861 3536 2931 pluviis
3563 2862 3660 2915 do-

2076 2964 2205 3005 cens
2239 2964 2335 3006 nos
2371 2949 2559 3004 itermu
2599 2950 2777 3004 divina
2806 2950 3074 3021 Scriptura
3112 2951 3331 3006 subdit:
3365 2951 3487 3006 Non
3523 2957 3658 3006 enim

2076 3044 2272 3113 pluerat
2301 3042 2438 3097 Deus
2475 3059 2630 3112 super
2667 3053 2850 3098 terram
2879 3060 2897 3097 :
2928 3044 3028 3098 hoc
3055 3054 3157 3109 est,
3191 3044 3423 3099 nondum
3468 3046 3658 3113 pluvia:

2073 3136 2303 3205 desuper
2327 3135 2624 3199 cadebant;
2650 3135 2946 3206 deindeqne
2972 3135 3234 3199 ostendit,
3277 3151 3450 3206 neque
3480 3136 3653 3191 homi-

2074 3228 2154 3281 nis
2197 3228 2506 3297 operatione
2550 3227 2799 3282 habuisse
2823 3243 3000 3298 opus:
3035 3227 3152 3282 Non
3193 3229 3355 3294 enim,
3401 3230 3507 3293 ait,
3547 3240 3656 3284 erat

2073 3321 2220 3374 homo
2246 3321 2330 3392 qui
2356 3330 2648 3390 operaretur
2690 3330 2874 3375 terram
2902 3336 2921 3374 :
2945 3320 3096 3391 quasi
3120 3321 3356 3376 clamans
3380 3331 3435 3376 et
3470 3323 3654 3377 dicens

2073 3412 2299 3481 posteris
2332 3411 2616 3467 omnibus:
2661 3411 2855 3467 Audite
2884 3410 3018 3478 inec,
3060 3421 3115 3466 et
3138 3411 3356 3476 discite,
3387 3411 3658 3481 quomodo

2070 3506 2136 3558 ab
2161 3504 2310 3560 initio
2337 3519 2526 3559 omnes
2549 3514 2702 3558 terra!
2747 3511 3033 3572 proventus
3057 3503 3164 3557 sint
3207 3502 3470 3573 producti,
3506 3513 3562 3557 et
3588 3511 3675 3558 ne’

2071 3607 2265 3651 terram
2295 3597 2581 3652 colentium
2608 3595 2891 3666 diligentiae
2915 3594 3092 3650 omnia
3120 3595 3351 3659 tribuite,
3377 3611 3548 3665 neque
3573 3595 3656 3649 eis

2071 3689 2169 3746 hos
2203 3690 2318 3760 ejus
2347 3698 2529 3760 partus
2569 3689 2855 3744 adscribito
2882 3707 2895 3742 :
2928 3688 3022 3743 sed
3049 3687 3216 3742 verbo
3255 3698 3309 3742 et
3345 3698 3612 3758 przeceplo
3632 3728 3648 3754 ,

2067 3785 2206 3853 quod
2237 3800 2266 3837 a
2296 3782 2581 3839 Conditore
2605 3797 2702 3838 suo
2731 3782 2797 3837 ad
2826 3797 2943 3837 eam
2973 3782 3234 3851 prolatum
3264 3790 3365 3835 est.
3405 3781 3528 3835 llzec
3552 3796 3650 3835 au-

2069 3885 2174 3930 tem
2214 3876 2392 3930 omnia
2433 3877 2583 3942 fiunt,
2615 3883 2674 3932 ut
2696 3876 2963 3930 discamus
2989 3883 3186 3929 terram
3214 3874 3281 3928 ad
3321 3873 3526 3929 edenda
3565 3888 3649 3929 se-

2067 3970 2208 4023 mina
2257 3984 2354 4024 sua
2401 3969 2623 4023 aliorum
2673 3969 3056 4024 elementorum
3116 3968 3493 4037 cooperatione
3543 3982 3647 4021 non

2065 4076 2255 4131 egere,
2287 4060 2381 4117 sed
2411 4061 2711 4116 Conditoris
2737 4059 2986 4115 mandato
3025 4067 3326 4115 contentam
3369 4058 3552 4114 fuisse.
3583 4059 3650 4112 Et

2065 4154 2205 4222 quod
2250 4153 2547 4208 mirandum
2577 4153 3008 4224 stupendumque
3035 4162 3138 4218 est,
3170 4155 3214 4206 is
3254 4153 3341 4223 qui
3371 4168 3508 4207 nunc
3538 4161 3646 4206 ter-

2067 4259 2180 4297 ram
2209 4245 2372 4298 verbo
2397 4243 2464 4297 ad
2487 4253 2562 4298 tot
2587 4243 2788 4298 semina
2817 4243 3151 4313 producenda
3176 4244 3444 4308 excitavit,
3475 4252 3526 4297 et
3553 4259 3648 4312 po-

2067 4341 2285 4391 tentiam
2326 4352 2477 4392 suam
2521 4336 2764 4391 humana:
2787 4335 3006 4390 rationis
3053 4348 3264 4406 captum
3311 4343 3644 4404 superantem

2065 4429 2320 4494 exhibuit,
2355 4429 2685 4501 haneipsam
2717 4437 2820 4481 tam
2847 4443 3060 4497 gravem
3085 4437 3138 4482 et
3166 4438 3364 4483 lantmn
3392 4427 3644 4481 mundmn

2065 4536 2224 4588 supra
2248 4521 2465 4576 dorsum
2493 4537 2647 4576 suum
2696 4520 2952 4576 ferentem
2983 4536 3142 4589 super
3177 4535 3342 4590 aquas
3384 4519 3644 4586 fundavit,

2063 4615 2200 4668 sicut
2242 4624 2296 4668 ct
2334 4614 2588 4683 prOpheta
2629 4613 2806 4669 dicit:
2842 4613 2942 4680 Qui
2992 4613 3221 4684 fundavit
3267 4622 3451 4667 terram
3496 4629 3645 4682 super

2065 4722 2218 4771 aquas
2250 4703 2420 4775 (Psal.
2448 4704 2571 4760 1⁸55.
2594 4703 2668 4773 6).
2702 4703 2831 4768 Quae
2869 4703 3096 4758 humana
3125 4703 3258 4757 ratio
3281 4702 3348 4757 ad
3378 4704 3492 4756 haec
3521 4717 3644 4770 per-

2067 4797 2270 4865 tingere
2307 4795 2511 4865 possit?
2534 4793 2666 4849 Nam
2695 4809 2815 4848 cum
2846 4793 3090 4849 homines
3125 4792 3318 4848 domus
3345 4793 3607 4847 aediﬁcant
3627 4835 3643 4855 ,

2063 4895 2116 4939 et
2139 4885 2477 4939 fundamenta
2495 4885 2675 4954 jacere
2703 4885 2906 4949 volunt,
2932 4883 3082 4953 prius
3110 4882 3350 4948 fodiunt;
3381 4894 3434 4938 et
3461 4883 3546 4937 ubi
3578 4883 3645 4937 ad

2065 4975 2322 5043 profunda
2348 4975 2708 5045 pervenerint,
2736 4975 2781 5029 si
2805 4974 2889 5029 vel
2918 4990 3135 5044 parvum
3177 4974 3453 5030 humorem
3494 4977 3644 5030 vide-

2065 5066 2194 5132 rint,
2222 5066 2353 5119 nihil
2389 5079 2494 5119 non
2520 5075 2676 5135 agunt
2711 5075 2767 5119 ut
2803 5073 2970 5120 totum
3016 5065 3186 5136 ipsum
3213 5067 3548 5133 exhauriant,
3592 5075 3646 5122 et

2064 5156 2143 5209 sic
2188 5155 2526 5211 fundamenta
2574 5156 2750 5210 locent
2791 5173 2804 5209 :
2856 5165 3136 5227 propterea
3179 5158 3415 5211 omnium
3460 5157 3645 5225 Opift-x

2063 5246 2240 5299 omnia
2267 5261 2421 5301 secus
2463 5261 2620 5315 quam
2652 5246 2894 5302 homines
2936 5247 3081 5314 facit,
3127 5256 3185 5302 ut
3221 5263 3287 5302 ex
3329 5248 3427 5302 hoc
3471 5247 3650 5302 discas

2067 5337 2385 5391 ineliabilem
2414 5338 2530 5407 ejus
2556 5339 2871 5407 potentiam,
2902 5347 2976 5406 et,
3009 5339 3220 5409 quando
3245 5340 3357 5410 ipse
3384 5341 3645 5404 voluerit.

2065 5429 2325 5483 elementa
2355 5430 2470 5484 haec
2500 5431 2652 5498 plane
2680 5430 3026 5498 contrarium,
3055 5446 3213 5500 quam
3267 5431 3466 5498 solent,
3515 5431 3638 5487 eﬂ'e-

2065 5529 2206 5573 ctum
2234 5535 2300 5573 ex
2326 5517 2626 5574 Conditoris
2650 5527 2915 5589 prmeepto
2939 5521 3240 5575 ostendere.

2140 5609 2406 5663 Elementa
2441 5609 2545 5664 Deo
2574 5611 2778 5664 omnino
2817 5611 3016 5664 subdita
3054 5621 3207 5675 sunt;
3235 5627 3404 5665 servos
3430 5609 3528 5664 Dei
3567 5627 3647 5664 re-

2075 5713 2324 5758 verentur.
2343 5731 2414 5744 —--
2433 5704 2484 5759 5.
2520 5703 2585 5759 Et
2609 5713 2666 5760 ut
2692 5705 2744 5761 id
2770 5705 2912 5776 quod
2942 5705 3153 5775 dicitur,
3185 5705 3464 5762 dilucidius
3496 5704 3652 5761 vobis
