4074 6134
215 218 293 269 99
1446 214 1520 277 IN
1554 222 1711 279 CAP.
1751 222 1793 278 ll
1829 222 2078 280 GENES.
2104 223 2337 282 I'IOMlL.
2386 227 2498 283 XII.

221 332 345 403 φῶν
374 333 489 395 τῶν
515 337 803 411 ἡμετέρων
840 338 940 411 τὴν
986 336 1308 409 ἐπιμέλειαν
1338 337 1691 410 ποιήσασθαι,
1727 340 1775 391 εἰ
1808 338 1906 409 τὴν

221 417 368 491 πρὸς
400 422 645 489 ἐκείνους
674 425 999 495 παραίνεσιν
1025 423 1438 488 καταλιπόντες,
1466 425 1565 494 τῆς
1587 423 1910 489 ἀκολουθίας

222 508 502 577 ἐχόμενοι,
538 512 866 583 παρείδομεν
896 513 1204 584 κάμνοντας
1232 512 1451 575 αὐτοὺς,
1483 511 1711 575 εἰκότως
1734 512 1799 566 ἀν
1825 529 1910 576 τις

222 595 363 665 ἡμῖν
392 596 672 668 μέμψαιτο
723 599 802 663 ὡς
850 599 942 652 τὸν
971 597 1277 669 ἐπιτήδειον
1308 597 1496 669 καιρὸν
1516 596 1909 667 παραδραμοῦ-

225 697 351 735 σιν·
391 682 536 737 οὕτω
560 684 677 750 νῦν,
709 685 899 757 ἐπειδὴ
922 685 1090 757 μηδὲν
1122 684 1550 756 παραλέλειπται
1574 683 1683 737 τῶν
1713 686 1791 747 εἰς
1821 682 1908 736 δύ-

222 785 400 840 ναμιν
429 771 730 844 ἡμετέραν,
756 772 892 827 ἀλλά
918 772 1010 826 τδν
1038 773 1137 843 τῆς
1164 771 1514 835 διδασκαλίας
1534 771 1691 838 λόγον
1722 772 1911 841 ἐποιηη

228 857 470 928 σάμεθα,
495 859 590 912 καὶ
613 859 675 912 τὸ
704 860 967 932 ἀργύριον
994 859 1387 931 κατεϐάλομεν,
1414 861 1507 912 καὶ
1525 859 1593 913 td
1618 858 1911 930 σπέρματα

226 948 297 1015 τῇ
326 944 446 1019 [92]
471 949 543 1018 γῇ
568 946 743 1020 ταύτῃ
761 952 828 1020 τῇ
854 949 1201 1019 πνευματικῇ
1236 946 1750 1019 παρακατεθέμεθα,
1781 946 1911 998 ἀκό-

228 1032 424 1086 λουθόν
452 1035 571 1087 ἐστι
595 1035 759 1088 πάλιν
787 1037 853 1090 τὰ
879 1035 1031 1107 παρά
1056 1034 1149 1088 τοῦ
1176 1034 1447 1106 μακαρίου
1480 1034 1761 1097 Μωῦσέως
1776 1034 1911 1088 ἀνα-

226 1119 549 1187 γνωσθέντα
583 1123 663 1186 εἰς
690 1122 855 1193 μέσον
888 1122 1193 1193 προθεῖναι,
1222 1122 1307 1174 ῖνα
1336 1121 1396 1174 τὸ
1422 1120 1480 1186 ἐξ
1510 1119 1690 1175 αὐτῶν
1723 1120 1912 1192 κέρδος

227 1208 687 1279 καρπωσάμενοι,
724 1208 898 1273 οὕτως
934 1209 1117 1262 οἴκαδε
1154 1211 1618 1280 ἀναχωρήσωμεν.
1653 1207 1789 1262 Τίνα
1817 1203 1911 1261 οὖν

228 1296 406 1359 ἐστιν,
442 1295 790 1367 ἀκούσωμεν.
823 1296 985 1364 Αὕτη
1020 1297 1059 1364 ὴ
1101 1297 1344 1363 βίϐλος,
1396 1297 1563 1366 φησί,
1620 1293 1912 1365 γενέσεως

230 1383 501 1451 οῖρανοῦ
528 1402 594 1438 τε
616 1386 714 1439 καί
746 1384 879 1455 γῆς,
908 1385 1007 1439 ὅτε
1031 1385 1297 1455 ἐγένετο*
1332 1378 1372 1455 ᾖ
1405 1382 1595 1453 ἡμέρᾳ
1623 1382 1913 1447 ἐποίησεν

231 1472 266 1523 ὁ
313 1472 465 1538 Θεὸς
499 1471 610 1525 τὸν
636 1473 898 1540 οὐρανὸν
936 1471 1035 1525 καί
1063 1471 1179 1539 thr
1208 1470 1347 1541 γῆν,
1390 1470 1490 1524 καὶ
1527 1467 1650 1523 πᾶν
1676 1469 1912 1538 χλωρὸν

230 1558 444 1624 ἀῃοοῦ,
477 1558 591 1627 πρὸ
622 1558 731 1613 τοῦ
771 1559 1050 1628 γενέσθαι
1093 1558 1189 1612 ἐπὶ
1238 1557 1349 1626 τῆς
1392 1556 1527 1628 τῆς,
1578 1556 1675 1610 καί
1713 1554 1912 1609 πάντα

231 1649 459 1715 χψτον
482 1645 689 1716 ἀτροῦ,
720 1647 833 1715 πρὸ
862 1646 969 1701 τοῦ
1007 1646 1334 1701 ἀνατεῖλαι.
1365 1647 1450 1699 Οὐ
1470 1645 1581 1715 γὰρ
1611 1644 1853 1713 ἔϐρεξεν
1878 1645 1912 1698 ὀ

235 1733 389 1799 Θεὸς
415 1734 515 1787 ἐπὶ
547 1733 666 1802 τὴν
688 1733 825 1804 m’r,
858 1734 957 1787 καί
978 1733 1291 1802 ἄνθρωπος
1324 1734 1436 1788 οὐκ
1459 1730 1538 1802 ἦν
1568 1729 1914 1802 ἐργάζεσθαι

232 1819 353 1885 thr
375 1819 513 1889 γῆν.
539 1819 709 1891 Πηγὴ
729 1820 798 1874 δὲ
819 1820 1134 1875 ἀνέϐαινεν
1163 1819 1231 1873 ἐκ
1259 1819 1369 1888 τῆς
1398 1818 1530 1891 γῆς,
1565 1818 1662 1872 καί
1688 1815 1914 1877 ἐπότιζε

233 1905 365 1959 πᾶν
397 1908 462 1961 τὸ
486 1910 810 1976 πρόσωπον
824 1908 935 1977 τῆς
949 1907 1081 1978 τῆς.
1113 1909 1312 1962 Σκόπει
1344 1925 1435 1978 μοι
1465 1908 1625 1962 πάλιν
1655 1905 1750 1959 τοῦ
1782 1905 1915 1958 θαυ-

240 1993 451 2063 μαστοῦ
482 1994 673 2048 τούτου
708 1997 987 2065 προφήτου
1036 1995 1135 2065 τὴν
1181 1994 1416 2060 σύνεσιν,
1468 1994 1665 2065 μᾶλλον
1711 1993 1767 2045 δὲ
1816 1990 1911 2045 τοῦ

237 2080 400 2147 ἁγίου
426 2079 743 2151 Πνεύματος
764 2081 863 2151 τὴν
893 2080 1261 2135 διδασκαλίαν.
1286 2077 1445 2134 Μετὰ
1487 2079 1597 2149 γὰρ
1626 2077 1685 2130 τδ
1722 2077 1914 2149 διηγή-

240 2168 441 2222 σασθαι
470 2171 600 2241 ἡμῖν
634 2169 774 2224 κατά
819 2169 982 2241 μέρος
1010 2169 1080 2223 td
1120 2172 1218 2240 τῆς
1265 2169 1626 2240 δημιουργίας
1675 2168 1912 2233 ἅπαντα,

234 2258 340 2309 καὶ
370 2255 438 2310 τὰ
467 2256 602 2329 ἔργα
624 2256 734 2311 τῶν
780 2257 841 2322 ἐξ
870 2255 1094 2311 διελθεῖν
1120 2270 1146 2298 α
1170 2256 1416 2328 ἡμερῶν,
1449 2257 1543 2310 καὶ
1572 2255 1671 2327 τὴν
1695 2255 1789 2308 τοῦ
1820 2256 1916 2308 άν-

237 2342 465 2413 θρώπου
494 2343 874 2415 δημιουργίαν,
906 2345 999 2398 καὶ
1026 2343 1122 2415 τὴν
1146 2344 1394 2410 ἐξουσίαν
1425 2344 1524 2415 τὴν
1555 2341 1915 2414 παρασχεθεῖ-

240 2448 345 2483 σαν
373 2429 523 2501 αὐτῷ
565 2431 783 2489 πάντων
811 2430 920 2485 τῶν
950 2429 1265 2503 ὁρωμένων,
1302 2430 1398 2484 νῦν
1430 2430 1591 2484 πάλιν
1642 2432 1914 2499 ἀνακεφα-

236 2517 566 2589 λαιούμενος
587 2518 655 2573 td
690 2519 891 2585 πάντα,
924 2519 1088 2590 φησίν
1105 2534 1118 2548 ·
1138 2518 1296 2586 Αὕτη
1320 2519 1358 2587 ἡ
1377 2519 1597 2584 βίϐλος
1624 2518 1914 2588 γενέσεως

239 2606 509 2677 οὐρανοῦ
538 2624 600 2661 τε
631 2607 732 2661 καί
761 2605 896 2676 γῆς,
930 2606 1027 2661 ὅτε
1055 2605 1310 2676 ἐγένετο.
1350 2606 1533 2671 ’Ἄξιον
1564 2606 1797 2661 ἐνταῦθα
1822 2605 1919 2677 ζη-

240 2696 432 2764 τῆσαι,
463 2694 609 2759 τίνος
642 2696 829 2749 ἕνεκεν
864 2694 1046 2764 βίϐλον
1077 2694 1247 2764 αὐτὴν
1276 2693 1432 2747 καλεῖ
1470 2694 1702 2765 οὐρανοῦ
1728 2710 1789 2746 τε
1824 2694 1920 2747 καί.

242 2781 373 2850 τῆς,
409 2782 588 2835 καίτοι
623 2781 796 2835 πολλά
822 2781 986 2850 ἕτερα
1032 2782 1131 2851 τῆς
1165 2778 1350 2849 βίϐλου
1390 2779 1774 2850 περιεχούσης,
1826 2779 1920 2831 καὶ

241 2866 607 2940 διδασκούσης
636 2870 808 2940 ἡμᾶς,
836 2870 932 2922 καὶ
961 2869 1089 2938 περὶ
1123 2866 1327 2937 ἐτέρων
1362 2866 1645 2929 πλειόνων,
1682 2864 1921 2936 καὶπερὶ

242 2956 348 3025 τῆς
378 2954 489 3008 τῶν
513 2955 740 3009 δικαίων
769 2957 989 3027 ἀρετῆς,
1025 2955 1119 3008 καὶ
1147 2953 1276 3024 περὶ
1311 2953 1414 3022 τῆς
1444 2952 1537 3005 τοῦ
1570 2950 1704 3005 Θεοῦ
1734 2951 1923 3022 φιλαν-

247 3041 519 3113 θρωπίας,
561 3042 658 3096 καὶ
696 3042 800 3112 τῆς
828 3041 1307 3112 συγκαταϐάσεως,
1350 3040 1418 3110 ἣν
1450 3039 1764 3106 ἐπεδείξατο
1794 3040 1922 3111 περί

246 3146 307 3182 τε
335 3130 428 3183 τὸν
465 3129 912 3202 πρωτόπλαστον,
942 3130 1038 3183 καὶ
1071 3129 1201 3200 περὶ
1230 3126 1376 3182 ἅπαν
1396 3127 1459 3181 τὸ
1485 3126 1594 3180 τῶν
1618 3126 1923 3198 ἀνθρώπων

246 3217 427 3284 γένος,
464 3219 560 3271 καὶ
596 3218 726 3289 περὶ
754 3217 955 3289 ἐτέρων
982 3216 1040 3271 δέ
1072 3214 1305 3278 πολλῶν,
1327 3214 1473 3286 ἀπερ
1502 3215 1603 3269 οὐκ
1628 3214 1694 3268 ἀν
1714 3216 1799 3287 είη
1824 3214 1919 3268 τοῦ

248 3304 523 3374 παρόντος
563 3304 755 3376 καιροῦ
803 3305 1149 3373 καταλέγειν.
1188 3305 1280 3375 Μὴ
1329 3303 1600 3374 ξενισθῇς,
1634 3303 1883 3373 ἀγαπητέ
1905 3319 1920 3334 ·

250 3394 373 3456 ἔθος
392 3394 505 3464 γὰρ
523 3392 685 3446 τοῦτο
699 3395 765 3463 τῇ
790 3392 912 3463 θείᾳ
944 3393 1158 3465 Γραφῇ,
1190 3392 1266 3462 μὴ
1290 3390 1568 3463 πανταχοῦ
1594 3391 1737 3445 κατὰ
1761 3390 1927 3464 μέρος

251 3483 387 3551 ἡμῖν
415 3480 638 3534 ἅπαντα
658 3479 989 3551 διηγεῖσθαι,
1019 3479 1134 3532 ἀλλ’
1165 3478 1273 3532 ἀπὸ
1298 3477 1409 3532 τῶν
1445 3478 1926 3533 συνεκτικωτάτων

249 3568 568 3639 ἀρχομένην
598 3566 1035 3638 καταλιμπάνειν
1066 3564 1136 3619 td
1173 3565 1299 3636 ἐξῆς
1327 3568 1551 3619 σκοπεῖν
1579 3567 1690 3629 τοῖς
1718 3564 1927 3634 εὐγνώ-

255 3671 416 3725 μθσιν
441 3656 636 3719 ἀκοαῖς
671 3654 984 3727 δεχομένοις
1015 3652 1085 3707 τὰ
1121 3653 1413 3724 λεγόμενα.
1449 3653 1560 3708 Καὶ
1596 3653 1684 3709 ῑνα
1723 3654 1924 3726 μάθῃς,

250 3742 338 3796 ὅτι
366 3741 526 3796 τοῦτο
556 3740 731 3806 οὕτως
750 3742 923 3806 ἐστὶν,
950 3741 1012 3807 ἐξ
1044 3739 1223 3795 αὐτῶν
1251 3740 1361 3794 τῶν
1381 3740 1477 3795 νῦν
1502 3742 1930 3813 ἀνεγνωσμένων

252 3829 417 3883 τοῦτο
449 3830 611 3901 δῆλον
641 3830 769 3901 ὑμῖν
814 3829 1136 3901 καθίστημι.
1181 3828 1312 3883 Ἰδοὺ
1351 3829 1462 3900 γὰρ
1496 3830 1555 3882 ἐν
1582 3832 1698 3893 τοῖς
1730 3830 1932 3901 προλα-

255 3916 415 3969 δοῦσι
462 3916 724 3982 διδάξασα
768 3918 919 3988 ἡμᾶς
960 3919 995 3988 ἡ
1023 3916 1143 3970 θεία
1191 3916 1381 3989 Γραφὴ
1424 3916 1525 3986 τὴν
1574 3916 1715 3970 κατά
1767 3916 1931 3988 μέρος

253 4005 519 4059 ἀπάντων
565 4004 946 4077 δημιουργίαν,
975 4004 1071 4058 νῦν
1119 4004 1181 4058 οὐ
1216 4006 1433 4060 πάντων
1467 4004 1761 4075 μέμνηται,
1796 4004 1933 4059 ἀλλά

256 4111 427 4165 φησιν
444 4109 458 4123 ⁸
480 4094 641 4162 Αὕτη
671 4095 710 4161 ἡ
733 4094 956 4160 βίϐλος
981 4092 1273 4164 γενέσεως
1296 4094 1555 4161 οὐρανοῦ
1579 4110 1642 4147 τε
1663 4093 1762 4147 καί
1796 4092 1929 4163 γῆς,

255 4181 360 4235 ὅτε
384 4178 650 4250 ἐγένετο’
678 4174 717 4252 ᾖ
741 4180 935 4251 ἡμέρᾳ
955 4181 1248 4251 ἐποίησεν
1280 4183 1313 4236 ό
1359 4180 1504 4248 Θεὸς
1534 4180 1643 4235 τὸν
1673 4180 1935 4249 οὐρανὸν

256 4268 360 4323 καί
390 4266 506 4337 thr
534 4265 674 4337 γῆν,
714 4267 812 4321 καὶ
838 4266 909 4321 td
940 4267 1087 4338 ἐξῆς.

332 4355 398 4426 β’.
417 4356 579 4427 Ὀρᾷς
606 4354 726 4419 πῶς
753 4355 932 4410 πάντα
955 4354 1047 4410 τὸν
1065 4354 1222 4423 λόγον
1243 4355 1323 4418 εἰς
1347 4353 1439 4408 τὸν
1458 4354 1685 4427 οὐρανὸν
1711 4352 1806 4409 καὶ
1835 4352 1935 4423 τὴν

257 4444 368 4514 γῆν
389 4443 766 4516 περιστρέφει,
784 4445 919 4515 ἡμῖν
942 4443 1426 4515 καταλιμπάνουσα
1445 4446 1510 4497 ἐκ
1529 4442 1735 4496 τούτων
1757 4442 1935 4496 πάντα

258 4530 331 4584 td
374 4530 516 4583 ἄλλα
549 4530 815 4594 συνιδεῖν;
856 4530 1025 4583 Ὅταν
1065 4529 1175 4600 γὰρ
1222 4530 1353 4602 εῖπῃ
1400 4530 1629 4600 οὐρανὸν
1671 4530 1766 4582 καὶ
1804 4529 1932 4598 γῆν,

259 4617 445 4671 πάντα
471 4615 608 4687 ὁμοῦ
638 4615 936 4670 συνελοῦσα
960 4611 1105 4681 εἷπε,
1129 4616 1199 4670 τά
1225 4633 1286 4669 τε
1315 4619 1373 4670 ἐν
1386 4619 1454 4687 τῇ
1480 4619 1573 4687 γῇ,
1595 4616 1666 4669 τά
1690 4633 1750 4669 τε
1774 4619 1832 4670 ἐν
1856 4615 1935 4686 τῷ

260 4701 499 4776 οὐρανῷ.
535 4704 752 4775 ’Ὥσπερ
781 4698 877 4756 οὖν
914 4702 1008 4755 ἐπὶ
1034 4704 1134 4773 τῆς
1155 4703 1265 4757 τῶν
1296 4703 1793 4774 δημιουργημάτων
1817 4702 1936 4773 διη-

261 4792 484 4861 γήσεως
514 4790 576 4843 οὐ
605 4790 781 4845 πάντα
821 4788 1056 4860 καθεξῆς
1081 4789 1250 4859 λέγει,
1292 4789 1427 4842 ἀλλά
1458 4789 1568 4843 τῶν
1604 4805 1936 4843 συνεκτικω-

258 4877 445 4931 τάτων
469 4894 576 4949 μνη
587 4876 916 4949 μυθεύουσα,
943 4876 1125 4931 οὐκέτι
1154 4876 1278 4930 καθ’
1321 4877 1379 4929 ἒν
1411 4878 1543 4947 ἡμῖν
1573 4875 1790 4931 ἅπαντα
1817 4879 1935 4947 διη-

258 4965 477 5033 «(stm-
502 4962 646 5016 οὕτω
672 4963 768 5016 καὶ
794 4963 892 5035 τὴν
924 4963 1104 5034 βίϐλον
1138 4965 1341 5030 πᾶσαν,
1369 4964 1418 5016 εἰ
1450 4964 1543 5018 καί¹
1571 4963 1740 5017 πολλά
1774 4965 1938 5036 ἕτερα

263 5048 542 5120 περιέχει,
601 5049 783 5120 βίϐλον
822 5051 1093 5119 γενέσεως
1126 5050 1358 5121 ούρανοῦ
1389 5067 1448 5103 τε
1476 5052 1571 5104 καὶ
1590 5051 1696 5122 γῆς
1723 5051 1940 5123 ὠνόμα-

262 5153 378 5199 σεν,
408 5140 543 5208 ἡμῖν
579 5137 1072 5208 καταλιμπάνουσα
1100 5138 1289 5191 λοιπὸν
1314 5136 1403 5195 διὰ
1426 5139 1528 5209 τῆς
1547 5140 1754 5192 τούτων
1797 5141 1937 5211 μνή-

265 5240 377 5295 μης
390 5222 831 5292 ἀναλογίζεσθαι,
862 5226 943 5279 ὅτι
966 5224 1145 5279 πάντα
1171 5226 1385 5298 ἀνάγκη
1404 5227 1463 5280 ἐν
1482 5225 1655 5300 ταύτῃ
1679 5230 1743 5298 τῇ
1773 5227 1939 5298 βίϐλῳ

262 5311 619 5382 περιέχεσθαι
649 5311 716 5365 td
744 5310 1019 5383 ὁρώμενα,
1056 5313 1124 5368 τά
1152 5330 1213 5367 τε
1246 5316 1306 5369 ἐν
1334 5313 1414 5384 τῷ
1434 5312 1668 5384 οὐρανῷ,
1702 5316 1773 5367 τά
1797 5331 1857 5368 τε
1882 5317 1939 5368 ἐν

261 5400 329 5469 τῇ
371 5400 466 5469 γῇ.
501 5391 587 5469 ᾟ
614 5398 827 5468 ἡμέρᾳ,
853 5399 1038 5470 φησὶν,
1068 5400 1358 5468 ἐποίησεν
1390 5404 1424 5454 ό
1460 5400 1605 5466 Θεὸς
1632 5400 1738 5455 τὸν
1760 5402 1938 5469 οὐρα-

263 5488 376 5541 νὸν
414 5486 513 5539 καί
542 5487 659 5556 thr
687 5486 824 5557 γῆν,
854 5488 953 5544 καί
981 5487 1106 5543 πᾶν
1149 5488 1386 5557 χλωρὸν
1426 5486 1634 5557 ἀγροῦ,
1667 5488 1783 5556 πρὸ
1832 5489 1941 5544 τοῦ

263 5573 546 5644 γενέσθαι
572 5573 669 5627 ἐπὶ
700 5574 813 5643 τῆς
839 5574 975 5644 γῆς,
997 5576 1093 5630 καὶ
1122 5574 1321 5629 πάντα
1347 5576 1566 5644 χόρτον
1589 5574 1797 5645 ἀγροῦ,
1826 5575 1941 5645 πρὸ

265 5660 373 5715 τοῦ
396 5661 727 5717 ἀνατεῖλαι.
759 5666 842 5718 Οὐ
881 5665 996 5732 γὰρ
1022 5662 1265 5732 ἔϐρεξεν
1294 5665 1327 5717 ό
1363 5662 1508 5729 Θεὸς
1539 5662 1638 5716 ἐπὶ
1665 5662 1779 5731 τὴν
1802 5662 1937 5732 γῆν,

268 5747 382 5821 [95]
405 5747 832 5819 καὶᾶνθρωπος
849 5749 962 5804 οὐκ
987 5748 1066 5823 ἦν
1092 5748 1432 5822 ἐργάζεσθαι
1460 5750 1574 5822 thr
1610 5748 1742 5821 γῆν.
1767 5750 1936 5823 "mh

320 5859 348 5888 ⁸
372 5857 540 5912 Codex
563 5871 691 5909 unus
707 5858 1011 5911 διελθουσῶν.

3578 238 3683 295 ιοο

2012 339 2082 392 δὲ
2108 340 2426 396 ἀνέϐαινεν
2447 342 2517 396 ἐκ
2557 342 2669 413 τῆς
2706 343 2844 414 γῆς,
2886 347 2988 401 καί
3011 348 3236 412 ἐπότιζε
3259 350 3383 407 πᾶν
3408 353 3475 409 τὸ
3497 356 3683 423 πρόσ-

2012 439 2179 509 ωπον
2204 425 2314 494 τῆς
2349 424 2480 495 γῆς.
2520 428 2696 492 Πολὺς
2719 431 2748 483 ὁ
2788 431 3234 504 ἐγκεκρυμμένος
3267 434 3539 509 θησαυρὸς
3569 441 3684 503 τοῖς

2014 505 2239 593 βραχέσι
2268 508 2479 574 τούτοις
2507 511 2714 582 ῥήμασι
2735 530 2748 545 ο
2783 512 2862 566 διὸ
2899 517 3164 586 προσήκει
3201 518 3336 588 μετά
3363 505 3565 591 πολλῆς
3582 523 3682 593 τῆς

2014 589 2300 675 συνέσεως,
2325 594 2429 648 ὑπὸ
2457 595 2558 664 τῆς
2577 594 2671 649 τοῦ
2699 595 2832 649 Θεοῦ
2865 598 3083 670 χάριτος
3114 589 3682 675 ὁδηγουμένουςήημάς

2011 671 2317 755 ἀναπτύξαι
2380 676 2448 729 τὰ
2484 678 2770 749 εἰρημένα,
2825 681 2918 733 καὶ
2967 683 3257 747 κοινωνοὺς
3302 686 3446 755 ὑμᾶς
3497 671 3681 741 λαϐεῖν

2011 753 2107 839 τοῦ
2139 756 2369 810 πλούτου
2406 758 2595 813 τούτου
2620 760 2714 813 τοῦ
2740 763 3132 833 πνευματικοῦ.
3157 765 3230 818 Τὸ
3247 753 3353 837 γὰρ
3378 767 3602 839 Πνεῦμα
3619 770 3684 822 τὸ

2013 836 2169 921 ἅγιον
2198 839 2266 894 td
2310 841 2572 911 μέλλοντα
2613 843 3009 915 προγινῶσκον,
3040 847 3127 900 ῖνα
3154 836 3343 919 μηδενί
3381 850 3492 903 τῶν
3530 836 3684 921 ’μετά

2010 918 2186 1003 ταῦτα
2208 922 2670 994 ἐξῇδοιλονεικεζν,
2709 927 2806 982 καὶ
2827 929 3154 994 ἀπεναντίας
3174 918 3239 1001 τῇ
3263 931 3383 1002 θείᾳ
3401 918 3589 1003 Γραφῇ
3613 932 3682 987 td

2012 1000 2121 1086 ἀπὸ
2141 1003 2250 1058 τῶν
2268 1006 2486 1061 οἰκείων
2500 1008 2776 1080 λογισμῶν
2802 1012 3085 1084 ἐπιφέρειν
3097 1015 3209 1076 τοῖς
3230 1014 3329 1083 τῆς
3356 1000 3683 1086 Ἐκκλησίως

2013 1082 2265 1169 δόγμασι,
2301 1089 2396 1142 καὶ
2415 1090 2511 1145 νῦν
2536 1092 2718 1156 πάλιν,
2744 1095 2881 1164 μετὰ
2911 1082 2979 1148 τδ
2997 1095 3203 1161 διδάξαι
3224 1082 3334 1151 τῶν
3347 1082 3683 1169 δημιουργη·

2013 1166 2213 1256 θέντωγ
2232 1170 2330 1256 τὴν
2357 1172 2528 1256 τάξιν,
2548 1177 2642 1228 καὶ
2667 1177 2721 1229 τί
2753 1179 2851 1248 μὲν
2874 1177 3087 1249 πρῶτον
3105 1180 3382 1251 παρήχθη,
3410 1166 3462 1233 τί
3478 1166 3682 1233 δέήδεύι-

2012 1254 2192 1320 τερον,
2230 1254 2324 1307 καὶ
2352 1254 2433 1308 ὅτι
2465 1256 2536 1310 τὰ
2563 1257 2673 1311 ἀπὸ
2703 1259 2803 1329 τῆς
2834 1261 2937 1331 γῆς
2967 1260 3259 1334 σπέρματα
3290 1261 3367 1333 τῷ
3400 1263 3543 1330 λόγῳ
3588 1263 3683 1318 καὶ

2011 1334 2089 1404 τῷ
2118 1336 2498 1408 προστάγματι
2528 1341 2943 1415 ὑπηρετουμένη
2981 1345 3075 1398 τοῦ
3119 1348 3389 1400 Δεσπότου
3420 1347 3682 1412 ἐξέδωκεν

2011 1423 2045 1492 ἡ
2088 1423 2181 1506 γῆ,
2228 1425 2323 1477 καὶ
2370 1427 2507 1498 πρὸς
2529 1429 2629 1492 τὰς
2664 1431 2859 1495 ὠδῖνας
2895 1432 3177 1505 διηγέρθη,
3218 1434 3344 1488 οὔτε
3390 1435 3481 1489 τοῦ
3532 1436 3680 1506 ἡλίου

2016 1505 2155 1575 πρὸς
2202 1507 2523 1580 συνέργειαν
2565 1512 2839 1583 δεηθεῖσα,
2882 1514 3023 1585 (πῶς
3053 1517 3160 1587 γὰρ
3206 1517 3300 1571 τοῦ
3334 1505 3561 1589 μηδέπω
3598 1520 3684 1590 δη-

2018 1590 2439 1672 μ-ιουργηθέντος
2464 1593 2492 1632 δ
2513 1593 2553 1662 ;)
2587 1593 2707 1647 οὔτε
2733 1597 2831 1666 τῆς
2867 1597 2973 1650 τῶν
3003 1599 3173 1652 ὑετῶν
3202 1601 3528 1672 ἐπομϐρίας,
3558 1600 3709 1656 οὔτε·

2015 1670 2113 1754 τῆς
2142 1671 2235 1724 τοῦ
2263 1673 2552 1744 ἀνθρώπου
2584 1678 2847 1748 ἐργασίας
2868 1696 2881 1709 ο
2918 1680 3041 1733 οὐδὲ
3081 1680 3189 1753 γὰρ
3216 1677 3368 1746 οὗτος
3387 1670 3467 1754 ήῆν
3506 1700 3686 1754 παρα-

2014 1751 2166 1821 χθεὶς
2187 1756 2265 1817 εἰς
2295 1755 2354 1808 τὸ
2385 1756 2550 1827 μέσον
2568 1774 2581 1789 ⁸
2606 1759 2696 1812 διὰ
2726 1760 2884 1814 τοῦτο
2918 1763 3083 1817 πάλιν
3107 1751 3249 1817 κατὰ
3277 1751 3441 1835 μέρος
3468 1751 3685 1820 πάντων

2018 1838 2365 1907 μνημονεύει,
2392 1842 2477 1894 ἴνα
2497 1842 2606 1895 τῶν
2631 1844 3007 1914 ἀναισχυντεῖν
3029 1846 3449 1918 ἐπιχειρούντων
3469 1850 3685 1903 ἐπιστοο

2019 1920 2154 1992 μίσῃ
2185 1921 2287 1991 τὴν
2319 1923 2618 1979 ἀκόλαστον
2650 1926 2914 1994 γλῶτταν.
2945 1928 3010 1981 Τί
3032 1930 3139 2000 γάρ
3168 1946 3367 1999 φησιν;
3392 1923 3474 2001 ’ᾟ
3497 1931 3688 2000 ἡμέρᾳ

2014 2002 2307 2071 εποίησεν
2338 2010 2371 2060 ό
2406 2008 2550 2074 Θεὸς
2577 2008 2684 2063 τὸν
2710 2010 2973 2078 οὐρανὸν
3001 2012 3098 2066 καὶ
3129 2013 3243 2080 τὴν
3274 2012 3411 2082 γῆν,
3443 2013 3542 2066 καί
3563 2012 3687 2067 πᾶν

2016 2087 2253 2154 χλωρὸν
2282 2089 2488 2158 ἀγροῦ,
2526 2091 2638 2158 πρὸ
2675 2093 2781 2146 τοῦ
2816 2094 3094 2162 γενέσθαι
3128 2096 3226 2149 ἐπὶ
3260 2096 3371 2165 τῆς
3407 2093 3541 2166 γῆς,
3586 2094 3688 2150 καί

2017 2168 2213 2222 πάντα
2258 2172 2477 2239 χόρτον
2508 2174 2715 2243 ἀγροῦ,
2751 2176 2863 2243 πρὸ
2922 2177 3029 2231 τοῦ
3075 2177 3402 2235 ἀνατεῖλαι.
3447 2181 3529 2232 Οὐ
3574 2176 3687 2247 γὰρ

2016 2252 2259 2321 ἔϐρεξεν
2291 2258 2325 2311 ὀ
2347 2259 2489 2326 Θεὸς
2521 2260 2618 2314 ἐπὶ
2657 2260 2774 2329 τὴν
2811 2262 2949 2332 γῆν,
2984 2264 3079 2317 καὶ
3115 2264 3424 2332 ἄνθρωπος
3461 2265 3572 2318 οὐκ
3607 2259 3689 2332 ἦν

2016 2335 2361 2406 ἐργάζεσθαι
2388 2341 2500 2411 thr
2523 2341 2661 2411 γῆν.
2692 2344 2861 2413 Πηγὴ
2884 2344 2953 2398 δὲ
2978 2346 3294 2399 ἀνέϐαινεν
3319 2347 3387 2400 ἐκ
3414 2346 3526 2414 τῆς
3551 2346 3687 2416 γῆς.

2019 2420 2116 2474 κιιί
2137 2420 2298 2475 ἐπότι
2312 2418 2376 2482 ζε
2398 2421 2521 2478 πᾶν
2539 2425 2605 2479 τὸ
2620 2429 2943 2494 πρόσωπον
2971 2428 3082 2496 τῆς
3097 2427 3230 2497 γῆς.
3254 2427 3425 2482 Τοῦτο
3442 2428 3689 2499 βούλεται

2018 2503 2213 2570 εἰπεῖν,
2244 2507 2326 2559 ὅτι
2347 2506 2425 2577 τῷ
2452 2507 2594 2580 λόγῳ
2617 2509 2782 2563 αὐτοῦ
2812 2512 2906 2566 καὶ
2924 2511 3002 2582 τῷ
3037 2513 3419 2584 προστάγματι
3450 2512 3516 2566 τὰ
3552 2513 3689 2583 πρό-

2017 2599 2174 2656 τερον
2234 2589 2309 2661 μὴ
2346 2589 2473 2644 ὄντα
2510 2592 2590 2655 είς
2621 2591 2682 2644 τὸ
2716 2587 2852 2646 εἶναι
2886 2593 3122 2665 ὑπέστη,
3161 2596 3256 2648 καὶ
3287 2596 3431 2666 ἀπερ
3458 2595 3559 2647 ούκ
3594 2592 3688 2666 ἦν,

2017 2668 2188 2722 ταῦτα
2217 2670 2412 2742 ἀθρόον
2470 2672 2763 2728 ἐδείκνυτο.
2831 2676 2888 2728 '0
2922 2675 3135 2747 χόρτος,
3162 2679 3190 2730 ό
3218 2678 3282 2730 ἐκ
3302 2678 3399 2747 τῆς
3423 2677 3530 2747 γῆς
3556 2678 3691 2732 ἀνα-

2018 2749 2293 2822 διδόμενος
2311 2770 2324 2784 ο
2354 2753 2545 2825 χόρτον
2563 2754 2619 2808 δὲ
2639 2757 2767 2809 ὅταν
2792 2757 2942 2829 εἰπῃ,
2961 2758 3028 2811 td
3057 2759 3352 2830 σπέρματα
3367 2760 3583 2814 ἅπαντα
3601 2760 3691 2814 λέο

2021 2850 2128 2902 γει.
2162 2837 2271 2889 Καὶ
2293 2838 2421 2908 περί
2451 2837 2558 2892 τῶν
2587 2839 2758 2893 ὑετῶν
2782 2839 3108 2895 διδάσκουσα
3128 2843 3296 2912 ἡμᾶς,
3328 2843 3491 2897 πάλιν
3513 2845 3546 2912 ή
3572 2842 3694 2897 θεία

2020 2917 2212 2988 Γραφὴ
2235 2920 2512 2990 ἐπήγαγεν
2528 2935 2542 2950 ’
2561 2923 2643 2974 οὐ
2668 2922 2780 2990 γὰρ
2802 2921 3048 2990 ἔϐρεξεν
3066 2926 3099 2977 ό
3131 2923 3273 2990 Θεὸς
3294 2925 3390 2980 ὸπί
3407 2923 3522 2992 τὴν
3540 2925 3661 2994 γῆν
3675 2942 3689 2956 ο

2022 2999 2168 3053 τοῦτ’
2200 3000 2366 3066 ἔστιν,
2401 3003 2521 3056 οὐδέ
2532 3020 2619 3056 πω
2634 3004 2755 3057 οὐδὲ
2777 3004 2924 3058 ὑετοὶ
2948 3005 3154 3060 ἀνωθεν
3175 3007 3560 3077 κατεφέροντο·
3598 3009 3694 3062 καὶ

2026 3084 2163 3155 μετά
2193 3085 2349 3140 τοῦτο
2372 3085 2559 3141 λοιπὸν
2591 3088 2862 3142 δείκνυσιν
2890 3090 3040 3159 ἡμῖν,
3083 3090 3166 3142 δτι
3196 3090 3318 3143 οὐδὲ
3352 3091 3450 3161 τῆς
3478 3090 3572 3151 τοῦ
3601 3092 3696 3145 dv-

2024 3168 2242 3244 θρώπου
2270 3170 2533 3241 ἐργασίας
2566 3170 2759 3244 ἐδεήθη
2780 3189 2795 3204 ’
2832 3172 3168 3239 Ἄνθρωπος
3198 3173 3330 3243 γὰρ,
3369 3176 3556 3244 φησὶν,
3580 3176 3696 3230 οὐκ

2023 3238 2103 3322 ἦν
2130 3238 2476 3321 ἐργάζεσθαι
2491 3253 2606 3322 thr
2804 3238 3086 3326 μονονουχὶ
3114 3238 3314 3326 βοῶσα,
3338 3238 3446 3310 κάτ’
3463 3238 3693 3323 λέγουσα

2025 3336 2137 3397 τοῖς
2173 3334 2313 3405 μετά
2355 3332 2528 3389 ταῦτα
2559 3337 2782 3402 ἀπασιν,
2816 3338 2897 3391 ὅτι
2924 3338 3096 3391 ταῦτα
3138 3338 3423 3403 ἀκούοντες
3471 3339 3693 3409 μάθετε,

2028 3416 2145 3478 πῶς
2174 3416 2235 3480 ἐξ
2261 3417 2438 3488 ἀρχῆς
2472 3416 2687 3473 ᾶπαντα
2724 3419 2978 3492 παρήχθη
3009 3420 3075 3473 td
3114 3420 3220 3474 ἀπὸ
3250 3421 3349 3492 τῆς
3378 3421 3482 3491 γῆς
3519 3422 3699 3476 ἀναδι-

2027 3499 2249 3568 δόμενα,
2280 3501 2375 3553 καὶ
2402 3499 2475 3572 μὴ
2502 3504 2566 3571 τῇ
2592 3502 2879 3573 ἐπιμελείᾳ
2906 3504 3014 3557 τῶν
3033 3504 3129 3576 τὴν
3162 3506 3265 3576 γῆν
3289 3506 3699 3578 θεραπευόντων

2026 3584 2089 3638 τὺ
2121 3586 2231 3638 πᾶν
2263 3583 2565 3653 λογίζεσθε,
2610 3587 2743 3657 μηδέ
2781 3587 3007 3652 ἐκείνοις
3051 3589 3151 3652 td;
3198 3589 3393 3653 ὠδῖνας
3441 3590 3639 3654 ταύτας
3671 3602 3695 3631 ο

2029 3669 2387 3740 ἐπιγράφετε,
2433 3668 2569 3723 ἀλλά
2600 3669 2679 3741 τῷ
2713 3670 2858 3740 λόγῳ
2907 3672 2999 3724 καὶ
3038 3671 3116 3741 τῷ
3147 3673 3481 3743 ἐπιτάγματι
3523 3673 3600 3744 τῷ
3640 3674 3700 3740 ἐξ

2029 3753 2204 3824 ἀρχῆς
2230 3752 2367 3823 πρὸς
2396 3751 2567 3823 αὐτὴν
2596 3753 2748 3823 παρά
2763 3753 2857 3805 τοῦ
2885 3753 3386 3826 δημιουργήσαντος
3407 3755 3575 3826 αὐτὴν
3603 3773 3701 3824 γε-

2030 3837 2261 3907 νομένῳ.
2294 3834 2480 3888 Ταῦτα
2499 3834 2556 3889 δὲ
2584 3834 2802 3890 ἅπαντα
2818 3836 3049 3904 γίνεται,
3081 3839 3169 3891 ἴνα
3196 3839 3475 3910 μάθωμεν,
3494 3842 3576 3893 δτι
3601 3841 3702 3895 οὐκ

2031 3920 2227 3991 ἐδεήθη
2275 3920 2375 3991 τῆς
2400 3920 2510 3974 τῶν
2552 3919 2728 3973 ἀλλων
2761 3919 3039 3991 στοιχείων
3075 3923 3396 3993 συνεργείας
3427 3923 3562 3994 πρὸς
3600 3925 3702 3995 τὴν

2030 4005 2140 4058 τῶν
2167 4002 2382 4057 οἰκείων
2411 4002 2740 4073 σπερμάτων
2763 4003 3033 4061 ἀνάδοσιν.
3067 4004 3183 4058 ἀλλ’
3205 4006 3448 4077 ἠρκέσθη
3481 4006 3560 4077 τῷ
3582 4010 3703 4060 ἐπιο

2032 4089 2273 4159 τάγματι
2301 4088 2395 4143 τοῦ
2431 4086 2789 4159 δημιουργοῦ.
2820 4089 2933 4141 1ζαί⁸
2961 4088 3021 4141 τὸ
3044 4088 3109 4160 δὴ
3143 4088 3458 4160 θαυμαστὸν
3485 4091 3580 4143 καὶ
3604 4107 3706 4144 πα-

2035 4170 2281 4243 ράδοξον,
2311 4166 2465 4235 οὗτος
2485 4173 2514 4224 ὁ
2536 4171 2633 4225 νῦν
2651 4170 2730 4242 τῷ
2757 4171 2943 4243 οἰκείῳ
2960 4170 3105 4241 λόγῳ
3128 4171 3263 4244 πρὸς
3285 4172 3386 4243 τὴν
3401 4171 3508 4225 τῶν
3522 4172 3707 4226 τοσού-

2032 4270 2140 4306 των
2158 4253 2491 4324 σπερμάτων
2513 4252 2751 4323 βλάστην
2766 4253 2935 4325 αύτὴν
2955 4253 3247 4324 διεγείρας,
3266 4255 3360 4308 καὶ
3374 4255 3474 4327 τὴν
3494 4255 3704 4310 οἰκείαν

2033 4333 2261 4404 δύναμιν
2293 4333 2722 4405 ἐπιδειξάμενος,
2766 4334 3197 4407 ὑπερϐαίνουσαν
3236 4336 3327 4391 τὸν
3362 4337 3704 4407 ἀνθρώπινον

2022 4417 2314 4497 λογισμὸν,
2351 4418 2556 4488 ταύτην
2601 4418 2772 4489 αὐτὴν
2798 4419 2896 4488 τὴν
2927 4419 3170 4491 βαρεῖαν,
3203 4421 3297 4474 καὶ
3338 4420 3429 4473 τὸν
3451 4421 3704 4477 τοσοῦτον

2035 4502 2238 4573 κόσμον
2267 4501 2488 4555 ἐπὶτῶν
2513 4499 2730 4554 οἰκείων
2749 4500 2933 4553 νώτων
2956 4502 3226 4573 φέρουσαν
3247 4503 3339 4555 ἐπὶ
3362 4502 3470 4556 τῶν
3494 4503 3704 4559 ὑδάτων

2036 4585 2383 4656 ἐθεμελίωσε,
2416 4582 2599 4648 καθὼς
2623 4586 2652 4638 ὀ
2692 4585 2974 4656 προφήτης
3023 4585 3206 4657 φησὶν,
3250 4586 3312 4639 '0
3339 4586 3706 4656 θεμελιώσας

2034 4669 2134 4723 ἐπί
2161 4667 2281 4721 τῶν
2307 4666 2543 4723 ὑδάτων
2568 4667 2684 4736 τὴν
2708 4666 2846 4738 γῆν.
2871 4669 3030 4731 Ποῖος
3062 4668 3319 4738 λογισμὸς
3350 4668 3466 4740 [94]
3499 4670 3597 4722 ἀνθ
3606 4669 3705 4740 ρώο

2038 4768 2191 4814 πινος
2222 4748 2248 4789 ἀ
2279 4749 2563 4819 ἐφικέσθαι
2608 4748 2814 4805 τούτων
2854 4750 3184 4822 δυνήσεται;
3231 4751 3449 4820 Ἐπειδὴ
3498 4751 3605 4821 γάρ
3655 4754 3705 4805 οί

2037 4833 2316 4904 ἄνθρωποι
2346 4833 2524 4898 οἰκίας
2569 4831 3034 4904 οἰκοδομούμενοι,
3077 4835 3172 4888 καὶ
3209 4834 3492 4904 θεμελίους
3539 4852 3704 4889 καταο

2043 4917 2259 4972 ϐάλλειν
2289 4916 2625 4988 βουλόμενοι,
2661 4917 2928 4987 πρότερον
2950 4915 3389 4977 διασκάπτοντες,
3416 4917 3511 4967 καὶ
3539 4918 3617 4980 εἰς
3643 4918 3706 4972 τὸ

2040 5001 2201 5071 βάθος
2231 5000 2530 5064 κατιόντες,
2548 5000 2652 5053 κᾶν
2679 4997 2882 5069 μικρὰν
2912 4997 3091 5051 νοτίδα
3113 4996 3282 5061 ἴδωσι,
3314 4996 3492 5050 πάντα
3522 4998 3708 5053 ποιοῦ-

2039 5098 2145 5145 σιν,
2181 5081 2320 5136 ὥστε
2362 5083 2541 5136 πᾶσαν
2572 5080 2742 5150 αὐτὴν
2768 5078 3115 5149 ἐξαντλῆσαι,
3152 5079 3246 5133 καὶ
3270 5078 3413 5133 οὕτω
3444 5082 3571 5144 τοὺς
3611 5082 3705 5137 θε-

2042 5165 2254 5234 μελίους
2284 5165 2611 5219 καταϐαλεῖν
2631 5180 2645 5194 ο
2678 5162 2768 5217 διά
2799 5161 2960 5216 τοῦτο
2989 5162 3084 5215 καὶ
3121 5164 3149 5215 ό
3182 5162 3289 5218 τῶν
3320 5164 3576 5222 ἁπάντων
3604 5169 3707 5242 δη-

2043 5250 2301 5319 μιουργὸς
2334 5247 2664 5311 ἀπεναντίας
2708 5250 2774 5320 τῇ
2812 5246 3131 5321 ἀνθρωπίνῃ
3172 5249 3331 5318 φύσει
3363 5250 3580 5308 ἅπαντα
3612 5253 3708 5326 δηο

2044 5332 2314 5402 μιουργεῖ,
2349 5330 2438 5383 ῖνα
2486 5329 2664 5401 μάθῃς
2711 5331 2807 5383 καὶ
2835 5330 2901 5383 ἐκ
2928 5328 3134 5383 τούτων
3163 5330 3327 5384 αὐτοῦ
3355 5334 3457 5403 τὴν
3499 5333 3707 5404 ἄφατον

2040 5414 2289 5485 δύναμιν,
2318 5415 2413 5468 καὶ
2431 5414 2534 5478 ὅτι,
2561 5413 2780 5467 ἐπειδὰν
2807 5410 3064 5486 βουληθῇ,
3095 5415 3189 5467 καὶ
3210 5415 3350 5469 αύτά
3370 5414 3437 5469 td
3468 5420 3699 5487 στοιχεῖα

2044 5502 2116 5555 td
2154 5502 2372 5557 ἐναντία
2416 5504 2484 5573 τῇ
2515 5501 2692 5574 οἰκείᾳ
2724 5501 2975 5574 ἐνεργείᾳ
3060 5503 3446 5570 ἐπιδείκνυται,
3479 5503 3557 5573 τῷ
3590 5506 3713 5558 ἐπιε-

2041 5586 2282 5656 τάγματι
2311 5583 2404 5638 τοῦ
2433 5585 2935 5657 δημιουργήσαντος
2968 5585 3402 5658 ύπηρετούμενα.

2094 5669 2142 5738 γ’
2148 5673 2381 5729 ,Καὶίνα
2391 5674 2723 5745 σαφέστερον
2735 5674 2866 5744 ὑμῖν
2891 5672 3117 5743 γένηται
3143 5673 3205 5726 τὸ
3234 5673 3545 5741 λεγόμενον,
3573 5670 3711 5736 τέως

2096 5791 2129 5831 δ
2166 5788 2373 5852 (ἶοίδιίιι.
2406 5787 2605 5850 μηδέπω
2648 5786 2903 5852 δεηθέντος.
2969 5787 2995 5852 f
3027 5785 3245 5852 Ogalpqr
3275 5794 3388 5852 επιεικ-
3410 5778 3494 5833 τάς
3535 5781 3711 5837 ὠδῖνας

2045 5857 2234 5911 ταύτης.
2301 5850 2331 5890 σί
2352 5844 2552 5903 Εύίδάιι.
2577 5844 2729 5905 ,ποῖος
2781 5848 2944 5910 λόγος,⁸
2965 5847 2994 5905 ἢ
3016 5844 3121 5901 νοῦς
3145 5844 3445 5906 ἀνθρώπινος.
