4074 6134
355 242 454 299 101

353 358 466 421 ﬁat,
488 355 599 426 jam
618 351 688 409 de
706 350 809 405 hoc
830 354 1149 418 argumento
1165 342 1362 413 aliquid
1387 342 1731 407 disseramus,
1753 350 1937 411 postea

348 448 420 503 ad
443 445 589 501 aliud
632 440 928 497 transituri.
962 438 1075 493 iloe
1097 436 1237 490 enim
1266 443 1451 489 contra
1488 448 1744 504 aquarum
1791 445 1945 490 natu-

353 554 470 594 ram
499 544 601 601 est,
633 534 776 590 ferre
802 544 1000 599 corpus
1042 538 1151 583 tam
1192 541 1352 597 grave
1386 544 1401 579 :
1433 535 1487 581 et
1525 527 1715 582 iterum
1758 537 1944 583 contra

356 640 600 685 naturam
629 637 805 689 terrm,
839 622 1023 679 sedem
1071 634 1222 674 suam
1265 619 1317 673 in
1349 618 1439 673 tali
1464 617 1808 675 fundamento
1848 622 1944 675 ha-

358 724 506 778 bere.
539 722 609 776 Et
633 718 760 788 quid
790 714 1043 771 miraris?
1068 714 1125 768 In
1153 727 1489 783 quacumque
1523 728 1702 767 rerum
1744 724 1949 769 creata-

358 828 477 868 rum
517 809 745 866 scrutari
774 806 1039 871 volueris,
1086 804 1330 858 invenies
1375 805 1691 859 immensam
1735 804 1950 874 Opificis

360 903 676 976 potentiam,
727 912 957 967 eumque
998 910 1097 951 sua
1138 896 1413 950 voluntate
1450 895 1745 964 gubernare
1775 897 1951 950 omnia

359 992 755 1061 deprehendes.
782 990 971 1045 Videre
990 989 1136 1043 enim
1164 987 1419 1041 hoc-licet
1445 987 1495 1041 in
1525 987 1668 1057 igne,
1690 988 1774 1042 cui
1796 988 1957 1041 absu-

362 1086 543 1142 mendi
570 1095 754 1139 natura
777 1090 857 1135 est
878 1098 894 1135 :
921 1080 1099 1134 omnia
1120 1079 1262 1134 enim
1280 1077 1433 1132 facile
1454 1078 1656 1144 domat,
1678 1080 1953 1134 materiam

361 1176 655 1240 lignorum,
690 1171 945 1242 lapidum,
974 1185 1279 1239 corporum,
1313 1177 1369 1222 et
1398 1169 1521 1223 ferri
1552 1186 1565 1222 :
1594 1180 1649 1223 at
1677 1180 1955 1238 postquam

370 1264 654 1333 imperavit
696 1262 975 1327 Dominus,
1019 1274 1240 1328 corpora
1286 1268 1463 1313 tenera
1504 1266 1560 1313 et
1594 1260 1956 1329 corruptibilia

370 1371 482 1412 non
514 1354 703 1422 tetigit,
740 1352 832 1408 sed
865 1351 1061 1407 illmsos
1090 1362 1284 1420 pueros
1309 1350 1539 1403 servavit
1581 1350 1633 1403 in
1660 1351 1836 1405 medio
1864 1366 1957 1404 ca-

371 1448 522 1501 mino
552 1444 714 1516 (Dan.
747 1444 825 1513 5).
859 1444 924 1498 Et
950 1460 1018 1497 ne
1048 1444 1255 1497 mireris
1280 1445 1323 1496 si
1356 1458 1577 1513 corpora
1611 1444 1822 1498 illorum
1855 1460 1959 1499 non

372 1540 571 1609 tetigit,
599 1538 695 1593 sed
724 1535 1030 1593 irrationale
1058 1536 1382 1590 elementum
1425 1544 1567 1589 tanta
1599 1536 1964 1592 moderatione

378 1630 734 1699 obsequutum
775 1634 876 1691 est,
907 1635 1161 1696 quantum
1205 1624 1381 1680 nullus
1419 1635 1577 1695 qucat
1616 1625 1785 1680 effari.
1832 1626 1963 1680 Nam

377 1735 448 1774 ne
479 1719 685 1787 capillis
730 1717 944 1788 quidem
977 1716 1187 1772 illorum
1226 1716 1470 1782 nocebat,
1516 1715 1610 1770 sed
1654 1717 1969 1771 circumibat

383 1809 524 1876 illos,
558 1819 610 1863 et
652 1808 791 1863 intra
834 1822 894 1863 se
928 1807 1268 1864 continebat:
1296 1807 1435 1875 ignis
1469 1816 1644 1860 autem
1674 1807 1967 1861 substantia

384 1911 653 1969 tamquam
685 1898 1046 1954 obedientiam
1077 1898 1355 1963 exhibens,
1386 1908 1439 1952 et
1472 1899 1678 1952 Domini
1722 1900 1971 1953 mandato

383 1992 645 2054 serviens,
703 1991 898 2045 illaesos
945 1998 999 2045 et
1046 1990 1271 2043 intactos
1330 1988 1573 2043 servabat
1634 1989 1971 2045 admirabiles

386 2082 506 2137 illos
534 2096 751 2152 pueros,
780 2081 870 2151 qui
892 2081 1045 2149 quasi
1074 2081 1125 2133 in
1157 2089 1307 2149 prato
1336 2089 1389 2135 et
1418 2081 1574 2133 horto
1600 2080 1931 2135 ambulantes
1954 2123 1969 2147 ,

387 2184 533 2230 tanta
580 2175 863 2229 securitate
905 2174 958 2227 in
1002 2173 1212 2228 camino
1251 2170 1611 2227 versabantur.
1646 2171 1713 2225 Et
1754 2188 1819 2226 ne
1856 2173 1975 2243 quis

389 2273 602 2334 putaret
632 2264 891 2318 visibilem
922 2263 1071 2317 illum
1102 2263 1275 2332 ignem
1306 2262 1616 2331 operatione
1640 2276 1824 2316 carere
1847 2304 1863 2329 ,
1891 2262 1974 2316 id—

388 2355 536 2409 eirco
564 2354 822 2427 benignus
863 2353 1119 2407 Dominus
1145 2353 1283 2406 illius
1303 2352 1591 2407 efﬁcaciam
1618 2367 1725 2407 non
1751 2352 1976 2421 impedi-

389 2447 469 2500 vit
495 2462 509 2499 :
540 2444 634 2500 sed
663 2446 769 2500 vim
792 2445 936 2499 illam
965 2444 1156 2500 ureudi
1186 2444 1404 2498 ἱιιεεδθηι
1434 2445 1685 2508 servavit,
1713 2453 1766 2498 et
1794 2460 1979 2498 servos

391 2550 522 2591 suos
552 2536 638 2591 illa
681 2538 985 2606 superiores
1008 2533 1152 2599 fecit,
1179 2542 1235 2587 ut
1264 2533 1409 2587 nullo
1433 2533 1591 2588 modo
1636 2533 1978 2589 laederentur.

392 2628 658 2682 Caeterum
688 2638 745 2681 ut
773 2627 974 2683 scirent
996 2626 1083 2694 qui
1114 2640 1305 2694 pueros
1334 2624 1646 2694 iniecerant,
1674 2634 1868 2695 quanta
1891 2640 1977 2679 es-

394 2728 480 2774 set
504 2720 743 2775 omnium
771 2719 863 2774 Dei
912 2719 1164 2788 potentia,
1196 2718 1247 2771 in
1274 2717 1393 2772 illos
1438 2718 1575 2787 ignis
1599 2734 1747 2773 suam
1789 2733 1980 2786 opera-

396 2811 595 2865 tionem
638 2810 909 2873 exercuit,
942 2810 1011 2863 ita
1047 2817 1105 2861 ut
1126 2807 1213 2862 ille
1244 2808 1355 2875 ipse
1401 2807 1536 2877 ignis
1568 2822 1663 2863 eos
1704 2808 1847 2861 intus
1882 2807 1986 2861 cir-

396 2900 775 2965 cummuniret,
804 2914 898 2953 eos
926 2908 1107 2953 autem
1124 2898 1211 2968 qui
1242 2898 1371 2951 loris
1397 2906 1551 2953 erant
1574 2906 1755 2953 ureret
1777 2907 1830 2953 et
1858 2913 1988 2953 con-

398 3001 658 3048 sumeret.
713 2990 903 3045 Vidisti
941 3007 1049 3061 quo
1094 2997 1247 3059 pacto
1290 2989 1548 3043 Dominus
1593 2988 1805 3058 quando
1852 2991 1984 3055 vult,

398 3085 665 3140 elementa
690 3084 867 3140 omnia
898 3083 951 3137 in
977 3084 1299 3137 contrariam
1321 3092 1487 3139 mutet
1513 3083 1798 3137 essentiam
1819 3082 1842 3136 2
1862 3083 1987 3154 Opi-

404 3175 492 3232 fex
522 3176 665 3232 enim
690 3185 773 3231 est
797 3185 851 3230 et
879 3175 1155 3241 Dominus,
1179 3184 1230 3228 et
1260 3189 1359 3243 pro
1385 3188 1480 3229 sua
1506 3174 1782 3229 voluntate
1811 3175 1987 3229 omnia

401 3267 699 3336 dispensat.
727 3266 898 3321 Vultis
923 3274 977 3321 et
1015 3266 1066 3321 in
1096 3266 1248 3335 aquis
1275 3264 1501 3334 idipsum
1530 3264 1714 3320 videre
1753 3265 1991 3320 factum?

406 3358 540 3414 Nam
562 3359 698 3412 sicut
723 3358 858 3429 ignis
885 3357 970 3412 hic
999 3357 1063 3411 iis
1091 3357 1181 3428 qui
1201 3356 1342 3411 intus
1366 3367 1518 3415 erant
1558 3356 1692 3412 nihil
1732 3357 1988 3423 nocebat,

404 3450 501 3506 sed
525 3449 627 3504 illis
652 3450 923 3519 parcebat,
950 3449 1145 3503 oblitus
1169 3463 1281 3503 suae
1308 3448 1667 3518 Operationis;
1697 3449 1748 3503 in
1776 3464 1869 3504 eos
1895 3465 1991 3503 au-

409 3553 518 3599 tem
544 3545 634 3613 qui
664 3542 793 3597 foris
817 3552 970 3597 erant
997 3540 1251 3596 saeviebat
1292 3555 1442 3594 more
1468 3554 1602 3595 suo:
1632 3540 1710 3595 sic
1748 3549 1803 3596 et
1829 3555 1995 3611 aquas

408 3634 708 3690 videbimus
736 3632 869 3688 alios
894 3631 1106 3703 quidem
1144 3632 1507 3700 submergere,
1535 3630 1655 3684 aliis
1684 3639 1860 3685 autem
1902 3646 1995 3685 ce-

407 3725 559 3792 dere,
583 3725 652 3781 ita
674 3734 733 3779 ut
756 3723 955 3794 absque
973 3722 1168 3779 damno
1196 3730 1486 3778 transeant.
1516 3721 1890 3777 Reeordamini
1911 3724 1997 3778 hic

411 3816 709 3873 Pharaonis
734 3825 789 3872 et
815 3815 1206 3888 Egyptiorum,
1232 3825 1393 3885 atque
1420 3815 1597 3885 populi
1627 3815 1993 3883 liebrteorum,

410 3908 683 3979 quomodo
707 3908 760 3962 bi
781 3908 849 3963 ad
870 3907 1173 3963 mandatum
1200 3906 1433 3971 Domini,
1458 3920 1649 3975 magno
1669 3905 1816 3960 Mose
1840 3904 1996 3973 duce,

414 4016 512 4069 per
562 4015 709 4054 mare
765 3999 1006 4055 Rubrum
1052 3998 1207 4068 quasi
1262 4013 1357 4067 per
1415 3996 1622 4051 aridam
1678 3996 2003 4052 transierunt

416 4090 613 4158 (and.
660 4088 744 4161 l4)
770 4090 1033 4160 :Aigyptii
1075 4098 1275 4155 autem,
1308 4089 1394 4157 qui
1426 4087 1671 4145 eamdem
1715 4088 1853 4142 viam
1881 4104 2000 4143 cum

416 4181 697 4237 Pharaone
721 4182 800 4235 ire
836 4180 1103 4245 volebant,
1136 4178 1287 4249 aquis
1330 4178 1504 4235 obruti
1549 4178 1809 4234 submersi
1858 4186 2002 4234 sunt.

418 4272 493 4327 lta
523 4272 693 4327 solent
722 4272 987 4327 elementa
1027 4271 1257 4327 revereri
1283 4284 1467 4325 servos
1510 4270 1741 4336 Domini,
1769 4281 1824 4325 et
1850 4285 1881 4324 a
1908 4285 2007 4325 suo

417 4378 479 4418 se
502 4362 778 4418 continere
804 4362 1024 4431 impetu.
1054 4362 1344 4415 Audiamus
1369 4375 1487 4426 nos,
1516 4368 1779 4431 quotquot
1804 4361 2008 4417 feroces

416 4464 473 4511 et
504 4456 759 4516 iracundi.
788 4463 841 4510 et
866 4454 983 4509 aliis
1006 4453 1371 4509 affectionibus
1396 4453 1466 4508 ob
1488 4463 1722 4509 nostram
1745 4455 2006 4525 ignaviam

422 4546 658 4617 impliciti
689 4558 923 4601 nostram
950 4546 1177 4600 salutem
1206 4545 1629 4613 pessumdamus,
1662 4555 1719 4600 et
1744 4547 2009 4602 imitemur

422 4649 621 4695 tantam
668 4639 862 4693 horum
890 4639 1276 4695 elementorum
1320 4642 1525 4694 ratione
1561 4641 1854 4695 carentium
1884 4642 2011 4695 obe-

418 4729 697 4794 dientiam,
751 4746 848 4785 nos
890 4731 980 4800 qui
1018 4730 1225 4785 ratione
1271 4730 1507 4800 insigniti
1535 4746 1736 4785 sumus.
1787 4732 1916 4786 Nam
1967 4733 2011 4788 si

424 4820 581 4890 ignis,
612 4820 701 4889 qui
724 4822 796 4874 ita
821 4819 977 4886 edax,
1020 4820 1093 4874 ita
1123 4819 1444 4881 vehemens,
1472 4820 1786 4889 corporibus
1829 4836 2014 4875 corru-

423 4910 695 4981 ptibilibus
723 4920 776 4966 et
822 4921 926 4964 tam
958 4910 1155 4964 teneris
1180 4910 1439 4979 pepercit,
1480 4926 1637 4980 quam
1663 4923 1901 4967 meretur
1927 4928 2018 4966 ve-

424 5003 568 5057 niam
598 5001 778 5067 bomo,
805 5016 957 5056 suum
984 5002 1254 5057 refrenare
1281 5001 1512 5056 furorem
1560 5012 1778 5071 propter
1801 5003 2021 5057 manda.

425 5104 538 5149 tum
573 5094 801 5159 Domini,
835 5104 890 5150 et
910 5094 1041 5148 iram
1071 5107 1195 5164 erga
1238 5094 1542 5163 proximum
1580 5110 1613 5149 e
1662 5104 1877 5164 pectore
1919 5110 2016 5151 suo

423 5185 706 5240 eliminare
746 5185 972 5240 nolens?
998 5185 1067 5240 Et
1090 5184 1231 5255 quod
1268 5184 1437 5253 majus
1482 5193 1609 5252 est,
1649 5186 1787 5255 ignis
1816 5195 2016 5241 tantam

428 5274 613 5329 urendi
641 5274 746 5328 vim
775 5274 1005 5338 habens,
1037 5289 1186 5327 suam
1217 5275 1580 5343 operationem
1613 5289 1717 5328 non
1746 5276 2013 5341 ostendit;

429 5368 591 5421 homo
616 5375 814 5427 autem.
847 5376 1183 5421 mansuetum
1229 5367 1447 5430 animal,
1481 5368 1741 5423 rationale
1783 5377 1839 5423 et
1864 5368 2018 5424 benio

427 5458 899 5527 gnum,contraria
918 5471 1032 5512 sure
1058 5467 1261 5511 naturae
1276 5456 1419 5524 facit,
1444 5469 1497 5512 et
1511 5458 1825 5528 negligentia
1844 5475 2021 5516 mores

428 5560 560 5604 suos
604 5548 657 5602 in
702 5548 902 5603 ferinos
947 5549 1127 5602 vertit.
1180 5546 1383 5602 Idcirco
1411 5557 1466 5603 et
1508 5547 1689 5602 divina
1726 5547 2019 5618 Scriptura,

431 5646 651 5711 propter
662 5638 969 5697 affectiones
990 5639 1105 5694 illas
1124 5638 1555 5706 interturbantes,
1578 5637 2016 5696 irrationabiliuui

378 5834 403 5843 κ

1466 228 1532 285 ΙΝ
1569 224 1810 285 CAPJI.
1852 222 2099 282 GENES.
2138 221 2364 279 IiObllL.
2408 221 2527 279 XII.

3524 230 3632 288 102

2047 344 2103 389 et
2128 336 2357 389 ferarum
2400 336 2613 389 nomina
2645 335 2709 390 iis
2750 336 2841 406 qui
2867 336 3071 393 ratione
3098 339 3327 411 insigniti
3372 353 3495 397 sunt
3524 348 3622 397 imo

2049 428 2234 497 ixmil;
2276 428 2538 483 interdum
2568 444 2728 484 canes
2752 431 2821 484 ob
2861 431 3239 501 impudentiam
3280 446 3332 489 et
3374 438 3625 507 impetum

2050 532 2221 577 vocat.
2253 521 2474 576 dicens:
2502 522 2664 577 Canes
2689 523 2831 587 muti,
2867 542 2966 578 non
3006 527 3225 581 valentes
3267 528 3454 583 latrare
3477 531 3630 602 (Isai.

2051 610 2139 665 56.
2173 611 2293 680 10);
2334 612 2597 666 interdum
2649 614 2719 668 ob
2762 614 3033 670 iibidiuem
3080 634 3284 687 equos:
3343 621 3481 674 Nam
3523 624 3633 690 equi

2051 701 2297 754 emissarii
2321 702 2444 771 facti
2464 711 2599 767 sunt,
2628 704 2964 774 unusquisque
2987 707 3055 759 ad
3077 723 3288 761 uxorem
3316 712 3532 778 proximi
3556 713 3635 766 sui

2052 788 2308 844 hinniebat
2354 792 2489 860 (Jer.
2521 793 2573 847 5.
2615 793 2705 862 8);
2740 794 3004 849 interdum
3031 813 3157 852 vero
3184 802 3383 867 asinos,
3416 804 3484 856 ob
3527 814 3637 859 stu.

2058 880 2327 947 piditatem
2372 891 2425 936 et
2456 883 2739 939 ruditatem
2766 901 2779 937 :
2808 886 3141 955 Comparatus
3163 900 3234 943 est
3263 893 3404 946 enim
3426 934 3441 958 ,
3473 895 3639 966 inquit

2056 970 2347 1040 Scriptura,
2382 976 2627 1043 jumentis
2666 977 3032 1047 insipientibus,
3064 991 3111 1035 et
3150 984 3329 1038 similis
3368 989 3531 1057 factus
3573 1000 3642 1045 est

2057 1061 2159 1115 illis
2186 1062 2359 1130 (Psal.
2390 1066 2480 1119 48.
2517 1066 2640 1137 l5);
2669 1068 2955 1138 aliquando
2980 1073 3139 1125 etiam
3165 1074 3347 1129 leones
3376 1086 3430 1131 et
3453 1080 3645 1142 pardos

2059 1164 2232 1219 vocat,
2265 1156 2335 1211 ob
2358 1159 2699 1226 rapacitatem
2724 1171 2778 1216 et
2804 1163 3146 1232 aviditatem;
3190 1169 3474 1238 aliquando
3522 1174 3646 1229 item

2061 1245 2291 1313 aspides,
2321 1247 2392 1301 ob
2410 1248 2817 1307 fraudulentiam
2843 1272 2855 1308 :
2889 1254 3161 1323 Venenum,
3189 1260 3375 1330 inquit,
3414 1267 3649 1334 aspidnnt

2062 1335 2152 1390 sub
2178 1336 2321 1391 labiis
2346 1355 2517 1392 eorum
2540 1341 2710 1410 (Psal.
2741 1344 2858 1399 l59.
2891 1347 2945 1416 4)
2968 1363 2982 1411 ;
3008 1364 3404 1421 nonnumquam
3430 1371 3649 1425 serpen-

2069 1436 2148 1481 tes
2167 1438 2221 1481 et
2242 1429 2472 1499 viperas,
2496 1432 2567 1486 ob
2595 1433 2766 1488 latens
2788 1451 3047 1491 venenum
3070 1449 3125 1495 et
3147 1443 3421 1509 malitiam,
3446 1448 3582 1501 sicut
3601 1458 3655 1503 et

2068 1517 2255 1572 beatus
2280 1518 2509 1576 Joannes
2526 1523 2808 1592 clamabat,
2837 1528 3018 1583 dicens
3043 1548 3056 1583 :
3084 1531 3371 1601 Serpentes,
3396 1542 3656 1609 progenies

2069 1608 2373 1676 viperarum,
2407 1613 2519 1679 quis
2545 1614 2683 1668 vobis
2711 1616 3068 1673 demonstravit
3095 1626 3265 1693 fugere
3288 1642 3319 1678 a
3345 1608 3553 1682 ventura
3582 1634 3657 1686 ira

2073 1698 2284 1769 (Matth.
2314 1704 2370 1756 '5.
2398 1705 2491 1773 7)?
2512 1706 2729 1775 insuper
2747 1720 2801 1761 et
2820 1710 2923 1762 alia
2943 1711 3309 1771 aﬂ‘eetionibus
3333 1721 3660 1787 responden-

2076 1792 2144 1845 tia
2174 1793 2389 1847 nomina
2412 1795 2655 1864 imponit,
2681 1801 2835 1853 utsic
2855 1803 2936 1854 vcl
2962 1804 3171 1858 tandem
3194 1808 3396 1862 confusi
3416 1813 3480 1866 ad
3508 1828 3658 1870 suam

2075 1882 2359 1952 aliquando
2402 1886 2623 1940 redeant
2656 1891 3003 1957 nobilitatem,
3034 1906 3088 1948 et
3117 1912 3215 1950 suo
3239 1903 3418 1967 generi
3462 1909 3663 1960 contm-

2081 1973 2359 2040 derentnr,
2405 1976 2879 2050 aﬂ'ectionihusque
2919 1987 3029 2039 suis
3070 1986 3276 2043 divinas
3305 1992 3445 2063 leges
3474 1998 3666 2065 pra-fe-

2078 2075 2219 2128 rant,
2245 2066 2437 2135 quibus
2459 2084 2578 2123 sese
2606 2069 2966 2141 dclinquendo
2998 2079 3373 2144 permiserunt.

2150 2156 2205 2212 4.
2246 2157 2351 2213 Sed
2394 2160 2576 2213 nescio
2610 2164 2877 2231 quomodo
2903 2180 2932 2219 a
2961 2170 3222 2225 sermonis
3266 2172 3466 2241 impetu
3505 2177 3666 2234 abre-

2082 2255 2203 2316 ptus
2240 2249 2309 2303 ad
2338 2249 2454 2305 haec
2482 2252 2707 2321 digres~i
2737 2256 2922 2311 simus.
2952 2259 3064 2328 Age
3086 2278 3225 2317 nunc
3262 2265 3327 2318 ad
3373 2267 3668 2327 institutum

2083 2340 2398 2407 redeamus;
2431 2352 2483 2397 et
2508 2344 2783 2400 videamus
2807 2347 3059 2417 quidnam
3082 2353 3239 2407 etiam
3269 2356 3413 2411 aliud
3442 2374 3537 2413 nos
3566 2362 3666 2416 do-

2083 2444 2209 2489 cere
2255 2433 2378 2487 velit
2409 2435 2593 2489 beatus
2619 2437 2708 2491 ille
2737 2439 3014 2509 propheta.
3045 2443 3176 2497 Nam
3209 2456 3263 2500 ut
3293 2448 3445 2517 dixit,
3472 2451 3571 2506 Hic
3599 2465 3672 2509 est

2086 2524 2209 2576 liber
2243 2526 2579 2594 generationis
2604 2528 2715 2581 arti
2744 2538 2791 2582 et
2821 2540 2988 2597 teme,
3018 2548 3330 2604 progressus
3360 2539 3517 2609 ultra,
3546 2558 3672 2598 nar-

2086 2622 2168 2667 rat
2212 2614 2404 2670 iterum
2431 2616 2735 2686 diligentius
2777 2619 3009 2676 hominis
3038 2623 3431 2684 fonnationem.
3462 2630 3525 2687 Et
3553 2635 3673 2703 quia

2088 2707 2331 2774 superius
2354 2707 2587 2763 breviter
2607 2709 2814 2766 dixerat
2842 2729 2856 2766 :
2884 2712 2953 2767 Et
2986 2717 3101 2784 fecit
3148 2717 3284 2774 Dens
3313 2722 3583 2790 hominem,
3610 2727 3677 2779 ad

2089 2798 2358 2867 inutginem
2389 2799 2482 2853 Dei
2510 2805 2630 2871 fecit
2670 2803 2847 2870 illim,
2890 2822 3030 2862 nunc
3074 2808 3203 2864 dicit
3228 2830 3240 2865 :
3270 2814 3322 2865 7.
3350 2814 3417 2867 Et
3444 2816 3678 2883 formavit

2095 2887 2229 2945 Deus
2254 2891 2504 2947 hominem
2524 2934 2543 2957 ,
2566 2893 2824 2962 pulverem
2847 2898 2911 2950 de
2938 2908 3071 2951 terra
3091 2941 3106 2966 ,
3139 2911 3186 2953 et
3226 2902 3492 2973 inspiravit
3520 2908 3571 2960 in
3600 2911 3679 2979 fa-

2093 2980 2215 3035 ciem
2247 2982 2359 3045 cins
2394 2984 2710 3050 spiraculum
2750 2987 2896 3051 sitm,
2929 2998 2979 3041 et
3005 2990 3171 3057 factas
3202 3004 3275 3047 est
3303 2996 3450 3049 homo
3480 2998 3532 3050 in
3566 2999 3680 3051 ani-

2093 3089 2231 3127 mum
2259 3074 2523 3129 uirentem.
2552 3076 2797 3147 Magnum
2823 3088 2905 3134 est
2929 3082 3069 3150 quod
3101 3083 3185 3138 hic
3215 3085 3362 3149 dicit,
3386 3096 3440 3142 et
3463 3100 3683 3159 stupore

2096 3164 2309 3233 plenum
2338 3164 2732 3238 humanamque
2770 3171 3147 3227 transcendens
3173 3185 3404 3230 mentem
3435 3194 3449 3231 :
3479 3177 3549 3232 Et
3573 3184 3683 3250 for-

2096 3256 2248 3309 marit
2268 3297 2287 3323 ,
2312 3256 2515 3327 inquit,
2540 3256 2681 3313 Deus
2713 3260 2996 3327 hominem,
3027 3265 3281 3333 pulverem
3321 3270 3587 3339 accipiens
3609 3273 3686 3345 (α)

2097 3348 2161 3402 de
2189 3358 2343 3403 terra.
2378 3350 2531 3405 Sicut
2556 3350 2624 3406 de
2658 3353 2905 3409 omnibus
2929 3357 3189 3411 creaturis
3217 3359 3509 3416 visibilibus
3536 3363 3684 3419 dice-

2098 3441 2221 3496 bam
2270 3442 2639 3498 universorum
2683 3444 2938 3515 Opilieem
2977 3451 3157 3503 omnia
3199 3460 3395 3518 prreter
3439 3453 3686 3510 humana:

2100 3542 2305 3589 natura:
2347 3550 2550 3590 morem
2596 3551 2791 3606 agere,
2824 3546 2881 3593 ut
2933 3554 3027 3608 per
3058 3541 3160 3595 hoc
3197 3542 3477 3601 inelfabilis
3523 3548 3689 3617 ipsius

2103 3634 2430 3680 monstretur
2457 3628 2624 3681 virtus
2646 3644 2662 3677 :
2694 3629 2763 3683 ita
2806 3638 2859 3684 et
2899 3631 2950 3685 in
2991 3632 3221 3687 hominis
3250 3634 3565 3694 formatione
3601 3641 3686 3695 in-

2104 3716 2379 3771 veniemus
2427 3733 2566 3771 nnnc
2612 3718 2831 3774 factum.
2862 3719 2994 3775 Vide
3032 3723 3173 3776 enim
3219 3728 3485 3794 quomodo
3530 3743 3691 3801 super

2104 3819 2273 3875 aquas
2303 3816 2499 3863 terram
2541 3809 2812 3875 fundavit,
2841 3810 2896 3865 id
2919 3812 3060 3879 quod
3088 3814 3220 3868 citra
3259 3815 3417 3871 ﬁdem
3460 3819 3690 3877 humana

2109 3899 2244 3953 ratio
2269 3914 2376 3954 non
2394 3901 2535 3970 capit
2562 3918 2577 3955 :
2604 3910 2657 3957 et
2686 3902 2956 3971 quomodo
2981 3895 3420 3978 quandocumque
3446 3911 3692 3980 voluerit,

2108 3990 2246 4047 sicut
2272 3992 2620 4057 ostendimus,
2645 4001 2703 4047 ut
2727 4009 2913 4049 omnes
2937 3995 3246 4051 substantia:
3269 4002 3531 4054 contraria
3557 4003 3697 4071 ipsa-
3794 4058 3803 4061 _

2111 4096 2228 4136 rum
2259 4090 2461 4136 natura:
2495 4093 2657 4153 agant
2689 4084 2869 4139 eflicit.
2901 4085 3071 4140 Simili
3112 4088 3270 4143 modo
3308 4092 3438 4145 etin
3468 4092 3699 4149 hominis

2113 4173 2431 4230 brmatioue
2474 4191 2614 4229 nunc
2656 4177 2809 4232 nobis
2846 4179 2971 4247 quid
3003 4179 3197 4234 factum
3231 4183 3302 4236 sit
3335 4183 3510 4239 divina
3556 4185 3697 4241 Scri-

2112 4276 2267 4335 ptura
2295 4267 2547 4322 declarat.
2579 4267 2841 4323 Formavit
2870 4269 3029 4338 Deus,
3063 4272 3249 4342 inquit,
3280 4276 3551 4340 hominem,
3585 4279 3701 4347 pul-

2114 4373 2276 4411 verem
2323 4359 2592 4428 accipiens
2630 4360 2694 4413 de
2731 4371 2884 4414 terra.
2913 4362 3047 4429 Quid
3088 4364 3263 4417 dicis?
3292 4365 3595 4436 Acceptone
3635 4370 3703 4423 de

2116 4457 2255 4504 terra
2299 4450 2517 4519 pulvere
2560 4450 2804 4506 formavit
2842 4452 3151 4506 hominem?
3181 4455 3349 4509 Etiam
3370 4498 3386 4523 ,
3418 4457 3620 4528 inquit,
3655 4472 3706 4515 et

2118 4555 2223 4594 non
2250 4541 2597 4609 simpliciter;
2630 4556 2728 4595 nec
2755 4543 3044 4610 quamlibet
3082 4543 3297 4600 fortuito
3338 4555 3533 4603 terram
3557 4551 3704 4617 dicit,

2117 4634 2211 4688 sed
2240 4632 2505 4689 Pulverem
2529 4650 2548 4688 :
2569 4635 2717 4704 quasi
2745 4636 2788 4689 si
2811 4636 2927 4705 quis
2959 4636 3117 4701 dicat,
3149 4640 3516 4695 tenuissimum
3547 4652 3601 4697 et
3628 4645 3705 4695 vi-

2119 4724 2377 4778 lissimum
2400 4725 2539 4795 quod
2562 4734 2646 4780 est
2670 4726 2723 4779 in
2748 4734 2907 4781 terra.
2933 4727 3175 4797 Magnum
3202 4730 3291 4783 tibi
3313 4740 3368 4785 et
3394 4732 3707 4788 admirabile

2120 4817 2327 4871 videtur
2346 4818 2485 4888 quod
2513 4818 2709 4872 dictum
2731 4828 2814 4874 est
2835 4839 2846 4873 :
2873 4836 3059 4875 verum
3079 4822 3122 4875 si
3141 4824 3343 4891 cogites
3367 4824 3485 4892 quis
3508 4825 3707 4893 opifex,

2125 4908 2429 4978 neutiquam
2460 4908 2619 4964 fidem
2646 4909 2845 4966 habere
2870 4910 3010 4964 facto
3034 4913 3329 4979 recusabis,
3352 4914 3445 4967 sed
3474 4917 3709 4972 mirabec

2120 4998 2195 5052 ris
2221 5008 2274 5053 et
2297 4999 2544 5054 adorabis
2567 4999 2871 5054 Conditoris
2913 5002 3223 5069 potentiam.
3251 5003 3405 5067 Quod
3423 5006 3467 5057 si
3486 5004 3600 5060 haec
3624 5024 3710 5061 se-

2120 5090 2349 5146 cundum
2390 5092 2769 5162 cogitationum
2804 5101 3008 5146 tuarum
3043 5092 3457 5148 imbecillitatem
3500 5099 3709 5152 cmetiri

2121 5182 2375 5248 volueris,
2409 5191 2465 5237 et
2509 5182 2773 5237 curiosius
2814 5183 3093 5250 explorare
3117 5224 3134 5250 ,
3182 5198 3276 5253 par
3309 5194 3392 5241 est
3432 5195 3487 5241 ut
3518 5187 3609 5242 tibi
3656 5189 3710 5244 in

2124 5285 2355 5326 mentem
2402 5273 2613 5338 veniat,
2646 5288 2713 5327 ex
2762 5281 2901 5327 terra
2949 5275 3527 5349 corpuslbumanum)
3556 5296 3711 5333 num-

2123 5377 2283 5432 quam
2329 5362 2441 5417 fieri
2464 5404 2479 5429 ,
2508 5363 2603 5418 sed
2632 5364 2713 5417 vel
2744 5365 2965 5419 laterem
2984 5406 3000 5431 ,
3028 5366 3113 5420 vel
3144 5376 3331 5421 testam
3353 5410 3369 5431 ,
3391 5379 3445 5424 et
3470 5386 3573 5423 non
3608 5370 3712 5425 talo

2126 5468 2340 5524 corpus.
2374 5453 2559 5510 Viden‘
2585 5470 2705 5522 nos,
2742 5458 2844 5512 nisi
2872 5460 3164 5527 potentiam
3185 5459 3487 5516 Cunditoris
3508 5469 3708 5514 attenta

2195 5650 2271 5715 (a)
2295 5656 2362 5701 tta
2385 5649 2521 5714 Regii
2545 5657 2649 5702 Mss.
2677 5658 2730 5703 et
2750 5650 2903 5715 Colb.,
2921 5659 3067 5714 atque
3082 5656 3153 5709 sic
3175 5653 3353 5714 legitur
3377 5650 3425 5698 in
3441 5647 3620 5698 utbliis.
