4074 6134
432 207 544 264 Ιοό

419 333 600 380 mense
619 321 958 380 considerare
973 315 1318 379 voluerimus,
1331 322 1385 366 et
1401 318 1610 364 nostras
1631 310 1864 364 rationes
1889 316 2000 360 tam

417 415 716 473 imbecilles
762 412 1130 478 repnimamus,
1174 420 1279 459 non
1327 417 1484 472 posse
1523 401 1782 456 dictorum
1809 413 2001 470 capere

418 504 801 562 sublimitatem
818 502 849 554 ?'
865 501 1006 555 Nam.
1037 513 1155 568 qua:
1197 497 1479 560 dicuntur,
1513 492 1632 548 ﬁdei
1669 493 1836 546 oculis
1866 490 2002 545 indi-

418 606 571 667 gent,
596 605 824 660 suntque
851 591 932 645 ob.
947 598 1181 643 nostram
1216 585 1576 641 inﬁrmitatem
1610 582 2000 636 multa-verbo-

419 703 534 742 rum
583 681 1023 750 attemperatione
1061 676 1344 746 descripta.
1377 673 1812 742 Quandoquidem
1862 671 1998 725 istud

416 780 589 846 ipsum
612 775 751 846 quod
785 773 952 842 inquit
983 788 996 824 :
1031 769 1286 823 Formavit
1314 766 1451 820 Deus
1481 765 1750 828 hominem,
1775 775 1820 816 et
1849 763 2002 831 inspi-

417 869 566 932 ravit,
598 864 870 933 indignum
901 862 1006 916 Deo
1040 859 1196 914 fuerit
1223 877 1238 912 :
1265 857 1358 912 sed
1395 865 1610 926 propter
1640 870 1737 908 nos
1757 895 1771 918 ,
1790 861 1851 907 et-
1880 868 2002 921 pro-

417 967 534 1026 pter
565 955 922 1009 inﬁrmitatem
956 961 1188 1005 nostram
1218 948 1332 1002 haec
1369 948 1445 1002 sic
1484 955 1662 1000 narrat
1691 945 1996 1012 Scriptura,

415 1047 484 1102 ad
512 1056 746 1101 nostram
776 1061 836 1102 se
865 1045 1172 1100 tenuitatem
1199 1041 1505 1104 demittens,
1531 1049 1586 1092 nt
1615 1038 2001 1092 tanta-familias

419 1139 576 1192 ritate
600 1136 819 1207 dignati,
851 1135 916 1188 ad
944 1134 1208 1204 fastigium
1234 1130 1360 1185 illud
1397 1130 1684 1185 ascendere
1712 1132 1998 1199 possimus.

422 1229 485 1282 Et
512 1228 764 1299 formavit,
788 1225 1134 1294 inquit,.Deus
1161 1224 1430 1286 hominem,
1459 1221 1712 1293 pulverem
1734 1221 2000 1289 accipiens

416 1320 480 1372 de
504 1329 652 1371 terra.
681 1318 812 1372 llinc
834 1317 878 1370 si
903 1331 1092 1384 sapere
1115 1316 1376 1375 volumus.
1407 1329 1510 1366 non
1537 1328 1698 1382 parva
1731 1312 1881 1365 nobis
1904 1311 2002 1364 ltu-

419 1411 657 1462 ntilitatis
702 1410 871 1462 oritur
909 1407 1171 1461 doctrina.
1216 1405 1348 1461 Nam
1392 1420 1513 1460 cum
1554 1405 1998 1474 cogitaverimus,

421 1501 560 1554 unde
584 1499 973 1554 constitutionis
1001 1513 1112 1552 sure
1140 1498 1346 1551 initium
1392 1506 1575 1551 natura
1605 1504 1783 1550 nostra
1812 1509 1999 1548 susce-

422 1593 584 1661 perit,
609 1592 817 1647 etiamsi
864 1591 1164 1644 sexcenties
1201 1588 1485 1657 supercilia
1534 1588 1880 1657 surrigamus,
1913 1601 1998 1641 re-

419 1683 720 1752 pritnituur,
747 1682 1105 1745 humiliamur,
1126 1689 1180 1735 et
1199 1681 1506 1734 substantiae
1529 1689 1722 1734 nostra:
1740 1680 1999 1733 rationem

419 1774 806 1844 perpendentes
831 1815 845 1838 ,
872 1772 1184 1827 modestiam
1213 1772 1484 1826 discimus.
1517 1772 1638 1826 Ideo
1665 1771 1806 1825 enim
1838 1773 1997 1837 Deus,

416 1867 502 1920 eui
533 1875 674 1919 tanta
704 1864 894 1918 salutis
937 1873 1132 1919 nostra:
1157 1877 1306 1928 cura,
1338 1863 1403 1915 ad
1447 1863 1612 1916 nostri
1645 1861 1996 1916 eruditionem

419 1955 692 2025 prophetae
731 1955 962 2023 linguam
991 1957 1066 2007 sic
1113 1953 1328 2008 direxit.
1357 1954 1710 2022 Quippe-cum
1754 1953 2000 2022 superius

415 2050 636 2103 dixisset
660 2047 838 2102 divina
871 2047 1167 2116 Scriptura,
1199 2045 1265 2098 Et
1293 2046 1408 2114 fecit
1437 2046 1575 2100 Deus
1615 2046 1866 2099 hominem
1885 2087 1898 2110 ,
1921 2061 2001 2098 se-

412 2141 636 2194 cundum
663 2140 932 2210 imaginem
955 2137 1052 2191 Dei
1083 2138 1198 2208 fecit
1219 2153 1352 2199 eum,
1383 2136 1528 2191 dedit
1556 2137 1630 2191 illi
1657 2137 1892 2191 omnium
1923 2137 2002 2190 vi-

413 2231 646 2285 sibilium
677 2238 1019 2298 potestatem,
1040 2240 1095 2281 ut
1123 2243 1189 2282 ne
1209 2243 1274 2282 ex
1301 2243 1411 2282 suae
1437 2227 1829 2281 constitutionis
1859 2226 2000 2296 igno-

414 2321 582 2376 rantia
605 2321 739 2374 altos
761 2320 975 2388 Spiritus
997 2328 1312 2385 assumeret,
1331 2318 1774 2387 prtescriptesque
1801 2317 1998 2373 limites

423 2412 667 2473 tt'attsiret
699 2429 712 2465 :
741 2412 1012 2480 superiora
1040 2422 1288 2480 repetens
1313 2410 1583 2480 Scriptura
1612 2411 1772 2465 docet
1795 2408 1999 2464 forma-

419 2508 572 2560 :ionis
613 2507 728 2574 ejus
768 2506 1045 2575 originem,
1079 2515 1134 2558 et
1183 2505 1322 2559 unde
1365 2519 1427 2558 ac
1476 2505 1744 2574 quomodo
1795 2505 1997 2572 primus

415 2600 575 2652 homo
598 2597 885 2667 productus
910 2598 998 2652 sit.
1025 2596 1154 2651 Nam
1177 2596 1222 2650 si
1250 2605 1368 2665 post
1394 2596 1531 2650 hanc
1553 2596 1868 2662 doctrinam,
1893 2612 1997 2667 qua

411 2689 626 2757 agnovit
649 2703 708 2742 se
734 2704 763 2742 e
785 2697 922 2742 terra
944 2687 1140 2742 habere
1165 2687 1443 2756 originem,
1471 2702 1534 2742 ex
1565 2703 1666 2756 qua
1695 2689 1919 2753 semina,
1943 2695 1999 2743 et

411 2788 602 2833 caetera
628 2779 905 2845 animalia,
937 2779 1178 2848 quamvis
1217 2776 1498 2842 formatio,
1527 2779 1822 2848 animmque
1866 2779 1996 2833 sub-

411 2872 604 2925 Stantia
635 2871 985 2942 incorporalis
1013 2871 1180 2926 multo
1205 2871 1549 2926 excellentior
1579 2887 1670 2941 per
1694 2873 1996 2942 benignita-

413 2976 518 3019 lt'tll
555 2965 646 3018 Dei
688 2978 938 3018 concessa
981 2964 1052 3018 sit
1080 2981 1094 3017 :
1125 2979 1221 3033 per
1248 2965 1383 3016 hanc
1416 2963 1559 3017 enim
1606 2963 1812 3032 accepit
1853 2961 1994 3032 quod

413 3055 686 3110 rationalis
716 3055 800 3118 sit,
831 3065 886 3110 et
907 3055 1154 3109 omnibus
1181 3053 1299 3108 aliis
1338 3056 1601 3124 imperet:
1633 3055 1711 3120 si,
1742 3055 1954 3124 inquam
1975 3097 1992 3122 ,

412 3148 536 3202 licet
567 3146 683 3201 lure
697 3145 907 3211 doetus,
930 3146 1195 3213 serpentis
1217 3145 1528 3214 deceptione
1556 3161 1738 3214 parem
1765 3147 1992 3215 aliquam

408 3254 529 3292 cum
567 3238 676 3290 Deo
705 3235 1059 3305 aequalitatem
1105 3235 1420 3303 imaginatus
1447 3243 1530 3289 est
1572 3236 1616 3288 is
1641 3235 1730 3304 qui
1757 3235 1824 3290 de
1854 3245 1991 3289 terra

411 3333 706 3385 formatus:
735 3328 779 3382 si
808 3329 970 3396 priori
1000 3328 1300 3382 narratione
1337 3337 1618 3382 contentus
1642 3327 1829 3382 fuisset
1869 3329 1994 3382 bea-

411 3431 495 3474 tus
524 3421 608 3473 hic
639 3418 915 3487 prepheta,
945 3428 998 3472 et
1026 3417 1126 3471 nisi
1158 3417 1397 3485 repetitis
1434 3419 1680 3473 omnibus
1717 3419 1996 3489 diligenter

410 3527 509 3566 nos
536 3512 825 3577 docuisset,
857 3512 906 3564 in
931 3525 1088 3579 quam
1121 3525 1224 3563 non
1253 3510 1625 3566 incidissemus
1647 3511 1906 3566 insaniam
1934 3514 1958 3564 ?

480 3605 534 3658 5.
577 3602 760 3672 Itaque
785 3601 1068 3670 plurimum
1111 3600 1178 3655 ad
1218 3602 1570 3656 erudiendum
1611 3619 1708 3658 nos
1745 3603 1992 3658 conducit

407 3695 545 3751 Srirc
575 3693 715 3748 unde
751 3693 1042 3748 substantia
1070 3702 1248 3746 nostra
1279 3693 1504 3762 primum
1541 3694 1798 3764 originem
1841 3710 1993 3748 accc-

412 3785 568 3854 perit.
595 3783 659 3837 Et
681 3783 940 3854 formavit,
965 3782 1149 3851 inquit,
1176 3780 1313 3836 Deus
1340 3781 1612 3848 hominem,
1639 3783 1888 3851 pulverem
1911 3799 1993 3837 ac-

407 3877 611 3946 cipiens
639 3874 701 3927 de
731 3883 863 3928 terra
885 3914 902 3936 ,
928 3881 975 3926 et
1013 3872 1282 3942 insufﬂavit
1309 3873 1362 3925 in
1396 3873 1574 3942 {aciem
1609 3876 1720 3942 ejus
1757 3874 1992 3944 spiracu-

409 3969 514 4022 lum
535 3968 665 4020 vitm.
689 3965 949 4032 Quoniam
974 3962 1274 4018 hominibus
1299 3962 1634 4029 loquebatur,
1653 3964 1809 4018 aliter
1832 3980 1990 4034 quam

410 4071 561 4112 more
608 4065 792 4109 nostro
834 4053 1020 4106 audire
1067 4066 1172 4105 non
1200 4051 1539 4118 valentibus,
1568 4051 1668 4107 hac
1707 4054 1990 4109 verborum

408 4149 748 4219 simplicitate
768 4155 823 4200 et
849 4142 1202 4198 crassitudine
1222 4158 1350 4198 usus
1377 4151 1459 4197 est
1483 4158 1498 4207 ;
1526 4153 1580 4197 et
1597 4153 1654 4197 ut
1681 4143 1870 4200 doceat
1894 4160 1992 4201 nos

409 4255 516 4309 quo
548 4246 700 4307 pacto
728 4235 1012 4290 formatum
1040 4233 1188 4287 illum
1214 4233 1282 4287 de
1318 4243 1458 4288 terra
1482 4274 1498 4299 ,
1545 4234 1842 4304 benignitas
1889 4238 1992 4291 Do-

412 4330 540 4386 mini
571 4327 886 4383 rationalem
915 4323 1108 4378 anima:
1150 4324 1434 4379 essentiam
1486 4324 1686 4381 habere
1726 4327 1988 4396 voluerit,

409 4443 500 4496 per
529 4438 689 4494 quam
715 4419 910 4474 animal
939 4418 1040 4473 hoc
1059 4417 1360 4474 absolutum
1397 4427 1453 4474 et
1482 4419 1770 4488 perfectum
1818 4420 1987 4478 ﬁeret.

413 4519 477 4574 Et
515 4516 814 4586 inspiravit,
847 4513 1049 4583 inquit,
1094 4513 1144 4566 in
1173 4513 1353 4583 {aciem
1380 4513 1488 4580 eius
1512 4515 1824 4583 spiraculum
1855 4517 1988 4570 vitaz.

416 4609 640 4664 Vitalem
666 4607 742 4662 ait
783 4603 1036 4675 Operandi
1064 4603 1358 4659 efficaciam
1387 4603 1436 4659 ei
1456 4645 1472 4670 ,
1493 4607 1582 4674 qui
1609 4605 1676 4660 de
1706 4616 1844 4661 terra
1886 4607 1993 4662 for-

412 4711 585 4757 ntatus
611 4710 712 4764 est,
744 4695 1064 4766 spiraculum
1091 4695 1268 4748 datum
1290 4710 1430 4760 esse,
1460 4705 1514 4750 et
1540 4696 1652 4750 ltaie
1678 4696 1768 4751 fuit
1793 4702 1994 4754 consti-

413 4796 545 4850 tutio
591 4791 902 4847 substantia:
937 4788 1152 4843 animm.
1185 4787 1337 4843 Unde
1383 4788 1604 4842 subdit:
1639 4789 1705 4842 Et
1733 4795 1897 4860 factus
1924 4803 1993 4844 est

410 4888 559 4939 homo
586 4885 636 4938 in
663 4885 884 4936 animum
909 4881 1169 4934 viventem.
1200 4879 1293 4934 Ille
1321 4877 1594 4943 formatus,
1627 4881 1815 4950 inquit,
1845 4892 1898 4935 et
1925 4881 1992 4935 de

409 4978 625 5046 pulvere
670 4983 968 5044 susceptus,
1009 4971 1295 5041 inspiratus
1333 4971 1598 5038 spiraculo
1628 4973 1769 5038 vitae,
1803 4972 1992 5026 Factus

407 5080 478 5124 est
510 5070 562 5122 in
587 5069 806 5121 animam
833 5062 1239 5129 viventem.Quid
1260 5069 1364 5128 est,
1385 5061 1452 5116 In
1472 5063 1694 5115 animum
1717 5063 1993 5118 viventem?

410 5162 524 5217 Hoc
567 5169 644 5214 est
666 5199 680 5222 ,
710 5158 996 5212 efﬁcaciter
1043 5165 1350 5224 cperantetn
1377 5194 1393 5218 ,
1423 5153 1705 5209 habentem
1749 5157 1992 5224 corporis

413 5251 651 5309 membra
679 5250 845 5318 ipsius
873 5246 1270 5317 operationibus
1295 5246 1576 5300 servientia
1606 5245 1874 5316 ipsiusque
1893 5262 1990 5301 vo-

410 5343 597 5403 luntati
634 5337 1072 5409 obtemperantia.
1104 5336 1366 5391 Caeterum
1395 5335 1576 5390 nescio
1602 5336 1868 5405 quomodo
1895 5352 1993 5392 nos

410 5451 532 5490 eum
559 5429 975 5489 subverterimus
1009 5426 1273 5494 ordinem,
1297 5437 1353 5481 et
1378 5435 1522 5481 tanta
1551 5427 1708 5481 fuerit
1741 5429 1992 5498 nequitia:

412 5528 690 5593 accessio,
736 5533 795 5578 ut
840 5533 1007 5592 Ipsam
1042 5534 1296 5587 cogamus
1331 5520 1508 5573 carnis
1554 5520 1992 5588 concupiscentiis

413 5619 733 5692 obsequi,et
760 5630 899 5679 eant,
924 5628 1038 5684 qua:
1079 5619 1258 5680 utpote
1283 5609 1496 5664 domina
1534 5610 1652 5664 aliis
1680 5624 1908 5680 pra-esse
1931 5620 1986 5666 et

1154 196 1216 254 3.
1252 182 2026 254 JO‘ANNISCHRYSOSTOMI
2042 199 2046 201 ‘
2063 181 2381 240 ARCIHEP.
2419 183 2954 240 CONSTANTIN‘OP.

3595 189 3697 249 ωλι

2116 299 2378 371 imperare
2400 300 2646 369 debebat,
2669 317 2699 356 e
2727 303 2861 356 solio
2880 302 3230 364 detttrbatam.
3252 307 3429 363 carnis
3448 307 3693 377 volupta-

2109 391 2249 446 tibus
2283 407 2471 462 parere
2496 408 2768 462 cogamus,
2803 396 3105 463 ignorantes
3146 398 3310 465 ipsius
3336 400 3693 464 nobilitatem,

2109 490 2172 536 et
2190 493 2438 552 quantam
2469 499 2577 552 prze
2608 485 2705 539 ista
2735 486 3076 540 eminentiam
3108 491 3410 546 sortitasit.
3445 491 3575 546 Nam
3603 511 3694 546 eo-

2106 574 2210 642 gita
2235 615 2250 638 ,
2277 575 2501 629 obsecro
2520 615 2534 637 ,
2564 573 2900 630 fortnationis
2931 578 3174 633 ordinem
3207 597 3219 632 :
3251 591 3319 634 et-
3340 585 3580 650 expende
3613 594 3695 636 tea

2109 679 2252 729 cum,
2284 667 2402 734 quis
2429 675 2569 720 esset
2601 665 2690 720 ille
2713 677 2996 737 antequam
3028 671 3378 740 inspiraretur
3406 690 3433 725 a
3468 675 3692 728 Domino

2105 755 2428 823 Spiraculum
2455 757 2606 822 vitae,
2634 767 2688 815 et
2722 759 2870 814 ﬁeret
2914 761 2964 815 in
2994 763 3223 816 animam
3255 765 3538 819 viventem.
3576 767 3693 819 lua-

2107 846 2263 901 nimis
2294 863 2497 918 nempe
2528 849 2732 920 imago,
2769 855 3079 922 operatione
3124 871 3341 922 carens,
3368 868 3423 911 et
3457 858 3522 911 ad
3558 858 3687 914 nihil

2108 937 2247 991 utilis
2267 939 2384 1002 ;.ita
2431 948 2488 994 ut
2529 948 2692 996 totum
2733 942 2859 996 illud
2901 945 3041 1014 quod
3089 947 3140 1000 in
3184 956 3384 1001 tantunt
3431 949 3689 1002 honorem

2108 1028 2277 1096 ipsum
2312 1031 2570 1097 provexit.
2597 1033 2726 1087 nihil
2751 1034 2891 1088 aliud
2920 1037 3005 1098 sit,
3022 1053 3178 1105 quam
3205 1039 3530 1106 spiraculum
3561 1041 3688 1094 illud

2107 1136 2137 1172 a
2170 1122 2284 1174 Deo-
2307 1121 2640 1191 inspirautm.
2670 1125 2934 1180 Ca-terutn
2965 1137 3019 1182 ttt
3047 1128 3147 1183 hoc
3173 1147 3276 1183 non
3317 1131 3486 1183 solum
3518 1148 3580 1184 ex
3627 1134 3691 1184 iis

2105 1229 2222 1279 qua:
2252 1221 2376 1267 tunc
2406 1215 2538 1268 facta
2569 1225 2710 1282 sunt,
2741 1217 2834 1272 sed
2863 1229 2914 1273 et
2948 1234 3014 1274 ex
3043 1220 3107 1274 iis
3131 1237 3250 1291 qua:
3292 1238 3430 1276 nunc
3455 1225 3692 1292 quotidie

2106 1304 2420 1374 contingunt
2443 1306 2642 1372 videas,
2671 1310 2845 1378 cogita
2875 1319 3046 1365 tecum
3067 1314 3334 1381 quomodo
3361 1326 3477 1383 post
3497 1317 3690 1369 ςιηίηιειε

2105 1398 2540 1466 emigratiouem,
2575 1415 2767 1469 corpus
2797 1401 2899 1456 hoc
2951 1414 3054 1456 tam
3087 1406 3304 1460 insuave
3349 1416 3404 1461 et
3447 1407 3690 1476 injucun~

2105 1487 2228 1541 dum
2258 1500 2480 1559 apparet
2507 1500 2603 1545 ret
2624 1493 2749 1560 quid
2771 1494 2914 1560 dico,
2956 1495 3172 1550 insuave
3201 1506 3256 1552 et
3306 1497 3690 1568 injucundan

2105 1594 2262 1645 quam
2291 1580 2635 1650 horrendum,
2658 1601 2816 1654 quam
2849 1589 3108 1658 ftetidum,
3140 1603 3190 1648 et
3221 1595 3555 1655 deformitate
3577 1603 3692 1670 ple-

2106 1686 2254 1736 num,
2279 1673 2417 1740 quod
2440 1685 2594 1730 antea
2623 1692 2743 1731 euut
2769 1681 2838 1734 ab
2862 1683 3037 1737 anima
3061 1697 3351 1755 regeretur,
3369 1691 3686 1761 jucundum,

2103 1771 2332 1829 gratum,
2362 1763 2750 1837 admodumque
2780 1769 3072 1828 formosum
3099 1787 3250 1841 erat,
3281 1783 3442 1834 multa
3474 1784 3698 1851 plenum

2107 1854 2383 1920 pl‘tttl:*flli:l
2411 1897 2426 1922 ,
2459 1867 2512 1912 et
2541 1859 2605 1912 ad
2637 1860 2773 1915 bona
2800 1879 2959 1932 opera
2988 1881 3175 1936 magna
3202 1871 3516 1928 dexteritate
3548 1893 3686 1942 pne-

2104 1945 2289 2000 ditnm.
2339 1947 2466 2004 Hmc
2510 1952 2689 2020 utique
2719 1957 2894 2008 omnia
2940 1960 3268 2028 cogitantes,
3304 1979 3367 2018 ac
3407 1967 3686 2022 nobiscum

2104 2047 2411 2104 reputantes
2459 2053 2651 2110 quanta
2701 2045 2773 2099 sit
2816 2049 3008 2104 animae
3058 2058 3252 2106 nostra:
3297 2056 3564 2124 nobilitas,
3620 2076 3687 2114 ne

2103 2127 2227 2196 quid
2271 2145 2331 2184 ea
2381 2131 2651 2200 indignum
2680 2150 2996 2204 cperemur,
3031 2157 3096 2196 ne
3122 2145 3527 2214 coinquinemus
3566 2168 3687 2205 eam

2103 2219 2303 2275 illicitis
2331 2225 2599 2291 operibus,
2629 2242 2696 2282 ne
2725 2229 2824 2283 sub
2859 2232 3038 2286 carnis
3065 2237 3374 2292 servitutem
3403 2256 3518 2294 eam
3556 2244 3688 2296 sub-

2097 2311 2344 2382 jogemus
2367 2355 2381 2379 ,
2415 2332 2481 2370 ne
2508 2325 2611 2370 tam
2644 2321 2875 2376 nobilem
2897 2363 2920 2389 ,.
2950 2335 3197 2395 tantaque
3223 2329 3478 2398 dignitate
3505 2335 3682 2388 subli-

2101 2421 2241 2460 mcm
2265 2449 2280 2473 ,
2311 2407 2390 2463 sic
2426 2409 2713 2465 crudeliter
2744 2422 2798 2467 et
2842 2415 3333 2475 immiscrieorditer
3373 2433 3682 2481 tractemus.

2101 2494 2232 2549 Nam
2280 2508 2495 2566 propter
2524 2500 2666 2555 illius
2695 2502 3046 2559 substantiam
3089 2525 3184 2562 nos
3226 2511 3565 2582 qui'corporc
3605 2517 3685 2569 in-

2101 2587 2262 2641 voluti
2290 2605 2494 2654 sumus,
2526 2593 2568 2645 si
2598 2593 2856 2662 velimus,
2887 2613 3165 2665 possumus
3191 2617 3312 2656 cum
3358 2605 3685 2674 incorporeis

2099 2680 2403 2747 virtutibus,
2431 2683 2712 2753 adjuvante
2742 2703 2836 2742 nos
2863 2690 3039 2744 divina
3069 2694 3257 2762 gratia,
3291 2707 3516 2764 certare,
3547 2711 3600 2753 et
3630 2701 3705 2755 in.

2101 2780 2242 2826 terra
2269 2775 2626 2843 ambulantes,
2657 2783 2805 2848 quasi
2857 2783 2907 2836 in
2939 2786 3073 2839 caelo
3107 2787 3306 2852 vivere,
3332 2799 3386 2844 ct
3418 2793 3546 2846 nihil
3577 2797 3694 2848 mi-

2100 2879 2203 2918 nus
2245 2881 2403 2935 quam
2443 2869 2546 2924 illa:
2586 2871 2816 2940 habere;
2862 2875 2969 2929 imo
3009 2877 3140 2932 forte
3180 2881 3374 2950 aliquid
3405 2887 3630 2953 amplius
3663 2905 3702 2940 :-.

2098 2958 2364 3023 quomodo
2391 2969 2589 3025 autem,
2611 2978 2708 3032 ego
2733 2963 2926 3019 dicam.
2947 2966 3170 3032 Quando
3190 2973 3332 3025 enim
3358 2975 3475 3044 quis
3499 2978 3684 3032 inven-

2099 3057 2183 3104 tus
2228 3050 2382 3106 fuerit
2419 3056 2747 3124 corruptibili
2793 3058 2897 3113 hoc
2935 3075 3158 3129 corpore
3185 3067 3574 3136 circumdatus,
3609 3072 3688 3125 ita

2096 3139 2258 3193 vitam
2286 3157 2448 3211 agens
2477 3154 2532 3197 ut
2568 3161 2814 3214 superna:
2863 3149 2964 3202 illa:
2991 3151 3246 3218 virtutes,-
3275 3159 3542 3224 quomodo
3573 3178 3690 3216 non-

2097 3234 2497 3301 propensiorcm
2528 3236 2618 3291 Dei
2641 3241 2861 3306 gratiam
2889 3243 3157 3307 sortietur,
3181 3248 3301 3315 quia
3324 3252 3561 3318 corporis
3589 3268 3686 3306 ne-

2096 3325 2432 3381 cessitatibus
2469 3329 2729 3386 obnoxius
2754 3372 2769 3399 ,
2802 3333 3158 3406 incorruptam
3198 3339 3389 3397 anima:
3429 3344 3694 3400 nobilita-

2098 3422 2205 3469 tem
2238 3418 2254 3448 ¹
2284 3419 2513 3473 servavit
2533 3420 2557 3473 ?

2180 3505 2350 3561 Virtus
2397 3510 2682 3578 possibilis;
2725 3531 2990 3584 possumus
3025 3518 3277 3575 Joannem
3318 3522 3602 3592 Baptismm
3633 3537 3701 3580 et-

2099 3595 2321 3651 Paulum
2339 3600 2823 3674 imitari.—Ecquis
2844 3623 3114 3677 umquam,
3131 3611 3295 3678 dices,
3322 3617 3516 3683 poterit
3535 3618 3682 3671 inve-

2098 3688 2199 3741 niri
2227 3691 2384 3745 talis?
2421 3692 2606 3747 Merito
2632 3694 2974 3763 impossibilis
3003 3701 3154 3756 nobis
3192 3703 3305 3758 haec
3334 3720 3419 3759 res
3447 3707 3680 3768 videtur,

2096 3793 2318 3846 quorum
2349 3782 2512 3836 virtus
2537 3786 2822 3841 admodum
2845 3789 3052 3859 exigua.
3082 3793 3146 3846 At
3175 3793 3218 3846 si
3249 3795 3325 3848 vis
3345 3795 3550 3851 discere
3572 3814 3699 3852 nom

2095 3885 2215 3925 esse
2243 3871 2340 3926 hoc
2369 3873 2692 3942 impossibile
2714 3919 2727 3942 ,
2757 3878 2928 3949 cogita
2950 3921 2965 3947 ,
2991 3897 3088 3936 oro
3107 3923 3120 3945 ,
3151 3899 3336 3940 omnes
3352 3887 3527 3953 justos
3546 3930 3559 3950 ,
3587 3890 3696 3957 qui-

2097 3961 2320 4016 Domino
2349 3964 2416 4018 ab
2456 3965 2604 4020 initio
2644 3982 2810 4038 usque
2837 3970 2904 4024 ad
2952 3986 3186 4039 praesens
3223 3983 3429 4044 tempus
3467 3977 3680 4045 placue-

2096 4062 2219 4106 runt
2246 4069 2490 4124 magnum
2515 4057 2685 4122 illum,
2714 4067 2768 4112 et
2793 4059 3090 4116 infecunda:
3118 4064 3303 4130 ﬁlium,
3327 4075 3382 4120 et
3407 4069 3571 4120 eremi
3602 4069 3678 4121 ci-

2095 4159 2212 4198 vem
2239 4143 2497 4200 Joannem
2530 4150 2572 4213 ',
2604 4148 2825 4203 Paulum
2853 4166 3074 4221 quoque
3092 4155 3399 4224 magistrum
3431 4157 3594 4223 orbis,
3623 4167 3691 4212 et-

2095 4251 2307 4291 omnem
2337 4249 2638 4293 sanctorum
2674 4256 2976 4311 numerum,
3006 4245 3095 4314 qui
3123 4246 3367 4301 eamdem
3394 4264 3549 4316 quam
3580 4263 3689 4303 nos

2096 4336 2336 4381 naturam
2367 4328 2622 4395 habuere,
2651 4331 2835 4385 iisdem
2865 4336 3104 4402 corporis
3135 4337 3538 4392 necessitatibus
3575 4338 3673 4392 ob-

2094 4419 2259 4485 noxii,
2281 4428 2334 4474 et
2364 4435 2430 4474 ne
2449 4421 2583 4475 ultra
2607 4424 2931 4491 impossibile
2959 4441 3077 4479 esse
3103 4442 3233 4494 opus
3259 4429 3552 4500 existimes,
3584 4445 3678 4483 nm

2095 4525 2197 4580 quc
2235 4511 2446 4580 segnior
2487 4514 2563 4566 sis
2599 4513 2666 4566 ad
2706 4515 2974 4580 virtutem,
3004 4516 3070 4570 ad
3096 4532 3252 4586 quam
3295 4519 3443 4572 facile
3476 4521 3677 4588 διηφίει

2095 4603 2340 4657 ctendam
2364 4613 2534 4658 tantas
2551 4620 2578 4658 a
2606 4606 2828 4661 Domino
2849 4618 3038 4662 nactus
3057 4624 3116 4664 es
3141 4611 3466 4664 occasiones.
3487 4612 3674 4666 Sciens

2094 4694 2236 4748 enim
2269 4693 2525 4765 benignus
2554 4696 2804 4750 Dominus
2842 4707 3038 4752 nostra:
3068 4700 3308 4752 νοΙυηιτιι
3329 4716 3354 4754 s
3397 4701 3675 4754 infirmita-

2097 4795 2223 4849 tem,
2255 4793 2311 4838 et
2336 4784 2403 4838 ad
2437 4786 2716 4840 labendum
2748 4788 3152 4855 proclivitatem,
3172 4805 3358 4859 magna
3383 4792 3532 4844 nobis
3561 4807 3676 4844 nte-

2095 4875 2358 4930 tlieamina
2388 4878 2438 4931 itt
2467 4894 2736 4933 sacrarum
2765 4879 3157 4949 Scripturarum
3190 4882 3420 4936 lectione
3440 4884 3674 4951 reliquit,

2097 4977 2154 5020 ut
2179 4983 2241 5022 ea
2266 4970 2489 5024 subinde
2509 4972 2813 5026 volneribus
2842 4974 3036 5026 nostris
3063 4974 3419 5042 imponentes.
3439 4984 3492 5028 et
3513 4975 3682 5029 vitam

2097 5061 2306 5116 illorum
2348 5062 2622 5117 beatorum
2652 5064 2882 5118 virorum
2917 5075 3040 5119 ante
3067 5065 3253 5119 oculos
3279 5075 3636 5134 proponcnles
3660 5108 3678 5132 ,

2096 5153 2164 5207 ad
2184 5153 2536 5208 aemulandum
2561 5169 2928 5225 provocemur,
2952 5164 3005 5210 et
3028 5156 3274 5210 virtutem
3307 5172 3413 5210 non
3441 5157 3678 5226 negliga~

2161 5291 2290 5368 fSic
2331 5292 2481 5368 gavit.
2526 5298 2580 5342 et
2617 5274 2819 5344 Coislin.
2857 5293 3030 5345 Morel.
3066 5301 3121 5345 et
3151 5296 3256 5358 alii,
3287 5300 3536 5365 energiant
3565 5305 3676 5366 (τήν

2097 5354 2455 5465 ινξρέῗέιαξξνίι.
2480 5421 2534 5464 et
2553 5415 2652 5480 duo
2679 5415 2793 5466 Mss.
2817 5417 2935 5480 Alii,
2964 5416 3144 5478 Etiam,
3165 5433 3279 5480 pro,
3303 5425 3560 5472 Joannem.
3593 5426 3673 5473 ln-

2096 5482 2291 5549 terpres
2319 5483 2582 5549 utrumque
2612 5477 2916 5549 legerat,_ita
2949 5477 3370 5549 ut__.loao'ucs:_ltic
3413 5494 3673 5549 vocaretur.

2098 5538 2284 5602 }letias.
2318 5540 2423 5602 ‘Sléc
2466 5540 2626 5602 etiam:
2660 5545 2762 5587 tres
2814 5538 2960 5602 Mss,
3005 5538 3200 5593 Heiiunt
3238 5540 3378 5593 illum
3425 5547 3669 5597 Joannem

2099 5606 2116 5661 (
2129 5598 2292 5648 Ἠλίαν
2313 5599 2488 5648 ἐκεῖνον
2519 5599 2735 5658 Ἰωάννην
2741 5604 2756 5661 )
2765 5637 2777 5649 .
