4074 6134
196 290 301 346 1115

194 406 486 463 καὶταῦτα
516 407 656 480 μετά
685 407 887 479 πολλῆς
916 406 1015 479 τῆς
1040 407 1500 472 σνγκαταϐάσεως
1524 409 1619 463 zeal
1658 409 1745 462 διὰ
1767 409 1867 481 τὴν

190 496 480 551 ἀσθένειαν
505 497 605 566 τὴν
632 497 907 567 ἡμετέραν
927 494 1074 549 οὕτω
1096 496 1347 568 ρηθέντα.
1376 497 1486 549 Kal
1511 496 1644 551 αὑτὸ
1667 496 1778 567 γάρ
1804 497 1866 549 τὸ

189 584 366 635 εἰπεῖν
390 602 404 613 ·
446 584 751 636 Ἔπλασεν
789 585 824 635 ὀ
867 583 1015 648 Θεὸς
1043 582 1153 636 τὸν
1190 582 1640 652 ἄνθρωπον,καὶ
1656 583 1870 653 61350:}—

190 675 410 736 σησεν,
440 667 659 733 ἀνάξιον
689 668 855 722 Θεοῦ·
886 668 1022 722 ἀλλά
1046 668 1114 721 δι’
1135 670 1284 741 ἡμᾶς
1326 669 1423 723 zeal
1453 670 1514 723 τὸ
1549 669 1773 732 ἀσθενὲς
1805 669 1869 724 τὸ

188 756 502 827 ήμέτερονι
552 755 695 810 οὑτω
726 757 898 811 ταῦτα
926 757 1192 827 διηγεῖται
1242 761 1277 828 ἡ
1326 756 1447 811 θεία
1483 757 1693 829 Ιῖραφὴ,
1736 758 1869 829 ἡμῖν

192 842 724 912 συγκαταϐαίνουσα,
774 844 863 897 ἴνα
888 843 1090 914 ταύτης
1120 844 1442 908 ἀξιωθέντες
1463 845 1567 916 -τῆς
1592 861 1868 912 συγκατα-

191 930 423 994 ϐάσεως,
454 930 698 984 ἀνελθεῖν
728 930 866 1001 πρὸς
906 931 968 984 τὸ
1017 930 1150 1000 ὕψος
1197 932 1371 985 ἐκεῖνο
1405 931 1730 1001 ἰσχύσωμεν.
1755 930 1870 984 Καὶ

191 1017 448 1081 ἔπλασε,
493 1017 681 1088 φησιν,
728 1021 761 1072 ὀ
811 1018 954 1084 Θεὸς
993 1017 1100 1072 τὸν
1135 1018 1469 1086 ἄνθρωπον,
1503 1018 1656 1086 χοῦν
1688 1016 1868 1072 λαϐὼν

191 1103 306 1159 ἀπὸ
324 1103 438 1173 τῆς
460 1105 752 1174 γῆς.Τέως
774 1106 835 1160 οὐ
862 1106 1036 1178 μικρά
1063 1107 1196 1177 ἡμῖν
1213 1105 1462 1160 ἐντεῦθεν
1486 1106 1750 1169 τίκτεται,
1771 1105 1868 1158 ἐάν

190 1193 380 1263 νήφειν
415 1191 757 1263 βουλώμεθα,
796 1192 1294 1265 ταπεινοφροσύνης
1337 1193 1671 1271 διδασκαλία.
1697 1193 1868 1246 Ὅταν

188 1280 300 1350 γάρ
343 1281 717 1351 ἐννοήσωμεν,
754 1280 917 1334 πόθεν
943 1281 1071 1351 ἔσχε
1097 1281 1199 1350 τήν
1223 1280 1401 1352 ἀρχὴν
1424 1280 1525 1350 τῆς
1557 1281 1868 1344 συστάσεως

186 1371 221 1439 ἠ
249 1367 416 1435 φύσις
440 1370 474 1440 ἡ
504 1368 769 1439 ἡμετέρα,
802 1368 907 1423 κᾶν
938 1368 1198 1440 μυριάκις
1222 1369 1321 1431 τάς
1350 1369 1519 1439 ὀφρῦς
1541 1367 1870 1422 ἀνασπάσω-

193 1471 311 1525 μεν,
363 1456 765 1527 ωστελλόμεθα
786 1458 833 1523 b,
863 1456 1289 1526 ταπεινούμεθα,
1322 1456 1421 1528 τὴν
1449 1455 1634 1511 οὐσίαν
1659 1455 1868 1510 ἐαυτῶν

188 1540 656 1614 ἀναλογιζόμενοι,
694 1545 1005 1615 μετριάζειν
1035 1542 1422 1614 παιδευόμεθα.
1449 1545 1548 1598 Διά
1580 1543 1737 1598 τοῦτο
1759 1544 1869 1614 γάρ

189 1631 281 1684 zeal
317 1634 347 1683 6
377 1631 533 1694 Θεὸς,
568 1631 864 1702 κηδόμενος
893 1632 1050 1703 ἡμῶν
1075 1632 1174 1703 τῆς
1204 1632 1498 1703 σωτηρίας,
1531 1630 1705 1695 οὕτως
1733 1631 1870 1702 ὼδή-

190 1733 326 1787 γησε
351 1717 446 1769 τοῦ
472 1721 750 1788 προφήτου
787 1719 886 1789 τήν
918 1717 1177 1787 γλῶτταν
1202 1720 1340 1790 πρὸς
1369 1719 1466 1790 τήν
1490 1718 1762 1790 ἡμετέραν
1784 1717 1868 1771 δι·-

189 1804 508 1858 δασκαλίαν.
526 1805 744 1876 Ἐπειδὴ
780 1807 887 1876 γάρ
913 1802 1035 1859 εἷπε
1057 1806 1406 1878 προλαϐοῦσα
1435 1808 1468 1876 ἡ
1499 1806 1618 1859 θεία
1637 1805 1828 1877 Γραφή
1852 1820 1870 1837 ⁸

190 1892 297 1945 Καὶ
312 1892 610 1959 ἐποίησεν
629 1896 662 1946 ό
684 1893 829 1958 Θεὸς
848 1893 954 1946 τὸν
972 1892 1307 1961 ἄνθρωπον,
1337 1894 1464 1948 κατ’
1485 1893 1689 1948 εἰκόνα
1718 1891 1868 1948 Θεοῦ

188 1980 482 2047 ἐποίησεν
512 1980 720 2045 αὑτὸν,
745 1982 840 2034 καὶ
863 1982 960 2052 τὴν
994 1983 1166 2053 ἀρχὴν
1196 1981 1344 2053 αὑτῷ
1369 1984 1547 2035 πᾶσαν
1581 1981 1868 2051 παρέδωκε

187 2067 299 2120 τῶν
345 2068 657 2139 ὁρωμένων,
699 2068 773 2140 μὴ
806 2070 1016 2136 ἀγνοῶν
1043 2072 1141 2141 τῆς
1172 2070 1377 2132 οἰκείας
1408 2069 1598 2132 ούσίας
1641 2070 1741 2138 τὴν
1769 2067 1867 2121 σύ-

190 2173 383 2208 στασιν
435 2156 647 2224 μεγάλα
696 2157 974 2228 φαντασθῇ
998 2199 1011 2222 ,
1060 2159 1155 2210 καὶ
1200 2158 1411 2229 ὑπερϐῇ
1457 2157 1584 2220 τοὺς
1633 2155 1868 2220 οἰκείους

183 2244 387 2313 ὄρους’
439 2242 528 2297 διά
570 2243 727 2295 τοῦτο
772 2244 1301 2314 ἐπαναλαμϐάνουσα
1333 2243 1447 2315 [9η
1481 2244 1723 2297 διδάσκει
1771 2243 1867 2296 καὶ

181 2330 277 2384 τὸν
325 2330 528 2402 τρόπον
555 2330 654 2401 τῆς
689 2332 1020 2395 συστάσεως,
1057 2332 1152 2385 zeal
1195 2331 1298 2401 τῆς
1325 2333 1592 2400 γενέσεως
1616 2332 1716 2404 τὴν
1765 2332 1867 2402 ἀρ-

182 2418 308 2489 χὴν,
352 2419 447 2471 zeal
493 2419 616 2472 ὅθεν
661 2421 690 2472 ὁ
742 2420 957 2490 πρῶτος
986 2419 1270 2491 ἄνθρωπος
1296 2419 1573 2491 παρήχθη.
1622 2419 1866 2495 καὶπῶς

184 2505 467 2576 παρήχθη.
504 2506 567 2559 Et
595 2506 703 2577 γάρ
732 2508 825 2560 zeal
856 2507 996 2575 μετά
1025 2507 1230 2578 ταύτην
1251 2508 1349 2578 τὴν
1373 2507 1742 2570 διδασκαλίαν,
1770 2509 1864 2561 καὶ

185 2593 331 2662 μετά
366 2594 424 2646 τὸ
467 2594 692 2662 γνῶναι,
720 2594 802 2647 ὅτι
850 2594 959 2648 ἀπὸ
1004 2594 1102 2664 τῆς
1130 2595 1235 2665 γῆς
1275 2594 1388 2665 ἔχει
1426 2595 1525 2656 τὴν
1564 2595 1741 2666 ἀρχὴν
1765 2597 1866 2666 τῆς

184 2683 524 2744 συστάσεως,
556 2681 613 2748 ἐξ
639 2676 706 2752 ἦς
736 2682 805 2735 τά
831 2681 1142 2751 σπέρματα,
1176 2680 1234 2746 ἐξ
1257 2678 1326 2753 ἦς
1353 2681 1423 2735 τὰ
1445 2683 1613 2750 ἄλογα
1640 2683 1775 2747 ζῶα.
1816 2686 1865 2739 εί

183 2769 283 2819 zeal
324 2770 359 2839 ἡ
386 2769 698 2831 διάπλασις,
746 2769 839 2821 καὶ
876 2769 977 2838 τῆς
1017 2767 1253 2839 ψυχῆςὴ
1282 2769 1440 2822 οὐσία
1487 2771 1518 2840 ἡ
1574 2769 1865 2840 ἀσώματος

184 2854 389 2924 πολλὴν
432 2854 580 2926 αὑτῷ
621 2855 718 2925 τὴν
748 2854 1074 2926 προεδρίανο
1115 2857 1201 2908 διὰ
1236 2855 1334 2927 τὴν
1366 2856 1459 2909 τοῦ
1494 2856 1628 2910 Θεοῦ
1680 2859 1870 2926 φιλαν-

189 2942 437 3014 θρωπίαν
466 2944 785 3013 κεχάρισται
808 2959 821 2972 ·
852 2942 939 2995 διὰ
971 2942 1078 3015 γάρ
1118 2943 1318 3014 ταύτην
1344 2943 1441 2997 zeal
1468 2944 1527 2998 τὸ
1552 2946 1767 3013 λογικὸς
1790 2940 1866 2998 εἶ-

181 3048 295 3091 ναι,
331 3031 430 3083 zeal
461 3029 559 3099 τὴν
586 3029 730 3082 κατά
759 3029 974 3082 πάντων
999 3030 1172 3101 ἀρχὴν
1199 3030 1414 3096 ἐδέξατο
1433 3047 1446 3060 ’
1489 3034 1538 3085 εἰ
1570 3031 1745 3084 τοίνυν
1772 3034 1866 3086 zeal

180 3117 362 3171 ταῦτα
393 3116 601 3187 μαθὼν,
628 3116 716 3170 διὰ
744 3116 840 3188 τὴν
870 3116 1021 3185 παρά
1049 3116 1142 3169 τοῦ
1172 3116 1349 3185 ὄφεως
1378 3117 1595 3189 ἀπάτην
1631 3119 1865 3174 ίσοθεῖαν

180 3205 502 3276 ἐφαντάσθη
548 3206 577 3256 6
609 3207 672 3257 ἐκ
705 3205 806 3274 γῆς
844 3204 1133 3267 πλασθείς·
1184 3207 1231 3257 εἰ
1269 3208 1335 3276 τῇ
1385 3205 1573 3276 πρώτῃ
1617 3206 1865 3277 διηγήσει

183 3293 433 3364 ἠρκέσθη
468 3295 496 3346 ό
526 3293 793 3364 μακάριος
836 3285 990 3355 οὗτος
1024 3293 1330 3363 προφήτης,
1363 3294 1456 3345 zeal
1492 3294 1566 3364 μὴ
1595 3295 1866 3348 ἐπαναλα-

182 3383 300 3436 ϐὼν
332 3383 511 3435 πάντα
548 3381 687 3452 μετά
719 3379 1003 3449 ἀκριϐείας
1030 3381 1178 3451 ἡμᾶς
1225 3380 1451 3448 ἐδίδαξε,
1500 3381 1603 3435 ποῦ
1653 3384 1753 3438 οὑκ
1799 3383 1886 3441 ἂν.

187 3464 396 3534 μανίας
427 3462 827 3532 ἐξωκείλαμεν;

258 3550 494 3606 ε¹.Ὥστε
532 3549 787 3619 μέγιστον
821 3549 952 3619 ἡμῖν
979 3549 1127 3601 ἐστιν
1159 3549 1238 3612 είς
1270 3548 1618 3603 διδασκαλίαν
1653 3551 1867 3620 φιλοσο-

187 3637 321 3707 φίας
356 3637 415 3690 τὸ
448 3636 639 3708 μαθεῖν
664 3636 828 3690 πόθεν
856 3636 917 3700 ἐξ
946 3636 1122 3708 ἀρχῆς
1150 3636 1247 3707 τὴν
1282 3636 1538 3691 σύστασιν
1560 3640 1657 3707 τῆς
1679 3640 1868 3704 οὐσίας

189 3728 529 3796 ἐσχήκαμεν.
548 3724 657 3778 Καὶ
684 3725 939 3785 ἔπλασε,
966 3725 1150 3794 φησὶν,
1181 3727 1212 3776 ό
1237 3724 1380 3791 Θεὸς
1398 3726 1505 3778 τὸν
1534 3724 1866 3794 ἄνθρωπον,

187 3813 349 3882 χοῦν
400 3811 580 3866 λαϐὼν
616 3810 736 3867 ἀπὸ
778 3809 887 3879 τῆς
927 3810 1058 3881 γῆς,
1107 3811 1205 3864 καὶ
1247 3812 1633 3880 ἐνεφύσησεν
1676 3816 1762 3880 εἰς
1802 3813 1868 3867 τὸ

188 3901 522 3968 πρόσωπον
565 3898 750 3953 αὐτοῦ
783 3898 983 3967 πνοὴν
1022 3898 1187 3968 ζῑοῆς.
1208 3899 1426 3971 Ἐπειδὴ
1457 3899 1762 3971 ἀνθρώποις
1792 3901 1870 3954 δι-

189 3989 412 4059 ελέγετο
452 3989 512 4041 οὐ
557 3987 873 4059 δυναμένοις
918 3987 1121 4059 ἑτέρως
1167 3988 1480 4060 ἀκοῦσαι,ῆ
1525 3989 1600 4053 ὡς
1640 3990 1868 4044 ἀκοῦσαι

188 4080 341 4148 ἡμᾶς
367 4075 594 4129 δυνατὸν
625 4070 711 4146 ἦν,
753 4075 896 4128 οὕτω
932 4077 997 4146 τῇ
1035 4075 1304 4146 παχύτητι
1334 4075 1441 4129 τῶν
1473 4077 1644 4146 λόγων
1667 4078 1859 4150 κέχρη-

188 4184 300 4228 ται,
334 4167 432 4219 zeal
484 4166 571 4218 ἵνα
619 4162 803 4234 διδάξῃ
852 4165 1021 4233 ἡμᾶς,
1050 4164 1132 4217 ὄτι
1156 4164 1342 4216 τοῦτον
1387 4163 1477 4217 τὸν
1518 4166 1581 4217 ἐκ
1630 4166 1729 4234 τῆς
1767 4165 1869 4236 γῆς

189 4254 507 4308 πλασθέντα
551 4254 583 4324 ἡ
633 4252 1010 4323 φιλανθρωπία
1035 4252 1128 4306 τοῦ
1157 4252 1425 4306 Δεσπότου
1469 4252 1731 4324 ἐϐουλήθη
1776 4255 1870 4308 καὶ

187 4343 374 4413 ψυχῆς
396 4340 586 4395 οὐσίαν
610 4340 751 4412 ἐχειν
779 4341 1022 4413 λογικὴν,
1054 4342 1120 4394 δι’
1148 4337 1215 4414 ἧς
1246 4341 1307 4393 τὸ
1335 4340 1471 4406 ζῶον
1505 4341 1660 4395 τοῦτο
1684 4341 1870 4414 ἄρτιον

190 4430 289 4484 καὶ
343 4429 552 4482 τέλειον
604 4428 976 4483 ἀπεδείκνυτο.
1009 4429 1118 4483 Καὶ
1155 4430 1520 4497 ἐνεφύσησε,
1556 4429 1737 4501 φησὶν,
1784 4431 1872 4496 είς

189 4518 261 4571 τὸ
304 4517 635 4585 πρόσωπον
673 4515 862 4570 αὑτοῦ
903 4515 1106 4582 πνοὴν
1144 4515 1313 4585 ζωῆς.
1359 4516 1602 4588 Ζωτικὴν
1626 4556 1641 4580 ,
1683 4517 1867 4587 φησιν,

193 4606 481 4678 ἐνέργειαν
508 4605 569 4658 τὸ
593 4605 894 4676 ἐμφύσημα
922 4605 1214 4674 ἐχαρίσατο
1236 4604 1314 4675 τῷ
1341 4607 1405 4659 ἐκ
1428 4606 1531 4676 γῆς
1560 4605 1867 4668 πλασθέντι,

194 4694 295 4747 zeal
347 4693 508 4745 τοῦτο
553 4691 773 4759 ἐγένετο
818 4691 1076 4755 σύστασις
1128 4692 1228 4761 τῆς
1269 4692 1499 4755 οὑσίαςά
1542 4693 1639 4762 τῆς
1670 4691 1868 4762 ψυχῆς.

207 4782 493 4852 Ἑπήγαγε
525 4778 673 4847 γοῦν,
706 4779 817 4834 Kal
845 4779 1082 4848 ἐγένετο
1116 4782 1150 4833 ό
1180 4778 1487 4848 ἅνθρωπος
1531 4781 1617 4845 εις
1661 4778 1874 4848 ψυχὴν

194 4867 420 4929 ζῖῦσαν.
456 4864 695 4930 Ἐκεῖνος
719 4867 747 4919 6
776 4866 1053 4930 πλασθεὶς,
1081 4867 1109 4918 ὁ
1148 4866 1257 4919 ἀπὸ
1286 4865 1379 4920 τοῦ
1406 4867 1549 4936 χοὸς,
1580 4865 1876 4937 δεξάμενος

194 4955 255 5008 τὸ
283 4953 592 5023 ἐμφύσημα
620 4954 719 5025 τὴν
751 4953 920 5025 πνοὴν
942 4953 1040 5024 τῆς
1070 4950 1235 5022 ζωῆς,
1253 4952 1536 5021 Ἐγένετο,
1568 4954 1750 5023 φησὶν,
1786 4956 1873 5020 είς

197 5041 416 5112 ψυχὴν
462 5038 676 5101 ζ’ὧσαν.
708 5040 773 5092 Τί
817 5041 986 5105 ἐστιν,
1029 5042 1130 5107 Εἰς
1162 5038 1378 5110 ψυχὴν
1420 5039 1648 5105 ζῶσαν;
1692 5042 1875 5113 Ἐνερο

199 5128 427 5197 γοῦσαν,
473 5127 703 5198 ἔχουσαν
753 5126 1169 5200 ὑπηρετούμενα
1199 5128 1269 5182 τά
1312 5128 1447 5199 μέλη
1491 5129 1586 5182 τοῦ
1624 5127 1872 5199 σώματος

201 5219 316 5280 ταῖς
335 5214 512 5284 αὑτῆς
532 5214 850 5285 ἐνεργείαις,
882 5214 975 5267 zeal
995 5213 1072 5285 τῷ
1096 5214 1393 5285 βουλήματι
1414 5215 1581 5286 αὐτῆς
1609 5215 1869 5286 ἑπόμενα.

213 5303 352 5355 Ἀλλ’
372 5302 478 5355 οὑκ
507 5295 603 5354 οἷδ’
625 5302 770 5366 ὅπως
799 5303 959 5372 ἡμεῖς
989 5301 1431 5373 ἀντεστρέψαμεν
1458 5303 1555 5374 τὴν
1584 5301 1755 5368 τάξιν,
1779 5302 1875 5356 zeal

204 5389 439 5459 τοσαύτη
482 5389 704 5457 γέγονεν
747 5391 781 5460 ἡ
832 5387 931 5459 τῆς
987 5388 1184 5452 κακίας
1231 5389 1501 5454 ἐπίτασις,
1549 5389 1624 5452 ὡς
1670 5388 1872 5461 ταύτην

209 5476 537 5548 ἀναγκάζειν
581 5478 693 5541 τοῖς
731 5476 830 5548 τῆς
881 5474 1082 5548 σαρκὸς
1112 5474 1448 5547 βουλήμασιν
1478 5475 1872 5544 ἐξακολουθεῖν,

266 5654 292 5717 ξ’
324 5651 512 5717 Morel.
556 5651 639 5700 zeal
674 5652 731 5701 τὸ
759 5651 948 5709 ἀσθενὲς
977 5653 1034 5703 τὸ
1050 5654 1282 5717 ἡμέτερον
1303 5650 1449 5717 τοῦτο
1469 5653 1717 5717 διῖγεῖται.

265 5714 294 5753 ι
319 5713 472 5776 εει-η.
499 5718 752 5776 et._ne_)vem
795 5728 910 5764 mss.
932 5713 1367 5776 καταάελλόμεθα.
1431 5716 1465 5776 ⁸-
1487 5713 1658 5763 MOI-el.
1694 5729 1875 5776 προσε-

210 5773 353 5838 ερίαν.
376 5773 507 5824 Infra
550 5773 732 5838 Cepislin
777 5776 872 5827 ὑπὸ
910 5781 996 5838 τῆς
1034 5792 1079 5828 τ.
1103 5776 1149 5828 6.
1176 5773 1378 5835 ἀπάτης.
1443 5774 1471 5819 ἆ
1504 5773 1875 5829 Colberl.'unus

213 5834 443 5896 σύστασις
480 5840 543 5899 τῇ
567 5835 729 5906 οὐσίᾳ.

1389 291 1466 349 1N
1502 290 1655 350 CAP.
1699 293 1742 350 ιι
1781 254 2025 352 σΕΝεε.
2069 294 2303 353 ιιοκιι..
2347 296 2460 353 xu.

3525 304 3629 358 106

1972 410 2068 464 zeal
2093 411 2192 482 τήν
2216 412 2280 466 ἐν
2305 412 2455 480 τάξει
2480 412 3107 486 δεσποίνης-ὀφείλουσαν
3135 415 3514 488 προκαθῆσθαι
3544 419 3639 474 zeal

1967 496 2277 569 ἐπιτάττειν
2322 499 2784 565 καταϐιϐάσαντες
2811 502 2920 555 ἀπὸ
2960 502 3056 555 τοῦ
3096 502 3309 573 θρόνου,
3344 504 3641 559 ὑπακούειν

1967 584 2088 647 ταῖς
2133 584 2235 654 τῆς
2285 586 2485 657 σαρκὸς
2531 587 2744 658 ἡδοναῖς
2790 589 3296 660 καταναγκάζομεν,
3321 591 3640 660 ἀγνοοῦντες

1967 669 2141 740 αὑτῆς
2170 671 2270 742 τὴν
2305 673 2602 740 εὐγένειαν,
2640 675 2734 727 zeal
2765 675 2864 744 ὅση
2911 674 3115 746 ταύτης
3148 678 3182 747 ἡ
3214 677 3475 749 προεδρία
3510 695 3639 743 τυγ-

1968 757 2146 827 χάνει.
2164 758 2443 829 Ἐννόησον
2469 758 2578 831 γάρ
2614 777 2703 830 μοι
2728 760 2824 832 τὴν
2853 762 3006 827 τάξιν
3034 763 3134 835 τῆς
3158 763 3514 829 διαπλάσεως,
3544 766 3641 819 zeal

1968 841 2183 911 λογίζου
2211 844 2317 915 πρὸ
2342 844 2437 897 τοῦ
2463 846 2855 916 ἐμφυσήματος
2881 845 2973 899 τοῦ
3009 847 3300 913 Δεσπότου,
3328 850 3465 918 ὅπερ
3492 850 3640 920 αὑτῷ

1968 931 2191 999 γέγονεν
2230 934 2310 996 είς
2338 934 2510 1005 πνοὴν
2538 934 2704 1003 ζωῆς,
2732 935 2827 987 καὶ
2853 934 3067 1003 ἐγένετο
3090 936 3167 998 είς
3190 934 3367 1008 ψυχὴν
3393 937 3572 1001 ζῶσαν
3591 949 3639 1001 ο,

1967 1018 2021 1071 τί
2062 1014 2131 1090 ἢν
2167 1021 2196 1072 6
2226 1019 2736 1085 πλασθείς.Ἀπλῶς
2769 1022 2933 1074 εἰκὼν
2966 1022 3192 1094 ἄψυχος,
3220 1024 3314 1076 zeal
3342 1025 3640 1095 ἀνενέργη-

1966 1121 2080 1176 τος,
2110 1108 2207 1160 zeal
2256 1108 2336 1170 είς
2379 1108 2531 1162 οὐδὲν
2576 1110 2866 1180 χρήσιμος,
2907 1107 3049 1162 ὥστε
3085 1110 3145 1163 τὸ
3178 1111 3286 1164 πᾶν
3316 1112 3410 1165 καὶ
3454 1113 3515 1165 τὸ
3561 1108 3641 1174 εἰς

1966 1192 2236 1264 τοσαύτην
2266 1194 2429 1247 αὑτὸν
2463 1193 2623 1266 τιμήν
2650 1196 2876 1264 ἀγαγὸν,
2910 1197 3086 1250 ἐκεῖνό
3113 1197 3230 1250 ἐστι
3272 1196 3333 1250 τὺ
3365 1196 3513 1266 παρά
3544 1196 3639 1249 τοῦ

1967 1277 2102 1331 Θεοῦ
2126 1279 2350 1348 γεγονὸς
2376 1282 2457 1344 είς
2479 1281 2640 1335 αὑτὸν
2671 1281 2995 1353 ἐμφύσημα.
3026 1283 3136 1336 Kal
3167 1282 3254 1336 ἵνα
3284 1283 3439 1336 τοῦτο
3471 1283 3544 1353 μὴ
3576 1287 3640 1336 ἐκ

1966 1365 2075 1421 τῶν
2098 1367 2221 1420 τότε
2245 1368 2645 1440 γεγενημένων,
2659 1369 2796 1423 ἀλλά
2817 1370 2911 1425 zeal
2937 1372 3000 1424 ἐκ
3014 1369 3120 1426 τῶν
3148 1369 3242 1424 νῦν
3261 1370 3383 1426 καθ’
3403 1372 3638 1440 ἑκάστην

1967 1452 2181 1525 ἡμέραν
2208 1455 2614 1526 συμϐαινόντων
2646 1457 2905 1524 κατίδοις,
2928 1459 3098 1513 ἐννόει
3134 1476 3224 1530 μοι
3257 1458 3396 1528 μετὰ
3419 1459 3519 1530 τὴν
3540 1458 3640 1528 τῆς

1967 1539 2148 1610 ψυχῆς
2182 1540 2360 1609 ἔξοδον
2407 1543 2468 1597 τὸ
2521 1544 2681 1613 σῶμα
2716 1544 2873 1599 τοῦτο
2901 1545 3018 1610 πῶς
3057 1547 3221 1616 ἀηδὲς
3264 1548 3359 1600 zeal
3405 1546 3639 1616 ἀτερπὲς

1968 1626 2249 1695 φαίνεταιο
2301 1630 2398 1683 καὶ
2441 1630 2494 1683 τί
2526 1630 2672 1699 λέγω
2705 1630 2821 1704 [98]
2850 1632 3015 1704 ἀηδὲς
3055 1633 3150 1687 zeal
3196 1633 3472 1704 ἀτερπές;
3522 1634 3640 1696 πῶς

1968 1713 2222 1782 φευκτὸν,
2256 1715 2517 1781 δυσωδίας
2544 1719 3038 1790 ἐμπεπλησμένον,
3082 1721 3263 1791 πάσης
3304 1720 3578 1791 ἀμορφίας
3615 1719 3633 1761 ί

1967 1803 2433 1873 πεπληρωμένον,
2469 1805 2532 1858 τὸ
2561 1806 2668 1877 πρὸ
2712 1806 2924 1872 τούτου,
2956 1807 3120 1878 ἡνίκα
3150 1808 3247 1878 τὴν
3277 1807 3453 1878 ψυχὴν
3493 1804 3639 1878 εἶχεν

1967 1888 2307 1958 ήνιοχοῦσαν,
2335 1890 2577 1962 φαιδρὸν,
2613 1894 2822 1964 χαρίεν,
2855 1894 3057 1965 πολλῆς
3089 1895 3189 1966 τῆς
3212 1895 3516 1965 εὐμορφίας
3541 1896 3640 1965 ἐμ-

1966 1976 2369 2046 πεπλησμένον,
2395 1977 2598 2050 πολλῆς
2623 1980 2725 2051 τῆς
2750 1982 3018 2046 συνέσεως
3039 1982 3488 2053 πεπληρωμένον,
3515 1982 3640 2034 πολ-

1966 2064 2065 2135 λὴν
2093 2066 2502 2139 ἐπιτηδειότητα
2540 2069 2662 2140 ἐχον
2693 2071 2826 2143 πρὸς
2856 2071 2955 2144 τὴν
2993 2071 3102 2125 τῶν
3134 2072 3353 2141 ἀγαθῶν
3389 2071 3638 2143 πράξεων

1965 2152 2262 2223 ἐνέργειαν.
2293 2155 2478 2210 Ταῦτα
2507 2157 2569 2229 δὴ
2599 2158 2775 2211 πάντα
2817 2159 3144 2226 ἐννοοῦντες,
3175 2162 3271 2214 zeal
3299 2160 3636 2229 λογιζόμενοι

1964 2240 2064 2310 τὴν
2104 2242 2432 2309 εὐγένειανε
2479 2245 2578 2315 τῆς
2627 2248 2904 2318 ἡμετέρας
2955 2248 3154 2317 ψυχῆς,
3210 2247 3376 2318 μηδὲν
3418 2247 3637 2310 ἀνάξιον

1964 2328 2135 2399 αὐτῆς
2177 2329 2658 2402 διαπραττώμεθα,
2706 2334 2842 2404 μηδὲ
2891 2335 3418 2406 καταρῤυπαίνωμεν
3468 2335 3637 2402 αὐτὴν

1964 2417 2083 2478 ταῖς
2128 2417 2349 2481 ἀτόποις
2394 2420 2647 2491 πράξεσι,
2685 2421 3039 2485 καθέλκοντες
3071 2422 3240 2493 αὑτὴν
3272 2423 3352 2486 είς
3395 2421 3492 2492 τὴν
3536 2423 3635 2492 τῆς

1967 2501 2168 2570 σαρκὸς
2191 2505 2490 2576 ὑποταγὴν,
2508 2509 2748 2579 καὶπερὶ
2769 2508 2868 2578 τὴν
2885 2507 3058 2571 οὕτως
3078 2509 3297 2579 εὐγενῆ,
3322 2508 3415 2561 καὶ
3440 2508 3637 2561 τοσαύο

1964 2603 2063 2658 της
2092 2589 2398 2663 ἠξιωμένην
2428 2593 2735 2665 προεδρίας,
2761 2595 2933 2659 οὕτως
2962 2596 3310 2666 ἀσυμπαθεῖς
3335 2596 3630 2665 γινόμενοι,

1966 2680 2060 2732 καί
2106 2680 2434 2751 ἀγνώμονες.
2476 2684 2573 2736 Διά
2623 2682 2732 2754 γὰρ
2782 2684 2881 2755 τὴν
2926 2684 3131 2755 ταύτης
3174 2684 3363 2738 οὑσίαν
3395 2686 3555 2755 ἡμεῖς
3583 2683 3634 2736 οἱ

1967 2765 2179 2837 σώματι
2213 2769 2716 2839 συμπεπλεγμένοι,
2746 2766 3244 2842 ἐάνβουληθῶμεν,
3270 2770 3632 2843 δυνησόμεθα,

1963 2854 2062 2923 τῆς
2093 2854 2243 2924 παρά
2269 2854 2363 2908 τοῦ
2395 2855 2530 2908 θεοῦ
2577 2856 2751 2926 ῥοπῆς
2792 2860 2925 2928 ἡμῖν
2975 2858 3480 2929 συνεφαπτομένης,
3514 2860 3637 2921 ταῖς

1965 2942 2280 3011 ἀσωμάτοις
2321 2943 2655 3012 ἁμιλλᾶσθαι
2695 2944 2978 3015 δυνάμεσι,
3012 2946 3106 2997 zeal
3139 2947 3198 2998 ἐν
3223 2947 3292 3015 γῇ
3332 2944 3636 3015 βαδίζοντες

1966 3027 2040 3090 ὼς
2078 3028 2136 3080 ἐν
2163 3027 2377 3098 ούρανῷ
2403 3028 2699 3096 διάγοντες,
2731 3030 2872 3083 οὕτω
2912 3030 3303 3096 πολιτεύεσθαι,
3335 3031 3431 3084 zeal
3468 3030 3635 3101 μηδὲν

1968 3113 2190 3167 ἐκείνων
2234 3114 2454 3168 ἔλαττον
2502 3116 2668 3185 ἐχειν,
2711 3115 2848 3169 ἀλλά
2876 3116 3016 3187 τάχα
3062 3120 3202 3170 κατά
3229 3135 3281 3170 τι
3313 3118 3406 3171 zeal
3433 3117 3593 3171 πλέον
3617 3134 3632 3149 ’

1967 3203 2058 3254 καὶ
2091 3201 2229 3265 πῶς,
2259 3203 2372 3270 ἐγὼ
2394 3203 2731 3273 λέγω.“οταν
2758 3205 2863 3275 γὰρ
2894 3203 3092 3276 εὑρεθῇ
3122 3222 3204 3268 τις
3235 3205 3373 3275 μετὰ
3402 3205 3462 3258 τὸ
3481 3206 3509 3245 h
3534 3204 3638 3257 σώ-

1970 3306 2098 3358 ματι
2126 3289 2350 3361 φθαρτῷ
2374 3289 2805 3361 συμπεπλέχθαι,
2837 3291 2905 3343 τά
2933 3291 3073 3342 αὑτά
3097 3293 3216 3355 ταῖς
3241 3291 3353 3345 ἀνω
3377 3290 3638 3361 δυνάμεσι

1969 3377 2400 3447 πολιτευόμενος,
2429 3377 2546 3440 πῶς
2583 3378 2644 3431 οὑ
2685 3376 2920 3440 πλείονος
2966 3376 3325 3446 ἀξιωθήσεται
3351 3378 3451 3448 τῆς
3488 3379 3639 3448 παρά

1966 3463 2058 3517 τοῦ
2092 3464 2226 3517 Θεοῦ
2277 3464 2472 3535 ῥοπῆς,
2515 3465 2596 3517 ὅτι
2646 3466 2741 3518 καὶ
2776 3468 2897 3528 ταῖς
2949 3465 3215 3533 ἀνάγκαις
3248 3464 3342 3518 τοῦ
3386 3465 3637 3537 σώματος

1967 3552 2325 3623 ὑποκείμενος
2365 3551 2621 3622 ἀκέραιον
2659 3553 2757 3621 τῆς
2800 3552 2981 3624 ψυχῆς
3011 3552 3109 3609 τὴν
3139 3553 3418 3622 εὐγένειαν
3457 3553 3638 3626 διετή-

1970 3657 2138 3711 ρησε;

2038 3729 2147 3781 Kal
2191 3728 2275 3792 τίς
2319 3727 2386 3782 ἂν
2424 3726 2700 3799 δυνηθείη,
2732 3727 2894 3797 φησὶ,
2924 3726 3166 3790 τοιοῦτος
3211 3727 3500 3797 εὑρεθῆναί
3541 3745 3641 3779 πο-

1966 3831 2055 3881 τε;
2086 3815 2327 3877 Εἰκότως
2370 3815 2628 3869 ἀδύνατον
2675 3816 2807 3884 ἡμῖν
2838 3815 2899 3867 τὸ
2926 3816 3160 3885 πρᾶγμα
3203 3816 3513 3884 νενόμισται
3550 3813 3639 3867 διά

1967 3902 2057 3955 τὸν
2082 3903 2254 3956 πολὺν
2282 3903 2385 3973 τῆς
2419 3903 2618 3974 ἀρετῆς
2647 3902 2875 3972 αὐχμόν.
2923 3903 2983 3954 El
3020 3901 3077 3953 δὲ
3104 3900 3282 3971 βούλει
3318 3899 3529 3971 μαθεῖν,
3554 3901 3638 3954 ὅτι

1967 3989 2068 4042 οὑκ
2114 3989 2228 4043 ἐστι
2260 3989 2419 4043 τοῦτο
2446 3990 2555 4043 τῶν
2582 3989 2879 4052 ἀδυνάτων,
2921 3989 3173 4060 ἐννόησόν
3223 4005 3313 4058 μοι
3357 3987 3416 4054 ἐξ
3461 3988 3637 4059 ἀρχῆς

1973 4077 2132 4149 μέχρι
2159 4077 2255 4132 τοῦ
2290 4079 2558 4150 παρόντος
2587 4078 2712 4141 τοὺς
2740 4077 3216 4148 εὑαρεστὴσαντας
3255 4074 3334 4145 τῷ
3369 4077 3635 4149 Δεσπότῃ,

1968 4165 2058 4217 τὸν
2106 4163 2279 4236 μέγαν
2319 4167 2570 4235 Ἰωάννην
2619 4168 2845 4231 ἐκεῖνον,
2879 4165 2969 4219 τὸν
3004 4164 3103 4235 τῆς
3132 4163 3353 4234 στείρας
3381 4162 3516 4227 υίὸν,
3545 4167 3637 4216 τὸν

1968 4252 2069 4322 τῆς
2103 4255 2307 4323 ἐρήμου
2336 4253 2580 4325 πολίτην,
2618 4253 2826 4307 Παῦλον
2857 4253 2949 4307 τὸν
2997 4252 3096 4323 τῆς
3143 4250 3465 4322 οἰκουμένης
3494 4250 3640 4304 διδά-

1972 4340 2187 4401 σκαλον,
2215 4341 2308 4393 καὶ
2338 4341 2514 4394 πάντα
2538 4341 2645 4394 τῶν
2673 4341 2844 4409 ἁγίων
2869 4340 2961 4394 τὸν
2990 4339 3246 4410 όρμαθδν,
3268 4337 3319 4392 οἶ
3343 4339 3443 4408 τῆς
3468 4338 3639 4408 αὑτῆς

1971 4428 2101 4498 ἡμῖν
2131 4428 2344 4498 φύσεως
2386 4428 2701 4498 ἐτύγχανον,
2732 4429 2851 4490 ταῖς
2893 4427 3084 4488 αὑταῖς
3110 4427 3376 4494 ἀνάγκαις
3403 4424 3499 4477 τοῦ
3530 4426 3636 4477 σώ-

1974 4531 2141 4584 ματος
2170 4514 2541 4585 ὑποκείμενοι,
2574 4515 2669 4567 zeal
2702 4513 2900 4585 μηκέτι
2920 4514 3107 4567 λοιπὸν
3132 4513 3392 4567 ἀδύνατον
3416 4506 3640 4565 εἶναιτὸ

1972 4604 2203 4672 πρᾶγμα
2226 4600 2433 4670 νόμιζε,
2465 4602 2597 4671 μηδέ
2622 4601 2978 4673 ὀκνηρότερος
3008 4601 3158 4670 γίνου
3192 4601 3319 4673 περὶ
3367 4600 3465 4672 τὴν
3508 4602 3640 4672 ἀρε-

1970 4689 2087 4760 τήν,
2114 4688 2380 4751 τοσαύτας
2411 4688 2590 4741 λαϐὼν
2617 4689 2715 4751 “ea;
2758 4688 3015 4760 ἀφορμάς
3061 4688 3214 4760 παρά
3240 4687 3332 4741 τοῦ
3366 4688 3635 4741 Δεσπότου

1973 4779 2109 4850 πρὸς
2156 4779 2217 4832 τὸ
2261 4780 2376 4848 μετ’
2409 4777 2657 4843 εὐκολίας
2702 4777 2870 4850 αὑτὴν
2917 4777 3265 4832 ἀσπάσασθαι
3291 4778 3336 4830 ί.
3376 4777 3485 4829 Kal
3528 4775 3637 4846 γάρ

1973 4865 2126 4930 εἰδὼς
2157 4869 2185 4920 6
2219 4866 2594 4937 φιλάνθρωπος
2624 4865 2779 4937 ἡμῶν
2804 4865 3080 4934 Δεσπότης
3119 4864 3181 4916 τὸ
3217 4861 3438 4922 ἀσθενὲς
3480 4861 3637 4931 ἡμῶν

1970 4955 2072 5024 τῆς
2117 4954 2504 5026 προαιρέσεως,
2552 4954 2647 5007 καὶ
2687 4954 2748 5005 τὸ
2784 4951 3090 5013 εὑόλισθον,
3130 4948 3339 5018 μεγάλα
3372 4947 3639 5019 φάρμακα

1974 5043 2104 5113 ἡμῖν
2125 5042 2400 5106 κατέλιπε,
2418 5042 2516 5112 τὴν
2538 5043 2601 5092 ὲκ
2620 5039 2729 5092 τῶν
2750 5036 2980 5108 Γραφῶν
3003 5036 3326 5103 ἀνάγνωσιν,
3359 5035 3447 5088 ἵνα
3465 5034 3638 5089 ταῦτα

1973 5129 2282 5193 ἐπιθέντεςι
2327 5131 2535 5191 ἑαυτοῖς
2563 5124 2819 5195 συνεχῶς,
2852 5123 2947 5178 καὶ
2976 5123 3103 5187 τοὺς
3137 5122 3285 5193 βίους
3324 5122 3640 5192 ἀναλογιζόο

1978 5233 2127 5287 μενοι
2153 5215 2262 5270 τῶν
2288 5213 2616 5286 θαυμαστῶν
2648 5212 2870 5265 ἐκείνων
2903 5211 2995 5264 zeal
3024 5209 3273 5280 μεγάλων
3297 5209 3527 5282 ἀνδρῶν,
3559 5214 3636 5276 εἰς

1975 5304 2134 5377 ζῆλον
2160 5303 2503 5374 ἐναγὼμεθα,
2535 5301 2628 5355 καὶ
2674 5299 2748 5373 μὴ
2796 5298 3089 5370 ἀμελῶμεν
3120 5297 3222 5367 τῆς
3250 5298 3470 5370 ἀρετῆς,
3502 5299 3635 5353 ἀλλά

2039 5469 2064 5499 θ
2091 5466 2236 5525 Illud,
2260 5464 2341 5513 καὶ
2368 5462 2550 5525 ἐγένετο
2589 5459 2819 5525 εἶςλπνοήν
2843 5456 2936 5525 (ξιἰο
2958 5460 3091 5525 enin)
3121 5458 3357 5525 Varjatnr)
3388 5461 3563 5522 (ibam,
3586 5461 3634 5510 in

1974 5521 2264 5593 quibusdam
2296 5521 2458 5593 dqesl:
2492 5521 2806 5593 Aligs‘t-zapgl
2844 5522 2909 5593 είς
2960 5521 3116 5593 ψυχὴν
3165 5521 3345 5582 ζῶσαν,
3400 5533 3513 5582 qua
3552 5521 3639 5570 εει

1979 5581 2148 5649 ﬁlique
2187 5599 2305 5639 vera
2343 5587 2511 5635 lectio.
2582 5581 2602 5621 ι
2644 5583 2843 5632 (Loislin.
2869 5581 3116 5644 ἁμαρτίας.
3184 5641 3198 5659 π
3298 5581 3333 5651 ’⁷
3420 5581 3431 5582 ’

1987 5712 1998 5715 _
2040 5652 2066 5691 Β
2109 5648 2283 5715 M_orel_.
2330 5646 2727 5715 1‘6V_Ev€;p-1§eav:
2793 5641 3211 5715 Ιιᾼμοτεικιμετα
3231 5658 3348 5715 χον.
3416 5638 3616 5715 {Mea-al

1981 5710 2359 5760 ἐπισπάσασθαι.
2380 5699 2390 5704 ’
2436 5705 2451 5757 i
2526 5699 2624 5756 Alii
2699 5704 2992 5758 ἐπιτιθέντες.
3043 5699 3155 5750 Mox
3231 5703 3354 5760 Reg.
3415 5699 3637 5760 ἀναλογι-

1981 5757 2166 5843 ζόμενοι
2186 5770 2409 5843 συνεχῶς.
2436 5767 2638 5836 Coislin;
2665 5766 2906 5843 διηγεκὼς.
2930 5757 3097 5843 Ιξιιριιίξ)Χ
3109 5757 3436 5843 Ὠοίὲιω.
3456 5757 3635 5821 ἐναγώ-

1986 5823 2104 5899 μὲθα
2121 5823 2361 5888 πολιτιίὰς
2380 5823 2682 5894 θεοπρεποῦς.
2706 5827 2788 5887 Μὴ
2808 5825 2963 5877 τοίνυν
2985 5823 3254 5888 ἀμελῶμεν.
