4074 6134
464 277 562 335 ιθῖ

458 373 752 446 φεύγωμεν
771 378 987 440 κακίαν,
1009 375 1104 430 καί⁵
1125 375 1301 430 πάντα
1321 377 1743 449 ποιῶμεν,ὤστε
1768 380 1842 452 μὴ
1868 379 2120 445 ἀναξίους

460 463 684 525 ἑαυτοὺς
729 464 1062 533 καταστῆσαι
1109 462 1218 516 τῶν
1254 465 1583 536 ἀπορρήτων
1611 467 1836 519 ἐκείνων
1863 467 2081 536 ἀγαθῶν
2104 482 2121 500 ο

442 543 532 600 ,ῶν
562 549 767 618 γένοιτο
808 550 1015 613 πάντας
1057 551 1209 620 ἡμᾶς
1237 551 1532 621 ἐπιτυχεῖν,
1569 553 1750 622 χάριτι
1798 553 1894 607 καὶ
1935 553 2124 623 φιλαν-

1267 262 1332 319 S.
1369 263 1653 320 JOANNIS
1687 259 2182 334 CIIRYSOSTOMI
2222 263 2542 324 ARCHIEP.
2583 261 3137 322 CONSTANTINOP.

3794 265 3891 319 106

2236 398 2348 437 ται.
2369 381 2533 436 Οὐδὲν
2563 383 2673 451 γάρ
2706 379 2905 434 κωλύει
2931 379 3027 432 καὶ
3051 379 3291 449 σήμερον
3308 375 3377 431 τὰ
3393 376 3536 432 αύτά
3549 377 3894 451 διερευνήσα-

2230 469 2353 522 σθαι
2388 469 2482 522 ἐπὶ
2518 469 2617 538 τῆς
2652 466 2923 537 ὑμετέρας
2941 465 3181 535 ἀγάπης.
3206 464 3474 536 Καθάπερ
3491 465 3600 534 γὰρ
3617 469 3649 536 ἡ
3669 465 3780 520 τῶν
3800 468 3892 520 θυ-

2231 556 2514 626 μιαμάτων
2536 553 2715 622 φύσις,
2732 554 2842 622 ὅσῳ
2861 552 2928 605 ἂν
2944 551 3048 604 ὑπὸ
3068 551 3174 605 τῶν
3193 551 3468 604 δακτύλων
3485 551 3594 606 τῶν
3613 553 3893 623 ἡμετέρων

460 634 674 704 θρωπίᾳ
701 634 794 688 τοῦ
827 637 1032 707 Κυρίου
1079 637 1235 707 ἡμῶν
1288 637 1464 708 Ἰησοῦ
1502 639 1762 708 Χριστοῦ,
1801 639 1919 708 μεθ’
1952 633 2012 691 οὐ
2047 638 2126 710 τῷ
2227 639 2678 712 περιστρέφηται,
2702 638 2922 692 πλείονα
2959 638 3058 710 τὴν
3091 639 3320 691 εὐωδίαν
3336 639 3598 710 παρέχει·
3619 639 3712 692 τὸν
3732 641 3892 694 αὐτὸν

460 722 652 790 Πατρὶ,
685 721 801 791 ἅμα
850 721 930 791 τῷ
975 723 1116 792 ἁγίῳ
1161 723 1468 794 Πνεύματι,
1506 724 1653 790 δόξα,
1696 726 1917 795 κράτος,
1967 727 2122 797 τιμὴ.

458 805 552 858 νῦν
583 807 677 861 καί
703 807 811 876 ἀεὶ,
843 809 936 862 καὶ
971 811 1052 873 εἰς
1077 809 1203 873 τούς
1231 811 1432 875 αἰῶνας
1469 813 1574 866 τῶν
1608 811 1839 867 αἰώνων.
1859 814 2051 883 Ἀμήν.

939 896 1054 969 [99]
1095 898 1336 952 omum
1374 899 1473 952 Il‘.

456 976 570 1034 Kal
600 979 1142 1058 éyégsweAKépwq
1175 987 1221 1058 d_
1243 985 1410 1058 Qad;
1433 984 1801 1058 παράδεισον
1855 989 1924 1042 ἐν
1956 987 2124 1058 Ἐ’δὲμ

525 1054 675 1175 Efan
703 1053 1021 1119 ἀνατολὰς,
1050 1053 1146 1107 καί
1188 1052 1356 1108 ἔθετο
1384 1052 1522 1109 ἐκεῖ
1537 1056 1643 1111 τὸν
1670 1057 2007 1127 ἄνθρωπον,
2049 1052 2124 1113 ὸν

557 1137 600 1174 π
645 1138 815 1175 ασεν.

645 1138 815 1176 ασεν.

524 1233 595 1287 α’.
644 1233 814 1306 Ὁρῶν
857 1235 1012 1306 ὑμῶν
1051 1236 1143 1290 τὸν
1190 1237 1352 1292 πόθον
1399 1236 1488 1291 τὸν
1541 1237 1854 1310 ἀκόρεστον.
1893 1240 1987 1293 καὶ
2023 1239 2122 1311 τὴν

455 1320 748 1392 ἐπιθυμίαν
781 1322 882 1395 τὴν
919 1324 1147 1396 πολλὴν,
1181 1326 1276 1378 καὶ
1309 1325 1708 1396 συντεταμένην
1735 1327 1836 1397 τὴν
1865 1326 2121 1390 διάνοιαν,

454 1408 550 1462 καὶ
587 1410 795 1475 πάντας
821 1412 1137 1481 κεχηνότας,
1180 1412 1275 1466 καὶ
1302 1413 1784 1483 ἀνεπτερωμένους
1803 1412 1939 1483 πρὸς
1965 1413 2066 1484 τὴν
2092 1425 2120 1453 ι

457 1497 830 1567 πνευματικὴν
852 1498 1220 1562 διδασκαλίαν,
1249 1499 1424 1552 καίτοι
1447 1499 1647 1570 πολλὴν
1674 1499 1898 1570 ἐμαυτῷ
1930 1500 2122 1554 πενίαν

459 1583 732 1647 συνειδὼς,
771 1585 1008 1654 συνεχῶς
1030 1586 1124 1638 καὶ
1149 1585 1269 1638 καθ’
1289 1587 1525 1656 έκάστην
1547 1586 1760 1658 ἡμέραν
1783 1586 1880 1658 τὴν
1901 1586 2122 1656 πτωχὴν

453 1669 657 1742 ταύτην
673 1671 766 1723 καὶ
780 1672 970 1743 εὐτελῆ
997 1673 1274 1743 τράπεζαν
1291 1674 1418 1744 ὑμῖν
1438 1673 1796 1745 παρατιθέναι
1814 1675 2120 1741 σπουδάζω,

453 1754 673 1828 θαρρῶν
710 1758 792 1811 ὅτι
823 1760 889 1829 τῇ
932 1759 1200 1831 ἐπιθυμίᾳ
1248 1761 1592 1831 ἐκκαιόμενοι
1639 1759 1776 1832 μετά
1814 1759 2122 1832 προθυμίας

449 1843 749 1911 δέξεσθετά
775 1846 1064 1918 λεγόμενα,
1081 1848 1202 1901 ἐπεὶ
1226 1849 1320 1903 καὶ
1343 1849 1434 1902 ἐπὶ
1459 1847 1569 1902 τῶν
1587 1847 1863 1919 αἰσθητῶν
1891 1847 2124 1919 ἐδεσμά-

451 1949 558 1984 των
590 1931 749 1986 τοῦτο
781 1934 1075 2004 συμϐαῖνον
1111 1935 1209 1989 ἰδοι
1235 1953 1319 2000 τις
1345 1937 1650 1990 ἀν.”οτανδ
1681 1937 1781 2006 μὲν
1803 1935 1914 2008 γὰρ
1937 1936 2122 2005 διεγη-

449 2019 728 2090 γερμένην
771 2020 933 2091 ἔχωσι
965 2023 1064 2093 τὴν
1107 2023 1286 2094 ὄρεξιν
1329 2026 1380 2077 οἱ
1423 2024 1762 2094 δαιτυμόνες,
1793 2023 1898 2077 κᾶν
1928 2023 2118 2093 πτωχὴ

451 2119 536 2165 τις
563 2105 804 2178 τυγχάνῃ
835 2109 868 2178 ἡ
895 2109 1165 2179 τράπεζα,
1188 2111 1293 2163 κᾶν
1315 2108 1587 2182 εὐτελὴςῇ
1612 2112 1640 2164 ὁ
1666 2111 1958 2180 ἑστιάτωρ,
1984 2111 2123 2180 μετά

453 2190 652 2263 πολλῆς
687 2195 786 2264 τῆς
815 2195 1009 2265 ἡδονῆς
1035 2195 1314 2250 δαπανῶσι
1346 2197 1416 2250 τά
1447 2197 1887 2268 παρατιθέμενα·
1915 2198 2045 2249 ὅταν
2065 2197 2122 2248 δὲ

452 2279 936 2352 καταϐεϐλημένην
955 2282 1149 2352 ἔχωσιν
1173 2283 1355 2354 δρεξιν
1383 2285 1433 2337 οἰ
1462 2284 1802 2354 ἑστιώμενοι,
1821 2284 1925 2337 κᾶν
1959 2283 2123 2336 πολυ-

450 2364 609 2436 τελής
646 2369 887 2439 τυγχάνῃ
913 2369 946 2438 ἡ
971 2369 1238 2439 τράπεζα,
1273 2371 1367 2424 καὶ
1410 2371 1508 2443 ἔχῃ
1545 2371 1638 2424 καὶ
1663 2371 1892 2441 διάφορα
1916 2370 1988 2422 τὰ
2011 2369 2122 2423 ἐδέ-

455 2467 657 2522 σματα,
699 2452 852 2506 οὐδὲν
889 2455 1099 2523 ὄφελος,
1129 2457 1234 2509 οὐκ
1273 2456 1444 2510 ὄντων
1488 2456 1597 2508 τῶν
1643 2456 1957 2527 δυναμένων
1988 2456 2124 2526 χρή-

454 2541 649 2594 σασθαι
685 2545 799 2606 τοῖς
826 2545 1380 2614 παρασκευασθείσιν.
1409 2544 1674 2599 Ἐνταῦθα
1699 2545 1779 2611 δέ,
1819 2544 2006 2616 ἐπειδὴ
2035 2543 2122 2596 διά

450 2628 550 2700 τὴν
572 2629 664 2682 τοῦ
686 2631 822 2684 Θεοῦ
863 2631 1020 2702 χάριν
1048 2632 1139 2684 καὶ
1167 2633 1200 2703 ἡ
1231 2633 1508 2704 προθυμία
1538 2633 1692 2703 ὑμῶν
1725 2631 2122 2704 διεγηγερμένη

451 2717 725 2785 τυγχάνει,
760 2719 856 2771 καὶ
890 2720 923 2789 ἡ
960 2719 1207 2790 τράπεζα
1239 2721 1600 2792 πνευματικὴ,
1644 2720 1780 2790 μετά
1806 2718 2001 2774 πολλοῦ
2028 2717 2120 2770 τοῦ

452 2803 618 2857 πόθου
667 2806 759 2858 καλ⁸
799 2807 953 2859 αὐτοὶ
980 2807 1229 2878 λέγομεν,
1257 2809 1456 2871 εἰδότες
1487 2810 1569 2861 ὅτι
1602 2807 1896 2878 νηφούσαις
1931 2808 2124 2868 ἀκοαῖς

451 2891 862 2962 παρατιθέμεθα
903 2894 970 2946 τὰ
1013 2894 1130 2948 θεῖα
1164 2895 1338 2949 ταῦτα
1374 2895 1696 2965 διδάγματα.
1716 2895 1868 2948 Ἐπεὶ
1901 2893 1996 2948 καί
2024 2910 2124 2963 γη-

453 2978 613 3041 πόνος
654 2979 872 3033 ἐπειδὰν
921 2980 1159 3052 λιπαρὰν
1213 2981 1348 3056 εὕρῃ
1399 2985 1494 3036 καὶ
1543 2981 1829 3052 βαθύγειον
1882 2981 2123 3050 ἄρουραν

451 3065 520 3118 τά
559 3067 688 3137 παρ’
717 3066 910 3120 ἐαυτοῦ
959 3069 1152 3129 πάντα,
1191 3069 1271 3131 εἰς
1321 3070 1492 3140 αὐτὴν
1540 3068 1946 3138 ἐπιδειξάμενος
1973 3109 1988 3132 ,
2028 3067 2123 3119 καὶ

451 3154 578 3215 τοὺς
615 3153 859 3216 αὔλακας
921 3154 1226 3224 ἀνατεμὼν,
1252 3155 1346 3208 καὶ
1383 3156 1443 3210 τὸ
1482 3155 1710 3225 ἄροτρον
1747 3154 1999 3218 ἑλκύσας,
2029 3153 2124 3206 καὶ

453 3240 553 3302 τὰς
602 3239 845 3302 ἀκάνθας
891 3241 1247 3307 ἀνασπάσας,
1290 3243 1430 3312 μετά
1479 3241 1758 3310 δαψιλείας
1795 3240 2123 3295 καταϐάλλει

451 3325 525 3378 τὰ
565 3326 888 3397 σπέρματα,
927 3327 1022 3379 καὶ
1069 3329 1190 3391 ταῖς
1240 3331 1504 3398 χρησταῖς
1542 3327 1752 3381 έλπίσιν
1789 3329 1889 3398 ήδη
1928 3327 2125 3397 τρεφό-

457 3430 618 3480 μενος
667 3414 790 3466 καθ’
819 3413 1056 3484 ἑκάστην
1104 3414 1320 3485 ἡμέραν
1355 3415 1454 3486 τὴν
1493 3414 1786 3486 βλάστησιν
1811 3423 1838 3452 ε
1864 3413 2124 3483 ἀναμένει

453 3499 564 3552 τῶν
601 3499 1072 3570 καταϐληθέντων,
1095 3500 1172 3572 τῷ
1211 3502 1416 3573 γονίμῳ
1437 3502 1536 3572 τῆς
1568 3502 1671 3572 γῆς
1703 3490 2006 3572 προσέχων,
2027 3499 2124 3555 καὶ

458 3587 889 3642 πολλαπλασίονα
925 3589 1032 3644 τῶν
1070 3592 1399 3662 σπερμάτων
1434 3591 1648 3661 ἕτοιμος
1665 3590 1741 3642 ῶν
1763 3587 2124 3655 ὑποδέξασθαι

453 3678 546 3730 τὸν
567 3667 796 3747 ἀμητόν.
816 3677 973 3731 Κατά
991 3677 1082 3730 τὸν
1101 3678 1260 3732 αὐτὸν
1276 3678 1340 3750 δὴ
1359 3679 1558 3750 τρόπον
1579 3678 1673 3732 καὶ
1691 3681 1872 3749 ἡμεῖς,
1889 3677 2126 3747 ὁρῶντες

453 3764 608 3834 ὑμῶν
643 3767 729 3834 ἐφ’
749 3766 984 3836 ἑκάστης
1019 3766 1232 3837 ἡμέρας
1265 3767 1634 3838 αὐξανομένην
1666 3765 1763 3836 τὴν
1795 3762 2122 3834 προθυμίαν,

453 3852 544 3904 τὸν
563 3853 726 3905 πόθον
745 3838 1081 3924 ἀκμάζοντα,
1095 3854 1193 3924 τὴν
1216 3854 1446 3924 σπουδὴν
1467 3853 1704 3906 ἐπίδοσιν
1723 3851 2122 3921 λαμϐάνουσαν,

453 3940 549 3993 καὶ
585 3940 714 4011 περὶ
753 3940 906 4010 ὐμῶν
943 3941 1186 4011 χρηστάς
1222 3940 1416 4010 ἔχομεν
1451 3938 1549 4001 τὰς
1585 3938 1822 4001 ἐλπίδας,
1845 3937 1938 3990 καὶ
1973 3936 2127 3989 αὐτοὶ

456 4027 662 4081 πλείονι
699 4027 979 4098 προθυμία
1016 4028 1110 4080 καὶ
1149 4026 1355 4095 σπουδῇ
1387 4025 1456 4079 τὰ
1493 4027 1572 4089 εἰς
1606 4025 1834 4096 δύναμιν
1854 4025 2126 4095 ἡμετέραν

449 4113 730 4185 εἰσφέρειν
768 4113 1099 4182 ἐπειγόμεθα
1132 4114 1213 4175 εἰς
1247 4112 1532 4184 οἰκοδομὴν
1565 4113 1660 4182 τῆς
1681 4112 1951 4184 ὑμετέρας
1988 4111 2127 4180 ἀγά-

457 4218 586 4270 πης,
610 4203 689 4262 εἰς
725 4199 880 4263 δόξαν
917 4200 1073 4264 Θεοῦ,
1094 4201 1175 4262 εἰς
1212 4199 1472 4270 καύχημα
1491 4200 1590 4270 τῆς
1610 4198 1705 4252 τοῦ
1729 4199 1864 4252 Θεοῦ
1896 4198 2126 4264 Ἐκκλη-

459 4289 601 4350 σίας.
634 4287 770 4359 Φέρε
805 4283 920 4349 οὖν,
957 4289 1004 4339 εἰ
1041 4287 1206 4350 δοκεῖ,
1246 4287 1418 4359 μικρά
1452 4287 1560 4340 τῶν
1598 4285 1788 4358 πρῴην
1824 4287 2127 4356 εἰρημένων

458 4375 839 4436 ἀναλαϐόντες,
862 4375 1168 4438 ἀκολούθως
1192 4377 1303 4438 τοῖς
1334 4379 1570 4446 σήμερον
1589 4373 2012 4441 ἀναγνωσθείσιν
2033 4374 2128 4425 ἐπ-

457 4463 784 4533 εξέλθωμεν.
807 4465 871 4517 Τί
889 4464 945 4516 δέ
966 4465 1094 4536 ἡμῖν
1113 4459 1180 4535 ἦν
1199 4463 1260 4517 τὸ
1280 4463 1468 4534 πρῴην
1489 4462 1825 4533 κινούμενον,
1848 4462 1942 4514 καὶ
1964 4460 2125 4531 μέχρι

458 4552 564 4605 ποῦ
583 4553 673 4606 τὸν
691 4553 848 4622 λόγον
879 4554 1214 4617 ἐκτείναντες
1248 4553 1518 4607 κατελύσα
1526 4571 1622 4624 μεν
1642 4551 1739 4625 τὴν
1758 4551 2125 4615 διδασκαλίαν,

455 4641 754 4708 ἀναγκαῖον
783 4642 976 4695 εἰπεῖν.
999 4641 1109 4694 Καὶ
1145 4641 1399 4705 ἔπλασε,
1421 4641 1608 4711 φησὶν,
1627 4643 1659 4694 ὀ
1700 4639 1846 4704 Θεὸς
1877 4639 1985 4690 τὸν
2019 4637 2127 4690 ἆν-

456 4733 714 4796 ορωπον,
739 4727 894 4798 χοῦν
911 4727 1128 4781 λαϐὼνά
1151 4729 1269 4782 ἀπὸ
1307 4725 1415 4794 τῆς
1449 4725 1580 4796 γῆς,
1607 4725 1704 4779 καὶ
1744 4724 2128 4794 ἐνεφύσησεν

456 4820 544 4882 εἰς
563 4817 629 4870 τὸ
651 4817 978 4884 πρόσωπον
991 4815 1178 4868 αὐτοῦ
1194 4815 1394 4881 πνοὴν
1417 4811 1582 4880 ζωῆς,
1606 4813 1702 4866 καί
1719 4811 1954 4880 ἐγένετο
1975 4815 2006 4866 ό
2023 4811 2128 4863 ἂν·

458 4903 691 4964 θρωπος
709 4901 796 4964 εἰς
813 4896 1027 4966 ψυχὴν
1048 4895 1260 4956 ζῶσαν.
1271 4897 1445 4967 Ὅπερ
1477 4895 1598 4947 τότε
1632 4895 1834 4963 ελεγον,
1855 4893 2015 4947 τοῦτο
2035 4894 2129 4946 καὶ

459 4981 555 5034 νῦν
585 4981 713 5052 ἐρῶ,
740 4982 834 5034 καὶ
861 4979 1118 5050 διηνεκῶς
1153 4979 1324 5048 λέγων
1343 4979 1403 5032 ού
1425 4977 1722 5048 παύσομαι,
1744 4977 1826 5030 ὅτι
1846 4976 2014 5048 πολλὴ
2035 4978 2128 5029 καὶ

460 5065 664 5130 άφατος
701 5065 734 5133 ἡ
772 5061 1151 5134 φιλανθρωπία
1185 5061 1276 5114 τοῦ
1315 5060 1494 5115 κοινοῦ
1532 5059 1750 5112 πάντων
1786 5060 2054 5112 Δεσπότου
2093 5063 2126 5130 ἡ

463 5147 592 5216 περὶ
609 5145 670 5197 τὸ
687 5145 842 5212 γένος
861 5145 918 5198 τὸ
937 5146 1224 5216 ἡμέτερον.
1249 5145 1356 5198 Καὶ
1382 5143 1491 5216 γὰρ
1521 5143 1688 5213 πολλῇ
1726 5143 2127 5210 συγκαταϐάσει

460 5229 730 5299 ἐχρήσατο
747 5229 835 5282 διά
851 5230 950 5300 τὴν
973 5229 1244 5300 σωτηρίαν
1261 5229 1358 5297 τὴν
1378 5228 1529 5301 μου]
1565 5227 1862 5299 ἡμετέραν,
1887 5227 1980 5280 καὶ
2001 5226 2129 5278 πολ-

462 5311 560 5380 λῆς
592 5313 754 5384 τιμῆς
772 5313 971 5383 ἠξίωσε
1005 5316 1152 5366 τουτὶ
1171 5313 1230 5366 τὸ
1252 5311 1407 5377 ζῶον,
1431 5313 1521 5366 τὸν
1544 5313 1829 5383 ἄνθρωπον
1851 5311 2014 5379 λέγω,
2036 5311 2127 5362 καὶ

458 5394 549 5448 διὰ
570 5396 826 5466 ῥημάτων
847 5398 939 5450 καὶ
955 5395 1041 5450 διὰ
1063 5398 1398 5468 πραγμάτων
1417 5398 1652 5461 δεικνὺς,
1672 5397 1746 5460 ὡς
1767 5397 1982 5450 πάντων
2021 5394 2128 5448 τῶν

459 5478 750 5550 δρωμένων
770 5479 992 5533 πλείονα
1023 5482 1120 5550 τήν
1156 5481 1282 5551 περὶ
1300 5481 1462 5534 αὐτὸν
1482 5481 1806 5551 κηδεμονίαν
1828 5477 2128 5530 ἐπιδείκνυ-

527 5607 554 5634 ⁴¹
577 5604 658 5654 Sic
683 5618 856 5655 omnes
899 5613 1081 5669 prater
1108 5606 1281 5655 Morel.
1327 5608 1412 5669 qui
1451 5605 1601 5656 habet
1621 5607 1735 5669 περί
1757 5606 1860 5669 τήν.
1947 5603 1976 5645 h
1997 5604 2121 5669 Reg.

463 5678 590 5732 quius
630 5673 682 5715 et
715 5665 915 5732 goislin:
951 5668 1094 5732 τοῦτο
1135 5665 1398 5729 συμϐαίνὲν
1439 5670 1614 5732 Δὅτανςξ
1645 5665 1832 5732 “Militi
1870 5679 1984 5732 nisa.

465 5728 692 5792 βλάστην.
719 5730 872 5779 Paulo
897 5739 1027 5792 post,
1051 5730 1172 5791 Reg.
1203 5727 1348 5792 ‘unuAs
1373 5728 1468 5782 καὶ.
1499 5727 1620 5792 πολύ
1657 5727 1871 5785 πλείονα,
1892 5727 2008 5792 d_uq_
2037 5727 2123 5772 alii

462 5786 938 5898 ἒῗιὶοπολυπλασίονα.
1007 5791 1035 5832 ἀ
1054 5786 1230 5841 Λαϐὼν
1290 5789 1437 5842 deest
1501 5786 1552 5836 in
1576 5788 1700 5850 “88-
1721 5801 1818 5839 ιιιὶο
1840 5793 1894 5838 εὶ
1909 5787 2125 5840 Εοὼθηο

2224 727 2288 798 δὴ
2306 728 2506 798 τρόπον
2525 727 2620 781 καὶ
2650 727 2868 780 ἐπὶτῶν
2888 728 3118 799 Γραφῶν
3136 727 3285 781 ἔστιν
3305 727 3433 781 ἰδεῖν
3451 728 3733 798 γινόμενον
3750 745 3766 762 ο
3786 730 3891 799 ὅσῳ

2224 815 2288 867 ἄν
2321 829 2402 876 τις
2422 814 2514 867 ἐπὶ
2537 813 2696 867 πλέον
2715 813 2915 877 ταύτας
2934 815 3144 867 ἐπιέναι
3164 813 3473 878 σπουδάζοι,
3493 815 3737 885 τοσούτῳ
3757 816 3863 885 μάλ
3877 845 3890 856 -

2225 899 2315 953 λον
2353 900 2707 954 κατοπτεύειν
2741 901 2965 955 δύναται
3003 901 3094 955 τὸν
3132 901 3579 972 ἐγκεκρυμμένον
3597 901 3886 972 θησαυρὸν,

2228 987 2322 1042 καὶ
2355 987 2521 1042 πολὺν
2552 989 2648 1041 καὶ
2678 989 2886 1057 ἄφατον
2903 987 2992 1040 τὸν
3011 987 3241 1041 πλοῦτον
3260 987 3510 1041 ἐντεῦθεν
3529 988 3888 1060 καρποῦσθαι.

2227 1074 2334 1128 Καὶ
2360 1076 2613 1143 ἔπλασε,
2640 1077 2822 1146 φησιν,
2863 1078 2896 1130 ὁ
2936 1075 3082 1140 Θεὸς
3115 1075 3222 1128 τὸν
3263 1075 3594 1142 ἄνθρωπον,
3617 1074 3772 1145 χοῦν
3800 1075 3894 1129 λα-

2226 1159 2337 1212 ϐὼν
2357 1171 2381 1199 ο
2420 1161 2536 1215 ἀπὸ
2574 1161 2686 1229 τῆς
2726 1160 2855 1230 τῆς.
2880 1163 3079 1214 Σκόπει
3109 1178 3198 1232 μοι
3217 1162 3314 1232 τὴν
3331 1161 3592 1232 διαφορὰν
3611 1161 3813 1224 εὐθέως
3834 1163 3895 1227 ἐξ

2223 1247 2386 1301 αὐτοῦ
2419 1248 2512 1301 τοῦ
2536 1247 2820 1319 προοιμίου
2855 1248 2963 1303 τῶν
2994 1248 3185 1318 λόγων.
3204 1249 3329 1301 Ἐπὶ
3349 1248 3447 1318 μὲν
3468 1248 3575 1320 γάρ
3593 1249 3702 1301 τῶν
3720 1249 3893 1303 ἄλλων

2224 1336 2478 1391 ἁπάντων
2497 1336 2604 1390 τῶν
2623 1336 3136 1408 δημιουργηθέντων
3155 1337 3393 1402 ἐδίδαξεν
3414 1337 3558 1406 ἡμᾶς
3577 1337 3606 1388 6
3627 1337 3894 1407 μακάριος

2224 1424 2463 1494 Μωῦσῆς
2481 1423 2571 1476 τὸν
2592 1424 2789 1494 τρόπον
2811 1423 2985 1491 λέγων
3004 1421 3105 1493 τῆς
3124 1423 3188 1494 δη
3197 1423 3505 1493 μιουργίας,
3527 1423 3610 1475 ὅτι
3642 1419 3828 1477 Εἶπεν
3859 1427 3894 1477 ὁ

2225 1512 2400 1578 Θεὸς,
2438 1512 2745 1580 γενηθήτω
2787 1510 2912 1579 φῶς
2931 1550 2946 1575 ,
2979 1510 3077 1564 καὶ
3111 1510 3348 1579 ἐγένετο
3389 1509 3542 1580 φῶς·
3578 1510 3894 1577 Γενηθήτω

2218 1597 2550 1668 στερέωμα·
2574 1599 2689 1662 καὶ,
2712 1597 3075 1666 Συναχθήτω
3093 1599 3156 1651 τὸ
3179 1597 3354 1666 ὕδωρ,
3383 1599 3546 1668 φησί·
3569 1599 3686 1662 καὶ,
3709 1601 3894 1664 Γενη-

2223 1683 2502 1750 θήτωσαν
2531 1685 2836 1754 φωστῆρες
2861 1701 2877 1716 ⁸
2903 1686 3018 1748 καὶ,
3042 1685 3452 1752 Βλαστησάτω
3469 1685 3508 1750 ἡ
3529 1684 3602 1754 γῆ
3621 1683 3891 1750 βοτάνην

2222 1773 2439 1841 χόρτου
2461 1789 2474 1802 ⁵
2501 1773 2616 1840 καὶ,
2637 1773 2996 1843 Ἐξαγαγέτω
3017 1773 3089 1826 τὰ
3110 1772 3299 1826 ὕδατα
3324 1773 3539 1842 ἑρπετὰ
3557 1771 3775 1841 ψυχῶν
3793 1765 3894 1827 ζω-

2217 1858 2381 1912 σῶνο
2405 1860 2519 1924 καὶ,
2536 1859 2895 1930 Ἐξαγα-,εέτω
2930 1860 2968 1927 ἡ
3005 1856 3080 1929 γῆ
3119 1858 3332 1926 ψυχὴν
3357 1858 3570 1918 ζῶσαν.
3599 1853 3753 1920 Εἶδες
3776 1855 3890 1918 πῶς

2223 1944 2366 2015 λόγῳ
2400 1946 2471 1998 τά
2508 1947 2701 2000 πάντα¹
2722 1944 3166 2016 ἐδημιουργὴθη;
3200 1944 3338 1997 Ἀλλ’
3361 1944 3558 2014 ἴδωμεν
3577 1943 3762 1996 λοιπὸν
3799 1943 3893 1994 ἐπὶ

2221 2032 2320 2101 τῆς
2355 2032 2450 2086 τοῦ
2482 2033 2769 2104 άνθρωπου
2794 2032 3156 2104 δημιουργίας
3172 2032 3226 2084 τί
3246 2048 3398 2102 φησι.
3419 2031 3528 2085 Καὶ
3567 2031 3840 2084 ἔκλασεν
3861 2031 3895 2084 ὀ

2221 2119 2366 2185 Θεὸς
2405 2120 2514 2173 τὸν
2547 2120 3034 2192 ἆνθρωπον.’⁹ορα
3054 2117 3206 2182 πῶς*
3231 2119 3318 2172 διά
3349 2119 3450 2188 τῆς
3487 2118 3596 2172 τῶν
3633 2116 3896 2188 ῥημάτων

2222 2207 2704 2274 συγκαταϐάσεως,
2719 2203 2801 2271 οἷς
2823 2208 2911 2262 διὰ
2937 2208 3035 2277 τὴν
3065 2208 3344 2278 ἡμετέραν
3360 2205 3644 2259 ἀσθένειαν
3659 2205 3897 2274 ἐχρήσα-

2220 2311 2299 2356 το,
2320 2293 2454 2364 ὸμοῦ
2487 2296 2580 2347 καὶ
2606 2295 2694 2347 τὸν
2722 2296 2922 2366 τρόπον
2943 2295 3042 2364 τῆς
3059 2292 3420 2364 δημιουργίας
3439 2292 3704 2352 διδάσκει.
3723 2291 3820 2344 καὶ
3838 2291 3898 2343 τὸ

2220 2380 2618 2452 ἐνηλλαγμένον
2652 2382 2746 2435 καὶ
2784 2379 3086 2451 μονονουχὶ,
3108 2381 3196 2434 ἴνα
3224 2379 3579 2450 ἀνθρωπίνως
3596 2377 3756 2438 εἴπω,
3781 2379 3899 2440 ταῖς

2219 2471 2406 2541 χερσὶν
2441 2471 2601 2523 αὐτὸν
2638 2469 3094 2541 διαπλαττόμενον
3132 2469 3478 2523 ὑποδείκνυσι
3497 2468 3590 2521 τοῦ
3612 2467 3771 2532 Θεοῦ,
3797 2486 3900 2522 κα-

2220 2558 2330 2621 θὼς
2349 2559 2442 2612 καὶ
2461 2559 2548 2611 ἓτε
2555 2575 2646 2630 ρος
2665 2560 2953 2630 προφήτης
2973 2558 3137 2629 φησίν
3155 2575 3168 2588 ⁸
3191 2560 3261 2612 Al
3299 2556 3497 2626 χεῖρές
3533 2572 3652 2610 σου
3688 2557 3898 2615 ἐποίη-

2221 2644 2342 2698 σάν
2373 2663 2471 2714 με,
2498 2645 2596 2698 καί
2639 2643 2920 2698 ἕπλασάν
2949 2662 3044 2714 με.
3068 2644 3130 2696 Εἰ
3165 2646 3274 2714 γὰρ
3316 2643 3646 2714 προσέταξεν
3687 2641 3897 2705 ἁπλῶς,

2221 2734 2342 2786 εἰπέ
2383 2751 2497 2803 μοι,
2520 2735 2583 2786 ἐκ
2618 2732 2720 2802 τῆς
2760 2732 2862 2801 γῆς
2898 2731 3219 2802 ἀναδοθῆναι
3258 2730 3347 2782 τὸν
3380 2729 3807 2799 άνθρωπον,οὐκ
3829 2730 3899 2782 ἄν

2221 2821 2475 2891 παρήχθη
2495 2821 2557 2873 τὸ
2576 2819 2948 2892 προσταχθέν;
2984 2818 3124 2870 Ἀλλ’
3147 2819 3235 2870 ἵνα
3252 2817 3340 2869 διά
3358 2816 3450 2870 τοῦ
3472 2816 3674 2886 τρόπου
3693 2817 3788 2887 τῆς
3807 2815 3897 2885 δη-

2220 2907 2510 2980 μιουργίας
2529 2905 2874 2960 διδασκαλίαν
2895 2907 3025 2975 ἡμῖν
3045 2903 3376 2974 ἐναποθῆται
3394 2901 3638 2971 διηνεκῆ,
3661 2901 3801 2956 ὥστε
3823 2903 3902 2971 μὴ

2223 2997 2381 3051 πλέον
2412 3012 2464 3048 τι
2500 2994 2599 3065 τῆς
2637 2993 2851 3062 φύσεως
2891 2990 3278 3060 φαντάζεσθαι,
3299 2989 3388 3042 διά
3419 2987 3579 3042 τοῦτο
3597 2987 3738 3041 οῦτω
3761 2988 3905 3056 μετά

2219 3082 2503 3153 ἀκριϐείας
2545 3081 2758 3134 ἅπαντα
2794 3079 3099 3150 διηγεῖται,
3141 3077 3234 3130 καί
3273 3091 3465 3146 φησιν·
3513 3076 3830 3129 Ἕκλασεν
3870 3077 3906 3127 ό

2223 3167 2366 3232 Θεὸς
2384 3166 2491 3218 τὸν
2509 3164 2840 3231 ἄνθρωπον,
2866 3163 3019 3232 χοῦν
3037 3159 3216 3214 λαϐὼν
3233 3161 3258 3198 8
3278 3158 3398 3213 ἀπὸ
3419 3156 3529 3225 τῆς
3548 3155 3680 3226 γῆς.

2267 3249 2482 3319 β’.Ὂρα
2501 3249 2594 3300 καὶ
2613 3248 2671 3300 ἐν
2688 3246 2861 3317 τούτῳ
2880 3245 3028 3314 αὐτῷ
3047 3245 3144 3315 τὴν
3161 3244 3347 3314 τιμήν.
3369 3243 3444 3296 Οὐ
3465 3243 3575 3311 γάρ
3591 3239 3780 3303 ἀπλῶς
3798 3239 3906 3311 γῆν

2220 3331 2506 3401 λαμϐάνει,
2529 3329 2664 3384 ἀλλά
2696 3329 2844 3399 χοῦν,
2865 3328 2926 3380 τὸ
2959 3328 3309 3388 λεπτότατον,
3331 3325 3406 3388 ὡς
3427 3325 3492 3378 ἂν
3513 3325 3655 3377 εἴποι
3676 3341 3781 3386 τις,
3803 3324 3908 3393 τῆς

2221 3415 2344 3482 γῆς,
2369 3413 2464 3467 καὶ
2495 3411 2682 3465 τοῦτον
2701 3412 2863 3464 αὐτὸν
2882 3412 2973 3465 τὸν
2994 3411 3122 3481 χοῦν
3139 3410 3232 3463 τὸν
3254 3410 3361 3463 ἀπὸ
3380 3409 3481 3480 τῆς
3499 3409 3603 3479 γῆς
3620 3407 3698 3477 τῷ
3715 3406 3906 3476 οἰκείῳ

2222 3497 2603 3568 προστάγματι
2635 3497 2715 3557 εἰς
2747 3493 2996 3564 σώματος
3019 3493 3182 3563 φύσιν
3205 3494 3772 3566 μετέστησεν.Ὧσπερ
3791 3491 3908 3561 γὰρ

2221 3580 2392 3652 αὐτὴν
2411 3579 2509 3649 τὴν
2529 3577 2718 3630 οὐσίαν
2737 3577 2835 3648 τῆς
2854 3579 2957 3649 γῆς
2989 3578 3087 3647 οὐχ
3108 3577 3426 3646 ὑφεστῶσαν
3448 3577 3790 3647 παρήγαγεν,
3811 3573 3911 3624 οὖ-

2221 3678 2298 3713 τω
2317 3661 2411 3714 καὶ
2430 3659 2546 3724 νῦν,
2568 3661 2656 3713 ὅτε
2677 3659 2964 3730 ἐϐουλήθη,
2988 3660 3077 3712 τὸν
3108 3659 3236 3729 χοῦν
3265 3660 3373 3712 ἀπὸ
3403 3661 3498 3730 τῆς
3523 3659 3621 3729 γῆς
3642 3660 3719 3721 εἰς
3743 3655 3910 3726 σῶμα

2225 3743 2577 3814 μετέστησεν.
2599 3743 2861 3795 Ἐνταῦθα
2899 3741 3203 3812 ἀναϐοῆσαι
3243 3741 3406 3794 καλὸν
3425 3741 3485 3794 τὸ
3507 3739 3656 3812 παρά
3674 3737 3764 3791 τοῦ
3795 3756 3910 3808 μα-

2223 3826 2410 3897 καρίου
2446 3825 2610 3880 Δαυῒδ
2637 3825 2928 3897 εἰρημένον
2946 3844 2960 3856 ο
3000 3827 3094 3890 Τίς
3127 3825 3385 3890 λαλήσει
3414 3825 3521 3890 τὰς
3539 3822 3909 3886 δυναστείας

2223 3910 2328 3963 τοῦ
2369 3910 2607 3976 Κυρίου,
2631 3909 2937 3974 ἀκουστὰς
2977 3908 3219 3974 ποιήσει
3257 3907 3461 3972 πάσας
3500 3905 3604 3972 τὰς
3637 3903 3909 3971 αἰνέσεις

2223 3991 2443 4056 αὐτοῦς
2465 3993 2545 4045 ὅτι
2564 3992 2670 4044 ἀπὸ
2689 3992 2811 4061 χοὸς
2832 3991 3070 4044 τοιοῦτον
3103 3989 3240 4055 ζῶον
3262 3988 3516 4053 ἀνέδειξε,
3539 3989 3633 4042 καὶ
3667 3989 3747 4049 εἰς
3777 4004 3910 4038 τοσ-

2227 4073 2397 4142 αύτην
2434 4072 2596 4143 τιμὴν
2617 4075 2880 4144 ἀνήγαγε,
2903 4073 2996 4125 καὶ
3016 4073 3282 4135 τοσαύτας
3301 4071 3618 4143 εὐεργεσίας
3639 4071 3717 4131 εἰς
3737 4069 3912 4121 αὐτὸν

2225 4154 2285 4219 ἐξ
2303 4155 2477 4225 ἀρχῆς
2498 4155 2591 4206 καὶ
2613 4154 2676 4206 ἐκ
2698 4153 2997 4224 προοιμίων
3017 4153 3402 4215 ἐπιδείκνυται,
3426 4152 3637 4214 δεικνὺς
3656 4150 3744 4203 διά
3765 4151 3911 4203 πάν-

2224 4255 2334 4291 των
2373 4238 2472 4308 τὴν
2512 4235 2717 4290 οἰκείαν
2739 4235 3170 4306 φιλανθρωπίαν.
3195 4235 3304 4288 Καὶ
3323 4235 3687 4302 ἐνεφύσησε,
3707 4234 3906 4304 φησιν,

2225 4324 2313 4387 εὶς
2349 4319 2416 4373 τὸ
2455 4320 2779 4387 πρόσωπον
2813 4318 3000 4373 αὐτοῦ
3039 4317 3241 4386 πνοὴν
3276 4315 3444 4384 ζωῆς.
3465 4317 3564 4369 καὶ
3599 4315 3842 4385 ἐγένετο
3873 4318 3909 4370 ὀ

2225 4405 2537 4470 ἅνθρωπος
2568 4405 2656 4467 εἰς
2688 4401 2900 4472 ψυχὴν
2918 4401 3132 4463 ζῶσαν.

2312 4486 2577 4540 Ἐνταῦθά
2595 4503 2737 4549 τινες
2770 4485 2877 4539 τῶν
2906 4486 3257 4555 ἀγνωμόνων,
3279 4485 3339 4548 ἐξ
3373 4483 3589 4538 οἰκείων
3625 4481 3909 4552 λογισμῶν

2230 4568 2379 4642 [101]
2437 4569 2780 4640 κινούμενοι,
2849 4569 2944 4622 καὶ⁴
2989 4570 3141 4623 οὐδὲν
3204 4567 3504 4640 θεοπρεπὲς
3553 4566 3866 4628 ἐννοοῦντες
3890 4606 3906 4628 ,

2226 4650 2351 4705 οὔτε
2389 4653 2488 4723 τὴν
2527 4651 2934 4720 συγκατάϐασιν
2970 4652 3075 4706 τῶν
3120 4654 3380 4722 ῥημάτων
3412 4651 3768 4721 λογιζόμενοι,
3809 4648 3908 4700 λέ-

2225 4750 2342 4802 γειν
2381 4735 2766 4804 ἐπιχειροῦσιν,
2788 4735 2867 4787 ὅτι
2906 4735 2971 4788 ἐκ
3007 4735 3106 4805 τῆς
3134 4735 3229 4788 τοῦ
3275 4733 3411 4787 Θεοῦ
3454 4734 3637 4796 οὐσίας
3674 4731 3822 4784 ἐστὶν
3869 4733 3904 4801 ἡ

2225 4818 2390 4888 ψυχή.
2415 4819 2476 4869 Ὢ
2504 4818 2602 4887 τῆς
2640 4817 2865 4886 μανίας·
2893 4815 2938 4868 ὣ
2965 4816 3061 4888 τῆς
3093 4814 3536 4886 παραφροσύνηςν
3559 4813 3728 4876 πόσας
3747 4812 3907 4874 ὀδοὺς

2226 4898 2499 4962 ἀπωλείας
2536 4900 2564 4950 ό
2590 4898 2831 4960 διάϐολος
2859 4896 3017 4968 έτεμε
3040 4897 3065 4936 h
3099 4900 3209 4960 τοῖς
3229 4897 3388 4950 αὐτὸν
3421 4895 3742 4966 θεραπεύειν
3776 4892 3909 4963 βου-

2226 4983 2506 5054 λομένοις;
2545 4982 2652 5034 Καὶ
2685 4982 2771 5036 ἶνα
2803 4981 3011 5052 μάθῃς,
3045 4981 3236 5034 σκόπει
3276 4979 3393 5043 πῶς
3426 4979 3754 5040 ἀπεναντίας
3799 4977 3907 5030 ἀλ-

2224 5065 2406 5136 λήλοις
2447 5066 2714 5136 ἔρχονται.
2766 5067 2828 5118 Ol
2867 5066 2964 5136 μὲν
2997 5064 3106 5136 γὰρ
3148 5066 3327 5118 αὐτῶν
3370 5063 3749 5133 ἐπιλαϐόμενοι
3799 5065 3910 5132 τῆς

2225 5149 2421 5213 λέξεως
2457 5149 2555 5219 τῆς
2585 5147 2870 5220 λεγούσης,
2892 5149 2973 5202 ὅτι
3005 5150 3404 5218 Ένεςεύσησε,
3425 5147 3694 5217 λέγουσιν,
3722 5146 3805 5198 ὅτι
3837 5149 3909 5198 ἐκ

2225 5235 2323 5302 τῆς
2355 5234 2541 5296 οὐσίας
2568 5233 2660 5284 τοῦ
2691 5231 2826 5286 Θεοῦ
2847 5233 3202 5304 τυγχάνουσιν
3221 5233 3276 5285 αἱ
3301 5232 3488 5303 Wal-
3519 5230 3696 5302 ἐτεροι
3734 5231 3909 5284 πάλιν

2227 5320 2407 5387 φασὶν,
2431 5319 2514 5370 ὅτι
2552 5319 2648 5370 καὶ
2683 5319 2762 5380 εἰς
2799 5319 2896 5388 τὴν
2937 5318 3044 5370 τῶν
3084 5316 3427 5387 ἀτιμοτάτων
3464 5314 3678 5383 ἀλόγων
3713 5313 3909 5367 οὐσίαν

2230 5402 2580 5471 μεθίστανται
2617 5394 2797 5454 αὗται.
2820 5402 2884 5454 Τί
2922 5401 3124 5471 ταύτης
3162 5401 3260 5470 τῆς
3297 5399 3482 5463 ἀνοίας
3501 5401 3680 5470 χεῖρον
3698 5398 3909 5466 γένοιτ’

2220 5485 2318 5550 ἂν;
2354 5484 2571 5556 Ἐπειδὴ
2605 5485 2716 5556 γὰρ
2752 5483 3038 5553 ἐσκοτίσθη
3077 5486 3105 5538 ὸ
3139 5483 3398 5554 λογισμὸς
3435 5481 3635 5548 αὐτῶν,
3675 5481 3772 5534 καὶ
3808 5480 3909 5533 τὸν

2289 5610 2311 5636 ε
2334 5607 2507 5654 Λαϐὼν
2529 5608 2669 5655 deos!
2685 5609 2732 5654 in
2758 5608 2879 5668 Reg.
2905 5619 3001 5655 uno
3025 5605 3302 5657 elColbert.
3327 5618 3442 5654 uno.
3493 5601 3514 5642 ί
3539 5603 3667 5666 ’Όρα
3686 5603 3790 5658 πῶς
3809 5601 3912 5650 de-

2233 5675 2310 5718 est
2337 5671 2384 5715 in
2412 5668 2579 5717 multis
2599 5682 2711 5716 mss.

2293 5731 2320 5790 ζ
2348 5728 2400 5776 In
2427 5729 2545 5790 Reg.
2575 5743 2672 5777 uno
2694 5738 2744 5777 et
2765 5728 3015 5790 Collyuno
3033 5729 3193 5775 λαϐὼν
3211 5728 3372 5790 deest.
3441 5723 3466 5762 ιι
3491 5723 3663 5790 Μοιξεί.
3690 5725 3910 5790 ἐνέτεμε,

2227 5789 2314 5839 alii
2339 5786 2672 5849 ξτεμε.“ῐέυ1ο
2695 5798 2819 5850 posi
2850 5788 3488 5850 Μοιδθί.έπι)αμϐανὸμενοι.
3513 5787 3592 5834 alii
3618 5786 3911 5850 ἐπιλαϐόμε-

2225 5868 2315 5901 νοι.
2347 5847 2532 5901 Ibidem
2556 5847 2861 5903 notat—Sam.
2887 5871 2900 5899 :
2926 5849 3066 5914 φασίν
3085 5854 3130 5899 εἰ
3156 5847 3392 5910 λέγουσιν,
3419 5849 3630 5900 alterum
3660 5847 3906 5898 abundat.

3997 5765 4010 5828 ἰ
