4074 6134
266 286 369 342 105

265 416 388 458 mus
419 402 435 433 ¹
462 440 478 468 ,
517 399 611 455 sed
642 398 906 470 fugiamus
936 403 1242 468 peccatum,
1269 401 1323 451 et
1344 395 1526 450 omnia
1557 392 1814 447 faciamus
1835 430 1851 456 ,

270 507 339 547 ne
364 490 614 560 indignos
643 505 742 545 nos
764 487 1126 544 inetl‘abilibus
1144 486 1255 541 iiiis
1280 485 1435 540 bonis
1459 483 1813 539 exhibeamus
1841 498 1855 534 :

265 582 411 654 quod
441 581 595 635 nobis
615 580 866 635 omnibus
882 577 1234 642 concedatur,
1257 575 1430 645 gratia
1445 584 1509 628 et
1537 574 1861 643 benignitate

272 672 486 729 Domini
514 672 642 728 Jesu
669 668 891 735 Christi,
913 684 1035 724 cum
1056 683 1163 738 quo
1185 667 1326 721 Patri
1352 673 1408 721 et
1430 664 1649 734 Spiritui
1675 671 1862 719 sancto

268 764 335 817 sit
373 762 566 833 gloria,
594 759 899 832 imperium,
930 767 986 813 et
1010 757 1183 811 honor
1206 755 1260 810 in
1286 754 1481 811 amenta
1517 752 1860 809 saeculorum.

271 859 469 912 Amen.

842 964 987 1022 11οΜ
994 963 1127 1020 ILIA
1165 964 1305 1019 Illi.

276 1084 342 1140 Et
389 1082 637 1154 plantavit
678 1078 927 1135 Dominus
974 1078 1110 1132 Dens
1154 1076 1448 1149 paradisum
1490 1075 1545 1129 in
1591 1073 1753 1129 Edem
1798 1075 1867 1128 ad

343 1181 629 1241 orientem,
670 1184 718 1228 et
762 1172 928 1243 posuit
975 1171 1082 1226 illis
1134 1171 1383 1224 hominem
1430 1185 1576 1239 quem
1627 1169 1867 1241 formavit

348 1268 506 1339 (Cen.
534 1266 591 1321 2.
614 1265 694 1337 κ).

345 1405 401 1458 1.
449 1405 647 1460 Videus
666 1415 900 1460 vestrum
927 1400 1248 1472 inexplebile
1271 1397 1613 1461 desiderium,
1642 1401 1702 1450 et
1724 1391 1868 1448 mul-

273 1504 386 1550 tam
406 1496 737 1560 aviditatem,
761 1502 1098 1563 mentemque
1119 1499 1401 1554 attentam,
1422 1502 1523 1543 nec
1544 1500 1647 1541 non
1676 1496 1868 1539 omnes

272 1587 340 1641 ad
367 1587 701 1655 spiritualem
731 1584 867 1639 hanc
899 1583 1196 1639 doctrinam
1232 1580 1582 1642 advolantes;
1625 1573 1869 1648 quamvis

276 1679 438 1733 valde
467 1678 569 1732 sim
595 1691 730 1732 meae
754 1676 947 1745 inopiae
978 1674 1105 1729 milii
1136 1674 1416 1737 conscius;
1448 1670 1754 1739 frequenter
1785 1674 1867 1720 ta-

276 1785 400 1824 men
430 1778 486 1823 et
505 1768 743 1837 quotidie
773 1767 987 1835 inepem
1003 1773 1058 1831 et
1084 1772 1297 1819 tenuem
1342 1761 1480 1815 banc
1509 1772 1747 1813 mensam
1773 1770 1867 1810 vo-

280 1861 363 1915 bis
384 1872 689 1928 proponere
711 1857 922 1920 studeo,
946 1854 1220 1910 confidens
1246 1867 1340 1905 vos
1358 1849 1628 1906 desiderio
1652 1846 1872 1917 ﬂagranc

280 1960 382 2015 tes,
411 1948 600 2017 majori
624 1946 901 2002 alacritate
928 1961 1047 2016 quae
1070 1944 1323 1999 dicuntur
1344 1948 1687 2010 suscepturos
1714 1950 1867 2004 esse,

278 2040 709 2112 quandoquidem
736 2047 793 2093 et
820 2037 872 2092 iu
901 2035 1244 2092 scusibilibus
1269 2032 1459 2089 eduliis
1487 2030 1667 2086 videre
1697 2035 1873 2098 potest

280 2135 454 2205 quivis
502 2134 603 2187 hoc
641 2133 971 2201 contingere.
994 2128 1229 2199 Urgente
1260 2140 1488 2195 namque
1531 2122 1870 2177 convivarum

281 2225 560 2296 appetitu,
589 2222 797 2278 etiamsi
834 2218 1147 2291 paupercula
1192 2230 1374 2272 mensa
1418 2216 1521 2280 sit,
1550 2222 1605 2268 et
1640 2212 1796 2280 inops
1824 2209 1873 2289 is

280 2321 371 2389 qtti
399 2316 646 2372 convivio
686 2314 919 2384 excipit,
955 2325 1142 2381 magna
1170 2317 1348 2364 tamen
1377 2322 1499 2362 cum
1544 2305 1814 2374 voluptate
1837 2301 1873 2356 ii

281 2409 525 2478 apposita
555 2405 875 2469 absumunt;
908 2411 1092 2457 contra
1119 2401 1162 2455 si
1204 2401 1379 2455 minor
1400 2395 1723 2467 epulantium
1757 2391 1874 2449 fue-

283 2501 354 2555 rit
381 2499 669 2568 appetitus,
698 2495 904 2551 etiamsi
950 2500 1319 2563 sumptuosum
1348 2489 1507 2544 fuerit
1542 2486 1756 2567 epulum
1781 2526 1798 2552 ,
1820 2493 1877 2540 et

286 2593 430 2647 varia
453 2591 774 2660 copiosaque
788 2586 986 2653 edulia,
1011 2585 1211 2639 nullum
1229 2582 1352 2637 inde
1369 2570 1732 2645 commodum,
1751 2591 1872 2631 cum

288 2699 450 2740 uerno
476 2684 547 2737 sit
565 2683 654 2752 qui
680 2679 936 2751 appositis
964 2676 1039 2731 uti
1066 2684 1244 2747 queat.
1280 2674 1375 2728 Hic
1401 2681 1597 2735 autem,
1617 2670 1737 2741 quia
1759 2684 1880 2740 gra-

289 2779 360 2832 tia
389 2777 480 2831 Dei
506 2775 709 2829 alacres
735 2780 791 2826 et
820 2769 1047 2826 famelici
1073 2767 1139 2822 ad
1166 2765 1496 2836 spiritualem
1525 2776 1764 2818 mensam
1788 2775 1880 2815 ae-

289 2869 503 2933 ceditis,
530 2875 582 2922 et
608 2865 705 2936 ipsi
731 2878 923 2932 magno
946 2859 1215 2916 desiderio
1236 2856 1483 2920 dicimus,
1506 2855 1757 2916 scientes,
1780 2866 1880 2906 nos

288 2958 485 3013 sobriis
526 2956 743 3010 auribus
769 2952 975 3007 divinas
1012 2950 1171 3003 hasce
1211 2945 1545 3002 narrationes
1583 2956 1877 3014 apponere.

289 3048 556 3117 Quoniam
584 3055 639 3101 et
667 3042 899 3115 agricola
920 3083 935 3107 ,
965 3041 1055 3111 qui
1084 3040 1333 3112 pinguem
1361 3043 1417 3091 et
1452 3035 1676 3091 fertilem
1697 3047 1880 3104 agrum

291 3138 516 3202 invenit,
547 3146 826 3206 postquam
852 3134 1030 3187 omnia
1055 3146 1174 3201 qua:
1199 3128 1279 3183 sui
1304 3126 1463 3182 oflicii
1491 3133 1645 3181 erant
1672 3121 1882 3195 przesti-

291 3236 394 3300 tit,
434 3247 499 3286 ac
541 3240 739 3286 terram
768 3226 1025 3291 suleavit,
1075 3231 1310 3278 aratrum
1363 3219 1559 3284 duxit,
1598 3217 1885 3287 spinasque

291 3322 686 3389 cduxit,tune
713 3317 930 3388 largiter
966 3314 1232 3378 seminat,
1261 3311 1504 3380 bonaque
1546 3323 1641 3378 spe
1679 3306 1886 3375 fultus,

291 3413 534 3484 quotidie
572 3423 793 3482 germen
835 3412 1112 3477 exSpectat
1148 3401 1369 3458 seminis
1391 3442 1407 3467 ,
1436 3398 1578 3471 quod
1606 3406 1760 3454 terrae
1803 3395 1883 3451 fe.

215 3491 231 3503 ’
293 3504 554 3562 cunditati
590 3500 891 3567 commisit,
921 3498 987 3553 ad
1019 3506 1175 3552 terra:
1204 3494 1533 3551 feracitatem
1571 3490 1885 3553 attendens,

294 3599 366 3654 ad
393 3597 560 3654 multo
585 3594 842 3665 majorem
865 3592 1010 3664 jacto
1037 3589 1243 3646 semine
1262 3602 1490 3644 messem
1520 3584 1888 3656 excipiendam

299 3698 537 3761 paratus.
564 3686 819 3743 Similiter
847 3692 902 3739 et
943 3697 1041 3737 nos
1064 3721 1080 3746 ,
1119 3696 1242 3736 cum
1277 3679 1518 3734 videmus
1561 3677 1887 3732 alacritatem

294 3791 537 3836 vestram
562 3775 800 3849 qu0tidie
827 3773 1132 3829 increscere
1148 3812 1166 3836 ,
1193 3768 1517 3825 desiderium
1548 3767 1748 3838 vigere,
1775 3774 1891 3820 stu-

300 3872 450 3927 dimn
477 3870 802 3924 incrementa
824 3878 1053 3925 sumere,
1081 3861 1274 3917 bonam
1297 3874 1447 3931 spem
1473 3858 1752 3922 habemus,
1776 3871 1893 3910 ma-

297 3962 516 4032 iorique
558 3957 735 4013 studio
775 3963 829 4010 et
865 3952 1175 4019 alacritate,
1210 3959 1466 4021 quantum
1514 3949 1655 4003 vires
1696 3957 1895 4003 nostra;

303 4058 619 4122 suppetunt,
652 4049 705 4102 in
732 4043 1136 4100 :cdiiieationem
1164 4051 1354 4096 vestra:
1382 4039 1619 4094 caritatis
1641 4080 1656 4103 ,
1688 4039 1740 4092 in
1778 4039 1896 4108 glo-

306 4146 444 4200 riam
476 4141 601 4207 Dei,
632 4140 685 4195 in
714 4136 973 4194 Ecclesiae
1008 4135 1101 4189 Dei
1130 4133 1296 4188 decus
1323 4131 1519 4201 aliquid
1551 4131 1691 4185 ferre
1728 4128 1898 4183 aubc~

307 4238 504 4292 lamus.
531 4233 644 4303 Age
682 4228 842 4301 igitur
859 4268 875 4294 ,
912 4226 957 4282 si
994 4223 1162 4294 placet
1187 4264 1203 4289 ,
1227 4222 1468 4293 repetitis
1497 4221 1561 4276 iis
1589 4236 1706 4291 quae
1731 4235 1900 4290 nuper

305 4328 453 4382 dicta
481 4331 626 4388 sunt,
654 4326 1046 4389 consequenter
1068 4315 1137 4371 de
1162 4315 1418 4369 hodierna
1444 4311 1673 4369 lectione
1699 4320 1901 4367 tracte-

310 4432 456 4473 mus.
487 4413 625 4483 Quid
650 4420 828 4467 autem
860 4411 930 4465 sit
954 4407 1098 4478 quod
1127 4421 1297 4477 nuper
1326 4403 1671 4470 tractabatur,
1703 4418 1904 4472 quous-

310 4526 418 4581 que
470 4518 773 4562 sermonem
800 4499 1196 4558 extenderimus
1217 4537 1232 4559 ,
1269 4506 1325 4551 et
1356 4496 1457 4560 ubi.
1483 4495 1642 4550 linem
1690 4493 1904 4549 dicendi

315 4598 635 4668 fecerimus,
677 4591 1036 4648 necessarium
1066 4596 1149 4643 est
1184 4587 1384 4643 dicere.
1412 4585 1479 4639 Et
1510 4586 1739 4657 [eminuit
1769 4584 1907 4639 Deus

318 4689 592 4750 Immineat,
622 4685 878 4755 puluerem
901 4679 1168 4750 accipiens
1197 4677 1259 4730 de
1288 4686 1440 4730 terra.
1468 4674 1532 4729 Et
1560 4675 1825 4744 inspiravit
1852 4676 1906 4730 in

317 4784 504 4854 facient
531 4779 640 4849 ejus
665 4772 976 4846 spiraculum
995 4772 1129 4838 vitat,
1161 4772 1422 4843 factusque
1448 4776 1519 4822 est
1547 4769 1697 4821 homo
1722 4768 1774 4821 in
1795 4767 1908 4821 ani-

319 4890 459 4928 mant
498 4872 738 4925 uiuentem
771 4864 924 4939 (Gen.
948 4864 1005 4918 ‘2.
1037 4864 1115 4936 7).
1151 4861 1302 4931 Quod
1334 4873 1458 4915 tunc
1482 4859 1745 4927 dicebam,
1776 4859 1827 4914 id
1854 4868 1910 4916 et

320 4980 466 5023 nunc
493 4964 690 5030 dicam,
720 4968 778 5016 et
800 4957 1029 5014 subinde
1054 4969 1356 5011 memorare
1385 4969 1491 5007 non
1521 4952 1765 5018 cessabo,
1794 4968 1911 5006 ma-

320 5072 485 5131 gnam
540 5063 594 5110 et
640 5050 958 5108 iueﬂ'abilem
1012 5062 1134 5103 esse
1182 5044 1558 5117 benignitatem
1612 5043 1913 5099 communis

319 5150 567 5206 omnium
591 5143 798 5201 Domini
819 5158 943 5213 erga
963 5155 1133 5211 genus
1151 5146 1412 5194 nostrum.
1429 5135 1701 5207 Siquidem
1725 5149 1912 5205 magna

322 5236 774 5309 attemperatione
800 5233 871 5289 ob
895 5233 1121 5287 salutem
1149 5239 1383 5285 nostram
1415 5242 1542 5282 usus
1567 5236 1669 5291 est,
1697 5241 1917 5297 magno-

325 5347 433 5405 que
459 5328 658 5386 animal
699 5327 833 5394 hoc,
856 5325 1128 5382 hominem
1149 5323 1290 5387 dico,
1329 5319 1532 5375 honore
1561 5332 1919 5390 prosequutus

326 5436 455 5487 est;
487 5436 698 5478 necnon
736 5417 914 5472 verbis
939 5424 995 5472 et
1017 5415 1176 5470 rebus
1201 5411 1522 5476 declaravit,
1558 5426 1617 5465 se
1661 5425 1916 5480 majorem

328 5520 450 5587 ejus
467 5556 484 5581 ,
513 5527 675 5583 quam
700 5508 984 5564 visibilium
1006 5506 1245 5563 omnium
1270 5518 1450 5559 curam
1483 5501 1752 5557 habuisse.
1779 5500 1927 5557 Nihil

398 5674 414 5702 ι
450 5663 617 5731 συὶειη
631 5671 940 5731 procurentur
954 5660 1019 5711 ad
1038 5656 1390 5731 wnnttguionem
1407 5656 1583 5723 agendi
1608 5654 1806 5709 rationis
1824 5663 1924 5708 Deo

330 5727 519 5797 digna.
553 5720 789 5779 Virtutem
811 5722 955 5790 igitur
979 5734 1071 5773 non
1084 5720 1395 5785 negligemus.

1359 278 1432 335 3N
1468 275 1701 336 CAR“.
1727 271 1975 336 GENES.
2016 271 2246 331 ﬂ'OMlL.
2281 272 2417 331 χιιι.

3449 286 3549 345 106

1970 386 2116 443 enim
2137 387 2387 458 prohibet
2411 388 2570 443 etiam
2594 386 2757 446 hodie
2776 390 2967 448 eadem
2991 393 3273 464 explorare
3294 400 3436 468 apud
3460 416 3551 458 ea-

1966 478 2177 535 ritatem
2212 488 2464 535 vestram.
2493 479 2624 534 Nam
2665 480 2805 536 sicut
2843 493 3081 539 aromata
3105 526 3121 552 ,
3151 498 3349 557 quanto
3384 493 3555 562 magis

1967 571 2146 641 digitis
2173 580 2489 638 atteruntur,
2522 581 2671 628 tanto
2692 574 2945 645 majorem
2975 586 3161 636 natura
3186 595 3280 635 sua
3308 582 3552 654 fragran-

1968 665 2095 719 tiam
2137 664 2368 720 reddunt
2394 682 2408 719 :
2438 664 2510 720 ita
2548 673 2602 721 et
2648 666 2699 720 in
2729 665 3018 738 Scripturis
3047 672 3327 737 usuvenit,
3354 687 3556 744 quanto

1966 758 2087 827 quis
2111 757 2229 811 illas
2266 758 2495 827 amplius
2518 766 2753 816 tractare
2789 761 3074 828 studuerit,
3107 772 3254 822 tanto
3279 768 3448 838 magis
3474 771 3556 823 vi-

1968 847 2098 903 dere
2133 850 2328 917 poterit
2366 849 2614 905 latentem
2643 850 2697 905 iu
2743 851 2872 922 ipsis
2899 852 3202 911 thesaurum
3227 898 3243 925 ,
3269 868 3430 929 atque
3458 861 3560 916 im-

1970 952 2188 992 mensos
2214 939 2493 1008 percipere
2516 939 2823 995 divitiarum
2850 941 3073 999 fructus.
3102 932 3452 1017 Efformauit,
3476 951 3557 1006 in.

1969 1027 2118 1096 quit,
2160 1027 2299 1082 Deus
2338 1029 2627 1096 hominem,
2677 1031 2933 1101 puluerem
2979 1035 3246 1105 accipiens
3288 1038 3352 1093 de
3399 1048 3555 1096 terra.

1972 1118 2350 1175 Animadverte
2370 1161 2388 1187 ,
2418 1121 2643 1177 obsecro
2660 1163 2676 1189 ,
2701 1132 2901 1192 quanta
2924 1126 3153 1183 varietas
3192 1143 3260 1183 ex
3301 1130 3418 1199 ipso
3438 1146 3563 1187 vcr-

1971 1211 2161 1266 borum
2186 1213 2468 1283 prommio.
2500 1214 2559 1270 In
2584 1215 2834 1270 omnibus
2860 1217 3004 1271 enim
3028 1219 3148 1273 aliis
3169 1224 3428 1277 creaturis
3456 1224 3558 1280 do-

1972 1305 2081 1359 cuit
2109 1320 2207 1360 nos
2231 1305 2416 1361 beatus
2444 1306 2619 1362 Moses
2646 1308 2863 1364 modum
2891 1310 3197 1377 errationis,
3229 1312 3313 1368 bis
3336 1315 3513 1373 verbis
3540 1334 3557 1372 :

1973 1394 2117 1451 Dixit
2143 1396 2305 1464 Deus,
2335 1396 2456 1452 Fiat
2477 1399 2588 1467 tum,
2616 1409 2663 1453 et
2688 1404 2826 1470 facta
2871 1412 2946 1456 est
2974 1401 3095 1469 tua;
3119 1403 3238 1459 Fiat
3266 1407 3557 1474 ﬁrmamen-

1973 1497 2117 1553 tum;
2162 1487 2503 1562 Congregetur
2540 1508 2716 1562 aqua;
2743 1491 2900 1547 Fiant
2945 1494 3259 1564 luminaria;
3307 1497 3561 1555 Germinct

1973 1589 2108 1634 terra
2134 1580 2338 1635 herbam
2366 1582 2487 1652 [miti
2509 1598 2530 1646 ,'
2554 1581 2851 1637 Producant
2878 1600 3025 1654 aqua-
3048 1586 3252 1652 reptilia
3274 1589 3562 1644 animarum

1972 1672 2260 1737 viventium,
2289 1680 2365 1735 et,
2389 1669 2649 1726 Producat
2675 1681 2808 1727 terra
2837 1674 3059 1727 animant
3087 1676 3351 1731 uiuentem.
3371 1676 3562 1734 Vidisti

1973 1762 2242 1834 quomodo
2280 1762 2445 1819 verbo
2489 1756 2667 1818 omnia
2711 1765 2936 1821 formata
2965 1767 3110 1822 sint?
3144 1767 3250 1824 Sed
3289 1770 3565 1826 videamus

1975 1860 2158 1921 postea
2185 1852 2311 1923 quid
2347 1851 2401 1906 in
2440 1854 2712 1908 creatione
2749 1854 2980 1910 hominis
3020 1855 3186 1913 dicat.
3217 1855 3286 1912 Et
3327 1860 3566 1931 {mutauit

1980 1940 2114 1996 Deus
2139 1942 2413 1997 hominem.
2449 1941 2579 1997 \‘ide
2605 1943 2875 2013 quomodo
2913 1945 3200 2001 verborum
3239 1957 3565 2019 attempera-

1978 2033 2142 2100 tione,
2170 2033 2321 2102 queis
2346 2032 2415 2088 ob
2443 2041 2679 2088 nostram
2724 2033 3086 2091 infirmitatem
3116 2052 3244 2093 usus
3267 2049 3371 2104 est,
3404 2040 3565 2095 simul

1975 2131 2032 2179 et
2053 2123 2267 2179 modum
2294 2124 2590 2179 creationis
2616 2124 2824 2191 doceat,
2855 2135 2910 2181 et
2934 2126 3322 2195 diversitatem,
3349 2146 3476 2201 qua,
3509 2142 3568 2187 ut

1979 2214 2214 2269 humano
2247 2229 2396 2270 more
2426 2215 2648 2286 loquar,
2678 2216 2837 2271 veluti
2876 2217 2966 2272 Dei
2998 2220 3243 2275 manibus
3279 2221 3564 2278 formattnn

1979 2304 2151 2375 ipsum
2182 2304 2379 2360 indicat
2399 2346 2414 2370 ,
2440 2306 2582 2361 sicut
2604 2315 2661 2360 et
2699 2307 2837 2362 alius
2865 2307 3126 2378 propheta
3170 2309 3300 2365 dicit
3332 2329 3345 2364 :
3381 2311 3568 2368 Manus

1981 2405 2081 2450 tua:
2098 2397 2321 2465 fecerunt
2348 2412 2447 2462 me,
2473 2406 2520 2452 et
2538 2398 2913 2469 plasmaoerunt
2943 2417 3020 2454 me
3044 2399 3186 2472 (Job.
3212 2403 3299 2457 10.
3324 2403 3407 2475 8).
3436 2405 3569 2459 Nam

1979 2487 2027 2542 si
2054 2487 2369 2558 simpliciter
2396 2489 2729 2560 imperasset,
2759 2506 2960 2561 quazso,
2988 2501 3046 2546 ut
3071 2509 3137 2547 ex
3168 2503 3309 2548 terra
3338 2495 3573 2551 oriretur

1985 2578 2166 2646 homo,
2189 2594 2370 2634 annon
2398 2579 2449 2634 id
2479 2581 2620 2650 quod
2645 2581 2853 2651 jnssum
2875 2590 2991 2637 erat
3011 2582 3323 2653 productum
3348 2584 3573 2641 fuisset?

1981 2668 2087 2725 Sed
2120 2680 2176 2725 ut
2203 2685 2296 2740 per
2330 2671 2617 2726 ereationis
2659 2672 2875 2726 modum
2906 2672 3205 2729 doctrinam
3254 2676 3409 2730 nobis
3449 2691 3575 2746 per-

1983 2771 2195 2834 petuam
2242 2762 2513 2830 traderet,
2560 2774 2620 2819 ut
2657 2779 2724 2820 ne
2766 2765 2968 2834 majora
3014 2782 3174 2837 quam
3216 2783 3337 2838 qua:
3383 2779 3574 2824 natura

1985 2865 2165 2911 nostra
2213 2854 2381 2911 ferret
2425 2857 2781 2923 sentiremus,
2809 2857 2930 2912 ideo
2988 2858 3068 2913 sic
3117 2868 3364 2914 accurate
3392 2861 3573 2916 omnia

1985 2955 2237 3012 enarrat,
2269 2955 2324 3003 et
2355 2949 2473 3003 ait:
2508 2947 2769 3005 Formavit
2816 2948 2952 3004 Deus
2998 2950 3250 3006 hominem
3272 2991 3288 3018 ,
3321 2954 3576 3023 pulverem

1985 3038 2252 3108 accipiens
2279 3039 2295 3070 ί
2324 3041 2387 3094 de
2408 3049 2560 3094 terra.

2057 3130 2114 3184 2.
2138 3130 2274 3187 Vide
2302 3131 2435 3187 etin
2458 3132 2558 3188 hac
2585 3147 2645 3188 re
2691 3131 2972 3189 honorem‘.
3021 3132 3137 3189 Non
3186 3135 3329 3191 enim
3376 3144 3575 3194 terram

1989 3225 2280 3294 quamlibet
2302 3225 2515 3294 accipit,
2544 3225 2637 3281 sed
2673 3225 2969 3297 pulverem,
2998 3228 3367 3283 tenuissimum
3397 3239 3574 3298 terrae,

1990 3323 2049 3368 ut
2085 3315 2156 3369 ita
2207 3314 2326 3385 quis
2347 3314 2564 3381 dixerit,
2589 3315 2806 3370 ethunc
2830 3315 3003 3385 ipsum
3047 3316 3316 3387 pulverem
3344 3318 3412 3373 de
3439 3329 3580 3375 terra

1991 3413 2260 3475 praecepto
2285 3419 2383 3459 suo
2427 3405 2478 3460 in
2513 3406 2758 3476 corporis
2783 3417 3025 3461 naturam
3058 3408 3346 3463 transtulit.
3376 3409 3580 3478 Quem-

1993 3494 2278 3550 admodum
2328 3495 2469 3550 enim
2514 3497 2683 3566 ipsam
2725 3506 2880 3552 terrm
2908 3497 3258 3553 substantiam
3302 3515 3408 3553 non
3435 3501 3581 3555 casis

1993 3596 2222 3642 stentem
2255 3586 2524 3656 produxit,
2569 3587 2640 3641 ita
2688 3601 2850 3652 nunc,
2903 3601 3026 3642 cum
3074 3587 3260 3654 voluit,
3307 3588 3580 3659 pulverem

1994 3677 2063 3734 de
2087 3688 2228 3733 terra
2255 3677 2306 3732 iu
2333 3691 2529 3746 corpus
2549 3678 2828 3732 convertit.
2860 3677 2956 3734 Hic
2989 3679 3293 3734 exclamare
3329 3679 3492 3748 juvat‘
3530 3681 3583 3734 id

1996 3770 2139 3840 quod
2166 3784 2197 3823 a
2228 3770 2387 3824 beato
2421 3768 2619 3822 Davide
2641 3767 2840 3823 dictum
2884 3776 3010 3824 est:
3046 3767 3172 3833 Quis
3216 3769 3449 3839 loquetur
3486 3784 3582 3839 po-

1999 3862 2178 3915 tentias
2229 3858 2440 3913 Domini
2460 3899 2478 3925 ,
2545 3858 2748 3912 auditas
2805 3858 2958 3931 faciet
3020 3874 3193 3913 omnes
3247 3858 3425 3914 laudes
3475 3860 3587 3931 ejus

2003 3952 2185 4023 (Psat.
2212 3951 2337 4007 ωε.
2363 3950 2479 4021 2)?
2523 3949 2666 4021 quod
2694 3966 2760 4005 ex
2818 3950 3035 4020 pulvere
3077 3950 3184 4005 tale
3225 3951 3421 4005 animal
3464 3968 3587 4023 pro-

1999 4045 2229 4108 duxerit,
2252 4053 2309 4100 et
2334 4045 2386 4099 in
2412 4054 2614 4099 tantum
2643 4043 2902 4098 honorem
2929 4043 3187 4111 evexerit,
3220 4050 3399 4112 totque
3425 4044 3590 4100 benc-

2002 4136 2121 4193 ticia
2147 4138 2198 4192 in
2220 4152 2343 4193 eum
2368 4137 2548 4192 statim
2573 4136 2642 4191 ab
2669 4136 2821 4190 initio
2845 4136 3146 4199 contulerit,
3171 4151 3319 4191 suam
3342 4137 3588 4208 benigni-

2007 4237 2166 4283 tatem
2201 4243 2296 4298 per
2319 4228 2496 4283 omnia
2547 4226 2858 4282 ostendens.
2889 4226 2958 4279 Et
2996 4227 3279 4297 inspiravit,
3314 4227 3503 4299 inquit,
3534 4230 3590 4283 in

2005 4321 2186 4393 faciem
2211 4321 2320 4389 ejus
2347 4319 2658 4389 spiracutum
2678 4317 2812 4386 uiue,
2837 4328 2883 4373 et
2910 4317 3080 4387 factus
3106 4327 3180 4371 est
3203 4318 3353 4373 homo
3381 4319 3435 4374 in
3480 4321 3593 4374 ani-

2005 4427 2141 4465 mam
2178 4412 2436 4465 viventem.

2078 4504 2266 4560 Contra
2315 4518 2400 4556 eos
2435 4500 2522 4572 qui
2568 4499 2800 4554 dicebant
2826 4500 3050 4553 animam
3075 4516 3139 4554 ea:
3175 4501 3456 4557 substantia
3501 4501 3597 4556 Dei

2009 4612 2133 4651 esse.
2168 4593 2303 4648 Deus
2330 4592 2569 4662 simplex,
2596 4590 2984 4661 incompositus,
3013 4599 3061 4645 et
3096 4591 3266 4663 ﬁgura
3312 4606 3598 4647 carens.—

2011 4689 2109 4743 llic
2154 4686 2366 4759 quidam
2418 4685 2557 4740 male
2586 4682 2782 4746 feriati,
2838 4683 3065 4754 propriis
3093 4683 3223 4739 moti
3263 4684 3595 4750 ratiociniis,

2012 4779 2251 4849 nihilque
2300 4776 2409 4831 Deo
2457 4775 2674 4846 dignum
2727 4774 3041 4845 cogitantes,
3091 4790 3267 4845 neque
3308 4776 3596 4831 verborum

2013 4871 2509 4941 attemperationem
2559 4882 2742 4924 secum
2796 4874 3125 4937 reputantes,
3173 4866 3351 4920 dicere
3379 4864 3598 4929 audent,

2012 4964 2243 5018 animam
2269 4978 2333 5017 ex
2364 4962 2456 5018 Dei
2483 4960 2776 5017 substantia
2801 4974 2939 5015 esse.
2966 4959 3012 5013 0
3039 4958 3328 5013 insaniam!
3359 4973 3392 5013 ο
3411 4973 3600 5013 amen-

2017 5056 2177 5110 tiam!
2208 5063 2338 5125 quot
2375 5053 2628 5124 perniciei
2672 5052 2786 5105 vias
2809 5050 3055 5106 diabolus
3081 5050 3285 5120 paravit
3309 5051 3602 5106 cultoribus

2016 5146 2162 5202 suis!
2208 5145 2262 5200 ld
2295 5153 2352 5199 ut
2392 5144 2588 5209 discas,
2615 5140 2886 5212 perpende
2909 5154 3068 5210 quam
3098 5139 3326 5195 diversis
3354 5140 3603 5199 incedant

2018 5238 2137 5292 viis.
2158 5236 2289 5292 Nam
2315 5236 2404 5290 alii
2431 5251 2494 5290 ex
2517 5233 2622 5289 hoc
2649 5232 2811 5288 verbo
2840 5246 3024 5287 ansam
3049 5232 3395 5302 arripientes,
3430 5233 3604 5307 Inspi-

2019 5333 2171 5397 ravit,
2221 5330 2408 5385 dicunt
2448 5328 2657 5382 animas
2705 5340 2772 5380 ex
2820 5324 3112 5380 substantia
3163 5325 3255 5380 Dei
3302 5341 3458 5392 esse;
3514 5327 3605 5383 alii

2021 5435 2232 5477 rursum
2260 5420 2461 5484 dicunt,
2489 5418 2540 5473 in
2561 5415 2937 5471 vilissimorum
2958 5414 3233 5470 brutorum
3254 5416 3604 5471 substantiam

2025 5514 2167 5583 ipsas
2191 5511 2416 5565 transire
2438 5525 2451 5561 :
2475 5522 2578 5579 qua
2600 5506 2833 5561 amentia
2852 5505 2979 5576 quid
3004 5504 3241 5563 deterius
3258 5521 3379 5561 esse
3399 5517 3564 5577 possit
3579 5506 3605 5560 1

2094 5715 2111 5748 ³
2146 5719 2199 5764 tn
2213 5719 2328 5776 Reg.
2352 5723 2450 5763 uno
2473 5716 2526 5761 et
2544 5706 2674 5760 Coib.
2693 5720 2791 5758 uno
2808 5706 2953 5759 deest
2974 5718 3084 5767 vos,
3109 5698 3368 5766 accipiens.
