  <div class='ocr_page' id='page_1' title='image "/cluster/home/n/w/nwhite01/storage/ocr_20150623/53/mdp.39015028539479/107.png"; bbox 0 0 4074 6134; ppageno 0'>
   <div class='ocr_carea' id='block_1_1' title="bbox 512 316 616 374">
    <p class='ocr_par' dir='ltr' id='par_1_1' title="bbox 512 316 616 374">
     <span class='ocr_line' id='line_1_1' title="bbox 512 316 616 374; baseline 0 0"><span class='ocrx_word' id='word_1_1' title='bbox 512 316 616 374; x_wconf 69' lang='grc'><strong>107</strong></span> 
     </span>
    </p>
   </div>
   <div class='ocr_carea' id='block_1_2' title="bbox 510 422 2087 503">
    <p class='ocr_par' dir='ltr' id='par_1_2' title="bbox 510 422 2087 503">
     <span class='ocr_line' id='line_1_2' title="bbox 510 422 2087 503; baseline -0.013 -14"><span class='ocrx_word' id='word_1_2' title='bbox 510 436 643 503; x_wconf 68' lang='lat' dir='ltr'><strong>Qtua</strong></span> <span class='ocrx_word' id='word_1_3' title='bbox 670 433 811 487; x_wconf 85' lang='lat' dir='ltr'><strong>enim</strong></span> <span class='ocrx_word' id='word_1_4' title='bbox 857 424 1200 482; x_wconf 88' lang='lat' dir='ltr'><strong>obtenebrata</strong></span> <span class='ocrx_word' id='word_1_5' title='bbox 1242 430 1326 477; x_wconf 85' lang='lat' dir='ltr'><strong>est</strong></span> <span class='ocrx_word' id='word_1_6' title='bbox 1373 422 1508 476; x_wconf 88' lang='lat' dir='ltr'><strong>ratio</strong></span> <span class='ocrx_word' id='word_1_7' title='bbox 1550 433 1757 481; x_wconf 87' lang='lat' dir='ltr'><strong>eorum,</strong></span> <span class='ocrx_word' id='word_1_8' title='bbox 1810 428 1867 472; x_wconf 88' lang='lat' dir='ltr'><strong>et</strong></span> <span class='ocrx_word' id='word_1_9' title='bbox 1902 430 2087 469; x_wconf 84' lang='lat' dir='ltr'><strong>verum</strong></span> 
     </span>
    </p>
   </div>
   <div class='ocr_carea' id='block_1_3' title="bbox 509 508 2093 592">
    <p class='ocr_par' dir='ltr' id='par_1_3' title="bbox 509 508 2093 592">
     <span class='ocr_line' id='line_1_3' title="bbox 509 508 2093 592; baseline -0.011 -11"><span class='ocrx_word' id='word_1_10' title='bbox 509 525 797 592; x_wconf 63' lang='lat' dir='ltr'><strong>Scriptura:</strong></span> <span class='ocrx_word' id='word_1_11' title='bbox 844 533 1058 574; x_wconf 90' lang='lat' dir='ltr'><strong>sensum</strong></span> <span class='ocrx_word' id='word_1_12' title='bbox 1103 518 1367 587; x_wconf 85' lang='lat' dir='ltr'><strong>ignorant,</strong></span> <span class='ocrx_word' id='word_1_13' title='bbox 1400 515 1547 583; x_wconf 90' lang='lat' dir='ltr'><strong>quasi</strong></span> <span class='ocrx_word' id='word_1_14' title='bbox 1592 512 1844 567; x_wconf 67' lang='lat' dir='ltr'><strong>excwcati</strong></span> <span class='ocrx_word' id='word_1_15' title='bbox 1899 508 2093 564; x_wconf 85' lang='lat' dir='ltr'><strong>mentis</strong></span> 
     </span>
    </p>
   </div>
   <div class='ocr_carea' id='block_1_4' title="bbox 508 600 2089 675">
    <p class='ocr_par' dir='ltr' id='par_1_4' title="bbox 508 600 2089 675">
     <span class='ocr_line' id='line_1_4' title="bbox 508 600 2089 675; baseline -0.009 -7"><span class='ocrx_word' id='word_1_16' title='bbox 508 612 748 668; x_wconf 89' lang='lat' dir='ltr'><strong>oculisin</strong></span> <span class='ocrx_word' id='word_1_17' title='bbox 775 611 986 664; x_wconf 87' lang='lat' dir='ltr'><strong>diversa</strong></span> <span class='ocrx_word' id='word_1_18' title='bbox 1019 608 1259 662; x_wconf 82' lang='lat' dir='ltr'><strong>feruntur</strong></span> <span class='ocrx_word' id='word_1_19' title='bbox 1283 603 1600 675; x_wconf 81' lang='lat' dir='ltr'><strong>prtecipitia,</strong></span> <span class='ocrx_word' id='word_1_20' title='bbox 1627 603 1753 657; x_wconf 90' lang='lat' dir='ltr'><strong>dum</strong></span> <span class='ocrx_word' id='word_1_21' title='bbox 1803 602 1893 656; x_wconf 87' lang='lat' dir='ltr'><strong>alii</strong></span> <span class='ocrx_word' id='word_1_22' title='bbox 1947 600 2089 654; x_wconf 82' lang='lat' dir='ltr'><strong>illam</strong></span> 
     </span>
    </p>
   </div>
   <div class='ocr_carea' id='block_1_5' title="bbox 504 693 2090 774">
    <p class='ocr_par' dir='ltr' id='par_1_5' title="bbox 504 693 2090 774">
     <span class='ocr_line' id='line_1_5' title="bbox 504 693 2090 774; baseline -0.008 -16"><span class='ocrx_word' id='word_1_23' title='bbox 504 719 662 774; x_wconf 87' lang='lat' dir='ltr'><strong>supra</strong></span> <span class='ocrx_word' id='word_1_24' title='bbox 688 703 995 773; x_wconf 87' lang='lat' dir='ltr'><strong>dignitatem</strong></span> <span class='ocrx_word' id='word_1_25' title='bbox 1018 698 1268 763; x_wconf 80' lang='lat' dir='ltr'><strong>efferunt,</strong></span> <span class='ocrx_word' id='word_1_26' title='bbox 1302 695 1395 750; x_wconf 82' lang='lat' dir='ltr'><strong>alii</strong></span> <span class='ocrx_word' id='word_1_27' title='bbox 1419 702 1595 751; x_wconf 87' lang='lat' dir='ltr'><strong>autem</strong></span> <span class='ocrx_word' id='word_1_28' title='bbox 1623 694 1755 748; x_wconf 88' lang='lat' dir='ltr'><strong>infra</strong></span> <span class='ocrx_word' id='word_1_29' title='bbox 1780 693 2090 764; x_wconf 87' lang='lat' dir='ltr'><strong>dignitatem</strong></span> 
     </span>
    </p>
   </div>
   <div class='ocr_carea' id='block_1_6' title="bbox 507 784 2093 867">
    <p class='ocr_par' dir='ltr' id='par_1_6' title="bbox 507 784 2093 867">
     <span class='ocr_line' id='line_1_6' title="bbox 507 784 2093 867; baseline -0.01 -15"><span class='ocrx_word' id='word_1_30' title='bbox 507 797 827 867; x_wconf 80' lang='lat' dir='ltr'><strong>deprimunt.</strong></span> <span class='ocrx_word' id='word_1_31' title='bbox 851 794 981 849; x_wconf 85' lang='lat' dir='ltr'><strong>Nam</strong></span> <span class='ocrx_word' id='word_1_32' title='bbox 1009 793 1053 848; x_wconf 89' lang='lat' dir='ltr'><strong>si</strong></span> <span class='ocrx_word' id='word_1_33' title='bbox 1083 807 1149 847; x_wconf 87' lang='lat' dir='ltr'><strong>eo</strong></span> <span class='ocrx_word' id='word_1_34' title='bbox 1168 789 1311 861; x_wconf 89' lang='lat' dir='ltr'><strong>quod</strong></span> <span class='ocrx_word' id='word_1_35' title='bbox 1346 789 1616 858; x_wconf 80' lang='lat' dir='ltr'><strong>Scriptura</strong></span> <span class='ocrx_word' id='word_1_36' title='bbox 1655 786 1817 851; x_wconf 84' lang='lat' dir='ltr'><strong>dicat,</strong></span> <span class='ocrx_word' id='word_1_37' title='bbox 1861 784 2093 853; x_wconf 80' lang='lat' dir='ltr'><strong>Inspira-</strong></span> 
     </span>
    </p>
   </div>
   <div class='ocr_carea' id='block_1_7' title="bbox 507 879 2092 957">
    <p class='ocr_par' dir='ltr' id='par_1_7' title="bbox 507 879 2092 957">
     <span class='ocr_line' id='line_1_7' title="bbox 507 879 2092 957; baseline -0.008 -14"><span class='ocrx_word' id='word_1_38' title='bbox 507 892 574 944; x_wconf 75' lang='lat' dir='ltr'><strong>vit</strong></span> <span class='ocrx_word' id='word_1_39' title='bbox 596 891 653 943; x_wconf 87' lang='lat' dir='ltr'><strong>in</strong></span> <span class='ocrx_word' id='word_1_40' title='bbox 682 888 862 957; x_wconf 72' lang='lat' dir='ltr'><strong>faciem</strong></span> <span class='ocrx_word' id='word_1_41' title='bbox 903 888 1032 956; x_wconf 84' lang='lat' dir='ltr'><strong>ejus,</strong></span> <span class='ocrx_word' id='word_1_42' title='bbox 1061 900 1122 939; x_wconf 91' lang='lat' dir='ltr'><strong>os</strong></span> <span class='ocrx_word' id='word_1_43' title='bbox 1170 884 1280 939; x_wconf 86' lang='lat' dir='ltr'><strong>Deo</strong></span> <span class='ocrx_word' id='word_1_44' title='bbox 1331 881 1585 952; x_wconf 80' lang='lat' dir='ltr'><strong>afﬁngere</strong></span> <span class='ocrx_word' id='word_1_45' title='bbox 1625 879 1813 946; x_wconf 83' lang='lat' dir='ltr'><strong>velim,</strong></span> <span class='ocrx_word' id='word_1_46' title='bbox 1868 890 2092 932; x_wconf 80' lang='lat' dir='ltr'><strong>necesse</strong></span> 
     </span>
    </p>
   </div>
   <div class='ocr_carea' id='block_1_8' title="bbox 504 967 2087 1045">
    <p class='ocr_par' dir='ltr' id='par_1_8' title="bbox 504 967 2087 1045">
     <span class='ocr_line' id='line_1_8' title="bbox 504 967 2087 1045; baseline -0.011 -9"><span class='ocrx_word' id='word_1_47' title='bbox 504 982 611 1036; x_wconf 88' lang='lat' dir='ltr'><strong>erit</strong></span> <span class='ocrx_word' id='word_1_48' title='bbox 636 981 796 1035; x_wconf 86' lang='lat' dir='ltr'><strong>etiam</strong></span> <span class='ocrx_word' id='word_1_49' title='bbox 824 992 1013 1032; x_wconf 90' lang='lat' dir='ltr'><strong>manus</strong></span> <span class='ocrx_word' id='word_1_50' title='bbox 1034 975 1133 1045; x_wconf 87' lang='lat' dir='ltr'><strong>ipsi</strong></span> <span class='ocrx_word' id='word_1_51' title='bbox 1164 974 1399 1028; x_wconf 90' lang='lat' dir='ltr'><strong>tribuere</strong></span> <span class='ocrx_word' id='word_1_52' title='bbox 1427 992 1441 1026; x_wconf 92' lang='lat'><strong>:</strong></span> <span class='ocrx_word' id='word_1_53' title='bbox 1470 969 1898 1042; x_wconf 82' lang='lat' dir='ltr'><strong>quandoquidem</strong></span> <span class='ocrx_word' id='word_1_54' title='bbox 1934 967 2087 1033; x_wconf 74' lang='lat' dir='ltr'><strong>dixit,</strong></span> 
     </span>
    </p>
   </div>
   <div class='ocr_carea' id='block_1_9' title="bbox 509 1058 2088 1128">
    <p class='ocr_par' dir='ltr' id='par_1_9' title="bbox 509 1058 2088 1128">
     <span class='ocr_line' id='line_1_9' title="bbox 509 1058 2088 1128; baseline -0.009 -3"><span class='ocrx_word' id='word_1_55' title='bbox 509 1071 772 1125; x_wconf 77' lang='lat' dir='ltr'><strong>Formauit</strong></span> <span class='ocrx_word' id='word_1_56' title='bbox 809 1068 1076 1122; x_wconf 78' lang='lat' dir='ltr'><strong>hominem.</strong></span> <span class='ocrx_word' id='word_1_57' title='bbox 1104 1065 1211 1121; x_wconf 90' lang='lat' dir='ltr'><strong>Sed</strong></span> <span class='ocrx_word' id='word_1_58' title='bbox 1264 1079 1332 1119; x_wconf 85' lang='lat' dir='ltr'><strong>ne</strong></span> <span class='ocrx_word' id='word_1_59' title='bbox 1374 1063 1584 1117; x_wconf 91' lang='lat' dir='ltr'><strong>illorum</strong></span> <span class='ocrx_word' id='word_1_60' title='bbox 1636 1058 1989 1128; x_wconf 85' lang='lat' dir='ltr'><strong>nugacitatcm</strong></span> <span class='ocrx_word' id='word_1_61' title='bbox 2037 1058 2088 1111; x_wconf 89' lang='lat' dir='ltr'><strong>in</strong></span> 
     </span>
    </p>
   </div>
   <div class='ocr_carea' id='block_1_10' title="bbox 507 1149 2086 1232">
    <p class='ocr_par' dir='ltr' id='par_1_10' title="bbox 507 1149 2086 1232">
     <span class='ocr_line' id='line_1_10' title="bbox 507 1149 2086 1232; baseline -0.01 -14"><span class='ocrx_word' id='word_1_62' title='bbox 507 1162 740 1218; x_wconf 86' lang='lat' dir='ltr'><strong>medium</strong></span> <span class='ocrx_word' id='word_1_63' title='bbox 764 1161 1115 1232; x_wconf 86' lang='lat' dir='ltr'><strong>proferentes,</strong></span> <span class='ocrx_word' id='word_1_64' title='bbox 1145 1170 1397 1227; x_wconf 77' lang='lat' dir='ltr'><strong>cogamur</strong></span> <span class='ocrx_word' id='word_1_65' title='bbox 1421 1162 1476 1208; x_wconf 92' lang='lat' dir='ltr'><strong>et</strong></span> <span class='ocrx_word' id='word_1_66' title='bbox 1502 1152 1601 1223; x_wconf 84' lang='lat' dir='ltr'><strong>ipsi</strong></span> <span class='ocrx_word' id='word_1_67' title='bbox 1642 1151 1888 1206; x_wconf 87' lang='lat' dir='ltr'><strong>indecora</strong></span> <span class='ocrx_word' id='word_1_68' title='bbox 1921 1149 2086 1219; x_wconf 86' lang='lat' dir='ltr'><strong>loqui,</strong></span> 
     </span>
    </p>
   </div>
   <div class='ocr_carea' id='block_1_11' title="bbox 506 1242 2089 1323">
    <p class='ocr_par' dir='ltr' id='par_1_11' title="bbox 506 1242 2089 1323">
     <span class='ocr_line' id='line_1_11' title="bbox 506 1242 2089 1323; baseline -0.009 -15"><span class='ocrx_word' id='word_1_69' title='bbox 506 1267 606 1323; x_wconf 84' lang='lat' dir='ltr'><strong>age</strong></span> <span class='ocrx_word' id='word_1_70' title='bbox 654 1253 891 1322; x_wconf 80' lang='lat' dir='ltr'><strong>ipsorum</strong></span> <span class='ocrx_word' id='word_1_71' title='bbox 932 1249 1207 1305; x_wconf 90' lang='lat' dir='ltr'><strong>stultitiam</strong></span> <span class='ocrx_word' id='word_1_72' title='bbox 1261 1257 1317 1302; x_wconf 87' lang='lat' dir='ltr'><strong>et</strong></span> <span class='ocrx_word' id='word_1_73' title='bbox 1367 1245 1713 1316; x_wconf 88' lang='lat' dir='ltr'><strong>multiplicem</strong></span> <span class='ocrx_word' id='word_1_74' title='bbox 1765 1242 2089 1299; x_wconf 85' lang='lat' dir='ltr'><strong>dementiam</strong></span> 
     </span>
    </p>
   </div>
   <div class='ocr_carea' id='block_1_12' title="bbox 507 1335 2091 1409">
    <p class='ocr_par' dir='ltr' id='par_1_12' title="bbox 507 1335 2091 1409">
     <span class='ocr_line' id='line_1_12' title="bbox 507 1335 2091 1409; baseline -0.008 -8"><span class='ocrx_word' id='word_1_75' title='bbox 507 1345 826 1409; x_wconf 88' lang='lat' dir='ltr'><strong>devitemus,</strong></span> <span class='ocrx_word' id='word_1_76' title='bbox 857 1359 921 1398; x_wconf 88' lang='lat' dir='ltr'><strong>ac</strong></span> <span class='ocrx_word' id='word_1_77' title='bbox 947 1341 1145 1397; x_wconf 75' lang='lat' dir='ltr'><strong>divinte</strong></span> <span class='ocrx_word' id='word_1_78' title='bbox 1162 1339 1472 1409; x_wconf 72' lang='lat' dir='ltr'><strong>Scriptum,</strong></span> <span class='ocrx_word' id='word_1_79' title='bbox 1507 1352 1627 1409; x_wconf 68' lang='lat' dir='ltr'><strong>qum</strong></span> <span class='ocrx_word' id='word_1_80' title='bbox 1658 1336 1888 1405; x_wconf 90' lang='lat' dir='ltr'><strong>seipsam</strong></span> <span class='ocrx_word' id='word_1_81' title='bbox 1927 1335 2091 1388; x_wconf 84' lang='lat' dir='ltr'><strong>inter-</strong></span> 
     </span>
    </p>
   </div>
   <div class='ocr_carea' id='block_1_13' title="bbox 508 1427 2090 1505">
    <p class='ocr_par' dir='ltr' id='par_1_13' title="bbox 508 1427 2090 1505">
     <span class='ocr_line' id='line_1_13' title="bbox 508 1427 2090 1505; baseline -0.006 -15"><span class='ocrx_word' id='word_1_82' title='bbox 508 1443 767 1505; x_wconf 86' lang='lat' dir='ltr'><strong>pretatur,</strong></span> <span class='ocrx_word' id='word_1_83' title='bbox 794 1447 1013 1504; x_wconf 84' lang='lat' dir='ltr'><strong>scopum</strong></span> <span class='ocrx_word' id='word_1_84' title='bbox 1038 1431 1442 1501; x_wconf 86' lang='lat' dir='ltr'><strong>subsequamur,</strong></span> <span class='ocrx_word' id='word_1_85' title='bbox 1472 1427 1761 1484; x_wconf 88' lang='lat' dir='ltr'><strong>dummodo</strong></span> <span class='ocrx_word' id='word_1_86' title='bbox 1788 1437 1964 1481; x_wconf 85' lang='lat' dir='ltr'><strong>tamen</strong></span> <span class='ocrx_word' id='word_1_87' title='bbox 1993 1439 2090 1480; x_wconf 86' lang='lat' dir='ltr'><strong>nos</strong></span> 
     </span>
    </p>
   </div>
   <div class='ocr_carea' id='block_1_14' title="bbox 506 1518 2092 1588">
    <p class='ocr_par' dir='ltr' id='par_1_14' title="bbox 506 1518 2092 1588">
     <span class='ocr_line' id='line_1_14' title="bbox 506 1518 2092 1588; baseline -0.007 -7"><span class='ocrx_word' id='word_1_88' title='bbox 506 1527 794 1582; x_wconf 84' lang='lat' dir='ltr'><strong>verborum</strong></span> <span class='ocrx_word' id='word_1_89' title='bbox 833 1525 1088 1581; x_wconf 86' lang='lat' dir='ltr'><strong>crassitiei</strong></span> <span class='ocrx_word' id='word_1_90' title='bbox 1128 1538 1234 1579; x_wconf 90' lang='lat' dir='ltr'><strong>non</strong></span> <span class='ocrx_word' id='word_1_91' title='bbox 1275 1521 1645 1585; x_wconf 84' lang='lat' dir='ltr'><strong>attendamus,</strong></span> <span class='ocrx_word' id='word_1_92' title='bbox 1673 1519 1768 1575; x_wconf 88' lang='lat' dir='ltr'><strong>sed</strong></span> <span class='ocrx_word' id='word_1_93' title='bbox 1798 1518 2092 1588; x_wconf 78' lang='lat' dir='ltr'><strong>cogitemus</strong></span> 
     </span>
    </p>
   </div>
   <div class='ocr_carea' id='block_1_15' title="bbox 507 1611 2087 1682">
    <p class='ocr_par' dir='ltr' id='par_1_15' title="bbox 507 1611 2087 1682">
     <span class='ocr_line' id='line_1_15' title="bbox 507 1611 2087 1682; baseline -0.006 -10"><span class='ocrx_word' id='word_1_94' title='bbox 507 1617 869 1673; x_wconf 88' lang='lat' dir='ltr'><strong>infirmitatem</strong></span> <span class='ocrx_word' id='word_1_95' title='bbox 921 1625 1154 1669; x_wconf 88' lang='lat' dir='ltr'><strong>nostram</strong></span> <span class='ocrx_word' id='word_1_96' title='bbox 1207 1611 1511 1682; x_wconf 88' lang='lat' dir='ltr'><strong>hujusmodi</strong></span> <span class='ocrx_word' id='word_1_97' title='bbox 1568 1611 1826 1666; x_wconf 85' lang='lat' dir='ltr'><strong>crassitiei</strong></span> <span class='ocrx_word' id='word_1_98' title='bbox 1873 1622 2087 1664; x_wconf 84' lang='lat' dir='ltr'><strong>causam</strong></span> 
     </span>
    </p>
   </div>
   <div class='ocr_carea' id='block_1_16' title="bbox 505 1701 2088 1775">
    <p class='ocr_par' dir='ltr' id='par_1_16' title="bbox 505 1701 2088 1775">
     <span class='ocr_line' id='line_1_16' title="bbox 505 1701 2088 1775; baseline -0.004 -14"><span class='ocrx_word' id='word_1_99' title='bbox 505 1720 646 1761; x_wconf 86' lang='lat' dir='ltr'><strong>esse.</strong></span> <span class='ocrx_word' id='word_1_100' title='bbox 677 1705 858 1775; x_wconf 85' lang='lat' dir='ltr'><strong>Neque</strong></span> <span class='ocrx_word' id='word_1_101' title='bbox 885 1705 1026 1759; x_wconf 89' lang='lat' dir='ltr'><strong>enim</strong></span> <span class='ocrx_word' id='word_1_102' title='bbox 1056 1712 1272 1774; x_wconf 86' lang='lat' dir='ltr'><strong>possent</strong></span> <span class='ocrx_word' id='word_1_103' title='bbox 1292 1717 1450 1758; x_wconf 88' lang='lat' dir='ltr'><strong>aures</strong></span> <span class='ocrx_word' id='word_1_104' title='bbox 1493 1702 1737 1756; x_wconf 69' lang='lat' dir='ltr'><strong>humanm</strong></span> <span class='ocrx_word' id='word_1_105' title='bbox 1774 1716 1835 1756; x_wconf 90' lang='lat' dir='ltr'><strong>ea</strong></span> <span class='ocrx_word' id='word_1_106' title='bbox 1863 1717 1982 1771; x_wconf 71' lang='lat' dir='ltr'><strong>qua:</strong></span> <span class='ocrx_word' id='word_1_107' title='bbox 2003 1701 2088 1755; x_wconf 92' lang='lat' dir='ltr'><strong>di-</strong></span> 
     </span>
    </p>
   </div>
   <div class='ocr_carea' id='block_1_17' title="bbox 504 1793 2088 1866">
    <p class='ocr_par' dir='ltr' id='par_1_17' title="bbox 504 1793 2088 1866">
     <span class='ocr_line' id='line_1_17' title="bbox 504 1793 2088 1866; baseline -0.003 -13"><span class='ocrx_word' id='word_1_108' title='bbox 504 1808 698 1853; x_wconf 89' lang='lat' dir='ltr'><strong>cuntur</strong></span> <span class='ocrx_word' id='word_1_109' title='bbox 719 1797 984 1866; x_wconf 79' lang='lat' dir='ltr'><strong>excipere,</strong></span> <span class='ocrx_word' id='word_1_110' title='bbox 1011 1796 1110 1850; x_wconf 90' lang='lat' dir='ltr'><strong>nisi</strong></span> <span class='ocrx_word' id='word_1_111' title='bbox 1138 1803 1282 1850; x_wconf 89' lang='lat' dir='ltr'><strong>tanto</strong></span> <span class='ocrx_word' id='word_1_112' title='bbox 1308 1793 1613 1849; x_wconf 88' lang='lat' dir='ltr'><strong>fruerentur</strong></span> <span class='ocrx_word' id='word_1_113' title='bbox 1649 1805 2088 1865; x_wconf 88' lang='lat' dir='ltr'><strong>temperamento.</strong></span> 
     </span>
    </p>
   </div>
   <div class='ocr_carea' id='block_1_18' title="bbox 500 1883 2090 1958">
    <p class='ocr_par' dir='ltr' id='par_1_18' title="bbox 500 1883 2090 1958">
     <span class='ocr_line' id='line_1_18' title="bbox 500 1883 2090 1958; baseline -0.003 -15"><span class='ocrx_word' id='word_1_114' title='bbox 500 1886 808 1958; x_wconf 79' lang='lat' dir='ltr'><strong>Cogitantes</strong></span> <span class='ocrx_word' id='word_1_115' title='bbox 834 1888 1010 1955; x_wconf 84' lang='lat' dir='ltr'><strong>itaque</strong></span> <span class='ocrx_word' id='word_1_116' title='bbox 1035 1894 1090 1941; x_wconf 90' lang='lat' dir='ltr'><strong>et</strong></span> <span class='ocrx_word' id='word_1_117' title='bbox 1111 1896 1346 1942; x_wconf 91' lang='lat' dir='ltr'><strong>nostram</strong></span> <span class='ocrx_word' id='word_1_118' title='bbox 1389 1883 1766 1948; x_wconf 85' lang='lat' dir='ltr'><strong>infirmitatem,</strong></span> <span class='ocrx_word' id='word_1_119' title='bbox 1797 1894 1850 1939; x_wconf 89' lang='lat' dir='ltr'><strong>et</strong></span> <span class='ocrx_word' id='word_1_120' title='bbox 1884 1884 1999 1938; x_wconf 68' lang='lat' dir='ltr'><strong>hanc</strong></span> <span class='ocrx_word' id='word_1_121' title='bbox 2022 1883 2090 1938; x_wconf 92' lang='lat' dir='ltr'><strong>de</strong></span> 
     </span>
    </p>
   </div>
   <div class='ocr_carea' id='block_1_19' title="bbox 504 1973 2090 2045">
    <p class='ocr_par' dir='ltr' id='par_1_19' title="bbox 504 1973 2090 2045">
     <span class='ocr_line' id='line_1_19' title="bbox 504 1973 2090 2045; baseline -0.004 -11"><span class='ocrx_word' id='word_1_122' title='bbox 504 1979 616 2034; x_wconf 82' lang='lat' dir='ltr'><strong>Deo</strong></span> <span class='ocrx_word' id='word_1_123' title='bbox 648 1979 788 2032; x_wconf 89' lang='lat' dir='ltr'><strong>dicta</strong></span> <span class='ocrx_word' id='word_1_124' title='bbox 819 1977 1002 2036; x_wconf 89' lang='lat' dir='ltr'><strong>fuisse.</strong></span> <span class='ocrx_word' id='word_1_125' title='bbox 1033 1977 1110 2032; x_wconf 87' lang='lat' dir='ltr'><strong>sic</strong></span> <span class='ocrx_word' id='word_1_126' title='bbox 1130 1991 1192 2032; x_wconf 92' lang='lat' dir='ltr'><strong>ea</strong></span> <span class='ocrx_word' id='word_1_127' title='bbox 1220 1974 1588 2045; x_wconf 85' lang='lat' dir='ltr'><strong>suscipiamus,</strong></span> <span class='ocrx_word' id='word_1_128' title='bbox 1621 1984 1672 2028; x_wconf 92' lang='lat' dir='ltr'><strong>ut</strong></span> <span class='ocrx_word' id='word_1_129' title='bbox 1705 1989 1801 2045; x_wconf 90' lang='lat' dir='ltr'><strong>par</strong></span> <span class='ocrx_word' id='word_1_130' title='bbox 1826 1983 1905 2029; x_wconf 89' lang='lat' dir='ltr'><strong>est</strong></span> <span class='ocrx_word' id='word_1_131' title='bbox 1934 1989 1995 2029; x_wconf 89' lang='lat' dir='ltr'><strong>ea</strong></span> <span class='ocrx_word' id='word_1_132' title='bbox 2022 1973 2090 2028; x_wconf 91' lang='lat' dir='ltr'><strong>de</strong></span> 
     </span>
    </p>
   </div>
   <div class='ocr_carea' id='block_1_20' title="bbox 506 2067 2088 2138">
    <p class='ocr_par' dir='ltr' id='par_1_20' title="bbox 506 2067 2088 2138">
     <span class='ocr_line' id='line_1_20' title="bbox 506 2067 2088 2138; baseline -0.003 -14"><span class='ocrx_word' id='word_1_133' title='bbox 506 2070 617 2124; x_wconf 82' lang='lat' dir='ltr'><strong>Deo</strong></span> <span class='ocrx_word' id='word_1_134' title='bbox 642 2071 905 2138; x_wconf 87' lang='lat' dir='ltr'><strong>accipere,</strong></span> <span class='ocrx_word' id='word_1_135' title='bbox 937 2082 1037 2123; x_wconf 91' lang='lat' dir='ltr'><strong>nec</strong></span> <span class='ocrx_word' id='word_1_136' title='bbox 1062 2069 1114 2121; x_wconf 92' lang='lat' dir='ltr'><strong>in</strong></span> <span class='ocrx_word' id='word_1_137' title='bbox 1144 2082 1429 2137; x_wconf 80' lang='lat' dir='ltr'><strong>corporum</strong></span> <span class='ocrx_word' id='word_1_138' title='bbox 1460 2068 1705 2134; x_wconf 90' lang='lat' dir='ltr'><strong>formam,</strong></span> <span class='ocrx_word' id='word_1_139' title='bbox 1730 2067 1810 2121; x_wconf 85' lang='lat' dir='ltr'><strong>vel</strong></span> <span class='ocrx_word' id='word_1_140' title='bbox 1837 2068 1887 2121; x_wconf 91' lang='lat' dir='ltr'><strong>in</strong></span> <span class='ocrx_word' id='word_1_141' title='bbox 1918 2081 2088 2120; x_wconf 90' lang='lat' dir='ltr'><strong>mem—</strong></span> 
     </span>
    </p>
   </div>
   <div class='ocr_carea' id='block_1_21' title="bbox 504 2157 2084 2230">
    <p class='ocr_par' dir='ltr' id='par_1_21' title="bbox 504 2157 2084 2230">
     <span class='ocr_line' id='line_1_21' title="bbox 504 2157 2084 2230; baseline -0.004 -14"><span class='ocrx_word' id='word_1_142' title='bbox 504 2162 719 2216; x_wconf 87' lang='lat' dir='ltr'><strong>brorum</strong></span> <span class='ocrx_word' id='word_1_143' title='bbox 765 2160 1225 2230; x_wconf 89' lang='lat' dir='ltr'><strong>compositionem,</strong></span> <span class='ocrx_word' id='word_1_144' title='bbox 1288 2159 1455 2213; x_wconf 88' lang='lat' dir='ltr'><strong>Deum</strong></span> <span class='ocrx_word' id='word_1_145' title='bbox 1502 2159 1672 2228; x_wconf 72' lang='lat' dir='ltr'><strong>ipsum</strong></span> <span class='ocrx_word' id='word_1_146' title='bbox 1719 2157 2084 2222; x_wconf 83' lang='lat' dir='ltr'><strong>deducamus;</strong></span> 
     </span>
    </p>
   </div>
   <div class='ocr_carea' id='block_1_22' title="bbox 503 2248 2089 2320">
    <p class='ocr_par' dir='ltr' id='par_1_22' title="bbox 503 2248 2089 2320">
     <span class='ocr_line' id='line_1_22' title="bbox 503 2248 2089 2320; baseline -0.003 -14"><span class='ocrx_word' id='word_1_147' title='bbox 503 2252 598 2307; x_wconf 88' lang='lat' dir='ltr'><strong>sed</strong></span> <span class='ocrx_word' id='word_1_148' title='bbox 629 2253 804 2306; x_wconf 82' lang='lat' dir='ltr'><strong>omnia</strong></span> <span class='ocrx_word' id='word_1_149' title='bbox 835 2251 902 2306; x_wconf 91' lang='lat' dir='ltr'><strong>de</strong></span> <span class='ocrx_word' id='word_1_150' title='bbox 932 2252 1060 2314; x_wconf 89' lang='lat' dir='ltr'><strong>Deo,</strong></span> <span class='ocrx_word' id='word_1_151' title='bbox 1092 2261 1149 2304; x_wconf 90' lang='lat' dir='ltr'><strong>ut</strong></span> <span class='ocrx_word' id='word_1_152' title='bbox 1169 2250 1437 2312; x_wconf 82' lang='lat' dir='ltr'><strong>convenit,</strong></span> <span class='ocrx_word' id='word_1_153' title='bbox 1466 2250 1838 2320; x_wconf 86' lang='lat' dir='ltr'><strong>imagincmur.</strong></span> <span class='ocrx_word' id='word_1_154' title='bbox 1880 2248 2089 2303; x_wconf 85' lang='lat' dir='ltr'><strong>Numen</strong></span> 
     </span>
    </p>
   </div>
   <div class='ocr_carea' id='block_1_23' title="bbox 503 2340 2085 2411">
    <p class='ocr_par' dir='ltr' id='par_1_23' title="bbox 503 2340 2085 2411">
     <span class='ocr_line' id='line_1_23' title="bbox 503 2340 2085 2411; baseline -0.001 -15"><span class='ocrx_word' id='word_1_155' title='bbox 503 2344 647 2396; x_wconf 84' lang='lat' dir='ltr'><strong>enim</strong></span> <span class='ocrx_word' id='word_1_156' title='bbox 677 2342 898 2411; x_wconf 78' lang='lat' dir='ltr'><strong>simplex</strong></span> <span class='ocrx_word' id='word_1_157' title='bbox 935 2341 1444 2410; x_wconf 89' lang='lat' dir='ltr'><strong>incompositumque</strong></span> <span class='ocrx_word' id='word_1_158' title='bbox 1466 2352 1568 2406; x_wconf 88' lang='lat' dir='ltr'><strong>est,</strong></span> <span class='ocrx_word' id='word_1_159' title='bbox 1608 2355 1671 2394; x_wconf 89' lang='lat' dir='ltr'><strong>ac</strong></span> <span class='ocrx_word' id='word_1_160' title='bbox 1701 2340 1865 2409; x_wconf 85' lang='lat' dir='ltr'><strong>figura</strong></span> <span class='ocrx_word' id='word_1_161' title='bbox 1894 2348 2040 2393; x_wconf 89' lang='lat' dir='ltr'><strong>caret</strong></span> <span class='ocrx_word' id='word_1_162' title='bbox 2069 2354 2085 2396; x_wconf 85' lang='lat'><strong>:</strong></span> 
     </span>
    </p>
   </div>
   <div class='ocr_carea' id='block_1_24' title="bbox 505 2430 2088 2495">
    <p class='ocr_par' dir='ltr' id='par_1_24' title="bbox 505 2430 2088 2495">
     <span class='ocr_line' id='line_1_24' title="bbox 505 2430 2088 2495; baseline -0.003 -8"><span class='ocrx_word' id='word_1_163' title='bbox 505 2449 627 2488; x_wconf 88' lang='lat' dir='ltr'><strong>nam</strong></span> <span class='ocrx_word' id='word_1_164' title='bbox 673 2433 716 2488; x_wconf 91' lang='lat' dir='ltr'><strong>si</strong></span> <span class='ocrx_word' id='word_1_165' title='bbox 769 2448 840 2489; x_wconf 73' lang='lat' dir='ltr'><strong>ex</strong></span> <span class='ocrx_word' id='word_1_166' title='bbox 896 2433 1048 2488; x_wconf 88' lang='lat' dir='ltr'><strong>nobis</strong></span> <span class='ocrx_word' id='word_1_167' title='bbox 1099 2431 1444 2486; x_wconf 84' lang='lat' dir='ltr'><strong>similitudine</strong></span> <span class='ocrx_word' id='word_1_168' title='bbox 1491 2432 1665 2495; x_wconf 87' lang='lat' dir='ltr'><strong>ducta,</strong></span> <span class='ocrx_word' id='word_1_169' title='bbox 1711 2431 1935 2484; x_wconf 80' lang='lat' dir='ltr'><strong>velimus</strong></span> <span class='ocrx_word' id='word_1_170' title='bbox 1979 2430 2088 2485; x_wconf 86' lang='lat' dir='ltr'><strong>Deo</strong></span> 
     </span>
    </p>
   </div>
   <div class='ocr_carea' id='block_1_25' title="bbox 506 2521 2087 2594">
    <p class='ocr_par' dir='ltr' id='par_1_25' title="bbox 506 2521 2087 2594">
     <span class='ocr_line' id='line_1_25' title="bbox 506 2521 2087 2594; baseline -0.003 -14"><span class='ocrx_word' id='word_1_171' title='bbox 506 2525 864 2580; x_wconf 81' lang='lat' dir='ltr'><strong>membrorum</strong></span> <span class='ocrx_word' id='word_1_172' title='bbox 920 2524 1360 2594; x_wconf 84' lang='lat' dir='ltr'><strong>compositionem</strong></span> <span class='ocrx_word' id='word_1_173' title='bbox 1411 2523 1678 2586; x_wconf 88' lang='lat' dir='ltr'><strong>tribucre,</strong></span> <span class='ocrx_word' id='word_1_174' title='bbox 1726 2521 2087 2592; x_wconf 89' lang='lat' dir='ltr'><strong>imprudentes</strong></span> 
     </span>
    </p>
   </div>
   <div class='ocr_carea' id='block_1_26' title="bbox 505 2612 2088 2686">
    <p class='ocr_par' dir='ltr' id='par_1_26' title="bbox 505 2612 2088 2686">
     <span class='ocr_line' id='line_1_26' title="bbox 505 2612 2088 2686; baseline -0.003 -16"><span class='ocrx_word' id='word_1_175' title='bbox 505 2616 558 2671; x_wconf 90' lang='lat' dir='ltr'><strong>in</strong></span> <span class='ocrx_word' id='word_1_176' title='bbox 586 2616 857 2686; x_wconf 80' lang='lat' dir='ltr'><strong>gentilium</strong></span> <span class='ocrx_word' id='word_1_177' title='bbox 888 2615 1209 2685; x_wconf 86' lang='lat' dir='ltr'><strong>impietatem</strong></span> <span class='ocrx_word' id='word_1_178' title='bbox 1240 2614 1478 2668; x_wconf 78' lang='lat' dir='ltr'><strong>labimur.</strong></span> <span class='ocrx_word' id='word_1_179' title='bbox 1508 2613 1639 2668; x_wconf 88' lang='lat' dir='ltr'><strong>Cum</strong></span> <span class='ocrx_word' id='word_1_180' title='bbox 1662 2614 1839 2681; x_wconf 84' lang='lat' dir='ltr'><strong>itaque</strong></span> <span class='ocrx_word' id='word_1_181' title='bbox 1858 2612 2088 2666; x_wconf 87' lang='lat' dir='ltr'><strong>audieris</strong></span> 
     </span>
    </p>
   </div>
   <div class='ocr_carea' id='block_1_27' title="bbox 504 2703 2085 2777">
    <p class='ocr_par' dir='ltr' id='par_1_27' title="bbox 504 2703 2085 2777">
     <span class='ocr_line' id='line_1_27' title="bbox 504 2703 2085 2777; baseline -0.006 -13"><span class='ocrx_word' id='word_1_182' title='bbox 504 2709 830 2777; x_wconf 84' lang='lat' dir='ltr'><strong>Scripturam</strong></span> <span class='ocrx_word' id='word_1_183' title='bbox 874 2706 1161 2773; x_wconf 85' lang='lat' dir='ltr'><strong>dicentem,</strong></span> <span class='ocrx_word' id='word_1_184' title='bbox 1196 2704 1454 2759; x_wconf 77' lang='lat' dir='ltr'><strong>Formm-it</strong></span> <span class='ocrx_word' id='word_1_185' title='bbox 1494 2704 1628 2759; x_wconf 90' lang='lat' dir='ltr'><strong>Deus</strong></span> <span class='ocrx_word' id='word_1_186' title='bbox 1670 2704 1950 2767; x_wconf 72' lang='lat' dir='ltr'><strong>Italizinem,</strong></span> <span class='ocrx_word' id='word_1_187' title='bbox 1978 2703 2085 2756; x_wconf 82' lang='lat' dir='ltr'><strong>vir-</strong></span> 
     </span>
    </p>
   </div>
   <div class='ocr_carea' id='block_1_28' title="bbox 504 2791 2088 2866">
    <p class='ocr_par' dir='ltr' id='par_1_28' title="bbox 504 2791 2088 2866">
     <span class='ocr_line' id='line_1_28' title="bbox 504 2791 2088 2866; baseline -0.005 -12"><span class='ocrx_word' id='word_1_188' title='bbox 504 2798 935 2854; x_wconf 87' lang='lat' dir='ltr'><strong>tutemcamdem</strong></span> <span class='ocrx_word' id='word_1_189' title='bbox 967 2797 1158 2865; x_wconf 85' lang='lat' dir='ltr'><strong>rogita,</strong></span> <span class='ocrx_word' id='word_1_190' title='bbox 1209 2811 1365 2866; x_wconf 91' lang='lat' dir='ltr'><strong>quam</strong></span> <span class='ocrx_word' id='word_1_191' title='bbox 1406 2810 1526 2849; x_wconf 91' lang='lat' dir='ltr'><strong>cum</strong></span> <span class='ocrx_word' id='word_1_192' title='bbox 1593 2794 1758 2860; x_wconf 91' lang='lat' dir='ltr'><strong>dicit,</strong></span> <span class='ocrx_word' id='word_1_193' title='bbox 1815 2791 1977 2857; x_wconf 83' lang='lat' dir='ltr'><strong>Fiat;</strong></span> <span class='ocrx_word' id='word_1_194' title='bbox 2023 2806 2088 2847; x_wconf 91' lang='lat' dir='ltr'><strong>ac</strong></span> 
     </span>
    </p>
   </div>
   <div class='ocr_carea' id='block_1_29' title="bbox 503 2888 2085 2959">
    <p class='ocr_par' dir='ltr' id='par_1_29' title="bbox 503 2888 2085 2959">
     <span class='ocr_line' id='line_1_29' title="bbox 503 2888 2085 2959; baseline -0.004 -14"><span class='ocrx_word' id='word_1_195' title='bbox 503 2906 712 2946; x_wconf 77' lang='lat' dir='ltr'><strong>rursum</strong></span> <span class='ocrx_word' id='word_1_196' title='bbox 744 2905 863 2945; x_wconf 86' lang='lat' dir='ltr'><strong>cum</strong></span> <span class='ocrx_word' id='word_1_197' title='bbox 888 2889 1143 2956; x_wconf 84' lang='lat' dir='ltr'><strong>audieris,</strong></span> <span class='ocrx_word' id='word_1_198' title='bbox 1176 2888 1454 2957; x_wconf 83' lang='lat' dir='ltr'><strong>Inspiravit</strong></span> <span class='ocrx_word' id='word_1_199' title='bbox 1479 2890 1531 2941; x_wconf 90' lang='lat' dir='ltr'><strong>in</strong></span> <span class='ocrx_word' id='word_1_200' title='bbox 1574 2889 1753 2959; x_wconf 79' lang='lat' dir='ltr'><strong>faciem</strong></span> <span class='ocrx_word' id='word_1_201' title='bbox 1781 2888 1891 2958; x_wconf 91' lang='lat' dir='ltr'><strong>ejus</strong></span> <span class='ocrx_word' id='word_1_202' title='bbox 1916 2888 2085 2955; x_wconf 86' lang='lat' dir='ltr'><strong>spira-</strong></span> 
     </span>
    </p>
   </div>
   <div class='ocr_carea' id='block_1_30' title="bbox 501 2979 2084 3052">
    <p class='ocr_par' dir='ltr' id='par_1_30' title="bbox 501 2979 2084 3052">
     <span class='ocr_line' id='line_1_30' title="bbox 501 2979 2084 3052; baseline -0.002 -15"><span class='ocrx_word' id='word_1_203' title='bbox 501 2985 669 3037; x_wconf 79' lang='lat' dir='ltr'><strong>culum</strong></span> <span class='ocrx_word' id='word_1_204' title='bbox 722 2985 867 3047; x_wconf 75' lang='lat' dir='ltr'><strong>niue,</strong></span> <span class='ocrx_word' id='word_1_205' title='bbox 926 2983 1117 3037; x_wconf 82' lang='lat' dir='ltr'><strong>iterum</strong></span> <span class='ocrx_word' id='word_1_206' title='bbox 1164 2983 1371 3052; x_wconf 77' lang='lat' dir='ltr'><strong>cogita,</strong></span> <span class='ocrx_word' id='word_1_207' title='bbox 1417 2980 1861 3051; x_wconf 82' lang='lat' dir='ltr'><strong>quemadmodum</strong></span> <span class='ocrx_word' id='word_1_208' title='bbox 1907 2979 2084 3035; x_wconf 90' lang='lat' dir='ltr'><strong>incor-</strong></span> 
     </span>
    </p>
   </div>
   <div class='ocr_carea' id='block_1_31' title="bbox 504 3072 2088 3144">
    <p class='ocr_par' dir='ltr' id='par_1_31' title="bbox 504 3072 2088 3144">
     <span class='ocr_line' id='line_1_31' title="bbox 504 3072 2088 3144; baseline 0.001 -20"><span class='ocrx_word' id='word_1_209' title='bbox 504 3088 693 3144; x_wconf 87' lang='lat' dir='ltr'><strong>poreas</strong></span> <span class='ocrx_word' id='word_1_210' title='bbox 742 3074 964 3127; x_wconf 85' lang='lat' dir='ltr'><strong>virtutes</strong></span> <span class='ocrx_word' id='word_1_211' title='bbox 1020 3073 1376 3140; x_wconf 80' lang='lat' dir='ltr'><strong>produxerat,</strong></span> <span class='ocrx_word' id='word_1_212' title='bbox 1427 3074 1505 3126; x_wconf 89' lang='lat' dir='ltr'><strong>sic</strong></span> <span class='ocrx_word' id='word_1_213' title='bbox 1570 3073 1831 3142; x_wconf 87' lang='lat' dir='ltr'><strong>placuisse</strong></span> <span class='ocrx_word' id='word_1_214' title='bbox 1870 3072 1977 3138; x_wconf 90' lang='lat' dir='ltr'><strong>illi,</strong></span> <span class='ocrx_word' id='word_1_215' title='bbox 2029 3080 2088 3125; x_wconf 92' lang='lat' dir='ltr'><strong>ut</strong></span> 
     </span>
    </p>
   </div>
   <div class='ocr_carea' id='block_1_32' title="bbox 500 3163 2082 3235">
    <p class='ocr_par' dir='ltr' id='par_1_32' title="bbox 500 3163 2082 3235">
     <span class='ocr_line' id='line_1_32' title="bbox 500 3163 2082 3235; baseline -0.001 -15"><span class='ocrx_word' id='word_1_216' title='bbox 500 3181 695 3235; x_wconf 86' lang='lat' dir='ltr'><strong>corpus</strong></span> <span class='ocrx_word' id='word_1_217' title='bbox 722 3164 827 3219; x_wconf 86' lang='lat' dir='ltr'><strong>hoc</strong></span> <span class='ocrx_word' id='word_1_218' title='bbox 850 3181 914 3219; x_wconf 74' lang='lat' dir='ltr'><strong>ex</strong></span> <span class='ocrx_word' id='word_1_219' title='bbox 948 3165 1161 3233; x_wconf 79' lang='lat' dir='ltr'><strong>pulvere</strong></span> <span class='ocrx_word' id='word_1_220' title='bbox 1184 3164 1382 3217; x_wconf 81' lang='lat' dir='ltr'><strong>factum</strong></span> <span class='ocrx_word' id='word_1_221' title='bbox 1406 3167 1637 3217; x_wconf 85' lang='lat' dir='ltr'><strong>animam</strong></span> <span class='ocrx_word' id='word_1_222' title='bbox 1667 3163 1889 3218; x_wconf 86' lang='lat' dir='ltr'><strong>haberet</strong></span> <span class='ocrx_word' id='word_1_223' title='bbox 1915 3164 2082 3218; x_wconf 48' lang='lat' dir='ltr'><strong>ratio-</strong></span> 
     </span>
    </p>
   </div>
   <div class='ocr_carea' id='block_1_33' title="bbox 501 3253 2077 3325">
    <p class='ocr_par' dir='ltr' id='par_1_33' title="bbox 501 3253 2077 3325">
     <span class='ocr_line' id='line_1_33' title="bbox 501 3253 2077 3325; baseline -0.001 -15"><span class='ocrx_word' id='word_1_224' title='bbox 501 3256 698 3321; x_wconf 72' lang='lat' dir='ltr'><strong>ualent,</strong></span> <span class='ocrx_word' id='word_1_225' title='bbox 721 3269 838 3323; x_wconf 73' lang='lat' dir='ltr'><strong>qua:</strong></span> <span class='ocrx_word' id='word_1_226' title='bbox 860 3254 1114 3308; x_wconf 89' lang='lat' dir='ltr'><strong>membris</strong></span> <span class='ocrx_word' id='word_1_227' title='bbox 1127 3254 1398 3323; x_wconf 88' lang='lat' dir='ltr'><strong>corporeis</strong></span> <span class='ocrx_word' id='word_1_228' title='bbox 1420 3262 1597 3322; x_wconf 82' lang='lat' dir='ltr'><strong>posset</strong></span> <span class='ocrx_word' id='word_1_229' title='bbox 1622 3254 1715 3307; x_wconf 90' lang='lat' dir='ltr'><strong>uti.</strong></span> <span class='ocrx_word' id='word_1_230' title='bbox 1743 3253 1854 3309; x_wconf 89' lang='lat' dir='ltr'><strong>Hoc</strong></span> <span class='ocrx_word' id='word_1_231' title='bbox 1881 3254 2077 3325; x_wconf 89' lang='lat' dir='ltr'><strong>quippe</strong></span> 
     </span>
    </p>
   </div>
   <div class='ocr_carea' id='block_1_34' title="bbox 499 3344 2082 3413">
    <p class='ocr_par' dir='ltr' id='par_1_34' title="bbox 499 3344 2082 3413">
     <span class='ocr_line' id='line_1_34' title="bbox 499 3344 2082 3413; baseline -0.001 -13"><span class='ocrx_word' id='word_1_232' title='bbox 499 3358 696 3412; x_wconf 82' lang='lat' dir='ltr'><strong>corpus</strong></span> <span class='ocrx_word' id='word_1_233' title='bbox 744 3345 947 3398; x_wconf 89' lang='lat' dir='ltr'><strong>Domini</strong></span> <span class='ocrx_word' id='word_1_234' title='bbox 976 3344 1128 3413; x_wconf 88' lang='lat' dir='ltr'><strong>jussu</strong></span> <span class='ocrx_word' id='word_1_235' title='bbox 1177 3353 1437 3408; x_wconf 88' lang='lat' dir='ltr'><strong>creatum,</strong></span> <span class='ocrx_word' id='word_1_236' title='bbox 1470 3345 1619 3413; x_wconf 88' lang='lat' dir='ltr'><strong>quasi</strong></span> <span class='ocrx_word' id='word_1_237' title='bbox 1673 3344 2082 3399; x_wconf 88' lang='lat' dir='ltr'><strong>instrumentum</strong></span> 
     </span>
    </p>
   </div>
   <div class='ocr_carea' id='block_1_35' title="bbox 495 3433 2084 3507">
    <p class='ocr_par' dir='ltr' id='par_1_35' title="bbox 495 3433 2084 3507">
     <span class='ocr_line' id='line_1_35' title="bbox 495 3433 2084 3507; baseline 0.003 -20"><span class='ocrx_word' id='word_1_238' title='bbox 495 3433 727 3504; x_wconf 83' lang='lat' dir='ltr'><strong>jacchat,</strong></span> <span class='ocrx_word' id='word_1_239' title='bbox 756 3436 935 3505; x_wconf 90' lang='lat' dir='ltr'><strong>aliquo</strong></span> <span class='ocrx_word' id='word_1_240' title='bbox 965 3444 1211 3490; x_wconf 78' lang='lat' dir='ltr'><strong>movente</strong></span> <span class='ocrx_word' id='word_1_241' title='bbox 1236 3436 1505 3505; x_wconf 82' lang='lat' dir='ltr'><strong>indigens;</strong></span> <span class='ocrx_word' id='word_1_242' title='bbox 1535 3436 1642 3489; x_wconf 86' lang='lat' dir='ltr'><strong>imo</strong></span> <span class='ocrx_word' id='word_1_243' title='bbox 1669 3436 1801 3490; x_wconf 86' lang='lat' dir='ltr'><strong>sicut</strong></span> <span class='ocrx_word' id='word_1_244' title='bbox 1824 3436 1937 3507; x_wconf 83' lang='lat' dir='ltr'><strong>lyra</strong></span> <span class='ocrx_word' id='word_1_245' title='bbox 1965 3453 2084 3506; x_wconf 76' lang='lat' dir='ltr'><strong>qua:</strong></span> 
     </span>
    </p>
   </div>
   <div class='ocr_carea' id='block_1_36' title="bbox 498 3526 2084 3598">
    <p class='ocr_par' dir='ltr' id='par_1_36' title="bbox 498 3526 2084 3598">
     <span class='ocr_line' id='line_1_36' title="bbox 498 3526 2084 3598; baseline 0.004 -19"><span class='ocrx_word' id='word_1_246' title='bbox 498 3526 679 3593; x_wconf 84' lang='lat' dir='ltr'><strong>aliquo</strong></span> <span class='ocrx_word' id='word_1_247' title='bbox 703 3537 840 3596; x_wconf 81' lang='lat' dir='ltr'><strong>eget,</strong></span> <span class='ocrx_word' id='word_1_248' title='bbox 863 3526 951 3595; x_wconf 87' lang='lat' dir='ltr'><strong>qui</strong></span> <span class='ocrx_word' id='word_1_249' title='bbox 978 3536 1092 3580; x_wconf 85' lang='lat' dir='ltr'><strong>arte</strong></span> <span class='ocrx_word' id='word_1_250' title='bbox 1120 3527 1439 3596; x_wconf 86' lang='lat' dir='ltr'><strong>solertiaque</strong></span> <span class='ocrx_word' id='word_1_251' title='bbox 1469 3542 1562 3582; x_wconf 89' lang='lat' dir='ltr'><strong>sua</strong></span> <span class='ocrx_word' id='word_1_252' title='bbox 1596 3527 1782 3597; x_wconf 86' lang='lat' dir='ltr'><strong>possit,</strong></span> <span class='ocrx_word' id='word_1_253' title='bbox 1814 3530 1965 3598; x_wconf 92' lang='lat' dir='ltr'><strong>quasi</strong></span> <span class='ocrx_word' id='word_1_254' title='bbox 1990 3546 2084 3598; x_wconf 91' lang='lat' dir='ltr'><strong>per</strong></span> 
     </span>
    </p>
   </div>
   <div class='ocr_carea' id='block_1_37' title="bbox 502 3617 2085 3688">
    <p class='ocr_par' dir='ltr' id='par_1_37' title="bbox 502 3617 2085 3688">
     <span class='ocr_line' id='line_1_37' title="bbox 502 3617 2085 3688; baseline 0.002 -16"><span class='ocrx_word' id='word_1_255' title='bbox 502 3618 725 3684; x_wconf 87' lang='lat' dir='ltr'><strong>fistulas,</strong></span> <span class='ocrx_word' id='word_1_256' title='bbox 759 3632 851 3686; x_wconf 85' lang='lat' dir='ltr'><strong>per</strong></span> <span class='ocrx_word' id='word_1_257' title='bbox 900 3617 1137 3672; x_wconf 80' lang='lat' dir='ltr'><strong>meiubra</strong></span> <span class='ocrx_word' id='word_1_258' title='bbox 1166 3632 1260 3672; x_wconf 88' lang='lat' dir='ltr'><strong>sua</strong></span> <span class='ocrx_word' id='word_1_259' title='bbox 1301 3628 1684 3688; x_wconf 81' lang='lat' dir='ltr'><strong>congruentem</strong></span> <span class='ocrx_word' id='word_1_260' title='bbox 1718 3620 1940 3676; x_wconf 89' lang='lat' dir='ltr'><strong>Domino</strong></span> <span class='ocrx_word' id='word_1_261' title='bbox 1972 3636 2085 3675; x_wconf 90' lang='lat' dir='ltr'><strong>me-</strong></span> 
     </span>
    </p>
   </div>
   <div class='ocr_carea' id='block_1_38' title="bbox 501 3708 2082 3782">
    <p class='ocr_par' dir='ltr' id='par_1_38' title="bbox 501 3708 2082 3782">
     <span class='ocr_line' id='line_1_38' title="bbox 501 3708 2082 3782; baseline 0.001 -17"><span class='ocrx_word' id='word_1_262' title='bbox 501 3708 695 3765; x_wconf 87' lang='lat' dir='ltr'><strong>lodiam</strong></span> <span class='ocrx_word' id='word_1_263' title='bbox 727 3708 947 3764; x_wconf 87' lang='lat' dir='ltr'><strong>referre.</strong></span> <span class='ocrx_word' id='word_1_264' title='bbox 969 3708 1266 3780; x_wconf 79' lang='lat' dir='ltr'><strong>Inspiravit,</strong></span> <span class='ocrx_word' id='word_1_265' title='bbox 1287 3709 1475 3780; x_wconf 87' lang='lat' dir='ltr'><strong>inquit,</strong></span> <span class='ocrx_word' id='word_1_266' title='bbox 1498 3711 1551 3764; x_wconf 89' lang='lat' dir='ltr'><strong>in</strong></span> <span class='ocrx_word' id='word_1_267' title='bbox 1571 3712 1753 3782; x_wconf 85' lang='lat' dir='ltr'><strong>faciem</strong></span> <span class='ocrx_word' id='word_1_268' title='bbox 1777 3712 1889 3782; x_wconf 88' lang='lat' dir='ltr'><strong>ejus</strong></span> <span class='ocrx_word' id='word_1_269' title='bbox 1913 3713 2082 3782; x_wconf 86' lang='lat' dir='ltr'><strong>spira-</strong></span> 
     </span>
    </p>
   </div>
   <div class='ocr_carea' id='block_1_39' title="bbox 498 3801 2079 3870">
    <p class='ocr_par' dir='ltr' id='par_1_39' title="bbox 498 3801 2079 3870">
     <span class='ocr_line' id='line_1_39' title="bbox 498 3801 2079 3870; baseline 0.005 -17"><span class='ocrx_word' id='word_1_270' title='bbox 498 3801 670 3855; x_wconf 81' lang='lat' dir='ltr'><strong>culum</strong></span> <span class='ocrx_word' id='word_1_271' title='bbox 698 3801 832 3864; x_wconf 66' lang='lat' dir='ltr'><strong>vitm,</strong></span> <span class='ocrx_word' id='word_1_272' title='bbox 878 3810 925 3855; x_wconf 85' lang='lat' dir='ltr'><strong>et</strong></span> <span class='ocrx_word' id='word_1_273' title='bbox 962 3802 1124 3870; x_wconf 83' lang='lat' dir='ltr'><strong>{actus</strong></span> <span class='ocrx_word' id='word_1_274' title='bbox 1173 3811 1247 3856; x_wconf 82' lang='lat' dir='ltr'><strong>est</strong></span> <span class='ocrx_word' id='word_1_275' title='bbox 1292 3802 1440 3856; x_wconf 84' lang='lat' dir='ltr'><strong>homo</strong></span> <span class='ocrx_word' id='word_1_276' title='bbox 1468 3803 1521 3856; x_wconf 86' lang='lat' dir='ltr'><strong>in</strong></span> <span class='ocrx_word' id='word_1_277' title='bbox 1558 3803 1780 3857; x_wconf 88' lang='lat' dir='ltr'><strong>animam</strong></span> <span class='ocrx_word' id='word_1_278' title='bbox 1818 3805 2079 3861; x_wconf 78' lang='lat' dir='ltr'><strong>viventem.</strong></span> 
     </span>
    </p>
   </div>
   <div class='ocr_carea' id='block_1_40' title="bbox 496 3891 2083 3963">
    <p class='ocr_par' dir='ltr' id='par_1_40' title="bbox 496 3891 2083 3963">
     <span class='ocr_line' id='line_1_40' title="bbox 496 3891 2083 3963; baseline 0.004 -20"><span class='ocrx_word' id='word_1_279' title='bbox 496 3891 633 3959; x_wconf 85' lang='lat' dir='ltr'><strong>Quid</strong></span> <span class='ocrx_word' id='word_1_280' title='bbox 654 3900 755 3956; x_wconf 86' lang='lat' dir='ltr'><strong>est,</strong></span> <span class='ocrx_word' id='word_1_281' title='bbox 780 3891 1059 3960; x_wconf 73' lang='lat' dir='ltr'><strong>[aspiravit</strong></span> <span class='ocrx_word' id='word_1_282' title='bbox 1082 3892 1394 3963; x_wconf 79' lang='lat' dir='ltr'><strong>spiraculum</strong></span> <span class='ocrx_word' id='word_1_283' title='bbox 1421 3894 1536 3947; x_wconf 70' lang='lat' dir='ltr'><strong>vita:</strong></span> <span class='ocrx_word' id='word_1_284' title='bbox 1555 3895 1581 3947; x_wconf 87' lang='lat'><strong><em>?</em></strong></span> <span class='ocrx_word' id='word_1_285' title='bbox 1606 3894 1661 3948; x_wconf 89' lang='lat' dir='ltr'><strong>Id</strong></span> <span class='ocrx_word' id='word_1_286' title='bbox 1683 3904 1783 3961; x_wconf 84' lang='lat' dir='ltr'><strong>est,</strong></span> <span class='ocrx_word' id='word_1_287' title='bbox 1807 3894 1908 3950; x_wconf 87' lang='lat' dir='ltr'><strong>hoc</strong></span> <span class='ocrx_word' id='word_1_288' title='bbox 1931 3911 2083 3951; x_wconf 87' lang='lat' dir='ltr'><strong>crea-</strong></span> 
     </span>
    </p>
   </div>
   <div class='ocr_carea' id='block_1_41' title="bbox 500 3984 2081 4058">
    <p class='ocr_par' dir='ltr' id='par_1_41' title="bbox 500 3984 2081 4058">
     <span class='ocr_line' id='line_1_41' title="bbox 500 3984 2081 4058; baseline 0.001 -17"><span class='ocrx_word' id='word_1_289' title='bbox 500 3997 609 4041; x_wconf 85' lang='lat' dir='ltr'><strong>tum</strong></span> <span class='ocrx_word' id='word_1_290' title='bbox 638 4000 832 4056; x_wconf 90' lang='lat' dir='ltr'><strong>corpus</strong></span> <span class='ocrx_word' id='word_1_291' title='bbox 863 3986 1028 4039; x_wconf 87' lang='lat' dir='ltr'><strong>voluit</strong></span> <span class='ocrx_word' id='word_1_292' title='bbox 1050 3986 1312 4054; x_wconf 83' lang='lat' dir='ltr'><strong>jussitque</strong></span> <span class='ocrx_word' id='word_1_293' title='bbox 1339 3985 1441 4039; x_wconf 85' lang='lat' dir='ltr'><strong>vim</strong></span> <span class='ocrx_word' id='word_1_294' title='bbox 1470 3984 1667 4041; x_wconf 87' lang='lat' dir='ltr'><strong>habere</strong></span> <span class='ocrx_word' id='word_1_295' title='bbox 1693 3987 1932 4055; x_wconf 86' lang='lat' dir='ltr'><strong>vitalem,</strong></span> <span class='ocrx_word' id='word_1_296' title='bbox 1962 4002 2081 4058; x_wconf 78' lang='lat' dir='ltr'><strong>qua:</strong></span> 
     </span>
    </p>
   </div>
   <div class='ocr_carea' id='block_1_42' title="bbox 495 4076 2080 4149">
    <p class='ocr_par' dir='ltr' id='par_1_42' title="bbox 495 4076 2080 4149">
     <span class='ocr_line' id='line_1_42' title="bbox 495 4076 2080 4149; baseline 0.001 -18"><span class='ocrx_word' id='word_1_297' title='bbox 495 4078 710 4132; x_wconf 90' lang='lat' dir='ltr'><strong>animali</strong></span> <span class='ocrx_word' id='word_1_298' title='bbox 752 4077 887 4132; x_wconf 89' lang='lat' dir='ltr'><strong>facta</strong></span> <span class='ocrx_word' id='word_1_299' title='bbox 924 4086 1006 4131; x_wconf 87' lang='lat' dir='ltr'><strong>est</strong></span> <span class='ocrx_word' id='word_1_300' title='bbox 1042 4077 1093 4130; x_wconf 92' lang='lat' dir='ltr'><strong>in</strong></span> <span class='ocrx_word' id='word_1_301' title='bbox 1135 4078 1364 4130; x_wconf 90' lang='lat' dir='ltr'><strong>animam</strong></span> <span class='ocrx_word' id='word_1_302' title='bbox 1390 4076 1674 4141; x_wconf 87' lang='lat' dir='ltr'><strong>viventem,</strong></span> <span class='ocrx_word' id='word_1_303' title='bbox 1712 4079 1825 4134; x_wconf 90' lang='lat' dir='ltr'><strong>sive</strong></span> <span class='ocrx_word' id='word_1_304' title='bbox 1851 4093 2080 4149; x_wconf 85' lang='lat' dir='ltr'><strong>operan-</strong></span> 
     </span>
    </p>
   </div>
   <div class='ocr_carea' id='block_1_43' title="bbox 497 4166 2079 4236">
    <p class='ocr_par' dir='ltr' id='par_1_43' title="bbox 497 4166 2079 4236">
     <span class='ocr_line' id='line_1_43' title="bbox 497 4166 2079 4236; baseline 0.001 -14"><span class='ocrx_word' id='word_1_305' title='bbox 497 4178 626 4228; x_wconf 85' lang='lat' dir='ltr'><strong>tem,</strong></span> <span class='ocrx_word' id='word_1_306' title='bbox 654 4182 772 4236; x_wconf 76' lang='lat' dir='ltr'><strong>qua:</strong></span> <span class='ocrx_word' id='word_1_307' title='bbox 800 4176 968 4220; x_wconf 89' lang='lat' dir='ltr'><strong>artem</strong></span> <span class='ocrx_word' id='word_1_308' title='bbox 996 4179 1143 4220; x_wconf 90' lang='lat' dir='ltr'><strong>suam</strong></span> <span class='ocrx_word' id='word_1_309' title='bbox 1165 4175 1347 4236; x_wconf 89' lang='lat' dir='ltr'><strong>posset</strong></span> <span class='ocrx_word' id='word_1_310' title='bbox 1368 4181 1463 4236; x_wconf 91' lang='lat' dir='ltr'><strong>per</strong></span> <span class='ocrx_word' id='word_1_311' title='bbox 1490 4166 1848 4222; x_wconf 89' lang='lat' dir='ltr'><strong>membrorum</strong></span> <span class='ocrx_word' id='word_1_312' title='bbox 1876 4178 2079 4224; x_wconf 87' lang='lat' dir='ltr'><strong>motum</strong></span> 
     </span>
    </p>
   </div>
   <div class='ocr_carea' id='block_1_44' title="bbox 497 4256 768 4312">
    <p class='ocr_par' dir='ltr' id='par_1_44' title="bbox 497 4256 768 4312">
     <span class='ocr_line' id='line_1_44' title="bbox 497 4256 768 4312; baseline -0.007 0"><span class='ocrx_word' id='word_1_313' title='bbox 497 4256 768 4312; x_wconf 76' lang='lat' dir='ltr'><strong>exhibere.</strong></span> 
     </span>
    </p>
   </div>
   <div class='ocr_carea' id='block_1_45' title="bbox 567 4344 2078 4416">
    <p class='ocr_par' dir='ltr' id='par_1_45' title="bbox 567 4344 2078 4416">
     <span class='ocr_line' id='line_1_45' title="bbox 567 4344 2078 4416; baseline 0.003 -16"><span class='ocrx_word' id='word_1_314' title='bbox 567 4348 621 4400; x_wconf 81' lang='grc'><strong>5.</strong></span> <span class='ocrx_word' id='word_1_315' title='bbox 663 4346 756 4400; x_wconf 87' lang='lat' dir='ltr'><strong>llic</strong></span> <span class='ocrx_word' id='word_1_316' title='bbox 782 4360 909 4400; x_wconf 88' lang='lat' dir='ltr'><strong>vero</strong></span> <span class='ocrx_word' id='word_1_317' title='bbox 929 4345 1055 4398; x_wconf 92' lang='lat' dir='ltr'><strong>mihi</strong></span> <span class='ocrx_word' id='word_1_318' title='bbox 1087 4344 1355 4414; x_wconf 87' lang='lat' dir='ltr'><strong>perpende</strong></span> <span class='ocrx_word' id='word_1_319' title='bbox 1374 4387 1389 4410; x_wconf 92' lang='lat'><strong>,</strong></span> <span class='ocrx_word' id='word_1_320' title='bbox 1420 4355 1674 4416; x_wconf 89' lang='lat' dir='ltr'><strong>quantum</strong></span> <span class='ocrx_word' id='word_1_321' title='bbox 1703 4347 1913 4403; x_wconf 80' lang='lat' dir='ltr'><strong>intersit</strong></span> <span class='ocrx_word' id='word_1_322' title='bbox 1939 4350 2078 4406; x_wconf 88' lang='lat' dir='ltr'><strong>inter</strong></span> 
     </span>
    </p>
   </div>
   <div class='ocr_carea' id='block_1_46' title="bbox 501 4435 2077 4508">
    <p class='ocr_par' dir='ltr' id='par_1_46' title="bbox 501 4435 2077 4508">
     <span class='ocr_line' id='line_1_46' title="bbox 501 4435 2077 4508; baseline 0.001 -14"><span class='ocrx_word' id='word_1_323' title='bbox 501 4437 656 4508; x_wconf 88' lang='lat' dir='ltr'><strong>hujus</strong></span> <span class='ocrx_word' id='word_1_324' title='bbox 696 4435 1023 4490; x_wconf 85' lang='lat' dir='ltr'><strong>admirabilis</strong></span> <span class='ocrx_word' id='word_1_325' title='bbox 1064 4436 1311 4491; x_wconf 82' lang='lat' dir='ltr'><strong>animalis</strong></span> <span class='ocrx_word' id='word_1_326' title='bbox 1354 4437 1667 4503; x_wconf 89' lang='lat' dir='ltr'><strong>rationalis,</strong></span> <span class='ocrx_word' id='word_1_327' title='bbox 1709 4449 1762 4493; x_wconf 91' lang='lat' dir='ltr'><strong>ct</strong></span> <span class='ocrx_word' id='word_1_328' title='bbox 1805 4441 2077 4495; x_wconf 90' lang='lat' dir='ltr'><strong>brutorum</strong></span> 
     </span>
    </p>
   </div>
   <div class='ocr_carea' id='block_1_47' title="bbox 499 4529 2082 4587">
    <p class='ocr_par' dir='ltr' id='par_1_47' title="bbox 499 4529 2082 4587">
     <span class='ocr_line' id='line_1_47' title="bbox 499 4529 2082 4587; baseline 0.001 -2"><span class='ocrx_word' id='word_1_329' title='bbox 499 4530 869 4585; x_wconf 88' lang='lat' dir='ltr'><strong>formationem</strong></span> <span class='ocrx_word' id='word_1_330' title='bbox 910 4529 1213 4584; x_wconf 89' lang='lat' dir='ltr'><strong>discrimen.</strong></span> <span class='ocrx_word' id='word_1_331' title='bbox 1247 4531 1319 4584; x_wconf 87' lang='lat' dir='ltr'><strong>Dc</strong></span> <span class='ocrx_word' id='word_1_332' title='bbox 1345 4529 1449 4584; x_wconf 82' lang='lat' dir='ltr'><strong>illis</strong></span> <span class='ocrx_word' id='word_1_333' title='bbox 1474 4532 1615 4585; x_wconf 90' lang='lat' dir='ltr'><strong>enim</strong></span> <span class='ocrx_word' id='word_1_334' title='bbox 1656 4530 1824 4587; x_wconf 79' lang='lat' dir='ltr'><strong>dixit:</strong></span> <span class='ocrx_word' id='word_1_335' title='bbox 1848 4532 2082 4587; x_wconf 83' lang='lat' dir='ltr'><strong>Educant</strong></span> 
     </span>
    </p>
   </div>
   <div class='ocr_carea' id='block_1_48' title="bbox 498 4620 2081 4692">
    <p class='ocr_par' dir='ltr' id='par_1_48' title="bbox 498 4620 2081 4692">
     <span class='ocr_line' id='line_1_48' title="bbox 498 4620 2081 4692; baseline 0.003 -19"><span class='ocrx_word' id='word_1_336' title='bbox 498 4637 644 4690; x_wconf 79' lang='lat' dir='ltr'><strong>aqua:</strong></span> <span class='ocrx_word' id='word_1_337' title='bbox 664 4620 865 4689; x_wconf 77' lang='lat' dir='ltr'><strong>reptilia</strong></span> <span class='ocrx_word' id='word_1_338' title='bbox 891 4620 1173 4673; x_wconf 87' lang='lat' dir='ltr'><strong>animarum</strong></span> <span class='ocrx_word' id='word_1_339' title='bbox 1194 4622 1480 4687; x_wconf 83' lang='lat' dir='ltr'><strong>viventium,</strong></span> <span class='ocrx_word' id='word_1_340' title='bbox 1502 4630 1557 4677; x_wconf 90' lang='lat' dir='ltr'><strong>et</strong></span> <span class='ocrx_word' id='word_1_341' title='bbox 1585 4624 1743 4677; x_wconf 89' lang='lat' dir='ltr'><strong>simul</strong></span> <span class='ocrx_word' id='word_1_342' title='bbox 1767 4623 2081 4692; x_wconf 82' lang='lat' dir='ltr'><strong>prodierunt</strong></span> 
     </span>
    </p>
   </div>
   <div class='ocr_carea' id='block_1_49' title="bbox 496 4709 2076 4781">
    <p class='ocr_par' dir='ltr' id='par_1_49' title="bbox 496 4709 2076 4781">
     <span class='ocr_line' id='line_1_49' title="bbox 496 4709 2076 4781; baseline 0.002 -15"><span class='ocrx_word' id='word_1_343' title='bbox 496 4728 562 4766; x_wconf 81' lang='lat' dir='ltr'><strong>ex</strong></span> <span class='ocrx_word' id='word_1_344' title='bbox 610 4725 746 4781; x_wconf 86' lang='lat' dir='ltr'><strong>aqua</strong></span> <span class='ocrx_word' id='word_1_345' title='bbox 787 4709 1033 4764; x_wconf 86' lang='lat' dir='ltr'><strong>animalia</strong></span> <span class='ocrx_word' id='word_1_346' title='bbox 1079 4711 1347 4775; x_wconf 89' lang='lat' dir='ltr'><strong>animata;</strong></span> <span class='ocrx_word' id='word_1_347' title='bbox 1395 4721 1449 4765; x_wconf 92' lang='lat' dir='ltr'><strong>ct</strong></span> <span class='ocrx_word' id='word_1_348' title='bbox 1499 4712 1552 4766; x_wconf 92' lang='lat' dir='ltr'><strong>in</strong></span> <span class='ocrx_word' id='word_1_349' title='bbox 1601 4722 1740 4767; x_wconf 89' lang='lat' dir='ltr'><strong>terra</strong></span> <span class='ocrx_word' id='word_1_350' title='bbox 1785 4714 2076 4769; x_wconf 88' lang='lat' dir='ltr'><strong>similiter:</strong></span> 
     </span>
    </p>
   </div>
   <div class='ocr_carea' id='block_1_50' title="bbox 496 4803 2077 4863">
    <p class='ocr_par' dir='ltr' id='par_1_50' title="bbox 496 4803 2077 4863">
     <span class='ocr_line' id='line_1_50' title="bbox 496 4803 2077 4863; baseline 0.003 -4"><span class='ocrx_word' id='word_1_351' title='bbox 496 4803 755 4860; x_wconf 75' lang='lat' dir='ltr'><strong>Prudnrat</strong></span> <span class='ocrx_word' id='word_1_352' title='bbox 793 4813 927 4856; x_wconf 83' lang='lat' dir='ltr'><strong>terra</strong></span> <span class='ocrx_word' id='word_1_353' title='bbox 964 4803 1185 4855; x_wconf 88' lang='lat' dir='ltr'><strong>animam</strong></span> <span class='ocrx_word' id='word_1_354' title='bbox 1230 4803 1490 4856; x_wconf 79' lang='lat' dir='ltr'><strong>viventem.</strong></span> <span class='ocrx_word' id='word_1_355' title='bbox 1523 4804 1597 4859; x_wconf 86' lang='lat' dir='ltr'><strong>De</strong></span> <span class='ocrx_word' id='word_1_356' title='bbox 1641 4805 1855 4861; x_wconf 84' lang='lat' dir='ltr'><strong>homine</strong></span> <span class='ocrx_word' id='word_1_357' title='bbox 1899 4822 2077 4863; x_wconf 86' lang='lat' dir='ltr'><strong>autem</strong></span> 
     </span>
    </p>
   </div>
   <div class='ocr_carea' id='block_1_51' title="bbox 494 4894 2078 4971">
    <p class='ocr_par' dir='ltr' id='par_1_51' title="bbox 494 4894 2078 4971">
     <span class='ocr_line' id='line_1_51' title="bbox 494 4894 2078 4971; baseline 0.008 -28"><span class='ocrx_word' id='word_1_358' title='bbox 494 4913 600 4951; x_wconf 73' lang='lat' dir='ltr'><strong>&quot;ml</strong></span> <span class='ocrx_word' id='word_1_359' title='bbox 629 4898 738 4960; x_wconf 85' lang='lat' dir='ltr'><strong>sic;</strong></span> <span class='ocrx_word' id='word_1_360' title='bbox 767 4895 862 4951; x_wconf 84' lang='lat' dir='ltr'><strong>sed</strong></span> <span class='ocrx_word' id='word_1_361' title='bbox 894 4895 1038 4964; x_wconf 70' lang='lat' dir='ltr'><strong>prius</strong></span> <span class='ocrx_word' id='word_1_362' title='bbox 1064 4894 1131 4949; x_wconf 89' lang='lat' dir='ltr'><strong>de</strong></span> <span class='ocrx_word' id='word_1_363' title='bbox 1162 4894 1380 4963; x_wconf 87' lang='lat' dir='ltr'><strong>pulvere</strong></span> <span class='ocrx_word' id='word_1_364' title='bbox 1416 4910 1608 4966; x_wconf 90' lang='lat' dir='ltr'><strong>corpus</strong></span> <span class='ocrx_word' id='word_1_365' title='bbox 1653 4898 1909 4954; x_wconf 79' lang='lat' dir='ltr'><strong>formatur</strong></span> <span class='ocrx_word' id='word_1_366' title='bbox 1931 4943 1947 4967; x_wconf 92' lang='lat'><strong>,</strong></span> <span class='ocrx_word' id='word_1_367' title='bbox 1981 4920 2078 4971; x_wconf 85' lang='lat' dir='ltr'><strong>po-</strong></span> 
     </span>
    </p>
   </div>
   <div class='ocr_carea' id='block_1_52' title="bbox 491 4987 2078 5059">
    <p class='ocr_par' dir='ltr' id='par_1_52' title="bbox 491 4987 2078 5059">
     <span class='ocr_line' id='line_1_52' title="bbox 491 4987 2078 5059; baseline 0.007 -21"><span class='ocrx_word' id='word_1_368' title='bbox 491 4999 608 5044; x_wconf 76' lang='lat' dir='ltr'><strong>stea</strong></span> <span class='ocrx_word' id='word_1_369' title='bbox 636 4988 810 5042; x_wconf 79' lang='lat' dir='ltr'><strong>vitalis</strong></span> <span class='ocrx_word' id='word_1_370' title='bbox 844 4988 918 5041; x_wconf 92' lang='lat' dir='ltr'><strong>illi</strong></span> <span class='ocrx_word' id='word_1_371' title='bbox 947 4987 1114 5041; x_wconf 89' lang='lat' dir='ltr'><strong>virtus</strong></span> <span class='ocrx_word' id='word_1_372' title='bbox 1141 4987 1328 5053; x_wconf 87' lang='lat' dir='ltr'><strong>datur,</strong></span> <span class='ocrx_word' id='word_1_373' title='bbox 1360 5004 1480 5059; x_wconf 76' lang='lat' dir='ltr'><strong>qum</strong></span> <span class='ocrx_word' id='word_1_374' title='bbox 1505 4998 1590 5043; x_wconf 87' lang='lat' dir='ltr'><strong>est</strong></span> <span class='ocrx_word' id='word_1_375' title='bbox 1611 4990 1800 5044; x_wconf 73' lang='lat' dir='ltr'><strong>anima:</strong></span> <span class='ocrx_word' id='word_1_376' title='bbox 1825 4993 2078 5049; x_wconf 87' lang='lat' dir='ltr'><strong>substan-</strong></span> 
     </span>
    </p>
   </div>
   <div class='ocr_carea' id='block_1_53' title="bbox 495 5076 2078 5153">
    <p class='ocr_par' dir='ltr' id='par_1_53' title="bbox 495 5076 2078 5153">
     <span class='ocr_line' id='line_1_53' title="bbox 495 5076 2078 5153; baseline 0.004 -21"><span class='ocrx_word' id='word_1_377' title='bbox 495 5079 586 5132; x_wconf 89' lang='lat' dir='ltr'><strong>tia.</strong></span> <span class='ocrx_word' id='word_1_378' title='bbox 630 5076 832 5132; x_wconf 84' lang='lat' dir='ltr'><strong>ldcirco</strong></span> <span class='ocrx_word' id='word_1_379' title='bbox 875 5077 942 5132; x_wconf 88' lang='lat' dir='ltr'><strong>de</strong></span> <span class='ocrx_word' id='word_1_380' title='bbox 981 5077 1147 5131; x_wconf 88' lang='lat' dir='ltr'><strong>brutis</strong></span> <span class='ocrx_word' id='word_1_381' title='bbox 1183 5077 1395 5132; x_wconf 71' lang='lat' dir='ltr'><strong>diccbat</strong></span> <span class='ocrx_word' id='word_1_382' title='bbox 1431 5078 1640 5151; x_wconf 82' lang='lat' dir='ltr'><strong>Moyses</strong></span> <span class='ocrx_word' id='word_1_383' title='bbox 1669 5097 1683 5134; x_wconf 90' lang='lat'><strong>:</strong></span> <span class='ocrx_word' id='word_1_384' title='bbox 1715 5081 1939 5153; x_wconf 81' lang='lat' dir='ltr'><strong>Sanguis</strong></span> <span class='ocrx_word' id='word_1_385' title='bbox 1970 5086 2078 5153; x_wconf 79' lang='lat' dir='ltr'><strong>eius</strong></span> 
     </span>
    </p>
   </div>
   <div class='ocr_carea' id='block_1_54' title="bbox 493 5170 2076 5242">
    <p class='ocr_par' dir='ltr' id='par_1_54' title="bbox 493 5170 2076 5242">
     <span class='ocr_line' id='line_1_54' title="bbox 493 5170 2076 5242; baseline 0.004 -18"><span class='ocrx_word' id='word_1_386' title='bbox 493 5179 568 5224; x_wconf 71' lang='lat' dir='ltr'><strong>ert</strong></span> <span class='ocrx_word' id='word_1_387' title='bbox 592 5172 764 5223; x_wconf 84' lang='lat' dir='ltr'><strong>auium</strong></span> <span class='ocrx_word' id='word_1_388' title='bbox 790 5171 899 5242; x_wconf 81' lang='lat' dir='ltr'><strong>ejus</strong></span> <span class='ocrx_word' id='word_1_389' title='bbox 927 5170 1070 5242; x_wconf 76' lang='lat' dir='ltr'><strong>(Leu.</strong></span> <span class='ocrx_word' id='word_1_390' title='bbox 1102 5171 1189 5226; x_wconf 79' lang='lat' dir='ltr'><strong>l7.</strong></span> <span class='ocrx_word' id='word_1_391' title='bbox 1234 5172 1344 5241; x_wconf 81' lang='grc' dir='ltr'><strong>Η).</strong></span> <span class='ocrx_word' id='word_1_392' title='bbox 1397 5172 1450 5226; x_wconf 89' lang='lat' dir='ltr'><strong>In</strong></span> <span class='ocrx_word' id='word_1_393' title='bbox 1486 5172 1703 5230; x_wconf 85' lang='lat' dir='ltr'><strong>homine</strong></span> <span class='ocrx_word' id='word_1_394' title='bbox 1729 5184 1906 5231; x_wconf 89' lang='lat' dir='ltr'><strong>autem</strong></span> <span class='ocrx_word' id='word_1_395' title='bbox 1947 5178 2076 5232; x_wconf 83' lang='lat' dir='ltr'><strong>sub-</strong></span> 
     </span>
    </p>
   </div>
   <div class='ocr_carea' id='block_1_55' title="bbox 494 5264 2077 5338">
    <p class='ocr_par' dir='ltr' id='par_1_55' title="bbox 494 5264 2077 5338">
     <span class='ocr_line' id='line_1_55' title="bbox 494 5264 2077 5338; baseline 0.004 -22"><span class='ocrx_word' id='word_1_396' title='bbox 494 5264 686 5318; x_wconf 81' lang='lat' dir='ltr'><strong>stautia</strong></span> <span class='ocrx_word' id='word_1_397' title='bbox 732 5274 816 5319; x_wconf 84' lang='lat' dir='ltr'><strong>est</strong></span> <span class='ocrx_word' id='word_1_398' title='bbox 867 5264 1178 5335; x_wconf 87' lang='lat' dir='ltr'><strong>incorporea</strong></span> <span class='ocrx_word' id='word_1_399' title='bbox 1227 5274 1280 5319; x_wconf 91' lang='lat' dir='ltr'><strong>ct</strong></span> <span class='ocrx_word' id='word_1_400' title='bbox 1335 5265 1693 5334; x_wconf 89' lang='lat' dir='ltr'><strong>immortalis,</strong></span> <span class='ocrx_word' id='word_1_401' title='bbox 1745 5284 1865 5338; x_wconf 70' lang='lat' dir='ltr'><strong>qua:</strong></span> <span class='ocrx_word' id='word_1_402' title='bbox 1909 5270 2077 5323; x_wconf 89' lang='lat' dir='ltr'><strong>multo</strong></span> 
     </span>
    </p>
   </div>
   <div class='ocr_carea' id='block_1_56' title="bbox 495 5354 2078 5428">
    <p class='ocr_par' dir='ltr' id='par_1_56' title="bbox 495 5354 2078 5428">
     <span class='ocr_line' id='line_1_56' title="bbox 495 5354 2078 5428; baseline 0.003 -18"><span class='ocrx_word' id='word_1_403' title='bbox 495 5354 774 5410; x_wconf 73' lang='lat' dir='ltr'><strong>intervallo</strong></span> <span class='ocrx_word' id='word_1_404' title='bbox 802 5370 1001 5426; x_wconf 90' lang='lat' dir='ltr'><strong>corpus</strong></span> <span class='ocrx_word' id='word_1_405' title='bbox 1030 5356 1334 5420; x_wconf 87' lang='lat' dir='ltr'><strong>antecellit,</strong></span> <span class='ocrx_word' id='word_1_406' title='bbox 1365 5365 1418 5411; x_wconf 92' lang='lat' dir='ltr'><strong>ct</strong></span> <span class='ocrx_word' id='word_1_407' title='bbox 1447 5365 1623 5420; x_wconf 90' lang='lat' dir='ltr'><strong>tanto,</strong></span> <span class='ocrx_word' id='word_1_408' title='bbox 1650 5369 1849 5427; x_wconf 90' lang='lat' dir='ltr'><strong>quanto</strong></span> <span class='ocrx_word' id='word_1_409' title='bbox 1875 5375 1971 5428; x_wconf 89' lang='lat' dir='ltr'><strong>par</strong></span> <span class='ocrx_word' id='word_1_410' title='bbox 1994 5370 2078 5415; x_wconf 90' lang='lat' dir='ltr'><strong>est</strong></span> 
     </span>
    </p>
   </div>
   <div class='ocr_carea' id='block_1_57' title="bbox 497 5446 2077 5516">
    <p class='ocr_par' dir='ltr' id='par_1_57' title="bbox 497 5446 2077 5516">
     <span class='ocr_line' id='line_1_57' title="bbox 497 5446 2077 5516; baseline 0.004 -17"><span class='ocrx_word' id='word_1_411' title='bbox 497 5446 867 5514; x_wconf 86' lang='lat' dir='ltr'><strong>incorporeum</strong></span> <span class='ocrx_word' id='word_1_412' title='bbox 912 5447 1123 5516; x_wconf 88' lang='lat' dir='ltr'><strong>corpori</strong></span> <span class='ocrx_word' id='word_1_413' title='bbox 1172 5446 1460 5501; x_wconf 89' lang='lat' dir='ltr'><strong>anteferre.</strong></span> <span class='ocrx_word' id='word_1_414' title='bbox 1513 5446 1706 5503; x_wconf 72' lang='lat' dir='ltr'><strong>Verum</strong></span> <span class='ocrx_word' id='word_1_415' title='bbox 1752 5450 1888 5505; x_wconf 90' lang='lat' dir='ltr'><strong>forte</strong></span> <span class='ocrx_word' id='word_1_416' title='bbox 1932 5449 2077 5506; x_wconf 90' lang='lat' dir='ltr'><strong>dicet</strong></span> 
     </span>
    </p>
   </div>
   <div class='ocr_carea' id='block_1_58' title="bbox 494 5539 2072 5613">
    <p class='ocr_par' dir='ltr' id='par_1_58' title="bbox 494 5539 2072 5613">
     <span class='ocr_line' id='line_1_58' title="bbox 494 5539 2072 5613; baseline 0.008 -26"><span class='ocrx_word' id='word_1_417' title='bbox 494 5541 755 5607; x_wconf 65' lang='lat' dir='ltr'><strong>quispiam</strong></span> <span class='ocrx_word' id='word_1_418' title='bbox 792 5557 806 5593; x_wconf 89' lang='lat'>:</span> <span class='ocrx_word' id='word_1_419' title='bbox 839 5540 895 5595; x_wconf 92' lang='lat' dir='ltr'><strong>Si</strong></span> <span class='ocrx_word' id='word_1_420' title='bbox 935 5541 1110 5594; x_wconf 87' lang='lat' dir='ltr'><strong>anima</strong></span> <span class='ocrx_word' id='word_1_421' title='bbox 1152 5554 1379 5609; x_wconf 83' lang='lat' dir='ltr'><strong>corpore</strong></span> <span class='ocrx_word' id='word_1_422' title='bbox 1405 5539 1646 5610; x_wconf 79' lang='lat' dir='ltr'><strong>dignior,</strong></span> <span class='ocrx_word' id='word_1_423' title='bbox 1695 5554 1793 5595; x_wconf 90' lang='lat' dir='ltr'><strong>cur</strong></span> <span class='ocrx_word' id='word_1_424' title='bbox 1839 5543 1890 5598; x_wconf 87' lang='lat' dir='ltr'><strong>id</strong></span> <span class='ocrx_word' id='word_1_425' title='bbox 1930 5544 2072 5613; x_wconf 88' lang='lat' dir='ltr'><strong>quod</strong></span> 
     </span>
    </p>
   </div>
   <div class='ocr_carea' id='block_1_59' title="bbox 497 5628 2076 5703">
    <p class='ocr_par' dir='ltr' id='par_1_59' title="bbox 497 5628 2076 5703">
     <span class='ocr_line' id='line_1_59' title="bbox 497 5628 2076 5703; baseline 0.006 -23"><span class='ocrx_word' id='word_1_426' title='bbox 497 5628 672 5680; x_wconf 83' lang='lat' dir='ltr'><strong>minus</strong></span> <span class='ocrx_word' id='word_1_427' title='bbox 731 5630 1069 5695; x_wconf 71' lang='lat' dir='ltr'><strong>estprimum</strong></span> <span class='ocrx_word' id='word_1_428' title='bbox 1114 5640 1366 5698; x_wconf 89' lang='lat' dir='ltr'><strong>creatur,</strong></span> <span class='ocrx_word' id='word_1_429' title='bbox 1392 5631 1611 5700; x_wconf 88' lang='lat' dir='ltr'><strong>etquod</strong></span> <span class='ocrx_word' id='word_1_430' title='bbox 1656 5633 1827 5703; x_wconf 89' lang='lat' dir='ltr'><strong>majus</strong></span> <span class='ocrx_word' id='word_1_431' title='bbox 1869 5644 2076 5703; x_wconf 85' lang='lat' dir='ltr'><strong>postre-</strong></span> 
     </span>
    </p>
   </div>
   <div class='ocr_carea' id='block_1_60' title="bbox 499 5721 2075 5795">
    <p class='ocr_par' dir='ltr' id='par_1_60' title="bbox 499 5721 2075 5795">
     <span class='ocr_line' id='line_1_60' title="bbox 499 5721 2075 5795; baseline 0.006 -20"><span class='ocrx_word' id='word_1_432' title='bbox 499 5735 642 5775; x_wconf 86' lang='lat' dir='ltr'><strong>Inum</strong></span> <span class='ocrx_word' id='word_1_433' title='bbox 671 5721 693 5776; x_wconf 86' lang='lat'><strong>‘.’</strong></span> <span class='ocrx_word' id='word_1_434' title='bbox 726 5725 910 5780; x_wconf 73' lang='lat' dir='ltr'><strong>Annon</strong></span> <span class='ocrx_word' id='word_1_435' title='bbox 943 5725 1090 5783; x_wconf 82' lang='lat' dir='ltr'><strong>vides</strong></span> <span class='ocrx_word' id='word_1_436' title='bbox 1115 5768 1129 5795; x_wconf 93' lang='lat'><strong>,</strong></span> <span class='ocrx_word' id='word_1_437' title='bbox 1161 5726 1372 5791; x_wconf 86' lang='lat' dir='ltr'><strong>dilecte,</strong></span> <span class='ocrx_word' id='word_1_438' title='bbox 1416 5722 1642 5795; x_wconf 87' lang='lat' dir='ltr'><strong>idipsutn</strong></span> <span class='ocrx_word' id='word_1_439' title='bbox 1698 5726 1751 5783; x_wconf 90' lang='lat' dir='ltr'><strong>in</strong></span> <span class='ocrx_word' id='word_1_440' title='bbox 1803 5726 2075 5786; x_wconf 86' lang='lat' dir='ltr'><strong>creatione</strong></span> 
     </span>
    </p>
   </div>
   <div class='ocr_carea' id='block_1_61' title="bbox 1234 278 3054 365">
    <p class='ocr_par' dir='ltr' id='par_1_61' title="bbox 1234 278 3054 365">
     <span class='ocr_line' id='line_1_61' title="bbox 1234 278 3054 365; baseline -0.004 -1"><span class='ocrx_word' id='word_1_441' title='bbox 1234 308 1292 365; x_wconf 92' lang='lat' dir='ltr'><strong>s.</strong></span> <span class='ocrx_word' id='word_1_442' title='bbox 1330 303 1607 363; x_wconf 66' lang='lat' dir='ltr'><strong>manans</strong></span> <span class='ocrx_word' id='word_1_443' title='bbox 1642 292 2118 359; x_wconf 73' lang='lat' dir='ltr'><strong>cnavsosrom</strong></span> <span class='ocrx_word' id='word_1_444' title='bbox 2157 297 2456 355; x_wconf 79' lang='lat' dir='ltr'><strong>ARCHIEP</strong></span> <span class='ocrx_word' id='word_1_445' title='bbox 2516 278 3054 358; x_wconf 68' lang='lat' dir='ltr'><strong>CONSTANTINOP.</strong></span> 
     </span>
    </p>
   </div>
   <div class='ocr_carea' id='block_1_62' title="bbox 3683 298 3788 357">
    <p class='ocr_par' dir='ltr' id='par_1_62' title="bbox 3683 298 3788 357">
     <span class='ocr_line' id='line_1_62' title="bbox 3683 298 3788 357; baseline 0 0"><span class='ocrx_word' id='word_1_446' title='bbox 3683 298 3788 357; x_wconf 70' lang='lat'><strong>108</strong></span> 
     </span>
    </p>
   </div>
   <div class='ocr_carea' id='block_1_63' title="bbox 2205 413 3791 485">
    <p class='ocr_par' dir='ltr' id='par_1_63' title="bbox 2205 413 3791 485">
     <span class='ocr_line' id='line_1_63' title="bbox 2205 413 3791 485; baseline 0.003 -16"><span class='ocrx_word' id='word_1_447' title='bbox 2205 413 2442 470; x_wconf 76' lang='lat' dir='ltr'><strong>factum?</strong></span> <span class='ocrx_word' id='word_1_448' title='bbox 2485 416 2635 472; x_wconf 85' lang='lat' dir='ltr'><strong>Sicut</strong></span> <span class='ocrx_word' id='word_1_449' title='bbox 2662 418 2802 473; x_wconf 85' lang='lat' dir='ltr'><strong>enim</strong></span> <span class='ocrx_word' id='word_1_450' title='bbox 2833 418 3046 485; x_wconf 72' lang='lat' dir='ltr'><strong>cadum,</strong></span> <span class='ocrx_word' id='word_1_451' title='bbox 3079 425 3218 472; x_wconf 87' lang='lat' dir='ltr'><strong>terra</strong></span> <span class='ocrx_word' id='word_1_452' title='bbox 3240 459 3254 483; x_wconf 91' lang='lat'><strong>,</strong></span> <span class='ocrx_word' id='word_1_453' title='bbox 3283 415 3365 475; x_wconf 89' lang='lat' dir='ltr'><strong>sol</strong></span> <span class='ocrx_word' id='word_1_454' title='bbox 3389 459 3405 483; x_wconf 93' lang='lat'><strong>,</strong></span> <span class='ocrx_word' id='word_1_455' title='bbox 3437 417 3585 479; x_wconf 83' lang='lat' dir='ltr'><strong>luna.</strong></span> <span class='ocrx_word' id='word_1_456' title='bbox 3611 427 3665 473; x_wconf 91' lang='lat' dir='ltr'><strong>et</strong></span> <span class='ocrx_word' id='word_1_457' title='bbox 3691 419 3791 473; x_wconf 75' lang='lat' dir='ltr'><strong>aha</strong></span> 
     </span>
    </p>
   </div>
   <div class='ocr_carea' id='block_1_64' title="bbox 2199 509 3794 581">
    <p class='ocr_par' dir='ltr' id='par_1_64' title="bbox 2199 509 3794 581">
     <span class='ocr_line' id='line_1_64' title="bbox 2199 509 3794 581; baseline 0.003 -19"><span class='ocrx_word' id='word_1_458' title='bbox 2199 509 2378 562; x_wconf 89' lang='lat' dir='ltr'><strong>omnia</strong></span> <span class='ocrx_word' id='word_1_459' title='bbox 2409 520 2587 565; x_wconf 87' lang='lat' dir='ltr'><strong>creata</strong></span> <span class='ocrx_word' id='word_1_460' title='bbox 2616 519 2770 577; x_wconf 91' lang='lat' dir='ltr'><strong>sunt,</strong></span> <span class='ocrx_word' id='word_1_461' title='bbox 2800 509 3062 580; x_wconf 87' lang='lat' dir='ltr'><strong>brutaque</strong></span> <span class='ocrx_word' id='word_1_462' title='bbox 3087 510 3248 564; x_wconf 88' lang='lat' dir='ltr'><strong>etiam</strong></span> <span class='ocrx_word' id='word_1_463' title='bbox 3276 510 3525 564; x_wconf 81' lang='lat' dir='ltr'><strong>animalia</strong></span> <span class='ocrx_word' id='word_1_464' title='bbox 3547 550 3563 574; x_wconf 87' lang='lat'><strong>,</strong></span> <span class='ocrx_word' id='word_1_465' title='bbox 3592 519 3646 564; x_wconf 85' lang='lat' dir='ltr'><strong>et</strong></span> <span class='ocrx_word' id='word_1_466' title='bbox 3675 522 3794 581; x_wconf 88' lang='lat' dir='ltr'><strong>post</strong></span> 
     </span>
    </p>
   </div>
   <div class='ocr_carea' id='block_1_65' title="bbox 2200 598 3793 671">
    <p class='ocr_par' dir='ltr' id='par_1_65' title="bbox 2200 598 3793 671">
     <span class='ocr_line' id='line_1_65' title="bbox 2200 598 3793 671; baseline 0.002 -18"><span class='ocrx_word' id='word_1_467' title='bbox 2200 598 2305 654; x_wconf 76' lang='lat' dir='ltr'><strong>luet</strong></span> <span class='ocrx_word' id='word_1_468' title='bbox 2358 601 2538 654; x_wconf 88' lang='lat' dir='ltr'><strong>omnia</strong></span> <span class='ocrx_word' id='word_1_469' title='bbox 2579 600 2740 656; x_wconf 87' lang='lat' dir='ltr'><strong>homo</strong></span> <span class='ocrx_word' id='word_1_470' title='bbox 2764 641 2780 667; x_wconf 92' lang='lat'><strong>,</strong></span> <span class='ocrx_word' id='word_1_471' title='bbox 2821 601 2909 655; x_wconf 89' lang='lat' dir='ltr'><strong>cui</strong></span> <span class='ocrx_word' id='word_1_472' title='bbox 2939 603 3129 654; x_wconf 89' lang='lat' dir='ltr'><strong>horum</strong></span> <span class='ocrx_word' id='word_1_473' title='bbox 3179 600 3418 654; x_wconf 88' lang='lat' dir='ltr'><strong>omnium</strong></span> <span class='ocrx_word' id='word_1_474' title='bbox 3467 602 3793 671; x_wconf 73' lang='lat' dir='ltr'><strong>principatus</strong></span> 
     </span>
    </p>
   </div>
   <div class='ocr_carea' id='block_1_66' title="bbox 2202 692 3790 763">
    <p class='ocr_par' dir='ltr' id='par_1_66' title="bbox 2202 692 3790 763">
     <span class='ocr_line' id='line_1_66' title="bbox 2202 692 3790 763; baseline 0.001 -18"><span class='ocrx_word' id='word_1_475' title='bbox 2202 692 2517 747; x_wconf 83' lang='lat' dir='ltr'><strong>tribuendus</strong></span> <span class='ocrx_word' id='word_1_476' title='bbox 2548 702 2666 748; x_wconf 88' lang='lat' dir='ltr'><strong>erat</strong></span> <span class='ocrx_word' id='word_1_477' title='bbox 2692 710 2712 747; x_wconf 83' lang='lat'><strong>:</strong></span> <span class='ocrx_word' id='word_1_478' title='bbox 2743 693 2811 747; x_wconf 88' lang='lat' dir='ltr'><strong>ita</strong></span> <span class='ocrx_word' id='word_1_479' title='bbox 2838 702 2890 747; x_wconf 89' lang='lat' dir='ltr'><strong>et</strong></span> <span class='ocrx_word' id='word_1_480' title='bbox 2920 693 2976 747; x_wconf 91' lang='lat' dir='ltr'><strong>in</strong></span> <span class='ocrx_word' id='word_1_481' title='bbox 3005 692 3237 747; x_wconf 89' lang='lat' dir='ltr'><strong>hominis</strong></span> <span class='ocrx_word' id='word_1_482' title='bbox 3264 692 3584 748; x_wconf 88' lang='lat' dir='ltr'><strong>formatione</strong></span> <span class='ocrx_word' id='word_1_483' title='bbox 3613 694 3790 763; x_wconf 88' lang='lat' dir='ltr'><strong>primo</strong></span> 
     </span>
    </p>
   </div>
   <div class='ocr_carea' id='block_1_67' title="bbox 2198 783 3793 855">
    <p class='ocr_par' dir='ltr' id='par_1_67' title="bbox 2198 783 3793 855">
     <span class='ocr_line' id='line_1_67' title="bbox 2198 783 3793 855; baseline 0.001 -18"><span class='ocrx_word' id='word_1_484' title='bbox 2198 797 2395 852; x_wconf 87' lang='lat' dir='ltr'><strong>corpus</strong></span> <span class='ocrx_word' id='word_1_485' title='bbox 2419 783 2751 854; x_wconf 70' lang='lat' dir='ltr'><strong>producitur,</strong></span> <span class='ocrx_word' id='word_1_486' title='bbox 2782 792 3071 854; x_wconf 88' lang='lat' dir='ltr'><strong>posteaque</strong></span> <span class='ocrx_word' id='word_1_487' title='bbox 3098 784 3273 838; x_wconf 87' lang='lat' dir='ltr'><strong>anima</strong></span> <span class='ocrx_word' id='word_1_488' title='bbox 3301 800 3420 854; x_wconf 77' lang='lat' dir='ltr'><strong>qum</strong></span> <span class='ocrx_word' id='word_1_489' title='bbox 3446 784 3657 855; x_wconf 78' lang='lat' dir='ltr'><strong>dignior</strong></span> <span class='ocrx_word' id='word_1_490' title='bbox 3683 794 3793 839; x_wconf 92' lang='lat' dir='ltr'><strong>est.</strong></span> 
     </span>
    </p>
   </div>
   <div class='ocr_carea' id='block_1_68' title="bbox 2198 873 3794 942">
    <p class='ocr_par' dir='ltr' id='par_1_68' title="bbox 2198 873 3794 942">
     <span class='ocr_line' id='line_1_68' title="bbox 2198 873 3794 942; baseline 0.001 -16"><span class='ocrx_word' id='word_1_491' title='bbox 2198 874 2659 941; x_wconf 85' lang='lat' dir='ltr'><strong>Quemadmodum</strong></span> <span class='ocrx_word' id='word_1_492' title='bbox 2717 874 2860 929; x_wconf 86' lang='lat' dir='ltr'><strong>enim</strong></span> <span class='ocrx_word' id='word_1_493' title='bbox 2927 873 3081 928; x_wconf 88' lang='lat' dir='ltr'><strong>bruta</strong></span> <span class='ocrx_word' id='word_1_494' title='bbox 3140 874 3433 942; x_wconf 84' lang='lat' dir='ltr'><strong>animalia,</strong></span> <span class='ocrx_word' id='word_1_495' title='bbox 3495 873 3794 929; x_wconf 87' lang='lat' dir='ltr'><strong>ministerio</strong></span> 
     </span>
    </p>
   </div>
   <div class='ocr_carea' id='block_1_69' title="bbox 2199 964 3793 1030">
    <p class='ocr_par' dir='ltr' id='par_1_69' title="bbox 2199 964 3793 1030">
     <span class='ocr_line' id='line_1_69' title="bbox 2199 964 3793 1030; baseline 0.001 -12"><span class='ocrx_word' id='word_1_496' title='bbox 2199 965 2427 1019; x_wconf 84' lang='lat' dir='ltr'><strong>hominis</strong></span> <span class='ocrx_word' id='word_1_497' title='bbox 2472 965 2617 1019; x_wconf 90' lang='lat' dir='ltr'><strong>utilia</strong></span> <span class='ocrx_word' id='word_1_498' title='bbox 2666 964 2876 1028; x_wconf 77' lang='lat' dir='ltr'><strong>futura,</strong></span> <span class='ocrx_word' id='word_1_499' title='bbox 2906 974 3031 1019; x_wconf 88' lang='lat' dir='ltr'><strong>ante</strong></span> <span class='ocrx_word' id='word_1_500' title='bbox 3075 964 3346 1019; x_wconf 90' lang='lat' dir='ltr'><strong>hominem</strong></span> <span class='ocrx_word' id='word_1_501' title='bbox 3400 974 3688 1030; x_wconf 89' lang='lat' dir='ltr'><strong>creantur,</strong></span> <span class='ocrx_word' id='word_1_502' title='bbox 3734 976 3793 1021; x_wconf 90' lang='lat' dir='ltr'><strong>ut</strong></span> 
     </span>
    </p>
   </div>
   <div class='ocr_carea' id='block_1_70' title="bbox 2197 1054 3790 1125">
    <p class='ocr_par' dir='ltr' id='par_1_70' title="bbox 2197 1054 3790 1125">
     <span class='ocr_line' id='line_1_70' title="bbox 2197 1054 3790 1125; baseline 0.001 -17"><span class='ocrx_word' id='word_1_503' title='bbox 2197 1065 2440 1125; x_wconf 86' lang='lat' dir='ltr'><strong>paratum</strong></span> <span class='ocrx_word' id='word_1_504' title='bbox 2473 1054 2692 1110; x_wconf 86' lang='lat' dir='ltr'><strong>haberet</strong></span> <span class='ocrx_word' id='word_1_505' title='bbox 2721 1055 3071 1110; x_wconf 87' lang='lat' dir='ltr'><strong>ministerium</strong></span> <span class='ocrx_word' id='word_1_506' title='bbox 3101 1055 3147 1109; x_wconf 90' lang='lat' dir='ltr'><strong>is</strong></span> <span class='ocrx_word' id='word_1_507' title='bbox 3170 1054 3259 1125; x_wconf 91' lang='lat' dir='ltr'><strong>qui</strong></span> <span class='ocrx_word' id='word_1_508' title='bbox 3292 1054 3397 1108; x_wconf 90' lang='lat' dir='ltr'><strong>illis</strong></span> <span class='ocrx_word' id='word_1_509' title='bbox 3421 1069 3616 1110; x_wconf 86' lang='lat' dir='ltr'><strong>usurus</strong></span> <span class='ocrx_word' id='word_1_510' title='bbox 3640 1066 3790 1110; x_wconf 88' lang='lat' dir='ltr'><strong>erat:</strong></span> 
     </span>
    </p>
   </div>
   <div class='ocr_carea' id='block_1_71' title="bbox 2194 1147 3795 1217">
    <p class='ocr_par' dir='ltr' id='par_1_71' title="bbox 2194 1147 3795 1217">
     <span class='ocr_line' id='line_1_71' title="bbox 2194 1147 3795 1217; baseline 0.001 -17"><span class='ocrx_word' id='word_1_511' title='bbox 2194 1147 2272 1201; x_wconf 90' lang='lat' dir='ltr'><strong>sic</strong></span> <span class='ocrx_word' id='word_1_512' title='bbox 2296 1157 2350 1201; x_wconf 91' lang='lat' dir='ltr'><strong>et</strong></span> <span class='ocrx_word' id='word_1_513' title='bbox 2376 1156 2498 1202; x_wconf 88' lang='lat' dir='ltr'><strong>ante</strong></span> <span class='ocrx_word' id='word_1_514' title='bbox 2523 1148 2753 1201; x_wconf 89' lang='lat' dir='ltr'><strong>animam</strong></span> <span class='ocrx_word' id='word_1_515' title='bbox 2778 1161 2975 1216; x_wconf 86' lang='lat' dir='ltr'><strong>corpus</strong></span> <span class='ocrx_word' id='word_1_516' title='bbox 3001 1156 3215 1202; x_wconf 87' lang='lat' dir='ltr'><strong>creatur</strong></span> <span class='ocrx_word' id='word_1_517' title='bbox 3234 1186 3251 1211; x_wconf 90' lang='lat'><strong>,</strong></span> <span class='ocrx_word' id='word_1_518' title='bbox 3300 1156 3357 1200; x_wconf 90' lang='lat' dir='ltr'><strong>ut</strong></span> <span class='ocrx_word' id='word_1_519' title='bbox 3387 1157 3665 1217; x_wconf 86' lang='lat' dir='ltr'><strong>postquam</strong></span> <span class='ocrx_word' id='word_1_520' title='bbox 3705 1162 3795 1201; x_wconf 85' lang='lat' dir='ltr'><strong>sc-</strong></span> 
     </span>
    </p>
   </div>
   <div class='ocr_carea' id='block_1_72' title="bbox 2196 1237 3789 1309">
    <p class='ocr_par' dir='ltr' id='par_1_72' title="bbox 2196 1237 3789 1309">
     <span class='ocr_line' id='line_1_72' title="bbox 2196 1237 3789 1309; baseline 0 -17"><span class='ocrx_word' id='word_1_521' title='bbox 2196 1238 2427 1292; x_wconf 89' lang='lat' dir='ltr'><strong>cundum</strong></span> <span class='ocrx_word' id='word_1_522' title='bbox 2473 1237 2790 1294; x_wconf 60' lang='lat' dir='ltr'><strong>ineffabilem</strong></span> <span class='ocrx_word' id='word_1_523' title='bbox 2819 1238 2934 1308; x_wconf 85' lang='lat' dir='ltr'><strong>ejus</strong></span> <span class='ocrx_word' id='word_1_524' title='bbox 2983 1238 3299 1308; x_wconf 86' lang='lat' dir='ltr'><strong>sapientiam</strong></span> <span class='ocrx_word' id='word_1_525' title='bbox 3328 1239 3503 1293; x_wconf 88' lang='lat' dir='ltr'><strong>anima</strong></span> <span class='ocrx_word' id='word_1_526' title='bbox 3532 1238 3789 1309; x_wconf 73' lang='lat' dir='ltr'><strong>producta</strong></span> 
     </span>
    </p>
   </div>
   <div class='ocr_carea' id='block_1_73' title="bbox 2195 1331 3790 1401">
    <p class='ocr_par' dir='ltr' id='par_1_73' title="bbox 2195 1331 3790 1401">
     <span class='ocr_line' id='line_1_73' title="bbox 2195 1331 3790 1401; baseline 0.001 -16"><span class='ocrx_word' id='word_1_527' title='bbox 2195 1337 2373 1395; x_wconf 82' lang='lat' dir='ltr'><strong>esset,</strong></span> <span class='ocrx_word' id='word_1_528' title='bbox 2418 1338 2601 1399; x_wconf 90' lang='lat' dir='ltr'><strong>posset</strong></span> <span class='ocrx_word' id='word_1_529' title='bbox 2642 1344 2767 1385; x_wconf 91' lang='lat' dir='ltr'><strong>suas</strong></span> <span class='ocrx_word' id='word_1_530' title='bbox 2804 1331 3147 1400; x_wconf 82' lang='lat' dir='ltr'><strong>Operationes</strong></span> <span class='ocrx_word' id='word_1_531' title='bbox 3189 1345 3286 1401; x_wconf 88' lang='lat' dir='ltr'><strong>per</strong></span> <span class='ocrx_word' id='word_1_532' title='bbox 3320 1331 3565 1401; x_wconf 84' lang='lat' dir='ltr'><strong>corporis</strong></span> <span class='ocrx_word' id='word_1_533' title='bbox 3610 1341 3790 1386; x_wconf 79' lang='lat' dir='ltr'><strong>motus</strong></span> 
     </span>
    </p>
   </div>
   <div class='ocr_carea' id='block_1_74' title="bbox 2194 1423 3790 1496">
    <p class='ocr_par' dir='ltr' id='par_1_74' title="bbox 2194 1423 3790 1496">
     <span class='ocr_line' id='line_1_74' title="bbox 2194 1423 3790 1496; baseline 0.003 -19"><span class='ocrx_word' id='word_1_534' title='bbox 2194 1423 2467 1478; x_wconf 75' lang='lat' dir='ltr'><strong>exhibere.</strong></span> <span class='ocrx_word' id='word_1_535' title='bbox 2497 1424 2551 1478; x_wconf 92' lang='lat'><strong>8.</strong></span> <span class='ocrx_word' id='word_1_536' title='bbox 2585 1424 2652 1478; x_wconf 81' lang='lat' dir='ltr'><strong>Et</strong></span> <span class='ocrx_word' id='word_1_537' title='bbox 2683 1424 2965 1495; x_wconf 76' lang='lat' dir='ltr'><strong>plantavit,</strong></span> <span class='ocrx_word' id='word_1_538' title='bbox 2994 1424 3162 1494; x_wconf 88' lang='lat' dir='ltr'><strong>inquit</strong></span> <span class='ocrx_word' id='word_1_539' title='bbox 3187 1467 3203 1490; x_wconf 92' lang='lat'><strong>,</strong></span> <span class='ocrx_word' id='word_1_540' title='bbox 3231 1424 3372 1480; x_wconf 85' lang='lat' dir='ltr'><strong>Deus</strong></span> <span class='ocrx_word' id='word_1_541' title='bbox 3414 1426 3709 1496; x_wconf 82' lang='lat' dir='ltr'><strong>paradisum</strong></span> <span class='ocrx_word' id='word_1_542' title='bbox 3737 1429 3790 1481; x_wconf 85' lang='lat' dir='ltr'><strong>in</strong></span> 
     </span>
    </p>
   </div>
   <div class='ocr_carea' id='block_1_75' title="bbox 2195 1514 3787 1590">
    <p class='ocr_par' dir='ltr' id='par_1_75' title="bbox 2195 1514 3787 1590">
     <span class='ocr_line' id='line_1_75' title="bbox 2195 1514 3787 1590; baseline 0.001 -20"><span class='ocrx_word' id='word_1_543' title='bbox 2195 1514 2359 1570; x_wconf 72' lang='lat' dir='ltr'><strong>Edam</strong></span> <span class='ocrx_word' id='word_1_544' title='bbox 2373 1517 2435 1570; x_wconf 84' lang='lat' dir='ltr'><strong>ab</strong></span> <span class='ocrx_word' id='word_1_545' title='bbox 2464 1517 2672 1582; x_wconf 87' lang='lat' dir='ltr'><strong>oriente,</strong></span> <span class='ocrx_word' id='word_1_546' title='bbox 2691 1527 2737 1571; x_wconf 86' lang='lat' dir='ltr'><strong>et</strong></span> <span class='ocrx_word' id='word_1_547' title='bbox 2765 1518 2930 1586; x_wconf 68' lang='lat' dir='ltr'><strong>possit</strong></span> <span class='ocrx_word' id='word_1_548' title='bbox 2949 1517 3054 1572; x_wconf 86' lang='lat' dir='ltr'><strong>illic</strong></span> <span class='ocrx_word' id='word_1_549' title='bbox 3070 1517 3341 1583; x_wconf 81' lang='lat' dir='ltr'><strong>hominem,</strong></span> <span class='ocrx_word' id='word_1_550' title='bbox 3365 1534 3510 1587; x_wconf 84' lang='lat' dir='ltr'><strong>quem</strong></span> <span class='ocrx_word' id='word_1_551' title='bbox 3533 1521 3787 1590; x_wconf 76' lang='lat' dir='ltr'><strong>fumauit.</strong></span> 
     </span>
    </p>
   </div>
   <div class='ocr_carea' id='block_1_76' title="bbox 2202 1609 3789 1681">
    <p class='ocr_par' dir='ltr' id='par_1_76' title="bbox 2202 1609 3789 1681">
     <span class='ocr_line' id='line_1_76' title="bbox 2202 1609 3789 1681; baseline 0.001 -18"><span class='ocrx_word' id='word_1_552' title='bbox 2202 1609 2490 1678; x_wconf 84' lang='lat' dir='ltr'><strong>Postquam</strong></span> <span class='ocrx_word' id='word_1_553' title='bbox 2552 1609 2812 1676; x_wconf 82' lang='lat' dir='ltr'><strong>benignus</strong></span> <span class='ocrx_word' id='word_1_554' title='bbox 2878 1610 3137 1666; x_wconf 88' lang='lat' dir='ltr'><strong>Dominus</strong></span> <span class='ocrx_word' id='word_1_555' title='bbox 3186 1610 3574 1681; x_wconf 83' lang='lat' dir='ltr'><strong>benignitatem</strong></span> <span class='ocrx_word' id='word_1_556' title='bbox 3637 1626 3789 1666; x_wconf 87' lang='lat' dir='ltr'><strong>suam</strong></span> 
     </span>
    </p>
   </div>
   <div class='ocr_carea' id='block_1_77' title="bbox 2194 1700 3787 1773">
    <p class='ocr_par' dir='ltr' id='par_1_77' title="bbox 2194 1700 3787 1773">
     <span class='ocr_line' id='line_1_77' title="bbox 2194 1700 3787 1773; baseline 0 -18"><span class='ocrx_word' id='word_1_557' title='bbox 2194 1701 2463 1767; x_wconf 87' lang='lat' dir='ltr'><strong>ostendit,</strong></span> <span class='ocrx_word' id='word_1_558' title='bbox 2493 1711 2546 1755; x_wconf 88' lang='lat' dir='ltr'><strong>et</strong></span> <span class='ocrx_word' id='word_1_559' title='bbox 2574 1700 2720 1755; x_wconf 89' lang='lat' dir='ltr'><strong>illum</strong></span> <span class='ocrx_word' id='word_1_560' title='bbox 2748 1702 2899 1767; x_wconf 86' lang='lat' dir='ltr'><strong>cujus</strong></span> <span class='ocrx_word' id='word_1_561' title='bbox 2938 1715 3097 1755; x_wconf 84' lang='lat' dir='ltr'><strong>causa</strong></span> <span class='ocrx_word' id='word_1_562' title='bbox 3126 1702 3304 1756; x_wconf 88' lang='lat' dir='ltr'><strong>omnia</strong></span> <span class='ocrx_word' id='word_1_563' title='bbox 3333 1711 3626 1767; x_wconf 88' lang='lat' dir='ltr'><strong>creaverat,</strong></span> <span class='ocrx_word' id='word_1_564' title='bbox 3659 1719 3787 1773; x_wconf 86' lang='lat' dir='ltr'><strong>pro-</strong></span> 
     </span>
    </p>
   </div>
   <div class='ocr_carea' id='block_1_78' title="bbox 2194 1790 3786 1861">
    <p class='ocr_par' dir='ltr' id='par_1_78' title="bbox 2194 1790 3786 1861">
     <span class='ocr_line' id='line_1_78' title="bbox 2194 1790 3786 1861; baseline 0 -15"><span class='ocrx_word' id='word_1_565' title='bbox 2194 1790 2345 1846; x_wconf 77' lang='lat' dir='ltr'><strong>duxit</strong></span> <span class='ocrx_word' id='word_1_566' title='bbox 2373 1791 2423 1846; x_wconf 91' lang='lat' dir='ltr'><strong>in</strong></span> <span class='ocrx_word' id='word_1_567' title='bbox 2460 1791 2716 1857; x_wconf 90' lang='lat' dir='ltr'><strong>medium,</strong></span> <span class='ocrx_word' id='word_1_568' title='bbox 2741 1792 2918 1846; x_wconf 87' lang='lat' dir='ltr'><strong>statim</strong></span> <span class='ocrx_word' id='word_1_569' title='bbox 2950 1791 3133 1861; x_wconf 87' lang='lat' dir='ltr'><strong>incipit</strong></span> <span class='ocrx_word' id='word_1_570' title='bbox 3157 1807 3250 1847; x_wconf 86' lang='lat' dir='ltr'><strong>sua</strong></span> <span class='ocrx_word' id='word_1_571' title='bbox 3299 1793 3352 1846; x_wconf 92' lang='lat' dir='ltr'><strong>in</strong></span> <span class='ocrx_word' id='word_1_572' title='bbox 3399 1793 3547 1847; x_wconf 89' lang='lat' dir='ltr'><strong>illum</strong></span> <span class='ocrx_word' id='word_1_573' title='bbox 3579 1792 3786 1848; x_wconf 81' lang='lat' dir='ltr'><strong>benefi-</strong></span> 
     </span>
    </p>
   </div>
   <div class='ocr_carea' id='block_1_79' title="bbox 2194 1879 3789 1953">
    <p class='ocr_par' dir='ltr' id='par_1_79' title="bbox 2194 1879 3789 1953">
     <span class='ocr_line' id='line_1_79' title="bbox 2194 1879 3789 1953; baseline 0.002 -19"><span class='ocrx_word' id='word_1_574' title='bbox 2194 1882 2275 1934; x_wconf 88' lang='lat' dir='ltr'><strong>cia</strong></span> <span class='ocrx_word' id='word_1_575' title='bbox 2312 1880 2577 1935; x_wconf 87' lang='lat' dir='ltr'><strong>conferre.</strong></span> <span class='ocrx_word' id='word_1_576' title='bbox 2636 1879 2705 1934; x_wconf 81' lang='lat' dir='ltr'><strong>Et</strong></span> <span class='ocrx_word' id='word_1_577' title='bbox 2754 1881 3015 1950; x_wconf 80' lang='lat' dir='ltr'><strong>plantavit,</strong></span> <span class='ocrx_word' id='word_1_578' title='bbox 3073 1880 3261 1951; x_wconf 86' lang='lat' dir='ltr'><strong>inquit,</strong></span> <span class='ocrx_word' id='word_1_579' title='bbox 3316 1881 3450 1937; x_wconf 81' lang='lat' dir='ltr'><strong>Deus</strong></span> <span class='ocrx_word' id='word_1_580' title='bbox 3494 1884 3789 1953; x_wconf 80' lang='lat' dir='ltr'><strong>paradisum</strong></span> 
     </span>
    </p>
   </div>
   <div class='ocr_carea' id='block_1_80' title="bbox 2191 1970 3782 2040">
    <p class='ocr_par' dir='ltr' id='par_1_80' title="bbox 2191 1970 3782 2040">
     <span class='ocr_line' id='line_1_80' title="bbox 2191 1970 3782 2040; baseline 0.002 -14"><span class='ocrx_word' id='word_1_581' title='bbox 2191 1971 2247 2026; x_wconf 86' lang='lat' dir='ltr'><strong>in</strong></span> <span class='ocrx_word' id='word_1_582' title='bbox 2290 1971 2450 2026; x_wconf 74' lang='lat' dir='ltr'><strong>Edent</strong></span> <span class='ocrx_word' id='word_1_583' title='bbox 2476 1973 2539 2026; x_wconf 87' lang='lat' dir='ltr'><strong>ab</strong></span> <span class='ocrx_word' id='word_1_584' title='bbox 2577 1972 2785 2026; x_wconf 82' lang='lat' dir='ltr'><strong>oriente.</strong></span> <span class='ocrx_word' id='word_1_585' title='bbox 2817 1970 2915 2027; x_wconf 81' lang='lat' dir='ltr'><strong>ilic</strong></span> <span class='ocrx_word' id='word_1_586' title='bbox 2966 1972 3095 2026; x_wconf 91' lang='lat' dir='ltr'><strong>mihi</strong></span> <span class='ocrx_word' id='word_1_587' title='bbox 3121 2014 3136 2040; x_wconf 91' lang='lat'><strong>,</strong></span> <span class='ocrx_word' id='word_1_588' title='bbox 3192 1972 3386 2028; x_wconf 89' lang='lat' dir='ltr'><strong>dilecte</strong></span> <span class='ocrx_word' id='word_1_589' title='bbox 3409 2014 3425 2038; x_wconf 94' lang='lat'><strong>,</strong></span> <span class='ocrx_word' id='word_1_590' title='bbox 3460 1974 3742 2031; x_wconf 71' lang='lat' dir='ltr'><strong>considera</strong></span> <span class='ocrx_word' id='word_1_591' title='bbox 3767 2017 3782 2039; x_wconf 94' lang='lat'><strong>,</strong></span> 
     </span>
    </p>
   </div>
   <div class='ocr_carea' id='block_1_81' title="bbox 2193 2062 3784 2136">
    <p class='ocr_par' dir='ltr' id='par_1_81' title="bbox 2193 2062 3784 2136">
     <span class='ocr_line' id='line_1_81' title="bbox 2193 2062 3784 2136; baseline 0.002 -19"><span class='ocrx_word' id='word_1_592' title='bbox 2193 2062 2334 2135; x_wconf 89' lang='lat' dir='ltr'><strong>quod</strong></span> <span class='ocrx_word' id='word_1_593' title='bbox 2363 2064 2462 2119; x_wconf 90' lang='lat' dir='ltr'><strong>nisi</strong></span> <span class='ocrx_word' id='word_1_594' title='bbox 2497 2079 2559 2119; x_wconf 90' lang='lat' dir='ltr'><strong>ea</strong></span> <span class='ocrx_word' id='word_1_595' title='bbox 2587 2064 2748 2119; x_wconf 87' lang='lat' dir='ltr'><strong>verba</strong></span> <span class='ocrx_word' id='word_1_596' title='bbox 2775 2076 2833 2120; x_wconf 94' lang='lat' dir='ltr'><strong>ut</strong></span> <span class='ocrx_word' id='word_1_597' title='bbox 2862 2065 2930 2121; x_wconf 87' lang='lat' dir='ltr'><strong>de</strong></span> <span class='ocrx_word' id='word_1_598' title='bbox 2979 2065 3088 2120; x_wconf 92' lang='lat' dir='ltr'><strong>Deo</strong></span> <span class='ocrx_word' id='word_1_599' title='bbox 3117 2080 3215 2135; x_wconf 89' lang='lat' dir='ltr'><strong>par</strong></span> <span class='ocrx_word' id='word_1_600' title='bbox 3242 2073 3325 2119; x_wconf 88' lang='lat' dir='ltr'><strong>est</strong></span> <span class='ocrx_word' id='word_1_601' title='bbox 3344 2106 3357 2129; x_wconf 89' lang='lat'><strong>,</strong></span> <span class='ocrx_word' id='word_1_602' title='bbox 3411 2066 3739 2136; x_wconf 89' lang='lat' dir='ltr'><strong>accipiamus</strong></span> <span class='ocrx_word' id='word_1_603' title='bbox 3768 2108 3784 2129; x_wconf 92' lang='lat'><strong>,</strong></span> 
     </span>
    </p>
   </div>
   <div class='ocr_carea' id='block_1_82' title="bbox 2192 2154 3785 2228">
    <p class='ocr_par' dir='ltr' id='par_1_82' title="bbox 2192 2154 3785 2228">
     <span class='ocr_line' id='line_1_82' title="bbox 2192 2154 3785 2228; baseline 0.003 -20"><span class='ocrx_word' id='word_1_604' title='bbox 2192 2168 2413 2209; x_wconf 76' lang='lat' dir='ltr'><strong>necesse</strong></span> <span class='ocrx_word' id='word_1_605' title='bbox 2459 2154 2529 2209; x_wconf 89' lang='lat' dir='ltr'><strong>sit</strong></span> <span class='ocrx_word' id='word_1_606' title='bbox 2579 2163 2635 2208; x_wconf 88' lang='lat' dir='ltr'><strong>ut</strong></span> <span class='ocrx_word' id='word_1_607' title='bbox 2686 2156 2737 2210; x_wconf 89' lang='lat' dir='ltr'><strong>in</strong></span> <span class='ocrx_word' id='word_1_608' title='bbox 2784 2156 3137 2228; x_wconf 61' lang='lat' dir='ltr'><strong>praicipitium</strong></span> <span class='ocrx_word' id='word_1_609' title='bbox 3191 2172 3428 2211; x_wconf 87' lang='lat' dir='ltr'><strong>ruamus.</strong></span> <span class='ocrx_word' id='word_1_610' title='bbox 3479 2158 3607 2211; x_wconf 82' lang='lat' dir='ltr'><strong>Nam</strong></span> <span class='ocrx_word' id='word_1_611' title='bbox 3656 2161 3785 2227; x_wconf 89' lang='lat' dir='ltr'><strong>quid</strong></span> 
     </span>
    </p>
   </div>
   <div class='ocr_carea' id='block_1_83' title="bbox 2192 2246 3786 2319">
    <p class='ocr_par' dir='ltr' id='par_1_83' title="bbox 2192 2246 3786 2319">
     <span class='ocr_line' id='line_1_83' title="bbox 2192 2246 3786 2319; baseline 0.003 -19"><span class='ocrx_word' id='word_1_612' title='bbox 2192 2246 2422 2301; x_wconf 82' lang='lat' dir='ltr'><strong>dixerint</strong></span> <span class='ocrx_word' id='word_1_613' title='bbox 2460 2246 2526 2301; x_wconf 90' lang='lat' dir='ltr'><strong>de</strong></span> <span class='ocrx_word' id='word_1_614' title='bbox 2567 2247 2710 2302; x_wconf 86' lang='lat' dir='ltr'><strong>dicto</strong></span> <span class='ocrx_word' id='word_1_615' title='bbox 2742 2248 3045 2318; x_wconf 84' lang='lat' dir='ltr'><strong>hujusmodi</strong></span> <span class='ocrx_word' id='word_1_616' title='bbox 3078 2249 3183 2315; x_wconf 90' lang='lat' dir='ltr'><strong>illi,</strong></span> <span class='ocrx_word' id='word_1_617' title='bbox 3218 2250 3305 2319; x_wconf 86' lang='lat' dir='ltr'><strong>qui</strong></span> <span class='ocrx_word' id='word_1_618' title='bbox 3336 2251 3514 2305; x_wconf 87' lang='lat' dir='ltr'><strong>omnia</strong></span> <span class='ocrx_word' id='word_1_619' title='bbox 3561 2250 3628 2305; x_wconf 84' lang='lat' dir='ltr'><strong>de</strong></span> <span class='ocrx_word' id='word_1_620' title='bbox 3675 2251 3786 2306; x_wconf 70' lang='lat' dir='ltr'><strong>Deo</strong></span> 
     </span>
    </p>
   </div>
   <div class='ocr_carea' id='block_1_84' title="bbox 2192 2339 3786 2413">
    <p class='ocr_par' dir='ltr' id='par_1_84' title="bbox 2192 2339 3786 2413">
     <span class='ocr_line' id='line_1_84' title="bbox 2192 2339 3786 2413; baseline 0.003 -19"><span class='ocrx_word' id='word_1_621' title='bbox 2192 2339 2331 2396; x_wconf 79' lang='lat' dir='ltr'><strong>dicta</strong></span> <span class='ocrx_word' id='word_1_622' title='bbox 2382 2340 2613 2397; x_wconf 88' lang='lat' dir='ltr'><strong>humano</strong></span> <span class='ocrx_word' id='word_1_623' title='bbox 2643 2341 2884 2412; x_wconf 88' lang='lat' dir='ltr'><strong>accipere</strong></span> <span class='ocrx_word' id='word_1_624' title='bbox 2936 2357 3085 2396; x_wconf 90' lang='lat' dir='ltr'><strong>more</strong></span> <span class='ocrx_word' id='word_1_625' title='bbox 3125 2341 3366 2397; x_wconf 86' lang='lat' dir='ltr'><strong>audent?</strong></span> <span class='ocrx_word' id='word_1_626' title='bbox 3422 2343 3488 2396; x_wconf 84' lang='lat' dir='ltr'><strong>Et</strong></span> <span class='ocrx_word' id='word_1_627' title='bbox 3536 2344 3786 2413; x_wconf 75' lang='lat' dir='ltr'><strong>plantavit</strong></span> 
     </span>
    </p>
   </div>
   <div class='ocr_carea' id='block_1_85' title="bbox 2193 2434 3785 2506">
    <p class='ocr_par' dir='ltr' id='par_1_85' title="bbox 2193 2434 3785 2506">
     <span class='ocr_line' id='line_1_85' title="bbox 2193 2434 3785 2506; baseline 0.004 -21"><span class='ocrx_word' id='word_1_628' title='bbox 2193 2434 2329 2488; x_wconf 88' lang='lat' dir='ltr'><strong>Deus</strong></span> <span class='ocrx_word' id='word_1_629' title='bbox 2351 2474 2365 2498; x_wconf 90' lang='lat'><strong>,</strong></span> <span class='ocrx_word' id='word_1_630' title='bbox 2396 2435 2604 2504; x_wconf 90' lang='lat' dir='ltr'><strong>inquit,</strong></span> <span class='ocrx_word' id='word_1_631' title='bbox 2638 2435 2955 2505; x_wconf 81' lang='lat' dir='ltr'><strong>paradisum.</strong></span> <span class='ocrx_word' id='word_1_632' title='bbox 2987 2434 3123 2502; x_wconf 85' lang='lat' dir='ltr'><strong>Quid</strong></span> <span class='ocrx_word' id='word_1_633' title='bbox 3147 2476 3162 2500; x_wconf 89' lang='lat'><strong>,</strong></span> <span class='ocrx_word' id='word_1_634' title='bbox 3196 2435 3420 2503; x_wconf 63' lang='lat' dir='ltr'><strong>quaeso?</strong></span> <span class='ocrx_word' id='word_1_635' title='bbox 3446 2450 3573 2490; x_wconf 89' lang='lat' dir='ltr'><strong>num</strong></span> <span class='ocrx_word' id='word_1_636' title='bbox 3604 2436 3785 2506; x_wconf 80' lang='lat' dir='ltr'><strong>ligone</strong></span> 
     </span>
    </p>
   </div>
   <div class='ocr_carea' id='block_1_86' title="bbox 2192 2524 3783 2596">
    <p class='ocr_par' dir='ltr' id='par_1_86' title="bbox 2192 2524 3783 2596">
     <span class='ocr_line' id='line_1_86' title="bbox 2192 2524 3783 2596; baseline 0.004 -19"><span class='ocrx_word' id='word_1_637' title='bbox 2192 2537 2327 2592; x_wconf 91' lang='lat' dir='ltr'><strong>opus</strong></span> <span class='ocrx_word' id='word_1_638' title='bbox 2367 2524 2547 2588; x_wconf 78' lang='lat' dir='ltr'><strong>habuit</strong></span> <span class='ocrx_word' id='word_1_639' title='bbox 2586 2534 2639 2579; x_wconf 90' lang='lat' dir='ltr'><strong>ct</strong></span> <span class='ocrx_word' id='word_1_640' title='bbox 2677 2526 2994 2595; x_wconf 85' lang='lat' dir='ltr'><strong>agricultura</strong></span> <span class='ocrx_word' id='word_1_641' title='bbox 3023 2526 3236 2596; x_wconf 90' lang='lat' dir='ltr'><strong>aliaque</strong></span> <span class='ocrx_word' id='word_1_642' title='bbox 3264 2540 3389 2580; x_wconf 90' lang='lat' dir='ltr'><strong>cura</strong></span> <span class='ocrx_word' id='word_1_643' title='bbox 3419 2567 3433 2589; x_wconf 93' lang='lat'><strong>,</strong></span> <span class='ocrx_word' id='word_1_644' title='bbox 3467 2537 3525 2580; x_wconf 91' lang='lat' dir='ltr'><strong>ut</strong></span> <span class='ocrx_word' id='word_1_645' title='bbox 3568 2529 3783 2596; x_wconf 84' lang='lat' dir='ltr'><strong>paradi-</strong></span> 
     </span>
    </p>
   </div>
   <div class='ocr_carea' id='block_1_87' title="bbox 2191 2616 3781 2674">
    <p class='ocr_par' dir='ltr' id='par_1_87' title="bbox 2191 2616 3781 2674">
     <span class='ocr_line' id='line_1_87' title="bbox 2191 2616 3781 2674; baseline 0.004 -6"><span class='ocrx_word' id='word_1_646' title='bbox 2191 2631 2309 2669; x_wconf 82' lang='lat' dir='ltr'><strong>sum</strong></span> <span class='ocrx_word' id='word_1_647' title='bbox 2339 2618 2673 2671; x_wconf 80' lang='lat' dir='ltr'><strong>exornaret?</strong></span> <span class='ocrx_word' id='word_1_648' title='bbox 2720 2616 2891 2672; x_wconf 86' lang='lat' dir='ltr'><strong>Absit.</strong></span> <span class='ocrx_word' id='word_1_649' title='bbox 2925 2617 3119 2672; x_wconf 85' lang='lat' dir='ltr'><strong>lterum</strong></span> <span class='ocrx_word' id='word_1_650' title='bbox 3149 2617 3291 2672; x_wconf 89' lang='lat' dir='ltr'><strong>enim</strong></span> <span class='ocrx_word' id='word_1_651' title='bbox 3329 2618 3489 2672; x_wconf 89' lang='lat' dir='ltr'><strong>etiam</strong></span> <span class='ocrx_word' id='word_1_652' title='bbox 3529 2618 3630 2674; x_wconf 89' lang='lat' dir='ltr'><strong>hoc</strong></span> <span class='ocrx_word' id='word_1_653' title='bbox 3659 2620 3781 2674; x_wconf 86' lang='lat' dir='ltr'><strong>loco</strong></span> 
     </span>
    </p>
   </div>
   <div class='ocr_carea' id='block_1_88' title="bbox 2192 2707 3776 2780">
    <p class='ocr_par' dir='ltr' id='par_1_88' title="bbox 2192 2707 3776 2780">
     <span class='ocr_line' id='line_1_88' title="bbox 2192 2707 3776 2780; baseline 0.001 -19"><span class='ocrx_word' id='word_1_654' title='bbox 2192 2707 2348 2770; x_wconf 84' lang='lat' dir='ltr'><strong>illud,</strong></span> <span class='ocrx_word' id='word_1_655' title='bbox 2381 2707 2643 2762; x_wconf 85' lang='lat' dir='ltr'><strong>Plantavit</strong></span> <span class='ocrx_word' id='word_1_656' title='bbox 2668 2749 2682 2773; x_wconf 93' lang='lat'><strong>,</strong></span> <span class='ocrx_word' id='word_1_657' title='bbox 2713 2709 2791 2763; x_wconf 89' lang='lat' dir='ltr'><strong>sic</strong></span> <span class='ocrx_word' id='word_1_658' title='bbox 2836 2708 3240 2779; x_wconf 85' lang='lat' dir='ltr'><strong>intelligendum</strong></span> <span class='ocrx_word' id='word_1_659' title='bbox 3262 2748 3277 2771; x_wconf 94' lang='lat'><strong>,</strong></span> <span class='ocrx_word' id='word_1_660' title='bbox 3321 2709 3525 2764; x_wconf 90' lang='lat' dir='ltr'><strong>scilicet</strong></span> <span class='ocrx_word' id='word_1_661' title='bbox 3563 2710 3776 2780; x_wconf 87' lang='lat' dir='ltr'><strong>ipsum,</strong></span> 
     </span>
    </p>
   </div>
   <div class='ocr_carea' id='block_1_89' title="bbox 2191 2796 3780 2868">
    <p class='ocr_par' dir='ltr' id='par_1_89' title="bbox 2191 2796 3780 2868">
     <span class='ocr_line' id='line_1_89' title="bbox 2191 2796 3780 2868; baseline 0.004 -19"><span class='ocrx_word' id='word_1_662' title='bbox 2191 2796 2514 2865; x_wconf 88' lang='lat' dir='ltr'><strong>imperasse,</strong></span> <span class='ocrx_word' id='word_1_663' title='bbox 2543 2806 2600 2852; x_wconf 94' lang='lat' dir='ltr'><strong>ut</strong></span> <span class='ocrx_word' id='word_1_664' title='bbox 2625 2797 2902 2868; x_wconf 88' lang='lat' dir='ltr'><strong>paradisus</strong></span> <span class='ocrx_word' id='word_1_665' title='bbox 2930 2799 2983 2852; x_wconf 91' lang='lat' dir='ltr'><strong>in</strong></span> <span class='ocrx_word' id='word_1_666' title='bbox 3017 2807 3157 2853; x_wconf 89' lang='lat' dir='ltr'><strong>terra</strong></span> <span class='ocrx_word' id='word_1_667' title='bbox 3181 2798 3334 2854; x_wconf 84' lang='lat' dir='ltr'><strong>ﬁeret</strong></span> <span class='ocrx_word' id='word_1_668' title='bbox 3356 2838 3373 2866; x_wconf 88' lang='lat'><strong>,</strong></span> <span class='ocrx_word' id='word_1_669' title='bbox 3403 2809 3463 2853; x_wconf 89' lang='lat' dir='ltr'><strong>ut</strong></span> <span class='ocrx_word' id='word_1_670' title='bbox 3490 2800 3780 2868; x_wconf 85' lang='lat' dir='ltr'><strong>productus</strong></span> 
     </span>
    </p>
   </div>
   <div class='ocr_carea' id='block_1_90' title="bbox 2193 2885 3774 2957">
    <p class='ocr_par' dir='ltr' id='par_1_90' title="bbox 2193 2885 3774 2957">
     <span class='ocr_line' id='line_1_90' title="bbox 2193 2885 3774 2957; baseline 0.002 -18"><span class='ocrx_word' id='word_1_671' title='bbox 2193 2885 2352 2939; x_wconf 88' lang='lat' dir='ltr'><strong>homo</strong></span> <span class='ocrx_word' id='word_1_672' title='bbox 2376 2886 2426 2940; x_wconf 88' lang='lat' dir='ltr'><strong>in</strong></span> <span class='ocrx_word' id='word_1_673' title='bbox 2453 2901 2518 2941; x_wconf 90' lang='lat' dir='ltr'><strong>eo</strong></span> <span class='ocrx_word' id='word_1_674' title='bbox 2542 2896 2868 2942; x_wconf 88' lang='lat' dir='ltr'><strong>versaretur.</strong></span> <span class='ocrx_word' id='word_1_675' title='bbox 2893 2886 3045 2953; x_wconf 81' lang='lat' dir='ltr'><strong>Quod</strong></span> <span class='ocrx_word' id='word_1_676' title='bbox 3067 2896 3243 2942; x_wconf 90' lang='lat' dir='ltr'><strong>autem</strong></span> <span class='ocrx_word' id='word_1_677' title='bbox 3272 2898 3488 2957; x_wconf 86' lang='lat' dir='ltr'><strong>propter</strong></span> <span class='ocrx_word' id='word_1_678' title='bbox 3505 2890 3774 2942; x_wconf 87' lang='lat' dir='ltr'><strong>hominem</strong></span> 
     </span>
    </p>
   </div>
   <div class='ocr_carea' id='block_1_91' title="bbox 2191 2978 3779 3049">
    <p class='ocr_par' dir='ltr' id='par_1_91' title="bbox 2191 2978 3779 3049">
     <span class='ocr_line' id='line_1_91' title="bbox 2191 2978 3779 3049; baseline 0.003 -18"><span class='ocrx_word' id='word_1_679' title='bbox 2191 2978 2490 3047; x_wconf 68' lang='lat' dir='ltr'><strong>paradisum</strong></span> <span class='ocrx_word' id='word_1_680' title='bbox 2535 2978 2908 3045; x_wconf 87' lang='lat' dir='ltr'><strong>adornaverit,</strong></span> <span class='ocrx_word' id='word_1_681' title='bbox 2937 2978 3059 3033; x_wconf 89' lang='lat' dir='ltr'><strong>andi</strong></span> <span class='ocrx_word' id='word_1_682' title='bbox 3104 2979 3436 3049; x_wconf 87' lang='lat' dir='ltr'><strong>Scripturam</strong></span> <span class='ocrx_word' id='word_1_683' title='bbox 3465 2978 3728 3034; x_wconf 89' lang='lat' dir='ltr'><strong>dicentem</strong></span> <span class='ocrx_word' id='word_1_684' title='bbox 3762 2999 3779 3036; x_wconf 92' lang='lat'><strong>:</strong></span> 
     </span>
    </p>
   </div>
   <div class='ocr_carea' id='block_1_92' title="bbox 2191 3067 3782 3140">
    <p class='ocr_par' dir='ltr' id='par_1_92' title="bbox 2191 3067 3782 3140">
     <span class='ocr_line' id='line_1_92' title="bbox 2191 3067 3782 3140; baseline 0.003 -19"><span class='ocrx_word' id='word_1_685' title='bbox 2191 3067 2256 3121; x_wconf 83' lang='lat' dir='ltr'><strong>Et</strong></span> <span class='ocrx_word' id='word_1_686' title='bbox 2306 3069 2552 3138; x_wconf 78' lang='lat' dir='ltr'><strong>plantavit</strong></span> <span class='ocrx_word' id='word_1_687' title='bbox 2582 3068 2721 3122; x_wconf 85' lang='lat' dir='ltr'><strong>Deus</strong></span> <span class='ocrx_word' id='word_1_688' title='bbox 2764 3069 3061 3138; x_wconf 85' lang='lat' dir='ltr'><strong>paradisum</strong></span> <span class='ocrx_word' id='word_1_689' title='bbox 3099 3070 3153 3123; x_wconf 88' lang='lat' dir='ltr'><strong>in</strong></span> <span class='ocrx_word' id='word_1_690' title='bbox 3192 3069 3357 3124; x_wconf 85' lang='lat' dir='ltr'><strong>Edem</strong></span> <span class='ocrx_word' id='word_1_691' title='bbox 3384 3070 3446 3124; x_wconf 76' lang='lat' dir='ltr'><strong>ab</strong></span> <span class='ocrx_word' id='word_1_692' title='bbox 3475 3070 3701 3140; x_wconf 82' lang='lat' dir='ltr'><strong>oriente,</strong></span> <span class='ocrx_word' id='word_1_693' title='bbox 3728 3082 3782 3125; x_wconf 85' lang='lat' dir='ltr'><strong>et</strong></span> 
     </span>
    </p>
   </div>
   <div class='ocr_carea' id='block_1_93' title="bbox 2166 3161 3287 3234">
    <p class='ocr_par' dir='ltr' id='par_1_93' title="bbox 2166 3161 3287 3234">
     <span class='ocr_line' id='line_1_93' title="bbox 2166 3161 3287 3234; baseline 0.004 -23"><span class='ocrx_word' id='word_1_694' title='bbox 2166 3161 2354 3230; x_wconf 45' lang='lat' dir='ltr'><strong>,posuit</strong></span> <span class='ocrx_word' id='word_1_695' title='bbox 2394 3161 2500 3215; x_wconf 82' lang='lat' dir='ltr'><strong>illic</strong></span> <span class='ocrx_word' id='word_1_696' title='bbox 2526 3161 2811 3228; x_wconf 84' lang='lat' dir='ltr'><strong>hominem,</strong></span> <span class='ocrx_word' id='word_1_697' title='bbox 2858 3179 3004 3233; x_wconf 86' lang='lat' dir='ltr'><strong>quem</strong></span> <span class='ocrx_word' id='word_1_698' title='bbox 3033 3163 3287 3234; x_wconf 81' lang='lat' dir='ltr'><strong>formavit.</strong></span> 
     </span>
    </p>
   </div>
   <div class='ocr_carea' id='block_1_94' title="bbox 2261 3251 3774 3322">
    <p class='ocr_par' dir='ltr' id='par_1_94' title="bbox 2261 3251 3774 3322">
     <span class='ocr_line' id='line_1_94' title="bbox 2261 3251 3774 3322; baseline 0.003 -17"><span class='ocrx_word' id='word_1_699' title='bbox 2261 3251 2446 3305; x_wconf 86' lang='lat' dir='ltr'><strong>Contra</strong></span> <span class='ocrx_word' id='word_1_700' title='bbox 2476 3269 2561 3305; x_wconf 89' lang='lat' dir='ltr'><strong>eos</strong></span> <span class='ocrx_word' id='word_1_701' title='bbox 2580 3252 2666 3322; x_wconf 79' lang='lat' dir='ltr'><strong>qui</strong></span> <span class='ocrx_word' id='word_1_702' title='bbox 2690 3252 2919 3307; x_wconf 79' lang='lat' dir='ltr'><strong>dicebant</strong></span> <span class='ocrx_word' id='word_1_703' title='bbox 2946 3252 3255 3307; x_wconf 82' lang='lat' dir='ltr'><strong>Paradisam</strong></span> <span class='ocrx_word' id='word_1_704' title='bbox 3280 3270 3381 3308; x_wconf 83' lang='lat' dir='ltr'><strong>non</strong></span> <span class='ocrx_word' id='word_1_705' title='bbox 3405 3255 3578 3309; x_wconf 80' lang='lat' dir='ltr'><strong>essein</strong></span> <span class='ocrx_word' id='word_1_706' title='bbox 3604 3264 3741 3309; x_wconf 83' lang='lat' dir='ltr'><strong>terra</strong></span> <span class='ocrx_word' id='word_1_707' title='bbox 3759 3295 3774 3308; x_wconf 91' lang='lat'><strong>.</strong></span> 
     </span>
    </p>
   </div>
   <div class='ocr_carea' id='block_1_95' title="bbox 2188 3343 3777 3417">
    <p class='ocr_par' dir='ltr' id='par_1_95' title="bbox 2188 3343 3777 3417">
     <span class='ocr_line' id='line_1_95' title="bbox 2188 3343 3777 3417; baseline 0.003 -21"><span class='ocrx_word' id='word_1_708' title='bbox 2188 3373 2259 3384; x_wconf 91' lang='lat'><strong>——</strong></span> <span class='ocrx_word' id='word_1_709' title='bbox 2277 3343 2399 3397; x_wconf 86' lang='lat' dir='ltr'><strong>Ideo</strong></span> <span class='ocrx_word' id='word_1_710' title='bbox 2427 3344 2591 3397; x_wconf 91' lang='lat' dir='ltr'><strong>etiam</strong></span> <span class='ocrx_word' id='word_1_711' title='bbox 2622 3343 2721 3398; x_wconf 89' lang='lat' dir='ltr'><strong>loci</strong></span> <span class='ocrx_word' id='word_1_712' title='bbox 2750 3359 2943 3398; x_wconf 89' lang='lat' dir='ltr'><strong>nomen</strong></span> <span class='ocrx_word' id='word_1_713' title='bbox 2966 3344 3122 3399; x_wconf 75' lang='lat' dir='ltr'><strong>aifert</strong></span> <span class='ocrx_word' id='word_1_714' title='bbox 3145 3344 3353 3415; x_wconf 82' lang='lat' dir='ltr'><strong>Moyses</strong></span> <span class='ocrx_word' id='word_1_715' title='bbox 3381 3346 3435 3400; x_wconf 90' lang='lat' dir='ltr'><strong>in</strong></span> <span class='ocrx_word' id='word_1_716' title='bbox 3459 3343 3777 3417; x_wconf 84' lang='lat' dir='ltr'><strong>Scripturis,</strong></span> 
     </span>
    </p>
   </div>
   <div class='ocr_carea' id='block_1_96' title="bbox 2188 3433 3778 3508">
    <p class='ocr_par' dir='ltr' id='par_1_96' title="bbox 2188 3433 3778 3508">
     <span class='ocr_line' id='line_1_96' title="bbox 2188 3433 3778 3508; baseline 0.004 -21"><span class='ocrx_word' id='word_1_717' title='bbox 2188 3441 2247 3488; x_wconf 89' lang='lat' dir='ltr'><strong>ut</strong></span> <span class='ocrx_word' id='word_1_718' title='bbox 2280 3450 2349 3489; x_wconf 90' lang='lat' dir='ltr'><strong>ne</strong></span> <span class='ocrx_word' id='word_1_719' title='bbox 2388 3435 2571 3489; x_wconf 66' lang='lat' dir='ltr'><strong>lieni-et</strong></span> <span class='ocrx_word' id='word_1_720' title='bbox 2610 3433 2806 3490; x_wconf 87' lang='lat' dir='ltr'><strong>frustra</strong></span> <span class='ocrx_word' id='word_1_721' title='bbox 2835 3435 3021 3506; x_wconf 84' lang='lat' dir='ltr'><strong>nugari</strong></span> <span class='ocrx_word' id='word_1_722' title='bbox 3050 3436 3351 3492; x_wconf 87' lang='lat' dir='ltr'><strong>volentibus</strong></span> <span class='ocrx_word' id='word_1_723' title='bbox 3391 3438 3778 3508; x_wconf 63' lang='lat' dir='ltr'><strong>simplicioruat</strong></span> 
     </span>
    </p>
   </div>
   <div class='ocr_carea' id='block_1_97' title="bbox 2187 3526 3779 3597">
    <p class='ocr_par' dir='ltr' id='par_1_97' title="bbox 2187 3526 3779 3597">
     <span class='ocr_line' id='line_1_97' title="bbox 2187 3526 3779 3597; baseline 0.003 -18"><span class='ocrx_word' id='word_1_724' title='bbox 2187 3526 2404 3580; x_wconf 89' lang='lat' dir='ltr'><strong>auribus</strong></span> <span class='ocrx_word' id='word_1_725' title='bbox 2454 3526 2765 3596; x_wconf 88' lang='lat' dir='ltr'><strong>imponere,</strong></span> <span class='ocrx_word' id='word_1_726' title='bbox 2821 3526 3143 3597; x_wconf 88' lang='lat' dir='ltr'><strong>dicereque,</strong></span> <span class='ocrx_word' id='word_1_727' title='bbox 3196 3543 3302 3581; x_wconf 89' lang='lat' dir='ltr'><strong>non</strong></span> <span class='ocrx_word' id='word_1_728' title='bbox 3353 3542 3473 3583; x_wconf 88' lang='lat' dir='ltr'><strong>esse</strong></span> <span class='ocrx_word' id='word_1_729' title='bbox 3526 3529 3578 3584; x_wconf 88' lang='lat' dir='ltr'><strong>in</strong></span> <span class='ocrx_word' id='word_1_730' title='bbox 3637 3539 3779 3587; x_wconf 86' lang='lat' dir='ltr'><strong>terra</strong></span> 
     </span>
    </p>
   </div>
   <div class='ocr_carea' id='block_1_98' title="bbox 2188 3616 3776 3690">
    <p class='ocr_par' dir='ltr' id='par_1_98' title="bbox 2188 3616 3776 3690">
     <span class='ocr_line' id='line_1_98' title="bbox 2188 3616 3776 3690; baseline 0.004 -20"><span class='ocrx_word' id='word_1_731' title='bbox 2188 3616 2531 3685; x_wconf 77' lang='lat' dir='ltr'><strong>paradisum,</strong></span> <span class='ocrx_word' id='word_1_732' title='bbox 2591 3617 2686 3671; x_wconf 91' lang='lat' dir='ltr'><strong>sed</strong></span> <span class='ocrx_word' id='word_1_733' title='bbox 2744 3617 2796 3671; x_wconf 89' lang='lat' dir='ltr'><strong>in</strong></span> <span class='ocrx_word' id='word_1_734' title='bbox 2849 3619 3024 3684; x_wconf 71' lang='lat' dir='ltr'><strong>czelo,</strong></span> <span class='ocrx_word' id='word_1_735' title='bbox 3097 3629 3152 3673; x_wconf 92' lang='lat' dir='ltr'><strong>ct</strong></span> <span class='ocrx_word' id='word_1_736' title='bbox 3212 3619 3419 3675; x_wconf 89' lang='lat' dir='ltr'><strong>fabulas</strong></span> <span class='ocrx_word' id='word_1_737' title='bbox 3472 3620 3776 3690; x_wconf 87' lang='lat' dir='ltr'><strong>hujusmodi</strong></span> 
     </span>
    </p>
   </div>
   <div class='ocr_carea' id='block_1_99' title="bbox 2186 3710 3779 3783">
    <p class='ocr_par' dir='ltr' id='par_1_99' title="bbox 2186 3710 3779 3783">
     <span class='ocr_line' id='line_1_99' title="bbox 2186 3710 3779 3783; baseline 0.005 -22"><span class='ocrx_word' id='word_1_738' title='bbox 2186 3710 2475 3763; x_wconf 65' lang='lat' dir='ltr'><strong>somniare.</strong></span> <span class='ocrx_word' id='word_1_739' title='bbox 2508 3710 2641 3764; x_wconf 84' lang='lat' dir='ltr'><strong>Nam</strong></span> <span class='ocrx_word' id='word_1_740' title='bbox 2692 3710 2736 3764; x_wconf 91' lang='lat' dir='ltr'><strong>si</strong></span> <span class='ocrx_word' id='word_1_741' title='bbox 2780 3725 2901 3765; x_wconf 91' lang='lat' dir='ltr'><strong>cum</strong></span> <span class='ocrx_word' id='word_1_742' title='bbox 2947 3710 3128 3765; x_wconf 83' lang='lat' dir='ltr'><strong>divina</strong></span> <span class='ocrx_word' id='word_1_743' title='bbox 3178 3710 3456 3783; x_wconf 88' lang='lat' dir='ltr'><strong>Scriptura</strong></span> <span class='ocrx_word' id='word_1_744' title='bbox 3507 3722 3651 3768; x_wconf 88' lang='lat' dir='ltr'><strong>tanta</strong></span> <span class='ocrx_word' id='word_1_745' title='bbox 3683 3731 3779 3769; x_wconf 65' lang='lat' dir='ltr'><strong>usa</strong></span> 
     </span>
    </p>
   </div>
   <div class='ocr_carea' id='block_1_100' title="bbox 2187 3797 3777 3867">
    <p class='ocr_par' dir='ltr' id='par_1_100' title="bbox 2187 3797 3777 3867">
     <span class='ocr_line' id='line_1_100' title="bbox 2187 3797 3777 3867; baseline 0.005 -16"><span class='ocrx_word' id='word_1_746' title='bbox 2187 3797 2259 3852; x_wconf 88' lang='lat' dir='ltr'><strong>sit</strong></span> <span class='ocrx_word' id='word_1_747' title='bbox 2306 3799 2593 3853; x_wconf 89' lang='lat' dir='ltr'><strong>verborum</strong></span> <span class='ocrx_word' id='word_1_748' title='bbox 2647 3802 3028 3867; x_wconf 87' lang='lat' dir='ltr'><strong>accuratione,</strong></span> <span class='ocrx_word' id='word_1_749' title='bbox 3080 3817 3187 3856; x_wconf 90' lang='lat' dir='ltr'><strong>non</strong></span> <span class='ocrx_word' id='word_1_750' title='bbox 3237 3802 3549 3858; x_wconf 78' lang='lat' dir='ltr'><strong>dubitarunt</strong></span> <span class='ocrx_word' id='word_1_751' title='bbox 3599 3814 3777 3859; x_wconf 77' lang='lat' dir='ltr'><strong>tanien</strong></span> 
     </span>
    </p>
   </div>
   <div class='ocr_carea' id='block_1_101' title="bbox 2186 3887 3778 3964">
    <p class='ocr_par' dir='ltr' id='par_1_101' title="bbox 2186 3887 3778 3964">
     <span class='ocr_line' id='line_1_101' title="bbox 2186 3887 3778 3964; baseline 0.006 -26"><span class='ocrx_word' id='word_1_752' title='bbox 2186 3887 2399 3957; x_wconf 89' lang='lat' dir='ltr'><strong>quidam</strong></span> <span class='ocrx_word' id='word_1_753' title='bbox 2420 3888 2487 3944; x_wconf 90' lang='lat' dir='ltr'><strong>de</strong></span> <span class='ocrx_word' id='word_1_754' title='bbox 2508 3889 2749 3944; x_wconf 85' lang='lat' dir='ltr'><strong>facundia</strong></span> <span class='ocrx_word' id='word_1_755' title='bbox 2773 3905 2869 3945; x_wconf 90' lang='lat' dir='ltr'><strong>sua</strong></span> <span class='ocrx_word' id='word_1_756' title='bbox 2890 3932 2906 3958; x_wconf 94' lang='lat'><strong>,</strong></span> <span class='ocrx_word' id='word_1_757' title='bbox 2933 3907 3143 3947; x_wconf 89' lang='lat' dir='ltr'><strong>necnon</strong></span> <span class='ocrx_word' id='word_1_758' title='bbox 3172 3892 3239 3948; x_wconf 91' lang='lat' dir='ltr'><strong>de</strong></span> <span class='ocrx_word' id='word_1_759' title='bbox 3271 3892 3604 3964; x_wconf 70' lang='lat' dir='ltr'><strong>philosophia</strong></span> <span class='ocrx_word' id='word_1_760' title='bbox 3640 3912 3778 3950; x_wconf 75' lang='lat' dir='ltr'><strong>exo-</strong></span> 
     </span>
    </p>
   </div>
   <div class='ocr_carea' id='block_1_102' title="bbox 2187 3981 3779 4057">
    <p class='ocr_par' dir='ltr' id='par_1_102' title="bbox 2187 3981 3779 4057">
     <span class='ocr_line' id='line_1_102' title="bbox 2187 3981 3779 4057; baseline 0.006 -23"><span class='ocrx_word' id='word_1_761' title='bbox 2187 3982 2290 4035; x_wconf 90' lang='lat' dir='ltr'><strong>tica</strong></span> <span class='ocrx_word' id='word_1_762' title='bbox 2333 3981 2498 4035; x_wconf 82' lang='lat' dir='ltr'><strong>altum</strong></span> <span class='ocrx_word' id='word_1_763' title='bbox 2541 3983 2841 4052; x_wconf 83' lang='lat' dir='ltr'><strong>sapientes,</strong></span> <span class='ocrx_word' id='word_1_764' title='bbox 2893 3985 3114 4040; x_wconf 85' lang='lat' dir='ltr'><strong>adversa</strong></span> <span class='ocrx_word' id='word_1_765' title='bbox 3153 3984 3443 4056; x_wconf 86' lang='lat' dir='ltr'><strong>Scripturis</strong></span> <span class='ocrx_word' id='word_1_766' title='bbox 3488 3987 3664 4057; x_wconf 90' lang='lat' dir='ltr'><strong>loqui,</strong></span> <span class='ocrx_word' id='word_1_767' title='bbox 3720 3999 3779 4043; x_wconf 90' lang='lat' dir='ltr'><strong>et</strong></span> 
     </span>
    </p>
   </div>
   <div class='ocr_carea' id='block_1_103' title="bbox 2185 4073 3777 4149">
    <p class='ocr_par' dir='ltr' id='par_1_103' title="bbox 2185 4073 3777 4149">
     <span class='ocr_line' id='line_1_103' title="bbox 2185 4073 3777 4149; baseline 0.004 -21"><span class='ocrx_word' id='word_1_768' title='bbox 2185 4073 2365 4129; x_wconf 73' lang='lat' dir='ltr'><strong>dicere</strong></span> <span class='ocrx_word' id='word_1_769' title='bbox 2392 4075 2692 4144; x_wconf 69' lang='lat' dir='ltr'><strong>paradisum</strong></span> <span class='ocrx_word' id='word_1_770' title='bbox 2737 4077 2786 4130; x_wconf 94' lang='lat' dir='ltr'><strong>in</strong></span> <span class='ocrx_word' id='word_1_771' title='bbox 2831 4085 2975 4131; x_wconf 90' lang='lat' dir='ltr'><strong>terra</strong></span> <span class='ocrx_word' id='word_1_772' title='bbox 3017 4093 3121 4131; x_wconf 91' lang='lat' dir='ltr'><strong>non</strong></span> <span class='ocrx_word' id='word_1_773' title='bbox 3151 4092 3310 4145; x_wconf 90' lang='lat' dir='ltr'><strong>esse,</strong></span> <span class='ocrx_word' id='word_1_774' title='bbox 3354 4078 3624 4149; x_wconf 88' lang='lat' dir='ltr'><strong>multaque</strong></span> <span class='ocrx_word' id='word_1_775' title='bbox 3670 4079 3777 4137; x_wconf 82' lang='lat' dir='ltr'><strong>alia</strong></span> 
     </span>
    </p>
   </div>
   <div class='ocr_carea' id='block_1_104' title="bbox 2185 4167 3779 4240">
    <p class='ocr_par' dir='ltr' id='par_1_104' title="bbox 2185 4167 3779 4240">
     <span class='ocr_line' id='line_1_104' title="bbox 2185 4167 3779 4240; baseline 0.003 -19"><span class='ocrx_word' id='word_1_776' title='bbox 2185 4178 2381 4237; x_wconf 67' lang='lat' dir='ltr'><strong>prmler</strong></span> <span class='ocrx_word' id='word_1_777' title='bbox 2404 4183 2464 4222; x_wconf 90' lang='lat' dir='ltr'><strong>ea</strong></span> <span class='ocrx_word' id='word_1_778' title='bbox 2496 4183 2615 4237; x_wconf 69' lang='lat' dir='ltr'><strong>qum</strong></span> <span class='ocrx_word' id='word_1_779' title='bbox 2641 4167 2778 4225; x_wconf 90' lang='lat' dir='ltr'><strong>dicta</strong></span> <span class='ocrx_word' id='word_1_780' title='bbox 2810 4181 2932 4224; x_wconf 85' lang='lat' dir='ltr'><strong>sunt</strong></span> <span class='ocrx_word' id='word_1_781' title='bbox 2962 4169 3298 4240; x_wconf 79' lang='lat' dir='ltr'><strong>adeptanles,</strong></span> <span class='ocrx_word' id='word_1_782' title='bbox 3326 4180 3511 4225; x_wconf 88' lang='lat' dir='ltr'><strong>contra</strong></span> <span class='ocrx_word' id='word_1_783' title='bbox 3535 4170 3779 4240; x_wconf 74' lang='lat' dir='ltr'><strong>Scriptu-</strong></span> 
     </span>
    </p>
   </div>
   <div class='ocr_carea' id='block_1_105' title="bbox 2184 4263 3776 4335">
    <p class='ocr_par' dir='ltr' id='par_1_105' title="bbox 2184 4263 3776 4335">
     <span class='ocr_line' id='line_1_105' title="bbox 2184 4263 3776 4335; baseline 0.002 -18"><span class='ocrx_word' id='word_1_784' title='bbox 2184 4279 2299 4317; x_wconf 87' lang='lat' dir='ltr'><strong>ram</strong></span> <span class='ocrx_word' id='word_1_785' title='bbox 2341 4263 2579 4330; x_wconf 87' lang='lat' dir='ltr'><strong>sentire;</strong></span> <span class='ocrx_word' id='word_1_786' title='bbox 2625 4273 2679 4318; x_wconf 88' lang='lat' dir='ltr'><strong>et</strong></span> <span class='ocrx_word' id='word_1_787' title='bbox 2722 4263 3005 4319; x_wconf 82' lang='lat' dir='ltr'><strong>adversam</strong></span> <span class='ocrx_word' id='word_1_788' title='bbox 3055 4274 3237 4320; x_wconf 87' lang='lat' dir='ltr'><strong>tenere</strong></span> <span class='ocrx_word' id='word_1_789' title='bbox 3282 4265 3456 4328; x_wconf 88' lang='lat' dir='ltr'><strong>viam,</strong></span> <span class='ocrx_word' id='word_1_790' title='bbox 3509 4273 3667 4335; x_wconf 89' lang='lat' dir='ltr'><strong>atque</strong></span> <span class='ocrx_word' id='word_1_791' title='bbox 3710 4282 3776 4321; x_wconf 84' lang='lat' dir='ltr'><strong>ca</strong></span> 
     </span>
    </p>
   </div>
   <div class='ocr_carea' id='block_1_106' title="bbox 2185 4355 3774 4429">
    <p class='ocr_par' dir='ltr' id='par_1_106' title="bbox 2185 4355 3774 4429">
     <span class='ocr_line' id='line_1_106' title="bbox 2185 4355 3774 4429; baseline 0.004 -22"><span class='ocrx_word' id='word_1_792' title='bbox 2185 4371 2303 4424; x_wconf 71' lang='lat' dir='ltr'><strong>qua:</strong></span> <span class='ocrx_word' id='word_1_793' title='bbox 2334 4355 2400 4410; x_wconf 91' lang='lat' dir='ltr'><strong>de</strong></span> <span class='ocrx_word' id='word_1_794' title='bbox 2427 4366 2565 4410; x_wconf 89' lang='lat' dir='ltr'><strong>terra</strong></span> <span class='ocrx_word' id='word_1_795' title='bbox 2595 4356 2731 4411; x_wconf 88' lang='lat' dir='ltr'><strong>dicta</strong></span> <span class='ocrx_word' id='word_1_796' title='bbox 2760 4366 2911 4422; x_wconf 91' lang='lat' dir='ltr'><strong>sunt,</strong></span> <span class='ocrx_word' id='word_1_797' title='bbox 2953 4357 3021 4412; x_wconf 91' lang='lat' dir='ltr'><strong>de</strong></span> <span class='ocrx_word' id='word_1_798' title='bbox 3054 4357 3202 4412; x_wconf 71' lang='lat' dir='ltr'><strong>carlis</strong></span> <span class='ocrx_word' id='word_1_799' title='bbox 3231 4357 3372 4413; x_wconf 90' lang='lat' dir='ltr'><strong>dicta</strong></span> <span class='ocrx_word' id='word_1_800' title='bbox 3411 4368 3637 4429; x_wconf 88' lang='lat' dir='ltr'><strong>putare;</strong></span> <span class='ocrx_word' id='word_1_801' title='bbox 3671 4358 3774 4414; x_wconf 85' lang='lat' dir='ltr'><strong>nisi</strong></span> 
     </span>
    </p>
   </div>
   <div class='ocr_carea' id='block_1_107' title="bbox 2186 4445 3777 4517">
    <p class='ocr_par' dir='ltr' id='par_1_107' title="bbox 2186 4445 3777 4517">
     <span class='ocr_line' id='line_1_107' title="bbox 2186 4445 3777 4517; baseline 0.003 -18"><span class='ocrx_word' id='word_1_802' title='bbox 2186 4445 2375 4500; x_wconf 85' lang='lat' dir='ltr'><strong>humili</strong></span> <span class='ocrx_word' id='word_1_803' title='bbox 2425 4448 2510 4500; x_wconf 92' lang='lat' dir='ltr'><strong>illa</strong></span> <span class='ocrx_word' id='word_1_804' title='bbox 2553 4455 2607 4501; x_wconf 93' lang='lat' dir='ltr'><strong>et</strong></span> <span class='ocrx_word' id='word_1_805' title='bbox 2655 4456 3003 4517; x_wconf 83' lang='lat' dir='ltr'><strong>attemperata</strong></span> <span class='ocrx_word' id='word_1_806' title='bbox 3054 4449 3337 4504; x_wconf 89' lang='lat' dir='ltr'><strong>verborum</strong></span> <span class='ocrx_word' id='word_1_807' title='bbox 3392 4451 3597 4505; x_wconf 88' lang='lat' dir='ltr'><strong>ratione</strong></span> <span class='ocrx_word' id='word_1_808' title='bbox 3646 4465 3777 4504; x_wconf 88' lang='lat' dir='ltr'><strong>usus</strong></span> 
     </span>
    </p>
   </div>
   <div class='ocr_carea' id='block_1_108' title="bbox 2185 4538 3772 4609">
    <p class='ocr_par' dir='ltr' id='par_1_108' title="bbox 2185 4538 3772 4609">
     <span class='ocr_line' id='line_1_108' title="bbox 2185 4538 3772 4609; baseline 0 -15"><span class='ocrx_word' id='word_1_809' title='bbox 2185 4541 2392 4609; x_wconf 82' lang='lat' dir='ltr'><strong>Moyses</strong></span> <span class='ocrx_word' id='word_1_810' title='bbox 2420 4547 2582 4605; x_wconf 89' lang='lat' dir='ltr'><strong>esset,</strong></span> <span class='ocrx_word' id='word_1_811' title='bbox 2605 4538 2801 4608; x_wconf 87' lang='lat' dir='ltr'><strong>Spiritu</strong></span> <span class='ocrx_word' id='word_1_812' title='bbox 2841 4549 3026 4594; x_wconf 85' lang='lat' dir='ltr'><strong>sancto</strong></span> <span class='ocrx_word' id='word_1_813' title='bbox 3065 4541 3297 4608; x_wconf 88' lang='lat' dir='ltr'><strong>linguam</strong></span> <span class='ocrx_word' id='word_1_814' title='bbox 3339 4540 3455 4609; x_wconf 89' lang='lat' dir='ltr'><strong>ejus</strong></span> <span class='ocrx_word' id='word_1_815' title='bbox 3480 4551 3730 4594; x_wconf 84' lang='lat' dir='ltr'><strong>movente</strong></span> <span class='ocrx_word' id='word_1_816' title='bbox 3749 4583 3772 4608; x_wconf 82' lang='lat'><strong>,</strong></span> 
     </span>
    </p>
   </div>
   <div class='ocr_carea' id='block_1_109' title="bbox 2184 4631 3770 4701">
    <p class='ocr_par' dir='ltr' id='par_1_109' title="bbox 2184 4631 3770 4701">
     <span class='ocr_line' id='line_1_109' title="bbox 2184 4631 3770 4701; baseline 0.002 -19"><span class='ocrx_word' id='word_1_817' title='bbox 2184 4647 2292 4701; x_wconf 91' lang='lat' dir='ltr'><strong>quo</strong></span> <span class='ocrx_word' id='word_1_818' title='bbox 2336 4648 2443 4685; x_wconf 88' lang='lat' dir='ltr'><strong>non</strong></span> <span class='ocrx_word' id='word_1_819' title='bbox 2484 4631 2720 4686; x_wconf 83' lang='lat' dir='ltr'><strong>devoluti</strong></span> <span class='ocrx_word' id='word_1_820' title='bbox 2753 4640 2971 4697; x_wconf 80' lang='lat' dir='ltr'><strong>essent,</strong></span> <span class='ocrx_word' id='word_1_821' title='bbox 3016 4633 3257 4701; x_wconf 86' lang='lat' dir='ltr'><strong>quamvis</strong></span> <span class='ocrx_word' id='word_1_822' title='bbox 3297 4631 3569 4701; x_wconf 81' lang='lat' dir='ltr'><strong>Scriptura</strong></span> <span class='ocrx_word' id='word_1_823' title='bbox 3619 4648 3770 4687; x_wconf 88' lang='lat' dir='ltr'><strong>sacra</strong></span> 
     </span>
    </p>
   </div>
   <div class='ocr_carea' id='block_1_110' title="bbox 2184 4723 3774 4793">
    <p class='ocr_par' dir='ltr' id='par_1_110' title="bbox 2184 4723 3774 4793">
     <span class='ocr_line' id='line_1_110' title="bbox 2184 4723 3774 4793; baseline -0.001 -15"><span class='ocrx_word' id='word_1_824' title='bbox 2184 4738 2302 4778; x_wconf 89' lang='lat' dir='ltr'><strong>cum</strong></span> <span class='ocrx_word' id='word_1_825' title='bbox 2334 4738 2432 4778; x_wconf 89' lang='lat' dir='ltr'><strong>nos</strong></span> <span class='ocrx_word' id='word_1_826' title='bbox 2472 4724 2575 4779; x_wconf 87' lang='lat' dir='ltr'><strong>tale</strong></span> <span class='ocrx_word' id='word_1_827' title='bbox 2614 4723 2881 4793; x_wconf 76' lang='lat' dir='ltr'><strong>quidpiam</strong></span> <span class='ocrx_word' id='word_1_828' title='bbox 2913 4724 3104 4780; x_wconf 88' lang='lat' dir='ltr'><strong>docere</strong></span> <span class='ocrx_word' id='word_1_829' title='bbox 3148 4724 3290 4788; x_wconf 87' lang='lat' dir='ltr'><strong>vult,</strong></span> <span class='ocrx_word' id='word_1_830' title='bbox 3323 4724 3554 4793; x_wconf 81' lang='lat' dir='ltr'><strong>Seipsam</strong></span> <span class='ocrx_word' id='word_1_831' title='bbox 3606 4728 3774 4779; x_wconf 88' lang='lat' dir='ltr'><strong>inter-</strong></span> 
     </span>
    </p>
   </div>
   <div class='ocr_carea' id='block_1_111' title="bbox 2186 4815 3769 4887">
    <p class='ocr_par' dir='ltr' id='par_1_111' title="bbox 2186 4815 3769 4887">
     <span class='ocr_line' id='line_1_111' title="bbox 2186 4815 3769 4887; baseline -0.001 -16"><span class='ocrx_word' id='word_1_832' title='bbox 2186 4827 2426 4887; x_wconf 90' lang='lat' dir='ltr'><strong>pretetur</strong></span> <span class='ocrx_word' id='word_1_833' title='bbox 2447 4858 2463 4885; x_wconf 91' lang='lat'><strong>,</strong></span> <span class='ocrx_word' id='word_1_834' title='bbox 2509 4824 2564 4871; x_wconf 91' lang='lat' dir='ltr'><strong>et</strong></span> <span class='ocrx_word' id='word_1_835' title='bbox 2601 4816 2899 4872; x_wconf 88' lang='lat' dir='ltr'><strong>auditorem</strong></span> <span class='ocrx_word' id='word_1_836' title='bbox 2930 4832 3112 4872; x_wconf 90' lang='lat' dir='ltr'><strong>errare</strong></span> <span class='ocrx_word' id='word_1_837' title='bbox 3144 4831 3248 4870; x_wconf 90' lang='lat' dir='ltr'><strong>non</strong></span> <span class='ocrx_word' id='word_1_838' title='bbox 3277 4817 3454 4871; x_wconf 71' lang='lat' dir='ltr'><strong>sinat?</strong></span> <span class='ocrx_word' id='word_1_839' title='bbox 3498 4815 3605 4870; x_wconf 83' lang='lat' dir='ltr'><strong>Sed</strong></span> <span class='ocrx_word' id='word_1_840' title='bbox 3635 4831 3769 4885; x_wconf 83' lang='lat' dir='ltr'><strong>quo-</strong></span> 
     </span>
    </p>
   </div>
   <div class='ocr_carea' id='block_1_112' title="bbox 2186 4906 3773 4977">
    <p class='ocr_par' dir='ltr' id='par_1_112' title="bbox 2186 4906 3773 4977">
     <span class='ocr_line' id='line_1_112' title="bbox 2186 4906 3773 4977; baseline -0.003 -14"><span class='ocrx_word' id='word_1_841' title='bbox 2186 4914 2327 4963; x_wconf 91' lang='lat' dir='ltr'><strong>niam</strong></span> <span class='ocrx_word' id='word_1_842' title='bbox 2356 4908 2506 4963; x_wconf 91' lang='lat' dir='ltr'><strong>multi</strong></span> <span class='ocrx_word' id='word_1_843' title='bbox 2539 4923 2643 4962; x_wconf 92' lang='lat' dir='ltr'><strong>non</strong></span> <span class='ocrx_word' id='word_1_844' title='bbox 2676 4917 2733 4962; x_wconf 88' lang='lat' dir='ltr'><strong>ut</strong></span> <span class='ocrx_word' id='word_1_845' title='bbox 2758 4907 3026 4977; x_wconf 87' lang='lat' dir='ltr'><strong>quidpiam</strong></span> <span class='ocrx_word' id='word_1_846' title='bbox 3056 4906 3189 4961; x_wconf 90' lang='lat' dir='ltr'><strong>lucri</strong></span> <span class='ocrx_word' id='word_1_847' title='bbox 3219 4922 3285 4962; x_wconf 83' lang='lat' dir='ltr'><strong>ex</strong></span> <span class='ocrx_word' id='word_1_848' title='bbox 3313 4906 3508 4962; x_wconf 63' lang='lat' dir='ltr'><strong>divinis</strong></span> <span class='ocrx_word' id='word_1_849' title='bbox 3532 4906 3773 4975; x_wconf 86' lang='lat' dir='ltr'><strong>Scriptu-</strong></span> 
     </span>
    </p>
   </div>
   <div class='ocr_carea' id='block_1_113' title="bbox 2186 4998 3769 5069">
    <p class='ocr_par' dir='ltr' id='par_1_113' title="bbox 2186 4998 3769 5069">
     <span class='ocr_line' id='line_1_113' title="bbox 2186 4998 3769 5069; baseline -0.003 -14"><span class='ocrx_word' id='word_1_850' title='bbox 2186 5000 2260 5055; x_wconf 89' lang='lat' dir='ltr'><strong>ris</strong></span> <span class='ocrx_word' id='word_1_851' title='bbox 2307 5000 2599 5066; x_wconf 89' lang='lat' dir='ltr'><strong>demetant,</strong></span> <span class='ocrx_word' id='word_1_852' title='bbox 2632 4998 2723 5053; x_wconf 90' lang='lat' dir='ltr'><strong>sed</strong></span> <span class='ocrx_word' id='word_1_853' title='bbox 2764 4999 3050 5068; x_wconf 82' lang='lat' dir='ltr'><strong>voluptatis</strong></span> <span class='ocrx_word' id='word_1_854' title='bbox 3085 5000 3274 5069; x_wconf 86' lang='lat' dir='ltr'><strong>gratia,</strong></span> <span class='ocrx_word' id='word_1_855' title='bbox 3302 5014 3460 5054; x_wconf 88' lang='lat' dir='ltr'><strong>aures</strong></span> <span class='ocrx_word' id='word_1_856' title='bbox 3487 4998 3645 5054; x_wconf 91' lang='lat' dir='ltr'><strong>dictis</strong></span> <span class='ocrx_word' id='word_1_857' title='bbox 3669 4999 3769 5051; x_wconf 84' lang='lat' dir='ltr'><strong>ad-</strong></span> 
     </span>
    </p>
   </div>
   <div class='ocr_carea' id='block_1_114' title="bbox 2185 5088 3775 5160">
    <p class='ocr_par' dir='ltr' id='par_1_114' title="bbox 2185 5088 3775 5160">
     <span class='ocr_line' id='line_1_114' title="bbox 2185 5088 3775 5160; baseline 0.001 -18"><span class='ocrx_word' id='word_1_858' title='bbox 2185 5088 2404 5144; x_wconf 87' lang='lat' dir='ltr'><strong>hihent:</strong></span> <span class='ocrx_word' id='word_1_859' title='bbox 2437 5090 2557 5144; x_wconf 91' lang='lat' dir='ltr'><strong>ideo</strong></span> <span class='ocrx_word' id='word_1_860' title='bbox 2596 5105 2702 5143; x_wconf 91' lang='lat' dir='ltr'><strong>non</strong></span> <span class='ocrx_word' id='word_1_861' title='bbox 2744 5089 2808 5143; x_wconf 90' lang='lat' dir='ltr'><strong>iis</strong></span> <span class='ocrx_word' id='word_1_862' title='bbox 2847 5089 2936 5159; x_wconf 91' lang='lat' dir='ltr'><strong>qui</strong></span> <span class='ocrx_word' id='word_1_863' title='bbox 2979 5097 3237 5158; x_wconf 87' lang='lat' dir='ltr'><strong>prosunt,</strong></span> <span class='ocrx_word' id='word_1_864' title='bbox 3281 5089 3375 5144; x_wconf 87' lang='lat' dir='ltr'><strong>sed</strong></span> <span class='ocrx_word' id='word_1_865' title='bbox 3403 5088 3468 5144; x_wconf 89' lang='lat' dir='ltr'><strong>iis</strong></span> <span class='ocrx_word' id='word_1_866' title='bbox 3496 5089 3582 5160; x_wconf 92' lang='lat' dir='ltr'><strong>qui</strong></span> <span class='ocrx_word' id='word_1_867' title='bbox 3606 5089 3775 5157; x_wconf 78' lang='lat' dir='ltr'><strong>magis</strong></span> 
     </span>
    </p>
   </div>
   <div class='ocr_carea' id='block_1_115' title="bbox 2183 5179 3775 5247">
    <p class='ocr_par' dir='ltr' id='par_1_115' title="bbox 2183 5179 3775 5247">
     <span class='ocr_line' id='line_1_115' title="bbox 2183 5179 3775 5247; baseline -0.001 -14"><span class='ocrx_word' id='word_1_868' title='bbox 2183 5181 2452 5234; x_wconf 87' lang='lat' dir='ltr'><strong>oblectant</strong></span> <span class='ocrx_word' id='word_1_869' title='bbox 2480 5180 2783 5234; x_wconf 89' lang='lat' dir='ltr'><strong>attendunt.</strong></span> <span class='ocrx_word' id='word_1_870' title='bbox 2816 5179 3174 5247; x_wconf 85' lang='lat' dir='ltr'><strong>Quamobrem</strong></span> <span class='ocrx_word' id='word_1_871' title='bbox 3215 5179 3440 5234; x_wconf 85' lang='lat' dir='ltr'><strong>obsecro</strong></span> <span class='ocrx_word' id='word_1_872' title='bbox 3462 5219 3478 5245; x_wconf 91' lang='lat'><strong>,</strong></span> <span class='ocrx_word' id='word_1_873' title='bbox 3511 5187 3568 5233; x_wconf 90' lang='lat' dir='ltr'><strong>ut</strong></span> <span class='ocrx_word' id='word_1_874' title='bbox 3594 5180 3775 5233; x_wconf 84' lang='lat' dir='ltr'><strong>omni-</strong></span> 
     </span>
    </p>
   </div>
   <div class='ocr_carea' id='block_1_116' title="bbox 2185 5270 3775 5339">
    <p class='ocr_par' dir='ltr' id='par_1_116' title="bbox 2185 5270 3775 5339">
     <span class='ocr_line' id='line_1_116' title="bbox 2185 5270 3775 5339; baseline 0.002 -13"><span class='ocrx_word' id='word_1_875' title='bbox 2185 5272 2283 5326; x_wconf 87' lang='lat' dir='ltr'><strong>bus</strong></span> <span class='ocrx_word' id='word_1_876' title='bbox 2331 5272 2436 5326; x_wconf 88' lang='lat' dir='ltr'><strong>illis</strong></span> <span class='ocrx_word' id='word_1_877' title='bbox 2477 5287 2635 5327; x_wconf 90' lang='lat' dir='ltr'><strong>aures</strong></span> <span class='ocrx_word' id='word_1_878' title='bbox 2678 5271 3012 5337; x_wconf 88' lang='lat' dir='ltr'><strong>obturantes,</strong></span> <span class='ocrx_word' id='word_1_879' title='bbox 3044 5286 3212 5326; x_wconf 73' lang='lat' dir='ltr'><strong>sacrm</strong></span> <span class='ocrx_word' id='word_1_880' title='bbox 3243 5270 3536 5339; x_wconf 74' lang='lat' dir='ltr'><strong>Scriptura:</strong></span> <span class='ocrx_word' id='word_1_881' title='bbox 3578 5273 3775 5329; x_wconf 87' lang='lat' dir='ltr'><strong>canoni</strong></span> 
     </span>
    </p>
   </div>
   <div class='ocr_carea' id='block_1_117' title="bbox 2183 5363 3778 5435">
    <p class='ocr_par' dir='ltr' id='par_1_117' title="bbox 2183 5363 3778 5435">
     <span class='ocr_line' id='line_1_117' title="bbox 2183 5363 3778 5435; baseline 0.002 -16"><span class='ocrx_word' id='word_1_882' title='bbox 2183 5363 2558 5433; x_wconf 75' lang='lat' dir='ltr'><strong>obsequamnr.</strong></span> <span class='ocrx_word' id='word_1_883' title='bbox 2588 5365 2665 5419; x_wconf 82' lang='lat' dir='ltr'><strong>Ac</strong></span> <span class='ocrx_word' id='word_1_884' title='bbox 2688 5378 2809 5418; x_wconf 92' lang='lat' dir='ltr'><strong>cum</strong></span> <span class='ocrx_word' id='word_1_885' title='bbox 2834 5365 3090 5431; x_wconf 83' lang='lat' dir='ltr'><strong>audieris,</strong></span> <span class='ocrx_word' id='word_1_886' title='bbox 3113 5364 3328 5430; x_wconf 90' lang='lat' dir='ltr'><strong>dilecte,</strong></span> <span class='ocrx_word' id='word_1_887' title='bbox 3354 5364 3496 5420; x_wconf 90' lang='lat' dir='ltr'><strong>Deus</strong></span> <span class='ocrx_word' id='word_1_888' title='bbox 3517 5366 3778 5435; x_wconf 81' lang='lat' dir='ltr'><strong>plantavit</strong></span> 
     </span>
    </p>
   </div>
   <div class='ocr_carea' id='block_1_118' title="bbox 2185 5454 3775 5524">
    <p class='ocr_par' dir='ltr' id='par_1_118' title="bbox 2185 5454 3775 5524">
     <span class='ocr_line' id='line_1_118' title="bbox 2185 5454 3775 5524; baseline 0.001 -17"><span class='ocrx_word' id='word_1_889' title='bbox 2185 5455 2487 5524; x_wconf 69' lang='lat' dir='ltr'><strong>paradisum</strong></span> <span class='ocrx_word' id='word_1_890' title='bbox 2513 5454 2566 5509; x_wconf 91' lang='lat' dir='ltr'><strong>in</strong></span> <span class='ocrx_word' id='word_1_891' title='bbox 2595 5454 2805 5510; x_wconf 89' lang='lat' dir='ltr'><strong>oriente</strong></span> <span class='ocrx_word' id='word_1_892' title='bbox 2833 5470 2847 5519; x_wconf 87' lang='lat'><strong>;</strong></span> <span class='ocrx_word' id='word_1_893' title='bbox 2881 5454 3009 5509; x_wconf 91' lang='lat' dir='ltr'><strong>illud</strong></span> <span class='ocrx_word' id='word_1_894' title='bbox 3034 5496 3051 5522; x_wconf 95' lang='lat'><strong>,</strong></span> <span class='ocrx_word' id='word_1_895' title='bbox 3087 5454 3344 5508; x_wconf 79' lang='lat' dir='ltr'><strong>Plantavit</strong></span> <span class='ocrx_word' id='word_1_896' title='bbox 3367 5496 3382 5521; x_wconf 89' lang='lat'><strong>,</strong></span> <span class='ocrx_word' id='word_1_897' title='bbox 3416 5463 3474 5509; x_wconf 90' lang='lat' dir='ltr'><strong>ut</strong></span> <span class='ocrx_word' id='word_1_898' title='bbox 3503 5456 3611 5511; x_wconf 90' lang='lat' dir='ltr'><strong>Deo</strong></span> <span class='ocrx_word' id='word_1_899' title='bbox 3639 5471 3775 5511; x_wconf 80' lang='lat' dir='ltr'><strong>con-</strong></span> 
     </span>
    </p>
   </div>
   <div class='ocr_carea' id='block_1_119' title="bbox 2183 5543 3777 5617">
    <p class='ocr_par' dir='ltr' id='par_1_119' title="bbox 2183 5543 3777 5617">
     <span class='ocr_line' id='line_1_119' title="bbox 2183 5543 3777 5617; baseline 0.003 -21"><span class='ocrx_word' id='word_1_900' title='bbox 2183 5543 2329 5597; x_wconf 90' lang='lat' dir='ltr'><strong>venit</strong></span> <span class='ocrx_word' id='word_1_901' title='bbox 2370 5543 2637 5612; x_wconf 71' lang='lat' dir='ltr'><strong>iutcliige,</strong></span> <span class='ocrx_word' id='word_1_902' title='bbox 2671 5558 2866 5613; x_wconf 87' lang='lat' dir='ltr'><strong>nempe</strong></span> <span class='ocrx_word' id='word_1_903' title='bbox 2894 5545 3034 5614; x_wconf 90' lang='lat' dir='ltr'><strong>quod</strong></span> <span class='ocrx_word' id='word_1_904' title='bbox 3078 5545 3429 5616; x_wconf 72' lang='lat' dir='ltr'><strong>prtecepcrit;</strong></span> <span class='ocrx_word' id='word_1_905' title='bbox 3456 5547 3598 5617; x_wconf 85' lang='lat' dir='ltr'><strong>quod</strong></span> <span class='ocrx_word' id='word_1_906' title='bbox 3643 5563 3777 5603; x_wconf 86' lang='lat' dir='ltr'><strong>vero</strong></span> 
     </span>
    </p>
   </div>
   <div class='ocr_carea' id='block_1_120' title="bbox 2182 5637 3777 5710">
    <p class='ocr_par' dir='ltr' id='par_1_120' title="bbox 2182 5637 3777 5710">
     <span class='ocr_line' id='line_1_120' title="bbox 2182 5637 3777 5710; baseline 0.001 -18"><span class='ocrx_word' id='word_1_907' title='bbox 2182 5637 2421 5707; x_wconf 85' lang='lat' dir='ltr'><strong>sequitur</strong></span> <span class='ocrx_word' id='word_1_908' title='bbox 2444 5638 2626 5706; x_wconf 87' lang='lat' dir='ltr'><strong>crede,</strong></span> <span class='ocrx_word' id='word_1_909' title='bbox 2657 5640 2907 5695; x_wconf 91' lang='lat' dir='ltr'><strong>nimirum</strong></span> <span class='ocrx_word' id='word_1_910' title='bbox 2953 5641 3256 5710; x_wconf 86' lang='lat' dir='ltr'><strong>paradisum</strong></span> <span class='ocrx_word' id='word_1_911' title='bbox 3299 5642 3494 5696; x_wconf 89' lang='lat' dir='ltr'><strong>factum</strong></span> <span class='ocrx_word' id='word_1_912' title='bbox 3521 5656 3641 5696; x_wconf 85' lang='lat' dir='ltr'><strong>esse</strong></span> <span class='ocrx_word' id='word_1_913' title='bbox 3662 5681 3681 5699; x_wconf 90' lang='lat'><strong>.</strong></span> <span class='ocrx_word' id='word_1_914' title='bbox 3716 5652 3777 5694; x_wconf 90' lang='lat' dir='ltr'><strong>et</strong></span> 
     </span>
    </p>
   </div>
   <div class='ocr_carea' id='block_1_121' title="bbox 2186 5730 3773 5807">
    <p class='ocr_par' dir='ltr' id='par_1_121' title="bbox 2186 5730 3773 5807">
     <span class='ocr_line' id='line_1_121' title="bbox 2186 5730 3773 5807; baseline 0.001 -20"><span class='ocrx_word' id='word_1_915' title='bbox 2186 5730 2240 5788; x_wconf 87' lang='lat' dir='ltr'><strong>in</strong></span> <span class='ocrx_word' id='word_1_916' title='bbox 2269 5732 2362 5788; x_wconf 89' lang='lat' dir='ltr'><strong>illo</strong></span> <span class='ocrx_word' id='word_1_917' title='bbox 2402 5732 2552 5803; x_wconf 89' lang='lat' dir='ltr'><strong>loco,</strong></span> <span class='ocrx_word' id='word_1_918' title='bbox 2599 5732 2688 5789; x_wconf 92' lang='lat' dir='ltr'><strong>ubi</strong></span> <span class='ocrx_word' id='word_1_919' title='bbox 2733 5731 3007 5805; x_wconf 85' lang='lat' dir='ltr'><strong>Scriptura</strong></span> <span class='ocrx_word' id='word_1_920' title='bbox 3056 5747 3210 5792; x_wconf 87' lang='lat' dir='ltr'><strong>sacra</strong></span> <span class='ocrx_word' id='word_1_921' title='bbox 3260 5733 3599 5807; x_wconf 73' lang='lat' dir='ltr'><strong>siguilicatit.</strong></span> <span class='ocrx_word' id='word_1_922' title='bbox 3655 5732 3773 5789; x_wconf 63' lang='lat' dir='ltr'><strong>Non</strong></span> 
     </span>
    </p>
   </div>
  </div>
