4074 6134
488 211 589 268 109

492 325 714 382 credere
743 322 885 379 enim
934 321 998 376 iis
1040 335 1157 391 quin
1188 319 1239 374 in
1268 318 1443 373 divina
1481 318 1755 388 Scriptura
1799 317 2075 373 feruntur.

502 416 593 470 sed
625 415 728 469 alia
769 429 832 468 ex
861 411 1076 483 propria
1108 420 1284 466 mente
1326 410 1574 463 inducere
1596 449 1609 470 ,
1659 422 1908 477 magnum
1955 414 2081 475 puto

495 504 789 576 periculum
831 517 1017 557 creare
1049 501 1170 555 talia
1197 499 1536 554 audentibus.
1570 497 1636 552 Et
1666 499 1864 568 posuit,
1893 497 2081 567 inquit.

492 600 562 654 ibi
610 599 881 661 hominem,
930 611 1077 666 quem
1120 594 1376 664 formavit.

563 693 618 748 4.
643 690 1086 759 Vide,quantum
1130 685 1388 741 honorem
1425 687 1604 740 statim
1646 685 1697 738 in
1727 698 1850 738 eum
1890 691 2079 737 contu-

495 784 641 840 lerit.
674 783 808 837 Cum
840 780 963 836 eum
995 788 1144 834 extra
1180 778 1482 849 paradisum
1512 785 1782 841 creasset,
1815 775 1993 830 statim
2025 774 2087 829 il-

495 877 609 931 lum
634 889 701 929 eo
724 871 1042 933 introduxit;
1076 878 1135 925 ut
1164 885 1228 924 ex
1256 868 1416 923 rebus
1446 869 1575 937 ipsis
1605 868 1658 921 in
1690 866 1934 921 beneﬁcii
1961 880 2088 921 scn-

497 981 617 1020 sum
659 966 833 1034 ipsum
877 962 1205 1028 adduceret,
1247 968 1304 1014 ut
1344 960 1506 1014 sciret
1548 969 1778 1029 quantus
1811 958 1883 1012 illi
1920 957 2093 1010 honor

505 1064 651 1111 esset
685 1067 995 1120 concessus,
1039 1053 1093 1107 in
1127 1051 1430 1121 paradisum
1476 1050 1621 1104 illum
1656 1048 1980 1113 introduxit,
2031 1046 2094 1100 Et

505 1149 670 1218 posuit
688 1148 794 1200 illic
811 1146 1082 1211 hominem,
1110 1161 1255 1213 quem
1279 1145 1534 1215 formavit.
1560 1141 1693 1198 Illud
1717 1143 1867 1207 item,
1888 1140 2091 1205 Posuit,

505 1242 585 1298 sic
622 1241 978 1310 intelligamus
1028 1254 1092 1293 ac
1126 1238 1170 1292 si
1212 1237 1433 1305 diceret,
1482 1235 1735 1306 prmcepit
1773 1244 1830 1289 ut
1859 1234 1966 1288 illic
2005 1232 2098 1287 ha—

507 1334 722 1399 bitaret,
756 1343 813 1386 ut
837 1342 892 1386 et
920 1339 1167 1400 aspectus
1203 1339 1257 1385 et
1282 1329 1538 1383 habitatio
1582 1343 1831 1398 magnum
1875 1325 1973 1395 ipsi
2004 1339 2096 1395 pa-

511 1433 656 1480 reret
697 1423 1024 1491 voluptatem
1046 1463 1060 1486 ,
1093 1432 1143 1475 et
1174 1435 1297 1474 eum
1325 1418 1390 1474 ad
1428 1418 1625 1488 gratias
1659 1415 1966 1473 referendas
2004 1430 2099 1469 ex-

508 1517 697 1570 citaret
725 1513 1043 1583 cogitantem
1075 1520 1329 1581 quantum
1359 1509 1602 1565 beneﬁcii
1633 1508 1946 1577 accepisset,
1972 1520 2093 1561 cum

513 1605 745 1659 nondum
776 1603 1045 1675 quidpiam
1090 1602 1422 1671 praestitisset
1455 1601 1597 1655 boni.
1630 1600 1706 1655 Ne
1748 1600 1907 1670 igitur
1944 1607 1998 1652 te
2040 1597 2093 1651 in

514 1707 786 1765 stuporem
834 1695 1033 1764 injiciat
1073 1707 1174 1747 vox
1223 1692 1341 1760 illa,
1394 1689 1629 1745 Posuit:
1677 1705 1794 1745 mos
1839 1689 1982 1745 enim
2024 1695 2107 1743 est

514 1791 801 1861 Scripturae
827 1805 994 1845 sacra:
1018 1798 1234 1859 propter
1262 1803 1361 1843 nos
1389 1795 1444 1843 et
1462 1786 1526 1840 ad
1555 1786 1841 1841 utilitatem
1863 1794 2103 1839 nostram

518 1884 768 1941 humanis
794 1885 868 1938 uti
898 1865 1100 1939 verbis.
1130 1881 1282 1951 Quod
1313 1892 1371 1936 ut
1395 1881 1605 1936 ediscas
1626 1921 1642 1946 ,
1675 1876 1946 1949 perpende
1975 1892 2107 1946 quo-

519 1975 681 2030 modo
724 1977 901 2045 prius,
933 1989 1055 2028 cum
1085 1973 1153 2028 de
1193 1972 1467 2027 stellarum
1512 1972 1785 2025 creatione
1826 1976 2107 2039 ageretur,

519 2065 706 2120 eadem
748 2078 840 2118 usa
874 2064 943 2118 sit
982 2078 1114 2120 voce
1144 2062 1326 2117 dicens
1353 2080 1365 2115 :
1398 2061 1462 2115 Et
1493 2060 1658 2131 posuit
1693 2059 1811 2113 illas
1852 2059 1906 2113 in
1934 2059 2110 2126 ﬁrma-

521 2166 691 2210 mento
733 2154 865 2219 cwti,
902 2168 1009 2208 non
1049 2161 1105 2207 ut
1130 2168 1221 2206 cas
1263 2152 1397 2207 oculo
1440 2153 1629 2205 inﬁxas
1674 2160 1918 2221 putemus
1967 2146 2113 2220 (nam

522 2263 710 2303 earum
752 2246 977 2317 singula:
1019 2246 1291 2317 proprium
1340 2259 1555 2300 cursum
1599 2244 1906 2308 conﬁciunt,
1940 2243 2112 2298 locum

529 2355 593 2394 ex
628 2339 747 2393 loco
774 2339 1087 2405 mutantes),
1118 2337 1211 2391 scd
1253 2346 1309 2391 ut
1337 2336 1548 2402 doceat,
1591 2351 1651 2391 se
1680 2335 1785 2390 illis
1822 2343 1880 2390 ut
1903 2335 1955 2389 iu
1985 2335 2116 2389 caelo

529 2440 711 2486 essent
751 2430 1107 2501 praecepisse,
1157 2438 1214 2483 ut
1258 2429 1530 2482 hominem
1573 2427 1736 2497 jussit
1774 2426 1828 2481 in
1874 2425 2118 2495 paradiso

529 2523 744 2595 degere.
778 2523 831 2579 9.
860 2521 926 2576 Et
972 2522 1244 2592 produxit,
1276 2522 1465 2591 inquit,
1510 2519 1650 2575 Deus
1692 2518 1757 2573 de
1796 2527 1932 2572 terra
1972 2533 2120 2571 omne

532 2615 723 2681 liquam
750 2614 1020 2685 pulchrum
1044 2613 1111 2667 ad
1141 2612 1434 2678 videndum,
1465 2622 1510 2666 et
1532 2611 1718 2665 bonum
1743 2610 1811 2664 ad
1834 2608 2114 2674 edendum,

538 2719 584 2763 ct
614 2709 807 2781 lignum
833 2709 945 2761 vita:
970 2708 1022 2761 iu
1046 2707 1213 2761 medio
1235 2706 1461 2778 paradisi
1489 2714 1535 2760 et
1564 2705 1758 2776 lignum
1777 2703 1846 2758 ad
1864 2703 2123 2759 sciendum

538 2802 725 2853 bonum
752 2809 799 2852 et
829 2799 1040 2853 malum.
1072 2799 1210 2854 Ecce
1230 2798 1389 2851 aliam
1412 2795 1653 2852 beneﬁcii
1681 2796 1914 2866 speciem
1943 2795 1996 2848 in
2028 2793 2126 2847 lio-

543 2908 727 2946 norem
759 2893 924 2947 creati
968 2890 1218 2947 hominis.
1259 2890 1391 2959 Quia
1422 2890 1564 2946 enim
1606 2889 1754 2944 illum
1795 2891 1848 2943 in
1876 2886 2126 2959 paradiso

544 2985 749 3040 versari
777 2985 986 3040 volebat
1008 3026 1022 3051 ,
1053 2985 1308 3055 praecepit
1341 2999 1407 3038 ex
1445 2991 1586 3038 terra
1627 2983 1847 3038 arbores
1889 2981 2128 3037 diversas

540 3079 692 3145 oriri,
723 3094 841 3148 qua:
886 3078 1042 3133 simul
1085 3086 1139 3131 ct
1180 3085 1401 3146 aspectu
1433 3074 1685 3140 jucunda:
1730 3081 1944 3138 essent,
1973 3081 2027 3127 et
2060 3070 2127 3125 ad

543 3173 719 3226 cibum
749 3181 907 3240 aptae.
942 3169 1105 3225 Omne
1137 3170 1352 3242 lignum,
1385 3169 1574 3239 inquit,
1606 3168 1874 3240 pulchrum
1902 3174 2127 3236 aspectu,

545 3262 595 3316 id
622 3271 725 3326 est,
757 3262 821 3315 ad
850 3262 1245 3331 spectaculum;
1273 3258 1344 3313 Et
1374 3260 1560 3314 bonum
1587 3259 1655 3312 ad
1681 3274 1855 3321 esurit,-
1883 3255 2131 3311 videlicet

550 3355 711 3425 ligna,
740 3370 857 3423 qua:
890 3357 1060 3408 visum
1090 3353 1361 3408 oblectare
1389 3358 1639 3422 possent,
1668 3360 1719 3405 et
1750 3366 1844 3405 esu
1885 3363 2129 3419 magnam

550 3447 793 3517 pra-bere
822 3447 1145 3515 voluptatem
1163 3435 1190 3511 ;’
1202 3459 1426 3514 quaeque
1453 3452 1633 3513 utpote
1656 3442 1818 3496 multa
1845 3450 1900 3495 et
1919 3440 2132 3509 copiosa
2221 3456 2226 3460 ·

553 3538 774 3592 multum
830 3536 894 3590 iis
941 3550 1104 3590 usuro
1155 3545 1404 3606 parerent
1453 3533 1793 3603 voluptatem.
1849 3530 2020 3586 Omne
2067 3530 2134 3584 li-

548 3645 734 3700 gnum,
763 3628 952 3699 inquit,
985 3626 1358 3698 quodcumque
1379 3626 1599 3691 dixeris,
1622 3624 1751 3679 oriri
1775 3622 2005 3679 curavit.
2039 3621 2134 3676 Vi-

551 3720 966 3775 distin’miscria
1009 3734 1232 3773 vacuam
1268 3716 1688 3781 habitationem?
1725 3714 1959 3770 vidistiu'
1978 3714 2136 3769 vitam

554 3810 901 3866 mirabilem?
931 3809 1086 3864 Sicut
1107 3809 1328 3880 angelus
1361 3807 1606 3879 quidam,
1639 3807 1952 3862 versabatur
1979 3804 2139 3860 homo

555 3904 608 3958 in
633 3914 793 3969 terra,
816 3917 1045 3972 corpore
1066 3901 1281 3972 quidem
1304 3901 1550 3965 amictus,
1568 3898 1663 3955 sed
1682 3911 1831 3954 extra
1853 3912 2140 3969 corporeas

560 3994 906 4049 necessitates
936 3994 1260 4048 constitutus
1280 4033 1296 4061 ,
1327 4000 1383 4047 et
1416 3990 1864 4062 quemadmodum
1909 4005 2139 4059 purpura

557 4094 612 4139 et
640 4086 944 4140 diademate
968 4094 1208 4152 ornatus,
1231 4098 1603 4154 purpureaque
1632 4082 1844 4137 indutus
1872 4090 2041 4148 veste,
2067 4083 2145 4136 sic

558 4191 677 4231 cum
710 4177 955 4231 libertate
981 4176 1290 4231 versabatur
1334 4175 1387 4228 in
1421 4173 1655 4246 paradisi
1700 4173 1947 4238 sedibus,
1981 4174 2143 4228 multa

560 4269 798 4340 gaudens
840 4285 1018 4322 rerutn
1075 4268 1249 4338 copia.
1300 4266 1368 4321 Et
1402 4268 1629 4338 lignum,
1679 4266 1881 4337 inquit,
1932 4267 2046 4319 vitat
2092 4266 2145 4319 in

562 4364 724 4416 medio
747 4362 995 4433 paradisi,
1027 4372 1070 4415 et
1089 4363 1280 4433 lignum
1297 4362 1364 4414 ad
1378 4360 1636 4415 sciendum
1657 4361 1838 4416 bouum
1865 4371 1909 4415 et
1934 4360 2143 4413 malum.

566 4455 849 4524 Postquam
878 4469 975 4508 nos
1001 4455 1181 4509 docuit
1200 4494 1214 4518 ,
1251 4463 1448 4509 terram
1476 4469 1635 4508 omne
1666 4455 1865 4523 lignum
1903 4452 2148 4507 emisisse

565 4548 854 4600 secundum
904 4547 1112 4601 Domini
1160 4556 1519 4616 praeceptum,
1558 4546 1848 4615 jucundum
1906 4545 2057 4609 visu,
2093 4552 2149 4597 et

570 4640 765 4693 [mnum
813 4654 929 4704 esu,
962 4648 1085 4692 tunc
1126 4639 1199 4691 ait
1229 4657 1241 4692 :
1276 4637 1340 4691 Et
1367 4638 1560 4708 lignum
1606 4637 1719 4690 vita:
1754 4638 1805 4688 iu
1848 4634 2011 4688 medio
2055 4651 2152 4701 pa—

566 4732 724 4785 radisi
747 4774 761 4799 ,
785 4741 831 4786 et
856 4732 1048 4802 lignum
1083 4731 1150 4783 ad
1175 4729 1434 4784 sciendum
1472 4730 1653 4783 bonum
1684 4738 1729 4781 et
1764 4729 1973 4781 malum.
2019 4727 2150 4782 Cum

570 4828 846 4895 praescii-rt
885 4828 1027 4880 enim
1057 4826 1317 4896 benignus
1363 4824 1619 4879 Dominus
1637 4865 1653 4891 ,
1680 4831 1864 4892 utpote
1891 4821 2110 4877 Creator
2132 4861 2151 4887 ,

571 4929 954 4975 uocumentutn
996 4935 1062 4974 ex
1116 4919 1361 4973 libertate
1405 4925 1460 4971 ct
1503 4915 1788 4969 securitate
1831 4912 2153 4983 procedente

571 5022 812 5082 tempore
850 5012 1133 5073 oriturum,
1182 5008 1431 5080 produxit
1475 5007 1670 5077 lignum
1710 5005 1832 5060 vita:
1885 5005 1937 5057 in
1978 5003 2156 5058 medio

572 5103 826 5174 paradisi,
860 5116 1066 5156 necnon
1102 5101 1300 5172 lignum
1345 5099 1547 5154 sciendi
1594 5097 1789 5152 bonum
1837 5103 1893 5149 et
1931 5095 2150 5158 malum,

572 5197 696 5267 quia
721 5211 826 5250 non
854 5194 1020 5249 multo
1050 5202 1169 5264 post
1195 5192 1263 5248 ab
1286 5207 1353 5247 eo
1378 5189 1645 5245 absunere
1670 5188 1912 5258 jussurus
1933 5193 2068 5251 erat,
2099 5195 2158 5238 ut

574 5291 713 5345 scire
763 5298 944 5359 posset
987 5303 1045 5343 se
1089 5303 1154 5343 ex
1192 5286 1358 5356 gratia
1404 5293 1458 5340 et
1486 5282 1847 5353 benignitate'
1887 5280 1991 5335 illis
2030 5278 2158 5333 frui-

587 5388 763 5436 turum
793 5396 933 5445 csse,
963 5394 1026 5434 ac
1071 5394 1130 5434 se
1166 5377 1444 5432 Dominum
1473 5384 1527 5430 et
1552 5374 1863 5429 Creatorem
1901 5384 2021 5425 esse
2049 5379 2157 5423 tum

589 5472 731 5529 illius
772 5473 1104 5538 substantim,
1137 5479 1246 5525 tum
1283 5468 1520 5525 omnium
1557 5465 1862 5520 visibilium.
1904 5461 2027 5518 ldeo
2050 5460 2159 5530 jam

650 5649 666 5682 ί
703 5656 822 5699 Tres
836 5655 968 5711 nam,
982 5645 1355 5712 magniﬁcentia,
1375 5659 1480 5705 pro,
1503 5642 1805 5708 benignitate.

1591 204 1656 260 lN
1694 202 1929 261 CAPJI.
1971 199 2212 258 GENES.
2256 199 2484 255 HOMIL.
2529 198 2664 254 Xlll.

3670 204 3772 257 ΗΟ

2186 314 2311 385 ligni
2343 316 2666 371 mentionem
2716 315 2842 371 fecit
2867 358 2880 383 ,
2917 331 2981 372 ac
3024 316 3298 372 ﬂuminum
3333 318 3543 373 nemina
3580 318 3772 373 deinde

2190 411 2343 465 nobis
2370 410 2605 465 declarat
2630 452 2644 476 ,
2678 410 2997 478 illorumque
3026 420 3081 464 ut
3108 410 3303 464 dixerit
3327 409 3589 479 quispiam
3617 424 3772 480 sepa—

2190 506 2491 568 rationcm,
2533 519 2597 558 ac
2635 505 2904 574 quomodo
2948 519 3012 558 ex
3058 504 3148 558 illo
3168 503 3258 573 qui
3308 503 3612 574 paradisum
3659 503 3777 557 irri-

2191 598 2370 669 gabat,
2417 598 2503 652 alii
2551 597 2605 651 in
2632 608 2861 668 quatuor
2903 599 3072 667 capita
3112 597 3289 661 divisi,
3329 597 3548 653 climata
3587 595 3776 651 distin-

2193 699 2439 762 guerent.
2467 690 2660 745 Verum
2690 690 2824 744 forte
2850 690 2883 742 ii
2905 689 2993 758 qui
3018 705 3081 744 ex
3109 689 3319 758 propria
3345 688 3605 757 sapientia
3633 687 3775 757 loqui

2198 787 2414 847 volunt,
2465 780 2681 836 ﬁumina
2733 780 2820 835 illa
2873 795 2978 833 non
3032 780 3332 834 concedunt
3370 793 3489 835 csse
3527 777 3777 843 ﬁumina,

2197 889 2370 944 neque
2397 888 2562 944 aquas
2587 872 2821 927 fatentur
2842 887 2961 928 csse
2982 887 3146 943 aquas
3164 912 3180 939 ,
3211 871 3304 928 sed
3332 869 3475 926 aliud
3506 871 3779 942 imaginari

2197 970 2425 1026 suadent
2464 969 2531 1025 iis
2558 968 2648 1039 qui
2691 967 2789 1022 sibi
2829 981 2987 1021 aures
3025 964 3429 1020 accommodare
3473 963 3676 1018 Volunt.
3716 965 3783 1017 At

2199 1076 2333 1125 nos,
2365 1061 2607 1121 obsecro,
2653 1057 2957 1128 huiusmodi
3004 1056 3250 1110 homines
3290 1070 3357 1108 ne
3397 1055 3664 1122 feramus,
3690 1053 3783 1108 sed

2203 1155 2542 1209 obStrnamus
2591 1151 2803 1205 illorum
2844 1148 2999 1203 dictis
3046 1163 3223 1214 aures,
3272 1146 3552 1201 credamus
3591 1145 3782 1199 divina:

2203 1246 2517 1315 Scripturac,
2549 1251 2709 1313 atque
2731 1257 2792 1296 ea
2834 1256 2954 1312 quae
2993 1239 3044 1293 in
3073 1239 3162 1294 illa
3211 1238 3459 1292 dicuntur
3497 1246 3784 1303 sectantes,

2204 1354 2388 1395 sanam
2428 1336 2726 1391 doctrinam
2770 1335 2823 1389 in
2867 1333 3061 1387 animis
3109 1330 3306 1386 nostris
3347 1345 3609 1398 reponere
3649 1337 3789 1382 sata-

2205 1445 2412 1502 gamus,
2441 1429 2765 1499 insnpcrque
2789 1426 2950 1480 vitam
2973 1424 3255 1495 diligenter
3272 1422 3629 1487 instituamus,
3659 1429 3715 1473 ut
3739 1429 3791 1474 et

2207 1523 2321 1593 ipsa
2365 1521 2473 1575 vita
2518 1521 2589 1573 sit
2630 1517 2888 1573 doctrinm
2934 1515 3193 1582 testis,et
3237 1513 3484 1584 dogmata
3532 1510 3645 1580 ipsa
3672 1509 3791 1563 vitae

2210 1615 2369 1670 fidem
2402 1612 2615 1667 faciant.
2645 1610 2776 1666 Nam
2817 1613 2861 1665 si
2908 1609 3152 1680 dogmata
3185 1606 3398 1677 quidem
3435 1615 3579 1661 recta
3612 1614 3793 1658 tenea-

2211 1722 2347 1770 mus,
2381 1706 2649 1774 vitamque
2672 1713 2849 1757 tamen
2879 1702 3227 1771 negligamus,
3257 1697 3387 1751 nihil
3410 1695 3461 1751 id
3491 1695 3643 1749 nobis
3673 1708 3792 1764 pro-

2214 1800 2387 1864 derit;
2416 1798 2720 1868 pariterque
2751 1795 2794 1849 si
2828 1794 2947 1847 vita!
2972 1806 3153 1847 curam
3182 1790 3493 1853 habeamus,
3525 1795 3793 1842 rectorqu

2219 1901 2395 1948 autem
2419 1891 2723 1959 dogmatum
2763 1887 2981 1941 minime
3002 1927 3018 1953 ,
3050 1883 3181 1938 nihil
3211 1883 3276 1937 ad
3307 1882 3533 1954 salutem
3561 1888 3794 1934 nostram

2218 1985 2343 2039 utile
2372 1983 2563 2038 lucrari
2596 1979 2907 2051 pozcrimus.
2944 1978 3046 2032 l‘ar
3073 1983 3153 2031 cst
3196 1974 3362 2040 enim,
3400 1972 3444 2027 si
3476 1971 3798 2026 voluerimus

2218 2087 2272 2134 et
2301 2093 2328 2131 a
2371 2077 2611 2147 gcltenna
2640 2073 2883 2136 liberari,
2913 2080 2966 2125 et
2993 2084 3211 2141 regnum
3257 2065 3543 2135 consequi,
3576 2072 3800 2133 utroque

2220 2168 2419 2236 ornari,
2461 2176 2515 2223 et
2544 2166 2692 2220 sanis
2729 2161 3086 2233 dogmatibus,
3116 2170 3168 2213 et
3200 2158 3321 2211 vita:
3358 2170 3506 2210 cura.
3539 2153 3667 2220 Qua:
3694 2151 3799 2206 uti-

2221 2263 2362 2326 litas,
2387 2273 2589 2329 quaeso,
2619 2256 2824 2311 arboris
2848 2253 3097 2325 priealta‘,
3125 2262 3174 2306 ct
3205 2248 3346 2304 loliis
3373 2246 3664 2312 vernantis,
3681 2259 3802 2329 qua:

2222 2321 2481 2407 fructibus
2511 2321 2675 2403 vacua
2720 2346 2826 2401 sit?
2850 2321 2945 2400 ’δίο
2973 2351 3024 2398 et
3064 2341 3368 2397 Christiano
3411 2336 3543 2392 nihil
3585 2321 3804 2406 prosunt

2224 2455 2368 2500 recta
2422 2443 2706 2512 dogmata,
2764 2440 2809 2494 si
2856 2439 2979 2493 vitae
3038 2435 3334 2490 institutum
3384 2429 3632 2502 negligat.
3683 2426 3807 2481 ldeo

2223 2538 2471 2611 Christus
2523 2535 2655 2590 tales
2695 2533 2937 2587 homines
2972 2531 3157 2585 beatos
3196 2526 3446 2582 dicebat:
3496 2522 3683 2577 Beatus
3723 2522 3807 2591 qui

2226 2630 2418 2701 fecerit,
2446 2637 2492 2682 et
2514 2628 2739 2681 docuerit
2768 2623 2980 2698 (Matth.
3010 2621 3062 2676 5.
3095 2619 3208 2694 l9).
3239 2620 3370 2675 Nam
3401 2617 3641 2673 doctrina
3675 2629 3804 2683 ope-

2228 2737 2344 2776 rum
2374 2721 2529 2790 longe
2567 2717 2866 2773 accuratior
2905 2724 2959 2770 et
3001 2713 3107 2768 ﬁde
3135 2711 3344 2781 dignior
3373 2717 3455 2764 est
3475 2750 3488 2773 ,
3519 2721 3680 2778 quam
3713 2705 3807 2761 do-

2229 2812 2400 2868 ctrina
2430 2810 2714 2866 verborum
2743 2827 2756 2860 :
2789 2806 2987 2861 ctenim
3012 2803 3103 2873 qui
3131 2805 3269 2859 bene
3311 2801 3447 2869 agit,
3475 2796 3685 2853 etiamsi
3731 2806 3807 2849 ta-

2231 2912 2373 2971 ceat,
2393 2918 2491 2959 nec
2512 2902 2774 2965 videatur,
2804 2900 3084 2953 instituere
3111 2903 3306 2966 potest,
3331 2892 3464 2947 alios
3488 2889 3693 2945 scilicet
3721 2902 3811 2957 per

2232 2998 2574 3067 adSpectum,
2608 2994 2740 3048 alios
2782 3007 2878 3062 per
2907 3004 3095 3055 aures;
3140 2988 3359 3057 ipseque
3400 2984 3566 3039 multa
3610 2981 3699 3036 Dei
3723 2981 3814 3035 be-

2234 3090 2535 3148 nevoleutia
2581 3087 2805 3149 fruetur,
2845 3083 2972 3139 dum
3002 3081 3055 3137 id
3093 3080 3253 3135 efﬁcit
3277 3089 3337 3134 ut
3384 3092 3489 3132 non
3519 3073 3677 3130 modo
3719 3087 3815 3144 per

2235 3184 2504 3253 seipsum,
2551 3177 2644 3233 sed
2699 3177 2857 3233 etiam
2903 3190 2997 3245 per
3039 3188 3133 3228 eos
3171 3171 3262 3243 qui
3310 3169 3485 3240 ipsum
3526 3164 3818 3235 respiciunt

2239 3275 2496 3331 Dominus
2539 3285 2666 3326 suns
2705 3269 3025 3324 celebretur.
3064 3264 3161 3331 Qui
3217 3258 3521 3332 hujusmodi
3560 3266 3670 3321 est,
3724 3268 3819 3324 per

2238 3375 2520 3425 sexcentos
2551 3366 2756 3434 linguas
2783 3370 2837 3417 et
2865 3378 2958 3431 per
2998 3359 3160 3414 multa
3193 3372 3285 3410 ora
3323 3353 3519 3425 gratias
3555 3360 3608 3405 et
3635 3347 3820 3403 laudes

2239 3459 2425 3516 offeret
2450 3458 2818 3513 universorum
2844 3455 2972 3507 Deo.
2997 3451 3177 3520 Neque
3204 3449 3344 3503 enim
3370 3445 3479 3500 noti
3501 3443 3670 3513 solum
3699 3441 3820 3494 vita:

2241 3553 2380 3608 illius
2408 3559 2593 3614 testes,
2623 3556 2676 3602 et
2703 3547 2850 3600 illutn
2881 3554 2935 3598 et
2956 3543 3121 3611 ipsius
3152 3539 3432 3593 Dominum
3466 3534 3818 3592 admirantur,

2242 3642 2335 3698 sed
2362 3641 2524 3696 etiam
2554 3654 2655 3691 non
2688 3636 2798 3691 noti
2826 3636 2892 3689 ah
2921 3633 3040 3687 aliis
3069 3632 3356 3693 discentes,
3385 3637 3493 3680 tum
3521 3625 3607 3695 qui
3642 3622 3822 3692 procul

2243 3732 2520 3795 habitant,
2549 3738 2603 3784 et
2630 3729 2788 3797 longo
2827 3723 3108 3779 intervallo
3144 3720 3314 3775 dissiti
3346 3726 3490 3781 sunt,
3532 3728 3636 3769 non
3669 3712 3821 3765 amici

2245 3824 2425 3889 modo,
2453 3822 2545 3879 sed
2583 3821 2741 3875 etiam
2782 3814 3015 3881 inimici,
3048 3812 3257 3867 virtutis
3298 3807 3638 3865 eminentiam
3671 3818 3823 3859 reve-

2248 3917 2524 3972 rehuntur.
2555 3913 2723 3967 Tanta
2746 3908 2938 3979 quippe
2959 3916 3041 3961 est
3067 3904 3205 3959 illius
3235 3903 3430 3968 virtus,
3456 3905 3515 3953 ιιι
3539 3897 3699 3952 etiam
3725 3908 3824 3963 op-

2248 4008 2590 4081 pugnantium
2638 4019 2698 4060 se
2722 4018 2815 4057 ora
2856 4002 3097 4056 obstruat
3129 4005 3184 4052 et
3226 3995 3455 4065 linguam
3501 3997 3823 4058 compescat.

2250 4104 2327 4158 Ac
2355 4095 2800 4171 quemadmodum
2838 4094 3040 4148 solares
3078 4089 3254 4144 radios
3293 4085 3486 4142 inﬁrmi
3523 4082 3692 4138 oculis
3728 4080 3824 4133 ob-

2252 4193 2387 4250 tueri
2420 4208 2523 4246 non
2553 4189 2774 4254 audent,
2801 4188 2879 4242 sic
2905 4200 3004 4239 nec
3034 4183 3280 4236 virtutem
3313 4190 3562 4247 umquam
3593 4171 3825 4241 nequitia

2250 4285 2456 4341 obtueri
2489 4284 2701 4353 poterit,
2734 4280 2825 4335 sed
2859 4277 3071 4333 recedet
3099 4285 3152 4330 ct
3173 4283 3317 4344 terga
3340 4270 3504 4335 dabit,
3532 4268 3832 4332 victamque

2254 4396 2311 4435 se
2342 4378 2606 4433 fatebitur.
2638 4374 2788 4441 Quod
2826 4388 2944 4425 cum
2975 4383 3285 4440 persuasum
3332 4364 3483 4419 nobis
3524 4362 3613 4424 sit,
3649 4357 3830 4413 virtuti

2255 4473 2571 4526 hacreamus.
2605 4475 2763 4536 atque
2810 4463 3016 4516 fortiter
3042 4467 3095 4512 et
3125 4467 3238 4511 tuto
3268 4456 3426 4509 vitam
3461 4452 3830 4508 instituamus,

2255 4571 2308 4616 et
2333 4578 2451 4632 qum
2477 4558 2693 4613 minima
2718 4555 2962 4610 videntur
2990 4561 3229 4623 peccata,
3258 4550 3369 4604 sive
3398 4548 3448 4602 in
3476 4546 3655 4601 verbis
3674 4585 3689 4611 ,
3722 4542 3834 4596 sive

2256 4654 2307 4708 in
2337 4652 2618 4721 operibus,
2661 4647 2845 4702 sedqu
2886 4645 3131 4699 vitemus.
3159 4643 3248 4698 Sic
3281 4641 3422 4696 enim
3456 4650 3743 4707 numquam
3780 4634 3832 4686 in

2258 4744 2458 4815 majora
2486 4742 2781 4797 incidemus
2801 4782 2814 4807 ,
2855 4739 2949 4793 sia
2983 4736 3156 4807 parvis
3193 4733 3593 4789 abstineamus:
3621 4741 3685 4781 ac
3715 4740 3835 4794 pro-

2258 4839 2482 4893 cedente
2513 4848 2754 4904 tempore
2773 4831 3086 4903 poterimus,
3117 4840 3346 4896 superna
3388 4822 3597 4875 favente
3629 4816 3797 4888 gratia
3819 4855 3835 4880 ,

2258 4945 2524 4986 summam
2574 4929 2822 4981 virtutem
2874 4923 3169 4990 attingere.
3222 4913 3553 4969 reconditam
3604 4907 3838 4979 ellugerc

2261 5037 2472 5093 pinnam
2499 5029 2554 5075 et
2593 5026 2791 5073 acterna
2836 5011 3088 5078 consequi
3136 5002 3337 5069 liona‘,
3385 5002 3552 5075 gratia
3592 5010 3645 5057 et
3691 4999 3839 5055 beni-

2260 5092 2460 5187 gnitate
2497 5111 2707 5167 Domini
2751 5106 2918 5162 nostri
2959 5103 3083 5159 .lcsu
3135 5098 3352 5165 Christi,
3384 5111 3506 5152 cum
3560 5109 3666 5166 quo
3695 5092 3836 5151 Patri

2262 5218 2553 5278 sanctoque
2575 5202 2794 5274 Spiritui
2823 5200 2891 5255 sit
2919 5197 3108 5268 gloria,
3141 5193 3443 5263 imperium,
3473 5188 3667 5253 honor,
3697 5200 3839 5244 nunc

2263 5311 2316 5356 et
2345 5312 2577 5368 semper,
2608 5305 2661 5350 et
2689 5295 2739 5349 in
2766 5291 2957 5347 saecula
2985 5287 3322 5343 saeculorum.
3351 5282 3541 5341 Amen.

2320 5500 2333 5528 ί
2371 5504 2476 5546 Post
2498 5496 2585 5546 has
2609 5507 2770 5554 voces,
2795 5496 3016 5557 consequi
3041 5493 3178 5557 bona,
3220 5492 3408 5541 additur
3443 5490 3492 5538 iu
3515 5486 3701 5541 savilio,
3727 5498 3831 5546 qua

2256 5571 2339 5628 nos
2358 5571 2540 5670 omne?“
2540 5557 2764 5621 colligere
2787 5555 2985 5608 sentiat.
3025 5555 3210 5615 ttorel.,
3237 5566 3345 5616 quw
3367 5565 3450 5602 nos
3472 5559 3630 5599 omnes
3667 5558 3828 5595 come-

2256 5633 2339 5670 aut
2360 5632 2489 5670 even:
2547 5655 2559 5668 .

2255 5633 2339 5681 qut
2360 5632 2559 5672 cremat.
