4074 6134
257 215 338 270 ιιι
907 209 963 264 s.
1004 206 1280 265 JUANNIS
1319 199 1794 263 CltM'SOSTOMl
1839 197 2148 253 ARCHIEP.
2181 199 2713 258 consumam.

819 325 1094 381 ilOillLIA
1124 324 1262 378 XlV.

260 457 322 510 Et
351 457 541 526 accepit
567 455 813 510 Dominus
849 453 984 507 Deus
1008 454 1280 516 hominem,
1315 468 1459 521 quem
1492 448 1724 518 formavit
1748 489 1761 513 ,
1793 457 1837 500 et

330 549 495 616 posuit
523 564 635 602 eum
678 546 728 599 in
761 546 996 615 paradiso
1039 545 1310 611 voluptatis
1331 585 1342 606 ,
1377 553 1428 596 ut
1458 553 1752 612 operaretur
1791 552 1838 594 et

327 642 596 695 rustodiret
625 639 769 693 illum
797 639 950 708 (Gen.
977 639 1030 692 22.
1071 640 1178 710 l5).

331 781 380 833 l.
407 777 621 844 lterum,
647 778 692 832 si
716 777 894 839 vultis,
918 776 1183 832 hesternrc
1205 775 1478 830 contionis
1500 775 1655 830 seriei
1683 773 1842 830 hodie

263 870 588 933 insistentes,
641 868 765 922 hinc
805 867 954 922 vobis
990 867 1321 937 Spiritualem
1363 867 1665 920 doctrinam
1715 880 1846 918 con-

261 972 440 1015 texere
466 959 793 1014 curabimus.
826 958 987 1012 Multa
1013 958 1154 1011 enim
1189 957 1240 1010 iu
1270 957 1354 1021 iis,
1384 972 1503 1026 qua:
1537 955 1697 1010 modo
1722 964 1847 1009 sunt

263 1053 420 1117 lecta,
461 1051 734 1106 recondita
779 1050 858 1104 vis
885 1058 987 1116 est,
1038 1058 1093 1104 et
1119 1064 1216 1121 par
1257 1060 1338 1104 est
1377 1063 1473 1102 nos
1505 1049 1554 1102 in
1588 1046 1847 1116 profunda

261 1150 624 1210 penetrantes,
671 1150 830 1211 atque
857 1147 1105 1194 accurate
1142 1139 1320 1193 omnia
1363 1139 1727 1208 esploraotes,
1763 1138 1847 1192 lu-

262 1249 412 1287 crum
447 1233 568 1288 inde
598 1233 906 1302 decerpere.
941 1231 1073 1286 Nam
1108 1231 1151 1286 si
1183 1229 1215 1284 ii
1242 1230 1329 1301 qui
1367 1231 1627 1298 pretiosos
1650 1229 1851 1299 lapides

265 1323 316 1377 in
376 1324 508 1377 mari
568 1325 850 1392 exquirere
911 1324 1163 1394 cupiunt,
1233 1332 1434 1378 unitum
1500 1324 1736 1377 laborem
1799 1331 1854 1376 ct.

266 1414 560 1469 molestiam
610 1415 868 1482 subeunt,
922 1415 1302 1484 illCOlllpOnilOS
1349 1429 1607 1485 aquarum
1662 1412 1854 1468 fluctus

266 1506 553 1573 adeantes,
598 1517 654 1561 ιιι
692 1509 888 1578 optatis
941 1510 1211 1578 potiantur
1261 1525 1274 1560 :
1323 1507 1491 1561 multo
1539 1507 1705 1576 magis
1757 1521 1854 1561 nos

266 1599 501 1652 animum
548 1599 823 1654 intendere
868 1615 962 1669 par
995 1609 1110 1662 est,
1151 1607 1206 1652 ιιι
1242 1598 1574 1666 perlustratis
1635 1597 1698 1651 iis
1735 1611 1854 1667 qua:

271 1690 323 1741 iu
377 1688 640 1758 profundo
679 1689 942 1744 dictorum
972 1690 1158 1755 latent,
1205 1691 1281 1743 sic
1313 1689 1575 1758 pretiosos
1625 1689 1742 1742 illos
1783 1688 1853 1740 la-

270 1783 418 1850 pides
447 1785 842 1838 naneiscamor.
873 1783 976 1838 Sed
1005 1800 1072 1839 ne
1097 1785 1302 1848 timeas,
1332 1783 1545 1848 dilecte,
1576 1798 1696 1837 cum
1727 1797 1853 1852 pro-

273 1873 492 1929 fundunt
523 1873 698 1929 audis.
721 1873 836 1929 Non
868 1875 1009 1929 enim
1039 1874 1126 1930 hic
1156 1874 1384 1945 impetus
1413 1884 1494 1929 est
1515 1873 1853 1928 aestuanlinm

270 1966 555 2032 undarum,
587 1965 680 2021 sed
725 1965 955 2036 Spiritus
981 1968 1148 2038 gratia
1201 1976 1433 2022 mentem
1473 1974 1709 2020 nostram
1740 1965 1856 2019 illu-

271 2067 469 2121 strans,
523 2073 642 2126 qua:
687 2057 740 2112 id
791 2067 1028 2127 prtcstat,
1084 2067 1139 2112 ιιι
1191 2057 1412 2128 quaesita
1467 2057 1671 2112 facilius
1711 2056 1857 2110 inve-

271 2149 516 2212 niantur,
550 2157 605 2202 et
630 2147 866 2203 laborem
900 2163 1112 2202 omnem
1147 2149 1314 2202 levem
1348 2147 1530 2202 efficit.
1560 2145 1683 2202 Illos
1711 2155 1858 2202 certe

276 2237 484 2305 lapillos
513 2239 778 2293 invenisse
799 2249 1124 2293 scrutantem
1152 2254 1255 2292 non
1278 2239 1500 2292 multum
1526 2237 1695 2306 juvat,
1715 2251 1858 2306 suape

275 2340 453 2385 autem
476 2331 523 2385 ei
555 2332 737 2386 nocuit
758 2341 812 2386 et
841 2333 984 2386 mille
1009 2331 1404 2401 naufragiorum
1432 2347 1590 2386 causa
1622 2332 1734 2397 fuit,
1762 2345 1860 2385 nec

277 2432 476 2475 tantam
512 2424 796 2492 reperienti
826 2423 1061 2478 lzetitiam
1093 2425 1320 2495 peperit,
1351 2432 1603 2494 quantam
1635 2425 1860 2494 repertis

278 2513 381 2567 ilfis
411 2514 708 2568 molestiam
737 2524 987 2582 expertus
1013 2524 1114 2580 est,
1141 2514 1439 2569 invidorum
1468 2529 1661 2584 nempe
1690 2513 1860 2568 oculis

277 2608 560 2659 ειιΙνυιέιιιιι
595 2619 654 2658 se
683 2605 986 2672 concitatis,
1018 2617 1071 2662 et
1101 2607 1276 2661 avaris
1304 2606 1370 2662 ad
1400 2607 1597 2662 bellum
1634 2606 1732 2660 sibi
1777 2607 1860 2661 itt-

279 2696 552 2751 t‘t-rendom
583 2698 821 2755 armatis.
847 2699 920 2753 lta
949 2716 1054 2754 non
1089 2701 1248 2756 modo
1275 2701 1472 2755 nullam
1506 2703 1781 2756 utilitatem
1807 2703 1860 2756 in

281 2790 442 2844 \iiam
471 2789 724 2845 inducunt
758 2793 954 2863 reperti
983 2794 1054 2848 illi
1086 2793 1314 2864 lapides;
1344 2793 1438 2849 sed
1466 2795 1625 2850 etiam
1667 2795 1862 2848 multo-

279 2897 393 2934 rum
423 2891 545 2935 snnt
577 2899 734 2937 causa
776 2884 1060 2939 bellorum.
1092 2886 1340 2940 Avaritiae
1369 2901 1598 2956 namque
1641 2886 1861 2940 materia

280 2983 381 3041 est,
428 2985 482 3030 et
523 2977 791 3032 caminum
840 2978 1144 3049 cupiditatis
1189 2978 1500 3042 incendens,
1543 2994 1725 3034 eorum
1774 2979 1863 3048 qui

281 3066 378 3134 ipsi
427 3066 592 3121 dediti
633 3079 755 3122 sunt
803 3070 1040 3124 animum
1074 3080 1367 3140 oppugnat.
1399 3069 1453 3125 In
1501 3072 1865 3140 Spirilualihus

280 3166 465 3210 eontra
497 3157 644 3212 hisce
686 3159 934 3227 pretiosis
966 3159 1228 3229 lapidibus
1258 3160 1389 3214 nihil
1420 3160 1723 3231 hojusmotli
1757 3178 1867 3216 mc-

283 3250 560 3316 tuendum,
590 3249 684 3306 sed
712 3251 910 3306 divitiae
938 3252 1061 3306 hinc
1079 3253 1318 3308 collecta:
1349 3255 1624 3309 immensae
1648 3264 1792 3321 sunt,
1814 3264 1868 3311 et

283 3341 528 3411 voluptas
581 3343 1072 3409 immarcescihilis,
1127 3355 1180 3398 et
1237 3345 1396 3416 longo
1452 3347 1725 3402 intervallo
1779 3362 1869 3402 su-

285 3449 478 3501 perans
498 3450 712 3489 omnem
744 3438 979 3491 lzctitiam
1006 3437 1278 3493 hominum
1308 3455 1371 3494 ex
1404 3441 1721 3510 supradictis
1746 3457 1866 3511 par-

287 3537 414 3578 tam.
447 3526 558 3580 Iloc
581 3528 764 3582 audias
792 3529 1003 3583 beatum
1040 3529 1287 3584 Davidem
1315 3531 1581 3587 dicentem
1610 3551 1622 3586 :
1654 3531 1866 3587 Deside-

291 3617 470 3671 rabilia
499 3619 704 3688 eloquia
739 3631 823 3673 tua
853 3638 1003 3690 super
1039 3639 1219 3675 aurum
1261 3633 1306 3676 et
1339 3623 1556 3692 lapidem
1598 3625 1872 3694 pretiosum

287 3713 495 3767 multum
522 3711 690 3784 (Prol.
722 3715 806 3770 18.
833 3715 945 3786 Η).
972 3715 1261 3787 Viden'quo
1280 3727 1435 3787 pacto
1456 3718 1730 3772 materiam
1757 3732 1872 3772 om-

286 3805 432 3858 nium
475 3806 912 3874 pretiosissimam
958 3807 1189 3863 habitam
1222 3809 1272 3862 in
1309 3808 1540 3863 medium
1579 3808 1869 3874 adducens,

285 3909 390 3949 non
420 3895 580 3950 modo
611 3897 698 3952 tali
734 3899 1131 3968 comparatione
1170 3907 1453 3952 contentus
1489 3913 1593 3953 non
1634 3909 1748 3963 est;
1778 3899 1872 3954 sed

285 3986 497 4056 adjecit,
529 3985 768 4054 Multum,
801 4005 907 4059 quo
951 3989 1113 4044 verbo
1157 3990 1310 4045 nobis
1354 3989 1468 4059 ejus
1511 3992 1870 4059 pra‘stantiam

287 4078 614 4135 declaravit?
641 4081 811 4152 Super
835 4098 1038 4147 aurum,
1065 4082 1251 4152 inquit,
1285 4092 1330 4135 et
1353 4083 1572 4152 lapidem
1599 4085 1873 4152 pretiosum

290 4171 502 4224 multton
531 4188 550 4225 :
578 4187 682 4227 non
714 4172 852 4242 quod
881 4181 1023 4226 tanta
1054 4173 1226 4229 solum
1271 4174 1477 4228 ratione
1502 4173 1871 4229 desiderabilia

288 4261 397 4313 sint
437 4260 614 4314 divina
662 4263 905 4331 eloquia,
939 4263 1031 4318 sed
1078 4263 1198 4333 quia
1242 4264 1382 4319 solas
1427 4263 1584 4319 hasce
1627 4265 1874 4321 materias

293 4352 431 4420 apud
465 4351 708 4408 homines
738 4355 899 4408 sciret
927 4355 977 4407 in
1009 4369 1217 4409 summo
1246 4354 1429 4412 haberi
1474 4357 1665 4426 pretio,
1710 4356 1789 4411 his
1821 4358 1873 4410 in

296 4443 526 4498 medium
557 4444 797 4500 adductis
828 4447 896 4500 ita
929 4448 1338 4516 praet-Hennam
1381 4447 1632 4504 indicavit
1652 4491 1664 4514 ,
1696 4457 1751 4503 et
1773 4448 1869 4504 de-

291 4537 542 4592 siderium
569 4539 900 4608 eloquiornm
925 4541 1150 4610 Spiritus
1180 4542 1546 4599 vehementius
1573 4559 1691 4598 esse
1717 4543 1870 4597 dixit.

295 4627 360 4680 Et
381 4638 435 4680 ut
455 4627 672 4682 discatis
702 4629 842 4686 lnme
871 4646 1084 4702 semper
1115 4648 1232 4688 esse
1253 4649 1454 4689 morem
1477 4633 1762 4703 Scriptura:
1789 4634 1872 4688 di-

292 4719 428 4773 vinm
447 4719 804 4790 spiritualibus
828 4721 985 4776 rebus
1009 4723 1252 4779 conferre
1271 4739 1388 4780 eam
1411 4740 1530 4793 qua:
1553 4725 1673 4780 inde
1697 4735 1874 4781 manat

302 4810 604 4877 utilitatem,
637 4823 690 4868 et
711 4813 787 4866 sic
809 4813 1223 4883 prtccellentiam
1252 4814 1556 4880 ostendere,
1589 4816 1765 4870 audite
1791 4831 1876 4871 se-

291 4903 506 4968 quentia
533 4921 545 4955 :
570 4904 633 4958 Et
661 4905 892 4960 dulciora
916 4922 1068 4977 super
1083 4905 1180 4958 mel
1192 4917 1236 4959 et
1265 4906 1454 4974 favum.
1488 4907 1554 4961 Et
1572 4907 1654 4962 hic
1667 4923 1875 4978 quoque

294 5009 398 5047 non
428 4996 566 5064 quod
590 5005 738 5050 tanto
763 4999 938 5053 solum
962 4998 1196 5054 dulciora
1227 4999 1362 5064 sint,
1394 5015 1488 5054 nec
1511 5001 1650 5070 quod
1677 5009 1872 5054 tantam

296 5087 498 5155 possint
523 5103 710 5157 parere
752 5093 1076 5161 voluptatem
1101 5133 1114 5152 ,
1148 5091 1239 5146 sed
1270 5094 1390 5163 quia
1439 5092 1570 5148 nihil
1614 5093 1795 5148 habuit
1825 5098 1872 5148 in

295 5181 454 5235 rebus
482 5182 782 5246 sensilibus,
813 5183 953 5253 quod
999 5183 1241 5240 conferre
1283 5195 1459 5254 posset
1500 5186 1752 5254 voluptati
1797 5187 1875 5241 di-

295 5275 540 5327 vinorum
571 5273 902 5345 eloquiornm
927 5294 938 5328 :
963 5275 1159 5332 ideirco
1189 5277 1270 5332 his
1297 5280 1623 5342 memoratis,
1653 5278 1729 5334 sic
1760 5278 1874 5332 illo-

296 5381 412 5419 rum
441 5365 783 5421 eminentiam
814 5367 1128 5437 descripsit,
1152 5384 1215 5425 ac
1243 5369 1541 5424 divinorum
1567 5370 1872 5440 dogmatnm

296 5458 619 5525 voluptatem
661 5459 916 5529 majorem
956 5473 1074 5514 esse
1122 5461 1273 5516 dixit.
1318 5461 1517 5516 Eadem
1561 5476 1746 5516 norma
1797 5465 1876 5516 in-

294 5549 476 5603 venies
487 5549 752 5606 Christum
768 5550 1120 5621 inevangeliis
1136 5551 1454 5606 usum.Nam
1468 5552 1874 5623 enmdiseipnlis

297 5639 618 5708 loqueretur,
650 5641 984 5711 cupientibus
1018 5641 1506 5713 interpretationem
1539 5641 1746 5697 discere
1783 5658 1874 5714 pa-

3433 207 3530 260 ΗΞ

1947 311 2140 367 raholze
2171 313 2482 369 seminantis
2511 314 2707 369 bonum
2740 329 2922 370 semen
2957 315 3007 369 in
3036 330 3165 386 agro
3190 329 3322 381 suo,
3352 326 3407 372 et
3434 319 3529 373 ini-

1944 403 2063 456 mici
2088 404 2285 456 zizania
2313 404 2452 458 inter
2478 404 2709 458 triticum
2734 405 3006 474 jaeientis,
3033 406 3335 460 minutatim
3366 416 3530 461 totam

1945 495 2224 564 esplicavit
2253 495 2579 565 parabolam,
2611 496 2794 550 dicens
2819 496 2939 564 quis
2965 493 3193 561 fueritis
3220 497 3309 565 qui
3337 496 3531 552 bonum

1947 600 2127 640 semen
2172 587 2488 650 seminavit,
2517 588 2637 658 quis
2665 603 2822 658 ager,
2863 603 2982 658 qum
3035 588 3266 656 zizania,
3313 590 3432 660 quis
3475 606 3533 645 ea

1949 679 2311 745 seminaverit,
2341 680 2432 749 qui
2461 695 2749 747 messores,
2772 696 2894 750 qua:
2915 682 3139 737 messis:
3171 692 3226 737 et
3257 695 3536 753 postquam

1949 769 2125 824 omnia
2172 770 2252 824 eis
2293 772 2465 840 palam
2511 771 2743 834 fecisset,
2795 781 2918 827 tunc
2957 773 3031 828 ait
3063 793 3076 827 :
3109 775 3247 828 Justi
3278 775 3538 847 fulgebunt

1950 865 2077 916 sicut
2107 863 2185 917 sol
2213 865 2264 917 in
2288 881 2441 935 regno
2473 863 2643 920 Patris
2670 882 2842 920 eorum
2883 867 3099 937 (Matth.
3148 869 3229 922 l3.
3259 870 3348 938 45)
3384 888 3397 922 :
3432 887 3536 924 nem

1951 955 2092 1023 quod
2118 970 2296 1024 parem
2331 967 2532 1011 tantum
2565 957 2821 1027 fulgorem
2855 959 3086 1014 habituri
3115 961 3222 1014 sint
3253 961 3415 1029 justi,
3443 961 3538 1014 sed

1952 1046 2186 1100 oswndit
2232 1048 2398 1102 tnnlto
2430 1047 2687 1117 majorem
2734 1063 2892 1104 esse:
2928 1059 3131 1104 tantum
3168 1061 3346 1106 autem
3374 1052 3536 1113 dixit,

1953 1137 2093 1205 quod
2144 1137 2313 1206 major
2365 1137 2466 1193 hac
2515 1138 2689 1208 imago
2737 1139 2788 1194 io
2831 1140 3129 1196 visihilibus
3172 1143 3391 1212 reperiri
3435 1158 3539 1197 non

1958 1239 2156 1296 pesset.
2181 1229 2313 1282 Cum
2345 1229 2506 1299 igitur
2528 1230 2655 1300 quid
2689 1231 2866 1286 simile
2891 1233 3162 1297 audimus,
3196 1251 3262 1288 ne
3299 1234 3352 1286 in
3389 1235 3541 1288 dictis

1960 1332 2163 1376 tantum
2193 1322 2444 1378 sistamus
2464 1323 2707 1392 gradum,
2734 1323 2827 1380 sed
2854 1341 2918 1380 ex
2943 1326 3026 1389 iis,
3051 1343 3168 1396 quae
3198 1327 3300 1381 sub
3328 1341 3542 1382 sensum

1957 1424 2012 1466 et
2052 1414 2152 1468 sub
2201 1424 2476 1483 aspectum
2523 1415 2747 1483 eadunt,
2797 1415 3149 1483 spiritualium
3198 1419 3542 1472 eminentiam

1958 1509 2301 1560 mstimemus.
2332 1507 2770 1578 Quandoquidem
2827 1508 2986 1577 igitur
3039 1510 3123 1562 hic
3177 1509 3545 1564 vehementius

1958 1599 2281 1654 desiderium
2315 1600 2538 1654 inveniri
2583 1607 2758 1669 potest
2797 1599 2996 1670 (divina
3036 1601 3296 1672 siquidem
3339 1611 3544 1656 suntet

1959 1691 2249 1759 Spiritualia
2293 1690 2527 1759 eloquia,
2559 1706 2677 1761 qua:
2727 1706 2971 1761 magnam
3018 1692 3223 1760 possint
3269 1692 3321 1746 in
3367 1693 3546 1746 animo

1963 1796 2148 1851 parere
2187 1781 2516 1851 spiritualem
2558 1781 2843 1852 ltetitiam),
2889 1797 3008 1837 cum
3052 1781 3228 1835 studio
3277 1782 3445 1836 multo
3485 1798 3547 1836 ac

1962 1872 2261 1926 vehementi
2283 1871 2550 1926 desiderio
2575 1871 2729 1926 dictis
2750 1887 2908 1927 aures
2938 1871 3288 1942 praebeamus,
3317 1881 3375 1926 ut
3395 1887 3545 1927 veras

1961 1963 2180 2018 divitias
2209 1962 2332 2018 inde
2359 1963 2520 2028 nacti,
2554 1971 2609 2017 et
2635 1962 2702 2018 ad
2742 1978 2860 2017 eam
2891 1979 3010 2033 qua!
3039 1961 3333 2017 secundum
3379 1963 3545 2018 Deum

1961 2065 2044 2112 est
2071 2056 2462 2128 philosophiam
2488 2057 2667 2114 multis
2695 2059 2956 2128 susceptis
2980 2058 3273 2113 seminibus
3292 2100 3307 2125 ,
3348 2059 3425 2113 sic
3449 2059 3548 2113 do-

1963 2165 2106 2205 mum
2134 2159 2483 2207 revertamur.

2031 2246 2086 2300 2.
2129 2245 2420 2301 Audiamus
2446 2244 2604 2314 igitur
2633 2259 2754 2314 qua:
2782 2243 2942 2299 hodie
2968 2243 3098 2298 lecta
3121 2241 3228 2298 sint
3253 2259 3266 2295 :
3299 2243 3392 2299 sed
3423 2244 3543 2298 ani-

1965 2353 2108 2392 nmm
2140 2336 2407 2399 adhibete,
2449 2343 2503 2390 ct
2531 2350 2751 2390 excussa
2798 2334 3001 2405 ignavia
3031 2351 3264 2406 curaque
3310 2335 3549 2391 smculari

1965 2429 2131 2492 omni,
2163 2429 2240 2484 sic
2265 2427 2421 2482 dictis
2441 2426 2702 2482 attendite
2731 2444 2742 2480 :
2775 2427 2968 2482 divina:
2996 2443 3225 2498 namque
3255 2427 3400 2498 leges
3428 2437 3552 2482 sunt

1965 2534 2028 2574 ex
2078 2517 2224 2572 caelis
2252 2518 2322 2572 ob
2349 2519 2571 2573 salutem
2605 2525 2840 2573 nostram
2872 2519 3136 2573 demissm.
3171 2518 3300 2573 Nam
3331 2519 3397 2586 si,
3429 2535 3549 2573 cum

1968 2610 2321 2679 itnperatorite
2365 2610 2533 2663 litera:
2574 2609 2838 2680 leguntur,
2868 2625 3117 2679 magnum
3144 2610 3338 2681 ubique
3365 2621 3448 2666 est
3478 2612 3551 2662 si-

1969 2701 2186 2754 lentiqu
2209 2743 2222 2764 ,
2253 2709 2306 2754 et
2344 2701 2520 2755 omnis
2557 2702 2812 2756 tumultus
2842 2701 3198 2770 strepitusque
3227 2701 3551 2766 eliminatur,

1967 2790 2214 2845 omnibus
2256 2805 2413 2845 aures
2460 2791 2846 2860 arrigentibus,
2895 2803 2950 2845 et
2989 2790 3172 2846 audire
3222 2791 3556 2860 cupientibus

1969 2885 2094 2954 quid
2132 2885 2488 2953 imperatorias
2529 2883 2697 2938 litem
2723 2883 3017 2948 declarent,
3049 2891 3102 2937 ct
3132 2899 3377 2953 magnum
3408 2885 3552 2953 peri-

1969 2977 2145 3030 eulum
2187 2976 2340 3030 adest
2386 2976 2468 3030 Vel
2503 2976 2762 3030 tantillum
2811 2976 3150 3030 tumultuanti
3177 3018 3190 3043 ,
3224 2986 3276 3031 et
3316 2976 3555 3030 lectionis

1969 3068 2165 3123 seriem
2196 3067 2565 3122 interturbanti
2597 3085 2609 3121 :
2643 3068 2807 3121 multo
2832 3066 3000 3137 magis
3027 3067 3111 3122 hic
3135 3082 3256 3123 eum
3285 3069 3473 3122 timore
3503 3075 3557 3120 et

1973 3168 2205 3217 tremore
2248 3159 2585 3222 adstandum.
2617 3169 2670 3214 et
2693 3161 2858 3214 altum
2885 3159 3188 3215 habendum
3219 3160 3487 3215 silentium
3516 3163 3554 3224 ',

1971 3251 2458 3322 cogitationumque
2481 3252 2736 3305 tumultus
2757 3251 3050 3316 arcendus;
3083 3263 3141 3306 ιιι
3167 3267 3285 3321 qua:
3301 3251 3559 3307 dicuntur

1973 3343 2268 3414 intelligere
2295 3345 2544 3415 possitis,
2578 3354 2632 3398 et
2673 3354 2729 3398 nt
2765 3343 3164 3414 ohseqnentiam
3194 3352 3427 3400 vestram
3459 3359 3556 3412 ap-

1974 3435 2204 3504 probans
2233 3435 2341 3490 llex
2373 3435 2625 3489 CtBlOl'lltll
2648 3477 2662 3501 ,
2693 3435 2982 3505 majoribus
3021 3451 3113 3489 vos
3139 3435 3447 3489 muneribus
3473 3435 3559 3488 di-

1973 3534 2186 3595 gnetur.
2223 3525 2503 3582 Videamus
2529 3527 2688 3596 igitur
2708 3527 2831 3597 quid
2863 3542 2960 3582 nos
2988 3543 3126 3581 ntmc
3152 3527 3342 3583 doceat
3371 3527 3558 3582 beatus

1974 3618 2216 3690 Moyses,
2259 3633 2362 3673 non
2397 3620 2607 3689 propria
2657 3627 2859 3673 tantum
2892 3618 3100 3687 lingua,
3132 3617 3224 3673 sed
3269 3627 3322 3673 et
3359 3617 3558 3688 Spiriut

1976 3723 2160 3769 saneto
2189 3713 2400 3768 afﬂatus
2429 3714 2541 3768 hare
2585 3713 2838 3782 loquens,
2860 3714 2944 3768 15.
2982 3713 3044 3766 Et
3080 3713 3310 3781 accepit,
3357 3713 3518 3782 inquit
3542 3753 3557 3776 ,

1979 3806 2228 3860 Dominus
2261 3806 2396 3860 Deus
2436 3806 2706 3868 hominem,
2735 3821 2881 3875 quem
2913 3806 3163 3876 formavit.
3197 3805 3338 3859 Bene
3383 3805 3559 3857 statim

1975 3915 2006 3954 a
2038 3899 2293 3969 principio
2319 3900 2432 3953 lucc
2456 3898 2562 3951 duo
2587 3899 2756 3968 posuit
2788 3915 2800 3949 :
2827 3913 2928 3950 non
2951 3898 3090 3951 enim
3113 3897 3261 3960 dixit,
3287 3895 3558 3957 Dominus,

1977 4001 2032 4048 et
2058 3995 2258 4057 tacuit,
2289 3990 2381 4046 sed
2411 3991 2607 4045 addidit
2641 3989 2813 4053 Deus;
2847 3989 2929 4042 hic
2960 3987 3154 4058 aliquid
3185 3989 3356 4042 latens
3384 3995 3438 4041 et
3472 4001 3562 4040 oc-

1978 4086 2174 4140 cultum
2204 4084 2357 4139 nobis
2393 4081 2649 4146 iudicans,
2691 4090 2746 4135 ut
2774 4081 3067 4144 discamus,
3101 4080 3212 4134 sive
3241 4077 3515 4132 Dominum
3543 4119 3559 4145 ,

1979 4179 2092 4233 sive
2123 4179 2288 4232 Deum
2320 4176 2598 4232 audiamus
2617 4217 2633 4243 ,
2665 4175 2869 4229 nullum
2897 4189 3017 4229 esse
3048 4175 3185 4227 inter
3208 4173 3321 4227 haec
3349 4171 3562 4226 nomina

1979 4271 2288 4325 discrimen.
2316 4269 2427 4323 lloe
2453 4277 2630 4321 autem
2662 4282 2765 4320 non
2797 4266 2911 4319 sine
2939 4279 3097 4319 causa
3128 4262 3571 4325 commemoravi;

1978 4361 2074 4416 sed
2095 4371 2152 4415 ut
2177 4375 2297 4414 eum
2323 4359 2554 4415 audieris
2574 4359 2792 4413 Paulum
2818 4357 3107 4420 dicentem,
3135 4354 3278 4410 Unus
3302 4354 3436 4407 Deus
3459 4353 3564 4405 Pa-

1982 4465 2073 4518 ter,
2103 4468 2165 4506 ea:
2190 4469 2288 4523 quo
2317 4453 2506 4515 omnia,
2540 4461 2586 4506 et
2612 4467 2742 4504 unus
2767 4448 3012 4503 Dominus
3031 4447 3183 4502 Iesus
3202 4444 3452 4507 Christus,
3479 4460 3566 4512 per

1979 4563 2123 4616 quem
2153 4546 2322 4600 omnia
2365 4545 2453 4615 (1.
2484 4543 2601 4597 Cor.
2633 4544 2685 4599 8.
2715 4542 2822 4612 6),
2853 4557 2920 4595 ne
2951 4551 3102 4610 putes
3131 4538 3484 4593 differentiam
3514 4538 3563 4588 in

1981 4637 2200 4692 vocibus
2225 4652 2344 4692 esse
2364 4678 2379 4703 ,
2405 4646 2458 4690 et
2488 4635 2708 4689 alteram
2737 4633 2926 4703 majus,
2956 4633 3177 4684 alteram
3215 4629 3390 4683 minus
3417 4626 3570 4694 quid-

1982 4731 2120 4801 piam
2167 4729 2486 4801 signiﬁeare.
2534 4726 2654 4783 Ideo
2684 4725 3143 4780 indiserimiuatim
3183 4721 3455 4790 Scriptura
3486 4718 3568 4772 his

1982 4825 2148 4879 utitur
2173 4821 2495 4884 nominibus,
2527 4829 2582 4873 ut
2611 4816 2958 4872 contentiosis
2999 4830 3102 4867 non
3144 4813 3298 4867 liceat
3329 4811 3379 4864 id
3424 4808 3563 4878 quod

1985 4917 2082 4989 ipsi
2109 4916 2584 4972 comminiscuntur
2619 4913 2755 4966 inter
2787 4919 2928 4964 recta
2961 4907 3206 4977 dogmata
3243 4903 3465 4958 referre.
3501 4901 3568 4955 Et

1984 5021 2042 5066 ut
2084 5011 2259 5066 discas
2301 5009 2533 5064 divinam
2573 5005 2900 5075 Scripturam
2941 5009 3186 5055 neutrum
3217 4999 3407 5053 horum
3439 5010 3567 5065 qua-

1983 5107 2103 5159 dam
2127 5104 2373 5159 distincta
2406 5100 2792 5170 significatione
2830 5102 3035 5151 servata
3061 5091 3332 5162 proferre,
3366 5105 3427 5142 ex
3468 5088 3568 5141 hoc

1985 5198 2100 5268 ipso
2143 5195 2281 5266 quod
2325 5194 2518 5249 dicitur
2562 5191 2843 5261 diligenter
2883 5184 3160 5240 considera
3206 5201 3218 5237 :
3254 5179 3318 5233 Et
3355 5178 3564 5246 accepit,

1986 5289 2184 5358 inquit,
2235 5283 2484 5339 Dominus
2527 5282 2676 5336 Deus.
2725 5281 2798 5335 De
2845 5294 2950 5348 quo
2991 5277 3100 5330 vult
3141 5271 3423 5328 barreticus
3450 5284 3569 5324 esse

1983 5378 2234 5435 dictum?
2304 5377 2378 5432 De
2450 5375 2604 5429 Patre
2667 5371 2886 5426 solum?
2954 5368 3102 5423 Esto.
3181 5363 3312 5420 Audi
3393 5363 3569 5430 itaque

1987 5472 2204 5526 Paulum
2262 5469 2523 5524 dicentem
2581 5483 2592 5518 :
2658 5462 2802 5519 Unus
2872 5461 3011 5516 Deus
3082 5458 3273 5520 Pater,
3345 5471 3407 5508 ex
3462 5468 3564 5523 quo

2050 5650 2066 5680 ⁸
2102 5645 2286 5704 Morel,
2310 5650 2353 5693 et
2376 5655 2550 5707 magna
2572 5641 2792 5692 habenda
2818 5636 3081 5702 diligentia.
