4074 6134
445 463 637 527 omnia,
685 472 730 517 et
782 481 914 520 unus
958 463 1208 522 Dominus
1251 466 1403 523 Iesus
1446 469 1696 536 Christus,
1750 490 1840 538 per
1885 490 2032 543 quem

446 555 634 609 omnia.
679 554 811 611 Vide
838 558 1108 627 quomodo
1152 575 1367 621 nomen.
1412 560 1678 628 Dominus,
1724 563 1857 618 Filio
1883 565 2034 618 attri-

449 643 569 700 buat
593 643 618 698 ἲ
644 643 753 700 Cur
778 661 907 717 ergo
927 646 1108 704 dicant
1129 664 1342 718 nomen,
1377 649 1645 719 Dominus,
1674 653 1893 724 majoris
1914 668 2033 709 esse

446 737 718 807 dignitatis
759 754 918 808 quam
968 739 1116 805 illud,
1162 741 1343 796 Deus?
1387 741 1572 799 Videte
1612 759 1775 814 quam
1817 744 1887 799 sit
1933 743 2035 801 hoe

454 828 763 895 absurdum,
791 839 845 884 et
867 842 1063 900 quanta
1090 832 1435 902 blasphemia:
1460 835 1713 905 gravitas.
1737 837 1868 890 Cum
1890 834 2032 889 cuitu

447 919 567 988 quis
606 920 833 974 uoluerit
870 920 1065 976 divina:
1105 922 1395 991 Scriptura:
1441 940 1680 979 normam
1730 925 1902 995 sequi,
1936 923 2031 979 sed

448 1013 561 1067 suis
597 996 891 1068 r'atiociuiis
942 1015 1114 1069 locum
1169 1015 1298 1071 dare
1338 1017 1759 1085 praesumpserit,
1815 1032 2031 1072 sensum

449 1102 664 1158 turbare
684 1105 841 1172 solet,
869 1116 923 1160 et
951 1106 1184 1162 inﬁnitas
1211 1108 1582 1162 contentiones
1604 1107 2033 1179 quaestionesque

450 1204 631 1250 movet
655 1196 912 1251 adversus
940 1213 1123 1252 sanam
1153 1199 1470 1252 doctrinam.
1504 1197 1572 1252 Et
1596 1200 1808 1266 accepit,
1841 1200 2030 1268 inquit,

452 1283 701 1340 Dominus
722 1286 859 1340 Deus
882 1286 1155 1355 hominem,
1175 1304 1320 1358 quem
1344 1291 1597 1361 formavit,
1621 1299 1669 1344 et
1694 1289 1860 1360 posuit
1889 1288 2034 1342 illam

448 1378 503 1430 in
519 1377 759 1446 paradiso
778 1379 1069 1448 voluptatis,
1096 1390 1154 1434 ut
1178 1392 1471 1451 aperaretur
1495 1390 1541 1437 et
1570 1381 1843 1436 custodiret
1864 1381 2029 1435 illum.

453 1465 585 1521 Vide
626 1477 876 1537 quantam
918 1470 1086 1523 creati
1123 1470 1352 1525 hominis
1398 1471 1781 1541 providentiam
1818 1470 2029 1527 habeat.

453 1559 736 1630 Postquam
766 1560 908 1615 enim
961 1559 1077 1616 heri
1118 1576 1214 1615 nos
1248 1562 1429 1616 docuit
1465 1562 1651 1618 beatus
1697 1561 1906 1632 Moyses
1949 1560 2032 1617 bis

450 1648 665 1703 verbis:
697 1647 953 1703 Plantavit
981 1650 1117 1705 Deus
1138 1651 1453 1719 paradisum,
1481 1659 1527 1705 et
1554 1652 1718 1722 posuit
1740 1651 1846 1706 illic
1869 1651 2033 1706 homi-

450 1755 565 1793 nem
594 1754 614 1793 :
643 1740 692 1793 id
738 1750 843 1804 est,
893 1741 1063 1795 voluit
1097 1753 1152 1796 ut
1205 1743 1275 1796 ibi
1315 1742 1644 1798 domicilium
1695 1742 1936 1810 haberet,
1977 1754 2033 1799 et

451 1831 680 1900 paradisi
707 1832 911 1888 deliciis
939 1834 1202 1890 frueretur
1231 1854 1244 1890 :
1273 1836 1431 1891 hodie
1461 1835 1652 1890 iterum
1673 1835 1906 1890 declarat
1933 1851 2034 1890 no-

456 1923 535 1977 bis
564 1923 883 1979 iuch‘abilem
913 1926 1006 1979 Dei
1034 1927 1391 1988 clementiam,
1422 1942 1579 1997 quam
1601 1927 1743 1982 circa
1764 1927 1913 1982 illum
1939 1942 2034 1983 ex-

451 2012 616 2075 hibet,
641 2021 698 2067 ct
725 2029 1004 2070 resumens
1034 2030 1339 2071 sermonem
1369 2017 1442 2070 ait
1468 2034 1486 2071 :
1521 2016 1588 2071 Et
1631 2017 1826 2088 accepit
1854 2014 2032 2071 Domi-

448 2120 547 2157 nus
574 2101 712 2157 Deus
756 2105 1025 2170 hominem,
1055 2122 1202 2178 quem
1231 2108 1486 2175 formavit,
1542 2117 1587 2161 et
1631 2107 1795 2178 posuit
1823 2123 1935 2162 eum
1977 2107 2030 2161 in

448 2192 690 2263 paradiso
715 2193 1022 2264 uoluptatis;
1051 2209 1158 2250 non
1184 2193 1249 2249 In
1279 2197 1520 2266 paradiso
1546 2196 1717 2251 solutn
1748 2195 1901 2261 dixit,
1933 2195 2029 2252 sed

447 2285 675 2352 addidit,
714 2284 1018 2356 Voluptatis,
1066 2298 1124 2343 ut
1162 2289 1448 2358 ingentem,
1483 2304 1584 2358 qua
1626 2290 1677 2344 in
1710 2290 1795 2344 illa
1824 2289 2029 2344 habita-

448 2377 595 2432 tione
643 2376 951 2443 lruebatur,
990 2378 1315 2449 voluptatem
1367 2380 1524 2433 nobis
1572 2379 1868 2435 declararet
1909 2397 1924 2434 :
1965 2395 2029 2436 ac

448 2478 726 2539 postquam
766 2470 926 2537 dixit,
958 2470 1139 2527 Posuit
1179 2473 1322 2527 illum
1351 2473 1403 2526 in
1451 2474 1693 2542 paradiso
1734 2474 2025 2544 voluptatis,

446 2559 615 2627 addit,
642 2558 709 2615 Ut
733 2572 1025 2632 operaretur
1043 2572 1090 2617 ct
1110 2563 1379 2617 custodiret
1404 2562 1571 2616 illum.
1600 2563 1831 2633 lugentis
1852 2574 1905 2618 et
1929 2562 2029 2618 hoc

447 2650 789 2719 providentiae
815 2660 917 2706 est.
947 2651 1206 2720 Quoniam
1232 2653 1373 2708 enim
1399 2654 1451 2708 in
1485 2652 1785 2723 hujusmodi
1811 2653 2029 2708 sedibus

445 2740 593 2795 omni
638 2741 941 2810 replebatur
970 2743 1258 2813 voluptate,
1304 2754 1358 2799 et
1400 2756 1649 2814 aspectus
1670 2746 2022 2815 jneunditate,

445 2845 510 2884 ac
537 2832 715 2885 lautitia
746 2832 868 2887 inde
896 2843 1045 2902 parta
1074 2834 1366 2902 fruebatur,
1396 2850 1464 2889 ne
1490 2851 1555 2890 ex
1586 2836 1747 2890 nimia
1776 2835 2027 2892 felicitate

444 2922 608 2977 homo
651 2923 994 2980 iusolesceret
1040 2925 1279 2996 (Omnem
1321 2928 1487 2994 enim,
1537 2928 1728 2999 inquit,
1777 2930 2026 2983 malitiam

443 3013 612 3066 docuit
641 3015 799 3067 otium
824 3015 1006 3085 (Eccli.
1038 3018 1127 3073 53.
1168 3017 1285 3088 29),
1319 3017 1438 3074 ideo
1469 3020 1721 3090 prmcepit
1750 3020 1909 3086 Deus,
1956 3018 2025 3076 Ut

441 3114 757 3172 operaretur,
795 3117 840 3158 et
866 3107 1134 3161 custodiret
1161 3108 1328 3163 illum.
1355 3108 1492 3176 Quid
1526 3121 1725 3175 autem,
1758 3111 1926 3179 dices,
1957 3111 2024 3166 il-

444 3196 545 3250 lius
572 3211 699 3250 cura
725 3198 911 3267 egebat
935 3198 1249 3267 paradisus?
1274 3199 1388 3254 Non
1421 3201 1523 3255 hoc
1546 3201 1706 3268 dico;
1738 3201 1829 3256 sed
1863 3202 2026 3257 voluit

443 3296 620 3342 tamen
639 3298 695 3343 ut
723 3288 983 3343 modicam
1009 3304 1190 3345 curam
1211 3300 1420 3362 gereret
1442 3292 1632 3361 partim
1650 3292 2022 3360 custodiendo,

440 3390 497 3433 et
523 3379 713 3448 partim
757 3381 1082 3450 operando‘.
1132 3381 1190 3437 Si
1234 3383 1378 3437 enim
1408 3384 1553 3438 omni
1595 3398 1815 3454 prorsus
1841 3383 2024 3440 labore

442 3486 641 3527 vacuus
668 3472 876 3541 fuisset,
907 3489 972 3529 ex
1014 3474 1177 3529 nimio
1204 3476 1313 3530 otio
1336 3475 1516 3531 statim
1546 3476 1597 3531 in
1628 3475 1891 3547 ignaviam
1921 3476 2021 3532 de-

442 3565 696 3620 cliuasset
729 3583 743 3618 :
774 3575 828 3619 at
873 3580 993 3620 cum
1024 3566 1322 3636 opt-rationi
1365 3582 1486 3622 sese
1515 3565 1669 3622 daret
1696 3568 1812 3622 sine
1837 3566 2023 3624 dolore

442 3655 525 3710 vel
553 3655 818 3723 molestia,
850 3657 1231 3726 temperantior
1250 3670 1369 3712 esse
1392 3664 1620 3726 poterat.
1654 3656 1788 3711 Illud
1814 3664 2018 3724 autem,

442 3747 512 3802 Ut
541 3760 854 3819 operaretur,
879 3764 983 3803 non
1011 3750 1128 3803 sine
1154 3762 1313 3803 causa
1341 3747 1552 3814 dicitur,
1584 3748 1678 3803 sed
1717 3755 1801 3803 est
1830 3757 2021 3802 attem-

440 3849 682 3910 peratum
711 3840 934 3907 dictum,
977 3847 1033 3893 ut
1063 3840 1217 3908 plane
1246 3841 1426 3904 sciret,
1473 3853 1531 3892 se
1556 3838 1775 3894 domino
1807 3837 2017 3892 cuidam

439 3933 648 4002 subjici,
679 3933 766 4003 qui
795 3940 952 3986 tanta:
980 3931 1264 4002 voluptatis
1292 3931 1672 3987 habitationem
1714 3930 1816 3986 sibi
1841 3929 2024 3985 dedis-

436 4036 541 4089 set,
579 4008 633 4079 et
672 4024 912 4095 ejusdem
961 4023 1063 4079 sibi
1088 4022 1383 4079 custodiam
1414 4022 1665 4079 traderet.
1701 4023 1839 4077 Deus
1875 4021 2017 4078 enim

438 4118 617 4171 omnia
644 4116 772 4172 facit
816 4126 871 4172 et
912 4124 1167 4184 Operatur
1205 4124 1423 4186 propter
1451 4122 1686 4170 nostram
1714 4116 2017 4181 utilitatem,

437 4223 503 4263 ac
525 4222 645 4263 cum
686 4208 775 4263 illa
819 4208 979 4263 etiam
1010 4208 1314 4264 fruitionem
1345 4207 1752 4276 libertatemque
1795 4206 2016 4277 praebet.

437 4297 568 4353 Nam
589 4299 634 4353 si
661 4314 726 4354 ex
753 4299 1011 4355 immensa
1037 4314 1132 4353 sua
1158 4299 1504 4369 benignitate,
1525 4298 1683 4353 etiam
1713 4299 2015 4367 priusquam

439 4406 538 4447 nos
567 4391 904 4462 produceret,
936 4392 1221 4448 ineffabilia
1263 4391 1349 4445 illa
1396 4391 1533 4445 bona
1563 4390 1714 4444 nobis
1746 4405 2015 4459 praepara-

438 4483 532 4547 vit,
555 4482 999 4553 quemadmodum
1032 4483 1122 4538 ille
1146 4481 1278 4538 dicit
1306 4499 1320 4536 :
1364 4480 1556 4546 Venite,
1579 4480 1819 4536 benedicti
1845 4478 2016 4535 Patris

438 4573 556 4639 mei,
605 4572 878 4626 hereditate
919 4572 1131 4644 accipite
1175 4581 1410 4642 paratum
1463 4569 1600 4625 vobis
1647 4588 1858 4642 regnum
1899 4580 2015 4624 ante

435 4663 839 4717 constitutionem
881 4664 1059 4717 mundi
1090 4662 1303 4733 (Matth.
1342 4663 1435 4718 25.
1478 4660 1571 4736 54)
1600 4680 1615 4716 :
1647 4663 1815 4718 multo
1849 4663 2018 4733 magis

437 4754 717 4822 pra-sentin
745 4752 924 4808 omnia
949 4753 1164 4823 largiter
1186 4753 1459 4824 praebebit.
1534 4802 1543 4809 κ

507 4842 561 4896 3.
602 4842 734 4910 Quia
775 4844 933 4914 igitur
971 4853 1047 4898 tot
1075 4844 1331 4900 benelicia
1383 4843 1436 4898 in
1472 4851 1711 4900 creatum
1742 4843 2014 4900 hominem

433 4933 677 5000 contulit,
705 4935 982 5004 primoque
1010 4950 1074 4989 ex
1106 4935 1272 4990 nihilo
1301 4934 1566 5005 produxit,
1609 4945 1665 4989 et
1706 4951 1771 4989 ex
1799 4936 2015 5006 pulvere

432 5039 627 5094 corpus
657 5022 889 5079 formare
917 5025 1163 5096 dignatus
1189 5033 1294 5093 est,
1325 5015 1632 5095 posteaque,
1653 5025 1794 5095 quod
1837 5026 2018 5081 excel-

434 5114 632 5171 lentius
656 5125 794 5181 erat,
821 5115 1053 5170 animam
1083 5116 1449 5187 incorporeum
1479 5130 1574 5186 per
1602 5116 2016 5172 insufﬂationem

432 5208 598 5273 dedit,
633 5207 934 5280 deindequ
963 5209 1265 5279 paradisum
1296 5223 1437 5274 esse,
1477 5216 1533 5264 et
1574 5222 1697 5263 eum
1730 5207 1838 5263 illic
1863 5222 2016 5263 com-

432 5298 631 5357 morari
653 5298 828 5367 jussit,
857 5309 979 5369 post
1007 5298 1122 5355 lucc
1142 5307 1198 5353 ut
1225 5308 1374 5368 pater
1397 5298 1564 5370 prolis
1587 5313 1793 5366 amans,
1827 5305 2014 5354 tenero

433 5392 541 5446 lilio
566 5392 726 5446 multa
758 5391 1002 5447 libertate
1032 5400 1086 5447 ct
1120 5393 1305 5463 requie
1347 5392 1562 5457 fruenti,
1593 5407 1662 5447 ne
1694 5393 2011 5459 insolescat,

430 5499 649 5555 parvam
670 5484 953 5555 quamdam
977 5493 1031 5539 et
1055 5483 1382 5539 moderatam
1405 5498 1586 5538 curam
1612 5484 1908 5556 excogitat;
1939 5486 2016 5540 sic

493 5665 509 5693 ι
545 5658 686 5710 savii.
727 5668 780 5712 et
817 5669 937 5727 Reg.
955 5672 1084 5711 unus
1103 5660 1174 5727 sic
1192 5660 1411 5712 habent:
1538 5661 1716 5727 partim
1736 5661 2012 5727 operando:

428 5726 535 5786 hac
555 5728 717 5773 autem
750 5721 968 5786 operatio
995 5721 1150 5786 muttis
1191 5728 1309 5786 erat
1336 5736 1514 5786 expers
1536 5721 1731 5786 laboris,
1766 5721 2014 5776 "tribuerat

428 5783 502 5836 itit
528 5791 654 5836 Deus
674 5781 873 5846 operam
893 5785 995 5836 sine
1018 5781 1181 5836 dolore
1204 5790 1249 5835 ct
1265 5784 1369 5838 sine
1387 5781 1605 5836 iitiscritt.

1543 355 1605 411 IN
1642 358 1790 414 CAP.
1816 358 1876 415 ll.
1917 360 2161 419 GENES.
2205 363 2430 420 IIOMIL.
2472 365 2610 421 XIV.

3624 381 3720 436 tu

2142 474 2286 531 Deus
2317 476 2521 535 Adamo
2546 480 2915 548 operationem
2941 491 2997 537 et
3039 483 3334 539 custodiam
3367 487 3636 556 praecepit,
3666 500 3721 544 ut

2138 581 2258 620 cum
2305 567 2468 622 multa
2515 569 2809 640 voluptate,
2850 575 3135 630 securitate
3175 583 3341 646 atque
3382 578 3562 649 quiete
3607 578 3721 632 inec

2139 656 2246 712 duo
2275 657 2515 726 haberet,
2550 676 2670 731 qua:
2711 663 3095 733 aliquantulum
3126 666 3445 738 impedirent
3488 685 3554 723 ue
3584 671 3719 724 ultra

2139 755 2308 800 metas
2351 749 2681 816 procederet.
2733 752 2856 808 llaec
2890 755 3103 823 quidem
3147 759 3319 826 primo
3356 760 3550 813 collata
3597 771 3722 815 sunt

2138 837 2355 892 condito
2402 839 2641 906 homini;
2672 858 2790 912 qua:
2827 854 3005 898 autem
3049 847 3149 901 sub
3194 847 3308 903 lucc
3345 849 3550 917 adjecta
3597 861 3717 904 sunt

2140 945 2382 1001 magnam
2411 949 2535 1004 erga
2560 933 2710 989 illum
2734 934 3007 991 declarant
3034 938 3413 1009 benignitatem
3439 951 3603 1012 atque
3633 942 3719 996 in-

2138 1020 2484 1091 dulgentiam,
2542 1039 2701 1095 quam
2744 1041 2810 1081 ex
2848 1042 2944 1082 sua
2991 1028 3227 1085 bonitate
3269 1031 3525 1086 exhibuit.
3580 1032 3716 1101 Quid

2137 1112 2280 1167 enim
2304 1113 2432 1169 dicit
2458 1116 2769 1191 Scriptura?
2799 1117 2862 1171 Et
2889 1120 3124 1191 prazcepit
3147 1120 3390 1177 Dominus
3418 1121 3554 1178 Deus
3573 1124 3714 1179 Δάαι.

2208 1203 2396 1260 Contra
2423 1223 2505 1261 eos
2531 1210 2618 1278 qui
2649 1209 2893 1277 quasdam
2920 1226 3059 1265 voces
3101 1211 3269 1278 Patri,
3299 1216 3545 1285 quasdam
3585 1213 3720 1269 Filio

2136 1296 2503 1351 admittebant.
2529 1328 2598 1340 —
2623 1299 2762 1354 Ecce
2787 1301 2977 1355 iterum
3009 1302 3096 1357 hic
3123 1303 3309 1358 eadem
3339 1306 3722 1361 consuetudine

2140 1385 2323 1453 utitur,
2358 1395 2414 1440 ut
2442 1386 2631 1444 iisdem
2676 1388 2983 1459 frequenter
3025 1392 3268 1461 repetitis
3296 1393 3594 1449 accuratius
3620 1394 3719 1449 do-

2136 1477 2360 1531 ctrinam
2387 1480 2735 1550 excipiamus,
2768 1491 2821 1536 et
2846 1496 2914 1536 ne
2945 1481 3081 1537 ultra
3110 1481 3342 1539 feramus
3369 1498 3484 1551 eos,
3511 1485 3602 1555 qui
3626 1500 3722 1539 au-

2135 1565 2263 1623 dent
2303 1571 2516 1625 notuina
2544 1586 2641 1642 pro
2679 1572 2833 1627 libito
2861 1572 3212 1645 distinguere,
3261 1586 3316 1630 et
3366 1575 3509 1630 aliud
3554 1576 3718 1632 Patri.

2136 1660 2282 1717 aliud
2328 1662 2464 1719 Filio
2521 1664 2848 1722 adscribere.
2901 1668 3035 1733 Quia
3087 1669 3227 1722 enim
3279 1670 3556 1740 utriusque
3617 1686 3719 1724 una

2135 1755 2428 1810 substantia
2456 1765 2560 1821 est,
2603 1759 2721 1814 ideo
2744 1758 2921 1815 divina
2960 1760 3231 1831 Scriptura
3259 1761 3721 1818 indiscriminatim

2135 1845 2421 1915 aliquando
2456 1847 2624 1914 Patri,
2649 1849 2936 1919 aliquando
2962 1849 3105 1906 Filio
3130 1851 3334 1906 tribuit.
3364 1851 3432 1906 Et
3458 1857 3716 1924 prarccpit,

2136 1938 2325 2008 inquit,
2354 1938 2602 1995 Dominus
2632 1940 2767 1996 Deus
2797 1943 2920 1997 Adae
2946 1943 3135 1998 dicens.
3163 1943 3259 1998 llic
3287 1946 3480 2000 merito
3508 1956 3718 2014 stupea-

2135 2044 2253 2084 mus
2276 2030 2369 2085 Dei
2396 2032 2739 2087 clementiam
2766 2035 2927 2089 verba
2965 2036 3144 2089 oinm'a
3172 2045 3514 2105 superantem
3534 2037 3717 2091 viden-

2137 2131 2236 2187 tes,
2264 2138 2422 2193 quam
2470 2124 2619 2178 brevi
2661 2124 2762 2180 bac
2804 2126 3037 2181 dictione
3078 2125 3316 2182 exhibet.
3363 2125 3433 2180 Et
3457 2129 3712 2198 praecepit,

2135 2213 2324 2284 inquit.
2348 2215 2481 2270 Vide
2506 2217 2683 2272 statim
2709 2216 2778 2271 ab
2801 2217 2970 2284 initio,
2998 2226 3196 2288 quanto
3216 2218 3421 2275 honore
3445 2219 3715 2274 hominem

2135 2304 2491 2374 prosequitur.
2523 2305 2706 2375 Neque
2720 2306 2860 2361 enim
2882 2307 3054 2362 dixit:
3087 2309 3388 2378 Imperavit,
3413 2308 3495 2365 vel
3516 2309 3714 2363 tussit:

2134 2397 2228 2451 scd
2258 2397 2382 2467 quid
2406 2398 2430 2452 ?
2454 2396 2733 2469 Pratcepit.
2751 2399 2895 2454 Sicut
2917 2399 3121 2455 anticus
3145 2399 3319 2455 amico
3344 2400 3411 2455 de
3435 2400 3593 2457 rebus
3625 2417 3718 2456 ne-

2132 2488 2378 2544 ceSSariis
2410 2491 2727 2560 praecipiens
2762 2492 3010 2561 IOquitur,
3049 2492 3117 2546 ita
3158 2501 3211 2547 et
3250 2493 3390 2547 Deus
3417 2508 3539 2562 erga
3570 2494 3712 2549 Ada-

2133 2585 2311 2637 mum‘
2343 2584 2573 2639 afﬁcitur
2596 2602 2609 2638 :
2630 2586 2779 2656 quasi
2818 2585 2920 2641 hoc
2943 2586 3148 2641 honore
3173 2584 3345 2656 ipsum
3372 2585 3437 2641 ad
3463 2586 3716 2641 obedien-

2134 2676 2261 2732 dum
2290 2679 2356 2733 iis
2374 2693 2537 2748 quaen
2568 2694 2629 2734 se
2658 2678 3119 2749 praecipiebantur,
3151 2688 3489 2735 attracturus.
3527 2678 3612 2733 16.
3648 2677 3716 2733 Et

2132 2773 2369 2843 pra’cepit
2400 2772 2651 2827 Dominus
2681 2771 2818 2826 Deus
2860 2771 2985 2826 Ada'
3025 2773 3197 2826 dicens
3223 2787 3242 2826 :
3267 2770 3347 2826 De
3387 2772 3524 2825 omni
3551 2771 3712 2841 ligno,

2130 2863 2266 2935 quod
2293 2874 2364 2918 est
2410 2865 2463 2917 in
2494 2865 2751 2934 paradiso,
2795 2863 3099 2918 comedenda
3133 2862 3361 2917 comedes
3388 2863 3514 2916 :17.
3555 2861 3619 2915 de
3645 2861 3711 2915 li-

2129 2971 2228 3027 gno
2256 2964 2425 3009 autem
2466 2955 2658 3011 sciendi
2704 2954 2886 3009 bonum
2933 2964 2979 3008 et
3025 2954 3231 3019 malum,
3276 2970 3386 3007 non-
3423 2952 3709 3006 comedetis.

2132 3046 2457 3115 Quocumque
2478 3057 2640 3100 autem
2671 3047 2751 3100 die
2777 3046 3090 3100 comederitis
3127 3060 3189 3099 ea:
3215 3060 3294 3110 eo,
3334 3053 3493 3098 morte
3525 3045 3709 3097 morie-

2130 3139 2272 3192 mini.
2303 3138 2487 3210 Magna
2539 3137 2693 3206 hujus
2731 3136 2979 3208 prmcepti
3028 3135 3252 3191 facilitas
3283 3144 3383 3191 est.
3415 3134 3541 3200 Sed,
3572 3135 3707 3189 dile-

2129 3239 2233 3294 cte,
2263 3244 2422 3301 grave
2450 3228 2646 3284 malum
2681 3240 2761 3284 est
2788 3228 3026 3291 desidia;
3058 3228 3198 3283 sicut
3220 3228 3362 3282 cnim
3389 3227 3476 3281 illa
3508 3225 3633 3280 facit
3654 3236 3708 3278 ut

2128 3320 2300 3379 facilia
2327 3321 2504 3377 omnia
2532 3320 2811 3376 videantur
2833 3319 3087 3387 difﬁcilia,
3116 3318 3195 3374 sic
3218 3317 3450 3373 studium
3482 3326 3536 3371 et
3573 3316 3709 3386 vigi-

2126 3415 2310 3479 lantia,
2355 3413 2513 3469 etiam
2561 3413 2739 3468 omnia
2782 3412 2947 3467 ardua
2986 3422 3041 3466 et
3069 3409 3303 3466 difﬁcilia
3344 3408 3514 3464 {acilia
3554 3408 3709 3463 nobis

2127 3505 2372 3560 reddunt.
2400 3503 2538 3571 Quid
2577 3505 2744 3569 enim,
2781 3503 2888 3570 dic,
2920 3516 3124 3572 quasso,
3154 3500 3256 3556 hoc
3292 3500 3544 3556 mandato
3580 3499 3709 3555 faci-

2129 3590 2273 3647 lius?
2299 3593 2431 3663 quid
2461 3594 2566 3648 hoc
2596 3593 2799 3647 honore
2826 3593 3036 3662 majus?
3060 3592 3400 3647 Coucedcbat
3423 3591 3624 3647 versari
3656 3590 3707 3644 in

2126 3684 2392 3754 paradiso,
2425 3683 2709 3738 visibilium
2733 3684 3063 3739 formositate
3093 3683 3370 3750 oblectari,
3401 3682 3708 3752 aspicienda

2124 3776 2417 3831 exhilarari-
2445 3784 2500 3830 et
2526 3774 2750 3831 fruendo
2777 3790 3017 3844 magnam
3051 3776 3374 3845 voluptatem
3404 3774 3704 3845 percipere.

2124 3868 2306 3939 Cogita
2333 3884 2490 3939 quam
2522 3868 2813 3939 jucundum
2844 3867 2997 3923 fuerit
3030 3869 3215 3924 videre
3264 3868 3487 3923 arbores
3518 3865 3703 3920 fructi-

2125 3960 2222 4014 bus
2261 3970 2529 4026 oncratas,
2562 3958 2753 4015 ﬂorum
2784 3960 3115 4025 varietatem,
3162 3959 3448 4015 herbarum
3477 3955 3704 4014 diversi-

2126 4059 2309 4117 tatem,
2341 4049 2588 4105 foliorum
2619 4065 2821 4115 comas,
2847 4060 3004 4120 atque
3026 4051 3129 4105 alia
3159 4067 3277 4121 qua:
3306 4052 3594 4108 verisimile
3622 4058 3705 4103 est

2125 4146 2178 4199 in
2211 4144 2457 4214 paradiso
2496 4143 2679 4210 fuisse,
2730 4151 2784 4197 et
2832 4144 2884 4197 in
2928 4144 3173 4213 paradiso
3218 4160 3248 4197 a
3299 4145 3406 4199 Deo
3446 4144 3701 4214 plantato.

2124 4235 2347 4304 Propter
2392 4235 2494 4291 hoc
2530 4235 2672 4289 enim
2720 4235 2966 4306 superius
3010 4234 3190 4289 divina
3238 4235 3509 4304 Scriptura
3552 4235 3702 4296 dicit,

2124 4329 2381 4384 Produxit
2416 4329 2583 4383 adhuc
2609 4344 2672 4383 ex
2698 4341 2833 4383 terra
2861 4345 3008 4383 omne
3031 4329 3224 4400 lignum
3251 4329 3519 4399 pulchrum
3559 4345 3708 4396 aspe-

2122 4434 2204 4476 ctu
2230 4462 2247 4489 ,
2285 4431 2332 4476 et
2371 4423 2556 4476 bonum
2598 4420 2667 4474 ad
2715 4420 3095 4485 comedendum,
3143 4431 3202 4475 ut
3238 4422 3378 4477 scire
3418 4420 3707 4490 possimus,

2121 4522 2318 4584 quanta
2349 4511 2532 4567 fruens
2560 4512 2822 4573 ubertate,
2850 4526 2946 4580 per
2972 4525 3216 4581 magnam
3239 4510 3712 4580 intemperantiam

2120 4615 2177 4660 et
2227 4604 2622 4675 negligentiam,
2663 4602 2846 4657 datum
2899 4602 3013 4657 sibi
3042 4602 3347 4658 mandatum
3401 4603 3701 4659 violaverit.

2120 4696 2325 4766 Cogita,
2351 4696 2600 4762 obsecro,
2631 4695 2849 4752 honoris
2872 4696 3236 4764 eminentiam,
3264 4697 3557 4767 quasillum
3581 4710 3709 4766 pro-

2120 4799 2377 4860 sequutus
2402 4798 2506 4859 est,
2533 4788 2654 4844 data
2682 4790 2757 4845 illi
2786 4804 2971 4845 mensa
3010 4791 3218 4860 propria
3254 4799 3317 4844 οι-
3346 4797 3621 4858 segregata
3648 4788 3704 4841 in

2123 4880 2386 4951 paradiso,
2412 4890 2464 4936 ut
2496 4897 2564 4937 ne
2593 4890 2803 4952 putaret
2843 4880 3088 4936 eamdem
3133 4879 3234 4934 sibi
3258 4887 3315 4934 et
3336 4878 3594 4947 jumentis
3619 4878 3704 4931 in-

2120 4973 2275 5040 strui,
2322 4972 2417 5029 sed
2467 4973 2687 5029 haberet
2741 4972 2891 5043 quasi
2938 4987 3063 5038 rex,
3114 4971 3166 5024 in
3220 4969 3465 5040 paradiso
3514 4985 3704 5040 agens,

2119 5064 2430 5121 deliciarum
2469 5065 2698 5134 copiam,
2735 5072 2792 5119 et
2817 5062 2967 5133 quasi
3010 5062 3261 5117 dominus
3289 5063 3575 5133 separatim
3603 5063 3701 5118 de-

2119 5165 2292 5226 geret,
2316 5165 2478 5226 atque
2504 5155 2662 5211 aliam
2689 5169 2847 5224 quam
2873 5154 3102 5209 ministri
3131 5153 3510 5209 habitationem
3538 5156 3702 5211 sorti-

2123 5256 2286 5302 retur.
2330 5246 2398 5300 Et
2447 5246 2684 5319 praecepit
2727 5244 2982 5300 Dominus
3026 5244 3166 5300 Deus
3212 5245 3339 5301 Adae
3383 5246 3553 5302 dicens
3577 5263 3594 5301 :
3622 5247 3706 5303 Ea:

2120 5338 2258 5392 omni
2280 5338 2438 5408 ligno,
2465 5336 2602 5408 quod
2635 5347 2709 5392 est
2736 5336 2788 5391 in
2817 5336 3076 5407 paradiso,
3106 5337 3413 5392 comedenda
3438 5341 3706 5395 comedes:

2119 5444 2183 5483 ea:
2213 5428 2351 5499 ligno
2371 5436 2537 5481 autem
2564 5427 2755 5481 sciendi
2774 5427 2962 5482 bonum
2987 5437 3038 5481 et
3062 5428 3275 5495 malum,
3307 5446 3408 5483 non
3436 5431 3704 5485 comedetis

2118 5533 2184 5572 ea:
2205 5533 2282 5572 eo.
2317 5516 2642 5585 Quocumque
2665 5526 2833 5571 autem
2856 5518 2939 5572 die
2965 5519 3299 5583 comederitis,
3328 5528 3488 5572 morte
3515 5519 3700 5570 morie-

2120 5609 2240 5663 mini
2268 5624 2288 5662 :
2312 5607 2464 5678 quasi
2491 5607 2695 5662 diceret
2721 5607 2788 5662 ad
2813 5609 2960 5664 illum
2991 5626 3006 5661 :
3032 5608 3169 5663 Num
3194 5609 3475 5663 molestum
3501 5607 3705 5677 aliquid

2184 5789 2200 5819 ¹
2235 5784 2512 5851 δενίιηιιθς.
2540 5792 2593 5838 et
2611 5783 2843 5848 Colbert.,
2866 5799 2984 5851 erga
3003 5797 3153 5851 genus
3172 5783 3447 5834 humanum.
