4074 6134
340 333 439 390 ΗΞ

342 458 393 503 et
440 463 605 520 grave
637 457 758 519 peto
788 465 852 505 ex
899 451 993 505 te?
1042 450 1164 506 Frui
1206 452 1348 507 enim
1384 455 1635 509 omnibus
1681 454 1774 509 tibi
1805 470 1924 522 per-

342 539 521 609 mitto,
550 538 652 595 hoc
682 555 843 595 unum
872 542 1125 612 praecipio
1168 556 1236 598 ne
1275 543 1552 615 tetigeris:
1588 555 1643 601 et
1681 560 1925 617 magnam

345 646 557 700 poenam
596 631 849 698 decerno,
900 642 958 688 ut
999 634 1081 688 vel
1116 635 1310 690 timore
1355 637 1639 704 coercitus,
1668 637 1851 693 datum
1899 654 1930 693 a

344 735 433 779 me
477 722 569 778 tibi
616 722 926 778 mandatum
976 727 1266 781 custodias.
1314 727 1438 784 Haec
1485 728 1734 797 faciebat,
1778 731 1929 800 quasi

343 811 593 866 dominus
645 812 839 883 aliquis
889 814 1154 880 liberalis,
1204 816 1422 872 domum
1476 833 1718 890 magnam
1772 820 1928 875 alicui

341 902 696 969 concredens,
720 914 776 961 et
797 917 855 961 ut
883 906 1176 962 dominium
1202 909 1302 964 sibi
1334 910 1537 966 salvum
1571 920 1804 979 maneat,
1834 927 1932 983 pa-

343 1010 461 1050 rum
494 1004 697 1051 tantum
726 999 968 1067 pecuniae
993 999 1227 1054 dandum
1267 1002 1335 1055 ab
1362 1002 1453 1057 illo
1478 1003 1807 1073 praescribat.
1845 1003 1935 1059 Sic

343 1103 476 1145 sane
505 1098 559 1144 et
588 1088 847 1160 benignus
887 1101 1070 1147 noster
1101 1094 1378 1163 Dominus,
1406 1109 1666 1151 concesso
1696 1097 1933 1151 omnium

343 1194 464 1246 qtae
500 1179 552 1234 in
599 1183 844 1249 paradiso
888 1192 1042 1237 erant
1085 1182 1278 1248 fructu,
1315 1184 1382 1240 ab
1409 1200 1518 1241 uno
1544 1194 1748 1240 tantum
1794 1186 1937 1256 ligno

344 1272 617 1328 abstinere
637 1273 818 1343 jussit,
869 1285 925 1330 ut
964 1275 1102 1330 scire
1130 1286 1310 1345 posset
1354 1278 1531 1342 homo,
1572 1293 1631 1332 se
1676 1292 1798 1332 esse
1837 1280 1937 1333 sub

349 1368 597 1433 Domino,
631 1369 713 1423 cui
743 1367 964 1425 obedire
1007 1369 1228 1426 deberet
1264 1379 1318 1425 et
1344 1386 1550 1441 parere,
1592 1372 1636 1426 si
1678 1371 1804 1442 quid
1851 1371 1938 1426 ille

350 1460 657 1530 imperaret.

418 1551 475 1605 4.
515 1551 647 1618 Quis
679 1566 774 1620 pro
808 1552 1066 1619 dignitate
1102 1551 1451 1608 admirabitur
1489 1553 1791 1609 communis
1821 1568 1939 1605 om—

352 1642 498 1697 nium
527 1645 692 1698 nostri
718 1644 924 1698 Domini
948 1644 1358 1700 liberalitatem?
1382 1646 1515 1701 Cum
1539 1647 1745 1701 nullum
1767 1645 1941 1702 adhuc

350 1733 623 1802 specimen
645 1748 757 1805 prae
777 1750 837 1790 se
864 1735 1023 1790 ferret
1051 1735 1242 1800 Adam,
1273 1745 1467 1805 quanta
1498 1736 1755 1792 beneﬁcia
1783 1751 1941 1792 acce-

354 1825 469 1894 pit!
496 1824 678 1895 Neque
707 1825 849 1881 enim
876 1825 1202 1881 dimidiatam
1230 1827 1305 1881 illi
1339 1826 1485 1882 dedit
1515 1842 1694 1882 rerum
1728 1826 1941 1883 fruitio-

354 1933 513 1981 nem,
543 1933 717 1988 neque
763 1933 792 1970 a
839 1917 1079 1987 pluribus
1120 1918 1392 1974 abstinere
1431 1918 1613 1987 jussit,
1643 1927 1697 1973 et
1732 1918 1944 1974 caeteris

356 2010 489 2063 l'rui'
525 2026 538 2063 :
568 2010 660 2063 sed
688 2010 998 2079 participem
1026 2011 1263 2064 omnium
1295 2026 1414 2080 quae
1441 2019 1597 2065 erant
1617 2012 1668 2065 in
1701 2011 1944 2081 paradi:o

353 2116 478 2157 esse
511 2102 708 2168 voluit;
756 2100 825 2155 ah
854 2116 961 2155 uno
1005 2101 1121 2155 solo
1166 2101 1310 2172 ligno
1355 2101 1625 2157 abstinere
1665 2103 1940 2172 praecepit,

358 2201 664 2246 ttionstrans
703 2207 763 2246 re
791 2192 924 2261 ipsa,
958 2192 1157 2246 nullius
1186 2192 1405 2247 alterius
1445 2193 1611 2262 gratia
1642 2192 1745 2248 hoc
1769 2192 1941 2263 ipsum

354 2299 416 2339 se
442 2285 637 2349 facere,
667 2299 826 2354 quam
851 2294 911 2340 ut
936 2294 1206 2340 lanterum
1249 2284 1634 2340 beneliciorum
1666 2294 1942 2340 auctorem

357 2392 651 2449 agnoscere
679 2378 840 2432 homo
866 2387 1066 2448 posset.
1101 2378 1170 2432 Et
1187 2377 1466 2433 considera
1492 2393 1615 2433 cum
1647 2378 1763 2432 aliis
1784 2379 1944 2434 etiam

358 2471 447 2526 hic
486 2471 780 2527 bonitatem
826 2470 943 2535 Dci,
971 2479 1172 2541 quanto
1213 2470 1418 2526 honore
1460 2470 1620 2524 etiam
1666 2470 1942 2525 mulierem

363 2560 724 2632 prosequitur,
753 2575 871 2631 quae
894 2575 958 2615 ex
1001 2560 1093 2615 illo
1123 2560 1398 2614 formanda
1424 2572 1560 2614 erat.
1592 2560 1838 2615 Nondum
1881 2575 1944 2615 ea

359 2655 501 2708 enim
531 2652 808 2723 producta,
838 2654 990 2723 quasi
1018 2653 1229 2723 utrique
1255 2652 1552 2717 mandaret,
1582 2651 1794 2708 dicebat
1821 2669 1836 2706 :
1862 2651 1947 2707 Ne

357 2743 673 2798 comederitis
714 2759 777 2798 ea;
825 2760 882 2798 eo
905 2758 924 2797 :
951 2752 1038 2811 et,
1096 2743 1422 2813 Quocumque
1475 2743 1558 2798 die
1608 2744 1943 2812 comederitis,

360 2842 519 2890 morte
540 2836 820 2890 moriemini
849 2851 867 2890 :
893 2835 1173 2891 declarans
1194 2835 1304 2904 jam
1335 2833 1459 2890 inde
1498 2835 1567 2889 ab
1597 2835 1749 2890 initio
1777 2852 1942 2891 unum

360 2943 481 2983 esse
526 2928 698 2983 virum
742 2936 798 2984 et
845 2930 1145 2998 mulierem,
1192 2932 1331 2987 sicut
1373 2941 1428 2987 et
1481 2932 1675 2987 Paulus
1730 2933 1942 3003 inquit:

360 3019 526 3090 Caput
570 3020 796 3075 mulieris
842 3021 919 3075 uir
955 3020 1172 3094 (Ephes.
1218 3024 1270 3078 5.
1304 3022 1420 3091 ΕΞ).
1475 3023 1766 3093 Propterea
1819 3035 1948 3091 ergo

358 3110 508 3180 quasi
556 3111 763 3182 utrique
807 3112 1059 3181 loquitur,
1099 3122 1159 3167 ut
1203 3113 1422 3183 posthac
1460 3113 1686 3169 formata
1726 3129 1793 3169 ex
1833 3114 1948 3168 viro

361 3202 604 3268 muliere,
627 3202 964 3257 occasionem
995 3202 1070 3258 illi
1101 3203 1332 3273 praebeat
1355 3203 1582 3259 docendi
1610 3204 1754 3258 illam
1782 3202 1949 3273 ipsius

360 3300 648 3361 pnecepta.
695 3292 814 3347 .lam
864 3293 976 3347 scio
1013 3293 1225 3364 quidem
1256 3294 1673 3365 vulgatissimam
1716 3308 1835 3349 esse
1879 3293 1948 3348 dc

365 3381 470 3436 hoc
495 3382 640 3451 ligno
671 3382 1046 3452 quaestionem,
1098 3392 1154 3439 et
1198 3385 1395 3440 multos
1420 3395 1623 3441 temere
1649 3386 1944 3456 loquentes,

362 3474 573 3544 culpam
595 3473 665 3529 ab
695 3475 911 3532 homine
937 3477 989 3530 in
1015 3477 1179 3532 Deum
1206 3477 1498 3535 transferre
1517 3479 1635 3545 niti,
1663 3478 1947 3534 audacter-

364 3581 471 3635 que
505 3566 723 3622 dicere:
751 3566 916 3637 Cujus
959 3569 1034 3625 rei
1071 3569 1240 3640 gratia
1269 3569 1417 3625 dedit
1446 3570 1774 3637 mandatum,
1805 3568 1946 3641 quod

361 3657 564 3713 sciebat
593 3657 862 3715 hominem
904 3661 1400 3732 transgressurum?
1429 3670 1483 3717 et
1510 3662 1701 3718 iterant
1729 3680 1743 3717 :
1771 3661 1949 3729 Quare

357 3747 518 3816 jussit
540 3748 741 3820 lignum
769 3749 886 3807 ﬁeri
913 3751 964 3805 in
1002 3752 1288 3822 paradiso?
1314 3763 1369 3809 et
1395 3754 1561 3808 multa
1579 3753 1682 3808 alia
1710 3771 1724 3808 :
1756 3753 1852 3809 sed
1880 3768 1948 3810 ne

363 3852 505 3894 nunc
528 3848 651 3895 ante
684 3849 892 3910 tempus
918 3843 1369 3911 praevaricationis
1397 3844 1672 3900 rideamur
1700 3846 1948 3915 prosilire

363 3928 431 3983 ad
469 3944 532 3984 ea
569 3931 889 3996 enarranda,
922 3948 1101 4002 operae
1125 3936 1355 4003 pretium
1391 3943 1495 3999 est,
1527 3944 1586 3989 ut
1613 3949 1713 3990 nos
1752 3951 1945 4005 exspe-

361 4032 570 4079 ctemus
601 4024 739 4081 beati
765 4026 926 4081 Mosis
949 4028 1314 4083 narrationem
1343 4044 1356 4080 :
1384 4037 1442 4082 ut
1480 4043 1600 4083 cum
1628 4029 1692 4083 ad
1723 4045 1844 4086 eum
1871 4029 1950 4085 lo-

361 4131 482 4170 cum
509 4117 931 4186 pervenerimus,
967 4119 1284 4187 tempestive
1311 4133 1663 4189 quaecumque
1691 4120 1782 4175 Dei
1819 4136 1946 4191 gra-

363 4205 435 4260 tis
486 4205 715 4272 dederit,
761 4207 831 4262 de
877 4220 939 4263 ea
991 4221 1052 4263 re
1102 4207 1373 4273 dicentes,
1433 4223 1617 4264 verum
1659 4208 1949 4281 Scriptum

362 4311 582 4351 sensum
616 4306 844 4352 vestram
889 4297 1176 4353 doceamus
1225 4298 1499 4355 caritatem
1535 4316 1676 4370 :quo
1719 4301 1949 4357 scientes

363 4386 758 4457 Scripturarum
803 4388 1114 4456 veritatem,
1159 4388 1392 4445 debitam
1444 4390 1672 4446 Domino
1722 4391 1946 4461 gloriam

363 4478 621 4546 oﬁ‘eratis,
661 4494 761 4534 nec
787 4493 854 4535 eo
883 4479 971 4550 qui
1001 4481 1241 4551 peccavit
1269 4482 1490 4548 omisso,
1533 4482 1746 4552 culpam
1777 4482 1950 4538 incul-

364 4569 470 4636 pati
500 4569 611 4624 Deo
637 4571 941 4639 imputetis;
965 4571 1075 4641 jam
1115 4582 1315 4640 autem,
1348 4575 1393 4629 si
1420 4573 1570 4640 libet,
1600 4574 1668 4630 de
1696 4575 1948 4644 praesenti

364 4658 592 4716 lectione
631 4662 772 4730 quod
822 4663 1060 4733 sequitur
1110 4678 1514 4733 prosequamur.
1561 4664 1644 4719 t8.
1688 4663 1759 4718 Et
1797 4664 1946 4729 dixit,

368 4751 555 4821 inquit,
594 4750 844 4807 Dominus
872 4752 1007 4807 Deus
1029 4769 1048 4807 :
1075 4752 1197 4808 Non
1235 4764 1307 4809 est
1340 4754 1525 4808 bonum
1555 4756 1807 4810 hominem
1843 4771 1950 4811 esse

359 4842 546 4896 solum.
603 4843 740 4898 Ecce
783 4844 973 4900 iterum
1017 4843 1261 4899 similiter
1303 4843 1455 4908 dixit,
1506 4846 1640 4900 sicut
1680 4856 1734 4901 et
1779 4849 1947 4916 prius,

361 4933 616 4990 Dominus
634 4933 766 4991 Deus
788 4952 807 4990 :
834 4945 890 4991 ut
917 4936 1096 4991 animo
1117 4936 1254 4991 dicta
1287 4935 1584 5007 inﬁgentes,
1618 4952 1685 4991 ne
1707 4946 1949 5006 putemus

364 5023 541 5080 divina
597 5026 871 5097 Scriptura
931 5029 1329 5099 praestantiores
1394 5038 1606 5083 nostras
1670 5031 1950 5100 opiniones

364 5128 506 5173 esse.
552 5114 809 5188 Dixitque,
858 5121 953 5185 ait,
1000 5115 1248 5174 Dominus
1279 5117 1414 5174 Deus
1440 5136 1461 5173 :
1486 5119 1609 5173 Non
1656 5128 1728 5173 est
1767 5119 1949 5174 bonum

363 5221 471 5261 esse
490 5208 743 5263 hominem
771 5209 957 5264 solum.
985 5209 1301 5276 Considera,
1331 5209 1600 5279 quomodo
1640 5226 1745 5266 non
1775 5220 1951 5266 cessat

370 5298 538 5353 bonus
588 5299 748 5367 Deus,
800 5301 895 5356 sed
942 5301 1200 5358 beneﬁcia
1257 5301 1534 5357 beneﬁciis
1582 5301 1842 5367 cumulat,
1896 5311 1951 5358 et

367 5389 643 5449 abundans
672 5392 907 5450 bonitate
922 5395 1073 5450 omni
1106 5394 1315 5450 honore
1340 5395 1677 5451 circumdare
1696 5396 1809 5451 vult
1835 5396 1951 5451 aui-

367 5484 470 5539 mal
496 5482 598 5542 itoc
624 5486 831 5543 ratione
860 5487 1162 5558 praeditum,
1192 5497 1251 5542 ut
1278 5504 1384 5542 non
1415 5489 1586 5543 solum
1612 5488 1951 5545 honestesed

364 5584 421 5629 ct
461 5576 743 5634 commode
788 5579 949 5633 vivat.
979 5577 1112 5633 Nam
1157 5576 1305 5633 Dixit
1332 5578 1581 5635 Dominus
1616 5578 1754 5634 Deus
1780 5594 1799 5634 :
1830 5577 1953 5634 Non

431 5735 449 5764 ⁸
483 5740 566 5783 tua
590 5747 753 5792 voces,
775 5741 821 5786 et
841 5733 1030 5787 ca'teris
1057 5734 1178 5797 frui,
1201 5735 1407 5787 deerant
1450 5737 1499 5787 in
1543 5733 1728 5798 ﬂoret,
1751 5733 1840 5787 sed
1864 5734 1951 5784 ιιι-

368 5790 544 5846 bentur
568 5798 616 5846 in
633 5790 771 5846 savii.
800 5806 849 5848 et
875 5799 923 5847 in
946 5790 1122 5849 novc'm
1145 5790 1253 5848 Mss.

1083 337 1138 393 S.
1179 336 1454 394 JOANNIS
1491 338 1967 397 CHRYSOSTOMI
2008 339 2322 398 ARCHIEP.
2364 339 2897 399 CONSTANTINOP.

3530 343 3624 397 iis

2033 464 2104 509 est
2132 454 2319 510 bonum
2348 456 2601 510 hominem
2647 471 2754 510 esse
2786 456 2970 510 solum.
3001 452 3275 509 Faciamus
3316 453 3393 508 illi
3421 456 3625 527 adjuto-

2032 563 2137 602 rem
2163 549 2434 602 secundum
2463 548 2630 601 illum.

2116 639 2227 695 Vox
2257 640 2512 695 faciamus
2537 640 2620 694 cui
2644 640 2848 693 dicitur.
2878 669 2948 678 —
2969 637 3108 693 Ecce
3137 638 3328 693 iterum
3349 638 3510 693 etiam
3543 635 3626 693 hic

2035 731 2197 795 dicit,
2230 730 2526 786 Faciamus.
2567 731 2717 786 Sicut
2754 731 2897 786 enim
2942 731 2994 785 in
3024 729 3291 800 principio
3317 729 3387 785 de
3412 726 3631 785 homine

2037 820 2318 877 formando
2346 821 2576 887 dicebat,
2610 820 2886 875 Faciamus
2915 821 3166 876 hominem
3192 821 3468 876 secundum
3493 821 3626 874 imu-

2036 915 2203 986 ginem
2230 923 2452 968 nostram
2478 923 2526 968 et
2552 913 2824 969 secundum
2844 913 3224 968 similitudinem
3254 929 3273 966 :
3303 911 3373 966 ita
3402 922 3458 986 et
3480 926 3620 967 nunc

2040 1005 2312 1059 mulierem
2338 1003 2682 1069 iormaturus,
2711 1003 2898 1059 eodem
2926 1003 3089 1059 verbo
3119 1003 3305 1069 utitur,
3339 1013 3392 1057 et
3416 1001 3584 1073 inquit
3613 1018 3629 1063 ;

2044 1096 2333 1152 Faciamus.
2366 1096 2461 1150 Cui
2494 1096 2595 1152 hoc
2614 1096 2778 1151 dicit?
2804 1095 2919 1151 Non
2947 1105 3139 1151 creata:
3169 1094 3325 1148 alicui
3352 1094 3627 1163 potentiae,

2038 1187 2133 1242 sed
2160 1188 2207 1242 ei
2251 1188 2337 1258 qui
2387 1204 2454 1243 ex
2497 1202 2556 1242 se
2603 1197 2760 1242 natus
2805 1197 2908 1251 est,
2957 1185 3263 1241 consiliario
3306 1185 3626 1251 admirabili,

2042 1278 2265 1346 potenti,
2315 1277 2540 1348 principi
2579 1278 2725 1347 pacis
2758 1274 2913 1349 (lsai.
2960 1277 3013 1331 9.
3060 1275 3137 1346 6),
3182 1276 3457 1345 unigenito
3498 1274 3631 1330 Filio

2042 1382 2160 1423 suo.
2209 1367 2275 1421 Et
2307 1379 2362 1422 ut
2392 1368 2554 1423 sciret
2580 1368 2773 1434 Adam,
2800 1366 2999 1421 animal
3029 1366 3363 1421 formandum
3410 1365 3629 1436 aequalis

2041 1476 2163 1515 cum
2209 1461 2322 1530 ipso
2350 1460 2621 1531 dignitatis
2665 1459 2798 1525 fore,
2844 1458 3044 1513 idcirco
3086 1455 3537 1528 quemadmodum
3563 1456 3632 1511 de

2042 1551 2159 1621 ipsa
2185 1550 2413 1619 dicebat,
2451 1549 2746 1615 Faciamus,
2774 1550 2853 1604 sic
2886 1558 2940 1604 et
2969 1563 3109 1603 nunc
3146 1547 3285 1601 dixit
3313 1565 3325 1599 :
3354 1545 3627 1601 Faciamus

2043 1643 2325 1714 adjutorem
2364 1640 2639 1695 secundum
2677 1641 2841 1695 illunt.
2876 1639 3172 1709 Utrumque
3216 1638 3439 1692 ntultum
3475 1639 3633 1693 habet

2045 1735 2318 1804 ponderis,
2349 1743 2460 1790 tum
2485 1731 2627 1804 quod
2675 1733 2767 1797 ait,
2801 1732 3117 1803 Adjutorem,
3150 1739 3256 1785 tum
3289 1729 3430 1800 quod
3461 1729 3629 1791 addit,

2048 1827 2339 1905 Secundum
2369 1826 2536 1881 illum.
2561 1825 2717 1891 Nolo,
2750 1825 2941 1894 inquit,
2976 1824 3124 1877 illum
3169 1822 3342 1876 solum
3369 1836 3510 1888 esse,
3537 1822 3631 1877 sed

2048 1917 2243 1972 habere
2260 1933 2323 1973 ex
2353 1917 2704 1972 contubernio
2723 1915 3144 1971 consolationem
3175 1914 3426 1984 aliquam,
3462 1927 3636 1983 neque

2048 2008 2149 2064 hoc
2197 2009 2394 2073 solum,
2444 2007 2540 2064 sed
2574 2006 2948 2077 producendus
2981 2014 3063 2061 est
3105 2005 3317 2074 adjutor
3358 2003 3457 2073 ipsi
3502 2018 3634 2058 con-

2047 2115 2282 2171 gruens;
2311 2100 2592 2154 mulierem
2634 2098 2929 2153 insinuans.
2964 2096 3256 2166 Propterea
3295 2108 3416 2150 cum
3463 2094 3635 2149 dixis-

2048 2205 2128 2248 set
2163 2210 2176 2246 :
2207 2189 2481 2245 Faciamus
2504 2191 2581 2245 illi
2611 2190 2917 2261 adjutorem,
2945 2187 3112 2252 addit,
3148 2186 3441 2241 Secundum
3467 2186 3633 2252 illum,

2051 2294 2109 2340 ut
2134 2300 2252 2341 cum
2285 2283 2484 2339 videris
2519 2282 2699 2339 statim
2727 2280 2918 2337 adduci
2949 2280 3168 2346 bestias,
3197 2289 3253 2333 et
3282 2278 3459 2333 omnia
3487 2278 3637 2333 vola-

2049 2380 2161 2433 tilia
2196 2378 2333 2443 caeli,
2383 2392 2451 2433 ne
2491 2387 2647 2447 putes
2675 2375 2743 2431 de
2785 2374 2893 2429 illis
2941 2387 3060 2428 esse
3098 2372 3320 2427 dictant.
3351 2369 3482 2425 Nam
3514 2370 3640 2426 licet

2051 2472 2216 2527 multa
2243 2470 2626 2526 irrationabilia
2667 2467 2957 2523 animantia
2986 2465 3240 2536 adjuvent
3287 2465 3435 2519 illum
3476 2465 3527 2518 in
3559 2464 3639 2519 la-

2050 2565 2269 2621 boribus
2298 2565 2431 2631 suis,
2464 2563 2668 2619 nullutn
2696 2572 2870 2616 tamen
2898 2575 2995 2630 par
3021 2569 3103 2615 est
3129 2558 3373 2614 rationali
3401 2558 3632 2612 mulieri.

2051 2656 2205 2713 Unde
2228 2670 2349 2711 cum
2382 2656 2624 2719 dixisset,
2656 2654 2951 2724 Adjutorem
2982 2650 3258 2705 secundum
3302 2650 3469 2717 illunt,
3513 2650 3639 2705 sub-

2049 2749 2126 2804 dit
2156 2767 2168 2803 :
2206 2748 2286 2804 l9.
2316 2745 2383 2801 Et
2412 2747 2644 2819 formavit
2692 2744 2833 2799 Deus
2876 2744 3041 2796 adhuc
3087 2743 3149 2796 de
3178 2752 3314 2796 terra
3355 2757 3526 2796 omnes
3552 2741 3638 2794 be-

2050 2844 2172 2897 stias
2191 2841 2323 2912 agri,
2351 2849 2398 2895 et
2420 2841 2590 2893 omnia
2610 2837 2834 2892 volatilia
2859 2836 2991 2902 cwli,
3017 2845 3063 2889 et
3085 2835 3229 2889 duxit
3254 2835 3344 2889 illa
3363 2834 3431 2887 ad
3451 2834 3636 2901 Adam,

2050 2945 2104 2987 ut
2133 2934 2318 2988 videret
2344 2932 2466 3002 quid
2494 2939 2692 2985 vocaret
2716 2929 2842 2991 illa;
2867 2936 2912 2981 et
2938 2943 3085 2981 omne
3109 2925 3457 2997 quodcumque
3485 2941 3638 2979 uoca-

2050 3027 2117 3080 uit
2146 3024 2312 3078 Adam
2352 3025 2572 3077 animam
2610 3022 2872 3087 viventem,
2918 3018 3012 3071 hoc
3043 3027 3115 3071 est
3157 3033 3338 3071 nomen
3382 3016 3479 3071 illi.
3522 3015 3637 3071 Non

2054 3126 2276 3181 temere,
2320 3130 2492 3184 neque
2536 3115 2736 3182 absque
2781 3125 2943 3165 causa
2993 3110 3095 3164 hoc
3145 3107 3341 3163 factum
3387 3115 3492 3173 est,
3543 3106 3638 3163 sed

2052 3218 2269 3279 propter
2305 3221 2368 3262 ea
2397 3219 2517 3276 quae
2544 3205 2701 3275 paulo
2743 3211 2864 3273 post
2907 3202 3080 3256 futura
3107 3209 3279 3255 erant.
3328 3199 3469 3255 Deus
3494 3201 3637 3255 enim

2051 3316 2171 3356 cum
2202 3297 2474 3369 praesciret
2498 3296 2623 3368 qttid
2646 3310 2750 3351 non
2779 3296 2946 3350 multo
2973 3303 3094 3365 post
3113 3302 3429 3349 eventurum
3470 3302 3639 3361 esset,

2052 3392 2286 3448 ostendit
2324 3391 2479 3447 nobis
2507 3398 2760 3460 quantam
2796 3388 3111 3458 sapientiam
3139 3372 3356 3442 condito
3383 3402 3413 3441 a
3453 3402 3513 3443 se
3543 3387 3642 3441 ho—

2054 3485 2181 3540 mini
2212 3484 2382 3553 dedit,
2422 3493 2482 3539 ut
2519 3497 2640 3538 cum
2666 3481 3035 3553 praevaricatio
3074 3478 3306 3534 mandati
3333 3495 3364 3534 a
3396 3479 3505 3534 Deo
3530 3478 3636 3535 dati

2050 3581 2342 3649 contingat,
2373 3594 2480 3634 non
2509 3585 2721 3649 putetur
2745 3590 2841 3646 per
2867 3573 3215 3645 ignorantiam
3245 3586 3515 3642 peccasse,
3544 3572 3639 3627 sed

2051 3672 2189 3728 scire
2214 3671 2388 3741 possis
2416 3670 2622 3739 lapsum
2654 3667 2802 3721 illum
2842 3682 2909 3721 ex
2937 3664 3139 3720 desidia
3170 3665 3353 3720 fuisse.

2123 3763 2177 3819 5.
2219 3761 2352 3816 Nam
2398 3760 2540 3831 quod
2596 3774 2784 3828 magna
2835 3758 3093 3827 sapientia
3138 3756 3394 3827 praeditus
3446 3755 3633 3822 fuerit,

2051 3855 2197 3913 disce
2216 3872 2282 3911 ex
2312 3856 2376 3910 iis
2400 3869 2520 3925 quae
2549 3868 2688 3908 nunc
2713 3855 2862 3907 liunt.
2893 3851 2956 3905 Et
2986 3850 3200 3904 adduxit
3221 3851 3334 3915 illa,
3362 3849 3549 3919 inquit,
3569 3849 3635 3902 ad

2053 3948 2240 4015 Adam,
2290 3954 2346 4000 ut
2391 3945 2581 4000 rideret
2625 3942 2747 4015 quid
2783 3950 2979 3997 vocaret
3006 3941 3116 3995 illa.
3150 3940 3301 3995 Fecit
3330 3940 3431 3994 hoc
3476 3940 3634 4002 Deus,

2053 4040 2515 4094 demonstraturus
2556 4034 2712 4090 nobis
2757 4048 3003 4104 magnam
3036 4032 3175 4087 illius
3201 4032 3536 4101 sapientiam.
3570 4031 3637 4086 Et

2053 4127 2244 4184 iterum
2269 4168 2285 4194 ,
2334 4125 2482 4194 Quod
2519 4124 2710 4180 vocavit
2735 4164 2750 4190 ,
2806 4124 3017 4195 inquit,
3052 4122 3252 4188 Adam,
3291 4124 3387 4176 hoc
3422 4130 3498 4176 est
3540 4137 3636 4176 no-

2052 4236 2167 4274 men
2192 4217 2290 4273 illi.

2121 4311 2305 4364 Adami
2333 4306 2622 4379 sapientia;
2647 4305 2849 4361 libertas
2878 4303 3092 4358 arbitrii.
3118 4333 3192 4343 —
3217 4300 3436 4356 Factum
3459 4310 3634 4355 autem

2053 4403 2154 4458 hoc
2175 4409 2276 4465 est,
2306 4416 2410 4454 non
2442 4407 2499 4452 ut
2521 4398 2790 4453 discamus
2811 4396 2954 4450 illius
2973 4393 3286 4464 sapientiam
3318 4393 3510 4459 solum,
3539 4390 3636 4447 sed

2054 4508 2110 4552 ut
2135 4503 2188 4550 et
2225 4494 2527 4567 symbolum
2554 4490 2775 4546 dominii
2803 4505 2898 4559 per
2943 4489 3214 4543 nominum
3243 4485 3634 4556 impositionem

2053 4595 2425 4658 cognoscatur.
2453 4582 2584 4637 Nam
2635 4589 2690 4637 et
2730 4580 3035 4635 hominibus
3078 4592 3197 4633 mos
3224 4587 3307 4632 est
3338 4577 3438 4632 hoc
3462 4577 3636 4631 facere

2055 4680 2109 4734 in
2138 4680 2345 4748 signum
2374 4674 2617 4740 dominii,
2645 4681 2706 4728 ut
2729 4687 2851 4727 cum
2897 4683 3081 4725 servos
3122 4668 3372 4734 emerim,
3401 4668 3634 4736 ipsorum

2055 4771 2270 4826 nomina
2312 4774 2537 4823 mutent.
2566 4765 2722 4821 Unde
2748 4774 2802 4818 et
2833 4763 2999 4817 Adam
3027 4761 3260 4827 instruit,
3294 4769 3353 4813 ut
3390 4757 3640 4813 omnibus

2056 4861 2224 4917 brutis
2250 4873 2517 4929 tamquam
2542 4857 2790 4912 dominus
2822 4855 3035 4909 nomina
3066 4853 3229 4907 indat.
3260 4852 3337 4908 Ne
3367 4852 3526 4920 igitur
3556 4850 3640 4907 hic

2056 4954 2232 5008 subito
2270 4963 2581 5022 praetereas,
2628 4949 2840 5011 dilecte,
2889 4945 3028 5017 quod
3073 4944 3288 5011 dicitur,
3335 4944 3429 4999 sed
3467 4944 3639 5013 cogita

2055 5055 2267 5116 quantm
2317 5042 2478 5098 fuerit
2517 5041 2794 5111 sapientiae
2845 5048 2923 5093 tot
2967 5037 3270 5109 generibus,
3311 5035 3631 5097 volatilibus,

2056 5136 2351 5207 reptilibus,
2379 5134 2524 5201 leris,
2554 5132 2834 5204 iumentis,
2858 5138 2913 5185 ct
2940 5130 3061 5185 aliis
3088 5128 3276 5194 brutis,
3306 5125 3639 5193 domesticis,

2056 5239 2110 5284 et
2135 5227 2454 5300 agrestibus,
2486 5236 2541 5282 et
2568 5225 2622 5281 in
2658 5240 2794 5296 aqua
2822 5224 2983 5279 vitam
3011 5222 3310 5295 agentibus,
3359 5229 3415 5275 et
3441 5235 3472 5275 e
3500 5229 3641 5273 terra

2060 5322 2352 5392 productis,
2382 5329 2436 5376 et
2479 5320 2531 5374 in
2562 5333 2771 5375 summa
2811 5315 3060 5373 omnibus
3093 5317 3306 5385 propria
3351 5322 3404 5367 et
3447 5325 3642 5367 conve-

2058 5416 2254 5473 nientia
2285 5430 2394 5470 suae
2438 5422 2646 5469 naturae
2684 5413 2962 5481 imponere
2993 5409 3231 5463 nomina.
3281 5405 3412 5462 Nam
3458 5402 3639 5469 Quod-

2057 5521 2264 5579 cumque
2293 5506 2483 5560 vocavit
2508 5506 2695 5570 Adam,
2722 5503 2911 5573 inquit,
2944 5503 3038 5555 hoc
3066 5516 3245 5555 nomen
3273 5507 3345 5553 est
3371 5497 3465 5551 illi.
3497 5494 3643 5549 Vidi-

2056 5603 2124 5657 sti
2152 5606 2570 5656 consummatam
2599 5595 2928 5667 potentiam?
2955 5593 3131 5648 vidisti
3160 5590 3381 5646 dotniuii
3407 5588 3641 5643 auctori-

2059 5693 2259 5748 tatem?
2285 5689 2559 5761 Perpendc
2576 5704 2699 5743 cum
2721 5687 2837 5743 aliis
2858 5686 3019 5742 etiam
3042 5685 3163 5749 hoc,
3191 5681 3332 5753 quod
3360 5690 3416 5737 et
3434 5682 3640 5746 leones,

2058 5795 2108 5836 et
2141 5782 2312 5855 pardi,
2360 5790 2416 5838 et
2439 5781 2656 5850 viperae,
2686 5789 2741 5835 et
2776 5777 2990 5848 scorpii,
3022 5786 3072 5833 et
3116 5783 3413 5845 serpentes,
3445 5781 3500 5826 et
3534 5772 3636 5826 alia
