4074 6134
394 327 497 383 117

391 442 608 496 ᾶπαντα
637 440 705 493 τά
736 438 938 492 τούτων
976 437 1398 509 θηριωδέστερα,
1440 436 1693 507 καθάπερ
1725 437 1874 509 [115]
1918 435 2054 510 πρδς

390 528 659 596 δεσπότην
686 525 823 594 μετά
842 523 1020 594 πάσης
1033 524 1314 594 ὑποταγῆς
1336 524 1749 594 παραγεγονότα
1765 524 1864 588 τὰς
1884 540 2055 595 προσ-

388 614 617 687 ηγορίας
656 613 924 680 ἐδέξαντο,
957 612 1049 665 καὶ
1084 612 1238 665 οὐδὲν
1262 611 1369 665 τῶν
1395 610 1599 683 θηρίων
1629 612 1834 666 τούτων
1860 611 2054 665 ἐδεδοί-

391 721 477 758 κει
498 704 527 756 ό
566 701 756 772 Ἀδάμ.
787 700 881 772 Μὴ
910 700 1090 753 τοίνυν
1122 699 1509 771 ἐπισκηπτέτω
1547 717 1631 764 τις
1672 703 1785 764 τοῖς
1831 716 2056 771 γεγενη-

393 791 573 862 μένοις
613 788 764 861 παρά
802 788 895 842 τοῦ
938 789 1232 851 Δεσπότου,
1263 789 1355 841 καλ⁸
1382 788 1479 859 τήν
1517 786 1762 856 γλῶτταν
1807 786 2056 841 ἀκονάτω

389 875 532 931 κατὰ
553 874 649 929 τοῦ
669 875 1026 947 δημιουργοῦ,
1060 874 1257 946 μᾶλλον
1285 875 1343 928 δὲ
1366 875 1508 929 κατὰ
1536 874 1634 945 τῆς
1668 873 1860 927 ἑαυτοῦ
1883 892 2054 944 κεφα-

387 963 505 1034 λῆς,
532 963 624 1017 καί
652 963 857 1031 λεγέτω
880 963 948 1015 τὰ
970 962 1204 1032 ἀνόνητα
1229 974 1253 1002 θ
1282 963 1461 1015 ἐκεῖνα
1484 963 1703 1032 ῥήματα
1722 977 1736 991 ·
1764 960 1906 1023 τίνος
1935 960 2050 1014 ἐνε-

387 1067 484 1103 κεν
527 1049 593 1102 τά
624 1049 788 1121 θηρία
817 1048 1102 1120 παρήχθη;
1146 1051 1264 1102 Ὀτι
1292 1047 1401 1119 γὰρ
1433 1048 1648 1101 ἅπαντα
1692 1047 1893 1117 ὁμοίως
1940 1049 2049 1110 τοῖς

388 1139 620 1208 ήμέροις
649 1138 747 1208 τὴν
782 1136 1025 1190 δουλείαν
1072 1136 1410 1204 ὲπεγίνωσκε
1442 1137 1536 1189 καὶ
1566 1134 1666 1206 τὴν
1712 1135 2046 1197 δεσποτείαν,

384 1225 654 1279 δείκνυσιν
680 1226 811 1296 ἡμῖν
839 1223 1135 1296 ἁκριϐῶςή
1169 1224 1277 1277 τῶν
1308 1224 1584 1294 ὀνομάτων
1626 1225 1792 1286 θέσις.
1834 1223 1898 1275 Αἱ
1941 1221 2048 1293 γὰρ

388 1312 971 1384 προσηγορίαιέκεῖναι
991 1311 1057 1375 ἃς
1084 1310 1237 1363 ἔθετο
1266 1311 1449 1374 αὐτοῖς
1482 1311 1643 1381 μέχρι
1663 1310 1753 1363 τοῦ
1784 1309 2048 1381 παρόντος

383 1399 727 1470 διαμένουσιν
748 1416 761 1430 ’
795 1397 968 1463 οὑτως
996 1398 1166 1462 αὐτάς
1193 1397 1469 1469 ἐκύρωσεν
1488 1397 1517 1448 ό
1543 1396 1695 1461 Θεὸς,
1717 1398 1803 1450 ἴνα
1823 1395 2046 1467 διηνεκῆ

384 1487 693 1557 ὑπόμνησιν
726 1485 939 1556 ἔχωμεν
976 1485 1193 1555 καὶτῆς
1223 1486 1406 1555 τιμῆς,
1434 1487 1501 1555 ἣν
1530 1485 1590 1549 ἐξ
1622 1484 1795 1556 ἀρχῆς
1827 1484 2047 1551 ἐδέξατο

386 1574 537 1647 παρά
574 1574 669 1627 τοῦ
713 1577 985 1627 Δεσπότου
1022 1574 1241 1627 πάντων
1293 1574 1354 1637 δ,
1389 1572 1594 1627 τούτων
1628 1572 1727 1642 τὴν
1770 1571 2046 1643 ὑποταγὴν

382 1660 586 1725 λαϐὼν,
618 1661 714 1713 καὶ
737 1663 833 1731 τῆς
857 1660 1201 1733 ἀφαιρέσεως
1222 1657 1372 1730 αὐτῷ
1402 1659 1500 1730 τήν
1528 1657 1707 1712 αἰτίαν
1732 1658 2046 1728 ἐπιγράφω-

383 1763 485 1816 μεν
514 1746 601 1800 διὰ
646 1748 744 1815 τῆς
792 1747 1064 1818 ἁμαρτίας
1113 1745 1212 1816 τὴν
1250 1744 1498 1809 ἐξουσίαν
1543 1743 2042 1817 ἁκρωτηριάσαντι.

380 1833 492 1888 Καὶ
517 1832 812 1888 ἐκάλεσεν
847 1832 1037 1903 Ἀδὰμ,
1069 1833 1252 1905 φησὶν,
1286 1834 1548 1903 ὀνόματα
1578 1830 1728 1886 πᾶσι
1752 1831 1878 1898 τοῖς
1903 1831 2046 1898 κτή-

379 1936 538 1986 νεσι,
566 1920 665 1976 καί
684 1919 835 1977 πᾶσι
869 1922 994 1989 τοῖς
1025 1921 1320 1988 πετεινοῖς
1333 1921 1439 1976 τοῦ
1465 1921 1746 1990 οὐρανοῦ,
1776 1921 1874 1974 καί
1894 1919 2045 1975 πᾶσι

378 2009 505 2077 τοῖς
534 2009 763 2079 θηρίοις
793 2009 906 2078 τῆς
929 2007 1061 2079 τῆς.
1106 2010 1388 2064 Ἐντεῦθεν
1417 2009 1517 2081 ήδη
1548 2009 1741 2064 σκόπει
1766 2026 1877 2081 μοι,
1908 2009 2047 2077 ἀγα-

379 2093 542 2161 πητέ,
585 2092 687 2163 τῆς
726 2094 1101 2164 προαιρέσεως
1146 2094 1210 2147 τὸ
1243 2093 1614 2158 αὐτεξούσιον,
1659 2093 1755 2147 καὶ
1784 2094 1883 2163 τῆς
1920 2108 2044 2146 συν-

380 2177 548 2240 έσεως
579 2175 743 2230 αὐτοῦ
771 2177 869 2246 τὴν
896 2174 1221 2247 ὑπερϐολὴν,
1254 2176 1346 2230 καὶ
1383 2176 1456 2247 μὴ
1486 2175 1633 2244 λέγε,
1665 2177 1748 2229 ὅτι
1773 2175 1958 2243 ἠγνόει
1990 2174 2045 2228 τί

383 2264 485 2333 μὲν
516 2263 702 2330 καλὸν,
746 2264 799 2316 τί
835 2264 891 2316 δὲ
918 2263 1107 2317 κακόν.
1151 2264 1210 2316 '0
1239 2262 1349 2334 7&9
1383 2262 1631 2333 δυνηθεὶς
1673 2262 2044 2333 καταλλήλους

378 2352 481 2415 τάς
514 2350 881 2422 προσηγορίας
913 2353 1024 2414 τοῖς
1052 2350 1304 2422 κτήνεσιν
1343 2350 1633 2413 ἐπιθεῖναι,
1680 2350 1773 2403 καὶ
1805 2353 1916 2411 τοῖς
1942 2366 2042 2402 πε-

377 2442 591 2502 τεινοῖς,
643 2439 737 2492 καί
777 2441 889 2502 τοῖς
920 2437 1149 2509 θηρίοις,
1199 2438 1292 2491 καὶ
1329 2438 1403 2509 μὴ
1447 2438 1679 2508 συγχέας
1724 2437 1822 2509 τὴν
1866 2436 2041 2502 τάξιν,

380 2526 518 2596 μηδὲ
542 2525 642 2589 τὰς
678 2525 776 2596 μὲν
800 2528 913 2589 τοῖς
946 2525 1175 2596 ἡμέροις
1205 2523 1365 2588 ζώοις
1396 2522 1741 2595 ἁρμοζούσας
1773 2541 2046 2594 προσηγο-

379 2616 502 2686 ρίας
528 2617 639 2679 τοῖς
666 2615 876 2685 ἀγρίοις
905 2615 1189 2679 ἐπιθεῖναι,
1219 2614 1352 2685 μηδὲ
1374 2615 1471 2678 τάς
1503 2617 1613 2678 τοῖς
1638 2614 1850 2686 ἀγρίοις
1876 2631 2044 2685 προσ--

374 2702 618 2771 ηκούσας
665 2706 780 2766 τοῖς
803 2703 1034 2773 ἡμέροις
1073 2702 1355 2772 ἀφορίσαι,
1391 2701 1528 2755 ἀλλὰ
1556 2704 1688 2755 πᾶσι
1716 2703 1813 2765 τὰς
1838 2703 2034 2756 καταλο

378 2790 571 2860 λήλους
591 2789 880 2860 ὀνομασίας
906 2789 1106 2853 δοῦναι,
1132 2788 1247 2851 πῶς
1270 2789 1331 2842 οὐ
1354 2788 1532 2859 πάσης
1556 2788 1747 2858 σοφίας
1773 2788 1866 2842 καὶ
1890 2789 2046 2842 συνέ-

379 2893 517 2941 σεως
535 2878 861 2950 πεπλήρωτο
877 2876 1139 2945 ;Λογίζου
1166 2874 1413 2929 ἐντεῦθεν
1430 2876 1614 2930 λοιπὸν
1635 2877 1732 2947 ὅση
1755 2874 1850 2929 τοῦ
1870 2876 2045 2947 ἐμφυο

375 2966 618 3036 σήματος
647 2965 856 3018 ἐκείνου
883 2967 915 3035 ή
940 2964 1189 3036 δύναμις,
1213 2964 1308 3017 καὶ
1333 2964 1473 3034 πόση
1504 2964 1601 3034 τῆς
1620 2963 1911 3035 ἀσωμάτου
1939 2963 2042 3033 ψυ-

373 3051 476 3122 χῆς
528 3053 562 3123 ἡ
620 3053 801 3122 σοφία,
855 3053 923 3123 ἢν
968 3055 996 3107 ό
1045 3052 1319 3122 Δεσπότης
1365 3053 1499 3123 αὐτῇ
1532 3052 1871 3123 κεχάρισται,
1904 3050 2042 3116 ζῶον

371 3135 613 3190 τοιοῦτον
641 3138 736 3191 καί⁸
763 3136 1077 3207 θαυμαστὸν
1110 3138 1202 3189 καὶ
1225 3136 1442 3205 λογικὸν
1475 3137 1540 3189 ἐκ
1573 3136 1666 3189 δύο
1709 3136 1906 3189 οὐσιῶν
1946 3153 2040 3189 συ-

375 3220 737 3289 στησάμενος,
767 3220 860 3274 καί
892 3220 990 3290 τὴν
1016 3219 1307 3290 ἀσώματον
1334 3220 1522 3273 οὐσίαν
1557 3220 1659 3289 τῆς
1688 3220 1867 3292 ψυχῆς
1905 3238 2041 3291 συμ-

372 3299 575 3367 πλέξας
629 3300 711 3371 τῷ
772 3300 1007 3372 σώματι,
1054 3302 1304 3373 καθάπερ
1353 3303 1569 3373 ὀργάνῳ
1609 3304 1747 3364 τινὶ,
1792 3302 2040 3375 τεχνίτην

373 3386 616 3460 ἄριστον.
643 3389 811 3443 Ὅταν
834 3386 926 3442 οὑν
948 3390 1207 3461 ἐννοήσῃς
1232 3389 1326 3443 τοῦ
1352 3390 1491 3455 ζώου
1509 3389 1693 3443 τούτου
1719 3389 1818 3462 τὴν
1844 3391 2037 3446 τοσαύ-

372 3492 475 3546 την
506 3474 718 3545 σοφίαν,
755 3478 1056 3548 ἐκπλήττου
1090 3480 1183 3532 τοῦ
1216 3480 1720 3551 δημιουργήσαντος
1748 3482 1847 3549 τὴν
1880 3481 2038 3535 δύνα-

376 3581 489 3634 μιν.
517 3565 578 3618 Εἰ
596 3565 702 3638 γάρ
723 3564 816 3619 τοῦ
851 3566 1082 3639 οὐρανοῦ
1114 3568 1174 3621 τὸ
1190 3567 1383 3633 κάλλος
1395 3567 1692 3640 ὁρώμενον,
1722 3568 2039 3640 εὐγνώμονα

373 3652 572 3723 θεατήν
604 3655 685 3718 είς
714 3654 815 3725 τὴν
837 3655 932 3709 τοῦ
975 3655 1476 3728 δημιουργήσαντος
1502 3657 1863 3728 παραπέμπει
1891 3657 2038 3722 δοξο-

370 3739 559 3808 λογίαν
577 3756 592 3772 ο
621 3740 800 3813 πολλῷ
840 3742 1040 3813 μᾶλλον
1073 3742 1135 3796 τὸ
1161 3743 1378 3811 λογικόν
1408 3743 1566 3798 τοῦτο
1603 3743 1743 3809 ζῶον
1767 3747 1796 3799 ό
1827 3744 2037 3817 ἀνθρω-

372 3844 472 3890 πος
498 3826 788 3901 δυνήσεται
816 3830 885 3882 τὰ
913 3829 1055 3883 κατὰ
1096 3830 1196 3901 τὴν
1225 3832 1432 3885 οἰκείαν
1464 3830 1751 3887 διάπλασιν
1784 3832 2036 3900 ἀναλογι-

370 3912 616 3985 ζόμενος,
667 3918 762 3970 καὶ
795 3917 896 3987 τῆς
927 3919 1093 3988 τιμῆς
1130 3919 1231 3988 τῆς
1274 3919 1713 3990 παρασχεθείσης
1746 3918 1893 3990 αὐτῷ
1938 3921 2037 3989 τὴν

371 4003 699 4075 ὑπερϐολὴν,
723 4006 818 4059 καὶ
843 4004 951 4059 τῶν
976 4005 1192 4076 δωρεῶν
1213 4005 1281 4059 τά
1308 4005 1536 4076 μεγέθη,
1556 4006 1769 4071 καὶτὰς
1798 4008 2037 4077 ἀφέτους

368 4092 687 4162 εὐεργεσίας
707 4093 968 4163 διηνεκῶς
989 4094 1245 4164 ἀνυμνεῖν
1269 4093 1358 4146 τὸν
1388 4095 1795 4164 παραγαγόντα,
1820 4096 1913 4150 καὶ
1938 4096 2034 4168 τὴν

369 4177 512 4230 κατὰ
531 4177 760 4247 δύναμιν
794 4178 1103 4245 δοξολογίαν
1126 4178 1419 4249 ἀναφέρειν
1439 4179 1516 4249 τῷ
1538 4180 1803 4253 Δεσπότῃ.

436 4261 767 4333 Ἐϐουλόμην
802 4264 894 4316 καὶ
921 4266 1033 4326 τοῖς
1066 4263 1192 4333 ἑξῆς
1224 4264 1526 4331 ἐπεξελθεῖν
1547 4284 1561 4296 ο
1587 4265 1700 4318 ἀλλ’
1729 4268 1817 4319 ἵνα
1848 4267 1923 4339 μὴ
1957 4267 2034 4339 τῷ

371 4348 563 4420 πλήθει
597 4351 705 4403 τῶν
740 4350 1048 4421 λεγομένων
1089 4350 1492 4423 καταχώσωμεν
1530 4353 1628 4423 τὴν
1670 4354 1891 4425 μνήμην
1926 4355 2033 4409 τῶν

273 4491 281 4499 ,
368 4436 468 4507 ήδη
499 4435 819 4506 λεχθέντων,
845 4439 1143 4507 ἀναγκαῖον
1168 4438 1399 4494 ἐνταῦθα
1430 4444 1621 4512 στῆσαι
1643 4441 1734 4494 τὸν
1759 4444 1855 4513 τῆς
1885 4442 2031 4496 διδα-

370 4524 597 4588 σκαλίας
616 4524 794 4595 λόγον.
824 4526 958 4581 Οὐδέ
978 4527 1087 4600 7&9
1106 4527 1265 4582 τοῦτο
1284 4528 1444 4596 μόνον
1467 4529 1613 4584 ἐστὶν
1633 4532 1766 4601 ήμῖν
1786 4530 1847 4583 τὸ
1876 4547 2036 4585 σπουο

365 4609 659 4681 δαζόμενον
688 4612 876 4676 ἀπλῶς
900 4613 1069 4668 πολλά
1094 4616 1286 4669 εἰπεῖν·
1319 4614 1453 4668 ἀλλά
1472 4615 1561 4669 διὰ
1592 4616 1751 4669 τοῦτο
1778 4616 2030 4689 λέγομεν,

365 4698 507 4753 ὥστε
524 4698 663 4753 αὐτὰ
676 4699 936 4773 διηνεκῶς
952 4702 981 4754 ὑ
988 4703 1095 4771 μᾶς
1110 4701 1253 4772 ἔχειν
1269 4702 1630 4773 έμπεπηγότα
1642 4706 1761 4767 ταῖς
1773 4704 2032 4768 διανοίαις

365 4786 486 4849 ταῖς
534 4785 856 4859 ὑμετέραις,
900 4787 987 4841 ἵνα
1028 4789 1102 4859 μὴ
1138 4788 1295 4858 μόνον
1326 4788 1478 4841 αὐτοὶ
1512 4789 1685 4859 εἰδῆτε
1716 4790 1785 4843 τά
1820 4792 1878 4845 ἐν
1910 4792 2032 4856 ταῖς

364 4869 538 4937 θείαις
567 4874 812 4946 Γραφαῖς
849 4874 1164 4946 ἐγκείμενα,
1188 4873 1324 4928 ἀλλὰ
1354 4874 1447 4928 καὶ
1477 4874 1683 4944 ἑτέροις
1724 4875 2031 4933 διδάσκαλοι

363 4959 607 5031 γίνησθε,
639 4962 929 5035 δυνάμενοι
961 4967 1056 5017 καὶ
1084 4962 1278 5027 ἄλλους
1303 4961 1594 5016 νουθετεῖν.
1629 4963 1898 5029 Ἕκαστος
1918 4966 2030 5020 τοί-

360 5064 460 5102 νυν
486 5048 661 5120 ὑμῶν,
690 5049 1014 5122 παρακαλῶ.
1051 5050 1300 5107 ἐντεῦθεν
1320 5051 1500 5122 ἐξιὼν,
1530 5052 1668 5125 μετά
1688 5052 1782 5107 τοῦ
1803 5053 2030 5126 πλησίον

362 5135 792 5207 άναλαμϐανέτω
823 5148 845 5177 ο
887 5137 995 5190 τῶν
1036 5139 1341 5210 εἰρημένων
1388 5142 1488 5213 τὴν
1532 5144 1771 5213 μνήμην,
1821 5144 1913 5196 καὶ
1961 5143 2031 5197 τὰ

366 5222 496 5293 παρ’
522 5221 718 5276 ἑαυτοῦ
745 5225 1034 5294 εἰσφέρων,
1060 5226 1299 5297 δεχέσθω
1323 5229 1416 5282 καὶ
1438 5229 1508 5282 τά
1527 5232 1659 5301 παρ’
1686 5230 1875 5302 ἐτέρου
1902 5248 2032 5303 μνηο

369 5309 720 5382 μονευθέντα.
765 5309 917 5384 [114]
962 5314 1074 5368 Καὶ
1106 5313 1251 5369 οὑτω
1284 5316 1633 5386 συλλέγοντες
1660 5319 1895 5382 ἅπαντα,
1930 5319 2028 5373 καὶ

362 5397 585 5451 ἔναυλον
616 5397 795 5451 αὐτῶν
828 5399 1043 5472 ἔχοντες
1062 5401 1161 5473 τὴν
1190 5404 1430 5474 μνήμην,
1457 5404 1639 5459 οίκαδε
1669 5406 2025 5476 ἀναχωρεῖτε,

360 5485 455 5539 καὶ
487 5484 611 5539 καθ’
642 5488 870 5553 ἑαυτοὺς
912 5489 1405 5561 ἀναμηρυκώμενοι
1433 5491 1500 5545 τά
1534 5493 1651 5545 θεῖα
1683 5493 1855 5546 ταῦτα
1878 5492 2027 5547 διδάιο

358 5589 548 5641 γματα
570 5589 585 5602 ·
612 5573 699 5626 ἵνα
725 5574 782 5627 ἐν
809 5574 1020 5641 τούτοις
1040 5576 1253 5647 ἔχοντες
1267 5579 1368 5649 τὴν
1385 5577 1656 5651 μέριμναν
1677 5580 1915 5645 ἃπασαν,
1933 5580 2027 5632 καὶ

359 5656 714 5728 ἀσχολοῦντες
743 5660 897 5732 ὑμων
924 5662 1023 5733 τὴν
1066 5663 1326 5730 διάνοιαν,
1355 5664 1585 5735 δύνησθε
1620 5665 1738 5736 μετ’
1779 5664 2028 5729 εὐκολίας

421 5762 450 5792 ⁸
470 5761 745 5833 Ιίιιχιοηεε
766 5765 945 5833 melius
982 5770 1176 5833 legatur
1197 5771 1393 5833 ἀνόητα,
1419 5767 1604 5833 insana.
1628 5769 1812 5833 omnes
1856 5776 2017 5819 tamen

359 5837 474 5890 mxs:
508 5822 705 5890 hapem'
724 5828 943 5889 ἀνόνητα,
993 5822 1198 5881 ἱιιῖιιίίὶα.
1291 5822 1320 5872 l3
1349 5822 1497 5880 S'avil.
1537 5835 1592 5878 et
1632 5831 1829 5890 quidam
1884 5843 1998 5879 mss.

358 5882 865 5954 nzp&_rp‘z3__Asaq:6100
893 5882 941 5939 δ’
961 5893 1132 5954 Ἀδάμ,
1156 5900 1209 5941 οι
1243 5894 1315 5941 sic
1345 5893 1471 5954 legit
1506 5882 1752 5953 inlcrbrcs
1800 5890 2018 5942 Latinus.

421 5952 441 5978 ε
468 5947 664 5998 Coislin.
690 5951 909 6014 πλησίον,
932 5954 1052 6003 ἀλλὰ
1082 5947 1390 6015 λαμϐανέτω.

1170 324 1230 378 S.
1267 323 1554 379 JOANMS
1595 320 2080 377 CHRYSOSTOHI
2124 320 2447 377 ARCHIEP.
2485 320 3033 380 CONSTANTINOP.
3123 344 3129 349 ’

3724 327 3827 386 IIS

2162 435 2547 507 περιγενέσθαι
2576 438 2671 492 καὶ
2698 437 2807 491 τῶν
2838 438 3030 492 παθῶν
3056 437 3166 492 τῶν
3200 438 3578 510 ἐνοχλούντων.
3612 442 3701 496 καέ
3724 447 3825 511 τὰς

2156 524 2250 577 τοῦ
2292 524 2542 578 διαϐόλου
2577 525 2826 596 μηχανάς
2854 526 3159 597 διαφυγεῖν.
3199 527 3370 583 Ἔνθα
3422 530 3533 602 7&9
3581 532 3649 585 ἂν
3681 531 3765 603 {in
3789 543 3820 593 ὀ

2158 610 2397 682 πονηρὸς
2414 610 2625 682 δαίμων
2649 614 2857 676 ἐκεῖνος
2874 612 3052 684 ψυχὴν
3074 612 3144 667 τά
3164 614 3260 667 τοῦ
3284 615 3419 669 Θεοῦ
3449 619 3822 688 μεριμνῶσαν,

2157 698 2528 767 καὶδιηνεκῶς
2557 702 2741 754 ἐκεῖνα
2759 701 3191 772 φανταζομένην,
3209 703 3303 757 καὶ
3326 703 3498 758 ταῦτα
3528 708 3822 778 περιστρέ-

2157 800 2383 853 φουσαν,
2410 784 2529 838 οὑδὲ
2558 787 2918 859 προσεγγίσαι
2937 788 3131 860 τολμᾷ,
3156 789 3291 843 ἀλλὰ
3309 791 3516 861 ταχέως
3543 794 3820 866 ἀποπηδᾷ.

2155 869 2407 942 καθάπερ
2449 871 2558 924 ἀπὸ
2606 875 2776 943 πυρός
2806 873 2834 913 ἀ
2867 890 3030 938 τινος.
3081 874 3186 928 ὑπὸ
3220 876 3320 945 τῆς
3365 876 3457 929 τοῦ
3504 878 3823 948 Πνεύματος

2153 958 2434 1026 ἐνεργείας
2469 959 2920 1030 φυγαδευόμενος.
2955 962 3051 1014 "lv'
3070 958 3162 1015 οὖν
3191 963 3286 1016 καὶ
3311 963 3464 1017 αὐτοί
3489 963 3559 1018 τά
3588 965 3823 1034 μέγιστα

2154 1058 2214 1093 κε
2223 1042 2549 1113 ρδαίνωμεν,
2574 1047 2829 1099 κάκείνου
2849 1048 3231 1117 περιγενέσθαι
3246 1048 3585 1119 δυνηθῶμεν,
3603 1051 3700 1105 καὶ
3722 1051 3822 1119 τὴν

2154 1129 2305 1200 παρά
2331 1131 2425 1184 τοῦ
2456 1131 2590 1185 Θεοῦ
2622 1134 2796 1205 ῥοπὴν
2839 1133 3097 1203 μειζόνως
3124 1134 3575 1206 ἐπισπασώμεθα,
3602 1140 3661 1190 ὲν
3696 1138 3822 1191 τού·

2151 1233 2263 1281 τοις
2293 1218 2613 1291 ἀσχολῶμεν
2642 1221 2800 1291 ήμῶν
2820 1222 2922 1292 τὴν
2945 1222 3202 1277 διάνοιαν.
3236 1222 3392 1276 Οῦτω
3424 1223 3533 1293 7&9
3558 1226 3691 1295 ήμῖν
3726 1228 3821 1280 καὶ

2149 1304 2219 1359 τά
2255 1307 2313 1359 ἐν
2355 1307 2513 1378 χερσὶ
2542 1307 2721 1361 πάντα
2763 1307 3312 1380 ἐξευμαρισθήσεται,
3354 1311 3447 1364 καὶ
3479 1312 3548 1366 τὰ
3583 1312 3819 1367 δύσκολα

2149 1393 2346 1449 εὔκολα
2384 1397 2691 1466 γενήσεται,
2727 1397 2822 1450 καὶ
2856 1397 2926 1450 τὰ
2950 1396 3211 1451 δοκοῦντα
3244 1394 3384 1453 εἶναι
3424 1399 3645 1472 λυπηρά
3676 1421 3815 1474 χρη-

2150 1482 2273 1535 στὸν
2299 1481 2528 1553 λήψεται
2559 1483 2731 1548 τέλος.
2763 1484 2861 1537 καὶ
2895 1484 3048 1538 οὐδὲν
3078 1486 3224 1556 ήμάς
3267 1486 3376 1539 τῶν
3403 1488 3684 1559 παρόντων
3724 1491 3818 1544 λυ-

2150 1570 2323 1640 πῆσαι
2352 1569 2662 1641 δυνήσεται.
2709 1570 2835 1624 Ἐάν
2873 1572 2983 1644 γάρ
3021 1574 3090 1626 τὰ
3118 1572 3211 1626 τοῦ
3252 1572 3391 1627 Θεοῦ
3437 1576 3816 1647 μεριμνῶμεν,

2146 1657 2216 1710 τὰ
2240 1657 2485 1728 ⁴ήμέτερα
2529 1657 2691 1722 αὐτὸς
2722 1661 3070 1729 μεριμνήσει,
3103 1661 3197 1713 καὶ
3237 1661 3378 1732 μετὰ
3401 1661 3601 1733 πολλῆς
3633 1664 3817 1728 ἀδείας

2146 1745 2208 1797 τὸ
2241 1745 2474 1813 πέλαγος
2509 1744 2603 1798 τοῦ
2645 1745 2912 1817 παρόντος
2947 1745 3065 1815 βίου
3099 1746 3529 1818 διαπλεύσομεν,
3575 1751 3671 1803 καὶ
3709 1752 3817 1805 ὑπὸ

2146 1831 2239 1886 τοῦ
2273 1832 2511 1901 μεγάλου
2536 1830 2869 1904 κυϐερνήτου
2892 1832 2986 1885 τοῦ
3004 1833 3096 1887 ἐπὶ¹
3123 1834 3339 1889 πάντων
3358 1835 3494 1889 Θεοῦ
3516 1835 3808 1909 ὁδηγούμε-

2146 1936 2248 1983 νοι,
2283 1922 2698 1990 καταντήσομεν
2735 1921 2812 1984 εἰς
2833 1920 2926 1973 τὸν
2948 1920 3142 1992 λιμένα
3167 1922 3266 1994 τῆς
3291 1924 3484 1977 τούτου
3507 1923 3811 1996 φιλανθρω-

2148 2007 2296 2072 πίας,
2324 2000 2369 2075 ᾧ
2393 2010 2426 2078 ή
2448 2007 2576 2072 δόξα
2601 2020 2624 2048 ο
2654 2008 2750 2062 καὶ
2774 2008 2836 2062 τὸ
2860 2009 3081 2081 κράτος,
3099 2009 3195 2063 νῦν
3222 2011 3315 2064 καί
3334 2011 3442 2076 ἀεὶ,
3468 2011 3562 2066 καὶ
3585 2014 3664 2077 εἰς
3685 2015 3813 2078 τούς

2146 2095 2536 2167 ἀτελευτήτους
2561 2097 2763 2160 αἰῶνας
2796 2096 2904 2152 τῶν
2936 2097 3166 2153 αἰώνων.
3209 2099 3403 2169 Ἀμήν.

2781 2181 3017 2236 UMIAIA
3058 2185 3161 2240 IE'.

2152 2266 2240 2341 Τῷ
2264 2266 2558 2341 δέἈδὰμ
2589 2272 2702 2338 οὐχ
2730 2268 2940 2341 εὑρέθη
2972 2271 3200 2338 βοηθὸς
3240 2271 3442 2341 ὅμοιος
3469 2272 3650 2339 αὐτῷ.
3700 2275 3812 2329 Καὶ

2216 2337 2524 2413 ἐπέϐαλεν
2561 2341 2612 2413 όΔ
2643 2337 2796 2413 Θεὸς⁸
2816 2341 3109 2413 ἔκστασιῖ
3150 2341 3249 2395 ἐπὶ
3271 2337 3428 2413 ’τότ’
3471 2337 3667 2413 Ἀδὰμ.
3708 2347 3808 2398 καὶ

2216 2406 2479 2483 ὑπνωσε.
2510 2409 2618 2463 Καὶ
2648 2410 2827 2483 ἔλαϐε
2849 2409 3142 2483 μίανᾼτῶν
3179 2411 3457 2483 εξλευρῷν
3479 2406 3684 2483 αὺτρῦ,
3707 2415 3807 2468 καί

2214 2477 2609 2550 ἀνεπλήρωσε
2654 2477 2857 2550 σάρκα
2888 2479 3016 2533 ἀντ’
3055 2478 3275 2550 αὐτῆς.
3321 2482 3431 2534 Καὶ
3460 2477 3811 2550 ᾠκὸδόμησε

2215 2549 2429 2620 Κύριος
2454 2550 2487 2601 ό
2535 2549 2676 2615 Θεὸς
2706 2549 2820 2620 τὴν
2847 2548 3135 2617 πλειφὰν,
3180 2552 3262 2620 ἢν
3291 2550 3509 2605 ἐλαϐεν
3545 2548 3667 2607 ἀπὸ
3700 2548 3811 2608 τοῦ

2228 2617 2429 2686 Ἀδὰμ,
2459 2620 2547 2683 είς
2575 2619 2851 2687 γυναῖκα.

2211 2711 2276 2758 α’.
2302 2705 2506 2768 Πολλὰς
2527 2706 2654 2776 ὑμῖν
2674 2706 2783 2777 ἔχω
2806 2708 3055 2778 χάριτας,
3080 2709 3162 2762 ὅτι
3185 2708 3325 2779 μετά
3346 2709 3545 2781 πολλῆς
3561 2710 3659 2782 τῆς
3683 2728 3806 2781 προ-

2145 2789 2343 2860 θυμίας
2371 2791 2496 2861 χθὲς
2529 2788 2780 2856 ἐδέξασθε
2827 2794 2927 2864 τὴν
2962 2796 3089 2867 παρ’
3128 2794 3285 2866 ήμῶν
3322 2795 3673 2867 παραίνεσιν,
3710 2798 3803 2851 καὶ

2145 2881 2279 2951 πρὸς
2300 2880 2359 2933 τὸ
2382 2881 2552 2952 μῆκος
2568 2880 2675 2933 τῶν
2696 2882 2999 2952 εἰρημένων
3013 2884 3073 2935 οὐ
3100 2884 3258 2954 μόνον
3279 2885 3378 2937 οὐκ
3390 2884 3804 2956 ἐδυσχεράνατε,

2143 2968 2278 3022 ἀλλὰ
2318 2969 2413 3022 καὶ
2444 2967 2605 3040 μέχρι
2636 2958 2732 3021 τοῦ
2764 2969 2950 3032 τέλους
2988 2969 3130 3024 οῦτω
3164 2971 3696 3043 παρηκολουθήσατε,
3729 2973 3807 3037 ὡς

2141 3057 2458 3128 ἀκμάζοντα
2490 3057 2618 3127 ὑμῖν
2652 3058 3009 3127 ἐναπομεῖναι
3029 3059 3120 3112 τὸν
3144 3062 3244 3130 τῆς
3267 3061 3581 3129 ἀκροάσεως
3606 3060 3770 3115 πόθον
3788 3078 3804 3093 ο

2139 3144 2263 3198 ὅθεν
2299 3143 2393 3196 καὶ
2422 3143 2663 3215 χρηστάς
2687 3147 2819 3214 ἡμῖν
2848 3144 2949 3209 τάς
2989 3145 3209 3210 ἐλπίδας
3251 3147 3585 3220 ὑπεφήνατε,
3613 3149 3691 3213 ὡς
3716 3149 3805 3204 διὰ

2139 3232 2247 3285 τῶν
2288 3231 2464 3301 ἔργων
2491 3230 2891 3302 ἐπιδειξάμενοι
2919 3232 2988 3286 τὰ
3020 3234 3121 3303 τῆς
3169 3235 3438 3306 ίιμετέρας
3471 3236 3801 3308 συμϐουλῆς.

2152 3318 2210 3373 σο
2236 3318 2344 3390 γὰρ
2374 3316 2513 3389 μετὰ
2540 3317 2806 3390 τοσαύτης
2832 3318 3023 3390 ἡδονῆς
3051 3320 3291 3383 ἀκούων,
3307 3320 3465 3392 δῆλος
3489 3321 3554 3376 ἂν
3590 3322 3674 3395 εἴη
3707 3325 3805 3379 καὶ

2140 3406 2277 3478 πρὸς
2305 3406 2403 3477 τὴν
2430 3404 2520 3459 διά
2549 3406 2659 3459 τῶν
2682 3404 2858 3478 ἔργων
2889 3406 3088 3477 πρᾶξιν
3121 3408 3635 3479 παρεσκευασμένος
3654 3426 3668 3439 ·
3703 3412 3802 3466 άλ-

2140 3495 2249 3559 λως
2286 3494 2343 3547 δὲ
2374 3494 2470 3548 καὶ
2500 3495 2533 3564 ή
2569 3492 2663 3547 νῦν
2692 3493 2845 3565 ὑμῶν
2876 3493 3146 3566 συνδρομή
3173 3496 3471 3568 τεκμήριον
3496 3496 3562 3551 ἂν
3593 3498 3806 3567 γένοιτο

2136 3583 2237 3654 τῆς
2273 3582 2415 3636 κατά
2457 3580 2633 3652 ψυχὴν
2666 3581 2820 3652 ὑμῶν
2857 3581 3087 3649 ὑγιείας.
3133 3582 3343 3654 Ὥσπερ
3375 3584 3483 3655 7&9
3518 3584 3581 3638 τὺ
3614 3588 3803 3656 πεινῆν

2141 3668 2460 3740 σωματικῆς
2485 3668 2697 3735 εὐεξίας
2725 3670 2949 3740 σημεῖόν
2978 3670 3145 3734 ἐστιν,
3176 3671 3317 3724 οῦτω
3336 3671 3398 3724 τὸ
3428 3671 3619 3740 λογίων
3643 3671 3803 3727 θείων

2138 3760 2267 3829 ἐρᾷν
2299 3757 2534 3827 ψυχικῆς
2580 3757 2789 3823 ὑγιείας
2833 3758 3130 3827 τεκμήριον
3161 3757 3227 3811 ἂν
3271 3757 3481 3825 γένοιτο
3523 3758 3802 3828 μέγιστον.

2151 3844 2304 3897 Ἐπεὶ
2332 3838 2424 3896 οῦν
2449 3844 2477 3896 ό
2510 3840 2720 3914 καρπὸς
2752 3841 2853 3910 τῆς
2881 3842 3151 3913 ὑμετέρας
3182 3843 3418 3914 σπουδῆς
3443 3843 3679 3897 δείκνυσι
3704 3845 3803 3916 τῆς

2139 3929 2385 4000 ὑπακοῆς
2410 3928 2508 3997 τὴν
2537 3927 2900 3999 ἐκπλήρωσιν,
2926 3928 3056 3998 φέρε
3084 3930 3177 3982 καὶ
3208 3931 3367 4001 ἡμεῖς
3388 3930 3478 3984 τὸν
3506 3930 3802 4000 μισθὸν,δν

2138 4016 2486 4087 ὑπεσχόμεθα
2532 4015 2679 4086 χθὲς,
2730 4014 3122 4086 καταϐάλωμεν
3162 4016 3313 4087 ὑμῶν
3342 4019 3408 4088 τῇ
3450 4018 3669 4091 ἀγάπῃ·
3700 4020 3802 4089 τὴν

2140 4102 2517 4174 πνευματικὴν
2550 4103 2752 4170 ταύτην
2789 4101 2933 4171 λέγω
2964 4102 3309 4157 διδασκαλίαν
3341 4105 3431 4157 τὸν
3468 4106 3685 4175 μισθὸν,
3708 4109 3804 4161 καί

2141 4209 2232 4263 μοι
2273 4190 2352 4261 τῷ
2378 4190 2769 4244 καταϐάλλοντι
2802 4189 2820 4229 ί
2852 4191 3146 4261 δυνάμενον
3174 4192 3409 4261 αὐξῆσαι
3454 4193 3550 4262 τὴν
3578 4210 3802 4265 περιου-

2140 4277 2278 4343 σίαν,
2339 4275 2491 4348 [115]
2530 4277 2623 4331 καὶ
2666 4278 2810 4348 ὑμᾶς
2857 4279 2987 4342 τοὺς
3041 4278 3469 4350 ὑποδεχομένους
3517 4280 3802 4346 πλουσίους

2136 4360 2602 4432 ἀπεργαζόμενον.
2653 4359 2890 4414 Τοιαῦτα
2916 4360 3024 4431 7&9
3051 4359 3264 4415 ἅπαντα
3306 4360 3374 4414 τά
3421 4365 3801 4430 πνευματικά’

2134 4448 2271 4517 ὅπερ
2305 4448 2398 4500 ἐπὶ
2428 4445 2536 4499 τῶν
2566 4445 2840 4518 αἰσθητῶν
2870 4447 3210 4519 πραγμάτων
3240 4448 3339 4501 οὐκ
3373 4447 3474 4503 ένι.
3515 4449 3662 4503 Ἐκεῖ
3698 4449 3800 4521 μέν

2133 4535 2242 4605 γάρ
2285 4537 2315 4587 ό
2350 4533 2673 4588 καταϐαλὼν
2712 4534 3022 4604 ἠλάττωσεν
3064 4535 3231 4588 αὑτοῦ
3274 4535 3375 4606 τὴν
3407 4536 3594 4590 οὐσίαν
3620 4576 3636 4598 ,
3704 4539 3797 4590 καὶ

2132 4619 2223 4671 τὸν
2279 4617 2675 4687 ὑποδεχόμενον
2725 4616 3100 4689 εὐπορώτερον
3141 4618 3513 4690 κατέστησενο
3564 4619 3795 4674 ἐνταῦθα

2132 4699 2190 4752 δὲ
2226 4700 2325 4770 οὐχ
2379 4698 2573 4764 οὑτως,
2624 4698 2759 4752 άλλά
2803 4700 2898 4752 καὶ
2939 4701 2969 4753 ό
3016 4698 3335 4754 καταϐαλὼν
3377 4700 3548 4773 ταύτῃ
3602 4701 3795 4770 μᾶλλον

2133 4782 2226 4836 τόν
2255 4784 2453 4837 οἰκεῖον
2488 4781 2717 4837 πλοῦτον
2760 4781 2934 4848 αὑξει,
2969 4784 3065 4835 καὶ
3091 4785 3205 4846 τοῖς
3233 4783 3644 4855 ὑποδεχομένοις
3677 4786 3792 4853 μείο

2132 4862 2241 4928 ζων
2270 4865 2304 4935 ή
2337 4865 2624 4935 περιουσία
2650 4864 2878 4932 γίνεται.
2943 4864 3095 4918 Ἐπεὶ
3120 4861 3214 4918 οὖν
3252 4866 3348 4918 καὶ
3389 4867 3551 4936 ήμεῖς
3593 4866 3796 4935 ἕτοιμοι

2130 4944 2270 5015 πρὸς
2308 4944 2751 5017 εὐγνωμοσύνην,
2786 4946 2881 4999 καὶ
2910 4946 3068 5014 ὑμεῖς
3095 4948 3144 4999 οἰ
3190 4945 3546 5017 ὑποδέχεσθαι
3579 4946 3802 5018 μέλλονο

2129 5044 2222 5090 τες
2267 5026 2359 5081 τὸν
2394 5026 2620 5080 πλοῦτον
2659 5026 2850 5081 τοῦτον
2899 5028 2990 5087 τὸν
3022 5028 3406 5100 πνευματικὸν,
3441 5028 3790 5099 εὐτρεπισμέ-

2130 5125 2255 5170 νους
2287 5107 2437 5178 ἔχετε
2479 5109 2607 5171 τοὺς
2657 5108 2889 5173 κόλπους
2927 5110 3027 5180 τῆς
3051 5109 3314 5173 διανοίας·
3353 5111 3485 5182 φέρε
3531 5110 3629 5179 τὴν
3662 5111 3793 5164 ὑπό·

2132 5208 2316 5262 σχεσιν
2366 5190 2766 5262 πληρώσωμεν,
2821 5194 2916 5247 καὶ
2960 5194 3059 5264 τῆς
3120 5193 3440 5257 ἀκολουθίας
3481 5193 3644 5248 πάλιν
3689 5194 3799 5247 τῶν

2131 5274 2283 5345 παρά
2313 5274 2409 5327 τοῦ
2446 5274 2715 5345 μακαρίου
2749 5276 3027 5341 Μωὺσέως
3052 5277 3477 5347 ἀνεγνωσμένων
3506 5276 3796 5346 ἁψάμενοι,

2128 5357 2379 5411 ἐντεῦθεν
2426 5358 2554 5428 ὑμῖν
2592 5358 2685 5411 τὸν
2718 5358 2905 5426 μισθὸν
2934 5358 3346 5430 καταϐάλωμεν.
3385 5358 3519 5411 Τίνα
3562 5354 3654 5412 οὖν
3682 5358 3805 5413 ἐστι

2127 5442 2195 5495 τά
2224 5445 2464 5511 σήμερον
2501 5441 2891 5510 ἀνεγνωσμένα
2921 5440 3216 5509 ἀναγκαῖον
3258 5441 3340 5503 εἰς
3373 5441 3538 5511 μέσον
3585 5439 3801 5510 προθείο
3836 5510 3839 5513 Δ

2128 5541 2238 5586 ναι,
2288 5523 2355 5575 ἵν’
2385 5522 2528 5576 οὑτω
2584 5522 2720 5593 μετά
2771 5522 3056 5591 ἀκριϐείας
3094 5523 3515 5593 διερευνώμενον
3554 5523 3647 5575 τὸν
3688 5524 3800 5585 τοίς

2129 5606 2337 5674 ῥήμασι
2402 5604 2952 5674 ἐναποκεκρυμμένον
3018 5605 3247 5660 πλοῦτον
3305 5607 3415 5658 τῶν
3484 5603 3795 5675 νοημάτων.

2188 5703 2218 5744 Il
2231 5707 2665 5777 ἓρν-ί1“..θι‹ιιιξόαιξι
2689 5720 2806 5777 ms_s.
2828 5708 2929 5777 ἀπό
2945 5707 3320 5777 πυρεςκιιοεοι,
3338 5716 3391 5755 el
3408 5705 3492 5777 alii
3513 5705 3797 5777 ἀπὸ

2199 5778 2222 5805 c
2249 5767 2452 5817 Colslin.
2523 5769 2852 5830 ιλανθρωπίας,
2903 5767 3030 5830 ἀριτί
3058 5768 3139 5816 καὶ
3195 5769 3484 5831 ιλανθρωπίᾳ
3503 5767 3591 5815 τοῦ
3617 5767 3799 5827 Κυρίου

2135 5830 2262 5877 ὑμῶν
2297 5826 2459 5877 Ἰησοῦ
2482 5784 2711 5877 ἓοιστοῦ.
2739 5829 2837 5877 μεθ’
2861 5785 2916 5876 (ζὺ
2937 5830 3007 5877 τῶ
3030 5784 3207 5877 Πατοῖ.
3239 5829 3342 5877 ἅμα
3371 5830 3442 5877 τῶ
3474 5827 3599 5877 άγίω
3644 5825 3793 5875 11νεὺ-

2130 5832 2262 5889 ὑμῶν
2297 5832 2459 5899 ξίησοῦ
2482 5832 2711 5890 Χριστοῦ,
2739 5832 2837 5899 μεθ’
2861 5832 2916 5876 οὑ
2937 5832 3007 5900 τῷ
3030 5832 3207 5889 Πατρί,
3239 5832 3342 5889 ἅμα
3371 5832 3599 5935 τῷβιγίιὲ
3644 5832 3793 5875 11νεὺ-

2130 5905 2241 5957 μςιτι
2266 5889 2396 5957 δοεα,
2422 5894 2518 5957 εἰς.
2571 5890 2609 5957 ,π
2640 5889 2812 5957 ξανιί..
2834 5889 2989 5957 ἠς-εει
3030 5891 3227 5957 quidam
3248 5889 3526 5957 egCoigpq.
3596 5889 3799 5935 ιδασκα-

2148 5950 2421 6012 .ίαν,μισθὸν
2442 5951 2586 6012 κάμοί
2611 5952 2680 6012 τῷ
2700 5948 3061 6010 καταϐάλλοντι,
3087 5957 3136 5999 cl
3158 5951 3228 5999 sic
3251 5948 3400 5999 etiam
3412 5948 3639 5999 Colben.
3655 5961 3801 5999 unus.
