4074 6134
257 404 356 459 il?

249 517 429 573 omnia
459 518 619 574 etiam
652 517 759 573 illis
794 518 1176 573 truculentiora
1217 520 1284 573 ad
1316 519 1463 573 illum
1492 518 1642 589 quasi
1668 518 1844 572 domi-

250 626 379 663 num
424 610 572 664 omni
600 625 722 665 cum
763 609 1094 679 sulijectione
1121 618 1484 676 accesserunt,
1533 621 1589 666 et
1632 610 1845 664 nomina

249 709 610 771 acceperunt,
641 716 740 756 nec
768 701 933 755 ullum
962 701 1170 755 illorum
1210 702 1410 757 veritus
1436 710 1516 756 cst
1548 701 1736 756 Adam.
1769 699 1846 757 Ne

251 794 417 861 igitur
441 799 632 862 arguat
658 792 869 861 aliquis,
898 791 1039 862 quod
1084 806 1113 844 a
1144 792 1253 846 Deo
1296 791 1403 846 sint
1442 800 1642 856 creata,
1674 806 1847 860 neque

250 894 446 939 contra
492 882 747 952 Opificem
799 881 1030 951 linguam
1079 893 1255 945 acuat,
1306 882 1414 935 imo
1456 890 1642 935 contra
1691 895 1843 934 suum

252 984 442 1044 caput,
471 975 701 1030 dicendo
746 974 835 1029 illa
878 975 1061 1028 insana
1104 974 1266 1028 verba
1296 973 1496 1041 :Cujus
1520 975 1687 1043 gratia
1721 973 1846 1028 ferte

256 1067 532 1135 productae
551 1068 719 1121 sunt?
748 1065 878 1121 Nam
896 1067 1073 1121 o.nnia
1098 1067 1318 1136 perinde
1344 1083 1406 1122 ac
1433 1078 1703 1121 mansueta
1730 1081 1842 1121 ser-

252 1160 478 1212 vitutem
520 1166 890 1228 agnoverunt;
937 1164 994 1213 et
1040 1158 1332 1212 dominium
1373 1157 1651 1212 manifeste
1692 1158 1846 1213 nobis

255 1259 524 1305 monstrat
576 1250 849 1303 nominum
909 1249 1196 1319 impositio.
1244 1249 1468 1303 Nomina
1511 1249 1675 1316 enim,
1725 1264 1846 1318 quae

255 1341 515 1411 imposuit
544 1341 669 1405 illis,
702 1355 869 1409 usque
902 1341 954 1393 in
987 1340 1302 1395 hodiernum
1330 1340 1468 1395 diem
1492 1350 1842 1411 permanent:

255 1433 330 1486 ita
358 1432 501 1486 enim
531 1433 645 1485 haec
686 1430 913 1485 firmavit
943 1431 1100 1495 Deus,
1130 1440 1189 1485 ut
1216 1439 1522 1500 perpetuam
1557 1430 1846 1487 habeamus

257 1523 573 1578 memoriam
630 1523 864 1588 honoris,
918 1539 1074 1592 quem
1130 1523 1279 1577 initio
1317 1523 1485 1577 Adam
1542 1539 1574 1579 a
1619 1524 1846 1578 Domino

256 1617 499 1670 omnium
532 1616 758 1687 accepit,
786 1617 937 1670 bruta
969 1616 1068 1670 sibi
1101 1615 1308 1671 subdita
1341 1615 1561 1681 habens,
1591 1624 1645 1671 et
1683 1616 1845 1671 ablati

257 1706 424 1775 hujus
448 1721 662 1761 causam
694 1708 765 1762 illi
799 1707 1184 1771 adSt-ribamus,
1213 1708 1303 1778 qui
1329 1716 1543 1777 peccato
1582 1722 1679 1762 suo
1709 1707 1847 1763 hanc

256 1814 409 1853 suam
440 1803 766 1869 'potcstatem
817 1800 1095 1853 mutilavit.
1134 1799 1224 1855 20.
1275 1799 1343 1853 Et
1384 1800 1606 1864 donavit,
1654 1800 1843 1870 inquit,

259 1890 425 1942 Adam
470 1891 677 1943 nomina
707 1891 937 1944 omnibus
967 1889 1248 1959 pecoribus,
1279 1901 1326 1945 et
1368 1893 1596 1946 omnibus
1624 1892 1846 1947 volatili-

258 1979 351 2032 bus
375 1980 508 2046 cazli,
536 1989 584 2035 et
604 1980 833 2034 onmibus
862 1980 1027 2034 bestiis
1055 1990 1217 2036 terrte.
1246 1981 1379 2036 Hinc
1400 1981 1509 2051 jam
1543 1982 1845 2053 considera,

259 2072 473 2138 dilecte,
498 2073 789 2127 voluntatis
820 2072 1139 2139 libertatem,
1169 2082 1224 2128 et
1262 2074 1535 2144 sapientia:
1565 2074 1681 2144 ejus
1710 2076 1812 2131 emi

258 2163 518 2229 nentiam,
545 2172 678 2218 etne
696 2162 843 2218 dicas
871 2180 992 2219 eum
1021 2164 1293 2233 ignorasse
1317 2164 1440 2235 quid
1473 2165 1689 2231 bonum,
1721 2164 1845 2236 quid

259 2254 482 2309 malum.
514 2255 643 2310 Nam
685 2257 772 2326 qui
801 2258 974 2326 potuit
997 2259 1250 2327 congruis
1283 2259 1585 2314 nominibus
1604 2259 1844 2329 jutnenta

255 2347 553 2416 appellare,
602 2357 657 2403 et
696 2349 927 2405 volatilia
971 2350 1109 2413 caeli,
1161 2361 1215 2405 et
1257 2351 1388 2405 alias
1422 2352 1639 2417 bestias,
1673 2366 1845 2422 neque

256 2436 505 2491 ordinem
533 2438 796 2504 confudit,
829 2456 1001 2510 neque
1028 2443 1323 2496 mansuetis
1367 2442 1685 2498 animalibus
1709 2460 1844 2497 con-

260 2528 532 2582 venientia
564 2527 690 2583 feris
715 2530 987 2601 imposuit,
1032 2546 1132 2587 nec
1162 2532 1287 2588 feris
1316 2535 1661 2603 congruentia
1688 2549 1841 2587 man-

256 2619 425 2674 suetis
444 2621 709 2686 attribuit,
738 2622 832 2676 sed
873 2624 1122 2679 omnibus
1150 2641 1246 2679 sua
1276 2624 1422 2680 dedit
1449 2625 1684 2688 nomina,
1712 2642 1845 2694 quo-

256 2711 418 2765 modo
450 2728 555 2766 non
585 2714 728 2768 omni
754 2716 1011 2784 sapientia
1041 2724 1096 2771 et
1122 2717 1378 2771 industria
1411 2717 1683 2786 pollebat?
1709 2718 1843 2773 llinc

252 2803 452 2870 cogita,
504 2815 697 2872 quanta
750 2803 909 2875 hujus
954 2807 1204 2876 spiraculi
1252 2807 1304 2861 in
1355 2807 1444 2861 illo
1488 2808 1743 2878 potentia,
1789 2817 1845 2864 et

252 2905 452 2964 quatita
480 2896 811 2967 incorporea:
837 2901 1031 2957 anima:
1074 2904 1354 2974 sapientia,
1388 2920 1544 2974 quam
1588 2905 1842 2961 Dominus

254 2985 328 3038 illi
358 2985 528 3052 dedit,
558 3003 678 3041 cum
708 2988 1023 3046 admirabile
1053 3001 1108 3048 et
1151 2995 1468 3050 rationabile
1517 2997 1618 3050 hoc
1642 2997 1842 3053 animal

252 3091 320 3130 ex
364 3076 571 3132 duabus
609 3080 813 3136 naturis
841 3084 1190 3150 constituens,
1237 3086 1602 3157 inrorpoream
1649 3091 1842 3144 animm

251 3167 631 3236 substantiam,
664 3185 763 3225 ceu
807 3174 1065 3241 optimum
1117 3177 1400 3244 artificem,
1447 3179 1660 3248 corpori
1689 3181 1841 3251 quasi

254 3257 611 3313 instrumento
654 3262 950 3328 conjunxit.
1000 3263 1165 3334 Igitur
1195 3282 1315 3320 cum
1363 3278 1535 3323 tecum
1584 3270 1843 3341 cogitabis

253 3359 456 3404 tantam
500 3349 658 3419 hujus
687 3353 936 3408 animalis
962 3354 1299 3425 sapientiam,
1330 3358 1597 3415 admirare
1624 3360 1841 3431 Opificis

253 3441 572 3508 potentiam.
602 3441 731 3496 Nam
761 3444 805 3497 si
830 3446 942 3499 εξειὶ
975 3446 1309 3514 pulchritudo
1330 3465 1358 3503 a
1383 3450 1602 3505 cordato
1628 3461 1839 3521 specta-

252 3540 371 3585 tore
394 3533 527 3600 visa,
557 3533 702 3588 illum
733 3534 800 3590 ad
827 3536 1172 3593 celebrandas
1196 3538 1501 3597 Conditoris
1530 3543 1710 3597 laudes
1741 3544 1839 3598 ad-

249 3623 399 3678 ducit
425 3641 438 3678 :
462 3635 661 3692 quanto
688 3628 852 3696 magis
878 3628 1135 3685 rationale
1164 3630 1266 3686 hoc
1293 3635 1485 3688 animal
1512 3635 1692 3702 homo,
1716 3650 1837 3692 cum

250 3727 403 3767 suam
446 3713 837 3782 formationem,
867 3715 1085 3773 honoris
1114 3735 1143 3774 a
1190 3721 1297 3776 Deo
1324 3723 1423 3776 sibi
1453 3723 1561 3778 dati
1601 3726 1839 3780 eminen-

250 3804 403 3868 tiam,
436 3807 855 3876 magnitudinem
889 3809 1148 3865 donorum
1181 3825 1234 3867 et
1268 3815 1552 3871 ineffabilia
1584 3817 1839 3874 beneficia

250 3895 579 3963 considerat,
618 3907 889 3953 auctorem
921 3900 1109 3955 horum
1131 3905 1397 3960 continuis
1423 3907 1667 3964 laudibus
1697 3926 1838 3979 prte—

250 3986 467 4078 diral-e,
527 3998 580 4044 et
625 4005 723 4060 pro
771 3992 881 4047 suis
931 3992 1134 4049 viribus
1175 3996 1394 4067 gloriam
1447 3999 1555 4053 Deo
1612 4001 1837 4058 reddere

252 4079 492 4150 poterit?

326 4169 540 4226 Morulis
576 4174 878 4230 exhortatio.
919 4208 992 4217 —
1036 4177 1236 4234 Vellem
1277 4189 1331 4236 et
1377 4180 1445 4237 de
1489 4186 1834 4254 sequentibus

249 4273 409 4329 agere
442 4279 456 4316 :
491 4263 584 4316 sed
617 4280 683 4319 ne
727 4266 1062 4323 multitudine
1090 4284 1272 4324 eorum
1298 4286 1417 4340 qua:
1455 4273 1702 4330 dicuntur
1725 4275 1834 4347 jam

248 4350 513 4405 dictorum
555 4354 772 4408 obruam
805 4360 1113 4413 memoriam
1135 4401 1150 4425 ,
1183 4376 1361 4429 opera:
1399 4363 1628 4432 pretium
1680 4365 1837 4424 fuerit

248 4441 509 4498 doctrinae
551 4459 854 4502 sermonem
896 4447 999 4504 hoc
1025 4450 1143 4505 loco
1177 4452 1445 4509 claudere.
1486 4455 1667 4527 Neque
1691 4458 1833 4513 enim

249 4531 355 4587 hoc
376 4535 546 4588 solum
572 4536 724 4592 nobis
746 4553 887 4594 cura:
913 4547 1014 4606 est,
1038 4550 1096 4595 ut
1115 4543 1277 4597 multa
1296 4543 1534 4602 dicamus
1560 4562 1573 4597 :
1602 4548 1696 4604 sed
1717 4549 1835 4604 ideo

246 4621 477 4678 dicimus
500 4665 515 4691 ,
549 4636 603 4680 ut
636 4640 890 4698 perpetuo
917 4632 968 4684 in
1002 4631 1194 4687 animis
1222 4636 1417 4691 chtris
1444 4636 1618 4693 defixa
1647 4654 1833 4695 serve-

248 4716 317 4769 tis
338 4757 355 4782 ,
388 4725 550 4786 utque
593 4735 696 4773 non
727 4720 899 4775 solum
930 4738 1026 4778 vos
1049 4723 1147 4794 ipsi
1175 4725 1357 4781 sciatis
1379 4743 1441 4782 ea
1471 4745 1590 4799 qua:
1618 4732 1670 4784 in
1700 4731 1837 4787 divi-

248 4806 335 4859 nis
362 4805 651 4876 Seripturis
672 4811 1031 4876 continentur,
1059 4814 1154 4870 sed
1183 4824 1239 4869 ut
1266 4826 1320 4871 et
1343 4819 1567 4873 aliorum
1591 4821 1707 4877 sitis
1731 4823 1834 4879 do-

242 4910 445 4962 ctores,
478 4901 797 4972 possitisque
827 4913 881 4956 et
922 4904 1056 4960 alios
1106 4906 1415 4963 admonere.
1459 4908 1834 4984 Unusquisque

244 4990 408 5060 igitur
435 5000 689 5055 vestrum,
711 4992 955 5056 obsecro,
991 4995 1114 5052 hinc
1143 5012 1388 5068 egressus
1405 5041 1420 5067 ,
1446 5016 1566 5056 cum
1595 5004 1835 5073 proximo

241 5096 345 5135 suo
373 5080 636 5135 dictorum
655 5084 964 5139 memoriam
995 5085 1232 5154 refrieet,
1258 5098 1313 5144 et
1332 5106 1450 5161 quae
1480 5093 1593 5161 ipse
1615 5095 1835 5151 retinuit

242 5172 499 5239 offerens,
530 5188 592 5228 ea
619 5189 737 5245 quae
765 5176 901 5233 alius
930 5180 1185 5235 memoria
1208 5189 1354 5238 tenet
1379 5185 1623 5255 accipiat.
1671 5187 1739 5242 Et
1763 5188 1832 5243 ita

241 5265 426 5319 omnia
455 5266 767 5337 colligentes
807 5277 965 5339 atque
1014 5274 1270 5328 memoria
1318 5285 1584 5344 tenentes,
1614 5277 1831 5335 domum

241 5357 547 5423 concedite,
575 5357 717 5427 apud
746 5374 842 5414 vos
881 5361 1025 5431 ipsos
1061 5364 1397 5419 ruminantes
1431 5367 1636 5422 divinas
1675 5369 1833 5428 hasce

243 5448 560 5504 doctrinas:
592 5462 648 5504 ut
675 5452 778 5506 huc
802 5454 948 5507 omni
977 5468 1102 5508 cura
1130 5465 1306 5510 vestra
1336 5471 1835 5525 conversa,mente—

241 5555 349 5609 qne
388 5540 442 5595 in
486 5539 569 5594 his
621 5553 900 5613 occupata,
936 5546 1150 5615 possitis
1201 5547 1353 5602 facile
1400 5560 1455 5603 et
1506 5551 1833 5608 turbulentas

241 5631 411 5685 animi
432 5631 741 5689 affectiones
765 5635 1001 5701 vincere,
1030 5645 1085 5691 et
1109 5635 1303 5691 diaboli
1338 5638 1556 5694 insidias
1577 5641 1827 5711 effugere.

241 5719 377 5777 Nam
398 5737 521 5777 cum
549 5723 723 5779 malus
756 5724 844 5781 ille
868 5726 1076 5781 daemon
1108 5727 1250 5782 videt
1292 5729 1521 5785 animam
1549 5731 1618 5787 de
1640 5730 1831 5788 divinis

242 5810 408 5868 rebus
433 5812 734 5880 sollicitam,
767 5823 818 5870 ct
844 5823 1098 5884 perpetuo
1126 5816 1243 5872 illas
1280 5818 1599 5890 cogitantem
1630 5829 1682 5876 et
1708 5837 1824 5879 ver-

1336 405 1399 459 lN
1431 404 1665 459 CAPJl.
1713 402 1958 460 GENES.
2010 405 2230 461 ttotttL.
2281 407 2397 465 XV.

3436 415 3538 471 118

1954 529 2180 588 sontem,
2206 537 2275 578 ne
2298 525 2556 582 accedere
2582 527 2793 597 quidem
2823 528 3039 597 propius
3066 528 3248 595 audet,
3279 529 3373 585 sed
3396 532 3541 587 celo-

1953 614 2084 668 riter
2110 615 2307 684 resilit,
2333 633 2363 671 a
2390 616 2620 688 Spiritus
2643 621 2954 688 Operatione
3000 621 3152 692 quasi
3200 636 3230 676 a
3279 636 3541 677 succenso

1953 721 2082 775 rogo
2101 707 2337 764 abactos.
2375 709 2444 767 Ut
2471 711 2630 782 igitur
2648 720 2705 767 et
2730 712 2883 768 nobis
2905 712 3189 783 plurimum
3211 714 3281 769 sit
3304 714 3458 780 lucri,
3482 726 3539 772 et

1951 792 2097 850 illum
2145 798 2358 853 vincere
2391 800 2683 868 valeamus,
2711 810 2765 855 et
2806 816 3037 871 superne
3084 803 3236 858 nobis
3266 804 3537 874 copiosior

1953 895 2230 953 przestetur
2251 890 2440 960 gratia,
2468 891 2522 946 in
2544 891 2626 945 his
2646 891 2881 947 animum
2904 901 3142 948 nostrum
3163 909 3533 951 exerceamus.

1949 977 2081 1032 Nam
2135 980 2205 1034 ita
2251 984 2700 1052 prosperabuntur
2736 985 2789 1039 in
2829 985 3073 1041 manibus
3100 987 3294 1041 nostris
3331 989 3532 1055 omnia,

1949 1079 2105 1123 erunt
2135 1069 2309 1126 facilia
2332 1088 2452 1142 quae
2477 1072 2712 1128 difficilia
2744 1083 2897 1129 erant
2929 1094 2943 1130 :
2974 1089 3092 1144 quae
3120 1074 3342 1131 molesta
3386 1077 3536 1132 vide-

1952 1162 2143 1218 bantur
2168 1179 2308 1228 esse,
2338 1164 2536 1220 bonum
2568 1167 2766 1221 exitum
2787 1166 3096 1233 sortientur,
3123 1181 3222 1222 nec
3246 1167 3536 1237 quidquam

1951 1256 2292 1323 praesentium
2323 1271 2421 1312 nos
2452 1257 2664 1313 tristitia
2690 1257 2906 1314 afficere
2939 1258 3158 1329 poterit.
3197 1258 3541 1329 Quandoqui-

1951 1344 2070 1400 dem
2099 1347 2143 1401 si
2171 1347 2326 1402 nobis
2352 1364 2496 1403 curm
2526 1348 2721 1403 fuerint
2745 1349 2943 1413 divina,
2990 1350 3103 1419 ipse
3143 1364 3353 1419 quoque
3400 1350 3540 1404 Deus

1955 1452 2049 1505 pro
2074 1437 2229 1492 nobis
2256 1439 2513 1494 sollicitus
2539 1441 2662 1506 erit,
2693 1449 2747 1494 et
2774 1455 2963 1510 magna
3003 1441 3290 1495 securitate
3327 1455 3423 1509 per
3449 1455 3541 1509 pe-

1950 1530 2100 1599 lagus
2125 1530 2281 1601 hujus
2306 1532 2425 1586 vita:
2453 1533 2838 1603 navigabinms,
2875 1548 2938 1587 ac
2963 1532 3259 1588 deduceute
3297 1546 3395 1587 nos
3423 1548 3540 1586 ma-

1948 1635 2052 1690 gno
2082 1622 2173 1676 illo
2202 1622 2559 1692 gubernatore
2609 1624 2718 1679 Deo
2758 1625 2890 1695 ipso,
2924 1624 2991 1679 ad
3044 1625 3188 1679 illius
3241 1625 3539 1680 clementia:

1953 1723 2161 1782 portttm
2183 1716 2510 1784 appellemus
2543 1734 2556 1769 :
2584 1717 2668 1771 cui
2708 1718 2872 1788 gloria
2902 1718 2941 1783 ι,
2970 1726 3025 1773 et
3056 1718 3368 1788 imperium.
3398 1734 3539 1773 nunc

1951 1814 2005 1858 et
2030 1820 2262 1876 semper,
2292 1815 2346 1860 et
2389 1807 2443 1861 in
2495 1808 2698 1862 infinita
2731 1810 2923 1864 saecula
2957 1810 3294 1865 sceculorum.
3336 1812 3535 1866 Amen.

2529 1941 2807 1998 HOMILIA
2848 1943 2960 1998 XV.

1949 2051 2076 2106 Atla:
2096 2068 2210 2107 vero
2236 2070 2337 2108 non
2365 2055 2599 2111 inventus
2619 2066 2695 2111 est
2721 2057 2929 2128 adjutor
2950 2057 3132 2112 similis
3152 2057 3249 2112 illi.
3280 2058 3346 2113 Et
3367 2060 3538 2114 immi-

2021 2144 2086 2197 sit
2129 2142 2264 2199 Deus
2286 2161 2545 2200 excessum
2568 2147 2621 2201 in
2649 2147 2836 2212 Adam,
2861 2157 2908 2201 et
2934 2147 3192 2201 dormivit.
3233 2147 3301 2202 Et
3348 2152 3537 2219 accepit

2019 2253 2170 2289 unum
2193 2248 2445 2291 costarum
2470 2239 2601 2309 ejus,
2629 2247 2675 2292 et
2701 2239 2923 2309 implevit
2945 2255 3145 2293 carnem
3175 2256 3266 2309 pro
3306 2242 3417 2295 illa.
3467 2240 3536 2296 Et

2018 2329 2287 2396 a'tfi/icavit
2316 2328 2455 2384 Deus
2482 2341 2670 2384 costam
2694 2372 2707 2390 ,
2735 2347 2887 2401 quam
2929 2331 3121 2402 accepit
3161 2332 3225 2386 de
3257 2331 3452 2401 Adam,
3483 2334 3537 2387 in

2020 2416 2278 2471 mulierem
2308 2417 2461 2485 (Cen.
2492 2418 2547 2473 2.
2575 2418 2787 2492 20-22).

2019 2531 2074 2583 1.
2116 2528 2193 2584 De
2215 2547 2387 2586 amore
2422 2532 2557 2586 verbi
2576 2533 2733 2586 divini
2752 2533 2857 2587 suis
2879 2532 3195 2589 auditoribus
3225 2534 3532 2607 gratulatur.

1945 2648 2018 2660 -
2047 2620 2284 2691 Magnam
2312 2623 2464 2678 vobis
2480 2623 2651 2677 habeo
2668 2624 2914 2694 gratiam,
2937 2623 3077 2693 quod
3097 2633 3238 2680 tanta
3259 2625 3536 2681 alacritate

1949 2712 2248 2767 hesternam
2280 2726 2450 2766 meam
2478 2714 2795 2781 acceperitis
2821 2713 3263 2777 admonitionem,
3291 2722 3345 2769 et
3365 2716 3534 2768 dicto-

1949 2819 2065 2857 rum
2100 2804 2402 2872 prolixitate
2444 2820 2548 2859 non
2589 2806 2762 2860 solum
2806 2820 2913 2860 non
2961 2805 3078 2860 sitis
3104 2806 3314 2873 offensi,
3352 2807 3447 2863 sed
3479 2808 3533 2863 in

1946 2894 2218 2949 cunciouis
2244 2895 2382 2950 serie
2409 2903 2719 2965 perpetuum
2742 2895 2991 2951 audiendi
3020 2895 3343 2951 desiderium
3368 2912 3534 2967 usque

1945 2983 2012 3038 ad
2044 2985 2204 3039 finem
2232 2987 2569 3041 servaveritis
2599 3000 2614 3037 :
2643 2986 2784 3042 unde
2813 3001 3000 3056 magna
3025 2987 3178 3042 nobis
3200 3002 3323 3058 spes
3338 2997 3421 3044 est
3437 3003 3533 3043 vos

1946 3076 2198 3144 operibus
2223 3077 2353 3145 ipsis
2381 3076 2603 3132 consilia
2644 3088 2827 3133 nostra
2862 3085 3185 3148 sequuturos
3223 3093 3361 3134 esse.
3401 3079 3531 3134 Nam

1945 3167 2035 3236 qui
2061 3174 2205 3222 tanta
2240 3167 2509 3236 voluptate
2533 3167 2712 3230 audit,
2739 3167 2975 3223 declarat
3021 3167 3087 3222 ad
3132 3184 3295 3239 opera
3309 3185 3531 3242 quoque

1946 3256 2187 3315 iacienda
2224 3275 2284 3314 se
2333 3271 2572 3329 paratum
2607 3280 2622 3317 :
2652 3260 2848 3330 alioqui
2890 3257 3141 3330 frequens
3184 3261 3345 3315 etiam
3392 3275 3533 3315 nunc

1946 3350 2049 3406 i816
2073 3359 2252 3406 vester
2279 3359 2572 3406 conventus
2596 3359 2805 3406 certum
2839 3360 3211 3421 argumentum
3253 3359 3337 3406 εει
3373 3365 3530 3420 quam

1947 3443 2081 3497 bene
2126 3442 2301 3497 anima
2352 3442 2595 3499 valeatis.
2636 3442 2769 3498 Nam
2805 3443 2944 3498 sicut
2981 3443 3189 3498 esurire
3213 3444 3422 3513 signum
3451 3450 3530 3498 est

1947 3538 2098 3591 bona:
2123 3536 2440 3592 valetudinis
2469 3537 2782 3606 corporalis,
2802 3537 2874 3591 ita
2899 3552 3081 3591 amare
3096 3535 3281 3591 divina
3296 3536 3529 3606 eloquia,

1943 3628 2238 3698 Spiritualis
2269 3628 2514 3683 sanitatis
2550 3627 2802 3681 indicium
2849 3627 3003 3681 fuerit
3036 3627 3350 3681 maximum.
3383 3627 3529 3694 Quo-

1946 3722 2086 3775 niam
2114 3730 2290 3775 autem
2318 3719 2520 3775 fructus
2565 3721 2726 3774 vestri
2758 3719 2915 3774 studii
2945 3719 3224 3788 pollicetur
3243 3759 3257 3782 ,
3289 3734 3337 3772 ν(
3358 3732 3387 3772 s
3413 3734 3529 3787 quae

1941 3812 2162 3867 audistis
2191 3812 2500 3881 impleturos
2527 3826 2667 3876 esse,
2698 3825 2796 3880 age
2821 3819 2876 3865 et
2908 3826 3005 3865 nos
3034 3809 3333 3865 mercedem
3366 3825 3524 3879 quam

1945 3905 2056 3959 lteri
2097 3903 2496 3973 pollicebamur,
2529 3903 2688 3958 hodie
2741 3913 2928 3957 vestra:
2971 3903 3179 3958 caritati
3224 3903 3529 3958 dinumere-

1941 4012 2081 4052 mus.
2121 3995 2459 4066 Spiritualem
2508 3997 2645 4052 hanc
2685 3996 2981 4050 doctrinam
3032 3996 3331 4051 mercedem
3378 3997 3521 4063 dico,

1940 4104 2059 4159 qua:
2076 4097 2249 4157 potest
2275 4096 2330 4143 et
2354 4102 2525 4142 meam
2553 4103 2748 4158 augere
2765 4087 3115 4142 substantiam
3129 4101 3249 4141 cum
3273 4102 3523 4142 uulnera—

1940 4196 2090 4245 vero,
2124 4192 2178 4237 et
2209 4196 2301 4236 vos
2324 4181 2411 4252 qui
2442 4181 2698 4252 recipitis,
2728 4180 2950 4236 ditiores
2978 4179 3173 4236 facere.
3216 4179 3328 4235 lloe
3380 4180 3524 4234 enim

1939 4275 2098 4331 modo
2125 4292 2184 4331 se
2211 4275 2407 4331 habent
2429 4275 2720 4345 spiritualia
2757 4275 2935 4329 omnia
2965 4296 2977 4330 :
3005 4274 3057 4328 id
3086 4274 3225 4343 quod
3258 4274 3309 4326 iu
3358 4272 3519 4327 rebus

1940 4366 2278 4422 seusibilibns
2306 4382 2413 4421 non
2434 4373 2534 4421 est.
2567 4365 2697 4420 Nam
2729 4367 2780 4420 iu
2806 4366 2910 4420 illis
2931 4404 2946 4427 ,
2972 4365 3060 4435 qui
3102 4364 3404 4419 dinumerat
3433 4379 3526 4432 pe-

1940 4458 2172 4522 cuniam,
2204 4473 2354 4512 suam
2388 4457 2655 4512 imminuit
2673 4457 3019 4512 substantiam
3045 4458 3087 4522 ',
3130 4464 3184 4510 et
3213 4456 3525 4525 locupletio-

1940 4564 2052 4603 rem
2072 4548 2236 4604 efficit
2258 4564 2381 4603 eum
2410 4549 2500 4619 qui
2526 4549 2715 4617 recipit
2742 4563 2755 4600 :
2788 4548 2872 4603 hic
2894 4557 3071 4603 autem
3091 4562 3194 4603 non
3224 4548 3321 4612 sic,
3350 4547 3443 4603 sed
3469 4558 3523 4604 et

1939 4646 1985 4696 is
2003 4642 2094 4711 qui
2126 4650 2404 4702 numerat,
2437 4655 2564 4695 suas
2594 4640 2871 4696 facultates
2902 4639 3070 4711 magis
3098 4649 3283 4710 auget,
3309 4648 3362 4695 et
3381 4639 3519 4695 reci—

1940 4731 2205 4801 pientibus
2222 4729 2525 4785 divitiarum
2565 4732 2786 4786 multum
2814 4729 3040 4786 accedit.
3081 4729 3263 4800 Itaque
3306 4744 3427 4784 cum
3467 4737 3523 4783 et

1941 4823 2093 4877 nobis
2120 4830 2360 4891 prompta
2380 4822 2450 4877 sit
2470 4822 2857 4888 benevolentia,
2889 4832 2945 4878 et
2969 4836 3065 4876 vos
3078 4821 3156 4890 spi
3165 4820 3382 4875 rituales
3402 4819 3520 4873 illas

1938 4927 2070 4983 opes
2103 4914 2398 4982 suscepturi
2428 4913 2578 4969 sinus
2610 4913 2805 4968 mentis
2845 4919 3060 4981 paratos
3104 4909 3384 4964 habeatis:
3422 4921 3519 4976 age

1941 5012 2253 5073 praestemus
2279 5004 2420 5074 quod
2446 5006 2500 5062 in
2526 5018 2623 5058 nos
2648 5003 2969 5071 recepimus,
2989 5008 3046 5054 et
3067 5000 3258 5054 iterum
3287 4998 3518 5067 acceptis

1940 5096 2023 5159 iis,
2049 5110 2169 5166 qua:
2186 5109 2253 5151 ex
2269 5104 2518 5151 contextu
2546 5094 2685 5149 beati
2711 5091 2873 5147 Mosis
2896 5086 3032 5147 lecta
3057 5097 3201 5154 sunt,
3229 5086 3352 5144 inde
3367 5087 3518 5143 vobis

1939 5187 2237 5244 mercedem
2291 5187 2708 5241 dinumeremns.
2773 5182 2905 5250 Qua:
2954 5183 3113 5252 igitur
3163 5181 3322 5236 hodie
3375 5180 3512 5235 locta

1937 5291 2060 5335 sunt
2089 5280 2141 5334 in
2167 5278 2400 5334 medium
2429 5276 2601 5331 afferri
2632 5275 2847 5341 debent,
2876 5283 2935 5329 ut
2961 5273 3236 5328 thesauros
3259 5286 3514 5328 sensuum

1940 5373 1991 5424 in
2020 5369 2194 5424 verbis
2224 5369 2466 5424 latentes.
2497 5366 2779 5436 diligenter
2793 5364 3066 5435 quzesitos,
3086 5363 3293 5419 caritati
3319 5370 3513 5419 vestrae

1994 5461 2011 5492 ι
2044 5458 2297 5520 Coislin....
2323 5453 2634 5520 appellemus,
2671 5454 2831 5520 gratia
2850 5460 2909 5520 et_
2938 5453 3277 5520 misericordia
3318 5450 3509 5520 Domini

1929 5520 2081 5574 nostri
2095 5529 2213 5571 Jesu
2232 5512 2408 5583 (jlu'isti
2430 5531 2546 5583 own
2561 5512 2736 5580 qua-sit
2764 5516 2981 5583 _Pattjt'_et
3003 5515 3202 5583 Spiritui
3222 5523 3388 5583 sancto
3409 5512 3507 5583 glo-

1930 5584 2023 5643 ria,
2064 5589 2160 5649 etc.
2186 5589 2235 5649 In
2256 5581 2391 5649 hisee
2416 5577 2594 5649 verbis,
2631 5591 2742 5649 qua:
2764 5577 2982 5649 homilias
3001 5577 3418 5649 clauduntumufta
3434 5648 3437 5649 ν
3455 5577 3502 5622 in

1931 5637 2258 5705 manseriptis
2271 5645 2555 5691 observatur
2577 5637 2801 5699 varietas,
2825 5647 2881 5690 ut
2894 5642 3225 5705 monetetiam
3237 5637 3469 5705 _Savilius.

1992 5715 2013 5745 ³
2039 5700 2223 5761 Omnes
2245 5708 2431 5758 habent
2456 5719 2645 5767 vocem,
2669 5702 2985 5767 substantiam
3013 5703 3118 5767 (τῂν
3140 5700 3348 5767 oboluit),
3374 5709 3499 5767 prte-

1932 5781 2011 5824 ter
2046 5756 2449 5846 ii'é’g."uiihni“ei
2481 5756 2650 5820 Morel:
2672 5766 2759 5830 qui
2796 5765 2996 5826 habent,
3018 5756 3500 5816 abundantiamttnv

1934 5849 2225 5900 nsptouataw
2236 5870 2246 5881 .
