4074 6134
558 375 665 434 H9

561 504 937 564 proponamus.
977 486 1217 544 Audistis
1241 489 1385 544 enim
1415 490 1573 545 modo
1598 491 1925 560 Scriptorum
1955 488 2140 543 dicen-

561 594 668 637 tem
699 580 824 637 τεο.
851 580 978 635 Adae
997 596 1111 635 vero
1136 596 1238 635 non
1265 583 1494 636 inventus
1517 593 1590 636 est
1613 583 1821 650 odjutor
1844 581 2022 635 similis
2042 581 2140 636 illi.

556 671 692 740 Quid
733 671 833 726 sibi
876 672 983 725 vult
1014 673 1191 727 brevis
1241 674 1357 729 lucc
1397 673 1580 740 dictio,
1613 674 1738 727 Atla:
1784 674 1936 729 vero?
1976 688 2144 744 quare

556 762 773 834 apponit
789 764 1254 833 conjunctionem?
1269 781 1444 820 annon
1456 764 1745 821 stilliciebat
1760 765 1956 831 dicere,
1978 765 2145 821 Adae?

556 853 670 907 Non
697 854 897 924 absque
926 855 1131 910 ratione
1152 896 1167 920 ,
1192 871 1364 927 neque
1388 855 1710 911 curiositatis
1753 857 1921 927 gratia
1974 855 2147 926 inqui-

557 947 709 1000 rendi
743 947 864 1001 talia
893 948 1046 1004 nobis
1083 948 1292 1002 animus
1313 959 1426 1013 est,
1456 948 1550 1004 sed
1573 957 1632 1002 ut
1658 948 1942 1018 diligenter
1965 949 2145 1003 omnia

555 1037 709 1091 vobis
736 1037 1170 1106 interpretantes,
1194 1039 1478 1095 doceamus
1510 1055 1603 1094 vos
1646 1054 1817 1109 neque
1855 1039 2144 1093 dictionem

558 1138 799 1194 parvam,
830 1144 1001 1198 neque
1029 1129 1286 1202 syllabam
1318 1147 1475 1185 unam
1505 1132 1556 1186 in
1589 1131 1782 1187 divinis
1802 1131 1994 1188 Literis
2015 1147 2147 1185 con-

563 1225 761 1273 tcntam
786 1234 909 1275 cSSe
945 1221 1392 1290 praetereundam.
1427 1222 1542 1277 Non
1594 1224 1736 1278 enim
1761 1224 1920 1278 verba
1945 1222 2149 1293 qualia-

558 1323 789 1380 cumque
817 1319 959 1368 sunt.
987 1312 1082 1366 sed
1109 1312 1334 1382 Spiritus
1361 1314 1532 1368 sancti
1566 1313 1726 1368 verba
1744 1356 1758 1376 .
1782 1322 1837 1369 et
1866 1323 2145 1384 propterea

563 1417 813 1473 magnum
852 1404 920 1458 ibi
952 1407 1256 1460 thesaurum
1286 1406 1527 1461 invenire
1569 1405 1721 1473 licet,
1759 1406 1916 1461 etiam
1957 1407 2010 1460 in
2043 1421 2144 1459 una

563 1495 785 1564 syllaba.
813 1497 1121 1552 Auscultate
1152 1498 1330 1568 igitur,
1361 1500 1607 1560 obsecro,
1624 1513 1813 1568 magna
1835 1497 2142 1568 diligentia;

564 1588 739 1642 nullus
778 1588 956 1655 deses,
994 1590 1172 1645 nullus
1226 1591 1617 1646 somniculosus
1656 1593 1745 1655 sit,
1769 1606 1956 1645 omnes
2003 1588 2147 1661 vigili

562 1681 742 1735 animo
765 1681 980 1747 adeste;
1005 1682 1179 1736 nullus
1204 1682 1440 1738 externis
1458 1680 1894 1751 occupationibus
1915 1689 2145 1736 mentem

561 1770 840 1835 distrahat,
874 1772 1079 1827 nullum
1105 1774 1389 1827 sicculares
1412 1788 1555 1828 curm
1581 1756 1865 1842 abripiant,
1884 1772 1977 1828 scd
2005 1772 2150 1841 cogi-

562 1871 638 1917 tet
667 1864 1029 1935 unusquisque
1076 1865 1370 1935 spirizualis
1418 1865 1572 1934 hujus
1615 1865 2041 1937 congregationis
2070 1865 2149 1918 di-

559 1953 836 2023 gnitatem,
864 1965 917 2009 et
941 1970 1004 2010 ea
1031 1971 1151 2026 qua:
1195 1955 1492 2011 audivimus
1519 1957 1686 2012 Deum
1712 1956 1867 2012 nobis
1908 1972 2002 2026 per
2026 1972 2149 2026 pro-

563 2045 839 2114 phetarum
865 2048 1094 2118 linguam
1120 2049 1301 2105 dicere
1325 2065 1341 2104 :
1366 2049 1546 2119 sicque
1570 2064 1730 2105 aures
1754 2049 1952 2121 arrigat
1985 2058 2039 2104 et
2065 2050 2116 2103 in
2132 2079 2146 2087 -

565 2147 762 2191 tentam
816 2148 1048 2194 mentem
1099 2138 1382 2202 adhibeat,
1431 2156 1498 2195 ne
1539 2141 1739 2210 aliquid
1790 2157 1975 2195 eorum
2029 2156 2150 2210 quas

562 2229 908 2294 scm‘namus,
941 2231 993 2284 in
1025 2243 1227 2300 petram
1255 2232 1429 2297 cadat,
1453 2233 1535 2287 vel
1557 2247 1713 2288 secus
1726 2235 1886 2296 viam,
1907 2234 1989 2288 vel
2013 2234 2150 2287 inter

561 2319 778 2389 spinas;
811 2319 903 2373 sed
931 2336 1091 2376 onme
1130 2337 1313 2376 semen
1347 2326 1397 2376 in
1428 2331 1624 2376 terram
1656 2324 1878 2386 bonam,
1906 2324 2147 2378 latitudi-

566 2424 688 2463 nem
738 2409 861 2464 dico
912 2412 1106 2465 mcntis
1153 2423 1364 2481 VeSli'ﬂ‘,
1404 2415 1720 2485 projectum,
1752 2416 1952 2486 largum
1999 2416 2149 2470 vobis

568 2502 792 2559 fructum
814 2504 1006 2562 aliene
1033 2518 1210 2576 queat,
1239 2519 1292 2564 ct
1321 2525 1349 2561 a
1379 2510 1531 2564 nobis
1558 2510 1863 2567 concredita
1891 2511 2148 2582 multipli-

564 2602 671 2649 cct.
709 2594 973 2651 Caeterum
1003 2598 1279 2654 videamus
1303 2599 1426 2668 quid
1449 2601 1547 2657 sibi
1581 2601 1710 2655 velit
1736 2600 1895 2671 hujus
1914 2602 2144 2669 eonjuu-

564 2688 759 2743 ctionis
781 2690 969 2758 copula
1003 2706 1015 2743 :
1048 2690 1176 2745 Atla:
1228 2707 1343 2746 vero
1396 2710 1510 2751 non.
1549 2694 1893 2749 inveniebatur
1945 2697 2151 2767 adjutar

564 2778 746 2833 similis
774 2778 871 2834 illi.
918 2781 1069 2848 Vide,
1097 2781 1343 2848 obsecro,
1369 2784 1563 2839 divina:
1605 2784 1892 2855 Scripturrc
1929 2802 2151 2841 accura-

569 2881 674 2926 tam
695 2871 1044 2943 diligentiam.
1075 2875 1357 2946 Postquam
1377 2877 1531 2943 dixit,
1561 2878 1687 2933 Ada:
1712 2895 1824 2933 vero
1852 2896 1953 2933 non
1978 2880 2152 2934 inuen-

567 2975 647 3019 tus
673 2975 743 3021 est
763 2966 968 3036 adjutor
999 2968 1015 2999 ¹
1049 2984 1064 3019 :
1098 2984 1204 3024 non
1232 2970 1304 3025 ibi
1325 2971 1579 3035 substitit,
1603 2972 1697 3028 sed
1725 2972 1958 3042 adjecit,
1990 2972 2153 3028 Simi-

566 3058 630 3112 lis
658 3058 734 3112 illi
761 3074 781 3113 :
802 3058 1162 3115 additamenta
1191 3061 1286 3116 illo
1326 3078 1539 3117 caiisam
1567 3064 1721 3118 nobis
1748 3064 2055 3129 declarans,
2081 3064 2154 3118 oh

567 3165 727 3219 quam
755 3152 1146 3220 conjunctionis
1166 3154 1408 3223 capuiam
1439 3156 1723 3211 addiderit.
1750 3157 2016 3213 Existimo
2032 3173 2156 3212 aru-

566 3246 732 3300 tiores
776 3247 1081 3317 conjectare
1123 3263 1277 3318 posse
1306 3292 1320 3310 .
1361 3260 1418 3305 ct
1459 3252 1754 3321 prmvidcre
1795 3252 1917 3321 quid
1960 3251 2152 3308 dicturi

567 3335 755 3390 simus.
797 3335 992 3391 Verum
1013 3340 1136 3409 quia
1167 3340 1333 3395 nostri
1359 3339 1518 3395 oflicii
1550 3353 1629 3397 est
1652 3383 1669 3410 ,
1696 3343 1785 3413 qui
1816 3357 2152 3398 communem

567 3427 817 3482 omnibus
838 3427 1131 3484 doctrinam
1165 3431 1500 3500 proferimus,
1530 3435 1777 3488 omnibus
1796 3433 1955 3488 etiam
1983 3433 2157 3488 mani-

570 3517 705 3574 festa
737 3518 910 3576 facere
934 3536 1055 3592 qute
1079 3539 1107 3577 a
1135 3524 1289 3581 nobis
1316 3525 1564 3581 dicuntur
1586 3566 1601 3591 ,
1630 3542 1726 3598 age
1746 3528 2034 3584 doceamus
2059 3543 2154 3585 vos

566 3610 717 3680 cujus
739 3613 906 3683 gratia
933 3614 1014 3669 sic
1039 3614 1262 3681 dixerit;
1285 3616 1378 3672 sed
1406 3632 1691 3687 parumper
1709 3619 1987 3675 sustinete.
2019 3618 2151 3674 Nam

567 3713 847 3772 p05tquam
886 3702 938 3757 in
968 3706 1331 3774 superioribus
1351 3707 1527 3775 dictis,
1555 3710 1692 3764 sicut
1713 3725 1979 3766 memores
2000 3712 2149 3776 estis,

565 3792 837 3864 Scriptura
890 3795 1067 3851 divina
1113 3799 1374 3864 dixisset,
1425 3798 1700 3856 Faciamus
1747 3803 1827 3858 illi
1868 3803 2153 3873 adjutorem

566 3885 843 3939 secundum
862 3902 975 3940 eum
999 3904 1012 3941 :
1044 3889 1221 3942 statim
1243 3889 1426 3945 docuit
1451 3905 1549 3945 nos
1579 3891 1889 3958 bestiarum,
1915 3903 1970 3949 ct
1991 3895 2154 3965 repti-

568 3976 696 4033 lium
723 3988 777 4033 et
801 3979 1074 4035 brutorum
1096 3982 1332 4035 omnium
1360 3981 1765 4050 formationem;
1793 3985 1865 4040 ait
1892 3987 2058 4053 enim,
2087 3986 2153 4040 Et

568 4069 802 4137 formavit
824 4068 962 4125 Deus
980 4071 1149 4125 adhuc
1174 4071 1236 4125 de
1254 4080 1386 4126 terra
1407 4090 1578 4128 omnes
1605 4073 1805 4141 bestias,
1847 4085 1897 4130 et
1930 4077 2154 4132 volucres

567 4161 699 4223 (teli,
722 4169 768 4214 et
784 4161 928 4215 duxit
950 4162 1041 4216 illa
1068 4161 1136 4216 ad
1158 4161 1341 4228 Adam,
1375 4172 1429 4217 ut
1453 4163 1637 4220 videret
1658 4167 1781 4237 quid
1800 4177 1996 4222 vocaret
2038 4168 2152 4223 illa.

574 4251 643 4304 l'lt
664 4251 817 4320 quasi
838 4252 1086 4307 dominus
1111 4254 1363 4310 omnibus
1387 4256 1638 4326 imposuit
1663 4259 1903 4325 nomina,
1929 4269 1985 4313 et
2031 4262 2152 4315 uni-

572 4341 764 4413 cuique
811 4342 1123 4412 bestiarum,
1148 4355 1203 4400 et
1249 4345 1544 4411 volucrum,
1575 4359 1630 4404 et
1676 4349 1951 4405 brutorum
2007 4353 2152 4406 omni

569 4435 751 4503 generi
800 4449 953 4490 suum
988 4438 1301 4493 vocabulum
1347 4440 1642 4496 secundum
1692 4457 2001 4499 concessam
2054 4444 2156 4499 sibi

570 4527 884 4596 sapientiam
905 4529 1191 4600 assignavit
1216 4549 1228 4584 ε
1260 4542 1318 4587 ιιι
1339 4532 1477 4588 scire
1504 4548 1803 4604 possemus,
1826 4550 2011 4590 omnes
2040 4536 2156 4590 illas

571 4627 863 4686 creaturas,
892 4621 1016 4677 licet
1062 4623 1263 4678 homini
1311 4626 1615 4681 ministrent
1663 4635 1721 4682 et
1760 4641 1858 4681 nos
1904 4626 2157 4696 adjuvent

570 4710 910 4779 cooperando
935 4712 1232 4776 nobiscum,
1273 4715 1662 4772 irrationabiles
1703 4727 1877 4773 tamen
1925 4726 2159 4785 esse,et

573 4803 790 4859 homine
833 4804 988 4875 longe
1033 4804 1347 4873 inferiores;
1378 4809 1520 4863 unde
1563 4824 1629 4863 ne
1657 4820 1904 4878 putemus
1929 4826 2049 4866 eum
2087 4811 2155 4866 de

571 4895 680 4951 illis
703 4894 923 4961 dixisse,
964 4894 1238 4950 Faciamus
1263 4898 1341 4951 illi
1368 4899 1675 4968 adjutorem.
1700 4900 1831 4954 Nam
1859 4902 1980 4956 licet
2004 4903 2155 4973 adju-

572 4997 721 5051 veut,
750 5000 804 5043 et
833 4988 887 5043 in
930 4988 1110 5043 multis
1133 4988 1429 5045 ministerio
1466 5006 1564 5045 suo
1589 4992 1788 5046 homini
1834 4995 1990 5050 utiles
2021 4997 2150 5062 sint,

574 5081 781 5135 ratione
810 5090 986 5136 tamen
1008 5090 1211 5137 carent.
1254 5082 1395 5139 Sane
1423 5085 1564 5155 quod
1603 5084 1789 5154 juvcnt
1815 5102 1946 5153 nos,
1976 5103 2155 5144 rerum

569 5173 726 5229 docet
749 5175 1095 5242 experientia.
1119 5176 1233 5230 Alia
1254 5176 1394 5232 enim
1414 5178 1557 5233 utilia
1576 5188 1698 5233 sunt
1718 5180 1781 5232 ad
1808 5180 2155 5236 convehenda

579 5268 901 5330 necessaria,
923 5269 1023 5323 alia
1053 5267 1118 5323 ad
1146 5269 1424 5325 colendam
1453 5279 1670 5325 terram.
1718 5270 2153 5342 Quandoquidem

571 5360 670 5415 bos
691 5367 926 5414 aratrum
951 5359 1130 5428 trahit,
1158 5361 1335 5416 sulcos
1366 5370 1529 5426 secat,
1559 5372 1612 5417 et
1646 5364 1792 5417 varia
1818 5362 2157 5432 agriculturm

572 5466 735 5523 opera
754 5462 966 5509 exercet
984 5470 999 5520 ;
1023 5454 1205 5509 asinus
1220 5452 1286 5508 ad
1298 5453 1641 5510 convehenda
1657 5455 1954 5511 necessaria
1970 5454 2158 5511 admo-

571 5544 699 5607 dum
724 5545 868 5600 utilis
889 5553 972 5600 est
992 5586 1008 5611 ,
1036 5554 1087 5600 et
1109 5544 1359 5617 piamque
1378 5545 1626 5601 animalia
1651 5546 1756 5601 alia
1784 5545 2024 5616 corporis
2059 5562 2158 5600 no-

573 5635 669 5691 stri
718 5634 837 5690 usui
886 5636 1142 5692 serviunt.
1184 5635 1393 5691 Etenim
1436 5651 1564 5692 oves
1589 5637 1764 5692 lanam
1796 5637 1861 5693 ad
1895 5640 2157 5708 parandas

637 5812 652 5843 ⁸
688 5812 825 5864 savii.
854 5822 901 5867 et
925 5818 1132 5881 Coislin.,
1160 5818 1354 5881 adiutor
1376 5816 1545 5870 similis
1573 5816 1657 5869 illi.

1266 373 1321 429 S.
1361 372 1637 431 JOANNIS
1659 371 2130 429 CllliYSOSTOMl
2170 370 2487 428 AilClllEl’.
2527 371 3056 429 CONSTANTINOP.

3745 362 3844 417 iii]

2252 497 2428 543 vestes
2459 488 2717 557 praebent,
2746 498 2802 543 et
2843 503 3018 557 capi-:c
3044 502 3112 542 ex
3137 487 3250 542 suis
3274 485 3394 558 pilis
3434 486 3632 558 aliquid
3655 494 3843 542 uestro

2251 578 2551 635 ministerio
2597 578 2847 643 afferunt,
2880 578 3121 649 lacthue
3170 588 3224 633 et
3265 577 3372 633 alio
3419 593 3632 647 quoque
3678 578 3841 631 modo

2251 687 2427 727 escam
2456 671 2715 741 praebent.
2757 670 2988 726 Proinde
3016 685 3083 725 ne
3102 670 3408 736 existimes,
3438 670 3488 725 id
3512 667 3655 740 quod
3679 683 3841 736 supra

2252 764 2400 830 dicit,
2429 762 2706 817 Faciamus
2730 763 2810 818 illi
2842 762 3147 832 adjutorem,
3180 763 3248 817 de
3276 762 3382 818 illis
3408 760 3607 816 dictum
3654 775 3669 813 :
3719 758 3841 815 ideo

2252 871 2394 911 nunc
2442 870 2747 911 sermonem
2793 854 3073 922 incipiens,
3103 853 3296 923 inquit,
3323 851 3450 908 Adte
3485 866 3601 905 vero
3631 866 3730 903 non
3760 849 3842 902 in-

2252 956 2427 1002 ventus
2455 956 2527 1001 est
2546 946 2753 1017 adjutor
2798 944 2997 1000 similis
3014 945 3059 998 ei
3080 959 3101 1000 :
3124 944 3275 1015 quasi
3290 943 3508 998 doceret
3538 956 3633 996 nas
3654 942 3845 996 beatus

2253 1038 2427 1094 Moses
2452 1078 2467 1105 ,
2497 1048 2552 1093 et
2581 1037 2697 1092 haec
2735 1035 2941 1092 diceret
2984 1036 3147 1092 verba
3179 1052 3194 1089 :
3228 1035 3356 1090 llzec
3404 1033 3580 1088 omnia
3625 1032 3844 1102 quidem

2254 1130 2510 1201 producta
2539 1139 2683 1193 sunt,
2716 1128 2853 1184 etab
2879 1126 3052 1183 Adam
3094 1142 3188 1183 sua
3237 1133 3560 1196 acceperunt
3603 1127 3843 1189 nomina,

2253 1224 2456 1278 ιιιιΙΙυηι
2486 1232 2664 1277 tamen
2707 1238 2771 1278 ex
2803 1222 2868 1276 iis
2922 1221 3171 1276 ornnihus
3194 1220 3413 1290 dignum
3445 1218 3545 1272 fuit
3570 1218 3843 1272 inventum

2251 1315 2394 1387 quod
2423 1315 2571 1369 illum
2598 1313 2893 1382 adjuvaret.
2939 1313 3061 1368 Ideo
3086 1312 3272 1367 volens
3301 1326 3399 1365 nos
3424 1310 3619 1365 docere
3650 1310 3849 1378 produ—

2252 1407 2408 1462 cendi
2447 1406 2695 1461 animalis
2741 1405 3136 1471 formationem,
3167 1412 3223 1459 et
3252 1403 3490 1458 iudicare
3517 1402 3711 1455 animal
3741 1400 3846 1456 hoc

2256 1498 2655 1569 producendum
2709 1497 2848 1553 istud
2876 1498 3048 1568 ipsum
3097 1512 3216 1551 esse
3240 1496 3307 1551 dc
3337 1510 3445 1566 quo
3469 1493 3699 1558 dicebat,
3740 1492 3847 1546 Fa-

2254 1592 2450 1645 ciamus
2501 1590 2579 1643 illi
2620 1589 2906 1661 adjutorem
2954 1587 3230 1643 secundum
3269 1587 3439 1652 illum,
3492 1584 3718 1640 similem
3769 1584 3844 1639 Illi

2256 1681 2447 1751 inquit,
2483 1680 2586 1736 hoc
2628 1691 2732 1748 est,
2777 1679 3016 1748 ejttsdeut
3062 1679 3392 1740 subslantiw,
3442 1675 3559 1747 ipso
3601 1676 3841 1747 dignum,

2258 1774 2373 1844 ipso
2400 1773 2529 1828 nihil
2560 1774 2862 1828 inferiorem
2890 1788 2903 1825 :
2937 1782 2991 1827 et
3017 1772 3155 1827 hanc
3192 1771 3263 1824 ob
3306 1786 3418 1824 rem
3459 1769 3689 1836 dicebat,
3720 1770 3845 1824 Atla:

2253 1882 2369 1920 vero
2397 1882 2501 1920 non
2544 1864 2889 1920 inveniebatur
2927 1864 3135 1934 adjutor
3159 1862 3342 1917 similis
3387 1861 3464 1915 illi
3492 1877 3511 1916 :
3540 1871 3843 1914 monstrans

2260 1956 2413 2011 nobis
2438 1956 2625 2011 beatus
2649 1956 2736 2010 ille
2757 1997 2772 2021 ,
2797 1963 3283 2025 quantumcumque
3310 1952 3462 2006 nobis
3493 1951 3842 2006 ministerium

2254 2048 2542 2103 exhibeant
2575 2047 2689 2102 lucc
2722 2047 2872 2102 bruta
2892 2085 2909 2111 ,
2940 2044 3083 2099 aliud
3112 2053 3287 2098 tamen
3312 2041 3582 2114 quoddam
3631 2041 3842 2109 adjuto-

2253 2139 2389 2194 rium
2419 2152 2539 2194 esse
2559 2138 2737 2192 multis
2763 2138 2999 2192 numeris
3024 2136 3388 2197 excellentius,
3412 2133 3552 2205 quod
3576 2148 3604 2185 a
3623 2132 3845 2187 audiere

2257 2232 2385 2288 Atla:
2419 2240 2718 2302 pnes-tatur.

2323 2327 2379 2379 ‘2.
2424 2325 2603 2396 Itaque
2628 2327 2754 2396 quia
2777 2324 3025 2380 omnibus
3050 2321 3367 2377 animalibus
3405 2319 3513 2389 jam
3549 2316 3845 2387 productis,

2254 2430 2310 2475 et
2338 2436 2491 2474 suum
2542 2434 2735 2475 nomen
2767 2434 2796 2472 a
2830 2418 2999 2484 primo
3052 2415 3267 2471 homine
3314 2412 3538 2480 sortitis,
3587 2410 3845 2480 benignus

2259 2514 2512 2568 Dominus
2540 2512 2768 2567 similem
2802 2510 2879 2565 illi
2905 2509 3204 2580 adjutorem
3228 2514 3285 2560 ut
3314 2503 3632 2575 produceret
3666 2501 3847 2571 inqui-

2256 2604 2408 2659 rebat
2438 2603 2566 2672 :qui
2610 2601 2790 2658 omnia
2818 2608 3032 2670 propter
3070 2598 3339 2653 hominem
3366 2611 3397 2648 a
3444 2609 3505 2649 se
3561 2592 3844 2647 formatum

2254 2694 2548 2765 dispensat,
2576 2701 2629 2747 et
2658 2700 2874 2763 propter
2901 2691 3040 2745 hunc
3066 2702 3279 2743 omnem
3324 2685 3585 2740 visibilem
3630 2692 3843 2737 creatu-

2257 2803 2369 2842 ram
2411 2783 2681 2856 produxit,
2705 2785 2750 2839 is
2797 2799 2919 2838 cum
2977 2782 3097 2836 aliis
3150 2778 3399 2834 onmihus
3449 2786 3504 2831 et
3557 2775 3835 2830 mulierem

2257 2879 2470 2935 format.
2513 2877 2582 2933 Et
2629 2877 2753 2932 vide
2794 2892 2952 2947 quam
2991 2874 3280 2946 diligenter
3330 2871 3701 2927 formationem
3743 2882 3845 2922 nos

2256 2971 2464 3026 doceat.
2505 2968 2636 3024 Nam
2668 2976 2948 3038 postquam
2979 2981 3078 3020 nos
3097 2964 3300 3031 docuit,
3331 2978 3390 3017 se
3421 2961 3554 3016 velle
3583 2958 3845 3030 produce-

2258 3081 2316 3118 re
2344 3064 2420 3118 illi
2442 3062 2763 3131 adjutorium
2805 3060 2978 3115 Simile
3010 3058 3112 3128 ipsi
3145 3075 3158 3110 :
3188 3072 3309 3111 nam
3346 3055 3590 3124 superius
3615 3053 3843 3114 dixerat,

2263 3152 2533 3208 Faciamus
2559 3154 2634 3207 illi
2661 3152 2975 3223 adjutorium
3013 3149 3290 3204 secundum
3331 3145 3474 3199 illuni
3504 3162 3523 3199 :
3566 3154 3621 3199 ct
3650 3143 3737 3198 hic
3763 3144 3847 3197 in-

2258 3245 2393 3316 quit,
2433 3243 2551 3299 Non
2576 3243 2917 3298 inveniebatur
2964 3239 3172 3311 adjutor
3211 3237 3392 3293 similis
3420 3237 3499 3291 illi
3546 3252 3565 3290 :
3610 3250 3726 3290 eam
3775 3234 3849 3289 ob

2259 3351 2474 3392 causam
2496 3351 2561 3390 ex
2589 3334 2729 3388 illius
2767 3331 3064 3388 substantia
3110 3331 3277 3401 ipsam
3307 3327 3522 3390 format,
3549 3335 3607 3382 et
3631 3326 3843 3395 inquit:

2258 3426 2350 3482 2|.
2379 3425 2441 3480 Et
2466 3425 2671 3479 immisit
2703 3422 2954 3477 Dominus
3004 3420 3143 3475 Deus
3187 3434 3443 3474 excessum
3489 3418 3544 3471 in
3579 3414 3769 3481 Adam,
3797 3423 3845 3469 et

2260 3518 2512 3573 dormivit.
2546 3515 2614 3570 Et
2640 3515 2834 3586 accepit
2856 3529 3012 3567 unam
3041 3521 3294 3567 costarum
3339 3510 3500 3571 illius,
3529 3516 3576 3561 ct
3625 3506 3848 3575 implevit

2260 3625 2464 3664 carnem
2524 3624 2616 3680 pro
2668 3607 2778 3662 illa.
2826 3604 2917 3659 2‘2.
2971 3602 3370 3672 Afdiﬁcaritque
3419 3599 3662 3653 Dominus
3713 3597 3848 3650 Deus

2260 3711 2449 3757 costam
2477 3742 2492 3767 ,
2522 3716 2675 3771 quam
2696 3698 2888 3768 accepit
2916 3697 2980 3751 de
3005 3695 3170 3750 Adam
3193 3736 3207 3756 .
3236 3693 3290 3748 in
3316 3690 3601 3756 mulierem,
3631 3700 3677 3743 et
3702 3688 3847 3742 duxit

2260 3794 2400 3847 illam
2427 3791 2497 3846 ad
2532 3791 2718 3845 Adam.
2751 3790 2934 3859 Magna
2976 3788 3261 3843 verborum
3306 3784 3386 3839 vis
3412 3792 3527 3847 cst,
3555 3790 3610 3837 et
3630 3795 3847 3836 omnem

2261 3882 2551 3938 humanum
2588 3891 2802 3951 captum
2863 3877 3272 3934 transcendeus.
3318 3874 3435 3930 Non
3493 3874 3634 3928 enim
3691 3870 3850 3925 aliter

2262 3981 2485 4045 possunt
2511 3973 2625 4027 haec
2670 3986 2857 4041 magna
2885 3969 3129 4039 intelligi,
3156 3982 3316 4038 quam
3365 3964 3485 4019 fidei
3511 3962 3683 4019 oculis
3711 3976 3847 4015 con-

2260 4080 2305 4133 s;
2325 4076 2463 4120 ecta.
2506 4063 2572 4118 Et
2600 4063 2805 4118 immisit
2849 4061 3005 4127 Deus,
3053 4060 3224 4130 inquit
3245 4100 3261 4120 ,
3292 4071 3547 4110 excessum
3576 4056 3630 4107 in
3659 4052 3845 4116 Adam,

2260 4167 2309 4210 et
2329 4155 2584 4210 dormivit.
2609 4153 2744 4210 Vide
2764 4169 2920 4224 quam
2941 4161 3188 4207 accurata
3205 4151 3274 4205 sit
3292 4159 3347 4204 et
3368 4146 3562 4204 eximia
3579 4146 3847 4202 doctrina.

2262 4246 2499 4318 Utraque
2539 4246 2717 4316 posuit
2760 4244 2950 4299 beatus
2992 4244 3084 4298 ille
3130 4239 3426 4313 propheta,
3459 4240 3568 4293 imo
3615 4237 3852 4307 Spiritus

2262 4349 2476 4396 sanctus
2504 4354 2597 4409 per
2625 4337 2764 4392 illius
2794 4336 3025 4406 linguam
3056 4376 3072 4401 ,
3099 4333 3301 4389 docens
3327 4346 3427 4386 nos
3474 4329 3733 4385 factorum
3763 4344 3853 4382 se-

2263 4433 2419 4487 riem.
2455 4429 2694 4496 Immisit,
2726 4428 2915 4495 inquit,
2949 4441 3204 4482 excessum
3229 4424 3282 4478 in
3307 4421 3493 4485 Adam,
3516 4432 3566 4475 et
3590 4419 3848 4474 dormivit.

2261 4523 2415 4591 Quod
2445 4531 2573 4578 tunc
2603 4522 2784 4586 (iebat,
2811 4535 2982 4589 neque
3016 4533 3271 4574 excessus
3298 4516 3470 4571 solum
3501 4522 3647 4580 erat,
3677 4528 3852 4582 neque

2262 4629 2483 4670 somnus
2511 4613 2700 4668 solitus
2728 4631 2741 4665 :
2770 4610 2863 4667 sed
2885 4611 3007 4681 quia
3032 4610 3246 4679 sapiens
3266 4619 3320 4663 et
3341 4606 3510 4662 solers
3536 4614 3734 4659 nostra:
3756 4618 3851 4657 na-

2262 4714 2397 4762 tura:
2421 4705 2607 4775 Opifcx
2636 4720 2793 4759 unam
2820 4719 2886 4759 ex
2927 4703 3094 4758 costis
3135 4701 3278 4756 illius
3323 4701 3599 4756 ablaturus
3623 4709 3762 4765 erat,
3792 4706 3850 4750 ut

2263 4814 2331 4854 ne
2359 4797 2636 4854 sentiendo
2665 4797 2928 4861 dolorem,
2955 4794 3163 4849 mulieri
3192 4809 3259 4849 ex
3290 4802 3438 4848 costa
3465 4806 3560 4848 sua
3607 4792 3846 4845 formata:

2264 4899 2447 4961 postea
2498 4888 2699 4943 doloris
2749 4900 2954 4942 memor
3002 4883 3244 4939 infensus
3289 4892 3473 4949 esset,
3527 4892 3844 4952 eapropter,

2264 4981 2504 5035 immisso
2554 4994 2796 5044 excessu,
2830 4984 2978 5032 tanto
3031 4976 3177 5031 illum
3227 4988 3419 5029 somno
3473 4973 3760 5043 oppressit,
3792 4982 3850 5026 ut

2262 5072 2413 5144 quasi
2453 5071 2745 5142 gravedine
2794 5068 3022 5140 quadam
3060 5076 3367 5137 correptus,
3396 5065 3599 5120 nullum
3626 5063 3704 5118 rei
3729 5079 3852 5135 quas

2263 5166 2423 5220 iiebat
2440 5179 2654 5220 sensum
2678 5148 2912 5234 caperet,
2954 5161 3049 5217 sed
3089 5160 3229 5216 sicut
3265 5159 3499 5229 optimus
3531 5157 3726 5213 artifex
3758 5174 3857 5213 au-

2265 5256 2431 5314 ferret
2456 5257 2600 5328 quod
2649 5257 2754 5312 sibi
2808 5254 3110 5322 videbatur,
3164 5262 3222 5311 ct
3258 5253 3532 5324 suppleret
3580 5252 3669 5307 ubi
3725 5252 3854 5322 quid

2264 5349 2469 5415 deerat,
2496 5359 2552 5405 et
2574 5348 2717 5419 quod
2743 5347 2869 5404 inde
2892 5355 3215 5416 sumpserat,
3245 5343 3539 5400 secundum
3559 5358 3712 5399 suam
3740 5343 3855 5397 for-

2264 5452 2436 5497 maret
2503 5441 2862 5498 clementiam.
2931 5438 3184 5504 Immisit,
3238 5436 3448 5507 inquit,
3491 5452 3752 5490 excessum
3802 5435 3856 5488 in

2265 5533 2450 5599 Adam,
2480 5542 2526 5587 et
2554 5532 2807 5585 dormivit.
2839 5530 3140 5600 Accepitque
3169 5542 3323 5581 unam
3345 5534 3598 5581 costarum
3625 5525 3788 5589 illius,
3807 5535 3858 5579 et

2266 5624 2487 5692 implevit
2510 5636 2712 5676 carnem
2741 5637 2834 5692 pro
2860 5618 2952 5674 illa
2981 5637 3001 5673 .-
3027 5629 3086 5673 ut
3130 5633 3200 5675 ne
3251 5627 3455 5690 posset,
3482 5616 3728 5671 discusso
3766 5631 3855 5671 so-

2268 5729 2394 5769 mno
2426 5753 2441 5777 ,
2485 5711 2626 5782 quod
2678 5712 2872 5766 factum
2913 5718 3031 5764 erat
3076 5724 3144 5764 cx
3190 5708 3402 5764 defectu
3443 5709 3666 5765 sentire.
3720 5709 3856 5762 Nam

2270 5806 2513 5877 quamvis
2563 5819 2629 5860 eo
2668 5812 2943 5873 tempore,
2997 5815 3104 5871 quo
3145 5799 3519 5867 auferebatur,
3568 5801 3852 5871 ignoravit,
