4074 6134
166 234 275 291 Ηθ

170 354 462 425 προθῶμεν
511 355 606 408 ἐπὶ
655 356 755 426 τῆς
800 354 1072 426 ὑμετέρας
1111 354 1353 425 ἀγάπης.
1391 353 1693 409 Ἠκούσατε
1745 352 1854 424 γὰρ

154 441 372 512 ἀρτίως
404 442 504 512 τῆς
533 441 689 505 θείας
718 441 944 513 Γραφῆς
980 441 1265 513 λεγούσης·
1305 441 1389 508 Τῷ
1421 442 1490 496 δὲ
1536 440 1709 511 Ἀδὰμ
1742 442 1853 510 οὺχ

152 528 381 595 εὑρέθη
409 529 639 597 ,βοηθὸς
684 529 888 598 ὅμοιος
919 527 1097 593 αὐτῷ.
1138 531 1203 582 Τί
1235 529 1484 598 βούλεται
1545 531 1579 601 ή
1625 528 1853 601 βραχεῖα

145 615 306 686 αὕτη
343 616 507 682 λέξις,
556 616 643 683 Τῷ
669 616 738 671 δὲ
787 616 996 686 Ἀδάμς
1029 617 1173 681 τίνος
1202 618 1388 671 ’ένεκεν
1415 616 1722 688 προσέθηκε
1762 617 1853 671 τὸν

152 702 470 773 σύνδεσμον
494 721 509 768 ;
542 704 607 757 οὑ
637 703 746 774 7&9
769 704 927 776 ἤρκει
952 707 1145 767 εἰπεῖν,
1174 705 1252 775 τῷ
1293 704 1498 775 ’Δδάμς
1529 705 1640 776 Οὑχ
1666 704 1854 767 ἁπλῶς

148 790 344 845 ταῦτα
378 792 759 864 διερευνᾶσθαι
786 791 1185 863 σπουδάζομεν,
1210 792 1521 863 φιλοτιμίας
1547 792 1733 846 ἕνεκεν
1756 809 1823 845 πε

150 880 377 951 ριττῆς,
407 879 520 933 ἀλλ’
548 880 635 934 ἵνα
662 881 800 951 μετὰ
824 880 1108 952 ἀκριϐείας
1132 882 1260 951 ὑμῖν
1290 880 1503 936 ἅπαντα
1526 880 1853 952 ἑρμηνεύον-

149 979 252 1025 τες
279 963 663 1034 παιδεύσωμεν
686 964 830 1035 ὑμᾶς
858 963 991 1034 μηδὲ
1017 963 1276 1035 βραχεῖαν
1298 964 1462 1032 λέξιν,
1491 965 1625 1037 μηδὲ
1657 964 1851 1019 συλλα-

148 1050 262 1121 ϐὴν
294 1052 429 1121 μίαν
469 1053 837 1124 παρατρέχειν
871 1051 980 1105 τῶν
1011 1054 1068 1105 ὲν
1102 1056 1223 1118 ταῖς
1254 1052 1425 1118 θείαις
1463 1053 1502 1106 Γ
1507 1056 1707 1125 ραφαῖς
1736 1071 1851 1108 κει-

155 1139 365 1207 μένων.
395 1140 470 1193 Οὑ
488 1139 598 1211 7&9
621 1141 688 1212 ρή
698 1139 843 1210 ματά
863 1141 1009 1193 ἐστιν
1028 1138 1237 1204 ἀπλῶς,
1263 1140 1398 1194 ἀλλά
1417 1140 1511 1195 τοῦ
1534 1141 1673 1195 Πνεύ
1682 1159 1848 1211 ματος

150 1223 257 1278 τοῦ
290 1227 453 1295 ἁγίου
487 1228 734 1299 ῥήματα,
761 1226 854 1281 καὶ
884 1226 973 1280 διὰ
997 1227 1155 1281 τοῦτο
1183 1228 1350 1281 πολύν
1374 1230 1491 1282 ἐστι
1518 1228 1609 1283 τὸν
1638 1228 1848 1299 θησαυ-

156 1315 255 1385 ρὸν
281 1316 467 1387 εὑρεῖν
498 1317 593 1369 καὶ
614 1318 672 1368 ὲν
706 1318 802 1387 μιᾷ
828 1316 1087 1388 συλλαϐῇ.
1119 1318 1426 1389 Προσέχετε
1451 1315 1563 1383 οὖν,
1599 1336 1849 1391 παρακα-

153 1401 259 1466 λῶ,
309 1403 453 1474 μετά
497 1403 807 1476 ἀκριϐείας·
864 1405 1051 1476 μηδεὶς
1091 1406 1288 1478 νωθὴς,
1346 1406 1533 1478 μηδεὶς
1589 1408 1845 1479 ὑπνηλὸς,

155 1492 368 1555 πάντες
396 1491 830 1562 διεγηγερμένην
861 1510 950 1564 μοι
970 1493 1067 1564 τὴν
1087 1494 1326 1548 διάνοιαν
1349 1495 1637 1565 παρέχετε·
1660 1497 1847 1568 μηδεὶς

154 1578 267 1645 ἔξω
319 1579 609 1650 ρεμϐέσθω
652 1581 745 1633 τὸν
776 1580 1051 1652 λογισμὸν,
1089 1583 1223 1653 μηδὲ
1259 1584 1546 1654 φροντίδας
1589 1585 1847 1654 βιωτικάς

153 1668 562 1738 ἐπισυρόμενος
595 1668 827 1723 ἐνταῦθα
864 1669 1131 1739 στηκέτω,
1173 1670 1287 1724 ἀλλ’
1315 1671 1512 1725 ἐννοῶν
1541 1674 1641 1743 τῆς
1680 1691 1846 1728 πνευ-

157 1757 402 1829 ματικῆς
433 1759 638 1830 ταύτης
677 1758 898 1812 συνόδου
923 1759 980 1812 τὸ
1010 1759 1248 1829 ἀξίωμα,
1276 1762 1370 1814 καὶ
1392 1761 1474 1813 ὅτι
1497 1762 1585 1815 διὰ
1617 1764 1713 1834 τῆς
1737 1763 1845 1817 τῶν

151 1845 461 1916 προφητῶν
501 1844 748 1916 γλώττης
778 1844 872 1899 τοῦ
906 1845 1041 1900 Θεοῦ
1094 1847 1229 1918 προς
1278 1850 1424 1920 ἡμᾶς
1464 1849 1844 1921 διαλεγομένου

152 1932 462 2003 ἀκούομεν·
498 1932 642 1987 οὕτω
680 1933 779 1997 τὴν
814 1934 983 2006 ἀκοὴν
1016 1934 1284 2006 ὑπεχέτω,
1318 1938 1412 1989 καί.
1453 1939 1843 2009 συντεταμένον

154 2022 336 2092 ἐχέτω
371 2034 396 2062 ιι
429 2021 519 2075 τὸν
543 2020 689 2089 νοῦν,
720 2022 807 2076 ἴνα
832 2022 996 2093 μηδὲν
1020 2023 1129 2077 τῶν
1157 2024 1286 2096 παρ’
1317 2024 1472 2096 ήμῶν
1508 2026 1844 2082 καταϐαλλο-

157 2111 342 2180 μένων
385 2110 719 2182 σπερμάτων
754 2112 835 2175 εἰς
875 2111 1084 2183 πέτραν
1112 2113 1435 2186 κατενεχθῇ,
1482 2115 1515 2186 ἢ
1552 2116 1700 2187 παρὰ
1742 2117 1843 2188 τὴν

152 2198 300 2260 ὀξὺν,
331 2198 365 2269 ἢ
398 2199 551 2270 παρά
571 2198 670 2255 τὰς
691 2198 952 2262 ἀκάνθας,
976 2199 1092 2254 ἀλλ’
1115 2200 1409 2272 ὀλόκληρον
1430 2202 1490 2255 τὸ
1518 2204 1736 2275 σπέρμα
1762 2207 1842 2267 είς

151 2284 257 2357 τὴν
284 2287 390 2356 γῆν
421 2286 517 2357 τὴν
551 2286 720 2357 καλὴν
741 2286 1101 2356 καταϐληθὲν,
1124 2287 1186 2340 τὸ
1208 2287 1407 2352 πλάτος
1430 2288 1574 2358 λέγω
1602 2290 1702 2362 τῆς
1726 2290 1842 2345 δια-

151 2374 314 2436 νοίας
356 2373 457 2444 τῆς
504 2374 792 2446 ὑμετέρας,
832 2373 1031 2444 δαψιλῆ
1080 2374 1173 2428 τὸν
1208 2374 1419 2447 καρπὸν
1454 2376 1585 2447 ὑμῖν
1619 2378 1842 2446 ἐνέγκαι

151 2461 386 2533 δυνηθῇ.
418 2462 512 2515 καὶ
547 2461 959 2534 πολυπλασιάσῃ
984 2461 1056 2516 τὰ
1087 2462 1217 2534 παρ’
1247 2463 1403 2535 ἡμῶν
1439 2464 1845 2537 καταϐαλλόμε-

151 2566 245 2604 να.
306 2548 445 2602 Ἀλλ’
481 2549 678 2620 ἴδωμεν
710 2549 898 2604 λοιπὸν
954 2551 1008 2604 τί
1056 2549 1303 2621 βούλεται
1335 2553 1465 2623 ἡμῖν
1503 2552 1639 2625 αὕτη
1680 2555 1713 2625 η
1746 2554 1841 2609 τοῦ

153 2639 468 2709 συνδέσμου
492 2656 556 2691 συ
567 2638 803 2711 μπλοκή.
835 2639 918 2706 Τῷ
944 2641 1014 2694 δὲ
1047 2641 1239 2711 Ἀδὰμ,
1264 2644 1452 2713 φησὶν,
1480 2645 1592 2712 οὐχ
1628 2642 1839 2713 εὑρέθη

150 2728 391 2794 ,ϐοηθὸς
445 2728 649 2799 ὅμοιος
682 2728 864 2794 αὐτῷ.
915 2729 1023 2783 Θέα
1055 2747 1145 2801 μοι
1178 2731 1278 2800 τῆς
1306 2730 1456 2795 θείας
1491 2732 1715 2803 Γραφῆς
1743 2733 1843 2805 τὴν

154 2814 474 2885 ἀκρίϐειαν.
520 2816 786 2881 Είποῦσα,
846 2815 930 2882 Τῷ
970 2816 1040 2870 δὲ
1076 2816 1249 2888 Ἀδὰμ
1288 2821 1402 2887 οὐχ
1443 2819 1655 2888 εὑρέθη
1690 2821 1843 2889 ,ϐοη-

155 2905 267 2969 θὸς
283 2904 334 2966 1³,
356 2905 457 2958 οὑκ
486 2903 616 2975 ἔστη
647 2904 807 2976 μέχρι
831 2905 1043 2970 τούτου,
1066 2906 1202 2961 ἀλλά
1223 2907 1586 2979 προσέθηκεν,
1612 2909 1845 2978 Ὀμοιος

154 2989 347 3057 αὐτῷ,
381 2994 450 3063 τῇ
487 2990 777 3064 προσθήκῃ
814 2993 1200 3065 παραδηλοῦσα
1247 2997 1380 3065 ήμίν
1413 2994 1509 3066 τὴν
1539 2995 1738 3061 αἰτίαν,
1774 2996 1843 3051 δι’

155 3080 227 3149 ἢν
258 3074 354 3133 τοῦ
385 3079 684 3149 συνδέσμου
712 3079 813 3150 τὴν
836 3081 1154 3153 συμπλοκὴν
1185 3083 1497 3154 ἐποιήσατο.
1536 3080 1704 3153 Οἶμαι
1732 3085 1845 3140 λοι·

156 3168 269 3221 πὸν
305 3168 432 3230 τοὺς
472 3165 727 3239 ὀξύτερον
754 3168 1065 3223 ἐπιϐάλλειν
1092 3172 1423 3242 δυναμένους
1469 3173 1569 3244 ήδη
1604 3175 1844 3246 προορᾷν

156 3257 222 3309 τὸ
261 3255 456 3327 μέλλον
482 3256 573 3326 ὑφ’
604 3256 758 3327 ὑμῶν
797 3255 1149 3327 ῥηθήσεσθαι.
1184 3259 1323 3313 Ἀλλ’
1357 3260 1544 3332 ἐπειδὴ
1578 3262 1845 3334 προσήκει

158 3345 314 3414 ἡμᾶς
334 3343 522 3414 κοινὴν
550 3342 687 3414 πρὸς
713 3342 956 3407 ἃπαντας
982 3345 1337 3417 ποιουμένους
1353 3347 1453 3419 τὴν
1476 3346 1842 3414 διδασκαλίαν,

160 3433 302 3485 πᾶσι
330 3431 480 3502 σαφῆ
507 3433 680 3485 ποιεῖν
700 3430 770 3485 τά
802 3433 930 3504 παρ’
963 3433 1120 3503 ήμῶν
1146 3434 1437 3505 λεγόμενα,
1465 3438 1601 3508 φέρε
1625 3436 1846 3504 διδάξω-

164 3536 269 3587 μεν
300 3519 446 3590 ὑμᾶς
465 3519 612 3583 τίνος
637 3518 822 3573 ένεκεν
856 3519 1025 3583 οὕτως
1060 3523 1300 3593 εἴρηκεν·
1324 3521 1629 3596 116]άλλά
1649 3526 1843 3597 μικρὸν

161 3607 493 3678 ἀνάσχεσθε.
536 3608 759 3679 Ἐπειδὴ
796 3609 905 3680 γὰρ
935 3611 994 3663 ὲν
1031 3612 1143 3673 τοῖς
1178 3609 1369 3681 πρῴην
1401 3612 1634 3683 ῥηθεῖσι,
1675 3613 1846 3667 καθά⁸

163 3711 273 3765 περ
303 3695 698 3767 μνημονεύετε,
728 3697 958 3750 εἰποῦσα
989 3696 1164 3768 ήθεία
1195 3699 1235 3750 Γ
1242 3700 1408 3772 ραφὴ,
1453 3699 1537 3752 ὅτι
1584 3699 1848 3765 Ποιήσω-

160 3799 279 3851 μεν
312 3782 476 3849 αὐτῷ
507 3784 742 3851 ,ϐοηθὸν
779 3784 907 3838 κατ’
944 3785 1151 3849 αὑτὸν,
1184 3785 1386 3851 εὑθέως
1428 3787 1666 3854 ἐδίδαξεν
1698 3788 1846 3859 ἡμᾶς

162 3871 265 3944 τὴν
316 3872 429 3926 τῶν
473 3871 697 3945 θηρίων,
744 3873 840 3927 καὶ
882 3874 990 3927 τῶν
1044 3876 1308 3946 ἑρπετῶν,
1350 3876 1440 3929 καὶ
1483 3877 1590 3930 τῶν
1635 3876 1845 3947 ἀλόγων

166 3960 423 4013 ἀπάντων
457 3958 835 4031 δημιουργίαν·
873 3964 1007 4032 φησί
1036 3963 1165 4033 7&9,
1192 3962 1298 4016 Καὶ
1329 3963 1602 4018 ἔπλασεν
1637 3968 1669 4018 ό
1700 3965 1847 4031 Θεὸς

163 4046 253 4100 ἔτι
293 4046 365 4100 ἐκ
405 4043 515 4114 τῆς
552 4045 662 4116 τῆς
686 4047 881 4101 πάντα
910 4048 981 4103 τὰ
1008 4051 1204 4118 θηρία,
1234 4048 1429 4104 καὶτὰ
1461 4052 1701 4106 πετεινὰ
1739 4053 1846 4105 τοῦ

164 4133 454 4201 οὐρανοῦ,
484 4133 583 4187 καί
619 4134 844 4205 ἢγαγεν
882 4136 1036 4189 αὐτὰ
1069 4137 1218 4205 πρὸς
1240 4136 1347 4190 τὸν
1378 4136 1571 4207 Ἀδὰμ,
1612 4138 1763 4192 ἰδεῖν
1789 4139 1847 4191 τί

165 4220 417 4276 καλέσει
447 4221 620 4277 αὑτά.
653 4224 759 4276 Καὶ
803 4223 1052 4295 καθάπερ
1089 4223 1364 4296 Δεσπότης
1403 4226 1567 4278 πᾶσιν
1609 4225 1844 4296 ἐπέθηκε

163 4309 232 4363 τὰ
260 4308 526 4380 ὀνόματα,
549 4310 644 4364 καὶ
666 4310 765 4381 τὴν
799 4311 1008 4366 οἰκείαν
1044 4313 1419 4385 προσηγορίαν
1448 4314 1662 4385 ἑκάστῳ
1701 4316 1846 4383 γένει

164 4394 274 4449 τῶν
298 4395 527 4466 θηρίων,
560 4397 656 4450 καί
682 4397 791 4451 τῶν
819 4399 1099 4465 πετεινῶν,
1135 4400 1231 4454 καὶ
1258 4401 1476 4455 πάντων
1508 4400 1618 4456 τῶν
1636 4401 1847 4471 ἀλόγων

164 4483 305 4537 κατά
331 4482 432 4555 τὴν
457 4485 894 4556 παρασχεθεῖσαν
926 4486 1075 4558 αὑτῷ
1095 4487 1286 4557 σοφίαν
1308 4489 1625 4561 ἀπένειμεν·
1653 4490 1741 4544 ἵνα
1766 4491 1846 4543 εί-

165 4569 315 4624 δέναι
343 4571 557 4643 ἔχωμεν
580 4571 788 4637 λοιπὸν,
814 4574 896 4626 ὃτι
922 4575 1104 4628 ἐκεῖνα
1143 4575 1242 4646 μὲν
1273 4575 1488 4630 ᾶπαντα
1517 4576 1585 4630 τά
1618 4593 1850 4649 γεγενη-

169 4656 335 4727 μένα,
361 4660 410 4712 εἰ
442 4658 551 4731 γὰρ
578 4660 885 4732 ὑπηρεσίαν
923 4661 1046 4715 τινὰ
1073 4662 1275 4734 πληροῖ
1314 4663 1407 4717 καὶ
1445 4665 1849 4734 συνεφάπτεται

166 4762 276 4800 των
304 4748 568 4818 καμάτων
597 4749 765 4821 αὑτῷ,
792 4750 910 4805 ἀλλ’
930 4752 1081 4822 ὅμως
1102 4752 1271 4820 ἀλογά
1296 4755 1432 4817 ἐστι,
1456 4754 1549 4807 καὶ
1571 4754 1752 4825 πολλῷ
1770 4754 1850 4826 τῷ

169 4832 359 4906 μέτρῳ
386 4834 681 4907 λειπόμενα
713 4838 808 4892 τοῦ
846 4838 1155 4911 ἀνθρώπου·
1186 4842 1280 4893 καί
1312 4841 1400 4895 ἵνα
1436 4840 1513 4913 μὴ
1540 4841 1850 4913 νομίζωμεν

165 4920 250 4975 ὅτι
266 4922 396 4993 περὶ
418 4921 625 4977 τούτων
642 4921 783 4985 εἷπε,
810 4925 1164 4996 Ποιήσωμεν
1192 4927 1354 4993 αὐτῷ
1370 4929 1625 4997 βοηθόν.
1647 4930 1709 4983 Εί
1739 4929 1848 5001 γὰρ

165 5010 261 5064 καὶ
303 5009 507 5080 βοηθεῖ,
538 5015 633 5067 καί⁵
662 5014 797 5086 πρὸς
828 5015 1000 5069 πολλά
1032 5018 1279 5090 χρήσιμα
1312 5018 1619 5091 καθέστηκε
1653 5023 1717 5092 τῇ
1752 5019 1847 5074 τοῦ

165 5096 460 5170 ἀνθρώπου
502 5101 795 5175 ὑπηρεσίᾳ,
842 5103 959 5157 ἀλλ’
998 5104 1149 5176 ὅμως
1185 5105 1355 5174 ἀλογά
1383 5108 1552 5163 ἐστιν.
1596 5107 1719 5162 Ὅτι
1751 5109 1849 5180 μὲν

165 5184 277 5257 7&9
301 5184 795 5257 βοηθεῖ,δείκνυσιν
819 5190 958 5264 αὑτὴ
975 5193 1010 5262 ή
1027 5193 1194 5264 πεῖρα
1215 5192 1321 5246 τῶν
1351 5194 1712 5266 πραγμάτων.
1743 5196 1850 5248 Καὶ

165 5273 277 5345 7&9
305 5274 376 5328 τὰ
411 5275 511 5345 μὲν
545 5276 684 5347 πρὸς
713 5293 813 5350 την
844 5277 955 5333 τῶν
983 5280 1283 5352 ἀγωγίμων
1322 5282 1690 5355 μετακομιδὴν
1720 5284 1850 5354 ἡμῖν

165 5362 317 5415 ἐστιν
340 5362 651 5434 ἐπιτήδεια,
671 5365 739 5420 τά
764 5364 822 5419 δὲ
853 5365 990 5437 πρὸς
1016 5368 1116 5439 τὴν
1143 5369 1244 5439 τῆς
1271 5369 1375 5439 γῆς
1406 5369 1689 5439 ἐργασίαν.
1714 5370 1852 5434 Βοῦς

168 5448 271 5518 μὲν
325 5449 437 5521 7&9
482 5450 711 5524 ἄροτρον
762 5453 935 5520 έλκει,
982 5457 1078 5509 καὶ
1121 5455 1368 5520 αὔλακας
1406 5456 1718 5528 ἀνατέμνει,
1755 5460 1849 5512 καὶ

166 5536 370 5608 πολλὴν
399 5537 596 5609 ἑτέραν
624 5541 815 5613 χρείαν
845 5542 983 5612 πρὸς
1006 5542 1106 5614 τὴν
1127 5544 1401 5616 γεωργίαν
1428 5546 1558 5615 ἡμῖν
1584 5544 1846 5617 εἰσφέρει·

164 5623 286 5688 δνος
312 5624 371 5678 δὲ
398 5626 562 5680 πάλιν
584 5628 719 5699 πρὸς
747 5629 847 5701 τὴν
875 5629 984 5684 τῶν
1008 5630 1309 5701 ἀγωγίμων
1336 5632 1701 5704 μετακομιδὴν
1723 5632 1851 5687 πολ-

166 5713 265 5784 λὴν
295 5713 526 5785 παρέχει
552 5715 652 5788 τὴν
678 5717 890 5787 χρείαν,
919 5718 1013 5772 καὶ
1031 5719 1192 5790 ἔτερα
1212 5718 1269 5773 δὲ
1298 5719 1469 5773 πολλά
1497 5721 1606 5774 τῶν
1638 5719 1848 5792 ἀλόγων

233 5821 258 5889 ξ
283 5818 485 5889 (ξυίςίῇη.
513 5823 765 5889 ὑπεσχέτω
783 5821 998 5889 τὸνγνοῦν
1024 5825 1362 5889 συντεταμένον
1384 5826 1522 5889 ἔχειν.

236 5881 264 5920 lt
291 5882 445 5932 Savil.
469 5889 522 5932 el
543 5881 746 5934 Coiéiin.
774 5886 942 5948 βοηθὸς
967 5887 1129 5950 ὅμοιος
1150 5881 1297 5953 αὐτῷ.

1322 239 1389 293 ΙΝ
1430 236 1585 295 CAP.
1628 237 1671 293 11
1722 235 1971 294 GENES.
2013 235 2249 293 ΙΙΟΜΙΙ..
2284 237 2396 291 XV.

1960 353 2093 424 ήμῖν
2141 353 2493 424 ὑπηρετεῖται
2548 354 2681 425 πρὸς
2728 353 2823 418 τὰς
2869 355 2962 409 τοῦ
3006 353 3253 427 σώματος
3281 356 3487 429 χρεί..ς.
3522 362 3634 416 Καὶ

1958 438 2067 510 7&9
2093 438 2162 491 τά
2198 439 2447 509 πρόϐατα
2488 439 2585 510 τὴν
2619 441 2685 494 ἐκ
2708 440 2802 494 τοῦ
2837 441 2987 512 ἐρίου
3022 444 3154 514 ήμῖν
3192 446 3379 515 χρείαν
3404 446 3632 519 παρέχει

1957 527 2091 597 πρὲις
2118 525 2214 596 τὴν
2237 527 2345 579 τῶν
2364 526 2676 598 ἐνδυμάτων
2699 530 3067 602 κατασκευὴν,
3093 530 3187 584 καὶ
3217 532 3270 584 αί
3294 526 3449 601 αἶγες
3471 532 3632 589 πάλιν

1954 613 2214 678 ὡσαύτως
2250 616 2346 667 καὶ
2371 614 2469 685 τὴν
2498 614 2604 668 ἀπὸ
2634 615 2739 668 τῶν
2768 618 2968 687 τριχῶν
2998 619 3130 689 ἡμῖν
3158 618 3500 691 λειτουργίαν
3520 623 3633 676 είσ-

1953 700 2198 770 φέρουσι,
2225 702 2318 754 καὶ
2344 701 2441 772 τὴν
2468 701 2573 756 ἀπὸ
2600 702 2691 755 τοῦ
2724 703 3014 769 γάλακτος,
3050 706 3142 759 καὶ
3169 707 3329 778 ἕτερα
3361 708 3495 780 πρὸς
3514 727 3633 782 τρο-

1954 788 2059 860 φὴν
2085 791 2218 860 ἡμῖν
2242 789 2542 860 ἐπιτήδεια.
2570 790 2668 842 ”Ιν’
2692 786 2785 843 οὖν
2819 791 2892 864 μὴ
2926 794 3052 863 περὶ
3076 794 3279 847 τούτων
3314 791 3453 850 εἶναι
3475 799 3632 870 νομί-

1953 893 2053 948 σῃς
2084 877 2146 931 τὸ
2177 876 2434 945 ἀνωτέρω
2468 875 2780 947 εἰρημένον,
2813 878 2894 930 ὅτι
2928 879 3279 950 Ποιήσωμεν
3301 884 3461 950 αὐτῷ
3485 885 3633 955 βοη.

1952 961 2079 1021 θὸν.
2112 960 2202 1014 διά
2238 960 2396 1015 τοῦτο
2437 962 2532 1014 νῦν
2578 961 2881 1031 ἀρχόμενος
2927 960 3020 1014 τοῦ
3048 961 3228 1030 λόγου,
3259 966 3411 1033 φησὶ,
3454 966 3536 1034 Τῷ
3563 967 3631 1023 δὲ

1964 1042 2133 1113 Ἀδὰμ
2159 1046 2270 1114 οὐχ
2300 1043 2511 1113 εὑρέθη
2536 1044 2766 1111 ,ϐοηθὸς
2794 1044 2995 1112 ὅμοιος
3025 1047 3204 1112 αὐτῷ·
3239 1050 3522 1121 μονονουχὶ
3548 1051 3631 1105 δι-

1948 1124 2165 1179 δάσκων
2199 1129 2345 1197 ήμᾶς
2377 1129 2406 1181 ὀ
2438 1127 2707 1197 μακάριος
2735 1128 2995 1198 Μωῡσῆς,
3030 1129 3123 1181 καὶ
3152 1129 3325 1183 ταῦτα
3360 1130 3533 1200 λέγων
3560 1134 3630 1187 τὰ

1952 1209 2194 1279 ῥήματα,
2235 1210 2316 1263 ὅτι
2358 1208 2530 1262 ταῦτα
2574 1210 2672 1279 μὲν
2704 1210 2918 1263 ᾶπαντα
2947 1211 3223 1284 παρήχθη,
3254 1213 3347 1266 καί⁸
3391 1214 3490 1279 τὰς
3520 1216 3632 1269 τῶν

1948 1291 2230 1360 ὀνομάτων
2259 1291 2634 1363 προσηγορίας
2656 1291 2813 1345 ἔλαϐε
2845 1293 2996 1365 παρὰ
3010 1294 3103 1347 τοῦ
3134 1295 3322 1367 Ἀδὰμ,
3350 1296 3464 1351 ἀλλ’
3480 1299 3631 1371 ὅμως

1947 1377 2101 1430 οὐδὲν
2143 1377 2295 1443 άξιον
2338 1378 2544 1431 τούτων
2590 1378 2755 1431 αὑτοῦ
2800 1379 2936 1450 πρὸς
2973 1380 3227 1452 βοήθειαν
3277 1384 3503 1457 ηὑρέθη.
3537 1389 3631 1441 Διὸ

1948 1459 2198 1530 βούλεται
2226 1464 2378 1532 ἡμᾶς
2410 1461 2618 1527 διδάξαι
2660 1461 2751 1515 τοῦ
2788 1463 3074 1534 μέλλοντος
3110 1465 3249 1531 ζώου
3280 1469 3629 1540 παράγεσθαι

1944 1544 2044 1616 τὴν
2072 1543 2383 1609 διάπλασιν,
2415 1546 2507 1598 καὶ
2539 1546 2806 1623 ὃτιᾼτοῦτο
2846 1546 2908 1600 τὸ
2946 1548 3137 1618 μέλλον
3174 1550 3629 1623 δημιουργεῖσθαι

1946 1626 2085 1693 ζῶον
2110 1627 2266 1681 τοῦτό
2291 1629 2406 1681 ἐστι
2427 1628 2554 1700 περί
2578 1620 2638 1681 οὗ
2656 1628 2830 1698 ἔλεγε.
2857 1630 3209 1702 Ποιήσωμεν
3226 1620 3631 1704 αὐτῷβοηθίν

1944 1715 2073 1765 κατ’
2106 1712 2315 1776 αὑτὸν,
2349 1714 2532 1783 ὅμοιον
2556 1714 2704 1785 αὑτῷ
2726 1731 2880 1785 φησι,
2908 1714 3008 1786 τῆς
3041 1717 3212 1787 αὑτῆς
3242 1718 3391 1788 αὑτῷ
3417 1720 3626 1785 οὐσίας,

1944 1796 2094 1861 ἀξιον
2117 1795 2304 1860 αὑτοῦ,
2339 1795 2505 1866 μηδὲν
2550 1797 2715 1850 αὑτοῦ
2741 1796 3080 1868 λειπόμενον·
3132 1801 3220 1856 διά
3244 1802 3403 1857 τοῦτο
3449 1804 3624 1873 ἔλεγε,

1948 1878 2032 1943 Τῷ
2051 1877 2119 1931 δὲ
2152 1878 2329 1947 Ἀδὰμ
2359 1881 2471 1949 οὐχ
2495 1879 2706 1948 εὑρέθη
2725 1881 2956 1948 ,ϐοηθὸς
2980 1880 3179 1951 ὅμοιος
3199 1884 3380 1951 αὐτῷ·
3411 1885 3627 1953 δεικνὺς

1942 1964 2073 2032 ἡμῖν
2106 1964 2133 2014 6
2178 1964 2446 2034 μακάριος
2482 1958 2657 2027 οὗτος,
2699 1964 2781 2017 ὅτι
2801 1960 2947 2032 ’ὅσην
2982 1965 3047 2019 ἂν
3078 1967 3387 2038 παρέχηται
3431 1971 3624 2041 χρείαν

1943 2044 2072 2125 ημῖν
2099 2044 2233 2116 πρὸς
2261 2044 2564 2116 ὑπηρεσίαν
2585 2047 2742 2100 ταυτὶ
2765 2046 2833 2100 τὰ
2857 2046 3045 2117 ἄλογα,
3069 2049 3229 2120 ἑτέρα
3251 2050 3333 2115 τίς
3357 2054 3472 2106 ἐστι
3497 2053 3625 2125 βοή-

1943 2124 2062 2179 θεια
2109 2128 2203 2181 καὶ
2240 2128 2419 2199 πολλῷ
2459 2127 2537 2199 τῷ
2574 2130 2754 2199 μέτρῳ
2784 2131 3287 2201 ὑπερακοντίζουσα
3325 2134 3403 2206 τῷ
3453 2124 3624 2206 Ἀδὰμ

1942 2212 2292 2283 παρεχομένη
2326 2212 2476 2282 παρά
2508 2211 2606 2281 τῆς
2635 2214 2912 2281 γυναικός.

2012 2292 2077 2363 β’.
2108 2292 2259 2346 Ἐπεὶ
2283 2290 2377 2347 οὖν
2411 2294 2627 2347 πάντων
2660 2297 3048 2367 παραχθέντων
3073 2297 3179 2351 τῶν
3210 2297 3383 2363 ζώων,
3404 2300 3499 2354 καὶ
3524 2299 3623 2365 τὰς

1941 2374 2314 2453 προσηγορίας
2339 2373 2652 2453 δεξαμένων
2678 2376 2827 2453 παρά
2846 2374 2940 2428 τοῦ
2971 2377 3397 2447 πρωτοπλάστου
3424 2379 3623 2453 ἐπεζή-

1938 2468 2022 2505 τει
2069 2452 2160 2504 τὸν
2204 2452 2389 2522 ὅμοιον
2427 2451 2576 2523 αὑτῷ
2623 2452 2815 2525 βοηθὸν
2865 2456 2895 2508 ὀ
2927 2455 3308 2527 φιλάνθρωπος
3344 2451 3624 2531 Δεσπότης

1940 2534 2308 2602 παραγαγεῖν,
2341 2532 2370 2584 6
2396 2533 2574 2586 πάντα
2600 2532 2688 2585 διὰ
2717 2533 2809 2587 τὸν
2833 2532 3305 2605 δημιουργηθέντα
3342 2537 3433 2591 ὑπ’
3455 2537 3620 2592 αὑτοῦ

1939 2612 2261 2681 οἰκονομῶν,
2293 2611 2388 2664 καὶ
2418 2612 2598 2664 πᾶσαν
2634 2611 2733 2682 τὴν
2770 2613 2948 2666 κτίσιν
2969 2613 3174 2684 ταύτην
3207 2615 3307 2687 τὴν
3334 2616 3622 2688 ὁρωμένην

1938 2690 2028 2745 διὰ
2060 2691 2247 2746 τοῦτον
2277 2691 2635 2761 παραγαγὼν,
2675 2692 2811 2762 μετὰ
2835 2693 2942 2746 τῶν
2972 2692 3119 2766 [H7]
3153 2694 3329 2750 ἄλλων
3362 2697 3623 2751 ἁπάντων

1941 2772 2040 2848 καὶ
2076 2770 2175 2841 τὴν
2210 2774 2441 2839 γυναῖκα
2465 2770 2807 2842 δημιουργεῖ.
2846 2773 2957 2826 Καὶ⁸
2991 2774 3094 2842 ὅρα
3123 2774 3239 2838 πῶς
3268 2776 3407 2845 μετὰ
3445 2777 3623 2848 ἀκρι-

1941 2845 2094 2927 ϐείας
2140 2850 2287 2919 ἡμᾶς
2341 2848 2582 2903 διδάσκει
2631 2850 2859 2919 καὶτῆς
2908 2850 3270 2922 δημιουργίας
3318 2855 3488 2925 αὑτῆς
3521 2845 3622 2927 τὴν

1940 2926 2247 3006 διάπλασιν.
2302 2927 2520 3000 Ἐπειδὴ
2570 2928 2679 3000 7&9
2735 2929 2974 2996 ἐδίδαξεν
3032 2933 3199 3002 ἡμᾶς,
3241 2933 3323 2986 ὅτι
3372 2926 3620 3006 βούλεται

1943 3005 2137 3078 βοηθὸν
2170 3006 2319 3076 αὑτῷ
2344 3011 2686 3078 παραγαγεῖν
2711 3009 2895 3078 ὅμοιον
2916 3009 3083 3079 αὑτῷ·
3112 3013 3206 3064 καὶ
3235 3013 3343 3085 7&9
3363 3014 3625 3086 ἀνωτέρω

1942 3086 2117 3154 ἔλεγε·
2155 3088 2506 3157 Ποιήσωμεν
2531 3088 2692 3153 αὐτῷ
2719 3089 2953 3155 ,βοηθὸν
2995 3091 3121 3143 κατ’
3156 3094 3362 3157 αὐτὸν,
3407 3095 3501 3148 καί¹
3533 3098 3621 3148 ὲν·

1941 3165 2116 3220 ταῦθά
2150 3184 2333 3237 φησιν,
2384 3168 2507 3235 οὐχ
2554 3166 2767 3235 εὑρέθη
2804 3167 3036 3235 βοηθὸς
3076 3169 3278 3238 ὅμοιος
3320 3172 3499 3237 αὐτῷ·
3532 3173 3622 3227 διά

1940 3245 2100 3299 τοῦτο
2143 3248 2207 3299 ὲκ
2235 3247 2334 3317 τῆς
2368 3246 2559 3309 οὐσίας
2592 3245 2758 3300 αὐτοῦ
2782 3247 2988 3318 ταύτης
3013 3248 3110 3319 τὴν
3137 3249 3423 3304 διάπλασιν
3453 3252 3621 3323 ἐργάοο

1944 3328 2113 3392 ζεται,
2163 3327 2254 3380 καί
2286 3344 2440 3397 φησι·
2475 3326 2586 3381 Καὶ
2614 3326 2907 3381 ἐπέϐαλεν
2953 3330 2986 3381 ό
3014 3328 3159 3394 Θεὸς
3194 3327 3491 3383 ἔκστασιν
3519 3331 3620 3384 ἐπὶ

1941 3408 2050 3461 τὸν
2091 3405 2283 3476 Ἀδὰμ,
2316 3404 2413 3459 καί
2441 3404 2705 3459 ὕπνωσε·
2748 3406 2855 3459 Καὶ
2907 3406 3085 3460 ἔλαϐε
3109 3408 3261 3476 μίαν
3294 3407 3416 3461 τῶν
3444 3414 3625 3463 πλευ·

1936 3486 2063 3554 ρῶν
2091 3485 2298 3549 αὑτοῦ,
2327 3485 2425 3538 καὶ
2460 3485 2857 3553 ἀνεπλήρωσε
2889 3483 3087 3552 σάρκα
3116 3486 3245 3540 ἀντ’
3266 3485 3478 3554 αὐτῆς.
3510 3488 3623 3542 Καὶ

1944 3565 2294 3633 ᾠκοδόμησε
2327 3564 2544 3631 Κύριος
2578 3565 2612 3617 ό
2644 3564 2789 3628 Θεὸς
2826 3563 2941 3630 τὴν
2966 3566 3254 3632 πλειφὰν,
3293 3565 3375 3633 ἢν
3404 3567 3624 3622 ἐλαϐεν

1943 3642 2062 3697 ἀπὸ
2090 3643 2190 3697 τοῦ
2230 3642 2433 3710 Ἀδὰμ,
2454 3647 2544 3707 εις
2567 3643 2844 3710 γυναῖκα,
2877 3642 2975 3695 καί
2999 3641 3224 3713 ἤγαγεν
3248 3644 3445 3712 αὐτὴν
3470 3650 3623 3715 πρὸς

1941 3721 2050 3773 τὸν
2092 3719 2294 3790 Ἀδάμ.
2350 3721 2575 3788 Μεγάλη
2626 3719 2735 3771 τῶν
2784 3719 3093 3790 εἰρημένων
3150 3722 3183 3791 ή
3238 3721 3489 3793 δύναμις,
3526 3727 3622 3781 καί⁵

1944 3801 2123 3853 πάντα
2173 3798 2433 3868 λογισμὸν
2470 3796 2810 3870 ἀνθρώπινον
2865 3799 3293 3869 ὑπερϐαίνουσα.
3344 3803 3478 3857 Οὑδὲ
3512 3804 3621 3876 γὰρ

1942 3880 2165 3933 δυνατὸν
2206 3879 2409 3949 ἑτέρως
2450 3879 2655 3931 τούτων
2707 3878 2950 3932 συνιέναι
2986 3878 3045 3931 τὸ
3084 3879 3333 3948 μέγεθος,
3386 3883 3462 3955 μὴ
3508 3887 3622 3948 τοῖς

1942 3960 2039 4027 τῆς
2093 3958 2328 4021 πίστεως
2380 3956 2676 4028 ὀφθαλμοῖς
2725 3957 2938 4011 ἅπαντα
2983 3958 3442 4018 κατοπτεύσαντα.
3506 3967 3618 4020 Καὶ

1942 4036 2237 4091 ἐπέϐαλεν
2259 4039 2290 4090 ὀ
2314 4036 2480 4103 Θεὸς,
2512 4038 2697 4107 φησὶν,
2727 4035 3022 4090 ἔκστασιν
3037 4038 3132 4091 ἐπὶ
3164 4040 3269 4092 τὸν
3307 4042 3497 4110 Ἀδὰμ,
3519 4043 3619 4097 καί

1944 4117 2245 4170 ὕπνωσεν.
2281 4116 2422 4187 Ὅρα
2450 4115 2554 4186 τὴν
2579 4115 2863 4192 ἀκρίϐειαν
2886 4115 2985 4183 τῆς
3013 4115 3379 4181 διδασκαλίας.
3420 4121 3620 4192 Ἀμφό-

1943 4213 2076 4269 τερα
2102 4196 2346 4250 τέθεικεν
2379 4196 2409 4249 ὀ
2445 4198 2711 4267 μακάριος
2731 4189 2886 4260 οὗτος
2915 4199 3223 4268 προφήτης,
3252 4200 3452 4269 μᾶλλον
3473 4189 3622 4256 δὲτὸ

1947 4274 2169 4347 Πνεῦμα
2191 4276 2253 4330 τὸ
2274 4275 2427 4344 ἅγιον
2455 4276 2544 4328 διὰ
2571 4277 2670 4346 τῆς
2689 4275 2877 4328 τούτου
2903 4274 3168 4348 γλώττης,
3198 4278 3450 4335 παιδεῦον
3472 4282 3621 4352 ἡμᾶς

1942 4355 2052 4409 τῶν
2105 4356 2490 4426 γεγενημένων
2531 4354 2629 4426 τὴν
2680 4355 3022 4412 ἀκολουθίαν.
3077 4357 3378 4425 Ἑπέϐαλε,
3432 4361 3619 4431 φησιν,

1942 4435 2241 4488 ἔκστασιν
2269 4434 2364 4487 ἐπὶ
2397 4434 2505 4487 τὸν
2526 4433 2718 4500 Ἀδὰμ,
2746 4435 2844 4487 καί
2873 4434 3174 4491 ὕπνωσεν.
3202 4436 3338 4490 Οὔτε
3366 4437 3621 4501 ἔκστασις

1948 4513 2108 4584 μόνον
2129 4508 2197 4583 ἦν
2225 4512 2285 4565 τὸ
2324 4511 2561 4581 συμϐὰν,
2594 4510 2716 4565 οὕτε
2743 4511 2910 4575 ὑπνος
2936 4514 2966 4565 6
2994 4514 3249 4585 συνήθης,
3274 4516 3403 4569 ἀλλ’
3435 4517 3621 4590 ἐπειδὴ

1944 4595 1972 4645 6
1998 4592 2158 4660 σοφὸς
2189 4592 2283 4645 καὶ
2305 4591 2613 4661 εὐμήχανος
2634 4593 2737 4662 τῆς
2760 4591 3034 4664 ἡμετέρας
3054 4592 3266 4658 φύσεως
3290 4595 3621 4668 δημιουργὸς

1947 4671 2169 4741 ἔμελλεν
2194 4670 2258 4722 ὲκ
2286 4670 2385 4741 τῆς
2414 4670 2653 4741 πλευρᾶς
2682 4668 2849 4723 αὑτοῦ
2880 4670 3009 4741 μίαν
3034 4673 3404 4746 ἀφαιρεῖσθαι.
3428 4675 3515 4729 ἵνα
3544 4676 3621 4748 μὴ

1946 4754 1978 4823 ή
2040 4750 2293 4821 αἴσθησις
2349 4748 2541 4819 ὀδύνην
2594 4749 2741 4821 αὑτῷ
2780 4750 3101 4823 ἐργάσηται,
3132 4755 3226 4806 καὶ
3271 4752 3407 4824 μετά
3448 4752 3622 4808 ταῦτα

1947 4831 2084 4902 πρὸς
2152 4830 2251 4899 τὴν
2314 4828 2373 4894 ἐξ
2431 4829 2645 4899 ἐκείνης
2708 4830 2808 4901 τῆς
2872 4829 3110 4903 πλευρᾶς
3158 4832 3621 4900 διαπλαττομένην

1948 4907 2202 4979 ἀπεχθῶς
2237 4906 2333 4978 ἔχῃ
2363 4910 2389 4941 ε
2423 4906 2746 4967 διακεῖσθαι,
2779 4910 2873 4963 καὶ
2919 4912 3122 4980 μισήσῃ
3155 4910 3217 4962 τὸ
3254 4909 3622 4978 πλαττόμενον

1948 4986 2086 5051 ζῶον
2112 4988 2211 5059 τῆς
2249 4986 2439 5058 ὀδύνης
2478 4989 2845 5059 μεμνημένος,
2881 4988 2970 5041 διὰ
3004 4988 3160 5040 τοῦτο
3198 4986 3447 5039 τοσοῦτον
3471 4988 3622 5061 αὑτῷ

1948 5067 2114 5122 ὕπνον
2161 5069 2460 5140 ἐπήγαγεν,
2491 5068 2747 5122 ἔκστασιν
2778 5065 3075 5131 ἐπιϐαλὼν,
3105 5068 3200 5121 καί.
3240 5065 3429 5140 ὥσπερ
3465 5069 3623 5143 κάρῳ

1947 5145 2057 5199 τινὶ
2109 5146 2516 5219 κατασχεθῆναι
2551 5145 2881 5220 προστάξας,
2922 5147 3009 5199 ἴνα
3057 5145 3327 5217 μηδεμίαν
3368 5147 3621 5221 αίσθησιν

1947 5227 2166 5297 δέξηται
2194 5227 2287 5281 τοῦ
2313 5226 2622 5297 γινομένου,
2660 5226 2798 5280 άλλά
2822 5226 3074 5298 καθάπερ
3122 5227 3372 5299 τεχνίτης
3399 5229 3622 5299 ἄριστος

1948 5307 2045 5360 καὶ
2067 5305 2333 5378 ἀφέληται
2354 5307 2416 5359 τὸ
2445 5304 2654 5369 δοκοῦν,
2684 5306 2778 5360 καὶ
2808 5305 3177 5379 ἀναπληρώσῃ
3214 5307 3274 5360 τὸ
3304 5305 3623 5374 λεῖπον,κα“ι

1948 5386 2093 5441 οὕτω
2127 5386 2190 5439 τὸ
2223 5385 2424 5456 ληφθὲν
2461 5386 2839 5458 δημιουργήσῃ
2873 5386 3014 5439 κατά
3055 5385 3154 5458 τὴν
3193 5387 3400 5441 οἰκείαν
3436 5389 3625 5459 φιλαν-

1948 5466 2218 5539 θρωπίαν.
2287 5466 2574 5521 Ἐπὲϐαλε
2614 5467 2744 5535 7&9.
2798 5467 2979 5536 φησὶν,
3023 5465 3319 5521 ἔκστασιν
3364 5468 3463 5521 ἐπὶ
3517 5470 3626 5520 τίν

1963 5544 2167 5611 Ἀδὰμ,
2207 5546 2305 5599 καί
2337 5546 2601 5600 ὕπνωσε.
2642 5546 2751 5601 Καὶ
2792 5545 2974 5600 ἔλασε
3006 5547 3158 5616 μίαν
3182 5547 3303 5601 τῶν
3346 5544 3627 5613 πλευρῶν

1949 5624 2159 5688 αὐτοῦ,
2195 5624 2295 5679 καί
2338 5625 2735 5694 ἀνεπλήρωσε
2780 5625 2979 5695 σάρκα
3021 5627 3149 5680 ἀντ’
3181 5624 3392 5694 αὐτῆς·
3425 5626 3512 5678 ἵνα
3548 5623 3625 5694 μὴ

1955 5703 2054 5774 έχῃ
2089 5703 2228 5775 μετά
2260 5704 2362 5775 τὴν
2401 5703 2495 5758 τοῦ
2540 5703 2710 5759 ὕπνου
2760 5705 3077 5776 ἀπαλλαγὴν
3116 5706 3181 5757 ὲκ
3219 5703 3315 5756 τοῦ
3351 5701 3624 5763 λείποντος

1950 5783 2299 5839 αἰσθάνεσθαι
2319 5783 2414 5838 τοῦ
2445 5786 2833 5856 γεγενημένου.
2877 5785 2939 5837 Εἰ
2964 5786 3072 5855 γὰρ
3094 5785 3186 5836 καὶ
3209 5785 3267 5833 ἐν
3292 5779 3368 5849 τῷ
3395 5779 3493 5848 τῆς
3524 5781 3627 5846 ἀφ-

2016 5886 2249 5937 εΕοίεΙίιι.
2284 5892 2690 5955 διαπλαττομένην
2721 5891 2777 5939 τὸ
2815 5892 2934 5947 ζῶον
2965 5888 3182 5950 ἀπεχθῶς
3214 5886 3315 5947 ἔχῃ.
