4074 6134
486 253 578 307 12⁸

487 370 747 442 αἱρέσεως
776 385 950 438 καιρῳ
977 367 1259 437 ηγνὸησεν,
1283 365 1398 419 ἀλλ’
1416 366 1564 437 ὅμως
1594 363 1784 434 ἔμελλε
1815 364 1952 434 μετά
1974 364 2144 418 ταῦτα

485 453 867 524 ἐπιγινώσκειν
885 454 946 507 τδ
960 453 1201 522 γεγονός.
1222 454 1318 507 "Iv‘
1339 449 1431 506 οῦν
1454 454 1591 523 μήτε
1611 453 1668 505 ὲν
1698 451 1775 523 τῷ
1798 451 2146 522 ἀφαιρεῖσθαι

484 542 676 612 ὀδύνην
723 539 870 611 αὐτῷ
917 541 1210 614 ἐμποιήσῃ,
1260 542 1396 610 μήτε
1436 538 1575 610 μετά
1612 538 1784 592 ταῦτα
1838 540 1867 609 ή
1913 537 2148 608 ἔλλειψις

483 627 722 698 ἀθυμίαν
771 626 1093 698 ἐργάσηται,
1129 626 1411 697 ἀμφότερα
1452 625 1623 689 οὕτως
1673 625 2019 696 ᾠκονόμησε,
2055 628 2146 678 καὶ

482 711 812 782 ἀφελόμενος
841 712 1144 777 ἀνωδύνως,
1164 714 1258 767 καὶ
1294 711 1589 783 πληρώσας
1617 713 1678 765 τὸ
1702 713 1908 773 λεῖπον,
1948 712 2041 766 καὶ
2072 712 2146 784 μὴ

483 800 845 871 συγχωρήσας
875 799 1102 872 μηδενὸς
1144 801 1306 854 αὐτὸν
1336 799 1445 853 τῶν
1485 800 1867 870 γεγενημένων
1894 800 2144 872 αἴσθησιν

478 886 750 952 δέξασθαι.
777 886 973 941 Λαϐὼν
994 884 1109 951 οὖν,
1133 889 1285 959 φησὶ,
1309 886 1510 958 ταύτην
1532 887 1629 960 τὴν
1659 887 1918 960 πλευράν,
1947 888 2145 959 ᾠκοδό-

480 987 622 1043 μησε
650 971 853 1041 Κύριος
886 974 914 1026 6
937 971 1068 1037 Θεὸς
1102 974 1182 1037 είς
1199 976 1451 1042 γυναῖκα.
1481 973 1785 1044 Παράδοξον
1820 975 1880 1028 τὸ
1920 975 2144 1045 εἰρημέ-

475 1076 589 1123 νον,
613 1058 706 1114 καὶ
735 1059 900 1113 νικῶν
929 1060 1068 1131 μετὰ
1097 1061 1299 1132 πολλῆς
1318 1064 1416 1133 τῆς
1436 1062 1740 1134 ὑπερϐολῆς
1761 1061 1852 1115 τὸν
1877 1062 2142 1133 ἡμέτερον

475 1145 758 1216 λογισμόν.
794 1147 1033 1201 Τοιαῦτα
1062 1146 1171 1219 γάρ
1206 1148 1418 1202 ἅπαντα
1448 1148 1516 1202 τὰ
1547 1148 1698 1220 παρά
1724 1148 1816 1201 τοῦ
1848 1149 2137 1202 Δεσπότου.

476 1232 582 1286 Τοῦ
631 1232 740 1304 γὰρ
793 1233 901 1287 ἀπὸ
958 1233 1051 1287 τοῦ
1096 1234 1220 1306 χοὸς
1258 1235 1562 1306 πλασθῆναι
1603 1237 1693 1289 τὸν
1725 1235 2009 1306 ἄνθρωπον
2041 1237 2140 1291 οὐκ

474 1320 691 1373 ἔλαττον
727 1319 903 1388 τοῦτο.
948 1321 1058 1375 Καὶ
1089 1322 1189 1394 ὅρα
1243 1322 1340 1394 τήν
1386 1324 1791 1391 συγκατάϐασιν
1843 1326 1943 1394 τῆς
1987 1324 2139 1388 θείας

473 1407 718 1479 Γραφῆς,
749 1407 895 1470 ὅσοις
917 1409 1125 1478 ῥήμασι
1153 1409 1414 1481 κέχρηται
1435 1410 1521 1463 διὰ
1552 1410 1650 1482 τήν
1677 1411 1948 1481 ἡμετέραν
1980 1411 2140 1465 ἀσθέ-

473 1512 641 1549 νειαν.
674 1494 781 1549 Καὶ
811 1494 1011 1560 ἔλαϐε,
1046 1499 1200 1567 φησὶ,
1228 1499 1376 1566 μίαν
1403 1497 1522 1551 τῶν
1557 1498 1835 1567 ,πλευρῶν
1859 1498 2063 1553 αὑτοῦ.

540 1634 632 1704 Μὴ
648 1633 1002 1706 ἀνθρωπίνως
1015 1634 1172 1706 δέχου
1188 1635 1255 1689 τά
1270 1636 1557 1707 λεγόμενα,
1579 1638 1713 1691 ἀλλά
1737 1638 1834 1708 τὴν
1849 1638 2137 1710 παχύτητα

468 1719 579 1774 τῶν
604 1721 801 1786 λέξεων
828 1724 894 1791 τῇ
929 1721 1180 1794 ἀσθενείᾳ
1216 1722 1428 1791 λογίζου
1463 1727 1529 1794 τῇ
1556 1724 1887 1798 ἀνθρωπίνῃ.
1924 1727 1987 1779 Εἰ
2028 1727 2135 1798 γὰρ

473 1808 548 1879 μὴ
575 1807 725 1880 [H8]
758 1807 969 1873 τούτοις
994 1812 1104 1872 τοῖς
1138 1811 1376 1881 ῥήμασιν
1395 1812 1681 1883 ἐχρήσατο,
1708 1813 1823 1876 πῶς
1851 1812 1918 1866 ἂν
1946 1814 2135 1883 μαθεῖν

466 1896 813 1967 ἠδυνήθημεν
838 1896 1010 1950 ταῦτα
1038 1897 1108 1950 τά
1133 1898 1418 1969 ἀπόρρητα
1449 1900 1749 1969 μυστήρια;
1778 1900 1868 1972 Μὴ
1896 1904 2006 1964 τοῖς
2039 1903 2159 1974 βῆ·-

471 2001 635 2053 μασιν
652 1980 745 2037 οὖν
776 1984 958 2054 μόνοις
984 1985 1447 2055 ὲναπομείνωμεν,
1471 1985 1606 2039 ἀλλά
1628 1986 1943 2059 θεοπρεπῶς
1972 1990 2136 2042 ἀπαν-

467 2086 535 2123 τα
565 2069 770 2139 νοῶμεν
794 2070 869 2134 ὡς
892 2072 985 2124 ἐπὶ
1005 2070 1162 2125 Θεοῦ.
1193 2071 1266 2124 Τὸ
1296 2072 1424 2143 γὰρ,
1451 2074 1682 2135 Ἔλαϐε,
1713 2075 1806 2128 καὶ
1834 2075 1934 2128 ὅσα
1961 2077 2135 2130 τοιαῦ-

467 2172 554 2220 τα,
594 2155 683 2209 διά
713 2156 813 2226 τὴν
844 2156 1127 2211 ἀσθένειαν
1151 2158 1252 2228 τὴν
1284 2159 1559 2230 ἡμετέραν
1591 2160 1823 2232 εἴρηται.
1855 2162 2053 2216 Σκόπει
2075 2164 2132 2218 δὲ

466 2243 586 2307 πῶς
635 2244 730 2298 καὶ
763 2243 993 2298 ἐνταῦθα
1018 2244 1179 2297 πάλιν
1210 2247 1274 2315 τῇ
1303 2247 1439 2316 αὐτῇ
1475 2247 1732 2317 συνηθείᾳ
1769 2251 2057 2319 ἐχρήσατο,

468 2328 563 2383 καὶ⁵
591 2330 682 2383 ἐπὶ
713 2330 807 2384 τοῦ
850 2329 1037 2402 Ἀδάμ.
1074 2332 1283 2403 Ὥσπερ
1314 2333 1419 2403 γάρ
1450 2334 1565 2386 ἐκεῖ
1590 2335 1681 2387 καὶ
1707 2334 1871 2399 ἅπαξ,
1901 2337 1994 2390 καὶ⁵
2014 2337 2132 2391 δεύ-

467 2435 646 2490 τερον,
704 2417 811 2481 καὶ,
841 2418 1101 2483 πολλάκις
1138 2415 1277 2473 εἷπε·
1322 2421 1433 2474 Καὶ
1466 2423 1643 2475 ἔλαϐε
1672 2425 1889 2492 Κύριος
1926 2428 1962 2480 ὀ
1989 2426 2132 2494 Θεὸς

467 2505 572 2558 τὸν
596 2505 926 2574 ἄνθρωπον,
958 2507 1030 2560 ὃν
1061 2506 1312 2561 ἔπλασε·
1337 2510 1432 2561 καὶ
1456 2509 1636 2574 πάλιν,
1665 2512 1772 2565 Καὶ
1799 2512 2132 2570 ἐνετείλατο

466 2591 685 2658 Κύριος
714 2595 746 2646 ὀ
771 2591 916 2658 Θεὸς
940 2590 1021 2657 τῷ
1066 2591 1258 2662 Ἀδάμ·
1287 2595 1381 2648 καὶ
1415 2594 1594 2659 πάλιν,
1620 2597 1729 2650 Καὶ
1752 2594 1881 2651 εἶπε
1918 2600 2133 2667 Κύριος

467 2680 504 2732 ὀ
535 2677 699 2744 Θεὸς,
736 2678 1089 2748 Ποιήσωμεν
1127 2680 1287 2745 αὐτῷ
1326 2681 1559 2748 βοηθὸν
1592 2683 1719 2735 κατ’
1747 2685 1952 2738 αὐτόν’
1989 2685 2132 2741 οὕτω

467 2765 561 2819 καὶ
609 2766 702 2821 νῦν
752 2784 903 2837 φησι,
951 2769 1057 2822 Καὶ
1115 2770 1462 2839 ᾠκοδόμησε
1495 2773 1709 2840 Κύριος
1748 2776 1782 2827 ὀ
1837 2775 1981 2843 Θεὸς
2017 2778 2132 2846 τὴν

466 2851 759 2918 πλευρὰν,
789 2851 868 2919 ἣν
902 2852 1079 2907 ἔλαϐε
1105 2853 1225 2908 ἀπὸ
1246 2854 1353 2909 τοῦ
1388 2855 1577 2925 Ἀδὰμ,
1612 2860 1699 2922 εἰς
1724 2860 1996 2923 γυναῖκα
2036 2863 2130 2916 καὶ

465 2940 744 3012 ἀνωτέρω,
782 2942 889 2996 Καὶ
922 2942 1177 2998 ἐπέϐαλε
1226 2946 1438 3013 Κύριος
1459 2948 1492 3000 ὀ
1530 2949 1672 3014 Θεὸς
1701 2950 1992 3006 ἔκστασιν
2029 2953 2127 3009 ἐπὶ

463 3025 572 3079 τὸν
606 3026 800 3096 Ἀδάμ·
828 3028 916 3081 ἵνα
945 3028 1122 3102 μάθῃς
1158 3030 1233 3093 ὡς
1266 3030 1490 3102 οὐδεμία
1520 3032 1752 3106 διαφορά
1779 3037 1894 3090 ἐστι
1917 3039 2130 3111 Πατρὸς

463 3115 560 3168 καὶ
589 3115 706 3167 υίοῦ
738 3116 795 3167 ἐν
820 3118 938 3178 ταῖς
971 3116 1198 3183 λέξεσιν,
1227 3118 1363 3172 ἀλλά
1388 3118 1473 3172 διὰ
1501 3119 1560 3172 τὺ
1597 3121 1723 3190 μίαν
1753 3119 1892 3177 εἶναι
1922 3126 2019 3196 τήν
2037 3129 2131 3181 ὀὐ-

463 3201 587 3255 σίαν
610 3202 817 3271 ἁμφοτέ
829 3219 955 3272 ρων,
984 3203 1290 3275 ἀδιαφόρως
1312 3208 1346 3275 ἡ
1374 3205 1563 3278 Γραφή
1586 3208 1853 3280 κέχρηται
1883 3216 1994 3277 τοῖς
2015 3214 2132 3268 ὀνό-

467 3304 650 3358 μασιν.
699 3288 829 3341 ’1δού
858 3289 987 3357 γοῦν
1010 3291 1102 3343 καὶ
1123 3291 1215 3344 ἐπὶ
1243 3292 1341 3363 τῆς
1368 3291 1707 3358 διαπλάσεως
1743 3297 1841 3367 τῆς
1873 3301 2129 3367 γυναικὸς

464 3377 531 3444 τῇ
574 3374 709 3444 αὐτῇ
763 3375 1025 3448 συνηθείᾳ
1066 3378 1337 3449 ἐχρήσατο
1372 3380 1619 3445 εἰποῦσα,
1652 3384 1759 3436 Καὶ
1783 3386 2130 3457 ᾠκοδόμησε

465 3460 679 3526 Κύριος
736 3463 768 3515 ὀ
826 3462 970 3528 Θεὸς
1019 3461 1134 3531 τὴν
1179 3465 1467 3532 πλευρὰν,
1506 3465 1585 3534 ἣν
1610 3469 1826 3522 ἔλαϐεν
1868 3473 1988 3526 ἀπὸ
2022 3474 2129 3529 τοῦ

479 3545 678 3615 Ἀδὰμ,
722 3549 809 3611 εἰς
845 3549 1115 3618 γυναῖκα.
1149 3549 1215 3602 Τί
1250 3551 1315 3605 ἀν
1340 3552 1542 3606 εἴποιεν
1579 3555 1810 3609 ἐνταῦθα
1840 3561 1886 3612 οί
1919 3563 2127 3630 αἱρετι-

465 3632 572 3694 κοὶ,
612 3633 661 3686 οἱ
694 3633 871 3721 πάντα
909 3636 1362 3721 περιεργάζεσθαι
1406 3638 1739 3711 βουλόμενοι,
1775 3646 1866 3699 καὶ
1912 3648 2008 3701 τοῦ
2036 3649 2129 3721 δη-

466 3717 729 3790 μιουργοῦ
758 3718 864 3773 τῶν
895 3719 1032 3775 ὅλων
1054 3722 1152 3792 τὴν
1181 3723 1429 3794 γέννησιν
1452 3727 1835 3798 κατειληφέναι
1854 3717 2122 3802 οίόμενοις

466 3807 623 3868 ιιοῖος
655 3808 809 3875 λόγος
840 3807 997 3861 τοῦτο
1017 3809 1347 3879 ἑρμηνεῦσαι
1366 3812 1617 3879 δύναται;
1643 3820 1795 3881 ποῖος
1826 3819 1948 3883 νοῦς
1970 3837 2127 3875 κατα-

463 3887 649 3947 λαϐεῖν
670 3910 682 3953 ;
710 3893 856 3948 Μίαν
886 3893 1143 3979 πλευρὰν,
1169 3896 1352 3965 φησὶν,
1374 3898 1551 3952 ἐλαϐεο
1575 3903 1665 3955 καὶ
1694 3905 1810 3969 πῶς
1834 3908 1897 3959 ὲκ
1922 3907 2126 3979 ταύτης

459 3978 562 4048 τῆς
594 3980 722 4049 μιᾶς
765 3979 827 4033 τὸ
873 3979 991 4034 ὅλον
1029 3971 1166 4045 ζῶον
1206 3981 1489 4051 διέπλασε;
1520 3987 1585 4039 Τί
1612 3987 1667 4040 δὲ
1699 3989 1858 4059 λέγω,
1906 3993 2023 4056 πῶς

461 4065 666 4135 ταύτης
702 4066 800 4137 τῆς
844 4068 971 4137 μιᾶς
1005 4069 1066 4120 τὸ
1096 4066 1235 4130 ζῶον
1262 4069 1585 4138 διέπλασεν;
1632 4076 1763 4129 Εἰπέ
1796 4096 1886 4148 μοι
1928 4082 2045 4145 πῶς
2089 4085 2120 4155 ή

463 4153 753 4224 ἀφαίρεσις
790 4153 1011 4223 γέγονε;
1042 4155 1435 4242 πῶςαῑσθησιν
1463 4161 1560 4212 οὐκ
1588 4162 1742 4217 ἔλαϐε
1765 4168 1863 4238 τῆς
1890 4153 2119 4242 ἀφαιρέέ

465 4253 629 4300 σεως;
694 4237 832 4331 ’ἀλλ’
890 4240 1039 4293 οὐδὲν
1084 4240 1286 4296 τούτων
1327 4244 1525 4318 δυνήσῃ
1573 4251 1763 4304 εἰπεῖν·
2014 4237 2121 4331 id?

464 4324 669 4388 ἐκεῖνος
698 4320 835 4377 οἶδεν
868 4327 896 4378 6
917 4326 1013 4397 τήν
1038 4327 1394 4400 δημιουργίαν
1421 4320 1819 4407 ἐργασάμενος..
1852 4343 1913 4396 Εἰ
1944 4320 2121 4402 τοίνυν

463 4409 644 4502 ταῦταΔ
670 4411 739 4464 τὰ
785 4413 841 4502 ἐν
871 4415 1046 4502 χερσὶ,
1072 4417 1170 4502 καὶ
1205 4419 1274 4472 τὰ
1310 4419 1407 4491 τῆς
1435 4421 1772 4491 διαπλάσεως
1798 4429 1892 4482 τοῦ
1926 4434 2116 4502 ὁμογε-

463 4497 588 4590 νοῦς
622 4498 752 4590 ἡμῖν
793 4500 970 4571 εὑρεῖν
1018 4501 1156 4566 ζὼου
1199 4506 1259 4558 οὐ
1304 4509 1807 4585 καταλαμϐάνομεν.
1840 4497 2010 4590 πόσης
2039 4497 2121 4576 ’ἂν

463 4584 552 4655 εἴη
582 4585 777 4678 μανίας
816 4589 909 4678 καὶ
947 4595 1371 4664 παραφροσύνης
1398 4598 1467 4651 τά
1500 4601 1637 4656 κατά
1670 4584 1760 4655 τὸν
1792 4584 2120 4678 δημιούργὸν

465 4673 935 4744 περιεργάζεσθαι,
971 4680 1064 4730 καὶ
1103 4682 1284 4733 ἐκεῖνα
1314 4685 1540 4750 φάσκειν
1573 4673 1955 4762 κατειληφέναι
1991 4673 2012 4734 ἶι
2040 4673 2120 4750 νῶν

462 4759 583 4814 οῦτε
612 4762 669 4813 αἱ
701 4761 977 4832 ἀσώματοι
1008 4767 1099 4818 καὶ
1125 4767 1262 4821 θεῖαι
1287 4769 1541 4841 δυνάμεις
1570 4776 1666 4845 τὴν
1697 4759 1895 4851 ἀκριϐῆ
1922 4783 2119 4849 γνῶσιν

461 4848 690 4938 ἔχουσιν,
748 4850 882 4938 ἀλλά
906 4937 912 4938 7
937 4853 1076 4938 μετά
1132 4855 1296 4923 φόϐου
1341 4857 1435 4910 καὶ
1492 4860 1692 4932 τρόμου
1744 4848 2117 4938 δοξολογοῦσαι

459 4931 719 5003 διηνεκῶς
748 4933 1050 4988 διατελοῦσι
1070 4952 1084 5001 ;

522 5068 594 5132 τ’.
626 5073 735 5158 Καὶ
763 5072 1130 5143 ᾠκοδόμησε,
1162 5077 1315 5146 φησὶ,
1343 5079 1556 5151 Κύριος
1575 5086 1609 5138 ὀ
1629 5085 1773 5154 Θεὸς
1801 5087 1916 5158 τήν
1936 5096 2118 5149 πλευ-

453 5157 589 5226 ρὰν,
615 5157 694 5225 ἢν
715 5159 931 5214 ἐλαϐεν
946 5161 1065 5215 ἀπὸ
1092 5163 1198 5217 τοῦ
1234 5165 1423 5236 Ἀδὰμ,
1447 5170 1534 5236 εἰς
1557 5173 1827 5239 γυναῖκα.
1863 5178 2001 5251 Ὅρα
2019 5183 2116 5253 τῆς

457 5244 499 5297 Γ
502 5245 677 5317 ραφῆς
698 5245 795 5316 τήν
822 5247 1125 5319 ἀκρίϐειαν.
1147 5251 1345 5305 Οὐκέτι
1379 5254 1486 5326 γὰρ
1515 5254 1687 5324 εἶπεν,
1718 5244 1970 5331 ἔπλασεν,
2001 5244 2115 5322 ἀλλῖ

471 5332 890 5426 ’,ρκρδόμησεν
918 5338 1100 5411 ἐπειδὴ
1129 5341 1193 5395 ἐκ
1224 5340 1316 5397 τοῦ
1342 5343 1440 5415 ἤδη
1464 5345 1790 5411 πλασθέντας
1815 5351 1842 5390 δ
1869 5352 1928 5406 τὸ
1953 5356 2117 5426 μέρος

454 5419 633 5487 ἔλαϐε,
679 5422 775 5477 καὶ
812 5425 886 5488 ὡς
921 5424 988 5481 ἂν
1029 5429 1170 5483 εἴποι
1202 5446 1306 5495 τις,
1338 5431 1399 5484 τὸ
1440 5430 1628 5487 λεῖπον
1673 5419 1980 5507 ἐχαρίσατο.

452 5506 609 5564 τοῦτό
645 5526 798 5581 φησι,
824 5512 931 5565 Καὶ
952 5513 1360 5586 ᾠκοδόμησεν-ο
1394 5518 1494 5571 οὐκ
1522 5520 1690 5590 ἀλλην
1716 5522 1909 5579 πλάσιν
1931 5528 2115 5598 εἰργά-

518 5679 1148 5752 ³σινάεκεινγτατειλῃμμένφ
1173 5689 1243 5737 sic
1273 5688 1466 5751 quidam
1490 5704 1603 5739 mss.
1669 5690 1697 5731 ιι
1720 5694 1916 5748 Coislin.
1945 5702 1997 5750 ὲκ
2021 5702 2105 5752 τοῦ

454 5739 572 5791 ίείον
607 5744 906 5803 ¹κλασθέντος.
933 5739 1050 5799 Ibid.
1076 5739 1197 5814 Reg.
1223 5739 1349 5801 udus
1368 5754 1503 5815 μέρος
1527 5739 1774 5815 ἐλάμϐανέ

1273 253 1330 308 S.
1370 247 1650 306 JOANNIS
1687 245 2172 302 CIIRYSOSTOMI
2212 219 2528 301 ARCIHEP.
2573 249 3118 307 CONSTANTINOP.

3819 260 3916 314 1‘22

2251 380 2399 421 σατο.
2431 363 2544 417 ἀλλ’
2570 366 2633 418 ἐκ
2654 367 2750 436 τῆς
2779 367 2876 437 ἥδη
2916 369 3209 438 γενομένης
3239 368 3488 435 πλάσεως
3524 372 3695 445 βραχύ
3732 392 3785 427 τι
3825 376 3918 447 μέ-

2250 467 2341 520 ρος
2369 449 2570 514 λαϐὼν,
2598 451 2755 505 τοῦτο
2781 453 2844 505 τὸ
2868 454 3032 524 μέρος
3063 455 3402 527 ᾠκοδόμησε,
3436 460 3530 512 καὶ
3567 460 3771 513 τέλειον
3802 463 3910 530 είρ-

2245 536 2453 601 γάσατο
2474 536 2533 589 τὸ
2558 537 2716 602 ζῶον.
2750 537 2899 608 Πὸση
2933 539 3027 592 τοῦ
3049 540 3429 612 ἀριστοτέχνου
3453 543 3587 597 Θεοῦ
3607 546 3641 615 ή
3666 545 3915 618 δύναμις,

2247 622 2351 674 ἀπὸ
2399 622 2494 676 τοῦ
2532 624 2867 695 βραχυτάτου
2931 626 3130 697 μέρους
3171 629 3378 682 ἐκείνου
3419 631 3686 686 τοσούτων
3739 634 3919 704 μελῶν

2244 710 2534 775 ἀναλογίαν
2554 712 2913 783 ἐργάσασθαι,
2945 714 3040 767 καὶ
3065 716 3331 779 τοσαύτας
3355 719 3636 789 αἰσθήσεις
3661 720 3916 794 δημιουρ.

2244 798 2425 867 γῆσαι,
2495 801 2589 854 καὶ
2649 800 2851 855 τέλειον
2904 802 2994 855 καὶ
3036 802 3328 875 ὁλόκληρον
3370 807 3466 859 καὶ
3504 809 3914 879 ἀπηρτισμένον

2244 889 2380 952 ζῶον
2414 893 2841 956 κατασκευάσαι,
2864 893 2925 947 τὸ
2951 893 3247 956 δυνάμενον
3276 896 3370 950 καὶ
3401 897 3910 968 προσδιαλέγεσθαι,

2243 979 2335 1031 καὶ
2364 981 2430 1049 τῇ
2451 978 2549 1048 τῆς
2564 979 2751 1040 οὐσίας
2773 982 3026 1052 κοινωνίᾳ
3051 982 3253 1053 πολλὴν
3273 984 3421 1055 αὐτῷ
3441 986 3538 1055 τήν
3561 988 3912 1058 παραμυθίαν

2242 1067 2537 1138 εἰσφέρειν.
2568 1068 2665 1122 Διά
2706 1068 2814 1139 γὰρ
2848 1070 2947 1140 τὴν
2982 1070 3173 1126 τούτου
3196 1074 3539 1145 παράκλησιν
3569 1076 3725 1131 τοῦτο
3758 1076 3911 1151 [H9]

2240 1152 2302 1206 τὸ
2332 1153 2469 1217 ζῶον
2502 1154 2924 1227 ὲδημιουργήθη.
2959 1158 3048 1211 Διὸ
3079 1160 3172 1211 καὶ
3212 1159 3423 1224 Παῦλος
3450 1162 3652 1231 ἔλεγεν·
3688 1168 3773 1219 Οὐ
3799 1169 3912 1235 γὰρ

2240 1241 2486 1309 ἐκτίσθη
2518 1245 2551 1296 ὀ
2574 1242 2729 1311 ἀνὴρ
2753 1243 2851 1296 διὰ
2878 1245 2990 1312 τὴν
3010 1246 3280 1315 γυναῖκα,
3310 1248 3473 1303 ἀλλὰ
3498 1250 3652 1320 γυνὴ
3677 1251 3775 1307 διὰ
3800 1253 3913 1307 τὸν

2241 1328 2447 1397 ἄνδρα.
2501 1328 2660 1399 Ὁρᾷς
2690 1329 2804 1392 πῶς
2826 1330 3040 1385 ἅπαντα
3063 1332 3128 1385 δι’
3159 1334 3320 1387 αὐτὸν
3349 1336 3589 1404 γίνεται;
3621 1339 3775 1392 Μετὰ
3799 1340 3907 1412 γὰρ

2240 1416 2338 1484 τὴν
2368 1416 2725 1485 δημιουργίαν
2761 1417 2861 1486 τῆς
2893 1418 3140 1483 κτίσεως,
3177 1421 3314 1490 μετά
3361 1422 3423 1474 τὸ
3461 1425 3806 1497 παραχθῆναι
3836 1430 3908 1482 τά

2239 1501 2424 1570 ἄλογα,
2471 1503 2538 1554 τὰ
2574 1503 2708 1572 πρὸς
2743 1503 2945 1574 βρῶσιν
2981 1507 3281 1576 ἐπιτήδεια.
3321 1508 3390 1562 τὰ
3429 1512 3567 1580 πρὸς
3603 1514 3907 1585 ὑπηρεσίαν

2238 1588 2594 1658 χρησιμεύειν
2631 1589 2922 1660 δυνάμενα,
2948 1592 3134 1663 ἐπειδὴ
3162 1593 3332 1649 ἐδεῖτο
3354 1598 3383 1648 6
3413 1596 3669 1663 πλασθεὶς
3695 1601 3904 1673 ἀνθρω-

2238 1676 2338 1736 πός
2372 1692 2515 1736 τινος
2542 1675 2637 1728 τοῦ
2669 1677 3213 1749 προσδιαλεγομένου,
3249 1683 3344 1735 καὶ
3362 1684 3661 1754 δυναμένου
3696 1691 3761 1760 τῇ
3787 1707 3904 1743 κοι-

2237 1761 2402 1832 νωνίᾳ
2419 1761 2517 1830 τῆς
2540 1762 2725 1826 οὐσίας
2745 1763 2943 1835 πολλὴν
2965 1764 3111 1835 αὐτῷ
3131 1768 3390 1839 παρέχειν
3415 1771 3511 1842 τήν
3530 1775 3905 1845 παραμυθίαν,

2235 1848 2323 1901 διὰ
2345 1849 2501 1902 τοῦτο
2537 1851 2602 1903 ὲκ
2634 1850 2734 1921 τῆς
2767 1851 3006 1924 πλευρᾶς
3038 1855 3202 1909 αὐτοῦ
3236 1857 3649 1931 δημιουργεῖται
3681 1864 3740 1917 τὸ
3766 1864 3903 1929 ζῶον

2234 1935 2390 1989 τοῦτο
2416 1937 2476 1988 τὸ
2514 1936 2746 2005 λογικὸν,
2774 1941 2865 1992 καὶ
2893 1941 3036 1994 κατὰ
3065 1943 3167 2014 τὴν
3190 1945 3499 2017 εὐμήχανον
3519 1951 3683 2004 αὐτοῦ
3708 1955 3901 2023 σοφίαν

2235 2023 2435 2077 τέλειον
2470 2024 2563 2077 καὶ
2601 2025 3006 2097 ἀπηρτισμένου
3036 2030 3168 2082 αὐτὸ
3205 2034 3517 2103 εἰργάσατο,
3554 2038 3695 2092 κατά
3726 2043 3901 2096 πάντα

2231 2110 2311 2180 τῷ
2353 2111 2625 2183 ἀνθρὼπιε)
2660 2113 2861 2183 ὅμοιον,
2916 2116 3036 2169 ἀντὶ
3077 2117 3191 2183 τοῦ,
3237 2118 3469 2188 λογικὸν,
3514 2124 3810 2197 δυνάμενον
3843 2132 3901 2184 ὲν

2232 2201 2345 2261 τοῖς
2389 2198 2620 2267 καιρίοις
2668 2201 2817 2271 αὐτῷ
2853 2201 2946 2255 καὶ
2996 2207 3103 2265 τοῖς
3138 2206 3454 2274 ἀναγκαίοις
3479 2213 3570 2265 καὶ
3609 2214 3896 2285 συνέχουσι

2232 2284 2332 2355 τήν
2363 2284 2509 2355 ζωὴν
2535 2287 2605 2340 τὰ
2636 2287 2735 2357 τῆς
2770 2287 3020 2357 βοηθείας
3048 2291 3339 2361 εἰσφέρειν.
3371 2295 3502 2361 Θεὸς
3532 2300 3640 2370 γάρ
3676 2284 3745 2372 ἦν
3762 2284 3805 2356 ίὸ
3834 2306 3900 2359 τὰ

2232 2372 2410 2425 πάντα
2437 2372 2599 2444 σοφίᾳ
2622 2375 2728 2426 τινὶ
2758 2375 2853 2427 καὶ
2878 2376 3208 2450 δημιουργίᾳ
3236 2382 3553 2454 οίκονομῶν.
3581 2386 3643 2441 El
3675 2389 3785 2459 γὰρ
3810 2394 3901 2445 καὶ

2232 2460 2392 2529 ἡμεῖς
2439 2459 2527 2513 διά
2566 2461 2664 2531 τὴν
2695 2460 2804 2513 τῶν
2835 2461 3111 2534 λογισμῶν
3149 2465 3430 2522 ἀσθένειαν
3462 2473 3902 2545 καταλαμϐάνειν

2235 2548 2308 2618 μή
2349 2548 2627 2619 δυνάμεθα
2664 2548 2755 2601 τὸν
2784 2551 2998 2637 τρόπον
3024 2551 3134 2606 τῶν
3173 2557 3575 2628 γεγενημένων,
3603 2562 3719 2616 ἀλλ’
3752 2567 3902 2637 ὅμως

2232 2634 2581 2706 πιστεύομεν,
2613 2636 2694 2711 ὅτι
2739 2635 2816 2706 τῷ
2857 2637 3154 2709 βουλήματι
3185 2641 3347 2695 αὐτοῦ
3387 2645 3563 2698 πάντα
3604 2634 3902 2715 εῖκειίκαὶ

2231 2721 2366 2791 ὅπερ
2415 2722 2481 2775 ἂν
2537 2722 2833 2795 προστάξῃ,
2880 2725 3038 2779 τοῦτο
3096 2730 3176 2789 είς
3224 2731 3395 2800 μέσον
3420 2736 3742 2805 παράγεται.
3786 2742 3899 2794 Καὶ

2231 2806 2599 2878 ᾠκοδόμησε,
2649 2811 2801 2880 φησὶ,
2845 2813 3059 2879 Κύριος
3094 2817 3127 2867 ὀ
3162 2817 3309 2883 Θεὸς
3353 2820 3468 2887 τὴν
3504 2826 3788 2893 πλευρὰν,
3815 2827 3895 2895 ἦν

2230 2896 2448 2950 ἐλαϐεν
2472 2897 2590 2952 ἀπὸ
2620 2898 2724 2953 τοῦ
2769 2899 2959 2968 Ἀδὰμ,
2991 2903 3079 2967 εις
3107 2905 3378 2972 γυναῖκα,
3407 2909 3506 2962 καὶ
3539 2909 3763 2981 ἥπτιτεν
3794 2919 3901 2971 αὐ-

2230 2983 2346 3050 τὴν
2375 2985 2526 3053 πρὸς
2546 2986 2653 3040 τᾶν
2689 2985 2879 3056 Ἀδάμ·
2911 2989 3148 3055 δεικνὺς,
3176 2992 3260 3046 ὅτι
3281 2993 3348 3046 δι’
3370 2995 3532 3049 αὐτὸν
3561 3000 3730 3071 αὐτὴν
3756 3020 3900 3075 παρ-

2231 3073 2453 3141 ήγαγεν.
2481 3073 2726 3141 Ἤγαγεν
2757 3075 2950 3146 αὐτὴν,
2981 3078 3137 3147 φησὶ,
3164 3079 3299 3149 πρὸς
3319 3081 3412 3134 τὸν
3452 3083 3640 3155 Ἀδάμ.
3682 3073 3898 3162 Ἐπειδὴ

2229 3161 2337 3231 γάρ
2368 3162 2544 3226 οὐδεὶς
2594 3164 2816 3236 εὑρέθη,
2866 3166 3051 3236 φησὶν.
3084 3169 3142 3221 ὲν
3178 3171 3313 3223 πᾶσι
3349 3175 3461 3237 τοῖς
3499 3174 3679 3239 ἄλλοις
3714 3161 3900 3249 ὅμοιός

2231 3265 2312 3340 σοι
2338 3249 2560 3340 βοηθδς,
2621 3251 2729 3340 ίδοὺ
2774 3253 2909 3324 ὅπερ
2948 3253 3263 3328 ὑπεσχόμην
3303 3260 3738 3336 (ἐπηγγειλάμην
3786 3268 3899 3340 γάρ

2230 3334 2422 3406 βοηθὸν
2484 3338 2668 3409 ὅμοιόν
2726 3356 2806 3393 σοι
2864 3343 3337 3415 κατασκευάζειν),
3394 3349 3552 3403 τοῦτο
3600 3334 3898 3424 πληρώσας

2230 3419 2572 3490 παραδίδωμί
2627 3438 2729 3476 σοι.
2763 3423 2982 3493 "Hydra
3023 3424 3131 3495 γὰρ
3158 3429 3374 3495 αὐτὴν,
3411 3433 3566 3501 φησὶ,
3790 3419 3898 3491 τὸτέ

2242 3505 2432 3575 Ἀδάμ.
2479 3507 2588 3560 Καὶ
2635 3503 2806 3561 εἶπεν
2843 3509 3034 3579 Ἀδὰμ,
3076 3513 3253 3566 Τοῦτο
3290 3515 3409 3569 νῦν
3428 3520 3654 3574 ὀστοῦν
3681 3524 3750 3577 ἐκ
3778 3523 3898 3578 τῶν

2229 3591 2455 3646 ὀστέων
2469 3610 2609 3662 μου,
2638 3595 2735 3647 καὶ
2767 3596 2923 3665 σὰρξ
2949 3597 3018 3651 ἐκ
3055 3596 3175 3653 τῶν
3208 3602 3452 3671 σαρκῶν
3470 3623 3610 3675 μου.

2295 3751 2402 3804 Θέα
2444 3770 2532 3822 μοι
2578 3753 2840 3817 ἐνταῦθα,
2888 3756 3162 3824 ἀγαπητὲ,
3205 3760 3322 3825 πῶς
3369 3765 3508 3832 μετά
3554 3767 3655 3837 τῆς
3701 3772 3895 3842 σοφίας

2227 3838 2441 3909 ἐκείνης
2474 3839 2571 3910 τῆς
2608 3840 2836 3909 ἀφάτου,
2889 3844 2986 3912 τῆς
3031 3845 3181 3916 παρά
3215 3847 3308 3900 τοῦ
3349 3849 3483 3904 Θεοῦ
3532 3855 3680 3926 αὐτῷ
3721 3838 3892 3931 χορηο

2226 3925 2506 3996 γηθείσης,
2553 3927 2618 3980 τά
2663 3927 2927 3999 δείγματα
2970 3933 3098 4002 ήμῖν
3138 3935 3346 3990 ἐδείκνυ
3380 3938 3468 3993 διὰ
3509 3942 3605 4012 τῆς

2229 4012 2413 4081 μάτων
2477 4013 2678 4077 θέσεως
2730 4015 2872 4088 ειπερ
2925 4018 3159 4090 ἐπέθηκε
3212 4024 3484 4090 τοσούτοις
3538 4033 3649 4094 τοῖς
3707 4034 3893 4102 γένεσι

2224 4104 2330 4159 τῶν
2377 4105 2583 4173 ἀλόγων
2635 4105 2807 4171 ζώων,
2860 4111 2952 4162 καὶ
3004 4117 3345 4186 προφητικῆς
3397 4117 3593 4188 ἠξίωτο
3642 4125 3890 4198 χάριτος.

2224 4196 2322 4250 Διά
2348 4197 2454 4267 γὰρ
2484 4197 2642 4251 τοῦτο
2679 4201 2735 4251 ὲν
2773 4203 2883 4264 τοῖς
2924 4202 3178 4274 ἀνωτέρω
3209 4208 3446 4274 ἐδίδαξεν
3469 4214 3613 4283 ἡμᾶς
3648 4219 3677 4269 ὁ
3702 4196 3885 4287 μακά-

2227 4307 2339 4361 Pw;
2368 4284 2518 4352 οὗτος
2544 4293 2848 4363 προφήτης,
2878 4294 2960 4346 ὅτι
2999 4297 3136 4365 μετά
3168 4298 3261 4351 τοῦ
3303 4300 3469 4355 ὕπνου
3509 4307 3601 4359 καὶ
3632 4307 3893 4375 ἔκστασις

2225 4382 2386 4435 αὐτὸν
2426 4382 2615 4436 ἔλαϐεν
2641 4422 2656 4446 ,
2705 4385 2780 4447 ὡς
2832 4387 2963 4455 μηδὲ
3005 4388 3143 4452 ὅλως
3182 4390 3431 4464 αἴσθησιν
3480 4395 3731 4463 δέξασθαι
3792 4406 3891 4457 τοῦ

2223 4474 2535 4544 γενομένου,
2567 4475 2634 4527 ἵν’
2683 4477 2901 4530 ἐπειδὰν
2940 4479 3116 4550 μάθῃς
3149 4481 3273 4548 νῦν,
3309 4486 3387 4538 ἴτι
3433 4488 3568 4555 μετὰ
3610 4491 3710 4561 τήν
3759 4493 3890 4548 θέαν

2220 4566 2322 4636 τῆς
2362 4568 2621 4634 γυναικὸς
2664 4569 2801 4639 μετά
2850 4573 3132 4641 ἀκριϐείας
3167 4576 3496 4646 ἀπαγγέλλει
3541 4582 3601 4634 τὸ
3643 4588 3886 4653 γεγονὸς,

2222 4661 2450 4733 πεισθῇς
2492 4662 2765 4733 ἀκριϐῶς,
2803 4665 2883 4716 ὃτι
2926 4672 3234 4739 προφητικῇ
3273 4673 3456 4742 χάριτι
3494 4675 3664 4730 ταῦτα
3718 4678 3887 4749 φθέγ-

2220 4770 2406 4822 γεται,
2464 4758 2557 4809 καὶ
2611 4757 2968 4827 ἐνηχούμενος
3025 4759 3129 4813 ὐπὸ
3179 4761 3280 4828 τῆς
3343 4764 3436 4818 τοῦ
3502 4768 3656 4836 ἁγίου
3710 4771 3887 4825 Πνεύ-

2224 4860 2392 4914 ματος
2436 4845 2805 4911 διδασκαλίας-
2857 4848 2913 4900 ’0
2969 4848 3077 4921 γὰρ
3134 4852 3302 4920 μηδὲν
3348 4855 3455 4909 τῶν
3503 4862 3886 4930 γεγενημένων

2220 4932 2393 5001 εἰδὼς,
2426 4936 2612 5006 ἐπειδὴ
2661 4938 2869 5009 ήγαγεν
2918 4940 3088 5012 αὐτὴν
3116 4942 3252 5012 πρὸς
3282 4944 3465 5011 αὐτὸν,
3502 4948 3652 5020 φησί’
3702 4953 3887 5010 Τοῦτο

2218 5025 2337 5080 νῦν
2374 5027 2598 5082 ὀστοῦν
2641 5029 2708 5083 ἐκ
2752 5028 2869 5085 τῶν
2918 5031 3146 5086 ὀστέων
3177 5052 3315 5103 μου,
3355 5036 3454 5089 καὶ
3482 5037 3641 5107 σὰρξ
3670 5041 3738 5094 ἐκ
3776 5042 3889 5113 τῆς

2218 5117 2445 5184 σαρκός
2464 5135 2603 5187 μου.
2633 5119 2855 5191 ’Έτερος
2883 5122 2939 5175 δέ
2966 5139 3051 5185 τις
3071 5125 3409 5198 ἑρμηνευτής
3432 5145 3613 5198 φησιν,
3643 5131 3763 5185 ἀντὶ
3786 5135 3887 5189 τοῦ

2216 5207 2583 5273 Νῦν,ςΤοῦτο
2623 5211 2804 5279 ἅπαξ,
2841 5212 3017 5285 δηλῶν
3053 5216 3136 5268 ὅτι
3164 5216 3258 5270 νῦν
3282 5218 3440 5271 τοῦτο
3477 5222 3635 5290 μόνον
3671 5225 3886 5293 γέγονε,

2216 5299 2312 5352 καὶ
2342 5300 2525 5354 οὐκέτι
2546 5300 2717 5366 οὕτως
2754 5303 2906 5359 ἔσται
2932 5305 3032 5376 τῆς
3062 5309 3321 5375 γυναικὸς
3352 5313 3385 5381 ή
3414 5312 3719 5380 διάπλασις.
3743 5318 3888 5387 Νῦν,

2217 5389 2400 5459 φησιν,
2437 5390 2496 5456 ἐξ
2522 5391 2713 5484 ἀνδρὸς
2758 5393 2981 5464 γέγονεν
3017 5399 3050 5469 ή
3099 5400 3257 5470 γυνή,
3314 5402 3452 5470 μετά
3486 5404 3542 5458 δὲ
3575 5407 3744 5462 ταῦτα
3784 5414 3889 5484 οὐχ

2215 5479 2405 5546 οὕτως,
2439 5482 2553 5536 ἀλλ’
2582 5486 2646 5537 ὲκ
2679 5485 2778 5557 τῆς
2814 5489 3071 5555 γυναικὸς
3104 5491 3132 5542 6
3169 5492 3329 5563 ἀνήρ’
3366 5495 3565 5563 μᾶλλον
3591 5499 3646 5552 δὲ
3679 5503 3781 5557 οὐκ

2214 5572 2314 5642 τῆς
2334 5574 2606 5641 γυναικὸς,
2642 5573 2756 5628 ἀλλ’
2785 5577 2847 5630 ὲκ
2870 5582 2969 5650 τῆς
2999 5581 3324 5651 ἀμφοτέρων
3352 5587 3657 5656 συνεργίαςο
3685 5591 3757 5657 ὡς
3790 5602 3888 5652 καὶ

2216 5665 2245 5715 ὁ
2283 5664 2494 5727 Παῦλός
2553 5683 2732 5734 φησιν·
2775 5671 2858 5723 Οὐ
2918 5669 3025 5739 γάρ
3070 5671 3240 5726 ἐστιν
3270 5675 3426 5744 ἀνὴρ
3469 5679 3538 5731 ἐκ
3573 5690 3884 5755 γυναικδς,

2214 5756 2373 5815 ἀλλὰ
2403 5760 2554 5829 γυνὴ
2578 5759 2645 5826 ἐξ
2675 5761 2912 5830 ἀνδρός·
2939 5764 3033 5819 καὶ
3061 5767 3168 5821 οὐκ
3192 5767 3437 5838 ἐκτίσοη
3458 5771 3611 5842 ἀνὴρ
3635 5775 3731 5831 διὰ
3770 5780 3887 5842 τὴν
