4074 6134
310 263 400 318 l2l
832 262 839 269 ’
1414 266 1479 324 ΙΝ
1517 268 1749 327 CAPJI.
1791 266 2039 325 GENES.
2083 266 2316 324 IIOMIL.
2361 267 2472 323 XV.

308 388 490 448 postea
520 388 695 434 tamen
723 378 1032 450 cogniturus
1057 387 1190 435 eral.
1231 381 1413 450 Itaque
1467 390 1524 435 ιιι
1573 396 1639 438 ne
1666 381 1812 435 illum
1845 379 1899 434 in

311 467 606 523 auferendo
631 467 841 535 dolore,
868 485 1040 539 neque
1081 470 1152 523 ob
1192 470 1513 525 ablutionem
1550 471 1761 525 tristitia
1784 469 1903 525 alli-

308 568 472 619 ceret,
504 568 730 628 utraque
754 560 831 614 sic
856 559 1200 630 dispensavit,
1234 571 1291 615 ut
1335 568 1391 615 et
1432 561 1566 616 citra
1604 565 1897 616 crueiatum

306 648 454 707 illius
490 651 745 714 auferret,
774 659 831 704 et
879 648 1097 719 impleto
1134 666 1200 706 eo
1248 649 1368 706 loco
1408 652 1548 706 unde
1581 650 1896 719 abstulerat,

308 740 567 797 [actorum
598 756 816 797 sensum
833 742 1108 812 percipere
1139 758 1244 797 non
1268 742 1488 797 sineret.
1538 741 1700 813 Igitur
1742 757 1899 798 acce-

311 840 455 900 ptant
482 830 619 885 hanc
642 839 845 886 costam
875 830 1156 886 :edificavit
1187 832 1443 887 Dominus
1463 833 1604 888 Deus
1627 833 1679 887 in
1710 833 1900 888 mulie-

311 935 452 974 rem.
484 920 815 977 Admirabile
868 922 1102 988 dictum,
1132 932 1367 977 nostram
1420 924 1681 977 rationem
1734 922 1898 978 nimia

310 1011 628 1067 excellentia
655 1012 897 1069 vincens.
955 1013 1232 1082 Ejusmodi
1261 1014 1406 1069 enim
1432 1022 1558 1069 sunt
1579 1014 1759 1069 omnia
1780 1029 1900 1085 qua:

311 1099 448 1156 ﬁunt
473 1116 503 1155 a
526 1101 771 1157 Domino.
813 1101 956 1157 Istud
981 1103 1124 1157 enim
1140 1143 1157 1169 ,
1185 1118 1343 1173 quam
1366 1102 1636 1158 hominem
1655 1120 1685 1158 e
1708 1103 1900 1173 pulve-

314 1208 375 1246 re
403 1192 642 1255 formari,
675 1208 783 1246 non
826 1202 906 1248 est
938 1194 1133 1247 minus.
1178 1195 1244 1249 Et
1268 1193 1388 1248 vide
1416 1195 1606 1269 iterum
1634 1193 1904 1265 quomodo

313 1285 493 1338 divina
549 1284 823 1353 Scriptura
874 1285 1053 1340 verbis
1089 1295 1285 1339 nostra:
1336 1284 1628 1340 inﬁrmitati
1685 1301 1903 1341 accom-

317 1375 492 1430 modis
520 1391 613 1429 usa
641 1376 729 1430 sit.
766 1375 829 1430 Et
854 1378 1065 1447 accepit,
1088 1377 1274 1446 inquit,
1295 1394 1445 1432 uuam
1470 1388 1721 1433 costarum
1742 1378 1901 1432 illius.

391 1465 462 1522 Ut
488 1465 648 1520 Deum
676 1467 814 1521 decet
844 1473 951 1521 litvo
979 1469 1126 1522 verba
1158 1469 1516 1539 intelligenda;
1561 1468 1807 1523 Dominus
1859 1476 1909 1522 et

319 1558 456 1614 Deus
484 1561 548 1614 de
582 1560 734 1614 Patre
751 1570 803 1639 μ
833 1560 990 1615 Filio.
1010 1561 1171 1615 -κυ
1213 1562 1443 1616 humano
1487 1577 1635 1617 more
1679 1561 1908 1630 accipias

317 1668 438 1721 qua:
458 1651 727 1718 dicuntur,
758 1652 852 1707 sed
879 1667 1057 1707 crassa
1107 1652 1265 1708 verba
1294 1654 1538 1709 humana:
1560 1654 1907 1709 imbecillitati

317 1747 607 1798 convenire
635 1743 856 1813 cogites.
882 1743 1014 1797 Nam
1044 1744 1145 1798 nisi
1174 1743 1258 1799 his
1282 1744 1461 1800 verbis
1487 1743 1758 1813 Scriptura
1777 1743 1907 1797 luis-

319 1849 407 1889 uel:
443 1849 557 1898 usa,
589 1834 857 1904 quomodo
882 1844 987 1889 tam
1019 1851 1208 1891 arcana
1256 1837 1508 1906 mysteria
1556 1836 1764 1892 discere
1812 1850 1908 1905 po-

322 1927 648 1981 tuissemus?
677 1942 745 1983 ne
785 1928 944 1998 igitur
989 1928 1170 1984 verbis
1218 1937 1419 1984 tantum
1465 1928 1663 1983 addicti
1719 1931 1907 1995 simus,

322 2016 418 2071 sed
460 2017 638 2071 omnia
681 2026 737 2072 ut
765 2034 861 2087 par
885 2028 968 2073 est
992 2019 1058 2074 de
1082 2020 1194 2074 Deo
1221 2020 1534 2075 sentiamus.
1562 2019 1908 2090 Quandoqui-

322 2109 444 2163 detn
482 2109 608 2164 dum
638 2110 850 2177 dicitur,
903 2112 1125 2183 Accepit,
1179 2121 1234 2167 et
1277 2113 1455 2168 omnia
1509 2114 1652 2178 talia,
1698 2122 1913 2184 propter

327 2211 564 2255 nostram
606 2201 967 2257 inﬁrmitatem
1027 2204 1098 2257 ita
1150 2203 1290 2259 dicta
1337 2213 1479 2259 sunt.
1533 2203 1911 2259 Animadverte

323 2301 503 2345 autem
524 2292 792 2361 quomodo
819 2303 871 2347 et
895 2293 980 2348 hic
1013 2294 1200 2349 eadem
1235 2309 1329 2351 usa
1367 2304 1450 2351 est
1490 2295 1911 2361 consuetudine,

322 2396 425 2450 qua
453 2397 636 2451 supra,
667 2398 788 2436 cum
834 2383 900 2438 de
942 2384 1108 2438 Adam
1136 2395 1335 2455 ageret.
1364 2384 1497 2442 Nam
1528 2396 1585 2441 ut
1610 2388 1679 2442 ibi
1705 2389 1911 2456 semel,

324 2487 388 2527 ac
407 2472 624 2539 lterum,
654 2483 704 2529 et
731 2474 926 2544 smpius
945 2474 1097 2541 dixit,
1145 2475 1212 2529 Et
1240 2478 1431 2548 accepit
1483 2476 1731 2533 Dominus
1775 2479 1914 2537 Drus

326 2564 578 2618 hominem
602 2582 615 2619 :
646 2575 702 2621 et
731 2566 942 2633 iterum,
978 2566 1044 2621 Et
1067 2570 1302 2639 prmepit
1323 2568 1567 2625 Dominus
1595 2569 1731 2626 Deus
1754 2573 1879 2628 Atla:
1896 2590 1916 2629 :

327 2665 381 2709 et
399 2655 614 2722 iterum,
640 2656 878 2726 Dixitque
897 2657 1143 2715 Dominus
1173 2658 1311 2715 Deus
1334 2660 1641 2717 :Faciamns
1667 2665 1744 2718 illi
1763 2665 1916 2738 adju-

328 2756 487 2799 torcm
513 2748 728 2802 similem
755 2749 833 2803 illi
858 2765 880 2804 :
908 2751 985 2805 sic
1009 2759 1063 2806 ct
1106 2766 1246 2806 nunc
1287 2752 1476 2823 inquit,
1532 2753 1600 2808 Et
1646 2755 1915 2824 wdi/icarit

332 2833 583 2891 Dominus
638 2837 774 2893 Deus
824 2850 1034 2906 costam,
1079 2857 1230 2912 quam
1279 2845 1470 2914 accepit
1519 2843 1583 2897 ab
1636 2843 1819 2912 Adam,
1864 2847 1916 2902 in

329 2927 624 2994 mulierem;
648 2939 699 2984 et
724 2931 880 3000 paulo
900 2933 1165 3002 superius,
1197 2931 1261 2987 Et
1281 2935 1486 2988 immisit
1511 2934 1755 2990 Dominus
1783 2936 1918 2992 Deus

328 3034 589 3073 excessum
635 3021 689 3074 in
729 3021 932 3076 Adam:
960 3032 1016 3076 ut
1056 3023 1231 3078 discas
1280 3025 1475 3079 nullam
1509 3026 1676 3082 Patris
1705 3039 1756 3082 et
1797 3027 1915 3082 Filii

330 3108 695 3166 diversitatem
732 3111 830 3166 has
867 3113 1126 3168 dictiones
1165 3114 1397 3170 indicare
1430 3133 1444 3169 :
1475 3116 1595 3186 quia
1645 3117 1918 3187 utriusque

331 3210 418 3258 est
463 3218 565 3257 una
622 3204 887 3269 essentia,
944 3204 1398 3261 indiscriminatim
1462 3208 1762 3262 nominibus
1807 3209 1919 3261 istis

333 3296 605 3368 Scriptura
632 3297 819 3352 utitur.
845 3298 982 3353 Ecce
1019 3298 1177 3369 igitur
1202 3307 1260 3355 et
1283 3298 1421 3354 hanc
1441 3300 1876 3355 consuetudinem
1902 3341 1918 3366 ,

333 3405 459 3447 cum
500 3391 570 3446 de
613 3391 929 3447 formatione
956 3395 1195 3449 mulieris
1230 3396 1359 3467 agit,
1383 3391 1625 3449 similiter
1649 3394 1878 3449 servavit
1899 3434 1918 3463 ,

335 3484 564 3540 dicens:
596 3484 661 3539 Et
698 3486 967 3553 aedificavit
1017 3484 1268 3541 Dominus
1314 3487 1453 3543 Deus
1510 3496 1722 3552 costam,
1769 3500 1920 3556 quant

332 3573 526 3640 accepit
553 3570 615 3624 ab
656 3571 838 3635 Adam,
877 3572 930 3624 in
971 3573 1251 3627 mulierem.
1288 3575 1422 3642 Quid
1451 3591 1582 3646 ergo
1618 3579 1704 3633 hic
1743 3579 1922 3633 dicent

335 3662 613 3731 Ineretlci,
642 3662 732 3735 qui
756 3663 933 3718 omnia
962 3664 1228 3720 curiosius
1270 3667 1554 3737 explorare
1605 3672 1810 3735 volunt,
1867 3684 1923 3729 et

330 3753 640 3810 Conditoris
667 3754 902 3809 omnium
938 3756 1338 3824 generationem
1367 3761 1836 3829 comprehendisse
1860 3780 1921 3820 se

333 3847 562 3916 putant?
589 3848 718 3918 Quis
743 3862 922 3904 sermo
942 3848 1045 3905 hoc
1067 3850 1335 3920 explicare
1371 3852 1602 3921 poterit?
1627 3868 1745 3924 qua:
1771 3870 1922 3909 meus

331 3939 831 4008 cmpreheudcre?
874 3938 1045 3999 Unam
1090 3950 1329 4010 costam,
1366 3943 1555 4013 inquit,
1584 3946 1820 4015 accepit;
1870 3956 1925 4003 et

336 4024 607 4094 quomodo
634 4042 699 4082 ex
745 4027 846 4085 hac
873 4029 1024 4086 unica
1050 4042 1196 4087 costa
1220 4041 1386 4088 totum
1421 4037 1616 4091 animal
1639 4037 1924 4094 formavit?

339 4114 407 4170 Et
434 4116 562 4186 quid
588 4117 731 4185 dico,
759 4120 1026 4190 quomodo
1049 4138 1114 4177 ex
1144 4122 1243 4178 hac
1282 4141 1383 4179 una
1410 4127 1607 4180 animal
1631 4128 1922 4185 formavit?

335 4206 432 4263 Dic
452 4250 468 4273 ,
499 4208 742 4275 obsecro,
772 4213 1039 4282 quomodo
1071 4213 1267 4270 ablatio
1318 4217 1452 4271 facta
1497 4221 1613 4273 est?
1657 4221 1925 4289 quomodo

335 4298 530 4365 Adam,
575 4316 695 4355 cum
733 4302 1033 4360 auferretur
1070 4315 1241 4370 costa,
1293 4324 1397 4363 non
1439 4311 1763 4368 sensi!?Sed
1795 4313 1924 4370 nihil

335 4389 529 4446 horum
550 4393 732 4451 dicere
766 4397 1172 4467 po:eris:uuns
1209 4400 1351 4455 enim
1404 4411 1604 4458 tantum
1657 4407 1777 4470 scit,
1835 4408 1921 4477 qui

333 4492 421 4536 est
441 4483 554 4552 ipse
581 4483 857 4541 Cenditor.
886 4486 1037 4554 Quod
1065 4490 1108 4543 si
1142 4490 1255 4545 haec
1279 4507 1397 4562 qua:
1424 4494 1473 4548 in
1506 4496 1749 4551 manibus
1778 4507 1920 4564 sunt,

331 4580 387 4626 et
419 4575 665 4628 animalis
691 4576 833 4631 illus
852 4578 991 4647 quod
1021 4579 1176 4634 nobis
1195 4596 1356 4636 carne
1379 4595 1660 4654 cognatum
1696 4595 1780 4642 est
1818 4588 1926 4642 lor-

335 4665 625 4720 tuationetu
676 4683 783 4723 non
833 4669 1369 4739 comprehendimus;
1410 4678 1591 4745 quanti
1639 4679 1813 4733 delirii
1871 4691 1923 4734 et

334 4757 587 4811 amentiae
614 4757 774 4813 fuerit
805 4761 1066 4817 curiosius
1088 4762 1357 4833 inquirere
1381 4781 1501 4836 quae
1533 4769 1696 4837 ipsius
1724 4771 1924 4825 Condi—

333 4848 469 4901 toris
497 4858 640 4913 Sunt,
673 4860 726 4903 et
752 4852 930 4907 dicere
956 4868 1014 4907 se
1050 4854 1135 4907 illa
1161 4857 1640 4926 comprehendere,
1695 4877 1919 4931 quorum

333 4953 510 5008 neque
540 4940 866 5012 incorporate
886 4953 941 4999 et
960 4944 1154 5000 divina:
1176 4948 1396 5002 virtutes
1419 4949 1617 5019 justam
1643 4953 1919 5008 scientiam

331 5028 554 5094 habent,
585 5033 679 5088 sed
702 5051 822 5089 cum
869 5035 1059 5092 timore
1085 5045 1140 5093 et
1182 5047 1415 5096 tremore
1442 5041 1493 5095 in
1522 5040 1925 5114 assidua-glori-

330 5122 579 5177 ficatione
624 5127 1002 5195 perseverant?

404 5217 459 5271 5.
487 5215 554 5270 Et
574 5217 846 5287 aediﬁcavit
874 5218 1119 5275 Dominus
1146 5220 1284 5276 Deus
1309 5233 1520 5291 costam,
1557 5240 1705 5292 quam
1730 5225 1922 5295 accepit

329 5308 397 5361 ab
448 5307 629 5375 Adam,
658 5310 714 5363 in
764 5312 1043 5367 mulierem.
1078 5312 1208 5369 Vide
1253 5313 1539 5385 Scriptura:
1572 5316 1919 5386 diligentiam.

329 5398 451 5454 Non
478 5400 618 5455 enim
635 5399 745 5472 jam
772 5399 922 5468 dicit,
953 5403 1239 5469 Formavit,
1273 5406 1389 5468 sed,
1423 5404 1725 5475 /Etliﬁcavit
1754 5423 1774 5461 :
1799 5409 1919 5479 quia

329 5504 396 5545 ex
414 5491 525 5560 jam
554 5491 782 5547 formato
805 5503 1009 5563 partem
1036 5495 1259 5563 accepit,
1310 5505 1364 5549 et
1401 5499 1551 5566 quasi
1580 5498 1780 5553 diceret
1826 5500 1922 5554 ali-

330 5585 475 5655 quis,
530 5585 672 5655 quod
723 5586 910 5642 deerat
954 5586 1121 5643 dedit.
1181 5588 1301 5642 Ideo
1351 5588 1498 5656 dicit,
1533 5587 1922 5658 Eta'diﬁcuvit:

334 5691 440 5733 non
484 5676 644 5739 aliam
703 5675 1073 5735 formationem
1124 5678 1265 5747 fecit,
1319 5680 1414 5736 sed
1454 5696 1517 5736 ex
1543 5697 1608 5738 eo
1647 5680 1786 5752 quod
1808 5681 1919 5750 jam

3494 267 3594 324 12?.

2010 379 2291 435 formatum
2331 390 2468 445 erat,
2509 389 2724 450 accepta
2767 381 3101 452 portiuncula
3152 381 3401 453 quadam,
3453 383 3587 441 hanc

2010 478 2211 539 partem
2238 470 2538 536 aedificavit,
2568 479 2622 526 et
2643 471 2934 542 perfectum
2981 473 3108 528 fecit
3135 475 3351 528 animal.
3382 472 3591 542 Quanta
3642 480 3647 487 ‘

2006 561 2194 631 optimi
2239 561 2512 618 architecti
2566 563 2663 618 Dei
2709 564 2966 635 potentia,
2997 580 3115 634 qua:
3140 579 3208 619 ex
3240 564 3443 619 tantilla
3470 579 3593 629 par-

2010 650 2167 706 ticula
2221 659 2299 706 tot
2347 661 2403 707 et
2449 663 2554 706 tam
2609 653 2870 723 elegantia
2924 654 3160 707 tnentbra
3213 647 3592 708 concinnavit:

2010 750 2186 797 tantos
2220 741 2468 798 formavit
2515 757 2734 809 sensus,
2761 758 2825 798 ac
2862 745 3177 812 perfectum,
3208 742 3492 814 integrum,
3536 752 3594 797 et

2007 834 2314 890 absolutum
2358 834 2556 889 animal
2584 834 2730 901 fecit,
2781 834 2922 904 quod
2967 836 3133 904 possit
3156 842 3212 888 et
3238 834 3493 905 colloqui,
3540 844 3595 889 et

2008 925 2385 981 communione
2429 924 2739 980 substantiae
2783 924 2900 980 viro
2937 925 3100 979 multa
3145 924 3346 988 allerre,
3374 925 3591 981 solatia!

2008 1012 2142 1069 Nam
2167 1013 2235 1070 ad
2260 1014 2376 1083 ejus
2396 1014 2815 1070 consolationem
2843 1014 3035 1069 animal
3053 1014 3155 1068 hoc
3184 1013 3466 1070 formatum
3489 1025 3593 1071 est.

2013 1104 2165 1162 Unde
2185 1114 2240 1162 et
2258 1106 2452 1163 Paulus
2481 1106 2692 1162 dicebat
2720 1123 2735 1160 :
2770 1104 2892 1159 Non
2938 1106 3071 1160 enim
3114 1110 3364 1178 formatus
3406 1114 3480 1160 est
3522 1107 3598 1159 rir

2009 1206 2218 1268 propter
2268 1197 2548 1263 mulierem,
2570 1196 2660 1252 sed
2690 1197 2871 1251 mulier
2907 1206 3116 1268 propter
3143 1197 3304 1251 virum
3346 1197 3435 1269 (l.
3467 1194 3587 1252 Cor.

2012 1287 2100 1342 ll.
2128 1285 2217 1352 9).
2253 1285 2416 1341 Vides
2455 1286 2924 1357 quomodoomnia
2955 1300 3172 1357 promer
3214 1288 3383 1342 virum
3429 1287 3599 1344 ﬁant?

2009 1375 2233 1432 Condita
2261 1375 2401 1430 enim
2431 1387 2697 1444 creatura,
2734 1377 3006 1447 productis
3031 1377 3219 1443 brutis,
3274 1386 3330 1431 ct
3378 1377 3499 1437 cibo
3544 1389 3599 1433 et

2013 1469 2307 1524 ministerio
2348 1469 2580 1535 utilibus,
2638 1471 2759 1540 quia
2810 1468 3069 1524 fortnatus
3114 1467 3276 1523 homo
3321 1468 3594 1539 indigebat

2011 1560 2189 1630 aliquo
2214 1558 2632 1623 coitfahulatore,
2664 1568 2719 1614 et
2767 1574 2834 1614 eo
2881 1560 2969 1629 qui
3014 1560 3278 1630 particeps
3321 1559 3440 1629 ejus
3462 1560 3595 1615 sub-

2013 1652 2224 1707 stantia:
2266 1652 2491 1706 multum
2531 1651 2703 1706 solatii
2724 1650 2917 1707 all'errc
2943 1661 3139 1722 posset,
3173 1651 3291 1706 ideo
3336 1666 3401 1706 ex
3430 1651 3599 1707 latere

2014 1742 2153 1797 illius
2175 1741 2279 1797 hoc
2307 1743 2565 1798 rationale
2587 1743 2786 1797 animal
2832 1742 3047 1808 format,
3088 1751 3143 1797 ct
3179 1741 3469 1796 secundum
3520 1741 3602 1796 in-

2013 1833 2271 1888 dustriam
2298 1848 2448 1888 suam
2470 1841 2527 1889 et
2550 1833 2862 1903 sapientiam
2895 1833 3184 1903 perfectum
3216 1843 3270 1888 et
3297 1833 3600 1888 absolutum

2017 1924 2117 1979 hoc
2141 1922 2287 1991 facit,
2313 1939 2407 1994 per
2433 1925 2611 1980 omnia
2641 1925 2839 1979 homini
2868 1924 3064 1993 simile,
3106 1923 3158 1979 id
3181 1934 3282 1989 est,
3314 1924 3596 1985 rationale.

2014 2016 2154 2086 quod
2191 2016 2239 2071 ei
2296 2024 2474 2085 posset
2520 2016 2571 2070 in
2599 2016 3006 2071 necessitatibus
3035 2025 3090 2070 et
3116 2015 3415 2071 commodis
3446 2015 3607 2085 hujus

2017 2107 2139 2160 vita:
2183 2106 2422 2162 subsidio
2447 2121 2586 2162 esse.
2621 2107 2765 2163 Deus
2815 2107 2957 2163 enim
2989 2120 3125 2176 erat,
3172 2108 3260 2179 qui
3303 2109 3481 2162 omnia
3518 2122 3606 2161 sa-

2019 2198 2181 2268 pienti
2210 2197 2438 2268 quadam
2494 2199 2701 2255 ratione
2744 2199 2981 2254 condidit
3023 2208 3078 2255 et
3114 2199 3441 2255 moderatur.
3491 2200 3601 2254 Etsi

2016 2288 2160 2345 enim
2209 2304 2310 2345 nos
2353 2290 2443 2360 qui
2493 2298 2599 2345 tam
2647 2290 2896 2346 imbecilli
2942 2301 3121 2348 mente
3149 2307 3354 2356 smnus,
3386 2291 3602 2348 modum

2016 2394 2123 2450 quo
2146 2377 2282 2435 facta
2310 2388 2435 2435 sunt
2460 2381 2599 2435 scire
2631 2397 2736 2435 non
2769 2396 3070 2450 possumus,
3113 2381 3381 2436 credimus
3427 2390 3602 2437 tamen

2020 2472 2278 2527 voluntati
2321 2472 2461 2526 illius
2506 2472 2684 2526 omnia
2722 2474 2971 2540 cessisse,
3003 2481 3059 2529 et
3091 2472 3343 2544 quidquid
3373 2473 3605 2543 impera-

2016 2566 2114 2631 vit,
2158 2564 2355 2620 l'actum
2401 2580 2543 2622 esse.
2591 2565 2681 2621 22.
2717 2566 2785 2620 Et
2804 2566 3094 2637 tediﬁcaoit,
3142 2566 3331 2638 inquit,
3363 2566 3608 2620 Dominus

2021 2655 2157 2710 Deus
2169 2666 2379 2723 costam,
2400 2674 2551 2727 quant
2571 2657 2758 2729 accepit
2784 2662 2846 2711 ab
2869 2658 3054 2725 Adam,
3072 2658 3125 2711 in
3146 2659 3400 2713 mulierem
3416 2669 3492 2713 :et
3508 2658 3603 2711 atl-

2021 2748 2163 2802 duxit
2185 2748 2325 2801 illam
2342 2748 2411 2801 ad
2430 2748 2597 2802 Adam
2616 2763 2637 2802 :
2652 2748 2940 2804 ostendens
2968 2764 3027 2802 se
3047 2759 3260 2820 propter
3278 2748 3424 2803 illum
3453 2750 3606 2804 istam

2019 2839 2343 2905 condidisse,
2374 2839 2593 2895 adduxit
2618 2839 2760 2894 illam
2786 2840 2852 2895 ad
2891 2841 3078 2895 Adam.
3109 2841 3370 2907 Quoniam
3408 2841 3604 2908 nullus,

2022 2932 2213 3002 inquit,
2248 2932 2298 2987 in
2329 2932 2577 2987 ontuibus
2600 2932 2717 2987 aliis
2745 2931 2958 2999 adjutor
2993 2931 3086 2986 tibi
3129 2933 3377 2987 inventus
3413 2941 3495 2988 est
3535 2932 3610 2986 si-

2022 3021 2182 3088 milis,
2234 3036 2361 3078 ecce
2406 3021 2508 3076 hoc
2555 3021 2695 3093 quod
2729 3022 3017 3092 pollicebar
3058 3021 3310 3095 (promisi
3340 3023 3481 3077 enim
3515 3023 3606 3078 tibi

2023 3112 2284 3169 facturum
2316 3130 2400 3168 me
2427 3114 2723 3184 adjutorem
2771 3114 2998 3169 similem
3045 3112 3198 3185 tibi),
3244 3129 3386 3169 nunc
3438 3114 3609 3183 perfe-

2022 3215 2165 3260 ctum
2223 3205 2373 3261 trado
2416 3206 2529 3260 tibi.
2557 3206 2784 3260 Adduxit
2804 3204 2970 3273 illaut,
3000 3205 3190 3276 inquit,
3217 3205 3286 3258 ad
3310 3204 3492 3259 Adam.
3514 3203 3605 3259 23.

2024 3293 2093 3350 Et
2119 3295 2247 3350 dixit
2275 3296 2461 3365 Adam,
2492 3296 2605 3353 Hoc
2627 3314 2758 3352 nunc
2778 3313 2834 3353 os
2861 3314 2925 3355 ea:
2950 3297 3146 3353 ossibus
3172 3299 3314 3367 meis,
3329 3307 3375 3351 et
3411 3313 3529 3352 caro
3547 3313 3611 3351 ex

2022 3404 2174 3441 carne
2194 3404 2324 3442 mea.

2094 3479 2258 3533 Adam
2305 3480 2651 3551 propheticum
2701 3481 2917 3552 gratiam
2955 3482 3166 3548 accepit.
3209 3509 3282 3521 —
3323 3479 3454 3535 Vide
3489 3480 3605 3543 hic,

2023 3583 2227 3639 qua-so,
2267 3569 2537 3640 quomodo
2564 3586 2685 3626 cum
2733 3570 2982 3625 iuell'abili
3026 3570 3115 3625 illa
3143 3570 3424 3641 sapientia,
3452 3571 3550 3626 sibi
3578 3584 3611 3625 a

2030 3660 2139 3715 Deo
2189 3661 2556 3730 suppeditata,
2607 3662 2761 3730 cujus
2810 3661 2964 3715 nobis
3007 3660 3200 3716 indicia
3248 3660 3609 3716 demonstrata

2026 3763 2150 3808 sunt
2181 3769 2276 3824 per
2311 3754 2586 3808 nominum
2634 3754 3054 3824 impositiuuem,
3084 3769 3203 3824 qua:
3232 3762 3309 3808 tot
3336 3754 3610 3807 brutorum

2026 3842 2335 3897 animalium
2357 3842 2644 3913 generibus
2672 3843 2882 3908 indidit,
2903 3843 3063 3899 etiam
3097 3843 3457 3913 pmpheticam
3487 3857 3610 3912 gra-

2029 3937 2155 3989 tiam
2200 3934 2410 4004 accipit.
2439 3933 2570 3989 Nam
2613 3934 2809 3989 idcirco
2857 3944 3013 3990 antea
3055 3934 3236 3988 docuit
3287 3949 3386 3988 nos
3427 3935 3613 3988 beatus

2029 4028 2118 4082 ille
2146 4028 2424 4099 prepheta,
2455 4043 2576 4081 eum
2625 4038 2681 4082 et
2721 4042 2932 4089 somno,
2964 4034 3019 4081 et
3061 4024 3259 4081 exstasi
3306 4034 3610 4094 correptum

2027 4117 2235 4175 fuisse:
2278 4121 2347 4175 ita
2406 4130 2462 4175 ut
2509 4136 2576 4176 ne
2604 4134 2820 4175 sensum
2851 4116 3063 4188 quidem
3106 4116 3266 4171 ullum
3311 4114 3426 4184 ejus
3472 4114 3612 4184 quod

2029 4209 2189 4267 [iebat
2219 4211 2555 4282 perciperet:
2584 4219 2641 4264 ut
2677 4224 2797 4265 cum
2833 4223 2972 4263 nunc
3000 4207 3180 4272 discis,
3210 4222 3332 4261 eum
3356 4205 3466 4259 visa
3497 4221 3613 4259 ιιιιι-

2029 4304 2158 4359 liere
2207 4304 2488 4375 diligenter
2517 4303 2656 4374 quod
2698 4303 2894 4356 factum
2943 4309 3060 4356 erat
3103 4315 3375 4365 enarrare,
3425 4296 3614 4354 credas

2029 4405 2195 4461 certo,
2237 4411 2359 4450 eum
2404 4403 2620 4463 act-cpta
2671 4393 2977 4464 prophetica
3031 4393 3232 4463 gratia,
3285 4401 3339 4447 ct
3381 4391 3610 4462 Spiritus
3670 4438 3673 4441 .

2029 4491 2195 4545 saneti
2226 4490 2467 4545 doctrina
2495 4489 2729 4544 afﬂatum
2771 4489 2885 4542 haec
2906 4487 3070 4558 loqui.
3107 4487 3313 4556 Quippe
3336 4501 3456 4541 eum
3480 4484 3609 4540 nihil

2029 4583 2096 4637 de
2152 4582 2218 4637 iis
2262 4598 2380 4652 qua:
2423 4580 2556 4635 facta
2588 4591 2742 4635 erant
2776 4580 2956 4644 sciret,
2987 4589 3266 4650 postquam
3311 4579 3450 4633 Deus
3478 4579 3614 4633 hanc

2030 4673 2106 4730 illi
2136 4674 2374 4739 adduxit,
2408 4671 2596 4743 inquit,
2627 4670 2741 4727 Hoc
2767 4689 2899 4726 nunc
2944 4690 2999 4726 os
3043 4688 3105 4726 ea:
3130 4672 3324 4726 ossibus
3376 4671 3517 4735 meis,
3568 4678 3612 4721 ct

2028 4781 2146 4819 caro
2176 4781 2239 4819 ea:
2270 4781 2423 4819 carne
2470 4780 2602 4818 mea.
2632 4764 2782 4818 Alius
2809 4778 2937 4818 vero
2970 4763 3183 4833 quidam
3215 4763 3477 4832 interpres
3499 4757 3574 4829 (tt)
3594 4799 3609 4821 ,

2029 4872 2125 4928 pro
2153 4854 2327 4931 Nunc,
2353 4856 2512 4911 vertit
2540 4853 2653 4911 Hoc
2687 4855 2857 4923 semel,
2896 4854 3175 4919 declarans
3197 4853 3363 4908 semel
3403 4858 3609 4904 tantum

2028 4948 2130 5004 hoc
2150 4948 2345 5003 factum
2369 4963 2508 5015 esse,
2554 4964 2727 5019 neque
2750 4950 2887 5003 ultra
2914 4947 3027 5001 fore
3053 4946 3211 5000 talem
3243 4942 3475 4998 mulieris
3499 4940 3610 4995 for-

2029 5041 2337 5096 mationem.
2366 5040 2550 5105 Nunc,
2592 5040 2778 5109 inquit,
2821 5037 2955 5092 facta
2998 5045 3081 5091 est
3120 5050 3187 5090 ex
3233 5036 3347 5090 viro
3376 5033 3607 5100 mulier,

2029 5132 2250 5204 posthac
2302 5150 2406 5188 non
2459 5134 2537 5188 sic
2565 5132 2688 5197 erit,
2740 5130 2830 5186 sed
2872 5145 2937 5184 ex
2968 5128 3187 5183 muliere
3221 5128 3333 5193 vir;
3366 5128 3472 5181 imo
3503 5143 3609 5182 non

2030 5240 2094 5279 ex
2136 5223 2380 5289 muliere,
2426 5220 2519 5277 sed
2550 5237 2613 5277 ex
2661 5222 2936 5290 utriusque
2961 5218 3365 5289 cooperationc;
3395 5218 3530 5274 sicut
3557 5229 3612 5273 et

2029 5314 2223 5371 Paulus
2244 5315 2451 5385 inquit:
2483 5312 2601 5368 Non
2634 5323 2706 5366 est
2734 5314 2867 5366 enim
2890 5312 2964 5366 rir
2988 5328 3050 5366 ea:
3069 5311 3295 5378 muliere,
3323 5309 3412 5365 sccl
3432 5312 3610 5364 mulier

2027 5423 2090 5463 ea:
2126 5407 2231 5461 viro
2258 5422 2278 5461 :
2297 5415 2343 5461 et
2371 5421 2472 5460 non
2500 5404 2731 5460 conditus
2757 5413 2830 5459 est
2869 5405 2944 5458 vir
2969 5413 3173 5475 propter
3201 5403 3492 5470 mulierem,
3523 5402 3611 5456 sed

2100 5558 2172 5622 (a)
2198 5554 2304 5604 Non
2329 5562 2457 5602 unus
2481 5557 2689 5611 tantum,
2707 5551 2798 5622 sed
2817 5549 2917 5600 duo
2940 5553 3059 5599 sunt
3077 5550 3398 5622 interpretes,
3414 5549 3501 5606 qut
3522 5555 3605 5591 vo-

2036 5617 2122 5673 θεέ
2140 5617 2306 5686 ΒὩΞἾ
2333 5624 2424 5675 mi
2458 5621 2803 5686 yenunt,_ltao
2833 5621 2978 5686 semel
3016 5619 3180 5686 (σςσῖηςρ
3218 5617 3393 5686 ang);
3430 5623 3607 5686 nempe

2038 5679 2362 5747 Symmachus
2383 5690 2437 5734 et
2460 5679 2753 5747 'l‘heodotio,
2780 5691 2836 5733 ut
2857 5679 3031 5734 videas
3048 5683 3097 5731 in
3133 5679 3375 5739 Hexaplis
3407 5679 3604 5723 uestris.
