4074 6134
483 273 583 331 123

476 389 661 441 mulier
683 390 886 453 propter
936 379 1092 432 virum
1136 376 1225 449 (I.
1259 378 1375 432 Cor.
1405 378 1493 433 Η.
1523 377 1577 432 8.
1624 375 1720 447 9).
1765 378 1835 430 At
1882 374 2066 429 istiuec

484 479 617 548 ipsa,
643 476 783 530 dicet
806 472 1016 543 aliquis,
1059 488 1178 543 qua:
1207 471 1348 526 dicta
1374 480 1517 534 sunt,
1545 469 1837 525 ostendunt
1871 467 2065 523 mulie-

481 586 592 626 rem
614 585 678 625 ex
701 568 814 622 viro
843 567 1030 623 factam
1057 580 1196 620 esse.
1235 565 1429 620 Verum
1458 571 1731 634 exspecta,
1776 570 1831 618 et
1864 559 2066 616 videbis

480 668 779 715 accuratam
834 657 1132 712 doctrinam
1178 671 1338 727 quant
1380 654 1614 725 subjicit.
1663 653 1802 709 Dicit
1851 652 1993 707 enim
2049 668 2064 705 :

488 750 839 807 Verumtamen
864 765 1022 820 neque
1052 749 1128 802 vir
1152 749 1261 802 sine
1285 748 1514 811 muliere,
1547 762 1709 817 neque
1745 745 1929 799 mulier
1960 743 2069 798 sine

479 844 588 897 viro
627 840 796 914 (Ibid.
845 856 894 894 υ.
920 842 976 896 il
1007 838 1026 911 )
1053 857 1066 892 :
1094 854 1200 909 quo
1240 837 1399 894 docet
1432 853 1529 893 nos
1560 846 1742 907 postea
1792 836 2068 905 utriusque

477 946 788 1004 congressu,
813 940 1157 1001 ntrormnque
1187 938 1241 985 et
1262 929 1359 984 viri
1389 936 1443 984 et
1469 928 1705 983 mulieris
1731 925 2067 981 constitutio-

480 1040 604 1078 nem
654 1038 791 1079 csse.
822 1021 1026 1078 Idcirco
1053 1032 1107 1076 et
1135 1021 1305 1076 Adam
1332 1021 1580 1076 dicebat:
1614 1017 1727 1073 Hoc
1751 1034 1884 1072 nunc
1917 1032 1972 1071 os
2006 1032 2069 1071 ea:

479 1115 675 1172 ossibus
692 1116 832 1178 meis,
864 1123 911 1168 et
936 1130 1054 1168 caro
1084 1129 1146 1168 ea:
1179 1129 1330 1167 carne
1364 1128 1493 1165 mea.

549 1208 603 1263 4.
638 1205 841 1261 Deinde
880 1212 939 1261 ut
966 1206 1106 1262 scias
1144 1204 1304 1276 hujus
1345 1204 1638 1275 prOpbetize
1665 1200 2062 1268 eertitudinem,

476 1309 532 1356 et
558 1298 825 1369 quomodo
852 1299 905 1353 in
928 1298 1069 1353 hunc
1089 1297 1230 1354 diem
1256 1306 1310 1352 et
1335 1310 1502 1367 uSque
1537 1295 1604 1351 ad
1646 1290 2067 1349 consummatio-

479 1410 601 1449 nem
616 1393 903 1465 alTnlgcant
916 1394 1054 1448 illius
1070 1393 1232 1448 dicta.
1249 1392 1369 1446 audi
1385 1389 1684 1462 sequentia.
1696 1389 1786 1444 23.
1803 1388 1910 1442 Ista
1922 1403 2067 1441 voca-

479 1488 610 1541 bitur
630 1485 830 1552 mulier,
859 1486 1050 1556 inquit,
1073 1487 1190 1556 quia
1216 1501 1279 1539 ea:
1304 1486 1412 1538 viro
1436 1498 1526 1537 suo
1576 1490 1778 1552 sumpta
1815 1490 1889 1535 est
1931 1481 2062 1549 ipsa.

478 1577 569 1631 9.4.
605 1575 822 1647 I’r0pter
851 1578 946 1631 hoc
975 1577 1281 1646 derelinquet
1310 1576 1458 1629 homo
1483 1583 1674 1645 patrem
1693 1589 1860 1640 suum,
1888 1584 1935 1624 et
1959 1586 2068 1623 ma-

482 1677 606 1722 trem
632 1684 796 1735 suam,
822 1678 867 1722 el
895 1667 1168 1721 adhaerebit
1209 1666 1355 1720 utrori
1398 1680 1523 1729 siue,
1581 1674 1626 1717 et
1673 1675 1818 1717 erunt
1866 1662 1966 1716 duo
2013 1662 2067 1714 in

477 1775 678 1812 carnem
704 1775 877 1812 unam.
912 1758 1103 1812 Vidisti
1124 1757 1393 1828 quomodo
1417 1755 1593 1810 omnia
1620 1754 1773 1809 nobis
1788 1752 2069 1823 diligenter

477 1849 706 1919 aperuit,
737 1856 791 1903 et
823 1848 1027 1919 singula
1060 1863 1156 1919 per
1185 1847 1520 1918 prophetiam
1548 1860 1696 1899 snam
1738 1843 2064 1913 explanavit.

480 1939 593 1994 Ista
614 1981 630 2006 ,
664 1940 851 2010 inquit,
885 1940 1141 1994 vocabitur
1169 1939 1368 2002 mulier,
1398 1938 1515 2009 quia
1538 1936 1601 1989 de
1628 1937 1733 1989 viro
1755 1951 1845 1989 suo
1865 1943 2067 2005 sumpta

480 2044 572 2089 est.
615 2034 809 2089 lterum
839 2033 992 2089 nobis
1016 2033 1340 2089 ablationem
1380 2041 1543 2088 costa:
1572 2029 1840 2083 insinuat:
1874 2026 2066 2082 deinde

480 2144 601 2198 qua:
653 2127 825 2182 futura
874 2137 1030 2183 erant
1079 2126 1392 2192 declarans,
1440 2125 1648 2194 inquit,
1701 2120 1920 2191 Propter
1974 2118 2068 2173 hoc

477 2216 727 2286 relinquet
783 2221 933 2271 homo
989 2227 1185 2288 patrem
1216 2232 1402 2278 suum,
1462 2222 1510 2267 et
1564 2221 1776 2266 matrem
1805 2226 1951 2264 suam
1973 2250 1989 2277 ,
2018 2218 2067 2262 et

477 2309 750 2364 arl/uerebit
792 2309 943 2364 uxori
990 2324 1097 2364 sua:
1119 2348 1135 2374 ,
1164 2317 1210 2362 et
1238 2315 1383 2362 erunt
1414 2306 1516 2359 duo
1559 2304 1609 2359 in
1657 2318 1860 2357 carnem
1887 2318 2063 2355 unam.

481 2400 667 2467 Unde,
724 2402 851 2467 die,
908 2415 1045 2467 oro,
1101 2400 1266 2455 subiit
1312 2398 1389 2453 illi
1447 2398 1498 2451 in
1553 2403 1788 2451 mentem
1840 2404 1898 2449 ut
1952 2393 2069 2449 haec

478 2492 722 2547 diceret?
753 2492 894 2548 unde
923 2491 1123 2546 sciebat
1153 2490 1324 2544 futura
1350 2531 1365 2556 ,
1388 2496 1443 2543 et
1470 2485 1922 2557 multiplicandum
1948 2498 2068 2540 esse

479 2583 768 2639 humanum
806 2583 1081 2654 genus?ct
1104 2580 1243 2652 quod
1267 2581 1472 2635 futurus
1492 2586 1635 2634 esset
1663 2578 1758 2631 viri
1797 2575 2066 2632 mulieris-

479 2691 585 2745 que
607 2689 923 2745 eongressns
957 2673 1098 2730 unde
1139 2670 1429 2727 noscebat?
1446 2669 1775 2740 Congressus
1790 2669 1933 2722 enim
1961 2668 2050 2722 ille

480 2776 601 2835 post
625 2766 1108 2835 przevaricationem
1134 2762 1231 2818 fuit
1255 2779 1267 2815 :
1300 2777 1422 2816 nam
1450 2776 1617 2832 usque
1644 2760 1711 2816 ad
1742 2760 1887 2815 illam
1915 2759 2065 2830 quasi

475 2858 650 2927 angeli
691 2856 1040 2912 versabantur
1077 2859 1129 2911 in
1169 2854 1436 2925 paradiso,
1479 2869 1584 2908 non
1623 2853 2069 2923 concupiscentiis

481 2946 806 3018 ﬂagrantes,
854 2964 960 3003 non
998 2949 1065 3003 ab
1097 2947 1218 3002 aliis
1263 2946 1634 3003 affectionibus
1673 2944 1926 3010 intestati,
1960 2958 2067 2999 non

479 3048 683 3093 natum
736 3040 1151 3095 necessitatibus
1195 3039 1435 3105 obnoxii,
1482 3038 1577 3094 sed
1628 3052 1847 3107 prorsus
1890 3038 2068 3092 incor-

476 3133 756 3202 ruptibiles
793 3142 848 3187 et
894 3132 1226 3188 immortales
1265 3132 1501 3195 conditi,
1545 3146 1718 3201 neque
1770 3131 1853 3185 vel
1903 3130 2068 3186 vesti-

482 3233 785 3279 mentorum
828 3225 1023 3278 amictn
1077 3224 1147 3279 ibi
1199 3224 1425 3295 egebant
1465 3242 1478 3276 :
1672 3222 1835 3277 Erant
1890 3222 2022 3277 enim
2051 3263 2066 3288 ,

479 3314 694 3384 inquit,
741 3314 887 3369 ambo
943 3315 1104 3382 nudi,
1161 3324 1207 3369 et
1261 3332 1362 3370 non
1417 3313 1783 3370 erubescebant.
1843 3313 2069 3368 l‘eceato

481 3408 623 3462 enim
673 3418 725 3461 et
773 3408 1218 3477 prtevaricatione
1246 3408 1480 3461 nondum
1527 3416 1788 3477 prtesente
1811 3448 1825 3472 ,
1856 3405 2024 3475 gloria
2049 3445 2065 3472 ,

480 3516 601 3571 qua!
628 3516 857 3571 superne
884 3510 1125 3567 venerat,
1153 3501 1330 3556 vestiti
1361 3511 1508 3556 crant
1530 3541 1549 3569 ,
1579 3509 1635 3556 et
1662 3499 1782 3555 ideo
1810 3515 1912 3553 non
1943 3515 2069 3554 ern-

484 3590 810 3671 bescebant;
840 3601 960 3661 post
990 3592 1463 3664 transgressionem
1490 3602 1666 3647 autem
1699 3590 1968 3660 praecepti.
1991 3589 2071 3644 in-

480 3692 745 3755 trogressa
764 3693 848 3741 est
864 3693 917 3741 et
933 3685 1319 3747 erubescenda.
1340 3693 1392 3739 et
1408 3683 1660 3739 nuditatis
1680 3682 1896 3754 agnitio.
1918 3682 2070 3739 Unde

482 3770 662 3845 igitur,
689 3775 775 3832 die
797 3819 811 3844 ,
837 3790 1021 3847 quaiso
1044 3818 1059 3844 ,
1093 3775 1145 3830 in
1174 3785 1350 3830 mente
1375 3774 1576 3838 habuit,
1612 3784 1670 3829 ut
1695 3775 1809 3829 haec
1827 3772 2070 3829 diceret?

484 3883 660 3925 annon
691 3869 862 3938 palam
891 3878 973 3924 est
996 3884 1119 3924 eum
1149 3867 1474 3938 prOphetiete
1497 3867 1682 3937 gratim
1708 3865 2021 3938 participem
2050 3905 2067 3932 ,

485 3960 665 4014 omttia
689 3960 804 4016 lure
818 3960 1184 4030 spiritualibus
1209 3959 1404 4013 vidisse
1426 3959 1631 4013 oculis?
1653 3959 1777 4012 Haec
1800 3974 1939 4014 nunc
1962 3973 2071 4012 non

480 4051 683 4120 absque
718 4053 925 4108 ratione
963 4051 1081 4106 dico
1104 4090 1120 4116 ,
1167 4049 1260 4104 sed
1284 4058 1340 4104 ut
1382 4050 1542 4103 etiam
1593 4049 1716 4103 hinc
1756 4050 2071 4103 immensam

485 4143 580 4197 Dei
609 4143 988 4212 benignitatem
1011 4139 1247 4207 discatis,
1275 4155 1433 4210 quam
1462 4139 1695 4194 humano
1722 4139 1903 4211 generi
1924 4140 2076 4194 exhi-

484 4234 601 4288 buit
628 4273 643 4296 ,
691 4233 811 4287 data
852 4233 927 4287 illi
967 4231 1035 4285 ab
1077 4231 1227 4285 initio
1261 4231 1366 4285 vita
1408 4232 1666 4302 angelica,
1699 4241 1752 4287 et
1782 4233 2072 4287 innumeris

485 4326 541 4379 in
570 4325 717 4378 illum
742 4324 947 4378 collatis
968 4323 1258 4389 beneﬁciis,
1280 4339 1344 4380 ac
1359 4339 1481 4378 cum
1507 4324 1626 4379 aliis
1646 4325 1891 4379 omnibus
1913 4324 2070 4378 etiam

484 4415 793 4485 prepbetica
819 4415 1073 4485 dignitate
1098 4429 1350 4470 concessa
1380 4433 1393 4469 :
1418 4423 1474 4470 ut
1497 4430 1618 4469 cum
1646 4414 1885 4469 videritis
1902 4412 2074 4468 homi-

483 4521 605 4561 nem
637 4513 757 4575 post
783 4514 860 4560 tot
888 4506 1143 4563 beneﬁcia
1169 4506 1406 4562 desidem
1432 4522 1571 4575 esse,
1600 4506 1812 4577 culpam
1830 4506 1882 4561 in
1907 4506 2072 4562 Deum

488 4602 569 4654 ne
599 4598 913 4668 rejeecritis,
962 4600 1055 4656 sed
1107 4600 1205 4670 ipsi
1239 4610 1403 4655 totum
1452 4600 1738 4670 imputetis.
1777 4599 1893 4670 Ipse
1930 4598 2072 4653 enim

488 4691 803 4761 sibimetipsi
851 4691 1088 4746 omnium
1128 4693 1390 4747 malorum
1419 4702 1605 4746 auctor
1647 4691 1779 4758 luit,
1829 4691 1969 4759 quod
2021 4700 2076 4745 et

490 4772 671 4856 postea
697 4782 934 4849 discetis,
959 4792 1068 4837 tum
1099 4784 1299 4839 scilicet
1326 4783 1466 4853 quod
1492 4784 1652 4839 tantis
1677 4785 1829 4838 bonis
1862 4784 2077 4839 excide-

489 4878 578 4943 rit,
612 4884 721 4931 tum
750 4875 891 4948 quod
930 4875 1000 4931 ob
1038 4875 1526 4945 praevaricationem
1568 4875 1954 4931 condemnatus
1981 4876 2069 4929 sit.

483 4967 614 5024 Nam
652 4984 773 5024 cum
812 4966 986 5039 cogito
1020 4968 1142 5023 vine
1175 4968 1316 5023 illius
1350 4975 1568 5033 statum,
1591 4982 1746 5036 quem
1782 4967 1855 5022 illi
1891 4968 2073 5023 Domi-

482 5075 582 5116 nus
619 5059 784 5126 dedit,
829 5069 934 5115 tam
961 5059 1245 5115 multifaria
1284 5061 1335 5115 in
1372 5060 1543 5131 ipsum
1584 5061 1842 5117 beneﬁcia
1886 5076 2072 5117 ctnnu-

483 5153 643 5209 lando
668 5172 682 5219 ;
712 5164 766 5209 et
795 5154 1022 5224 primum
1053 5154 1265 5224 quidem
1290 5197 1305 5221 ,
1361 5155 1500 5225 quod
1521 5197 1535 5221 ,
1567 5165 1691 5210 ante
1746 5156 1910 5225 ipsius
1960 5154 2071 5210 for-

490 5250 799 5313 mationem,
835 5259 1053 5319 propter
1097 5250 1268 5321 ipsum
1322 5259 1488 5305 totum
1526 5251 1664 5305 lnme
1717 5252 1971 5306 mundum
2020 5261 2075 5308 et

485 5349 756 5395 ereaturas
775 5340 1031 5409 condidit,
1047 5351 1101 5399 et
1127 5354 1308 5414 postea
1333 5343 1500 5412 ipsum
1521 5344 1785 5407 formavit,
1819 5354 1871 5397 ut
1903 5342 2072 5400 lactus

486 5433 781 5491 visibilibus
805 5435 1051 5493 omnibus
1080 5436 1347 5495 frueretur
1366 5452 1381 5501 ;
1399 5437 1519 5492 dein
1539 5438 1677 5506 quod
1703 5446 1760 5491 ut
1778 5437 1936 5508 jussit
1952 5453 2072 5494 esse

489 5527 792 5596 paradisum
818 5570 833 5594 ,
864 5532 915 5582 in
942 5529 1034 5586 illo
1061 5531 1241 5585 statim
1268 5532 1443 5600 ipsum
1483 5531 1642 5584 vitam
1685 5545 1844 5600 agere
1870 5530 2066 5593 voluit,

486 5618 733 5674 animalia
760 5620 910 5677 bruta
939 5621 1004 5677 ab
1037 5621 1128 5676 illo
1157 5623 1420 5693 separavit
1444 5664 1459 5687 ,
1488 5632 1540 5677 et
1569 5621 1805 5676 nuntium
1829 5621 1902 5676 illi
1923 5620 2072 5677 dedit

488 5718 820 5780 potestatem,
854 5714 1002 5783 quasi
1026 5713 1298 5770 dominum
1328 5716 1495 5770 servis
1520 5722 1573 5769 et
1598 5711 1822 5769 subditis
1853 5712 2063 5767 nomina

1224 268 1280 323 S.
1320 264 1600 322 JOANNIS
1636 259 2105 319 ειιῐιγδοετυω
2143 256 2463 319 ARCIIIEP.
2505 263 3042 323 CONSTANTINOP.

3672 275 3771 330 ιρι

2177 380 2454 443 imponere
2472 377 2746 445 jubendo;
2774 387 2958 447 postea
2990 393 3136 444 vero,
3164 380 3287 450 quia
3315 382 3460 439 solus
3487 397 3622 448 erat.
3650 403 3773 443 cum

2179 465 2441 537 indigeret
2469 467 2651 538 aliquo
2677 468 2920 539 adjutore
2940 511 2955 536 ,
3008 472 3096 542 qui
3124 483 3327 529 natura:
3356 476 3475 544 ejus
3504 478 3773 549 particeps

2172 564 2350 621 esset,
2409 571 2585 628 neque
2640 557 2743 614 hoc
2795 560 3017 625 omisit,
3077 562 3170 617 sed
3230 564 3484 633 producta
3547 568 3774 625 muliere

2173 648 2332 704 modo
2356 665 2462 721 quo
2490 650 2590 706 sibi
2617 651 2834 722 placuit,
2864 652 3009 707 illam
3036 653 3133 721 ipsi
3172 654 3224 709 in
3262 670 3450 711 manus
3487 660 3770 714 concredi-

2172 740 2270 807 dit,
2297 755 2360 796 ae
2388 751 2579 811 puriter
2605 741 2720 798 hazc
2747 744 2925 799 omnia
2952 745 3246 815 prophetiae
3269 742 3480 818 quoque
3505 749 3764 819 dignitate

2172 832 2319 886 illum
2364 834 2660 903 insignivit;
2688 844 2743 889 et
2772 845 2891 905 post
2916 835 3175 891 immensa
3204 837 3293 891 illa
3323 840 3576 895 benelicia
3604 850 3764 911 caput

2171 922 2331 977 etiam
2353 926 2588 979 omnium
2615 924 2945 991 donavitilli,
2973 927 3112 981 utab
3144 929 3391 984 omnibus
3404 931 3548 986 curis
3567 940 3621 986 et
3635 933 3773 986 solli-

2171 1015 2493 1070 citudinibus
2528 1017 2767 1087 corporis
2808 1018 2946 1072 liber
2985 1027 3167 1085 esset,
3198 1034 3370 1090 neque
3396 1022 3515 1076 ullis
3540 1022 3771 1077 veStium

2174 1104 2518 1173 indumentis,
2542 1122 2716 1178 neque
2741 1107 2844 1162 alio
2868 1109 3047 1179 aliquo
3069 1109 3306 1181 indigere
3333 1112 3477 1166 illum
3502 1115 3767 1181 permisit,

2174 1198 2269 1251 sed
2286 1241 2302 1264 ,
2335 1207 2393 1252 ut
2418 1199 2526 1252 dixi
2552 1241 2565 1263 ,
2594 1199 2743 1269 quasi
2775 1202 3016 1271 angelum
3049 1210 3355 1258 terrestrem
3385 1220 3547 1275 super
3573 1216 3770 1263 terram

2174 1289 2317 1343 illum
2365 1290 2563 1344 versari
2595 1292 2759 1346 voluit
2791 1310 2804 1345 :
2837 1307 2957 1347 cum
2989 1292 3145 1362 igitur
3192 1294 3307 1349 hmc
3335 1296 3512 1349 omnia
3558 1313 3768 1353 meeum

2173 1389 2394 1448 reputo,
2424 1380 2745 1450 obstupesco
2778 1391 2831 1435 et
2874 1383 3079 1437 Domini
3123 1384 3457 1438 clementiam
3498 1386 3550 1440 in
3578 1388 3772 1443 buma-

2172 1485 2298 1523 num
2319 1484 2508 1540 genus,
2538 1484 2590 1526 et
2620 1470 2850 1527 hominis
2876 1472 3134 1527 desidiam
3157 1517 3169 1537 ,
3204 1483 3259 1529 et
3287 1476 3481 1530 diaboli
3523 1477 3768 1532 inviden-

2173 1562 2344 1616 tiam:
2377 1578 2481 1617 non
2529 1564 2670 1618 enim
2717 1562 2919 1619 ferebat
2954 1540 3144 1620 'tnalus
3197 1566 3286 1620 ille
3339 1567 3550 1622 daemon
3590 1569 3769 1625 videre

2172 1653 2225 1708 in
2270 1669 2496 1724 corpore
2549 1657 2816 1712 hominem
2847 1659 3137 1727 angelicam
3169 1659 3328 1713 vitam
3359 1672 3623 1729 agt-mem.

2242 1748 2295 1802 5.
2339 1745 2555 1801 Moralis
2577 1750 2841 1821 epilogus;
2885 1749 3160 1804 liberalitas
3199 1750 3294 1805 Dei
3326 1752 3380 1805 iu
3408 1754 3652 1807 homines.
3696 1784 3767 1796 -—

2170 1837 2436 1893 Cmternm
2454 1854 2522 1895 ne
2543 1841 2704 1895 nimia
2722 1841 3048 1912 longitudine
3068 1858 3369 1899 sermonem
3391 1846 3763 1913 extendamus,

2172 1929 2215 1982 si
2247 1929 2439 1999 placet,
2465 1929 2551 1985 hic
2576 1930 2735 1986 [intem
2760 1932 3013 2003 loquendi
3043 1932 3318 2001 facientes,
3349 1951 3670 2005 reponemus
3711 1940 3763 1993 in

2176 2031 2446 2090 posterum
2478 2039 2538 2079 ea
2583 2040 2701 2095 quae
2730 2024 2796 2081 de
2836 2026 3031 2081 diaboli
3064 2025 3271 2082 insidiis
3314 2040 3629 2098 sequuntur,
3671 2047 3767 2087 ve-

2172 2126 2338 2168 stram
2378 2127 2593 2172 orantes
2641 2118 2939 2183 caritatem,
2970 2127 3028 2173 ut
3061 2118 3343 2190 diligenter
3366 2114 3429 2175 ea
3458 2136 3580 2191 quae
3626 2122 3765 2178 dicta

2172 2214 2298 2261 sunt
2337 2209 2610 2261 memoriae
2641 2210 3046 2274 commendetis,
3078 2219 3131 2264 et
3156 2211 3427 2265 vobiscum
3455 2212 3770 2281 expendatis

2172 2313 2234 2353 ea
2264 2299 2463 2366 omnia,
2492 2309 2543 2354 ut
2566 2298 2879 2369 profundius
2907 2301 2957 2356 in
2985 2302 3394 2372 cogitationibus
3418 2306 3611 2358 vestris
3637 2319 3769 2359 con-

2173 2389 2367 2444 sidant.
2397 2389 2530 2445 Nam
2556 2391 2601 2446 si
2629 2393 2883 2447 continuo
2902 2393 3281 2449 beneﬁciorum
3308 2395 3422 2462 Dei,
3445 2412 3562 2466 qua:
3591 2397 3644 2450 in
3672 2411 3768 2450 no-

2172 2489 2340 2534 strum
2356 2496 2522 2551 genus
2543 2482 2785 2545 contulit,
2812 2483 3172 2550 recordemur,
3200 2496 3252 2540 et
3274 2486 3369 2555 ipsi
3393 2488 3523 2556 gnati
3546 2487 3766 2553 erimus,

2172 2585 2227 2631 et
2254 2575 2320 2631 ad
2350 2577 2561 2633 virtutis
2581 2579 2718 2632 viam
2751 2594 2939 2649 magna
2966 2579 3015 2633 id
3034 2579 3138 2634 erit
3158 2581 3535 2635 exstitnulatio.
3561 2580 3769 2650 Quippe

2174 2670 2513 2726 manifestum
2542 2681 2640 2737 est,
2675 2686 2797 2728 eum
2824 2674 2912 2743 qui
2944 2673 3199 2728 beneﬁcia
3230 2675 3318 2729 Dei
3349 2690 3533 2731 secum
3556 2678 3763 2747 recogi-

2177 2769 2271 2828 tat,
2304 2776 2521 2831 operam
2549 2762 2795 2817 daturum
2824 2779 2890 2818 nc
2934 2763 3036 2818 illis
3080 2763 3323 2834 indignus
3367 2766 3626 2832 videatur,
3670 2767 3763 2822 sed

2177 2851 2309 2907 tanti
2350 2853 2509 2908 studii
2535 2863 2589 2909 et
2629 2864 2732 2908 tam
2776 2854 2911 2925 grati
2941 2855 3104 2910 animi
3148 2854 3402 2919 futurum,
3453 2867 3512 2911 ut
3556 2867 3610 2913 et
3663 2858 3766 2913 alia

2174 2955 2567 3017 consequenter
2595 2958 2885 3003 mereatur.
2930 2947 3190 3003 Liberalis
3224 2950 3420 3021 quippe
3446 2961 3528 3005 est
3582 2950 3764 3006 Domi-

2177 3053 2276 3093 nus
2306 3047 2507 3106 noster,
2562 3049 2617 3095 et
2661 3040 2876 3111 quando
2919 3039 3062 3095 videt
3083 3055 3182 3095 nos
3224 3051 3375 3112 grato
3415 3043 3594 3097 animo
3648 3058 3768 3098 esse

2174 3131 2315 3186 circa
2345 3147 2406 3186 ea
2445 3148 2564 3202 qua:
2602 3132 2712 3202 jam
2753 3134 2907 3188 nobis
2935 3135 3222 3202 concessit,
3256 3137 3390 3191 ultra
3432 3153 3532 3191 nos
3575 3139 3765 3208 p0tiori

2175 3226 2342 3294 gratia
2370 3224 2767 3297 majoribusque
2794 3229 3100 3282 muneribus
3130 3228 3315 3299 implet
3346 3241 3582 3285 :tanttnu
3612 3231 3765 3286 nobis

2176 3329 2358 3372 nostra
2406 3318 2552 3373 salus
2603 3334 2747 3374 cura:
2775 3319 2879 3385 sit,
2935 3336 3002 3375 ne
3047 3321 3119 3375 ita
3167 3320 3516 3391 incogitanter
3557 3330 3769 3391 tempus

2176 3411 2554 3480 transigamus,
2610 3426 2781 3482 neque
2832 3411 2937 3468 hoc
2980 3413 3336 3478 attendamus,
3390 3415 3435 3468 si
3491 3415 3767 3470 dimidium

2175 3500 2603 3570 Quadragesima:
2633 3503 2921 3567 transierit,
2964 3502 3056 3557 sed
3088 3503 3132 3557 si
3161 3520 3259 3573 qua
3290 3504 3343 3558 in
3386 3504 3489 3561 huc
3530 3516 3769 3578 tempore

2176 3606 2207 3646 a
2236 3592 2389 3646 nobis
2434 3593 2570 3648 bene
2615 3604 2762 3664 gesta
2794 3603 2940 3661 sunt,
2969 3604 3021 3649 et
3050 3595 3094 3649 si
3118 3611 3249 3665 quas
3293 3596 3604 3654 aﬁ'eetiones
3649 3615 3769 3668 qua:

2176 3700 2275 3739 nos
2315 3685 2624 3756 perturbant
2651 3688 3062 3741 correxerimus.
3092 3688 3222 3742 Nam
3255 3689 3298 3742 si
3329 3690 3565 3759 quotidie
3607 3691 3767 3761 spiri-

2175 3777 2301 3831 tuali
2325 3778 2566 3833 doctrina
2591 3778 2797 3844 refecti,
2830 3795 3043 3849 semper
3085 3779 3241 3835 iidem
3271 3782 3640 3848 manserimus,
3671 3800 3768 3837 nc-

2177 3887 2280 3940 que
2327 3872 2380 3925 in
2407 3872 2689 3927 virtutibus
2716 3874 3063 3936 creverimus,
3089 3889 3260 3943 neque
3291 3885 3628 3945 peccatorum
3671 3891 3769 3945 ge-

2178 3975 2304 4015 nera
2336 3977 2366 4015 e
2396 3962 2701 4030 pectoribus
2732 3962 2924 4016 nostris
2955 3962 3383 4032 eﬂ'ugaveritnus,
3430 3981 3534 4017 non
3591 3964 3767 4018 solum

2177 4051 2301 4108 inde
2327 4052 2455 4106 nihil
2485 4053 2582 4105 erit
2611 4053 2867 4111 utilitatis.
2903 4051 2996 4107 sed
3026 4061 3081 4106 et
3102 4053 3384 4120 plurimum
3416 4055 3717 4111 nocnmenti
3754 4073 3768 4109 :

2177 4145 2607 4216 quandoquidem
2635 4145 2722 4215 qui
2756 4155 2896 4199 tanta
2921 4161 3042 4199 cura
3070 4144 3280 4200 habitus
3306 4146 3435 4201 nihil
3462 4148 3589 4202 lucri
3620 4147 3767 4214 facit,

2178 4252 2353 4307 neque
2369 4237 2595 4306 prolicit,
2615 4236 2871 4306 majorem
2890 4237 2987 4290 sibi
3003 4246 3283 4291 coacervat
3297 4237 3557 4306 gehenna-
3571 4238 3769 4309 ignem.

2179 4331 2305 4386 Ideo
2334 4346 2452 4396 oro,
2482 4338 2539 4384 ut
2565 4332 2753 4385 Saltem
2778 4331 3039 4400 reliquum
3065 4331 3255 4402 jejunii
3287 4343 3498 4403 tempus
3536 4346 3589 4388 ut
3616 4335 3726 4390 dco
3751 4345 3771 4388 t

2181 4421 2530 4486 insumamus,
2556 4431 2612 4475 ut
2637 4421 2857 4493 singulis
2887 4421 3253 4481 hebdomadis.
3283 4422 3389 4477 imo
3416 4424 3637 4494 singulis
3657 4425 3771 4479 die-

2182 4512 2279 4568 bus
2306 4529 2404 4568 nos
2442 4513 2585 4582 ipsos
2631 4512 3051 4578 cmisideremus,
3102 4524 3154 4567 et
3194 4514 3317 4568 vitia
3368 4516 3436 4569 ab
3492 4516 3772 4571 animabxs

2182 4607 2378 4659 nostris
2404 4605 2753 4675 expellamus,
2798 4621 2861 4662 ac
2900 4605 3159 4661 bonomm
3204 4622 3426 4676 operum
3468 4610 3768 4679 possessio-

2181 4712 2303 4752 nem
2344 4698 2740 4769 conquiramus,
2769 4698 2905 4753 sicut
2951 4697 3206 4768 protiheta
3254 4709 3436 4755 noster
3472 4701 3768 4765 admonuit,

2181 4789 2513 4845 deelinenms
2539 4805 2567 4843 a
2613 4789 2769 4844 malis
2795 4788 2815 4863 (
2840 4788 2986 4844 Psal.
3019 4791 3107 4845 36.
3145 4790 3215 4844 27
3243 4789 3285 4861 ),
3314 4800 3369 4845 et
3407 4790 3475 4846 ad
3518 4794 3766 4847 virtutem

2184 4888 2519 4935 transeamus
2550 4898 2565 4934 :
2600 4879 2701 4934 hoc
2735 4881 2936 4937 etenim
2981 4896 3167 4936 verum
3201 4889 3284 4936 est
3320 4880 3605 4951 jejunium.
3660 4883 3769 4938 Ira—

2181 4971 2386 5026 Cnndus
2425 4971 2654 5025 ferocem
2696 4971 3146 5041 perturbationem
3195 4974 3280 5041 pia
3323 4974 3648 5044 cogitatione
3698 4972 3770 5029 ab

2180 5062 2357 5117 anima
2387 5061 2650 5128 eliminet,
2682 5061 3142 5115 mansuetudinem
3169 5071 3346 5117 autem
3391 5070 3446 5117 et
3491 5063 3765 5121 lenitatem

2180 5155 2531 5225 amplexetur.
2580 5154 2746 5208 Deses
2796 5160 2850 5208 et
2875 5153 3255 5224 intemperans,
3304 5164 3360 5209 et
3412 5154 3767 5212 formosorum

2180 5260 2464 5315 corporum
2494 5244 2735 5298 curiosus
2758 5252 3027 5314 spectator
3055 5244 3402 5314 cogitationes
3445 5262 3570 5302 snas
3600 5246 3771 5302 refre-

2181 5346 2308 5402 net,
2363 5346 2418 5393 et
2470 5337 2521 5391 in
2580 5335 2855 5390 latitudine
2898 5334 3091 5390 mentis
3128 5351 3238 5389 suae
3291 5335 3547 5393 inscribat
3596 5338 3769 5410 legem

2178 5430 2376 5487 Christi
2414 5429 2700 5494 dicentem,
2752 5428 2852 5496 Qui
2894 5431 3165 5500 inspexerit
3204 5430 3465 5485 mulierem
3494 5448 3551 5486 ut
3584 5448 3769 5486 conru-

2181 5529 2340 5597 piscat
2380 5524 2562 5589 illaut,
2606 5525 2721 5594 jam
2766 5523 3071 5576 adulterium
3116 5523 3366 5578 commisit
3423 5541 3537 5579 cum
3589 5523 3684 5577 illa
3712 5526 3765 5578 in

2179 5617 2330 5673 corde
2356 5617 2488 5687 δυο(
2523 5614 2712 5671 Matth.
2740 5615 2792 5671 Β.
2841 5613 2973 5684 28),
3005 5616 3402 5672 incontinentite
3427 5616 3611 5672 vitium
3632 5613 3767 5671 ραυ-

2179 5713 2308 5785 giat,
2338 5723 2393 5767 et
2419 5710 2725 5769 sobrietatis
2749 5709 2999 5765 virtutem
3030 5720 3300 5780 operetur.
