4074 6134
349 290 450 346 Ιὲὖ

341 403 621 474 γυναῖκα,
646 401 807 459 ἀλλὰ
825 400 980 470 γυνὴ
1009 398 1108 453 διὰ
1128 400 1235 453 τὸν
1260 397 1468 467 ἄνδρα.
1499 400 1625 452 Ναί·
1655 398 1789 452 ἀλλά
1813 397 2009 460 ταῦτα,

344 488 500 557 φησὶ,
536 485 606 538 τά
642 483 909 554 εἰρημένα
932 481 1223 543 δείκνυσιν,
1259 482 1341 534 ὅτι
1370 484 1404 552 ή
1443 481 1580 551 γυνὴ
1609 483 1674 533 ἐκ
1704 480 1796 533 τοῦ
1821 480 2012 552 ἀνδρὸς

343 572 581 640 ἐγένετο.
627 570 764 624 Ἀλλ’
798 570 1110 640 ἀνάμεινον,
1150 569 1246 621 καὶ
1280 568 1401 637 δψει
1429 568 1518 621 διὰ
1547 566 1641 621 τοῦ
1674 567 2014 637 ἐπαγομένου

342 658 446 730 τὴν
486 657 688 729 ἀκριϐῆ
739 655 890 729 1120]
928 655 1293 709 διδασκαλίαν.
1330 656 1467 724 Φησὶ
1504 655 1631 723 γάρ’
1666 653 1841 720 Πλὴν·
1877 653 2015 708 οὔτε

345 744 504 812 ἀνὴρ
537 743 714 813 χωρὶς
760 742 1059 811 γυναικὸς,
1091 742 1229 796 οὔτε
1256 739 1409 810 γυνὴ
1439 741 1619 809 χωρὶς
1655 739 1897 808 ἀνδρὸς,
1934 740 2014 793 δι-

344 833 561 886 δάσκων
584 832 752 901 ήμᾶς,
793 831 876 883 ὃτι
904 829 1089 882 λοιπον
1119 828 1208 882 διά
1235 830 1334 900 τῆς
1365 828 1693 898 ἀμφοτέρων
1729 827 2015 890 συνουσίας

346 922 381 989 ἡ
403 918 663 981 σύστασις
689 918 841 971 ἐσται
872 916 967 969 καὶ
989 915 1183 987 ἀνδρὸς
1209 915 1302 970 καὶ
1324 915 1599 982 γυναικός.
1621 914 1722 969 Διά
1746 913 1905 967 τοῦτο
1924 915 2019 969 καὶ

344 1008 374 1059 6
416 1006 586 1075 Ἀδάμ
610 1000 785 1073 ἐλεγεο
816 1002 993 1057 Τοῦτο
1015 1002 1132 1057 νῦν
1152 1002 1380 1056 ὀστοῦν
1405 1001 1474 1056 ἐκ
1492 999 1611 1055 τῶν
1631 999 1858 1054 ὀστέων
1873 1017 2015 1069 μου,

344 1095 445 1149 καὶ
473 1093 630 1163 σὰρξ
655 1094 725 1147 ἐκ
753 1092 863 1160 τῆς
891 1093 1119 1159 σαρκός
1133 1106 1274 1160 μου.

417 1182 480 1235 δ’.
519 1177 652 1234 Εἶτα
696 1180 782 1232 ἵνα
811 1178 987 1249 μάθῃς
1014 1177 1180 1230 αὐτοῦ
1217 1178 1316 1247 τῆς
1350 1174 1687 1247 προφητείας
1720 1173 1818 1246 τήν
1858 1175 2019 1245 ἀκρί-

347 1266 525 1327 ϐειαν,
553 1265 649 1318 καὶ
671 1264 818 1326 ὅπως
849 1263 1009 1334 μέχρι
1039 1261 1132 1314 τοῦ
1157 1261 1273 1326 νῦν,
1295 1261 1389 1315 καὶ
1407 1260 1570 1332 μέχρι
1590 1260 1688 1331 τῆς
1711 1258 2020 1321 συντελείας

347 1352 523 1421 αὐτῆς
570 1350 869 1421 διαλάμπει
909 1350 971 1402 τὸ
1012 1350 1103 1401 ὑπ’
1146 1348 1311 1401 αὐτοῦ
1362 1348 1670 1420 εἰρημένον,
1715 1346 1879 1401 ἄκουε
1926 1348 2019 1399 καὶ

346 1440 458 1491 τῶν
497 1438 644 1508 ἑξῆς*
678 1438 840 1504 Αὕτη
880 1435 1245 1504 κληθήσεται
1276 1433 1454 1504 γυνὴ,
1488 1434 1671 1505 φησὶν,
1701 1432 1791 1487 ὅτι
1816 1434 1887 1487 ἐκ
1913 1432 2019 1487 τοῦ

348 1525 572 1594 ἀνδρὸς
609 1524 800 1592 αὐτῆς
834 1523 1068 1593 ἐλήφθη
1107 1521 1282 1588 αὐτή.
1329 1521 1479 1576 Ἀντί
1500 1522 1713 1575 τούτου
1747 1519 2022 1574 καταλεί-

349 1616 453 1680 ψει
498 1613 807 1680 ἄνθρωπος
855 1611 962 1665 τὸν
1008 1609 1233 1679 πατέρα
1271 1608 1458 1664 αὐτοῦ
1501 1608 1601 1663 καὶ
1632 1607 1746 1675 τὴν
1770 1609 2019 1677 μητέρα,

351 1699 453 1756 καί
479 1698 1084 1767 προσκολληθήσεται
1104 1697 1255 1766 πρὸς
1273 1696 1389 1765 τὴν
1405 1696 1662 1766 γυναῖκα
1687 1694 1896 1761 αὐτοῦ,
1924 1694 2023 1748 καὶ

350 1789 597 1842 ἔσονται
640 1789 697 1841 οἰ
741 1787 851 1841 δύο
884 1788 971 1852 εἰς
1004 1785 1202 1853 σάρκα
1236 1785 1404 1853 μίαν.
1446 1779 1599 1846 Εἶδες
1644 1782 1765 1846 πῶς
1808 1782 2024 1837 ἅπαντα

352 1878 487 1946 ἡμῖν
527 1874 842 1946 παρήνοιξε,
884 1872 974 1927 διά
1014 1873 1114 1944 τῆς
1164 1871 1371 1935 οἰκείας
1413 1870 1749 1943 προφητείας
1795 1869 2023 1925 ἕκαστον

356 1962 496 2033 μετά
511 1961 795 2033 ἀκριϐείας
808 1960 1075 2032 δηλώσας;
1095 1960 1255 2027 Αὕτη
1265 1999 1280 2023 ,
1293 1958 1444 2029 φησί,
1459 1957 1830 2025 κληθήσεται
1845 1957 2021 2027 γυνὴ,

352 2049 444 2104 ὅτι
489 2050 558 2103 ἐκ
608 2049 714 2104 τοῦ
745 2047 965 2117 ἀνδρὸς
1012 2046 1206 2115 αὐτῆς
1251 2046 1508 2114 ἐλήφθη.
1545 2044 1713 2099 Πάλιν
1755 2046 1887 2115 ήμίν
1924 2043 2022 2115 τὴν

354 2137 642 2208 ἀφαίρεσιν
673 2138 773 2208 τῆς
804 2136 1045 2208 πλευρᾶς
1080 2135 1394 2189 αἰνίττεται·
1427 2129 1548 2187 εἶτα
1570 2132 1745 2202 δηλῶν
1778 2132 1851 2186 τά
1896 2132 2026 2203 μέλο

352 2223 514 2277 λοντα
544 2223 938 2295 συμϐήσεσθαι,
977 2223 1160 2294 φησιν’
1209 2222 1367 2277 Ἀντί
1412 2221 1628 2276 τούτου
1676 2220 2026 2288 καταλείψει

353 2310 665 2379 ἅνθρωπος
688 2310 796 2364 τὸν
827 2310 1049 2379 πατέρα
1082 2309 1268 2365 αὐτοῦ
1296 2309 1395 2363 καὶ
1422 2307 1538 2376 τὴν
1559 2307 1788 2378 μητέρα
1811 2305 2023 2371 αὐτοῦ,

352 2398 453 2451 καὶ
513 2396 1121 2466 προσκολληθήσεται
1166 2394 1315 2465 πρὸς
1360 2396 1474 2463 τὴν
1518 2394 1774 2465 γυναῖκα
1812 2392 2024 2456 αὐτοῦ,

354 2484 455 2537 καί
484 2485 732 2537 ἔσονται
764 2486 819 2537 οἰ
851 2483 961 2538 δύο
988 2484 1077 2549 εἰς
1113 2481 1313 2551 σάρκα
1338 2482 1506 2551 μίαν.
1542 2481 1735 2545 Πόθεν,
1758 2481 1880 2534 εἰπέ
1912 2498 2024 2550 μοι,

354 2569 527 2624 ταῦτα
577 2570 810 2642 ἐπῆλθεν
848 2570 995 2641 αὐτῷ
1031 2568 1393 2640 φθέγξασθαι;
1435 2567 1600 2623 πόθεν
1627 2568 1743 2639 ᾔδει
1786 2567 1858 2622 τὰ
1897 2568 2026 2638 μέλ-

353 2651 538 2718 λοντα,
587 2654 681 2706 καὶ
713 2653 795 2706 ὅτι
841 2654 921 2717 εἰς
949 2652 1151 2721 πλῆθος
1189 2651 1444 2706 ἐπιδώσει
1481 2652 1541 2705 τὸ
1582 2651 1690 2705 τῶν
1725 2650 2028 2722 ἀνθρώπων

357 2739 544 2808 γένος;
608 2740 690 2793 ὅτι
748 2740 856 2810 γὰρ
913 2740 1167 2795 συνουσία
1232 2739 1384 2793 ἐσται
1433 2738 1624 2811 ἀνδρὸς
1686 2738 1783 2793 καὶ
1841 2754 2029 2807 γυναι-

355 2826 476 2891 κὸς,
531 2825 696 2880 πόθεν
747 2827 1044 2895 ήπίστατο;
1102 2826 1256 2882 Μετὰ
1304 2827 1414 2899 γάρ
1465 2826 1566 2899 τὴν
1603 2825 1915 2897 παράϐασιν
1962 2826 2029 2880 τὰ

354 2914 456 2985 τῆς
483 2912 769 2976 συνουσίας
802 2913 1058 2981 γέγονεν’
1104 2914 1227 2967 ἐπεὶ
1276 2913 1470 2985 μέχρις
1513 2913 1723 2967 ἐκείνου
1776 2911 2029 2984 καθάπερ

355 3000 576 3069 ἄγγελοι
605 2999 747 3053 οὓτω
777 2999 1036 3072 διῃτῶντο
1063 3002 1121 3055 ἐν
1157 3002 1234 3072 τῷ
1268 3000 1601 3073 παραδείσῳ,
1651 3001 1751 3071 οὐχ
1776 2999 1880 3053 ὐπὸ
1908 3001 2030 3053 ἐπι-

356 3087 559 3159 θυμίας
592 3086 930 3159 φλεγόμενοι,
983 3088 1081 3158 οὐχ
1107 3089 1210 3142 ὑπὸ
1242 3089 1443 3159 ἐτέρων
1486 3085 1675 3141 παθῶν
1713 3085 2028 3158 πολιορκού-

359 3193 534 3246 μενοι,
562 3177 623 3228 οὐ
653 3179 775 3238 ταῖς
821 3176 1089 3242 ἀνάγκαις
1120 3176 1219 3245 τῆς
1242 3174 1458 3245 φύσεως
1496 3173 1863 3244 ὑποκείμενοι,
1894 3173 2029 3227 ἀλλά

355 3262 426 3315 δι’
454 3262 577 3316 ὅλου
599 3262 879 3334 ἄφθαρτοι
901 3262 1211 3327 κτισθέντες
1241 3263 1335 3316 καὶ
1350 3262 1627 3325 ἀθάνατοι,
1666 3264 1800 3316 ὅπου
1824 3276 1890 3329 γε
1909 3261 2031 3315 οὐδὲ

356 3353 457 3421 τῆς
480 3349 588 3403 τῶν
618 3351 846 3421 ἱματίων
869 3351 1159 3422 περιϐολῆς
1190 3350 1415 3405 ἐδέοντο.
1445 3346 1652 3406 τΗσιλιν
1678 3349 1807 3420 γάρ,
1841 3348 2027 3421 φησὶν,

357 3439 413 3490 οί
445 3435 556 3491 δύο
582 3436 817 3505 γυμνοὶ,
849 3436 947 3489 καί
986 3438 1097 3491 οὐκ
1124 3436 1490 3505 ᾐσχύνοντο.
1548 3435 1774 3488 Οὐδέπω
1803 3433 1912 3505 γὰρ
1934 3434 2032 3504 τῆς

358 3523 638 3593 ἁμαρτίας
666 3522 1089 3593 ὑπεισελθούσης
1114 3535 1162 3586 ι,
1189 3524 1281 3576 καὶ
1304 3523 1405 3593 τῆς
1426 3524 1740 3593 παρακοῆς,
1791 3523 1858 3592 τῇ
1891 3522 2030 3576 ἀνω-

357 3609 452 3663 θεν
477 3605 616 3680 ῆσαν
643 3608 769 3682 δόξῃ
793 3609 1177 3680 ἠμφιεσμένοι,
1223 3609 1290 3663 δι’
1317 3609 1347 3663 δ
1389 3609 1510 3662 οὐδέ
1539 3607 1860 3679 ᾐσχύνοντοο
1896 3607 2032 3677 μετά

357 3695 417 3749 δέ
450 3694 548 3766 τὴν
578 3695 886 3766 παράϐασιν
912 3696 1009 3766 τῆς
1042 3695 1284 3765 ἐντολῆς,
1323 3696 1445 3750 τότε
1474 3697 1567 3749 καὶ
1612 3695 1646 3767 ή
1679 3696 1908 3765 αἰσχύνη
1931 3696 2031 3747 ἐπ-

358 3781 599 3853 εισῆλθε,
630 3783 723 3836 καὶ
750 3785 783 3853 ή
809 3782 1012 3850 γνῶσις
1038 3785 1138 3854 τῆς
1158 3783 1514 3854 γυμνότητος.
1547 3780 1718 3835 Πόθεν
1747 3776 1863 3845 οὖν,
1908 3781 2030 3835 εἰπέ

364 3886 476 3939 μοι,
498 3868 672 3922 ταῦτα
700 3869 848 3941 αὐτῷ
867 3868 1068 3939 ἐπῆλθε
1091 3868 1423 3939 φθέγγεσθαι
1452 3869 1480 3909 δ
1502 3885 1516 3933 ;
1545 3867 1577 3938 ἢ
1605 3868 1763 3939 δῆλον
1790 3868 1873 3921 ὅτι
1899 3884 2034 3940 προ-

363 3955 597 4028 φητικοῦ
620 3956 954 4027 χαρίσματος
976 3956 1218 4027 μετέχων
1242 3956 1348 4027 πρὸ
1366 3957 1465 4027 τῆς
1484 3955 1790 4025 παρακοῆς,
1818 3955 2032 4008 ἅπαντα

360 4045 536 4099 ταῦτα
560 4043 705 4116 ἐώρα
735 4048 847 4108 τοῖς
875 4045 1263 4114 πνευματικοῖς
1291 4042 1623 4112 όφθαλμοῖςς
1651 4040 1836 4094 Ταῦτα
1854 4040 1910 4093 δέ
1933 4040 2032 4111 οὐχ

361 4130 550 4194 ἁπλῶς
589 4131 684 4185 νῦν
715 4130 924 4202 μηνύω,
950 4130 1063 4184 ἀλλ’
1096 4130 1183 4184 ἵνα
1208 4128 1458 4182 ἐντεῦθεν
1481 4128 1581 4199 ήδη
1622 4128 1716 4181 καὶ
1737 4127 1837 4198 τὴν
1860 4127 2031 4197 ὑπερ-

362 4217 668 4273 ϐάλλουσαν
694 4217 790 4271 τοῦ
816 4216 952 4271 Θεοῦ
978 4215 1384 4287 φιλανθρωπίαν
1408 4212 1784 4286 καταμάθητε,
1809 4213 1876 4285 ἢν
1904 4213 2033 4283 περὶ

363 4306 454 4361 τὸν
477 4305 763 4376 ἄνθρωπον
786 4305 1115 4371 ἐπεδείξατο,
1142 4303 1429 4372 ἀγγελικὸν
1453 4301 1600 4373 αὐτῷ
1626 4303 1738 4373 βίον
1768 4302 1828 4370 ἐξ
1856 4302 2033 4375 ἀρχῆς

364 4388 752 4461 χαρισάμενος,
789 4389 881 4442 καὶ
915 4388 1114 4459 μυρίας
1138 4389 1218 4450 εἰς
1250 4387 1412 4440 αὐτὸν
1439 4386 1758 4457 εὐεργεσίας
1786 4385 2031 4456 παραθέ-

367 4488 528 4542 μενος
566 4482 611 4538 ο,
648 4473 740 4525 καὶ
770 4471 908 4541 μετά
937 4468 1045 4523 τῶν
1067 4469 1238 4524 ἄλλων
1277 4470 1529 4523 ἀπάντων
1562 4471 1656 4524 καὶ
1690 4471 2030 4542 προφητικοῦ

362 4553 702 4625 χαρίσματος
726 4554 888 4607 αὐτὸν
934 4551 1190 4618 ἀξιώσας,
1250 4554 1344 4607 καὶ
1382 4552 1476 4607 τοῦ
1505 4553 1791 4625 ἀνθρώπου
1839 4554 1898 4608 δέ
1932 4553 2029 4625 τὴν

371 4636 507 4707 μετά
530 4637 792 4700 τοσαύτας
824 4636 1141 4709 εὐεργεσίας
1166 4636 1435 4709 ρᾳθυμίαν
1464 4637 1684 4705 ἰδόντες,
1713 4637 1912 4709 μηκέτι
1937 4638 2032 4690 ἐπί⁹

367 4720 456 4774 τὸν
484 4719 617 4773 Θεὸν
647 4719 745 4789 τὴν
774 4720 950 4772 αἰτίαν
987 4719 1281 4790 μετάγητε,
1309 4720 1446 4774 ἀλλά
1473 4719 1646 4790 τούτῳ
1670 4720 1731 4772 τὸ
1755 4720 1862 4771 πᾶν
1884 4719 2031 4787 λογί-

369 4800 556 4872 ζησθε.
587 4801 757 4864 Αὐτὸς
779 4801 888 4871 γὰρ
914 4799 1092 4872 ἐαυτῷ
1125 4801 1340 4855 πάντων
1372 4802 1547 4864 αῐτιος
1581 4801 1771 4869 γέγονε
1794 4799 1902 4854 τῶν
1928 4816 2030 4853 κα-

370 4881 502 4947 κῶν,
525 4881 600 4945 ὼς
627 4882 721 4935 καλ⁸
749 4881 888 4953 μετὰ
910 4882 1082 4935 ταῦτα
1105 4881 1434 4953 μαθήσεσθε,
1455 4884 1550 4935 καὶ
1578 4881 1679 4951 τῆς
1705 4879 2031 4945 ἐκπτώσεως

368 4964 478 5016 τῶν
504 4963 775 5017 τοσούτων
821 4963 1042 5033 ἀγαθῶν
1086 4965 1317 5035 καὶ“τῆς
1352 4965 1672 5037 καταδίκης,
1706 4967 1772 5035 ἢν
1821 4965 1908 5019 διά
1935 4965 2035 5034 τήν

370 5046 655 5116 παρακοὴν
686 5045 996 5116 ὑπέμεινεν.
1035 5047 1201 5099 Ὅταν
1228 5048 1336 5117 γὰρ
1365 5047 1602 5118 ἐννοήσω
1633 5048 1731 5118 τῆς
1755 5046 2035 5117 διαγωγῆς

370 5126 536 5179 αὐτοῦ
566 5127 664 5198 τὴν
697 5128 1053 5191 κατάστασιν,
1082 5128 1148 5199 ἣν
1176 5130 1205 5181 6
1239 5130 1512 5201 Δεσπότης
1544 5128 1690 5199 αὐτῷ
1720 5130 2032 5203 ἐχαρίσατο.

370 5209 514 5261 οὓτω
542 5209 779 5278 δαψιλεῖς
806 5211 884 5274 εἰς
913 5211 1074 5265 αὐτὸν
1111 5213 1428 5283 εὐεργεσίας
1464 5212 1869 5282 ἐπιδειξάμενος
1892 5226 1906 5241 ·
1942 5212 2036 5269 καὶ

373 5292 590 5363 πρῶτον
625 5292 743 5362 μὲν,
775 5294 877 5358 δτι,
907 5294 1001 5346 καὶ
1032 5295 1137 5363 πρὸ
1163 5294 1263 5363 τῆς
1290 5295 1454 5348 αὐτοῦ
1504 5295 1863 5358 διαπλάσεως,
1914 5295 2039 5347 τοῦ-

370 5391 461 5427 τον
483 5374 509 5413 ά
537 5374 657 5428 ὁλον
675 5376 773 5446 τῆς
800 5376 1030 5440 κτίσεως
1050 5376 1248 5447 κόσμον
1269 5377 1335 5430 δι’
1357 5377 1516 5430 αὐτὸν
1543 5380 1856 5450 παρήγαγε,
1881 5376 2037 5449 [121]

374 5457 468 5510 καὶ
494 5457 618 5510 τότε
638 5438 800 5512 αὐτδν
829 5438 1279 5531 ἐδημιούργησεν,
1315 5459 1402 5512 ἵνα
1432 5438 1721 5530 γενόμενος
1753 5438 2037 5531 ἀπολαύσῃ
2074 5438 2139 5505 Ο

433 5572 458 5598 ιι
486 5570 636 5620 Savil.
662 5573 717 5632 ει
734 5570 931 5632 quidam
959 5585 1077 5621 mss.
1112 5571 1485 5630 ἐπεισελθούσης.
1525 5571 1697 5620 Morel.
1725 5558 2040 5632 utianwm-

372 5629 1671 5710 φέρεις-με)ιιοεςιιιθέγγςσθαιεδιειφθέγεριοθαε-
1730 5634 1759 5710 ,°,
1786 5629 2033 5710 $i¢s?"i'-

373 5694 585 5763 et'mulli
620 5705 734 5741 mss.
757 5692 823 5743 At
848 5692 1022 5769 More]:
1046 5692 1127 5741 καὶ
1150 5693 1314 5770 μυρίας
1333 5692 1399 5750 εἰς
1428 5692 1569 5743 αὑτὸν
1602 5693 1866 5764 εὐεργεσίας
1895 5709 2037 5764 ποιητ

372 5767 590 5814 σαμενος.
615 5753 765 5824 ‘Upus
787 5755 868 5802 καὶ
910 5770 1073 5824 μύριοις
1109 5755 1495 5824 αντφ.-8σνὶιίυε
1519 5758 1900 5824 ειμςοιῃεειυτξι
1911 5756 2039 5824 ,ιεει

394 5812 521 5863 ιοὲεθ
539 5818 685 5894 Ριιιέι
703 5812 1159 5884 παρακαταθέμενρς,
1181 5812 1235 5865 ei.
1256 5814 1447 5868 Boisius
1468 5812 1791 5878 καταθέμενος.
1859 5812 1886 5853 ἀ
1907 5812 2042 5866 Coiﬁ-

394 5876 464 5926 ἰη.
500 5893 648 5926 αυτου
672 5873 993 5936 δωμουργίας,
1027 5890 1211 5924 τουτον.

805 6003 1070 6062 Ρλτιιοι.
1119 5999 1231 6059 Gn.
1283 5992 1441 6057 Llll.

1549 283 1615 338 ΙΝ
1648 282 1800 340 CAP.
1850 282 1895 339 ll
1932 283 2180 341 GENES.
2224 282 2457 341 HOMIL.
2504 283 2618 337 XV.

3683 286 3779 337 Ιὲί

2120 401 2336 453 πάντων
2365 399 2473 453 τῶν
2519 400 2839 471 δρωμένων·
2898 394 3016 452 εἶτα
3051 397 3142 451 τὸν
3176 398 3498 469 πκράδεισον
3529 398 3778 466 γενέσθαι

2117 485 2449 558 προστάξας,
2485 487 2602 539 ἐκεῖ
2632 484 2794 538 αὐτὸν
2833 484 3195 538 ἐνδιαιτᾶσθαι
3226 483 3513 556 ἐϐουλήθη,
3542 485 3783 554 χωρίσας

2116 572 2227 625 τῶν
2251 572 2461 640 ἀλόγων
2488 571 2662 637 ζώων,
2690 572 2785 626 καὶ
2814 573 3031 626 πάντων
3052 572 3200 641 αὐτῷ
3223 570 3321 643 τὴν
3350 571 3595 638 ἐξουσίαν
3618 570 3781 624 δεδω·

2119 658 2251 725 κὼς,
2282 659 2534 730 καθάπερ
2573 658 2842 729 δεσπότην
2890 658 3010 711 τινά
3040 657 3248 721 δούλοις
3300 658 3392 711 καὶ
3419 658 3679 729 ὑπηκόοις
3713 658 3784 710 τά

2119 746 2357 816 ὀνόματα
2388 744 2559 799 θεῖναι
2588 745 2754 798 πᾶσιν
2794 742 3055 808 ἐπέταξεν
3076 761 3091 776 ο
3138 739 3258 797 εἶτα
3300 743 3487 814 ἐπειδὴ
3522 743 3679 813 μόνος
3710 743 3786 796 ὢν

2120 832 2289 887 ἐδεῖτό
2320 849 2464 895 τινος
2486 832 2582 902 τῆς
2618 831 2790 900 αὐτῆς
2817 830 2967 901 αὐτῷ
3009 831 3391 894 κοινωνοῦντος
3436 831 3624 895 οὐσίας
3655 830 3786 901 βοη-

2121 919 2237 984 θοῦ,
2266 920 2387 974 οὐδὲ
2412 922 2571 973 τοῦτο
2597 918 2920 989 παρέλιπεν,
2950 917 3083 972 ἀλλά
3110 917 3210 989 τήν
3256 920 3491 987 γυναῖκα
3532 932 3788 989 παραγα-

2119 1005 2254 1075 γὼν,
2280 1007 2401 1061 καθ’
2430 1006 2490 1061 ὃν
2514 1006 2675 1069 αὐτὸς
2710 1004 2975 1075 ἐϐουλήθη
3014 1006 3247 1076 τρόπον,
3277 1004 3601 1076 ἐνεχείρισεν
3637 1004 3788 1072 αὐτῷ

2119 1091 2344 1165 ταύτην,
2375 1095 2470 1148 καί¹
2499 1092 2635 1163 μετά
2660 1092 2865 1147 τούτων
2885 1095 3138 1148 ἁπάντων
3162 1093 3256 1147 καὶ
3284 1092 3622 1162 προφητείας
3642 1091 3789 1161 αὐτῷ

2121 1180 2340 1252 ἀξίωμα
2389 1181 2785 1252 χαρισάμενοςο
2825 1182 2918 1236 καὶ
2974 1180 3112 1251 μετά
3158 1181 3257 1244 τὰς
3299 1180 3540 1248 ἀφάτους
3585 1180 3789 1244 ταύτας

2122 1268 2440 1340 εὐεργεσίας
2466 1270 2563 1322 καί
2600 1268 2661 1321 τὸ
2689 1268 2980 1339 κεφάλαιον
3008 1267 3260 1321 ἀπάντων
3292 1266 3620 1337 ἐδωρήσατο,
3653 1267 3790 1320 πάν-

2121 1374 2229 1410 των
2255 1355 2420 1410 αὐτὸν
2468 1354 2838 1426 ἐλευθερώσας
2890 1353 2999 1408 τῶν
3049 1352 3144 1407 τοῦ
3185 1352 3436 1423 σώματος
3468 1353 3786 1422 φροντίδων,

2122 1444 2216 1497 καὶ
2247 1444 2385 1515 μήτε
2415 1440 2642 1513 ἱματίων
2676 1441 2988 1513 περιϐολῆς,
3025 1443 3159 1512 μήτε
3199 1440 3390 1512 ἐτέρας
3426 1438 3587 1504 τινὸξ
3604 1439 3791 1510 χρείας

2121 1533 2327 1588 δεῖσθαι
2357 1533 2738 1604 συγχωρήσας,
2791 1531 2944 1595 ἀλλὰ,
2976 1530 3227 1600 καθάπερ
3268 1529 3438 1600 ἔφθην
3487 1529 3677 1594 εἰπὼν,
3712 1530 3790 1592 ὡς

2122 1620 2350 1689 ἄγγελον
2382 1619 2642 1686 ἐπίγειον,
2670 1616 2841 1679 οὕτως
2868 1617 3030 1669 αὐτὸν
3060 1617 3153 1668 ἐπὶ
3186 1615 3288 1687 τῆς
3305 1615 3407 1686 γῆς
3434 1615 3638 1683 διάγειν
3666 1614 3790 1685 βου-

2122 1706 2337 1777 ληθείς·
2384 1706 2508 1758 ὅταν
2557 1704 2737 1756 τοίνυν
2767 1704 2943 1757 πάντα
2974 1702 3144 1756 ταῦτα
3192 1702 3516 1773 λογίσωμαι,
3553 1704 3647 1757 καὶ
3692 1704 3788 1756 τοῦ

2123 1792 2392 1847 Δεσπότου
2443 1791 2814 1860 ἐκπλήττομαι
2847 1790 2944 1861 τὴν
2978 1791 3107 1861 περί
3155 1790 3216 1842 τὸ
3246 1789 3400 1858 γένος
3430 1790 3491 1843 τὸ
3520 1790 3793 1862 ἡμέτερον

2125 1876 2569 1948 φιλανθρωπίαν,
2620 1874 2716 1928 καὶ
2746 1872 2839 1927 τοῦ
2886 1872 3180 1945 ἀνθρώπου
3235 1872 3334 1944 τήν
3368 1874 3661 1945 ρᾳθυμίαν,
3696 1877 3790 1927 καὶ

2122 1960 2217 2014 τοῦ
2246 1958 2492 2013 διαϐόλου
2513 1956 2609 2027 τὴν
2646 1954 2942 2027 βασκανίαν
2962 1971 2977 1986 ο
3006 1956 3069 2008 οὐ
3100 1954 3210 2024 γὰρ
3241 1957 3471 2028 ἤνεγκεν
3503 1959 3532 2011 6
3555 1957 3793 2027 πονηρὸς

2124 2043 2330 2113 δαίμων
2351 2039 2492 2111 ὁρῶν
2521 2041 2580 2093 ἐν
2606 2038 2815 2109 σώματι
2836 2036 3163 2108 ἀνθρωπίνῳ
3179 2038 3475 2109 ἀγγελικὴν
3487 2039 3787 2110 διαγωγήν.

2195 2132 2256 2181 ε’.
2292 2123 2429 2178 Ἀλλ’
2456 2123 2544 2177 ἵνα
2573 2122 2646 2192 μὴ
2674 2124 2753 2185 εἰς
2775 2120 2909 2174 πολύ
2938 2121 3112 2190 μῆκος
3136 2121 3229 2174 τὸν
3257 2121 3413 2190 λόγον
3439 2122 3788 2193 ἐκτείνωμεν.

2125 2212 2173 2264 εἰ
2210 2209 2376 2271 δοκεῖ,
2406 2206 2478 2258 τὰ
2518 2204 2661 2259 κατά
2692 2204 2792 2274 τὴν
2823 2202 2917 2257 τοῦ
2948 2202 3184 2273 πονηροῦ
3217 2204 3468 2274 δαίμονος
3500 2204 3791 2275 ἐπιϐουλὴν

2125 2295 2206 2358 εἰς
2227 2291 2323 2361 τὴν
2351 2290 2478 2359 ἑξῆς
2504 2285 2946 2357 ταμιευσάμενοι,
2974 2285 3207 2340 ἐνταῦθα
3234 2286 3670 2358 καταπαύσωμεν
3700 2286 3792 2341 τὸν

2126 2376 2282 2444 λόγον
2305 2412 2319 2436 ,
2353 2372 2530 2425 ἐκεῖνο
2571 2366 3052 2439 παρακαλέσαντες
3088 2368 3243 2439 ὑμῶύ
3280 2369 3379 2438 τὴν
3415 2368 3665 2439 ἀγάπην,
3700 2385 3794 2440 με-
3910 2366 3913 2369 λ

2130 2453 2367 2526 μνῆσθαι
2394 2452 2503 2507 τῶν
2539 2449 2845 2523 εἰρημένων
2877 2450 3014 2521 μετά
3046 2450 3351 2522 ἀκριϐείας,
3385 2453 3482 2506 καί¹
3512 2452 3634 2508 καθ’
3667 2453 3795 2506 ἐαυ-

2126 2540 2251 2602 τοὺς
2281 2538 2496 2592 ἅπαντα
2526 2533 2958 2604 ἀναλογίζεσθαι,
3006 2535 3094 2589 ἵνα
3118 2534 3274 2607 ἔχητε
3303 2536 3444 2590 αὐτά
3470 2536 3794 2610 ἐνιδρυμένα

2126 2625 2247 2686 ταῖς
2272 2618 2532 2682 διανοίαις
2554 2619 2676 2681 ταῖς
2723 2615 3035 2688 ὑμετέραις.
3080 2616 3205 2670 Ἐἀν
3257 2616 3365 2689 γάρ
3399 2618 3639 2689 συνεχῶς
3666 2619 3795 2673 ἀνα-

2132 2700 2570 2776 μιμνησκώμεθα
2624 2697 2733 2752 τῶν
2782 2696 3109 2769 εὐεργεσιῶν
3141 2697 3234 2751 τοῦ
3267 2698 3423 2766 Θεοῦ,
3463 2694 3537 2753 ὧν
3566 2701 3645 2764 εἰς
3695 2701 3794 2771 τὴν

2127 2786 2405 2859 ἡμετέραν
2435 2783 2595 2854 φύσιν
2612 2781 2887 2847 κατέθετο,
2910 2781 3063 2836 αὐτοί
3096 2798 3157 2833 τε
3172 2780 3511 2852 εὐγνώμονες
3535 2782 3793 2854 ἐσόμεθα,

2130 2868 2224 2923 καὶ
2264 2867 2400 2938 πρὸς
2421 2866 2519 2937 τὴν
2547 2863 2647 2934 τῆς
2687 2862 2889 2935 ἀρετῆς
2922 2861 3040 2915 όδδν
3073 2863 3356 2935 προτροπὴ
3394 2865 3526 2934 ἡμῖν
3562 2864 3793 2935 μεγίστη

2128 2950 2288 3006 τοῦτο
2309 2951 2617 3020 γενήσεται.
2679 2947 2737 2999 '0
2768 2945 2876 3017 γὰρ
2923 2943 3034 2997 τῶν
3085 2945 3414 3016 εὐεργεσιῶν
3450 2946 3796 3018 μεμνημένος

2128 3033 2222 3089 τοῦ
2254 3032 2411 3097 Θεοῦ,
2445 3029 2684 3103 δηλονότι
2733 3027 3023 3082 σπουδάσει
3081 3027 3155 3098 μὴ
3182 3027 3398 3094 ἀνάξιον
3436 3029 3627 3083 ἐαυτὸν
3656 3032 3795 3084 ἀπο-

2131 3118 2318 3187 φῆναι,
2376 3113 2512 3169 ἀλλά
2544 3111 2810 3182 τοσαύτην
2841 3108 3209 3174 ἐπιδείξασθαι
3238 3109 3335 3182 τήν
3374 3111 3611 3183 σπουδήν
3633 3150 3649 3176 ,
3699 3114 3797 3167 καί⁵

2129 3200 2228 3271 τὴν
2279 3195 2698 3267 εὐγνωμοσύνην
2729 3233 2744 3258 ,
2781 3194 2857 3257 ὡς
2904 3193 3000 3248 καὶ
3028 3193 3229 3265 ἐτέρων
3284 3192 3448 3247 πάλιν
3477 3192 3791 3265 ἀξιωθῆναι.

2130 3282 2415 3351 Φιλότιμος
2439 3279 2548 3349 γὰρ
2576 3280 2605 3332 ὁ
2636 3276 2912 3347 Δεσπότης
2943 3278 2972 3329 6
2997 3276 3289 3347 ήμέτερος,
3312 3275 3408 3328 καὶ
3452 3274 3672 3329 ἐπειδὰν
3710 3277 3797 3349 ῐδῃ

2132 3364 2263 3436 περλ⁸
2289 3364 2358 3417 τὰ
2406 3362 2505 3433 ήδη
2534 3362 2669 3432 ἡμῖν
2702 3357 3017 3429 ὑπάρξαντα
3050 3362 3179 3428 παρ’
3227 3356 3393 3410 αὐτοῦ
3447 3356 3797 3428 εὐγνώμονας

2131 3447 2477 3518 γενομένους,
2510 3442 2708 3514 πολλὴν
2741 3440 3176 3509 ἐπιδαψιλεύεται
3204 3440 3301 3512 τὴν
3329 3441 3509 3512 χάριν,
3545 3440 3639 3496 καὶ
3676 3458 3799 3513 μει-

2133 3530 2302 3595 ζόνων
2325 3528 2473 3598 ἡμᾶς
2506 3525 2667 3579 πάλιν
2708 3523 2849 3590 ἀξιοῖ
2868 3523 2976 3577 τῶν
3014 3522 3230 3595 δωρεῶν
3252 3539 3266 3554 ο
3312 3523 3471 3592 μόνον
3498 3522 3594 3576 ἐὰν
3636 3524 3800 3593 ἡμεῖς

2131 3613 2230 3684 τῆς
2252 3609 2458 3665 ἑαυτῶν
2487 3607 2756 3679 σωτηρίας
2783 3604 3158 3676 φροντίζοντες
3186 3604 3260 3675 μὴ
3288 3604 3472 3668 ἁπλῶς
3492 3604 3585 3658 τὸν
3609 3605 3799 3675 χρόνον

2132 3692 2588 3766 παρατρέχωμεν,
2628 3689 2762 3760 μηδὲ
2799 3687 2958 3742 τοῦτο
2989 3686 3299 3755 σκοπῶμεν,
3339 3687 3389 3739 εἰ
3415 3686 3477 3739 τὸ
3502 3687 3672 3757 ἥμισυ
3697 3687 3798 3757 τῆς

2132 3777 2294 3845 ἁγίας
2334 3770 2788 3843 Τεσσαρακοστῆς
2837 3768 3206 3840 παρέδραμεν,
3254 3766 3367 3821 ἀλλ’
3405 3767 3459 3820 εί
3496 3784 3622 3822 τινα.
3666 3770 3798 3839 ήμϊν

2135 3856 2491 3928 κατώρθωται
2545 3856 2603 3907 ἐν
2645 3852 2820 3923 τούτῳ
2863 3851 2942 3921 τῷ
2972 3852 3184 3922 χρόνῳ,
3247 3850 3342 3904 καὶ
3383 3849 3439 3904 εί
3473 3867 3526 3904 τι
3562 3850 3671 3906 τῶν
3715 3853 3801 3905 ἐν·

2133 3941 2432 4013 οχλούντων
2464 3941 2596 4009 ἡμῖν
2622 3937 2810 3991 παθῶν
2841 3934 3249 4008 διωρθώσαμεν.
3278 3936 3343 3990 Εἰ
3374 3935 3484 4008 γὰρ
3512 3935 3799 4007 μέλλοιμεν

2136 4024 2258 4080 καθ’
2316 4023 2554 4092 ἑκάστην
2600 4020 2815 4091 ἡμέραν
2868 4020 2968 4089 τῆς
3020 4018 3394 4088 πνευματικῆς
3454 4017 3801 4082 διδασκαλίας

2135 4105 2496 4168 ἀπολαύοντες
2520 4104 2570 4157 οἰ
2605 4104 2759 4155 αὐτοὶ⁵
2780 4101 3077 4171 διαμένειν,
3099 4100 3193 4153 καὶ
3230 4100 3306 4171 μὴ
3335 4097 3631 4153 ἐπιδιδόναι
3664 4100 3801 4168 πρὸς

2134 4189 2356 4263 ἀρετήν,
2380 4187 2514 4260 μηδὲ
2541 4187 2609 4242 τὰ
2633 4186 2732 4256 τῆς
2757 4183 2956 4247 κακίας
2998 4182 3113 4254 εἴδη
3159 4180 3422 4253 ἐξορίζειν
3463 4181 3562 4252 τῆς
3589 4180 3801 4235 ἐαυτῶν

2135 4271 2330 4344 ψυχῆς,
2345 4273 2408 4327 οὐ
2429 4274 2587 4341 μόνον
2606 4270 2738 4339 ήμῖν
2763 4266 2914 4320 οὐδὲν
2930 4265 3118 4334 ὄφελος
3142 4264 3314 4329 ἐσται,
3333 4264 3469 4319 ἀλλά
3491 4264 3586 4318 καὶ
3602 4264 3801 4318 πλείων

2134 4356 2167 4425 ή
2199 4352 2391 4425 βλάϐη.
2419 4352 2588 4404 Ὅταν
2619 4350 2726 4422 γάρ
2751 4366 2834 4410 τις
2867 4346 2962 4400 καὶ
2996 4346 3313 4417 ἐπιμελείας
3349 4345 3622 4418 τοσαύτης
3666 4346 3802 4403 dato—

2135 4440 2311 4494 λαύων
2338 4435 2501 4509 μηδὲν
2529 4432 2805 4505 κερδαίνῃ,
2845 4428 3026 4500 μεῖζον
3054 4428 3231 4498 ἐαυτῷ
3261 4428 3585 4499 ἐπισωρεύει
3616 4427 3676 4481 τὸ
3702 4429 3801 4498 τῆς

2135 4524 2360 4592 γεέννης
2413 4518 2545 4590 πῦρ.
2582 4516 2693 4578 Διὸ,
2755 4510 3076 4585 παρακαλῶ,
3108 4509 3213 4565 κᾶν
3258 4509 3338 4592 τῷ
3390 4511 3801 4592 ὑπολειπομένῳ

2136 4584 2328 4677 χρόνω
2339 4584 2436 4671 τῆς
2466 4584 2718 4671 νηστείας
2738 4597 2819 4659 εἰς
2842 4584 2962 4677 δέον
2984 4592 3133 4677 [ηε]
3167 4584 3651 4665 χρησώμεθα,“καὶ
3676 4593 3799 4647 καθ’

2136 4675 2371 4756 ἑκάστην
2397 4680 2683 4753 ἑϐδομάδα,
2714 4678 2914 4750 μᾶλλον
2936 4676 2993 4731 δέ
3026 4675 3148 4731 καθ’
3178 4677 3415 4747 ἑκάστην
3443 4677 3655 4747 ἡμέραν
3675 4677 3803 4728 ἐαυ-

2134 4771 2262 4832 τοὺς
2293 4764 2736 4839 περισκοπῶμεν,
2769 4760 2864 4815 καὶ
2896 4758 2966 4813 τά
2998 4759 3096 4831 μὲν
3125 4757 3481 4839 ἐλαττώματα
3715 4756 3804 4820 ἐξ-

2137 4836 2408 4927 ορίζωμεν
2453 4850 2553 4920 τῆς
2586 4843 2799 4927 ἑαυτῶν
2815 4841 3016 4927 ψυχῆς,
3043 4838 3495 4927 κατορθωμάτων.
3512 4836 3571 4890 δέ
3608 4838 3801 4927 κτῆσιν

2138 4919 2668 5010 προσλαμϐάνωμεν,
2704 4924 2956 5010 καθάπερ
2985 4925 3014 4975 6
3042 4921 3327 5010 προφήτης
3343 4919 3681 5010 Δπαρῄνεσεν,
3708 4923 3803 5010 καὶ

2138 4999 2470 5087 ἐκκλίνωμεν
2511 4999 2619 5066 ἀπὸ
2658 5008 2765 5060 τῶν
2798 5003 3014 5087 κακῶν,
3047 4999 3522 5087 καὶ-μετέλθωμεν
3566 5001 3666 5087 ἐπὶ.
3704 5002 3804 5087 τήν

2138 5103 2340 5174 ἀρετήν
2362 5083 2533 5163 ’ἀΰτη
2556 5092 2663 5163 γὰρ
2690 5093 2723 5160 ἡ
2745 5086 2950 5174 ᾁληθὴς
2966 5084 3220 5174 νηστεία.
3344 5083 3681 5174 θυμώδηςητδ
3704 5084 3804 5174 μὲν

2140 5164 2311 5247 πάθος
2342 5182 2404 5235 τὸ
2438 5174 2689 5246 ἐνοχλοῦν
2712 5170 2929 5225 εὐσεϐεῖ
2966 5166 3211 5238 λογισμῷ
3254 5165 3543 5236 ἐξοριζέτω
3567 5165 3665 5237 τῆς
3694 5164 3802 5234 qm-

2139 5269 2268 5339 ψῆς,
2300 5262 2581 5335 πραότητα
2607 5256 2664 5309 δὲ
2689 5254 2782 5309 καὶ
2811 5251 3121 5339 ἐπιείκειαν.
3138 5247 3490 5339 ἀσπαζέσθω.

2145 5328 2366 5419 εὶᾰξίκαὶ
2398 5328 2713 5403 ἀκόλαστος,
2764 5335 2859 5419 καὶ
2910 5333 3071 5419 μετὰΔ
3099 5331 3282 5419 ἀδείας
3327 5330 3492 5419 πρὸς-
3510 5330 3579 5419 τά
3631 5328 3803 5419 κάλλη

2150 5410 2249 5482 τῶν
2279 5426 2547 5495 σωμάτων
2576 5417 2927 5489 ἐπτοημένος,
2985 5411 3286 5484 χαλινώσας
3329 5412 3495 5466 αὐτοῦ
3524 5411 3615 5464 τὸν
3659 5410 3806 5495 λογιῖ

2145 5510 2299 5580 σμδν,
2327 5488 2421 5559 καὶ
2457 5503 2548 5557 τὸν
2587 5488 2750 5571 νόμον
2790 5497 2883 5551 τοῦ
2914 5495 3152 5580 Χριστοῦ
3202 5496 3281 5558 εἰς
3311 5494 3370 5547 τὸ
3398 5492 3612 5580 πλάτος
3629 5488 3806 5580 αὑτοῦ

2143 5571 2241 5663 τῆς
2289 5586 2524 5649 διανοίας
2575 5581 2890 5654 ἐγγράψας,
2937 5579 3028 5633 τὸν
3080 5579 3376 5663 λέγοντα,Δ
3403 5576 3477 5663 ὀ⁸
3500 5571 3805 5663 ἐμϐλέψας

2148 5655 2387 5746 γυναικί
2413 5669 2564 5737 πρὸς
2584 5667 2650 5721 τὸ
2679 5663 3041 5733 ἐπιθυμῆσαι
3070 5659 3281 5746 αὐτῆς.
3292 5658 3422 5746 ᾔδη
3451 5655 3805 5746 ἐμοίχευσεν

2144 5735 2339 5824 αὐτὴν
2360 5755 2430 5809 ἐν
2454 5735 2535 5821 τῇ
2560 5749 2772 5818 καρδίᾳ
2792 5746 3003 5815 αὑτοῦ,
3034 5745 3094 5796 τὸ
3123 5743 3221 5812 μέν
3257 5741 3354 5808 τῆς
3380 5735 3671 5824 ἀκολασίας
3694 5735 3799 5786 πά-

2149 5844 2240 5909 θος
2273 5815 2647 5909 φυγαδευ-έτω,
2668 5833 2762 5902 τὴν
2784 5831 2839 5884 δὲ
2870 5830 3219 5897 σωφροσύνην
3246 5815 3607 5884 κατορθούτω.

3339 5960 3376 6022 8
3776 5932 4040 6036 Δ
