4074 6134
448 313 553 373 μετ)

518 431 705 483 Contra
740 435 940 498 peccata
978 427 1183 497 lingua.
1217 456 1285 466 —
1314 424 1413 491 Qui
1455 424 1741 494 praecipitis
1772 433 1824 477 et
1855 432 2015 477 teme-

444 521 601 574 rariae
640 520 832 589 lingua:
857 529 975 583 est,
1009 527 1064 572 et
1088 532 1433 587 quaecumque
1462 516 1794 570 obvenientia
1825 514 2025 577 eﬂ'utit,

446 610 682 664 innitatur
707 610 918 663 beatum
951 608 1284 678 prophetam,
1308 616 1364 663 et
1387 608 1526 662 dicat
1554 626 1568 661 :
1600 608 1761 673 Pone,
1791 607 2025 673 Domine,

444 700 725 753 custodiam
773 700 849 753 ori
897 715 1034 763 meo,
1074 708 1121 753 et
1160 701 1341 754 ostium
1386 700 1674 753 munitionis
1718 699 1863 753 labiis
1904 699 2027 752 nteis

446 790 617 857 (Psal.
654 791 773 845 HO.
805 792 860 858 5)
892 804 908 848 :
938 801 990 844 et
1027 806 1315 860 numquam
1344 800 1543 845 temere
1571 800 1625 845 et
1662 791 1863 860 absque
1889 791 2028 845 utili-

444 892 553 937 tate
593 882 832 952 proferat
878 884 1079 949 verba,
1123 886 1217 939 sed
1256 885 1435 939 audiat
1471 885 1689 939 Paulum
1717 886 1977 940 dicentem
2008 902 2022 939 :

444 973 624 1025 Omnis
650 974 939 1041 vociferatio
955 1015 969 1041 ,
1003 985 1049 1027 et
1076 979 1237 1044 furor,
1262 984 1308 1028 et
1334 974 1642 1045 blasphemia
1662 1016 1675 1039 ,
1706 988 1751 1028 et
1778 976 2024 1029 obscaeni-

443 1073 521 1116 tas
543 1105 557 1125 ,
590 1074 634 1116 et
668 1066 944 1119 scurrilitas
980 1067 1187 1119 tollatur
1223 1083 1255 1118 a
1291 1067 1461 1133 vobis,
1500 1084 1613 1119 cum
1656 1068 1793 1120 omni
1831 1067 2025 1120 malitia

441 1157 457 1217 (
486 1153 674 1223 Ephes.
703 1156 756 1209 4.
790 1154 926 1225 Si);
958 1166 1011 1210 et
1042 1155 1230 1209 iterum
1267 1174 1277 1208 :
1309 1156 1369 1210 Si
1400 1158 1510 1225 quis
1544 1174 1707 1210 sermo
1740 1156 1927 1222 bonus,
1958 1158 2025 1210 ad

438 1245 827 1313 wdi/icationem
853 1247 1022 1312 utilis,
1052 1257 1108 1299 ut
1134 1248 1216 1300 det
1248 1248 1464 1316 gratiam
1493 1248 1810 1301 audientibus
1845 1247 2019 1317 (Ibid.

439 1350 483 1386 υ.
514 1334 626 1405 29).
655 1335 962 1390 Jurameuta
989 1352 1198 1406 quoque
1228 1337 1398 1392 modis
1427 1339 1671 1392 omnibus
1699 1336 1894 1408 fugiat,
1926 1353 2020 1391 au-

438 1426 589 1480 (lanS
613 1428 930 1481 sententiam
958 1428 1174 1496 Christi,
1204 1444 1319 1498 qua:
1345 1430 1473 1483 dicit
1499 1446 1518 1482 :
1545 1430 1748 1483 Dictum
1781 1440 1853 1484 est
1883 1433 2018 1485 anti-

436 1517 549 1584 quis
576 1531 597 1569 :
624 1533 722 1569 non
749 1518 993 1587 pejcrabis
1021 1532 1038 1571 :
1068 1535 1159 1588 ego
1185 1528 1352 1573 autem
1379 1520 1491 1574 dico
1526 1521 1680 1586 vobis,
1714 1539 1814 1575 non
1834 1523 2020 1591 juran-

437 1606 556 1657 dum
578 1608 780 1660 omnino
804 1607 1015 1679 (Matth.
1043 1609 1095 1663 ὅ.
1119 1610 1208 1664 55.
1231 1609 1345 1679 51).
1368 1610 1444 1664 Ne
1470 1612 1626 1679 igitur
1646 1612 1784 1667 dicat
1805 1613 2015 1683 aliquis,

435 1690 496 1749 In
535 1712 593 1750 re
628 1696 768 1765 justa
808 1699 930 1767 juro
963 1715 976 1749 :
1010 1714 1179 1768 neque
1214 1701 1355 1753 enim
1390 1700 1442 1754 in
1481 1717 1540 1755 re
1575 1703 1716 1770 justa
1754 1719 1926 1773 neque
1967 1707 2015 1758 in

436 1784 626 1853 injusta
654 1787 837 1855 jurare
859 1788 1000 1843 licet.
1030 1790 1226 1844 Purum
1258 1791 1417 1858 igitur
1435 1807 1464 1844 a
1487 1793 1801 1861 jurameutis
1826 1809 1887 1848 os
1914 1810 2019 1849 scr-

433 1893 617 1932 vemus
649 1898 662 1932 :
692 1888 746 1933 et
781 1880 865 1935 his
893 1881 1140 1937 omnibus
1171 1884 1469 1939 muniamus
1497 1897 1730 1939 nostram
1761 1886 2012 1957 linguam,

432 1968 589 2034 labia,
620 1978 673 2024 et
700 1980 953 2037 mentem,
986 1987 1051 2026 ne
1081 1972 1163 2027 vel
1193 1974 1317 2043 quid
1349 1975 1604 2029 malarum
1636 1978 2012 2046 cogitationum

432 2061 752 2117 intrinsecus
791 2076 1069 2130 nascatur,
1101 2067 1182 2120 vel
1211 2081 1309 2135 per
1332 2066 1563 2137 linguam
1596 2068 1736 2123 ioras
1776 2069 2014 2139 profera-

430 2162 534 2206 tur.
563 2156 734 2207 Aures
757 2169 971 2224 quoque
995 2157 1278 2226 diligenter
1307 2158 1595 2228 sepiamus,
1620 2176 1688 2215 ne
1706 2176 1893 2215 vanam
1920 2177 2017 2215 au-

430 2243 685 2299 ditionem
715 2246 1004 2315 suscipiant
1032 2264 1046 2300 :
1070 2248 1205 2301 sicut
1230 2257 1284 2302 et
1312 2248 1495 2304 beatus
1519 2249 1693 2305 Moses
1720 2253 2009 2322 praecepit,

428 2332 614 2388 dicens
648 2353 661 2389 :
691 2335 1016 2390 Auditionem
1054 2352 1234 2392 vanam
1268 2355 1369 2393 non
1410 2342 1650 2410 suscipies
1679 2343 1890 2413 (Em-1.
1919 2342 2009 2398 25.

429 2423 526 2492 l);
575 2435 628 2479 et
668 2426 860 2481 iterum
908 2428 1094 2484 beatus
1139 2431 1301 2485 David
1344 2431 1552 2487 dicebat
1598 2451 1612 2485 :
1656 2433 2014 2490 Detrahentem

424 2525 611 2568 secreto
636 2518 866 2586 proximo
903 2535 993 2573 suo
1016 2561 1031 2585 ,
1059 2520 1191 2574 hunc
1218 2524 1545 2592 persequebar
1575 2522 1745 2596 (Psal.
1774 2526 1895 2581 100.
1929 2527 2007 2598 5).

433 2604 640 2673 Vidisti,
669 2606 878 2674 dilecte,
908 2619 1103 2680 quanta
1131 2612 1284 2667 nobis
1321 2614 1681 2682 contentione,
1713 2626 1907 2686 quanta
1933 2618 2011 2672 vi-

429 2699 645 2768 gilantia
671 2700 736 2755 ad
764 2703 1010 2757 virtutem
1052 2704 1340 2773 parandam
1367 2721 1502 2776 opus
1533 2708 1639 2761 sit?
1662 2712 1928 2778 quomodo
1958 2719 2011 2766 et

432 2807 590 2860 parva
637 2795 894 2865 particula
942 2796 1216 2867 neglecta,
1266 2800 1423 2853 totius
1470 2800 1761 2869 periculum
1809 2802 2010 2857 infert?

427 2882 683 2949 Quocirca
710 2895 764 2939 et
791 2886 915 2939 alibi
944 2887 1137 2941 clamat
1164 2888 1351 2943 beatus
1386 2890 1548 2945 David
1568 2935 1582 2956 ,
1614 2906 1869 2948 accusans
1908 2893 2010 2948 hoc

426 2972 707 3028 iacientem
736 2992 748 3028 :
779 2975 971 3029 Sedens
999 2978 1234 3033 adversus
1263 2983 1473 3050 fratrem
1508 2991 1649 3036 tum
1688 2983 1967 3051 loquebaris
1988 3025 2005 3052 ,

424 3070 470 3113 et
505 3072 681 3116 contra
720 3065 883 3132 ﬁlium
922 3070 1096 3122 matris
1124 3078 1224 3123 tua:
1257 3071 1474 3139 ponebas
1495 3073 1795 3127 scandalum
1820 3073 1840 3147 (
1859 3074 2004 3130 Psal.

426 3151 513 3206 49.
544 3153 656 3222 20).
694 3154 751 3208 Si
784 3157 861 3210 sic
899 3167 1077 3212 nostra
1108 3162 1285 3215 omnia
1313 3164 1551 3218 membra
1577 3165 1966 3221 muniret-imus
1987 3208 2004 3234 ,

425 3246 713 3311 poterimus
747 3247 813 3301 ad
852 3248 1059 3303 virtutis
1092 3265 1252 3320 Opera
1290 3253 1552 3319 excitari,
1591 3264 1642 3309 et
1683 3255 1914 3324 linguam
1954 3258 2005 3312 in

425 3334 668 3391 laudibus
695 3346 749 3391 et
773 3339 1158 3407 glorificatione
1199 3342 1290 3397 Dei
1320 3358 1581 3412 occupare
1604 3386 1618 3410 ,
1642 3360 1800 3400 aures
1828 3354 2005 3402 autem

424 3424 476 3478 in
503 3426 683 3480 auditu
708 3437 762 3482 et
788 3428 1066 3498 disciplina
1086 3430 1385 3487 divinorum
1407 3434 1760 3505 eloquiorum,
1781 3445 1834 3492 et
1857 3452 2007 3492 men-

424 3526 531 3570 tem
572 3517 626 3571 in
654 3517 1015 3586 spiritualibus
1045 3520 1377 3592 dogmatibus
1408 3524 1862 3595 contemplandis,
1892 3543 2008 3583 ma—

424 3624 522 3660 nus
550 3625 673 3663 vero
701 3625 806 3665 non
836 3612 888 3666 in
918 3613 1102 3683 rapina
1132 3624 1185 3669 et
1206 3617 1449 3684 avaritia,
1474 3618 1567 3673 sed
1593 3618 1645 3672 in
1668 3619 2005 3692 eleemosyna

422 3708 476 3753 et
515 3701 665 3754 bonis
691 3703 942 3771 operibus
973 3703 1262 3775 faciendis,
1289 3716 1342 3762 et
1379 3707 1542 3777 pedes
1570 3723 1675 3763 non
1708 3709 1760 3764 in
1784 3710 2006 3768 theatris

422 3800 476 3844 et
505 3794 821 3859 spectaculis
846 3795 1136 3864 damnosis,
1170 3799 1607 3869 equestribusque
1646 3800 1802 3868 ludis,
1831 3802 1925 3857 sed
1952 3804 2005 3857 in

422 3884 681 3950 ecclesiis,
708 3896 759 3940 et
780 3886 1022 3943 domibus
1048 3891 1433 3958 precationum,
1463 3902 1517 3947 et
1541 3902 1844 3948 sanctorum
1873 3910 2006 3949 mar-

422 3984 598 4043 tyrum
631 3976 815 4033 loculis
842 3979 917 4049 (a)
945 3996 960 4043 ;
991 3990 1046 4034 ut
1080 3983 1147 4036 ab
1175 3982 1277 4036 illis
1303 3983 1725 4039 benedictionem
1749 3984 2006 4055 percipia-

423 4080 558 4125 mus.
588 4076 640 4121 et
665 4082 761 4122 nos
785 4068 1121 4139 adiabolicis
1149 4072 1352 4142 laqueis
1377 4073 1573 4130 irretiri
1606 4089 1712 4129 non
1746 4076 2001 4131 sinamus.

422 4152 476 4208 Si
508 4156 584 4209 sic
616 4157 827 4211 solliciti
856 4169 1092 4215 nostram
1131 4162 1355 4217 salutem
1385 4164 1782 4231 curaverimus,
1811 4166 2004 4234 poteri-

421 4260 544 4299 mus
568 4256 621 4300 et
644 4263 709 4302 ex
733 4247 939 4319 jejunio
968 4251 1169 4306 lucrum
1202 4254 1393 4318 facere,
1419 4263 1473 4308 et
1499 4255 1756 4310 daemonis
1788 4256 2005 4312 insidias

423 4339 672 4408 effugere,
704 4349 760 4395 et
786 4357 1029 4412 magnam
1055 4359 1285 4414 superne
1308 4346 1530 4416 gratiam
1560 4348 1766 4418 assequi
1801 4367 1814 4402 :
1843 4365 2002 4419 quam

422 4441 480 4483 ut
509 4446 607 4484 nos
632 4447 818 4487 omnes
855 4447 1219 4503 assequamur,
1252 4436 1507 4491 concedat
1541 4439 1710 4507 gratia
1749 4447 1803 4493 et
1840 4442 2002 4493 mise-

421 4521 649 4575 ricordia
680 4523 883 4576 Domini
922 4525 1086 4578 nostri
1124 4524 1250 4579 Jesu
1276 4526 1468 4580 Christi
1494 4567 1509 4590 ,
1540 4542 1659 4581 cum
1689 4542 1794 4596 quo
1819 4529 2000 4594 Patri,

422 4620 713 4679 sanctoque
737 4611 955 4681 Spiritui
986 4614 1054 4667 sit
1081 4615 1266 4683 gloria,
1296 4616 1573 4685 imperium
1597 4657 1612 4683 ,
1638 4616 1827 4683 honor,
1858 4633 2000 4674 nunc

422 4710 475 4755 et
502 4716 733 4772 semper,
764 4712 817 4757 ct
848 4704 899 4757 in
927 4705 1118 4760 saecula
1149 4706 1489 4764 saeculorum.
1519 4709 1708 4764 Amen.

982 4899 1256 4957 llOMlLlA
1298 4898 1436 4953 XVI.

425 4989 482 5046 ln
515 4990 1005 5060 prmvaricationem
1035 4990 1261 5059 primum
1289 4988 1644 5044 creatorum’.
1663 4988 1725 5041 Et
1742 4997 1882 5041 erant
1897 5005 2006 5040 am-

492 5087 557 5135 bo
584 5083 708 5136 nudi
724 5123 737 5142 ,
769 5091 814 5135 et
842 5081 1035 5145 Adam,
1062 5091 1107 5135 et
1133 5098 1261 5135 uxor
1284 5082 1394 5148 ejus
1411 5120 1426 5147 ,
1452 5089 1498 5133 et
1528 5095 1625 5132 non
1657 5079 2006 5133 erubescebant

499 5173 647 5241 (Gen.
677 5172 732 5226 ἓ.
760 5171 873 5242 ‘25).

500 5288 551 5341 1.
581 5286 781 5353 Aliquot
805 5285 867 5337 de
893 5282 1270 5351 Scripturarum
1294 5282 1592 5337 inexhausta
1611 5282 1756 5352 capia
1776 5282 1920 5336 dictis
1939 5278 2008 5337 ad

423 5396 633 5448 scopum
658 5378 837 5448 pergit.
859 5406 930 5418 ——
955 5375 1122 5431 Hodie
1151 5376 1299 5430 vobis
1323 5416 1336 5440 ,
1364 5374 1691 5431 dilectissimi
1716 5417 1730 5441 ,
1761 5375 2007 5446 spiritua-

485 5573 561 5634 (a)
591 5580 867 5623 Sanctorum
889 5580 1148 5635 martyrum
1171 5573 1314 5623 loculi
1336 5581 1381 5623 et
1408 5574 1564 5626 theca:
1589 5573 1873 5637 frequenter
1895 5589 2000 5626 me-

425 5643 671 5684 morantur
692 5639 720 5683 a
742 5636 1075 5699 chrysostomo
1096 5638 1144 5683 in
1168 5638 1469 5699 Panegyricis
1492 5645 1635 5686 'romo
1658 5636 1708 5697 tt,
1732 5637 1816 5687 ubi
1830 5637 1891 5686 iis
1910 5639 1993 5688 ha-

424 5701 554 5753 bitus
574 5703 730 5753 honos
752 5716 884 5765 saepe
904 5697 1215 5752 describitur.

1551 311 1614 366 IN
1652 310 1885 366 CAPJI.
1917 307 2153 366 CENES.
2204 308 2431 363 llOlllL.
2470 310 2585 365 XVI

3616 316 3711 370 126

2138 421 2242 475 lem
2281 421 2589 477 thesaurum
2618 424 2822 492 aperire
2867 424 3019 487 volo,
3049 425 3175 493 qui,
3205 426 3327 481 licet
3354 428 3491 482 inter
3520 431 3714 486 multos

2134 511 2434 574 dividatur,
2478 529 2761 583 numquam
2805 526 2979 570 tamen
3022 516 3361 574 absumitur:
3393 521 3482 589 qui
3526 537 3711 576 omnes

2135 601 2461 672 locupletat,
2494 614 2547 659 et
2586 606 2637 659 in
2681 606 2826 660 nullo
2866 606 3195 662 imminuitur
3217 650 3233 674 ,
3265 609 3358 664 sed
3389 620 3442 665 et
3470 623 3707 681 augetur.

2133 693 2590 759 Quemadmodum
2619 697 2758 750 enim
2788 698 2839 751 in
2871 700 3104 753 sensibili
3135 700 3383 754 thesauro
3408 704 3451 755 si
3480 706 3601 770 quis
3631 705 3713 757 vel

2134 800 2346 853 parvam
2377 788 2645 857 acceperit
2681 788 2976 855 portionem
3002 832 3015 849 .
3061 792 3253 845 multas
3285 806 3460 847 tamen
3505 794 3713 848 divitias

2132 878 2256 933 inde
2294 880 2393 933 sibi
2433 881 2637 949 parabit
2666 898 2680 935 :
2709 881 2780 935 ita
2808 889 2862 935 et
2890 882 2943 935 in
2974 882 3164 935 divinis
3203 882 3490 953 Scripturis
3510 926 3523 950 ,
3551 887 3710 941 etiam

2130 970 2180 1022 in
2212 984 2370 1039 parva
2398 970 2629 1025 dictione
2653 986 2903 1026 sensuum
2930 972 3159 1041 gravitas
3185 982 3238 1027 et
3261 974 3534 1030 immensa;
3562 977 3712 1032 inve-

2130 1061 2346 1114 niuntur
2368 1061 2584 1115 divitize.
2613 1062 2756 1117 Talis
2784 1063 2924 1117 enim
2954 1073 3140 1118 natura
3172 1066 3327 1134 hujus
3355 1067 3586 1122 thesauri
3611 1109 3625 1133 ,
3658 1081 3711 1123 ut

2127 1153 2407 1221 Opulentos
2451 1152 2609 1208 faciat
2647 1168 2740 1208 eos
2777 1155 2864 1224 qui
2906 1170 2963 1209 se
3008 1157 3311 1221 inveniunt,
3344 1169 3397 1213 et
3425 1175 3708 1230 numquam

2124 1241 2337 1296 deficiat
2360 1261 2372 1293 :
2397 1241 2514 1295 fons
2536 1243 2676 1297 enim
2700 1243 2928 1313 Spiritus
2953 1246 3119 1300 sancti
3144 1243 3298 1315 hujus
3318 1248 3583 1320 scaturigo
3606 1260 3706 1305 est.

2124 1329 2406 1399 Reliquum
2436 1330 2629 1395 fuerit,
2668 1348 2764 1387 vos
2788 1349 2907 1403 qua:
2940 1336 3205 1403 proposita
3232 1347 3358 1391 sunt
3390 1353 3595 1394 summa
3624 1340 3702 1394 die

2125 1420 2334 1490 ligentia
2364 1422 2416 1475 in
2447 1423 2701 1477 memoria
2734 1434 2986 1493 perpetuo
3007 1440 3250 1492 scrvare;
3276 1435 3332 1481 ut
3355 1437 3528 1484 autem
3556 1430 3708 1485 facile

2122 1512 2263 1566 dicta
2298 1514 2508 1583 assequi
2540 1516 2775 1583 possitis,
2811 1524 3011 1571 tantum
3043 1518 3182 1587 quod
3214 1529 3452 1575 nostrum
3482 1532 3564 1577 est
3591 1539 3704 1577 ma-

2121 1619 2226 1673 gno
2255 1605 2431 1659 studio
2455 1606 2758 1660 alferamus.
2793 1607 2968 1663 Gratia
3002 1612 3141 1663 enim
3175 1624 3353 1678 parata
3385 1622 3502 1679 est,
3534 1625 3589 1670 et
3619 1632 3708 1671 re—

2120 1695 2281 1763 quirit
2324 1710 2417 1749 eos
2458 1697 2547 1765 qui
2591 1697 2758 1766 ipsam
2805 1698 3021 1768 largiter
3059 1703 3370 1771 suscipiant.
3416 1705 3705 1761 Audiamus

2122 1785 2280 1854 igitur
2302 1802 2421 1855 qua:
2459 1787 2617 1843 hodie
2654 1799 2775 1843 sunt
2818 1790 2952 1845 lecta
2973 1833 2987 1857 ,
3018 1801 3074 1845 ut
3101 1792 3368 1848 discamus
3392 1796 3703 1852 immensam

2121 1877 2214 1930 Dei
2240 1877 2637 1947 benignitatem,
2668 1889 2721 1933 et
2745 1889 2941 1949 quanto
2966 1882 3150 1937 salutis
3177 1894 3372 1939 nostrze
3395 1888 3565 1955 gratia
3593 1903 3704 1943 ser-

2119 1969 2292 2023 monis
2316 1978 2735 2040 temperamento
2758 1972 2827 2027 sit
2852 1989 2998 2028 usus.
3025 1974 3115 2030 25.
3144 1976 3209 2028 Et
3229 1988 3372 2031 erant
3391 1980 3537 2035 ambo
3558 1982 3699 2045 nudi,

2119 2066 2222 2111 tam
2244 2060 2437 2123 Adam,
2466 2077 2617 2131 quant
2637 2078 2768 2116 uxor
2789 2065 2897 2134 ejus
2916 2104 2930 2129 ,
2957 2074 3003 2118 et
3036 2081 3137 2119 non
3161 2067 3531 2123 erubescebant.
3559 2070 3701 2125 Con-

2117 2150 2289 2204 sidera
2311 2192 2326 2218 ,
2353 2166 2535 2221 quaeso
2559 2194 2574 2218 ,
2617 2154 2940 2209 eminentem
2984 2155 3361 2213 beatitudinem
3386 2200 3402 2227 ,
3437 2162 3703 2230 quomodo

2116 2242 2417 2310 superiores
2457 2244 2655 2299 fuerint
2696 2246 2941 2301 omnibus
2984 2249 3390 2319 corporalibus,
3437 2253 3701 2320 quomodo

2118 2339 2309 2386 terram
2349 2334 2498 2403 quasi
2543 2335 2730 2390 etclam
2771 2336 3132 2404 incoluerint;
3172 2349 3226 2395 et
3263 2355 3385 2395 cum
3429 2352 3609 2398 essent
3646 2346 3700 2399 in

2114 2436 2341 2492 corpore
2371 2424 2499 2481 nihil
2527 2424 2803 2494 corporale
2834 2427 3050 2483 tulerint
3078 2448 3091 2484 :
3121 2445 3293 2500 neque
3322 2439 3461 2487 tecto
3480 2474 3494 2501 ,
3526 2448 3700 2504 neque

2114 2523 2264 2570 veste
2290 2556 2305 2581 ,
2338 2531 2513 2585 neque
2541 2516 2647 2572 alio
2685 2518 2776 2572 tali
2819 2533 2954 2588 opus
2996 2520 3273 2577 habentes.
3314 2522 3481 2579 Porro
3518 2524 3697 2580 divina

2114 2605 2383 2676 Scriptura
2414 2624 2518 2663 non
2547 2609 2858 2678 simpliciter
2882 2621 2936 2667 et
2961 2612 3162 2683 absque
3185 2615 3393 2672 ratione
3421 2617 3523 2673 hoc
3545 2620 3699 2675 nobis

2113 2698 2465 2767 signiﬁcavit,
2507 2701 2601 2756 sed
2640 2711 2697 2756 ut
2737 2718 2855 2757 cum
2900 2703 3240 2761 didicerimus
3278 2709 3440 2763 vitam
3487 2711 3695 2766 illorum

2117 2788 2343 2843 tristitia:
2367 2788 2675 2860 dolorisque
2701 2803 2994 2860 expertem,
3019 2803 3074 2848 et
3096 2797 3389 2865 angelicum
3412 2802 3694 2869 quemdam

2112 2886 2329 2945 statum,
2363 2887 2421 2933 ut
2456 2880 2527 2933 ita
2558 2880 2750 2948 dicam,
2781 2892 2835 2937 et
2875 2894 3058 2952 postea
3086 2886 3374 2944 viderimus
3403 2905 3497 2945 eos
3525 2894 3696 2946 omni-

2110 2968 2211 3022 bus
2247 2968 2351 3023 illis
2387 2968 2636 3033 destitui,
2667 2981 2723 3026 et
2747 2973 2896 3041 quasi
2922 2988 2953 3028 c
2981 2976 3187 3045 magnis
3210 2976 3407 3033 divitiis
3437 2981 3489 3035 in
3516 2994 3695 3038 extre-

2111 3073 2251 3113 mam
2277 3059 2504 3128 inopiam
2532 3062 2719 3131 redigi,
2748 3062 2982 3132 ipsorum
3005 3067 3337 3137 negligentiae
3358 3077 3529 3127 totum
3549 3076 3688 3143 quod

2110 3150 2168 3204 lit
2194 3152 2539 3206 ascribamus.
2570 3154 2759 3224 Operm
2802 3158 3027 3225 pretium
3058 3168 3235 3214 autem
3277 3161 3409 3218 lecta
3446 3164 3559 3234 ipsa
3593 3182 3690 3221 au-

2109 3240 2242 3296 dire.
2273 3242 2436 3307 Nam,
2465 3253 2525 3298 ut
2550 3243 2681 3299 dixit
2722 3247 2911 3302 beatus
2940 3247 3112 3305 Moses
3132 3291 3147 3317 ,
3174 3253 3317 3320 quod
3348 3255 3469 3308 nudi
3500 3266 3655 3311 erant
3676 3300 3691 3321 ,

2109 3344 2162 3388 et
2192 3349 2295 3389 non
2334 3335 2721 3391 erubescebant
2752 3337 2958 3409 (neque
2992 3340 3135 3395 enim
3175 3343 3414 3399 sciebant
3437 3361 3496 3401 se
3521 3348 3692 3404 nudos

2108 3440 2228 3481 esse
2253 3467 2268 3493 ,
2301 3427 2431 3481 mira
2460 3427 2624 3497 gloria
2656 3428 2772 3484 illos
2802 3432 3062 3487 vestiente
3087 3440 3141 3487 et
3169 3434 3338 3504 magis
3365 3451 3522 3506 quam
3555 3439 3691 3493 ullus

2108 3518 2333 3572 vestitus
2358 3518 2636 3587 ornante),
2668 3519 2865 3589 inquit,
2901 3523 2953 3577 1.
2989 3522 3212 3593 Serpens
3247 3535 3412 3579 autent
3435 3537 3543 3582 erat
3570 3545 3688 3599 pru-

2108 3607 2427 3663 dentissimus
2454 3610 2675 3662 omnium
2705 3612 2992 3678 bestiarum,
3021 3629 3133 3683 qua:
3158 3631 3309 3682 super
3337 3625 3541 3684 terram,
3568 3636 3687 3689 quas

2109 3703 2293 3772 fecerat
2327 3699 2568 3754 Dominus
2597 3701 2753 3756 Deus.
2788 3702 2855 3756 Et
2884 3703 3011 3757 dixit
3038 3721 3245 3774 serpens
3282 3708 3478 3763 mulieri
3508 3724 3528 3763 :
3557 3712 3693 3775 Quid

2107 3790 2240 3855 quod
2269 3790 2396 3843 dixit
2439 3789 2575 3843 Deus
2594 3831 2610 3858 ,
2644 3790 2727 3845 Ne
2752 3793 3020 3846 comedatis
3046 3810 3109 3848 ca:
3134 3796 3272 3849 omni
3298 3798 3435 3868 ligno
3458 3801 3594 3864 quod
3621 3815 3689 3855 est

2107 3881 2160 3934 in
2186 3880 2422 3950 paradiso
2453 3878 2604 3949 (Gen.
2632 3881 2734 3951 5)?
2766 3881 2897 3937 Vide
2926 3883 3143 3954 maligni
3167 3885 3424 3942 daemonis
3453 3888 3688 3944 inviden-

2109 3970 2272 4035 tiam,
2316 3981 2366 4027 et
2414 3971 2736 4043 multiplices
2782 3973 3020 4029 technas.
3061 3974 3499 4047 Quandoquidem
3536 3980 3690 4036 scivit

2107 4060 2375 4117 hominem
2410 4062 2699 4118 formatum
2728 4063 2782 4117 in
2807 4079 3015 4120 summo
3040 4080 3159 4120 esse
3187 4066 3389 4123 honore
3408 4070 3446 4134 ί,
3474 4078 3528 4124 et
3562 4085 3658 4139 pro
3676 4100 3688 4109 -

2109 4154 2390 4224 pemodum
2422 4155 2555 4209 nihil
2586 4155 2762 4210 minus
2803 4154 2999 4211 habere
3037 4157 3237 4227 angelis
3276 4159 3404 4228 ipsis
3428 4200 3443 4225 ,
3473 4158 3609 4215 sicut
3637 4172 3689 4215 ct

2106 4246 2290 4301 beatus
2321 4246 2481 4300 David
2509 4246 2677 4314 inquit
2701 4264 2713 4300 :
2742 4245 2974 4300 Minuisti
3000 4263 3111 4300 eum
3136 4249 3287 4317 paulo
3322 4250 3485 4303 minus
3507 4250 3569 4304 ab
3589 4266 3689 4303 an-

2104 4338 2229 4407 gelis
2258 4335 2426 4408 (Psal.
2451 4337 2503 4391 8.
2536 4336 2592 4407 6)
2622 4353 2634 4389 :
2665 4345 2823 4406 atque
2853 4337 2953 4391 hoc
2983 4337 3153 4407 ipsum
3178 4337 3348 4393 Paulo
3383 4340 3546 4394 atinas
3576 4342 3688 4395 ino-

2104 4427 2386 4483 bedieutite
2415 4435 2691 4496 peccatum
2722 4427 3048 4493 introduxit;
3080 4444 3199 4483 nam
3229 4440 3349 4499 post
3376 4432 3684 4500 praevarica-

2107 4519 2305 4574 tionem
2351 4519 2453 4572 hoc
2503 4518 2749 4587 loquutus
2793 4528 2876 4573 est
2918 4519 3176 4588 propheta
3221 4539 3235 4575 :
3276 4522 3487 4578 videbat
3532 4525 3689 4595 igitur

2105 4625 2269 4681 super
2298 4619 2493 4665 terram
2519 4609 2763 4679 angelum
2793 4619 3121 4678 terrestrem,
3144 4621 3198 4666 et
3223 4627 3252 4665 a
3281 4626 3375 4666 sua
3403 4613 3689 4671 rodebatur

2107 4700 2302 4755 invidia
2331 4699 2540 4754 daemon
2576 4700 2841 4754 malorum
2882 4712 3068 4756 auctor
3097 4720 3110 4755 :
3143 4704 3391 4772 quoniam
3417 4720 3540 4759 cum
3576 4707 3690 4774 ipse

2107 4791 2246 4845 inter
2286 4804 2542 4859 supernas
2584 4791 2808 4846 virtutes
2844 4801 3022 4858 esset,
3056 4801 3110 4847 et
3146 4793 3215 4848 ob
3253 4794 3542 4848 voluntatis
3578 4809 3688 4849 sua:

2107 4882 2413 4953 nequitiam,
2441 4891 2496 4937 et
2526 4882 2793 4953 ingentem
2820 4884 3095 4949 malitiam,
3122 4898 3153 4939 e
3176 4900 3385 4938 summo
3410 4887 3542 4939 caelo
3567 4901 3684 4955 pro-

2102 4974 2276 5044 jectus
2302 4976 2476 5043 fuerit,
2502 4992 2693 5046 magna
2719 4991 2846 5031 usus
2876 4985 2957 5031 est
2987 4978 3398 5044 machinatione,
3427 4988 3486 5034 ut
3511 4990 3564 5035 et
3594 4982 3684 5036 hos

2107 5067 2303 5123 minem
2330 5068 2499 5137 gratia
2526 5069 2620 5122 Dei
2652 5069 2879 5136 privare,
2910 5075 2964 5120 et
2991 5066 3254 5136 ingratum
3280 5067 3497 5133 factum,
3530 5074 3686 5127 tantis

2106 5152 2260 5211 bonis
2304 5171 2399 5226 per
2432 5157 2666 5210 divinam
2707 5155 2998 5211 bonitatem
3038 5155 3166 5225 ipsis
3191 5158 3463 5213 concessis
3489 5161 3689 5218 nudare

2107 5254 2305 5316 posset.
2337 5248 2403 5303 Et
2425 5247 2551 5317 quid
2578 5246 2737 5302 fecit?
2762 5246 2981 5302 lnvento
3004 5248 3219 5303 animali
3241 5249 3362 5315 hoc,
3386 5264 3687 5322 serpentem

2107 5339 2247 5406 dico,
2278 5340 2368 5409 qui
2398 5348 2587 5394 cratera
2614 5339 2901 5393 calliditate
2924 5354 3019 5394 sua
3045 5340 3309 5409 vincebat,
3337 5342 3474 5398 sicut
3495 5355 3549 5400 et
3575 5345 3688 5401 Ilo-

2107 5447 2195 5488 ses
2225 5439 2448 5487 testatus
2474 5438 2587 5497 est,
2616 5445 2735 5485 cum
2763 5430 2924 5497 dixit,
2966 5430 3092 5485 Erat
3128 5442 3296 5487 autem
3333 5450 3536 5506 serpens
3563 5453 3686 5505 pru-

2108 5526 2424 5581 dentissimus
2452 5525 2675 5579 omnium
2701 5524 2967 5579 bestiarum
3000 5540 3110 5595 qua
3136 5542 3287 5596 super
3313 5535 3496 5581 terram
3518 5568 3533 5594 ,
3554 5542 3687 5595 quas

2172 5681 2188 5711 ί
2222 5676 2435 5739 Coislin.,
2459 5677 2523 5729 ad
2548 5692 2783 5728 summum
2807 5680 3028 5731 honorem
3048 5676 3195 5743 fuisse
3217 5686 3443 5729 evectum.
