4074 6134
364 315 468 367 l‘ZT

365 429 474 479 fecit
523 425 766 478 Dominus
809 422 943 474 Deus
982 433 1092 472 :eo
1131 416 1283 483 quasi
1329 415 1678 468 instrumento
1712 411 1940 480 quodam

363 532 489 570 usus
517 525 617 578 est,
652 530 744 583 per
771 511 911 581 quod
942 508 1235 571 mulierem,
1265 515 1446 574 utpote
1473 502 1764 572 simplicius
1791 509 1845 554 et
1872 501 1951 554 in-

343 610 567 661 firmius
589 620 700 670 vas,
725 604 866 656 illius
886 599 1242 654 familiaritate
1265 598 1315 650 in
1344 608 1583 649 errorem
1605 601 1660 647 et
1681 591 1955 659 deceptioo

366 714 485 751 nem
513 704 842 766 provocaret.
870 691 934 745 Et
959 691 1105 754 dixit,
1133 688 1323 756 inquit,
1346 700 1549 756 serpens
1573 683 1794 736 mulieri.
1819 681 1953 736 Hinc

347 787 552 856 collige
579 786 646 838 ab
676 783 826 838 initio
856 781 1053 836 nullam
1093 779 1384 834 bestiarum
1413 777 1582 829 virum
1604 816 1618 838 ,
1648 775 1730 828 vel
1761 772 1952 827 mulie-

363 889 477 932 rem
519 878 771 931 terruisse
794 914 809 938 ,
841 873 934 928 sed
961 871 1250 926 dominium
1287 878 1336 922 et
1374 867 1756 936 snbjectionem
1784 879 1952 934 agno-

366 974 527 1035 visse,
555 979 609 1023 et
633 969 772 1023 sicut
805 980 943 1020 nunc
971 962 1261 1018 domestica
1289 959 1557 1025 animalia,
1588 959 1658 1011 ita
1687 966 1741 1010 et
1769 955 1875 1010 fera
1900 964 1953 1010 et

351 1067 720 1118 immansueta
751 1069 878 1113 tunc
905 1057 1050 1111 initia
1081 1055 1262 1109 fuisse.

441 1156 496 1208 Ξ.
521 1155 740 1221 Serpens
755 1152 841 1222 qui
861 1149 1018 1202 Evam
1033 1147 1222 1217 decepit
1240 1161 1338 1198 non
1359 1151 1465 1195 erat
1481 1141 1674 1195 ratione
1691 1138 1950 1209 prwditus.

366 1251 508 1302 —-At
528 1247 662 1300 forte
684 1246 769 1298 hic
788 1240 1104 1297 dubitaverit
1123 1239 1240 1307 quis
1256 1245 1308 1291 et
1328 1233 1615 1304 qiuesierit,
1637 1246 1760 1284 num
1783 1229 1954 1283 ethoc

327 1338 329 1340 ’
370 1339 566 1393 animal
603 1333 825 1389 rationis
865 1331 1025 1386 fuerit
1062 1329 1346 1398 particeps.
1387 1323 1500 1378 Non
1529 1323 1598 1375 ita
1628 1330 1747 1374 est:
1780 1318 1950 1383 absit;

363 1429 462 1483 sed
491 1429 524 1481 ii
563 1427 652 1496 qui
699 1423 1003 1493 Scripturas
1046 1426 1341 1488 sequuntur
1386 1413 1680 1482 intelligant
1722 1416 1951 1478 oportet,

373 1521 533 1575 verba
562 1517 776 1588 quidem
806 1529 925 1569 esse
950 1511 1169 1576 diaboli,
1189 1522 1345 1578 quem
1396 1504 1589 1559 invidia
1630 1500 1953 1565 concitabat,

373 1621 430 1665 ut
460 1612 529 1663 ita
552 1608 819 1663 hominem
866 1604 1072 1657 falleret
1105 1619 1120 1655 :
1148 1599 1359 1654 animali
1387 1605 1564 1650 autem
1594 1594 1697 1647 hoc
1737 1602 1794 1645 ut
1837 1591 1955 1646 ido-

375 1717 478 1757 neo
499 1703 853 1754 instrumento
876 1693 1122 1749 utebatur
1151 1690 1416 1750 diabolus,
1445 1701 1552 1756 quo
1579 1699 1794 1740 suarum
1819 1683 1959 1736 frau-

367 1792 518 1846 dium
545 1804 666 1845 esca
696 1789 951 1848 immissa,
984 1782 1327 1851 supplantare
1355 1779 1580 1847 primum
1627 1783 1808 1844 posset
1835 1788 1954 1827 mu-

369 1883 587 1946 lierem,
638 1893 757 1948 quae
797 1875 1000 1930 facilius
1037 1872 1208 1941 decipi
1250 1876 1495 1940 poterat,
1536 1875 1590 1920 et
1629 1874 1813 1935 postea
1864 1879 1957 1931 per

369 1973 513 2026 illam
562 1969 722 2023 etiam
781 1964 1161 2034 protoplastum
1207 1959 1589 2027 supplantaret.
1633 1956 1812 2024 Itaque
1858 1951 1960 2007 hoc

369 2064 528 2118 bruto
550 2061 712 2114 utitur
731 2057 796 2111 ad
825 2054 1043 2110 insidias
1087 2051 1389 2111 struendas,
1413 2057 1471 2103 et
1495 2061 1591 2117 per
1631 2045 1800 2115 ipsum
1837 2060 1956 2098 mu-

374 2151 493 2206 lieri
540 2149 795 2219 loquitur,
839 2154 893 2200 et
935 2144 1050 2197 ait:
1081 2142 1253 2208 Quare
1295 2139 1423 2192 dixit
1466 2136 1632 2199 Deus,
1676 2133 1760 2188 Ne
1797 2150 1960 2188 come-

366 2241 585 2294 datisex
613 2237 748 2292 omni
778 2237 915 2306 ligno
937 2231 1074 2304 quod
1099 2241 1171 2285 est
1196 2231 1248 2283 in
1279 2227 1554 2299 paradiso?
1587 2223 1956 2290 Considerate,

373 2333 617 2395 obsecro,
644 2326 986 2397 malignitatis
1005 2321 1399 2378 callidissimam
1428 2316 1792 2372 subtilitatem.
1812 2312 1964 2367 Indu-

373 2421 450 2476 cit
492 2420 634 2475 enim
681 2419 887 2471 ratione
931 2412 1161 2476 consilii,
1208 2421 1262 2464 et
1305 2405 1754 2478 interrogationis,
1799 2404 1961 2459 etiam

370 2509 522 2582 quod
553 2525 583 2563 a
607 2511 715 2564 Deo
761 2507 960 2562 dictum
1011 2518 1117 2559 non
1163 2511 1299 2567 erat,
1345 2499 1496 2568 quasi
1540 2497 1743 2553 scilicet
1777 2509 1960 2549 curam

381 2605 618 2672 ipsorum
647 2599 870 2655 haberet
896 2615 909 2652 :
942 2597 994 2652 id
1014 2595 1156 2666 quod
1176 2591 1490 2655 ostenditur,
1505 2605 1624 2645 cum
1641 2588 1812 2658 inquit
1830 2604 1842 2640 :
1861 2585 1964 2642 Cur

380 2695 508 2749 dixit
536 2692 692 2758 Deus,
720 2689 802 2745 Ne
821 2688 1092 2743 comedatis
1127 2687 1190 2740 de
1226 2686 1363 2740 omni
1391 2685 1527 2754 ligno
1552 2683 1686 2754 quod
1701 2691 1772 2736 est
1791 2682 1843 2735 in
1868 2698 1962 2752 pa-

379 2783 591 2838 radiso?
636 2781 786 2852 quasi
831 2779 1032 2834 diceret
1073 2776 1334 2847 malignus
1376 2774 1466 2828 ille
1505 2772 1758 2828 daemon:
1789 2771 1966 2840 Quare

383 2875 524 2928 Deus
555 2872 784 2942 privavit
803 2885 900 2926 vos
931 2875 1075 2924 tanta
1107 2865 1399 2922 fruitione?
1435 2878 1533 2920 cur
1566 2878 1678 2918 non
1721 2863 1966 2918 concedit

381 2974 440 3019 ut
457 2965 744 3037 participes
768 2961 884 3017 sitis
909 2961 1168 3016 bonorum
1198 2972 1317 3028 quae
1342 2964 1466 3011 sunt
1491 2955 1542 3010 in
1565 2954 1839 3026 paradiso;
1869 2953 1965 3010 sed

376 3056 628 3126 praistitit
671 3054 888 3124 quidem
928 3059 986 3107 ut
1011 3050 1127 3106 visu
1169 3047 1502 3112 frueremini,
1544 3061 1651 3100 non
1693 3053 1872 3100 tamen
1901 3059 1967 3100 eo

385 3147 484 3202 frui
531 3146 677 3212 sinit,
706 3154 762 3199 et
797 3142 987 3213 majori
1039 3141 1312 3209 voluptate
1361 3135 1649 3192 interdicit.
1695 3132 1800 3190 Cur
1841 3134 1967 3188 dixit

384 3239 524 3293 Deus
541 3239 566 3291 .9
585 3238 780 3304 Quare,
812 3235 1004 3303 inquit,
1036 3233 1168 3287 hoc?
1190 3247 1309 3300 qua:
1345 3228 1541 3284 utilitas
1565 3226 1766 3281 versari
1795 3226 1847 3280 in
1869 3240 1966 3295 pa-

381 3329 586 3388 radiso.
614 3337 670 3381 et
696 3340 802 3380 non
819 3324 920 3379 frui
950 3323 1034 3379 his
1060 3337 1178 3392 quze
1204 3323 1259 3376 in
1289 3320 1380 3374 illo
1406 3327 1549 3384 sunt,
1573 3317 1668 3372 sed
1707 3316 1829 3371 ideo
1856 3329 1964 3369 ma-

381 3426 555 3492 jorem
605 3421 743 3474 ferre
781 3418 1058 3479 dolorem,
1095 3413 1237 3484 quod
1282 3419 1523 3482 spectare
1567 3408 1780 3479 quidem
1821 3407 1970 3462 vobis

370 3516 561 3576 liceat,
611 3511 714 3567 frui
751 3526 854 3565 non
898 3507 1088 3564 liceat?
1138 3505 1327 3562 Vidisti
1367 3503 1638 3575 quomodo
1663 3517 1757 3572 per
1783 3501 1965 3569 verba,

387 3605 537 3676 quasi
563 3619 657 3675 per
697 3618 872 3659 escam
913 3603 1057 3656 virus
1094 3614 1248 3654 suum
1294 3594 1562 3651 immittit?
1591 3593 1822 3649 Debebat
1850 3608 1970 3647 mu—

373 3697 485 3750 lier
508 3711 572 3750 ex
597 3697 712 3765 ipso
739 3707 988 3764 aggressu
1011 3690 1335 3746 eminentem
1359 3686 1661 3756 conjectare
1693 3683 1968 3750 malitiam,

393 3798 504 3842 tum
529 3785 669 3857 quod
694 3786 762 3840 de
792 3785 1048 3839 industria
1079 3797 1199 3853 quae
1238 3796 1344 3834 non
1392 3787 1545 3833 erant
1591 3777 1812 3844 diceret,
1859 3785 1969 3830 tum

376 3880 531 3948 quod
559 3877 707 3946 quasi
751 3890 932 3930 curam
975 3874 1212 3942 ipsorum
1256 3877 1486 3940 gereret,
1519 3877 1576 3922 ut
1617 3867 1755 3922 scire
1795 3873 1975 3935 posset

390 3986 508 4040 qua:
549 3969 652 4024 illis
677 3984 706 4021 a
738 3968 846 4022 Deo
889 3974 1175 4036 praecepta,
1206 3972 1262 4016 et
1295 3962 1371 4014 sic
1396 3959 1463 4014 ad
1483 3958 1973 4029 praevaricationem

372 4065 532 4132 ipsos
559 4061 810 4116 traheret.
843 4059 1002 4128 Igitur
1025 4071 1146 4112 cum
1180 4063 1363 4124 posset
1405 4052 1581 4106 statim
1627 4052 1973 4120 imposturam

375 4155 597 4218 videre,
629 4161 684 4206 et
719 4151 953 4205 aversari
999 4149 1158 4202 verba
1197 4147 1272 4200 uti
1306 4145 1543 4214 nugacia,
1575 4152 1628 4197 et
1666 4143 1895 4212 seipsam
1921 4144 1974 4198 in

393 4252 589 4297 tantam
634 4240 888 4294 vilitatem
919 4252 1023 4291 non
1052 4237 1304 4305 dejicere,
1333 4234 1521 4288 noluit.
1546 4231 1857 4302 Oportebat,
1889 4233 1973 4286 in-

389 4331 743 4404 quam,initio
770 4330 1092 4398 colloquium
1122 4327 1260 4382 illius
1306 4342 1410 4381 non
1451 4325 1611 4391 ferre,
1647 4325 1740 4380 sed
1775 4325 1848 4378 illi
1875 4326 1976 4380 soli

395 4423 559 4493 loqui,
587 4430 800 4492 propter
828 4435 1008 4491 quem,
1028 4427 1082 4473 et
1111 4419 1162 4473 in
1193 4417 1344 4487 cujus
1373 4416 1690 4486 adjutorium
1723 4414 1977 4484 producta

395 4521 527 4578 erat,
557 4511 817 4581 particeps
839 4511 1107 4580 dignitatis
1135 4510 1275 4564 illius
1301 4509 1454 4563 facta.
1485 4507 1617 4574 Quia
1647 4515 1845 4570 autem,
1877 4520 1975 4561 ne-

393 4604 504 4658 seio
525 4601 792 4672 quomodo
820 4601 1028 4666 allecta,
1054 4601 1372 4671 colloquium
1423 4599 1686 4669 serpentis
1722 4598 1862 4664 tulit,
1883 4611 1979 4666 per

373 4710 551 4764 -quem
579 4736 593 4761 ,
642 4701 700 4748 ut
742 4694 1182 4756 instrumentum,
1233 4691 1529 4762 perniciosa
1571 4691 1768 4746 diaboli
1811 4690 1978 4746 verba

379 4785 648 4857 suscepit,
665 4799 956 4855 congruum
981 4792 1097 4838 erat
1117 4783 1292 4837 statim
1317 4796 1438 4835 cum
1459 4781 1691 4835 disceret
1713 4795 1776 4835 ex
1803 4779 1979 4835 verbis

373 4896 527 4950 ejus,
557 4895 676 4936 esse
704 4878 792 4933 illa
815 4892 936 4932 eum
968 4877 1192 4930 veritate
1218 4874 1503 4944 pugnantia
1529 4882 1584 4927 et
1619 4873 1721 4926 alia
1765 4871 1977 4942 quidem

392 4971 732 5026 Conditorem
783 4971 1092 5040 imperasse,
1142 4967 1244 5020 alia
1288 4971 1466 5019 autem
1515 4963 1684 5028 illum,
1730 4973 1786 5017 et
1823 4963 1980 5032 plane

393 5062 660 5116 contraria
688 5061 796 5114 Deo
841 5059 1041 5124 dicere,
1064 5067 1122 5112 ut
1147 5057 1259 5126 ipsa
1305 5062 1661 5118 aversaretur,
1693 5063 1748 5107 et
1775 5053 1982 5123 fugeret

395 5151 538 5206 illius
583 5148 1021 5204 consuetudinem
1046 5187 1061 5213 ,
1111 5145 1612 5214 abominareturque
1651 5143 1798 5197 illum
1823 5183 1838 5205 ,
1889 5142 1980 5211 qui

396 5226 648 5313 linguam,
677 5249 860 5295 contra
888 5239 1068 5294 datum
1090 5239 1195 5294 illis
1233 5237 1538 5292 mandatum
1577 5249 1769 5290 acuere
1813 5233 1979 5289 aude-

395 5343 494 5387 ret.
528 5331 724 5386 V’erum
743 5332 866 5401 quia
891 5346 997 5399 pra:
1026 5344 1214 5401 magna
1238 5328 1555 5398 negligentia
1586 5341 1691 5380 non
1729 5324 1977 5379 attende-

380 5427 512 5492 bat,
541 5439 644 5478 non
697 5423 868 5478 solum
914 5438 1020 5477 non
1065 5433 1146 5478 est
1196 5422 1342 5476 illum
1390 5427 1649 5484 aversata,
1682 5417 1774 5472 sed
1823 5430 1981 5472 omne

391 5515 703 5572 mandatum
753 5514 826 5568 illi
868 5514 1089 5579 detexit,
1120 5522 1174 5568 et
1202 5526 1364 5582 porco
1410 5509 1724 5580 margaritas
1762 5506 1976 5577 obiecit,

396 5603 738 5683 implevitque
758 5605 898 5676 quod
922 5620 951 5658 a
977 5605 1192 5659 Christo
1235 5603 1435 5656 dictum
1478 5611 1560 5655 est
1592 5616 1604 5651 :
1639 5598 1722 5651 Ne
1770 5598 1980 5651 mittatis

377 5700 913 5768 nauigaritast'estras
935 5709 1050 5749 ante
1075 5708 1276 5764 porcas,
1311 5708 1372 5746 ne
1391 5695 1525 5762 forte
1549 5689 1839 5742 conculcata
1861 5688 1978 5740 illas

1109 305 1163 360 S.
1203 299 1480 357 JOANNIS
1517 295 1990 354 CilRYSOSTOMl
2034 295 2345 351 ARCIIIEP.
2388 294 2916 352 CONS'I‘ANTINOP.

3541 299 3640 354 ηε

2057 411 2264 482 pedibus
2293 410 2418 472 suis,
2444 419 2491 463 et
2515 412 2738 465 conversi
2763 427 2850 464 vos
2879 411 3196 479 disrumpunt
3221 410 3434 479 (Matth.
3465 412 3515 466 7.
3540 414 3593 480 6)
3621 433 3634 466 :

2057 501 2108 555 id
2139 501 2278 572 quod
2309 511 2363 555 et
2384 501 2468 556 hic
2494 501 2688 556 factum
2716 511 2816 555 est.
2847 501 3107 570 Apposuit
3133 502 3274 555 enim
3303 516 3485 570 porco,
3519 501 3642 556 huic

2057 592 2211 646 malie
2249 593 2453 657 bestiae,
2497 592 2726 647 dremoni
2767 592 3035 656 videlicet,
3058 592 3147 661 qui
3193 607 3288 662 per
3333 603 3639 661 serpentem

2055 683 2395 752 Operabatur,
2451 683 2660 738 divinas
2708 685 3040 754 margaritas,
3075 693 3132 738 et
3161 698 3264 737 non
3310 683 3483 738 solum
3525 684 3642 737 illas

2054 773 2406 840 eonculcavit,
2437 783 2491 828 et
2519 774 2675 828 dictis
2713 789 2772 829 se
2814 775 3081 844 opposuit,
3113 773 3209 829 sed
3239 782 3294 828 et
3327 789 3640 836 conversus,

2057 878 2162 918 non
2203 864 2370 933 ipsam
2412 864 2608 932 solum,
2636 864 2730 920 sed
2758 879 2880 919 cum
2910 866 3022 935 ipsa
3051 865 3426 936 primigenium
3472 866 3646 919 homi-

2058 972 2177 1012 nem
2223 973 2434 1028 quoque
2472 959 2527 1013 in
2557 960 2905 1029 praecipitium
2947 959 3322 1015 inobedientia:
3368 960 3635 1029 perduxit.

2056 1049 2284 1103 Tantum
2335 1051 2531 1105 malum
2578 1059 2662 1106 est
2695 1051 2895 1121 absque
2923 1050 3131 1106 delectu
3160 1052 3328 1106 cuivis
3357 1059 3410 1105 et
3440 1053 3640 1121 promi-

2059 1155 2184 1196 scue
2221 1142 2400 1196 divina
2441 1143 2689 1214 mysteria
2711 1143 2977 1213 detegere.
3005 1144 3238 1198 Audiam
3268 1144 3359 1214 qui
3387 1145 3502 1198 sine
3525 1145 3643 1199 dis-

2057 1232 2280 1286 crimine
2332 1232 2643 1303 simpliciter
2675 1248 2796 1289 cum
2824 1233 3074 1288 omnibus
3113 1233 3508 1302 colloquuntur.
3534 1233 3641 1288 Ne-

2059 1339 2161 1392 que
2183 1325 2324 1378 enim
2367 1323 2438 1380 ibi
2483 1324 2729 1380 Christus
2767 1325 2835 1387 de
2877 1326 3112 1381 sensibili
3158 1341 3321 1396 porco
3368 1328 3639 1398 praecepit,

2060 1416 2154 1470 sed
2177 1416 2420 1471 homines
2465 1418 2698 1486 porcinis
2739 1418 2978 1473 moribus
3021 1418 3339 1486 subindicat,
3371 1420 3460 1490 qui
3505 1420 3643 1476 sicut

2063 1507 2215 1562 bruta
2244 1507 2328 1562 illa
2361 1508 2414 1561 in
2445 1509 2646 1577 peccati
2674 1509 2787 1564 luto
2822 1510 3184 1574 involvuntur,
3213 1509 3412 1564 docens
3438 1525 3555 1574 nos,
3587 1518 3643 1563 ut

2063 1612 2411 1666 personarum
2435 1599 2794 1654 diversitatem
2825 1599 3219 1669 dignoscamns,
3247 1610 3301 1655 et
3329 1600 3448 1654 vitae
3477 1601 3641 1654 ratio.

2063 1702 2160 1742 nes
2186 1687 2534 1758 inquiramus,
2558 1689 2773 1758 quando
2813 1689 3011 1758 aliquid
3056 1689 3356 1743 divinorum
3403 1689 3642 1759 eloquio-

2064 1794 2182 1833 rum
2211 1794 2484 1849 exponere
2513 1795 2647 1850 opus
2673 1780 2860 1846 fuerit,
2895 1797 2961 1836 ne
2980 1791 3034 1836 et
3064 1781 3184 1836 illos
3213 1790 3266 1835 et
3294 1784 3643 1852 nosmetipsos

2064 1870 2340 1926 ltedamus.
2370 1871 2501 1925 Nam
2532 1873 2622 1942 qui
2649 1873 2780 1929 tales
2800 1881 2942 1938 sunt,
2977 1888 3080 1928 non
3117 1873 3288 1927 solum
3334 1873 3467 1927 nihil
3514 1875 3644 1930 lucri

2065 1975 2130 2016 ex
2155 1961 2313 2018 dictis
2350 1962 2584 2032 capiunt,
2616 1963 2710 2017 sed
2741 1971 2796 2018 et
2817 1978 2911 2018 eos
2930 1964 3020 2033 qui
3048 1963 3213 2018 bonas
3246 1964 3362 2017 illas
3389 1965 3645 2034 margari-

2066 2061 2146 2108 tas
2173 2053 2374 2122 absque
2401 2053 2770 2123 disquisitione
2806 2055 2911 2109 illis
2953 2063 3360 2125 proposuerant,
3392 2070 3569 2110 secum
3593 2055 3645 2109 in

2065 2157 2176 2197 suae
2203 2143 2517 2211 perditionis
2546 2144 2863 2213 profundum
2893 2159 3036 2214 saepe
3083 2154 3472 2215 pertraxerunt.
3525 2145 3646 2201 ideo

2065 2250 2185 2290 cum
2227 2236 2499 2307 diligentia
2547 2237 2878 2292 observanda
2920 2237 3208 2302 sunthaec,
3239 2253 3308 2294 ne
3335 2239 3519 2294 eadem
3551 2253 3645 2308 pa-

2067 2327 2260 2382 tiamur
2278 2343 2396 2398 quae
2422 2329 2500 2411 illi
2519 2329 2610 2399 qui
2638 2328 2725 2384 hic
2749 2329 2958 2398 decepti
3001 2338 3146 2386 sunt.
3196 2329 3328 2384 Nam
3358 2338 3413 2385 et
3439 2345 3579 2385 nune
3604 2331 3646 2384 si

2068 2421 2323 2475 voluisset
2363 2421 2554 2475 mulier
2598 2435 2704 2476 non
2753 2436 3056 2492 proponere
3105 2422 3417 2492 margaritas
3463 2437 3645 2492 porco,

2070 2524 2242 2580 neque
2272 2511 2385 2580 ipsa
2410 2509 2462 2564 in
2506 2511 2855 2580 principitium
2902 2511 3117 2579 ruisset,
3140 2526 3314 2581 neque
3357 2513 3526 2566 virum
3558 2527 3648 2566 se-

2067 2616 2189 2656 cum
2223 2604 2485 2658 traxisset.
2566 2653 2578 2662 .

2139 2695 2192 2749 3.
2232 2694 2336 2749 Sed
2374 2695 2649 2750 audiamus
2677 2695 2804 2766 quid
2834 2695 2904 2750 illi
2936 2697 3274 2768 respondeat.
3323 2696 3453 2752 Nam
3481 2707 3539 2752 ut
3565 2697 3649 2752 di-

2068 2793 2240 2849 xerat,
2269 2783 2370 2840 Cur
2393 2785 2522 2840 dixit
2546 2785 2705 2853 Deus,
2733 2785 2810 2842 De
2829 2788 2964 2841 omni
2986 2786 3122 2858 ligno
3153 2788 3380 2858 paradisi
3405 2805 3466 2844 ne
3488 2804 3653 2841 come-

2071 2877 2245 2930 datis?
2269 2877 2439 2946 inquit
2461 2878 2651 2933 mulier
2671 2877 2905 2948 serpenti
2940 2896 2951 2931 :
2979 2878 3034 2932 2.
3059 2879 3136 2933 De
3164 2880 3300 2933 omni
3326 2879 3463 2951 ligno
3502 2897 3652 2950 para-

2070 2966 2170 3020 disi
2195 2967 2532 3034 comedimus;
2576 2969 2627 3023 5.
2661 2968 2726 3022 de
2752 2972 2920 3038 fructu
2945 2979 3111 3023 autem
3147 2971 3290 3040 ligni,
3333 2970 3468 3042 quod
3495 2981 3565 3025 est
3599 2971 3652 3023 in

2071 3059 2234 3112 medio
2271 3060 2516 3130 paradisi,
2569 3060 2696 3114 dixit
2734 3058 2892 3125 Dens,
2937 3076 2998 3114 ne
3033 3060 3325 3126 comedatis,
3349 3077 3503 3130 neque
3529 3063 3652 3114 atti-

2071 3149 2241 3219 geritis
2268 3149 2455 3218 ipsum,
2479 3157 2532 3201 ut
2562 3164 2662 3203 non
2685 3149 2992 3203 moriamini.
3014 3149 3202 3208 Vidisti
3235 3151 3612 3220 malignitatem
3631 3152 3656 3202 ?

2075 3237 2218 3291 Dixit
2244 3238 2386 3307 quod
2416 3253 2518 3293 non
2549 3247 2682 3304 erat,
2713 3247 2773 3293 ut
2798 3238 2849 3292 in
2879 3239 3200 3308 colloquium
3230 3250 3560 3309 provocarct,
3601 3250 3655 3294 et

2073 3327 2305 3383 disceret
2342 3327 2394 3383 id
2431 3328 2572 3398 quod
2617 3336 2751 3383 erat.
2782 3327 2968 3383 Mulier
3001 3330 3142 3384 enim
3171 3338 3354 3399 postea
3384 3329 3654 3385 confidens

2074 3418 2222 3487 quasi
2251 3417 2509 3474 benevole
2537 3433 2661 3488 erga
2684 3433 2743 3474 se
2771 3418 2988 3475 affectus
3012 3429 3174 3484 esset,
3228 3428 3393 3474 totum
3431 3421 3658 3475 manda-

2077 3517 2186 3563 tum
2231 3507 2468 3575 detexit,
2524 3509 2908 3580 diligenterque
2955 3510 3226 3565 recensuit
3249 3510 3446 3575 omnia,
3491 3521 3544 3566 et
3573 3526 3659 3565 re-

2075 3612 2272 3668 sponso
2305 3615 2405 3654 suo
2441 3613 2655 3654 omnem
2691 3601 3005 3671 sibimetipsi
3031 3601 3391 3658 defensionem
3418 3603 3655 3658 abstulit.

2076 3688 2215 3756 Quid
2243 3690 2386 3745 enim
2415 3699 2565 3760 potes
2586 3690 2787 3760 dicere,
2819 3707 2853 3747 ο
2879 3693 3106 3748 mulier?
3147 3691 3292 3747 Dixit
3335 3693 3473 3748 Deus
3503 3696 3542 3758 ⁸,
3575 3693 3659 3748 Ne

2075 3781 2352 3837 comedatis
2379 3782 2444 3835 de
2469 3783 2605 3836 omni
2625 3783 2761 3854 ligno
2784 3783 2918 3853 quod
2947 3793 3018 3837 est
3051 3784 3104 3837 in
3130 3784 3388 3854 paradiso.
3437 3784 3658 3854 Oporte-

2077 3870 2170 3926 bat
2213 3879 2265 3926 te
2301 3872 2535 3926 aversari
2583 3887 2726 3938 eum,
2755 3872 2846 3942 qui
2890 3872 3101 3928 diversa
3131 3888 3160 3926 a
3193 3875 3302 3928 Deo
3327 3874 3552 3938 dixerat,
3603 3883 3659 3929 et

2077 3962 2258 4019 dicere
2311 3980 2324 4017 :
2373 3966 2572 4034 Apage,
2617 3964 2879 4034 impostor
2902 3980 2962 4021 es
2991 3973 3067 4030 tu,
3113 3966 3483 4035 nescisneque
3507 3982 3659 4021 man-

2079 4055 2189 4111 dati
2229 4055 2383 4112 nobis
2427 4056 2538 4112 dati
2585 4057 2913 4127 potentiam,
2972 4072 3144 4128 neque
3173 4059 3384 4128 quantis
3414 4058 3658 4124 fruimur,

2081 4161 2256 4217 neque
2279 4147 2486 4217 copiam
2512 4161 2700 4202 eorum
2743 4162 2861 4216 quin
2891 4147 3045 4202 nobis
3082 4149 3505 4218 suppeditantur.
3527 4148 3659 4203 Nam

2083 4245 2138 4293 tu
2176 4237 2387 4308 quidem
2429 4238 2508 4292 ais
2536 4239 2702 4294 Deum
2729 4238 2946 4302 dixisse,
2997 4238 3200 4292 nullum
3241 4253 3340 4293 nos
3382 4239 3662 4310 degustare

2081 4327 2278 4384 debere
2311 4327 2553 4398 lignum;
2600 4328 2854 4383 Dominus
2891 4337 3069 4383 autem
3097 4339 3153 4383 et
3179 4329 3436 4384 Conditor
3462 4330 3532 4384 ob
3560 4329 3661 4382 im-

2082 4435 2321 4476 mensam
2348 4435 2498 4476 suam
2526 4421 2816 4476 bonitatem
2844 4420 2996 4475 nobis
3020 4421 3260 4490 permisit
3284 4421 3408 4487 frui,
3432 4429 3485 4476 et
3509 4432 3661 4490 pote-

2082 4522 2273 4568 statem
2321 4512 2521 4568 habere
2560 4513 2833 4579 omnium;
2874 4513 2942 4567 ab
2987 4527 3095 4566 uno
3149 4520 3349 4566 tantum
3393 4513 3664 4567 abstinere

2077 4605 2256 4674 jussit,
2311 4603 2469 4674 idque
2519 4604 2672 4659 nobis
2718 4604 3024 4669 consulens,
3071 4611 3131 4656 ut
3173 4619 3238 4657 ne
3274 4611 3488 4673 gustato
3540 4602 3658 4664 illo,

2082 4708 2256 4752 morte
2283 4695 2739 4751 occumberemus.
2778 4695 3092 4766 Oportebat,
3124 4696 3168 4750 si
3197 4695 3410 4765 quidem
3431 4695 3663 4765 prudens

2083 4789 2287 4854 fuisset,
2336 4788 2418 4844 his
2460 4788 2614 4842 dictis
2654 4789 2799 4842 illum
2841 4787 3059 4842 omnino
3099 4787 3370 4852 aversari,
3425 4787 3663 4856 nihilque

2085 4880 2223 4935 ultra
2264 4880 2336 4933 illi
2382 4879 2555 4948 loqui,
2599 4891 2772 4947 neque
2792 4876 2978 4932 audire
3017 4876 3324 4947 loquentem
3359 4894 3372 4930 :
3406 4877 3500 4932 sed
3538 4878 3659 4939 ista,

2086 4973 2324 5029 revelato
2368 4980 2666 5040 pra-cepto,
2715 4978 2771 5024 ct
2821 4969 3051 5023 narratis
3106 4970 3198 5024 Dei
3243 4971 3458 5036 verbis,
3517 4967 3660 5023 aliud

2084 5063 2346 5120 letiferum
2390 5069 2444 5116 et
2495 5061 2852 5130 perniciosum
2888 5059 3170 5114 consilium
3217 5060 3285 5114 ab
3325 5060 3417 5114 illo
3453 5059 3660 5128 accipit.

2084 5155 2214 5210 Nam
2244 5163 2524 5225 postquam
2551 5153 2686 5208 dixit
2709 5153 2901 5206 mulier
2949 5170 2963 5206 :
3011 5150 3090 5205 De
3119 5153 3254 5205 omni
3281 5151 3418 5222 ligno
3443 5151 3664 5221 paradisi

2082 5249 2299 5313 edimus,
2339 5246 2402 5300 de
2443 5249 2611 5316 fructu
2641 5253 2811 5299 autem
2852 5244 2979 5314 ligni
3020 5243 3155 5315 quod
3191 5251 3261 5296 est
3293 5243 3346 5296 in
3386 5241 3548 5295 medio
3574 5257 3666 5310 ραι

2085 5342 2263 5405 radisi,
2313 5340 2444 5396 dixit
2493 5339 2653 5407 Deus,
2700 5355 2761 5393 ne
2793 5339 3068 5394 comedatis
3107 5353 3169 5392 ea:
3201 5336 3314 5401 illo,
3357 5351 3515 5406 neque
3545 5335 3664 5386 atti-

2083 5435 2256 5506 geritis
2279 5435 2464 5503 ipsum,
2516 5449 2578 5487 ne
2604 5432 2931 5497 moriemini,-
2967 5430 3158 5486 iterum
3201 5428 3460 5498 malignus
3481 5426 3661 5480 salutis

2149 5633 2165 5662 ⁸
2190 5631 2338 5681 Savil.
2361 5628 2497 5693 addit
2515 5631 2564 5678 ln
2586 5629 2826 5693 margine,
2855 5643 3003 5693 quare
3033 5630 3100 5692 (τί
3122 5627 3236 5690 ὅτι),
3259 5625 3658 5683 sententiamque

2089 5691 2444 5756 interrogative
2463 5692 2748 5753 distinguit.
