4074 6134
385 280 492 336 ττι

386 395 635 461 ἐποίησε
680 392 897 459 Κύριος
929 391 963 444 ό
1013 390 1189 454 Θεός·
1223 387 1397 458 τούτῳ
1450 387 1641 460 ὥσπερ
1696 391 1912 461 ὀργάνῳ
1947 390 2055 443 τινὶ

385 480 667 553 χρώμενος
695 491 745 543 ι,
783 477 851 530 δι’
900 473 1065 530 αὐτοῦ
1103 474 1167 528 τὸ
1226 474 1501 530 ἄπλαστον
1544 476 1638 530 καὶ
1668 475 2055 548 ἀσθενέστερον

387 567 604 630 σκεῦος,
629 565 728 636 τὴν
754 566 990 635 γυναῖκα
1013 562 1179 632 λέγω,
1207 562 1296 616 διά
1317 562 1418 634 τῆς
1448 562 1662 633 ὁμιλίας
1702 565 1784 627 εἰς
1806 563 1908 635 τὴν
1932 563 2059 616 ἐαυ⁸

387 656 481 709 τοῦ
513 654 732 723 ἀπάτην
770 651 1103 706 ἐκκαλεῖται.
1140 650 1253 705 Καὶ
1284 646 1438 714 εἷπε,
1484 651 1671 721 φησὶν,
1721 654 1754 706 ὁ
1793 652 1930 719 ὄφις
1985 650 2061 720 τῇ

386 740 650 811 γυναικί.
683 738 933 808 Δογίζου,
959 737 1232 808 ἀγαπητὴ
1265 738 1333 790 ἐκ
1350 737 1564 804 τούτου,
1589 738 1706 801 πῶς
1728 738 1880 791 οὐδὲν
1907 733 1976 808 ἦν
2003 739 2061 792 ἐν

388 826 698 898 προοιμίοις
728 824 957 895 φοϐερὸν
992 823 1104 878 τῶν
1131 823 1338 896 θηρίων
1362 823 1472 880 τῶν
1509 824 1911 896 γεγενημένων,
1939 823 2059 880 οὐτε

387 916 467 985 τῷ
487 914 663 985 ἀνδρὶ,
698 911 822 966 οὐτε
869 914 937 982 τῇ
964 912 1208 977 γυναικὶ,
1240 910 1378 965 ἀλλά
1403 911 1502 982 τὴν
1527 910 1806 982 ὑποταγὴν
1836 911 1932 965 καὶ
1962 909 2062 981 τὴν

387 1001 708 1056 δεσποτείαν
741 999 1131 1067 ἐπεγίνωσκον,
1184 998 1278 1052 καί.
1316 998 1567 1070 καθάπερ
1599 996 1696 1052 νῦν
1737 998 1805 1052 τὰ
1856 998 2058 1069 ἥμερα,

388 1090 531 1143 οὑτω
548 1088 644 1142 καὶ
658 1088 727 1143 τά
744 1087 912 1158 ἄγρια
933 1086 1029 1140 καὶ
1044 1084 1310 1139 ἀτίθασσα
1330 1086 1449 1138 τότε
1468 1083 1726 1156 χειροήθη
1742 1083 2056 1154 ἐτύγχανεν.

461 1176 530 1245 β’.
557 1174 695 1228 Ἀλλ’
718 1176 847 1236 ῖσως
861 1171 1099 1227 ἐνταῦθα
1123 1172 1504 1243 διαπορήσειεν
1523 1172 1588 1226 ἄν
1614 1187 1721 1234 τις,
1746 1171 1838 1224 καὶ
1868 1171 2061 1241 μαθεῖν

389 1262 698 1333 ζητήσειεν,
722 1262 771 1313 εἰ
802 1259 896 1313 καὶ
923 1259 985 1312 τὸ
1020 1256 1209 1329 θηρίον
1237 1256 1399 1326 λόγου
1447 1261 1716 1328 μετεῖχεν.
1758 1258 1833 1310 Οὐ
1869 1255 2058 1310 τοῦτο·

394 1349 470 1419 μὴ
491 1348 702 1416 γένοιτο
724 1364 738 1378 ·
790 1345 906 1399 ἀλλ’
930 1345 1020 1400 ἀεὶ
1059 1345 1483 1409 ἀκολουθοῦντας
1518 1345 1548 1385 ι»
1580 1347 1646 1416 τῇ
1682 1344 1870 1415 Γραφῇ
1904 1341 2061 1398 τοῦτο

390 1436 703 1507 λογίζεσθαι
731 1434 856 1508 χρὴ,
876 1436 958 1488 ὅτι
992 1436 1061 1489 τά
1086 1435 1185 1504 μὲν
1215 1436 1437 1506 ῥήματα
1465 1429 1534 1505 ἦν
1571 1433 1667 1486 τοῦ
1690 1432 1937 1487 διαϐόλου
1963 1431 2059 1486 τοῦ

389 1527 479 1580 διά
516 1509 608 1579 ’ὧν
629 1526 826 1579 οἰκεῖον
847 1523 1041 1593 φθόνον
1074 1523 1212 1593 πρὸς
1234 1522 1333 1593 τὴν
1378 1524 1595 1594 ἀπάτην
1621 1522 1827 1592 ταύτην
1851 1523 2062 1593 διεγερ-

393 1611 577 1671 θέντος
601 1627 618 1642 ·
645 1609 723 1680 τῷ
767 1610 824 1662 δὲ
851 1608 1024 1680 θηρίῳ
1062 1609 1235 1676 τούτῳ
1289 1607 1478 1679 ὥσπερ
1528 1610 1818 1680 ἐπιτηδείῳ
1844 1609 2062 1679 ὀργάνῳ

392 1698 686 1768 ἐχρήσατο,
743 1695 832 1749 ἴνα
874 1694 1073 1766 δυνηθῇ
1125 1695 1186 1748 τὸ
1212 1695 1404 1767 δέλεαρ
1442 1696 1543 1767 τῆς
1586 1696 1795 1759 οἰκείας
1846 1695 2062 1765 ἀπάτης

392 1786 574 1849 ἐνιεὶς,
606 1782 960 1838 ὑποσκελίσαι
998 1783 1262 1856 πρότερον
1294 1783 1392 1849 μὲν
1431 1784 1531 1855 τὴν
1564 1786 1816 1852 γυναῖκα,
1853 1782 1948 1836 an
1974 1782 2062 1835 ἀεὶ

395 1868 757 1941 εὐκολώτερον
779 1870 1083 1940 δυναμένην
1110 1869 1476 1940 ἀπατηθῆναι,
1507 1869 1698 1924 ἔπειτα
1719 1869 1776 1923 δὲ
1805 1869 1871 1923 δι’
1894 1868 2062 1938 αὐτῆς

396 1952 492 2005 καὶ
523 1951 614 2005 τὸν
644 1951 1086 2023 πρωτόπλαστον.
1117 1951 1207 2022 Τῷ
1234 1949 1327 2006 οὖν
1355 1951 1537 2022 ἀλόγῳ
1563 1950 1737 2021 τούτῳ
1789 1951 2062 2022 χρησάμε-

396 2056 483 2102 νος
529 2039 667 2110 πρὸς
696 2040 798 2109 τὴν
825 2039 925 2109 τῆς
950 2039 1244 2108 ἐπιϐουλῆς
1289 2038 1653 2107 κατασκευὴν,
1706 2038 1772 2090 δι’
1802 2035 1966 2091 αὐτοῦ
1993 2038 2060 2108 τῇ

393 2128 616 2193 γυναικὶ
635 2126 961 2195 διαλέγεται,
983 2126 1078 2179 καί
1100 2142 1262 2196 φησιο
1299 2127 1360 2180 Τί
1390 2125 1480 2179 ὅτι
1509 2121 1678 2179 εἶπεν
1710 2126 1742 2178 ό
1766 2123 1930 2189 Θεὸς,
1976 2125 2060 2177 Οὐ

386 2212 475 2281 μὴ
514 2212 743 2281 φάγητε
783 2212 903 2267 ἀπὸ
950 2215 1178 2278 παντὸς
1225 2213 1415 2277 ξύλου
1448 2213 1556 2267 τοῦ
1599 2211 1970 2281 παραδείσου
2000 2221 2058 2278 α;

393 2299 654 2353 Σκοπεῖτε
697 2298 931 2352 ἐνταῦθα
980 2300 1317 2371 κακουργίας
1346 2300 1654 2371 ὑπερϐολὴν
1704 2298 2056 2369 λεπτοτάτην.

393 2387 470 2441 Τὸ
498 2388 574 2459 μὴ
604 2386 767 2458 ῥηθὲν
794 2386 901 2440 ὑπὸ
922 2385 1015 2439 τοῦ
1039 2386 1174 2440 Θεοῦ
1199 2388 1257 2438 ἐν
1281 2385 1433 2451 τάξει
1465 2386 1778 2458 συμϐουλῆς
1799 2388 1896 2441 καὶ
1921 2389 2061 2458 ἐρω-

392 2475 603 2545 τήσεως
627 2474 858 2542 εἰσάγει,
893 2475 987 2528 καὶ
1011 2474 1212 2528 ὠσανεί
1242 2472 1392 2545 [I25]
1425 2474 1524 2544 τὴν
1569 2475 1709 2546 ὑπὲρ
1741 2473 1921 2529 αὐτῶν
1954 2492 2058 2544 κη-

390 2559 644 2631 δεμονίαν
665 2560 984 2631 ποιούμενος
1001 2576 1014 2591 ·
1042 2559 1201 2614 τοῦτο
1223 2560 1332 2631 γάρ
1363 2562 1509 2614 ἐστιν
1535 2560 1965 2631 ἐνδεικνυμένου,
1998 2560 2060 2614 τὸ

393 2647 596 2715 λέγειν,
623 2648 684 2702 Τί
708 2647 798 2702 ὅτι
828 2643 1001 2701 εἶπεν
1029 2650 1062 2701 ὁ
1085 2646 1252 2712 Θεὸς,
1286 2648 1369 2702 Οὐ
1396 2646 1483 2716 μὴ
1511 2647 1741 2718 φάγητε
1765 2647 1885 2701 άπὸ
1910 2660 2060 2701 παν-

393 2734 498 2799 τὸς
519 2733 711 2797 ξύλου
736 2733 840 2788 τοῦ
869 2732 1272 2802 παραδείσου;
1321 2733 1599 2804 μονονουχὶ
1624 2733 1796 2804 λέγων
1835 2735 1864 2786 ὁ
1901 2751 2059 2804 πονη-

396 2820 488 2891 ρὸς
515 2816 669 2884 οὗτος
700 2820 930 2891 δαίμων,
961 2821 1118 2884 Τίνος
1148 2820 1333 2873 ἐνεκεν
1369 2820 1740 2891 ἀπεστέρησεν
1794 2822 1937 2891 ὑμᾶς
1959 2822 2058 2891 τῇς

390 2907 660 2979 τοσαύτης
683 2907 1036 2971 ἀπολαύσεως
1059 2923 1075 2972 ;
1104 2906 1192 2960 διὰ
1216 2905 1266 2959 τί
1292 2906 1352 2959 οὐ
1379 2910 1649 2979 συγχωρεῖ
1675 2909 1923 2979 μετέχειν
1947 2907 2056 2961 τῶν

391 2996 450 3049 ἐν
482 2995 561 3066 τῷ
586 2995 901 3067 παραδείσῳ
924 2992 1164 3062 ἀγαθῶν,
1192 2992 1326 3048 ἀλλά
1351 2994 1452 3065 τῆς
1496 2995 1594 3065 μὲν
1631 2993 1758 3058 θέας
1784 2995 1885 3065 τὴν
1918 2995 2056 3049 ἀπό-

390 3082 579 3137 λαυσιν
594 3081 922 3153 ἐδωρήσατο,
950 3081 1050 3134 οὐκ
1070 3079 1264 3151 ἀφίησι
1278 3080 1334 3134 δὲ
1353 3081 1691 3151 μεταλαϐεῖν,
1721 3080 1816 3134 καὶ
1839 3081 2057 3135 πλείονα

391 3159 787 3239 καρπώσασθαι
813 3167 911 3239 τὴν
940 3168 1168 3240 ἡδονήνς
1196 3166 1262 3221 Τί
1285 3166 1374 3221 ὅτι
1392 3164 1560 3222 εἶπεν
1582 3171 1615 3223 ό
1641 3168 1818 3235 Θεός;
1852 3168 1950 3221 Διά
1979 3167 2056 3232 τί,

391 3255 547 3326 φησὶ,
580 3254 768 3320 τοῦτο;
797 3254 850 3308 τί
871 3254 933 3308 τὸ
957 3252 1147 3325 ὄφελος
1171 3253 1267 3325 τῆς
1296 3255 1355 3306 ἐν
1394 3254 1472 3325 τῷ
1501 3255 1812 3326 παραδείσῳ
1859 3254 2059 3324 διαγω-

388 3343 513 3413 γῆς,
549 3343 678 3396 ὅταν
705 3342 778 3412 μὴ
807 3341 901 3412 ἐξῇ
935 3341 1043 3394 τῶν
1071 3343 1130 3394 ἐν
1178 3339 1328 3412 αὑτῷ
1360 3341 1653 3395 ἀπολαύειν
1678 3381 1695 3406 ,
1727 3341 1863 3395 ἀλλά
1883 3343 2056 3415 ταύτῃ

391 3428 627 3500 μάλιστα
651 3428 872 3482 πλείονα
898 3428 998 3500 τὴν
1017 3426 1210 3498 ὀδύνην
1238 3427 1402 3497 ἔχειν,
1427 3429 1554 3481 ὅταν
1579 3427 1675 3481 θέα
1712 3424 1889 3502 μὲνῇ,
1918 3429 2054 3484 ἀπό-

388 3514 579 3580 λαυσις
611 3516 669 3569 δὲ
702 3517 735 3586 ἡ
781 3514 889 3570 ἀπὸ
925 3517 1025 3586 τῆς
1065 3515 1417 3586 μεταλήψεως
1445 3515 1471 3555 ά
1504 3517 1579 3586 μὴ
1614 3516 1860 3589 γίνηται;
1902 3514 2056 3580 Εἶδες

390 3602 526 3668 πῶς,
555 3602 805 3674 καθάπερ
824 3601 1038 3672 δέλεαρ,
1069 3599 1159 3654 διά
1197 3601 1305 3655 τῶν
1351 3602 1611 3673 ῥημάτων
1646 3604 1851 3676 ἐνίησιν
1889 3604 2053 3657 αὑτοῦ

388 3691 482 3745 τὸν
511 3692 620 3757 ίόν;
647 3691 775 3744 Δέον
793 3689 891 3762 τὴν
936 3690 1169 3758 γυναῖκα
1199 3689 1258 3754 ἐξ
1305 3690 1472 3761 αὐτῆς
1520 3693 1619 3761 τῆς
1662 3692 2054 3763 ἐπιχειρήσεως

390 3779 720 3848 κατανοῆσαι
753 3778 852 3847 τῆς
885 3777 1082 3846 μανίας
1111 3775 1210 3847 τὴν
1263 3776 1590 3848 ὑπερϐολὴν,
1625 3776 1720 3831 καὶ
1748 3779 1831 3831 ὅτι
1860 3781 1931 3832 τὰ
1977 3778 2053 3849 μὴ

388 3866 518 3919 ὄντα
560 3864 812 3935 ἐπίτηδες
831 3863 1000 3932 λέγει,
1025 3864 1119 3917 καὶ
1145 3865 1202 3917 ἐν
1224 3862 1372 3928 τάξει
1403 3858 1565 3935 δῆθεν
1595 3864 1937 3936 κηδεμονίας,
1967 3865 2053 3918 ἵνα

391 3951 582 4022 μαθεῖν
602 3950 804 4022 δυνηθῇ
833 3950 902 4004 τά
923 3948 1076 4021 παρά
1104 3949 1197 4003 τοῦ
1223 3949 1357 4002 Θεοῦ
1380 3951 1562 4015 αὐτοῖς
1594 3949 1936 4015 ἐνταλθέντα,
1956 3950 2053 4003 καὶ

388 4039 531 4095 οὕτω
548 4040 683 4111 πρὸς
703 4039 800 4110 τὴν
827 4039 1139 4110 παράϐασιν
1164 4039 1360 4102 αὐτοὺς
1381 4038 1602 4110 ἐλκύσῃ.
1636 4038 1916 4109 Δυναμένη
1943 4039 2054 4092 τοί-

388 4145 482 4182 νυν
512 4127 716 4191 εὐθέως
744 4127 974 4181 συνιδεῖν
999 4126 1166 4180 αὐτοῦ
1189 4125 1289 4197 τὴν
1314 4126 1548 4196 ἀπάτην,
1573 4125 1669 4180 καί
1693 4127 2050 4198 ἀποστραφῆ-

352 4235 358 4239 ν
386 4230 475 4267 ναι
495 4212 679 4266 λοιπὸν
708 4211 805 4282 τὴν
840 4210 976 4282 πρὸς
997 4211 1158 4266 αὐτὸν
1193 4210 1424 4276 διάλεξιν
1451 4210 1525 4272 ὼς
1552 4211 1781 4281 περιττά
1799 4209 2047 4280 λέγοντα,

386 4299 484 4353 καὶ
513 4300 589 4371 μὴ
625 4298 825 4370 ἑαυτὴν
859 4301 940 4361 είς
983 4298 1250 4370 τοσαύτην
1281 4299 1644 4370 ταπεινότητα
1676 4300 2045 4367 καταγαγεῖν,

385 4386 487 4440 οὐκ
517 4386 800 4457 ἠθέλησεν.
830 4385 977 4440 Ἔδει
1000 4384 1099 4456 μὲν
1124 4385 1231 4456 γάρ
1267 4385 1403 4456 μηδὲ
1429 4385 1490 4450 ἐξ
1514 4385 1687 4456 ἀρχῆς
1716 4386 2047 4457 ἀνασχέσθαι

383 4476 486 4548 τῆς
508 4474 644 4547 πρὸς
658 4475 819 4529 αὑτὸν
835 4473 1142 4538 διαλέξεως,
1157 4473 1271 4528 ἀλλ’
1289 4472 1483 4544 ἐκείνῳ
1510 4473 1658 4544 μόνῳ
1679 4473 2043 4542 διαλέγεσθαι,

383 4564 451 4617 δι’
480 4563 539 4616 ὃν
571 4560 825 4634 παρήχθη
845 4601 861 4624 ,
895 4561 990 4615 καὶ
1018 4559 1270 4623 κοινωνὸς
1314 4559 1456 4614 κατὰ
1493 4561 1591 4629 τὴν
1633 4558 1789 4625 ἀξίαν
1827 4560 2046 4629 γέγονε,

384 4653 480 4704 καὶ
528 4650 610 4712 εἰς
650 4648 899 4719 βοήθειαν
951 4645 1373 4718 ἐδημιουργήθη.
1436 4645 1654 4716 Ἐπειδὴ
1699 4647 1755 4700 δὲ
1804 4646 1904 4700 οὐκ
1949 4644 2045 4700 οἷδ’

382 4738 528 4800 ὅπως
575 4736 958 4805 παρασυρεῖσα
986 4733 1249 4803 ἠνέσχετο
1277 4732 1379 4802 τῆς
1422 4731 1638 4801 ὁμιλίας
1666 4734 1766 4802 τῆς
1795 4734 1929 4803 πρὸς
1955 4733 2045 4787 τὸν

381 4822 534 4891 ὅφιν,
592 4822 690 4876 καὶ
731 4821 946 4891 ἐδέχετο
995 4821 1063 4874 τά
1091 4819 1338 4890 ·όλέθρια
1393 4819 1615 4890 ῥήματα
1656 4819 1751 4873 τοῦ
1800 4820 2043 4876 διαϐόλου

379 4908 467 4962 διὰ
510 4908 699 4963 τούτου
747 4908 821 4970 ὡς
857 4907 925 4962 δι’
962 4905 1224 4977 ὀργάνου,
1263 4904 1551 4959 ἀκόλουθον
1585 4900 1654 4977 ἦν
1697 4905 1899 4971 εὐθέως
1936 4926 2043 4978 μα-

380 4995 580 5049 θοῦσαν
631 4997 696 5047 ἐκ
744 4994 853 5047 τῶν
904 4995 1032 5066 παρ’
1083 4991 1245 5046 αὐτοῦ
1296 4990 1591 5062 λεχθέντων
1627 4992 1725 5062 τὴν
1775 4992 2048 5047 ἐναντίω-

382 5100 467 5137 σιν
492 5082 601 5137 τῶν
651 5081 945 5154 ῥημάτων,
988 5080 1083 5133 καὶ
1111 5080 1193 5133 ὃτι
1238 5078 1401 5150 ἔτερα
1441 5079 1538 5149 μὲν
1569 5079 1599 5132 ὁ
1638 5078 2046 5150 δημιουργήσας

382 5169 732 5243 προσέταξεν,
784 5168 948 5238 ἕτερα
981 5167 1040 5220 δέ
1080 5160 1235 5230 οὗτος
1261 5175 1287 5204 ο
1326 5165 1423 5219 καὶ
1463 5165 1790 5229 ἀπεναντίας
1827 5164 1903 5236 τῷ
1946 5166 2042 5237 δη-

383 5256 628 5327 μιουργῷ
652 5255 836 5323 ἔλεγεν
856 5293 871 5318 ,
906 5252 1318 5324 ἀποστραφῆναι
1359 5251 1454 5305 καὶ
1501 5254 1694 5321 φυγεῖν
1721 5252 1905 5307 λοιπὸν
1944 5253 2044 5325 τὴν

378 5343 514 5414 πρὸς
554 5343 714 5397 αὐτὸν
745 5341 992 5413 ὁμιλίαν,
1034 5340 1129 5394 καὶ
1176 5338 1527 5409 βδελύξασθαι
1561 5340 1654 5393 τὸν
1698 5340 2045 5412 τολμήσαντα

375 5434 475 5501 τὴν
500 5429 706 5484 οἰκείαν
726 5429 978 5498 γλῶσσαν
1003 5427 1267 5496 ἀκονῆσαι
1300 5426 1440 5481 κατά
1472 5426 1570 5496 τῆς
1590 5425 1835 5497 δοθείσης
1861 5427 2043 5491 αὐτοῖς

375 5517 615 5588 ἐντολῆς.
655 5515 817 5569 ’Λλλά
839 5514 927 5568 διὰ
957 5513 1054 5585 τὴν
1087 5512 1286 5584 πολλὴν
1315 5510 1641 5583 ἀπροσεξίαν
1665 5511 1725 5564 οὐ
1758 5513 1917 5582 μόνον
1945 5514 2044 5568 οὐκ

375 5604 721 5677 ἀπεστράφη,
746 5601 883 5657 ἀλλά
912 5600 1006 5656 καὶ
1053 5598 1151 5671 τὴν
1179 5597 1394 5669 ἐντολὴν
1431 5598 1648 5653 ἃπασαν
1681 5597 1829 5670 αὐτῷ
1873 5600 2041 5653 ἐκκαο

377 5691 597 5756 λύπτει,
630 5690 723 5743 καὶ
748 5690 874 5753 τούς
900 5686 1242 5760 μαργαρίτας
1282 5686 1360 5757 τῷ
1391 5685 1557 5757 χοίρῳ
1586 5686 1909 5756 προτίθησι,
1949 5689 2045 5741 καὶ

435 5791 464 5821 ⁸
501 5790 598 5841 Alii
638 5789 947 5852 χρησάμενος.
1009 5787 1229 5852 ‘bASanil.
1272 5784 1748 5852 κατακολουθοῦντας.
1838 5785 2036 5852 σίδαν-ξι.

372 5852 458 5962 ’ἑοῦ
481 5852 622 5962 ἔνδΞῷ
639 5846 933 5959 ξτὶξραδείσῳ.
999 5847 1025 5888 ά
1046 5850 1250 5911 Quidam
1265 5861 1381 5898 mss.
1410 5850 1445 5906 ἡ
1465 5848 1559 5897 ἀπὸ
1576 5854 1660 5906 τῆς
1677 5850 1801 5904 θέας.
1862 5851 1883 5876 ⁸
1905 5846 2037 5899 Colb.

401 5930 509 5977 τερα
602 5927 687 5960 αυτ
722 5928 758 5967 ς.

1513 272 1581 329 ΙΝ
1617 274 1768 330 CAP.
1798 274 1844 330 ﬂ
1905 274 2147 332 GENES.
2188 275 2420 333 IIOIIIL.
2456 275 2597 335 XVI.

3736 279 3861 333 1⁸28»

2161 391 2463 465 πληροῦται
2479 393 2540 446 τὸ
2555 390 2704 464 παρά
2726 390 2819 444 τοῦ
2844 390 3083 461 Χριστοῦ
3108 390 3415 461 είρημεᾝον*
3441 391 3537 459 Μὴ
3557 391 3826 459 ,βάλητεῖ

2161 477 2291 549 γὰρ,
2328 479 2462 551 φησί
2482 520 2498 545 ,
2547 478 2690 545 τοὺς
2712 478 3080 547 μαργαρίτας
3123 476 3292 546 ὑμῶν
3338 478 3681 547 ἔμπροσθεν
3716 477 3839 532 τῶν

2162 567 2401 634 χοίρων,
2430 565 2666 635 μήποτε
2699 565 3207 630 καταπατήσωσιν
3232 564 3456 631 αὐτοὺς
3483 567 3554 619 ἐν
3580 566 3703 632 τοῖς
3728 583 3833 620 πο-

2159 653 2264 706 σὶν
2284 653 2500 719 αὐτῶν,
2527 654 2627 707 καί
2661 651 3034 722 στραφέντες
3057 652 3330 720 ῥήξωσιν
3365 652 3550 723 ῠΜςο
3586 652 3614 707 ὃ
3651 654 3714 725 δὴ
3742 657 3834 709 καὶ

2158 738 2253 792 νῦν
2287 738 2503 807 γέγονε.
2536 737 2822 809 Παρέθηκε
2856 736 2964 808 γὰρ
2986 736 3064 807 τῷ
3092 737 3281 808 χοίρῳ,
3306 737 3385 807 τῷ
3412 738 3636 811 πονηρῷ
3660 740 3835 812 τούτῳ

2160 823 2356 895 θηρίῳ,
2386 824 2504 896 ῆτοι
2545 823 2624 894 τῷ
2655 823 2867 894 δαίμονι
2906 822 2986 894 τῷ
3023 823 3089 877 δι’
3132 822 3299 877 αὐτοῦ
3345 824 3684 896 ἐνεργοῦντι,
3709 828 3835 891 τοὺς

2161 907 2339 975 θείους
2379 910 2743 982 μαργαρίτας,
2783 909 2879 963 καὶ
2921 910 2982 962 οὐ
3020 906 3180 978 μόνον
3217 910 3413 975 αὐτοὺς
3450 914 3832 985 κατεπάτησε,

2162 995 2255 1047 καὶ
2292 995 2619 1060 ἀντετάξατο
2653 998 2762 1060 τοῖς
2807 995 3069 1066 ῥηθεῖσιν,
3117 995 3253 1049 ἀλλά
3287 997 3381 1048 καὶ
3428 999 3689 1068 στραφεὶς
3734 1002 3833 1053 οὐκ

2163 1082 2332 1154 αὐτὴν
2359 1082 2543 1153 μόνον,
2577 1082 2713 1137 ἀλλὰ
2747 1083 2862 1154 μετ’
2885 1082 3054 1152 αὑτῆς
3079 1082 3174 1135 καὶ
3194 1082 3284 1135 τὸν
3314 1084 3735 1154 πρωτόπλαστον
3756 1091 3849 1151 εἰς

2161 1168 2223 1222 τὸ
2249 1170 2349 1240 τῆς
2381 1172 2668 1243 παρακοῆς
2705 1171 2895 1243 ῥῆγμα
2926 1171 3223 1242 κατήγαγε.
3260 1171 3524 1226 Τοσοῦτόν
3582 1174 3697 1228 ἐστι
3736 1193 3839 1228 κα·-

2162 1257 2258 1312 κὸν
2299 1259 2486 1323 ἀπλῶς
2526 1260 2619 1314 καὶ
2656 1259 2732 1323 ὼς
2779 1258 2939 1330 ἔτυχε
2977 1260 3143 1312 πᾶσιν
3176 1261 3202 1300 Β
3235 1259 3685 1316 ἐκκαλύπτειντά
3719 1262 3835 1315 θεῖα

2166 1347 2459 1418 μυστήρια.
2505 1345 2875 1401 Ἀκουέτωσαν
2907 1347 2955 1399 οἰ
2987 1346 3175 1410 ἁπλῶς
3222 1348 3315 1401 καί.
3350 1347 3656 1421 ἀδιαφόρως
3701 1352 3837 1423 πρὸς

2165 1432 2407 1498 ἅπαντας
2435 1433 2826 1505 διαλεγόμενοι.
2855 1435 2989 1489 Οὐδὲ
3015 1435 3126 1505 γὰρ
3148 1435 3267 1489 ἐκεῖ
3287 1436 3415 1508 περὶ
3440 1436 3623 1507 χοίρου
3648 1439 3837 1509 αἰσθηη

2162 1519 2257 1572 τοῦ
2284 1520 2314 1573 ό
2341 1521 2576 1592 Χριστὸς
2600 1520 2773 1589 λέγει,
2792 1520 2927 1574 ἀλλά
2951 1522 3077 1586 τούς
3106 1521 3384 1594 χοιρώδεις
3408 1523 3517 1576 τῶν
3536 1522 3838 1595 ἀνθρώπων

2165 1609 2553 1679 αἰνιττόμενος,
2588 1608 2683 1661 καὶ
2712 1608 2915 1680 ὁμοίως
2940 1613 3053 1673 τοῖς
3087 1610 3303 1679 ἀλόγοις
3328 1612 3839 1683 ἐγκυλινδουμένους

2163 1692 2243 1764 τῷ
2270 1694 2372 1765 τῆς
2406 1694 2681 1765 ἁμαρτίας
2709 1693 2978 1767 βορϐόρῳ,
3025 1696 3298 1750 παιδεύων
3327 1699 3475 1767 ἡμᾶς
3513 1698 3710 1753 εἰδέναι
3744 1701 3841 1754 καὶ

2166 1779 2473 1849 προσώπων
2518 1781 2810 1851 διαφοράν,
2865 1782 2959 1834 καί
3007 1781 3283 1847 πολιτείας
3329 1785 3614 1855 ἐπιζητεῖν
3661 1786 3836 1859 [126]

2164 1865 2469 1936 ἀκρίϐειαν,
2507 1867 2669 1937 ἡνίκα
2719 1866 2784 1920 ἂν
2813 1867 2909 1940 δέῃ
2951 1886 3003 1921 τι
3029 1868 3138 1922 τῶν
3181 1868 3342 1922 θείων
3382 1869 3577 1938 λογίων
3605 1873 3839 1926 ἐκκαλύ-

2166 1968 2343 2017 πτειν,
2377 1952 2465 2005 ἵνα
2496 1953 2572 2024 μὴ
2612 1954 2901 2017 κάκείνους
2927 1957 3022 2009 καὶ
3061 1956 3288 2017 ἑαυτοὺς
3331 1955 3740 2028 λλμαινὼμεθα.
3772 1961 3836 2012 Ol

2164 2037 2275 2110 γάρ
2307 2038 2536 2093 τοιοῦτοι
2563 2039 2625 2092 οὐ
2667 2040 2826 2111 μόνον
2867 2040 3019 2094 οὐδὲν
3059 2041 3432 2113 κερδαίνουσιν
3467 2043 3576 2097 ἀπὸ
3612 2044 3718 2097 τῶν
3745 2045 3834 2099 λε-

2163 2125 2428 2195 γομένων,
2459 2125 2594 2179 ἀλλά
2626 2127 2721 2180 καί.
2751 2127 2879 2190 τοὺς
2905 2127 3277 2194 ἀνεξετάστως
3317 2129 3662 2200 παραθέντας
3708 2133 3836 2197 τοὺς

2165 2213 2361 2278 καλοὺς
2398 2213 2621 2278 τούτους
2655 2214 3031 2286 μαργαρίτας,
3066 2218 3146 2279 είς
3183 2216 3245 2268 τὸ
3272 2216 3405 2270 αὐτὸ
3452 2217 3635 2282 αὐτοῖς
3666 2219 3838 2290 βάρα-

2163 2301 2292 2373 θρον
2314 2300 2416 2371 τῆς
2443 2301 2721 2366 ἀπωλείας
2764 2301 3024 2365 πολλάκις
3064 2304 3412 2375 κατήγαγον.·
3433 2304 3524 2358 Διὸ
3555 2306 3659 2378 χρὴ
3699 2309 3837 2378 μετὰ

2162 2388 2446 2460 ἀκριϐείας
2471 2387 2644 2443 ταῦτα
2668 2389 3205 2461 παραφυλάττεσθαι,
3236 2392 3324 2444 ίνα
3357 2391 3431 2462 μὴ
3460 2391 3530 2446 τά
3556 2394 3697 2446 αὐτά
3727 2398 3837 2458 τοῖς

2162 2473 2258 2529 νῦν
2298 2475 2657 2546 ἀπατηθεῖσιν
2691 2476 3073 2548 ὑπομένωμεν.
3108 2477 3171 2532 Εἰ
3218 2478 3328 2550 γὰρ
3367 2479 3462 2532 καὶ
3506 2478 3601 2545 νῦν
3636 2481 3670 2551 ὴ
3698 2483 3836 2553 γυνὴ

2163 2560 2427 2633 ἐϐουλήθη
2446 2563 2573 2627 τοὺς
2590 2562 2771 2627 θείους
2793 2564 3137 2635 μαργαρίτας
3161 2564 3235 2635 μὴ
3255 2566 3535 2636 προθεῖναι
3552 2565 3629 2636 τῷ
3647 2567 3838 2639 χοίρῳ,

2160 2645 2261 2697 οὐκ
2308 2645 2374 2698 ἂν
2416 2643 2542 2697 οὐτε
2586 2646 2722 2716 αὑτὴ
2768 2649 2848 2709 εἰς
2877 2647 2966 2700 τὸν
2996 2646 3238 2716 κρημνὸν
3269 2647 3456 2701 τοῦτον
3496 2650 3869 2721 κατηνέχθην

2161 2729 2284 2783 οὕτε
2310 2731 2401 2784 τὸν
2430 2731 2595 2802 ἄνδρα
2629 2732 3100 2801 συγκατέσπασεν.

2229 2823 2298 2887 γ’.
2337 2818 2474 2871 Ἀλλ’
2505 2817 2829 2890 ἀκούσωμεν
2844 2818 2898 2872 τί
2916 2819 3052 2891 πρὸς
3068 2819 3227 2872 αὐτὸν
3248 2821 3620 2891 ἀποκρίνεται.
3640 2823 3838 2877 Εἰπόν-

2160 2922 2250 2969 τος
2269 2904 2379 2976 γάρ
2398 2905 2627 2969 ἐκείνου,
2662 2906 2722 2959 Τί
2747 2906 2837 2959 ὅτι
2861 2901 3031 2960 εἶπεν
3056 2909 3088 2959 ό
3114 2906 3278 2973 Θεὸς,
3319 2908 3461 2960 Ἀπὸ
3489 2909 3715 2976 παντὸς
3734 2910 3838 2974 ξύ·

2159 2995 2274 3047 λου
2302 2991 2410 3047 τοῦ
2437 2992 2809 3061 παραδείσου
2843 2994 2915 3047 οὐ
2945 2992 3032 3063 μὴ
3056 2991 3284 3063 φάγητε
3300 3010 3319 3058 ;
3348 2995 3513 3066 φησὶν
3535 2997 3569 3067 ἡ
3596 2998 3733 3069 γυνὴ
3758 2999 3864 3069 τῷ»

2160 3079 2280 3148 ὄφει
2299 3098 2312 3111 ·
2349 3080 2480 3134 Ἀπὸ
2504 3080 2732 3145 παντὸς
2753 3080 2944 3145 ξύλου
2966 3079 3074 3134 τοῦ
3096 3081 3467 3148 παραδείσου
3486 3085 3793 3153 φαγόμεθα
3819 3102 3831 3114 ο

2158 3167 2279 3221 ἀπὸ
2298 3165 2367 3220 δὲ
2398 3166 2506 3221 τοῦ
2538 3167 2769 3235 καρποῦ
2798 3167 2906 3222 τοῦ
2933 3167 3125 3233 ξύλου
3153 3168 3263 3223 τοῦ
3284 3169 3355 3222 ἐν
3381 3169 3552 3238 μέσῳ
3586 3170 3693 3224 τοῦ
3724 3189 3839 3227 πα-

2151 3252 2463 3321 ραδείσου,
2485 3249 2657 3308 εἶπεν
2673 3258 2705 3309 ὁ
2724 3254 2889 3321 Θεὸς,
2911 3257 2994 3310 Οὐ
3014 3254 3306 3325 φάγησθε,
3329 3256 3472 3311 οὐδὲ
3486 3257 3573 3327 μὴ
3595 3258 3835 3328 ἄψησθε

2158 3340 2368 3405 αὐτοῦ,
2410 3342 2509 3396 ἵνα
2532 3341 2615 3412 μὴ
2637 3340 2999 3410 ἀποθάνητε.
3031 3341 3183 3406 Εἶδες
3202 3345 3543 3414 κακουργίαν
3565 3362 3580 3411 ;
3620 3343 3753 3401 Εἷπε
3775 3349 3841 3401 τὸ

2161 3429 2235 3501 μὴ
2262 3429 2343 3492 ὃν,
2400 3429 2487 3482 ἵνα
2528 3429 2967 3499 ἐκκαλεσάμενος
3011 3430 3181 3500 αὐτὴν
3228 3431 3308 3494 εἰς
3338 3430 3572 3497 διάλεξιν
3599 3432 3745 3505 μάθῃ
3773 3436 3834 3489 τὸ

2158 3515 2231 3571 ὃν.
2278 3515 2342 3570 Ἢ
2384 3515 2493 3586 γὰρ
2528 3514 2662 3586 γυνὴ
2694 3514 2878 3569 λοιπὸν
2901 3555 2915 3581 ,
2945 3517 3021 3581 ὡς
3057 3515 3317 3581 εὐνοϊκῶς
3344 3518 3474 3588 περί
3516 3519 3685 3590 αὐτὴν
3715 3521 3833 3575 δια-

2160 3603 2414 3673 κειμένου
2436 3642 2451 3667 ,
2498 3601 2820 3673 θαῤῥήσασα
2860 3605 3040 3657 πᾶσαν
3077 3602 3409 3657 ἐκκαλύπτει
3443 3605 3542 3676 τὴν
3581 3607 3831 3680 ἐντολὴν,

2158 3690 2251 3743 καί
2288 3689 2434 3758 λέγει
2464 3690 2642 3743 πάντα
2674 3691 2812 3761 μετά
2846 3691 3152 3761 ἀκριϐείας,
3185 3691 3278 3744 καὶ
3302 3691 3372 3743 δι’
3396 3684 3472 3745 ὧν
3499 3694 3833 3765 ἀπεκρίνατο

2159 3778 2338 3848 πάσης
2377 3776 2576 3847 ἑαυτὴν
2622 3777 2915 3847 ἀποστερεῖ
2955 3776 3270 3846 ἀπολογίας.
3313 3777 3379 3831 Τί
3423 3779 3532 3850 γάρ
3570 3780 3637 3834 ἂν
3688 3781 3831 3853 ἔχοις

2156 3866 2350 3931 εἰπεῖν,
2381 3858 2427 3916 ὧ
2461 3863 2658 3932 γύναι;
2690 3861 2875 3919 Εἶπεν
2913 3866 2947 3918 ό
2986 3863 3150 3929 Θεὸς,
3174 3866 3258 3918 Οὐ
3293 3863 3383 3934 μὴ
3430 3866 3661 3936 φάγητε
3710 3870 3830 3925 ἀπὸ

2155 3950 2382 4017 παντὸς
2430 3950 2622 4016 ξύλου
2657 3951 2764 4005 τοῦ
2808 3951 3200 4019 παραδείσου.
3235 3951 3367 4004 Δέον
3409 3953 3471 4005 σὲ
3513 3954 3590 4017 ὡς
3613 3956 3831 4009 ἐναντία

2153 4036 2415 4108 εἰρηκότα
2438 4035 2854 4106 ἀποστραφῆναι
2885 4036 2978 4089 καὶ
2998 4037 3173 4089 εἰπεῖν
3206 4037 3344 4107 πρὸς
3368 4038 3534 4092 αὐτόν
3548 4057 3563 4073 σ
3586 4041 3652 4094 Ἀ
3662 4057 3849 4109 παγε,.

2154 4122 2407 4177 ἀπατεὼν
2437 4120 2486 4176 εἶ
2508 4123 2594 4189 σύ,
2616 4123 2717 4176 οὐκ
2754 4116 2911 4176 οἶσθα
2937 4121 3059 4175 οὐδὲ
3101 4122 3202 4192 τῆς
3236 4123 3457 4193 ἐντολῆς
3479 4125 3579 4195 τῆς
3611 4125 3846 4196 δεδομέ--

2153 4224 2250 4278 νης
2279 4210 2409 4280 ήμῖν
2435 4209 2532 4281 τὴν
2556 4208 2804 4279 δύναμιν,
2831 4208 2951 4262 οὐδὲ
2970 4207 3069 4278 τῆς
3090 4208 3442 4274 ἀπολαύσεως
3467 4210 3529 4264 τὸ
3560 4212 3789 4282 μέγεθος
3810 4256 3847 4279 ,_

2153 4295 2275 4348 οὐδὲ
2298 4295 2399 4366 τὴν
2422 4295 2701 4365 δαψίλειαν
2729 4295 2828 4366 τῆς
2853 4294 3136 4366 χορηγίας.
3164 4296 3237 4349 Σὺ
3268 4295 3367 4367 μὲν
3391 4297 3502 4368 γὰρ
3530 4297 3667 4370 ἔφης
3685 4301 3828 4372 εἰρη-

2154 4380 2308 4434 κέναι
2333 4382 2423 4435 τὸν
2443 4382 2597 4446 Θεὸν,
2627 4379 2733 4435 ἀπὸ
2759 4381 2983 4453 μηδενὸς
3014 4380 3168 4446 ξύλου
3201 4384 3351 4451 ἡμᾶς
3384 4384 3789 4452 ἀπογεύσασθαι
3808 4427 3826 4452 ,

2152 4468 2181 4519 ό
2207 4467 2264 4521 δὲ
2306 4468 2582 4534 Δεσπότης
2621 4468 2714 4520 καὶ
2760 4468 3103 4538 Δημιουργὸς
3142 4468 3232 4521 διά
3272 4468 3476 4540 πολλὴν
3513 4470 3827 4542 ἀγαθότητα

2153 4554 2370 4608 πάντων
2417 4554 2547 4624 ἡμῖν
2591 4552 2738 4617 ἀνεὶς
2793 4553 2888 4622 τὴν
2938 4552 3236 4606 ἀπόλαυσιν
3283 4554 3376 4608 καὶ
3415 4556 3516 4628 τὴν
3554 4556 3841 4623 ἐξουσίαν.-

2152 4635 2271 4698 ἐνὸς
2320 4636 2484 4704 μόνου
2519 4635 2856 4707 ἀποσχέσθαι
2897 4635 3175 4700 ἐκέλευσε,
3212 4636 3493 4691 καὶτοῦτο
3539 4639 3704 4692 πάλιν
3734 4641 3834 4695 διά.

2150 4717 2249 4786 τὴν
2274 4717 2401 4788 περί
2433 4717 2579 4788 ἡμᾶς
2608 4717 2954 4789 κηδεμονίαν,
2987 4717 3127 4771 ὥστε
3164 4717 3239 4789 μὴ
3277 4719 3644 4789 μετασχόντας
3679 4720 3822 4774 ἀλῶ-

2150 4815 2240 4853 ναι
2271 4798 2505 4868 θανάτῳ.
2536 4800 2688 4864 Δέον,
2713 4800 2871 4871 εἴπερ
2902 4800 3199 4870 εὐγνώμων
3221 4796 3309 4869 ἦν,
3346 4799 3516 4853 ταῦτα
3558 4802 3697 4872 πρὸς
3725 4807 3821 4858 a6.-

2148 4881 2239 4935 τὸν
2268 4881 2495 4936 εἰποῦσα
2533 4884 2600 4936 τά
2634 4884 2875 4953 ῥήματα,
2906 4883 3080 4951 πάντη
3114 4880 3561 4950 ἀποστραφῆναι,
3591 4885 3684 4938 καὶ
3712 4903 3821 4958 μη·

2148 4963 2266 5018 κέτι
2303 4965 2441 5037 μήτε
2465 4966 2833 5036 διαλεχθῆναι,
2876 4965 3015 5032 μήτε
3046 4961 3276 5016 ἀκοῦσαί
3301 4978 3353 5014 τι
3376 4961 3493 5037 τῶν
3508 4966 3638 5036 παρ’
3653 4969 3819 5023 αὐτοῦ

2148 5022 2478 5117 λεγομέύων·
2514 5022 2652 5100 ἀλλά
2681 5022 2779 5117 τῆν
2812 5022 3029 5113 ἐντολὴν
3065 5042 3418 5112 ἐκκαλύψασα
3457 5022 3551 5098 καὶ
3589 5022 3821 5106 εἰποῦσα

2146 5128 2216 5183 τὰ
2245 5130 2398 5199 παρὰ
2426 5128 2521 5182 τοῦ
2548 5128 2681 5181 Θεοῦ
2711 5130 2893 5191 αὐτοῖς
2931 5127 3185 5198 ρηθέντα,
3225 5126 3391 5199 ἀλλην
3432 5126 3642 5199 δέχεται
3685 5136 3818 5205 παρ’

2146 5210 2313 5285 αὐτοῦ
2341 5209 2649 5281 συμϐουλὴν
2680 5209 2927 5281 ὀλεθρίαν
2973 5210 3066 5264 καὶ
3095 5208 3408 5280 θανάσιμον.
3469 5205 3683 5285 Ἐπειδὴ
3709 5215 3818 5285 γάρ

2147 5281 2300 5346 εἶπεν
2338 5291 2550 5363 ήγυνὴ,
2582 5293 2665 5345 ὅτι
2709 5292 2841 5346 Ἀπὸ
2872 5292 3100 5359 παντὸς
3129 5292 3238 5346 τοῦ
3268 5292 3461 5357 ξύλου
3499 5296 3607 5350 τοῦ
3626 5281 3819 5365 πὲφαι

2147 5373 2356 5428 δείσου
2384 5376 2705 5444 φαγόμεθα,
2731 5374 2849 5428 ἀπὸ
2877 5373 2945 5427 δὲ
2972 5375 3078 5428 τοῦ
3100 5376 3331 5444 καρποῦ
3359 5378 3464 5432 τοῦ
3496 5377 3686 5443 ξύλου
3709 5381 3816 5435 τοῦ

2145 5456 2216 5510 ἐν
2239 5456 2408 5527 μέσῳ
2427 5456 2534 5510 τοῦ
2571 5456 2961 5525 παραδείσου,
2996 5452 3166 5510 εἶπεν
3198 5460 3231 5511 ὀ
3265 5447 3410 5525 Θεὸς
3427 5500 3443 5525 ,
3479 5462 3562 5512 Οὐ
3589 5460 3817 5528 φάγητε

2146 5538 2246 5592 ἀπ’
2276 5536 2484 5602 αὑτοῦ,
2522 5536 2649 5593 οὐδ’
2682 5539 2754 5592 οὐ
2774 5536 2860 5607 μὴ
2898 5537 3139 5605 (iw-11170.9
3175 5540 3384 5607 αὐτοῦ,
3427 5541 3527 5593 ἵνα
3556 5539 3643 5607 μὴ
3669 5541 3817 5594 ἀπο-

2147 5619 2396 5688 θάνητε·
2458 5618 2619 5675 πάλιν
2663 5620 2693 5673 ὁ
2737 5617 2971 5691 πονηρὸς
3021 5619 3117 5672 καὶ
3161 5620 3354 5691 ἐχθρὸς
3402 5619 3502 5689 τῆς
3540 5622 3817 5693 ἡμετέρας

2215 5720 2232 5759 ί
2257 5721 2410 5784 δενὶἰ.
2447 5726 2501 5771 ει
2521 5719 2960 5784 quidamthme
2990 5718 3202 5784 βάλλετε,
3269 5718 3295 5755 8
3317 5717 3437 5777 Reg.
3469 5719 3691 5784 σαμε-,ὡς
3713 5720 3817 5766 ἔτυ-

2146 5798 2227 5849 χεν
2247 5782 2445 5849 ἀναὶδην
2458 5775 2592 5849 πᾶσι.
2620 5782 2772 5849 §av_i_l.
2799 5775 2999 5849 avs'ﬁnv."
3013 5777 3138 5849 Infra
3165 5778 3287 5849 “es.
3309 5775 3510 5849 υἰξιξεεῑ
3529 5775 3667 5849 Colp.
3688 5790 3819 5849 u'nu;

2146 5834 2320 5959 ir:ng
2342 5834 2593 5909 αἰσθητῶν.
2617 5841 2765 5892 Savil.
2790 5842 2894 5902 περὶ
2916 5834 3090 5900 χοίρων
3107 5834 3307 5887 ιειιιίυῐιι.
3330 5834 3501 5885 Morel.
3525 5835 3628 5897 περὶ
3648 5834 3818 5897 χοὶρουι

2150 5918 2197 5949 αι
2290 5918 2393 5950 του.

3766 5996 3969 6066 Α.
