4074 6134
418 288 519 345 ιξιι

414 410 614 456 nosth
657 397 903 453 inimicus
956 391 1281 450 contrarium
1333 390 1442 444 Deo
1490 387 1770 443 consilium
1823 382 1996 439 atiert.

414 494 622 563 Quippe
660 505 782 546 cum
824 486 1081 557 benignus
1125 485 1263 538 Deus
1291 481 1362 536 ob
1408 494 1653 550 magnam
1698 476 1865 532 nostri
1906 490 2002 530 cu-

417 600 530 639 ram
581 582 650 637 de
694 580 836 650 ligno
868 589 1081 632 sumere
1107 571 1458 645 prohibuerit,
1506 579 1563 625 ut
1588 584 1655 623 ne
1682 583 1777 638 per
1815 566 2003 623 inobe-

414 676 669 731 dieutiam
712 669 968 728 mortales
998 667 1248 723 fieremus
1295 682 1310 718 :
1362 664 1455 719 Ille
1489 662 1619 718 dicit
1658 660 1870 716 mulieri
1901 676 1916 714 :
1944 662 1999 715 4.

416 767 541 821 Non
584 774 745 818 morte
778 757 1077 815 moriemini.
1127 755 1279 825 Quali
1325 753 1478 808 venia
1521 752 1824 823 dignabitur
1864 751 2005 806 ullus

413 856 716 920 mulierem,
755 850 896 922 quod
922 849 1141 905 omnino
1162 861 1323 902 aures
1360 844 1627 914 aperuerit
1654 852 1760 897 tam
1784 841 2003 897 audacia

412 944 651 1001 ducenti?
722 943 852 997 Nam
915 954 1037 996 eum
1085 939 1226 993 Deus
1285 936 1502 1001 dixerit,
1557 933 1636 990 Ne
1687 931 1998 998 comedetis,

413 1048 475 1092 ut
528 1051 596 1092 ne
629 1031 934 1090 moriamini
963 1048 975 1085 :
1007 1031 1096 1086 ille
1134 1029 1324 1098 inquit,
1359 1026 1479 1080 Non
1504 1034 1664 1079 morte
1700 1023 1999 1078 moriemini.

414 1127 549 1182 Dein
594 1141 702 1182 non
741 1133 1025 1180 contentus
1061 1119 1327 1176 contraria
1357 1118 1513 1172 dictis
1556 1116 1651 1171 Dei
1694 1114 1998 1185 protulisse,

412 1218 624 1272 incusat
675 1230 798 1270 eum
847 1198 1016 1268 etiam
1063 1222 1120 1265 ut
1167 1209 1401 1264 invidum
1427 1206 1720 1276 Opificem,
1770 1220 1877 1275 quo
1923 1206 2003 1260 sic

413 1308 657 1365 fraudem
706 1305 958 1362 inducere
1004 1311 1218 1374 posset,
1287 1310 1341 1356 et
1397 1299 1733 1369 supplantata
1778 1296 2000 1352 muliere

415 1399 747 1469 propositum
795 1412 951 1451 suum
993 1395 1254 1464 impleret.
1319 1390 1442 1445 Non
1495 1400 1654 1445 morte
1695 1387 1998 1442 moriemini.

413 1490 469 1546 5.
514 1491 714 1548 Sciebat
754 1489 886 1544 enim
918 1487 1077 1554 Deus,
1120 1486 1254 1555 quod
1291 1497 1605 1555 quocumque
1628 1482 1709 1534 die
1733 1479 2001 1534 comedetis

414 1601 480 1639 ex
499 1600 579 1649 eo,
605 1581 896 1652 aperientur
924 1578 1058 1633 oeuli
1084 1576 1252 1642 uestri,
1282 1585 1328 1628 et
1355 1574 1496 1628 eritis
1521 1573 1648 1627 sicut
1674 1570 1765 1635 dii,
1794 1570 2003 1624 scientes

416 1679 601 1729 bonum
639 1685 686 1727 et
723 1671 932 1725 malum.
970 1669 1108 1723 Ecce
1152 1676 1315 1721 totam
1357 1679 1537 1745 escam
1568 1681 1581 1717 :
1611 1663 1829 1718 calicem
1858 1660 2000 1715 enim

418 1766 720 1836 pernicioso
748 1777 957 1817 veneno
987 1762 1199 1831 plenum
1231 1758 1443 1815 mulieri
1489 1755 1675 1822 dedit,
1721 1770 1838 1825 qua:
1883 1753 2001 1808 leti-

417 1861 585 1915 ferum
609 1857 714 1913 hoc
741 1870 860 1912 esse
883 1856 1062 1910 videre
1091 1853 1278 1908 nolens
1312 1869 1325 1905 :
1360 1859 1565 1921 poterat
1594 1848 1735 1904 enim
1757 1890 1772 1916 ,
1821 1846 1868 1903 si
1910 1861 2003 1901 vo-

418 1951 625 2015 luisset,
662 1948 732 2002 ab
757 1947 908 2001 initio
938 1946 1037 2001 hoc
1060 1944 1236 2009 scire;
1277 1942 1371 1998 sed
1415 1951 1469 1996 ut
1514 1941 1716 1996 audivit
1757 1940 1825 1996 ab
1873 1940 1997 2006 illo,

415 2039 560 2110 quod
602 2038 722 2093 ideo
748 2052 897 2092 esum
924 2036 1065 2091 hunc
1089 2034 1452 2105 prohibuisset
1474 2033 1635 2098 Deus,
1677 2032 1799 2099 quia
1841 2031 2004 2086 sciret

415 2129 602 2184 oculos
639 2128 877 2198 ipsorum
902 2126 1239 2196 aperiendus,
1270 2136 1470 2193 eosque
1507 2122 1646 2178 sicut
1680 2121 1809 2176 deos
1853 2120 2000 2191 fore,

416 2221 650 2275 scientes
689 2219 885 2273 bonum
915 2227 969 2272 et
996 2217 1192 2271 utalum
1225 2233 1238 2269 :
1271 2214 1547 2285 aequanda:
1571 2211 1861 2268 divinitatis
1907 2227 2005 2282 spe

418 2309 621 2377 inflata,
668 2323 858 2380 magna
907 2308 1150 2379 quaedam
1198 2322 1380 2363 secum
1436 2305 1789 2375 concipiebat.
1845 2302 2003 2360 Tales

417 2401 561 2455 enim
608 2408 735 2455 sunt
774 2398 1193 2454 machinationes
1240 2396 1474 2464 inimici,
1528 2405 1586 2451 ut
1638 2394 1854 2465 quando
1909 2409 2005 2466 per

416 2490 789 2560 deceptionem
836 2491 889 2543 in
935 2488 1164 2544 sublime
1209 2487 1555 2552 subduxerit,
1587 2485 1800 2541 tandem
1842 2494 1898 2542 et
1950 2486 2001 2541 in

418 2578 739 2649 profundum
766 2594 864 2648 per
893 2591 1131 2648 pmceps
1159 2576 1391 2646 dejiciat.
1439 2576 1603 2647 Igitur
1646 2583 1706 2630 ut
1741 2576 2001 2646 aequalem

415 2684 479 2725 se
504 2669 619 2725 fore
664 2670 774 2724 Deo
812 2669 1094 2739 imaginata
1142 2676 1245 2733 est,
1291 2667 1357 2722 ad
1384 2682 1534 2723 esum
1577 2666 1904 2738 properavit,
1947 2675 2003 2723 et

415 2761 543 2815 illuc
589 2771 774 2832 postea
813 2761 933 2815 fixit
976 2768 1033 2817 et
1069 2760 1450 2830 cogitationem
1491 2768 1547 2815 et
1585 2767 1818 2816 mentem
1877 2776 1891 2816 :
1945 2767 2002 2815 et

415 2852 546 2907 nihil
595 2852 737 2908 aliud
776 2852 1146 2908 considerabat
1199 2868 1358 2920 quam
1411 2863 1469 2906 ut
1509 2852 1729 2907 calicem
1771 2867 1802 2907 a
1842 2852 2001 2907 mali-

412 2959 524 3014 gno
544 2944 787 3000 daemone
813 2950 1165 3013 temperatum
1204 2951 1463 3014 cpotaret.
1489 2942 1620 2997 Nam
1662 2941 1804 3013 quod
1845 2957 1998 2998 acce-

414 3046 508 3106 pto
545 3036 847 3108 pernicioso
883 3036 975 3091 illo
1021 3037 1318 3106 serpentini
1364 3035 1572 3093 consilii
1615 3050 1838 3102 veneno,
1895 3035 2001 3090 tale

415 3129 515 3196 ipsi
545 3127 779 3183 studium
809 3127 988 3193 fuerit,
1050 3127 1173 3183 audi
1212 3126 1541 3199 Scripturam
1588 3125 1851 3181 dicentem
1882 3142 1897 3179 :
1942 3124 1998 3180 6.

415 3218 484 3272 Et
508 3218 631 3272 uidit
655 3218 834 3272 mulier
855 3218 991 3288 quod
1009 3217 1195 3272 bonum
1219 3226 1344 3272 esset
1363 3218 1558 3288 lignum
1587 3214 1654 3269 ad
1680 3214 1997 3281 vescendum,

413 3316 461 3361 et
487 3317 688 3378 gratum
714 3304 875 3360 oculis
900 3306 969 3359 ad
986 3305 1274 3372 videndum,
1297 3309 1671 3377 formosumque
1692 3304 1761 3357 ad
1780 3313 2004 3359 contem-

414 3398 662 3468 plandum
690 3413 709 3452 :
734 3407 780 3452 et
805 3398 995 3468 accepit
1021 3400 1084 3452 de
1110 3402 1278 3468 fructu
1326 3398 1466 3453 illius
1504 3406 1551 3453 et
1600 3397 1833 3451 comedit.
1857 3395 1999 3453 Vere

412 3488 756 3558 Corrumpunt
787 3487 943 3543 bonos
972 3503 1134 3542 mores
1174 3488 1428 3557 colloquia
1465 3502 1620 3556 prava
1650 3486 1726 3557 (Ι.
1756 3485 1878 3541 Cor.
1907 3488 1996 3542 15.

414 3579 531 3651 53).
571 3579 749 3647 Quare
775 3579 918 3634 enim
954 3593 1059 3634 non
1087 3588 1213 3634 ante
1240 3579 1564 3634 diabolicum
1610 3578 1894 3634 consilium
1922 3578 1996 3633 illi

414 3672 523 3727 tale
564 3671 692 3742 quid
743 3671 797 3727 in
846 3680 1078 3727 mentem
1120 3672 1286 3737 venit,
1335 3685 1436 3726 nec
1461 3670 1662 3741 lignum
1694 3670 1794 3731 hoc
1823 3670 2000 3726 consi-

412 3762 639 3830 deravit,
666 3777 768 3818 nec
794 3763 910 3833 ejus
936 3762 1381 3834 pulchritudinem
1411 3762 1583 3818 vidit?
1619 3763 1749 3831 Quia
1782 3762 1999 3819 timebat

414 3853 722 3910 mandatum
766 3854 899 3921 Dei,
950 3865 1004 3910 et
1048 3853 1498 3925 subsequuturum
1541 3869 1606 3909 ex
1653 3869 1747 3909 esu
1793 3854 1995 3926 suppli-

412 3946 554 4000 cium
578 3959 754 4001 :nunc
779 3954 956 4001 autem
985 3953 1262 4016 postquam
1291 3960 1322 4000 a
1351 3945 1487 3999 mala
1516 3944 1617 4001 hac
1645 3944 1814 4001 bestia
1839 3945 1998 4000 dece-

415 4044 504 4107 pta
537 4044 639 4103 est,
685 4037 756 4091 ita
783 4046 840 4091 ut
867 4036 1112 4091 crederet
1150 4050 1257 4090 non
1307 4035 1480 4090 solum
1510 4034 1641 4090 nihil
1666 4035 1847 4091 damni
1874 4034 1998 4091 hinc

416 4141 685 4196 passuros,
710 4126 805 4182 sed
830 4134 886 4181 et
911 4127 1021 4182 Deo
1047 4126 1282 4195 aequales
1309 4140 1429 4181 esse
1454 4124 1678 4193 futuros,
1700 4134 1825 4181 tunc
1849 4126 1994 4181 illam

413 4230 536 4287 spes
556 4215 926 4286 promissionis
954 4215 1019 4271 ad
1044 4215 1362 4272 sumendum
1384 4216 1558 4272 cibum
1584 4216 1793 4287 impulit
1837 4235 1851 4272 :
1897 4232 1995 4273 ne-

413 4321 517 4377 que
544 4309 683 4361 intra
705 4318 833 4361 suos
852 4305 1049 4360 limites
1086 4315 1359 4371 contenta,
1402 4300 1499 4361 sed
1527 4306 1744 4362 inimico
1774 4315 1828 4362 et
1852 4305 1995 4363 hosti

413 4396 600 4451 salutis
652 4403 850 4450 nostra:
880 4396 1134 4465 majorem
1164 4395 1321 4451 fidem
1349 4396 1571 4461 habens,
1614 4412 1773 4468 quam
1815 4397 1994 4454 verbis

416 4490 506 4548 Dei
535 4510 550 4547 :
581 4494 907 4564 experientia
945 4508 1038 4549 sua
1083 4509 1188 4549 non
1232 4496 1402 4549 multo
1431 4502 1549 4565 post
1571 4494 1757 4550 didicit
1782 4494 1992 4550 consilii

415 4584 724 4653 perniciem,
764 4595 819 4640 et
855 4594 1050 4655 quanta
1080 4585 1354 4640 calamitas
1412 4586 1555 4655 ipsos
1594 4585 1992 4656 deprehensum

411 4682 572 4729 esset.
615 4673 749 4729 Nam
775 4674 842 4730 Ut
869 4676 1009 4740 vidit,
1040 4674 1230 4746 inquit,
1262 4674 1396 4747 quod
1429 4675 1623 4746 lignum
1657 4685 1780 4730 esset
1807 4676 1994 4730 bonum

409 4763 479 4817 ad
516 4765 836 4829 vescendum,
873 4773 920 4819 et
954 4766 1090 4834 quod
1116 4765 1274 4820 oculis
1301 4774 1503 4835 gratum
1521 4764 1590 4818 ad
1613 4765 1904 4831 videndum,
1947 4777 1993 4819 et

413 4852 693 4919 formosum
716 4856 786 4910 ad
827 4855 1290 4927 contemplandum,
1329 4856 1578 4926 Cogitavit
1616 4871 1818 4923 secum,
1855 4855 1992 4913 forte

407 4960 474 5001 ex
511 4946 710 5002 diaboli
737 4945 1073 5016 deceptione,
1107 4963 1267 5021 quam
1295 4962 1391 5018 per
1410 4958 1709 5019 serpentem
1736 4949 1825 5006 ille
1862 4950 1991 5005 alfe.

410 5035 561 5090 rebat
606 5054 622 5092 :
653 5035 712 5093 Si
746 5046 802 5092 et
838 5037 906 5092 ad
937 5039 1257 5093 vescendum
1286 5038 1482 5094 bonum
1506 5049 1590 5095 est
1613 5040 1836 5111 lignum,
1865 5050 1919 5097 et
1944 5042 1989 5096 si

408 5134 610 5181 tantum
633 5127 820 5184 oculos
846 5126 1112 5183 oblectare
1134 5137 1330 5198 potest,
1357 5138 1413 5185 et
1439 5130 1831 5202 pulchritudine
1856 5147 1992 5204 prae-

407 5215 576 5271 ditum
610 5224 696 5273 est
739 5215 1014 5281 inelfabili,
1053 5218 1098 5272 si
1140 5218 1299 5274 etiam
1324 5219 1440 5290 ejus
1464 5221 1696 5291 sumptio
1721 5236 1988 5279 summum

409 5305 564 5362 nobis
611 5304 878 5378 praebebit
926 5304 1184 5361 honorem
1205 5346 1221 5372 ,
1281 5317 1336 5364 et
1394 5308 1703 5367 habebimus
1747 5311 1989 5369 eamdem

405 5410 569 5465 quam
611 5395 873 5452 Conditor
915 5395 1249 5465 dignitatem,
1294 5411 1458 5469 quare
1501 5414 1611 5455 non
1654 5415 1990 5460 sumeremus

410 5487 475 5541 de
497 5486 601 5541 eo?

478 5577 533 5633 4.
574 5576 767 5635 Vidisti
791 5576 1062 5645 quomodo
1095 5578 1237 5634 illam
1263 5578 1505 5635 diabolus
1528 5580 1791 5652 captivam
1819 5581 1991 5662 duxit,

419 5680 474 5725 et
511 5671 697 5729 allcxit
727 5670 1061 5728 ratiocinium
1108 5672 1257 5744 ejus,
1308 5671 1536 5748 fecitque
1577 5684 1637 5732 ut
1671 5691 1789 5748 qua:
1826 5692 1985 5753 supra

1515 275 1579 332 IN
1618 271 1851 332 CAPJL
1893 268 2140 328 GENES.
2184 268 2412 327 HOMIL.
2457 268 2596 326 XVI.

3595 270 3611 321 ι
3623 269 3715 326 ἶν’οκ

2115 396 2266 437 suam
2314 381 2625 451 dignitatem
2676 389 2828 438 erant
2872 394 3062 452 sapere
3110 379 3350 447 auderet,
3379 396 3480 451 quo
3509 381 3715 435 lttﬂatn.

2110 485 2206 540 spe
2243 486 2400 539 vana,
2455 471 2525 527 ab
2565 470 2650 527 his
2694 486 2909 542 quoque
2950 486 3071 542 quas
3118 471 3220 542 ipsi
3249 486 3505 527 concessa
3540 483 3693 526 erant

2109 560 2427 618 excideret?
2454 560 2520 617 Et
2547 562 2741 633 accepit
2765 562 2829 617 de
2859 565 3028 633 fructu
3060 562 3218 630 illius,
3255 572 3303 617 et
3344 563 3562 617 comedit
3592 579 3610 616 :
3647 579 3693 617 et

2108 651 2247 707 dedit
2282 652 2436 706 etiam
2467 652 2575 707 uiro
2610 669 2723 718 suo,
2752 663 2799 707 et
2828 653 3146 708 comederunt
3174 668 3194 708 :
3221 654 3273 709 7.
3302 663 3348 708 et
3375 655 3541 724 aperti
3576 666 3699 708 sunt

2107 743 2241 799 oculi
2280 743 2505 810 illorum,
2552 756 2600 799 et
2639 753 2974 817 cognouerunt
2999 746 3135 815 quod
3172 747 3296 800 nudi
3323 757 3502 803 essent.
3554 747 3691 816 Quid

2106 834 2313 903 fecisti,
2353 851 2387 890 ο
2424 836 2655 892 mulier?
2704 837 2819 891 Non
2867 837 3039 891 solum
3084 837 3380 907 pernicioso
3420 848 3642 908 accepto
3666 840 3690 879 ~‘

2105 927 2332 983 consilio
2359 927 2534 998 legem
2566 943 2596 982 a
2637 928 2747 983 Deo
2772 928 2949 983 datam
2974 927 3317 994 conculeasti,
3377 938 3432 984 et
3469 929 3709 983 manda--

2108 1026 2218 1072 tum
2258 1020 2654 1089 contempsisti,
2707 1029 2764 1074 et
2794 1020 2844 1073 in
2886 1027 3083 1073 tantam
3110 1019 3300 1074 venisti
3332 1019 3688 1090 intemperan-

2107 1107 2254 1173 tiam,
2300 1116 2358 1162 ut
2401 1124 2507 1163 non
2550 1119 2800 1164 contenta
2844 1118 2923 1164 tot
2972 1117 3346 1179 tantorumque
3393 1111 3685 1173 fruitione,

2105 1199 2266 1254 etiam
2313 1200 2530 1255 unicum
2575 1201 2677 1255 hoc
2718 1200 2919 1270 lignum
2944 1241 2962 1267 ,
3007 1199 3079 1256 de
3116 1215 3225 1271 quo
3262 1216 3332 1256 ne
3376 1203 3701 1259 comederes

2106 1300 2436 1363 praeceperat
2465 1292 2741 1360 Dominus,
2779 1307 2909 1348 ausa
2935 1291 3010 1348 sis
3036 1307 3269 1358 sumere,
3307 1302 3361 1348 et
3386 1294 3488 1349 lide
3517 1293 3709 1349 habita.

2105 1381 2172 1437 iis
2205 1398 2326 1453 quze
2352 1398 2383 1437 a
2413 1394 2667 1453 serpente
2693 1383 2835 1438 dicta
2860 1391 3023 1451 sunt,
3073 1382 3282 1438 fidelius
3323 1385 3519 1453 putasti
3552 1385 3705 1439 illius

2105 1474 2407 1542 consilium,
2439 1490 2597 1544 quam
2635 1474 2942 1530 mandatum
2987 1490 3019 1529 a
3062 1475 3352 1531 Conditore
3387 1478 3591 1544 datum,
3641 1486 3721 1532 θιε

2106 1564 2163 1619 in
2200 1573 2405 1620 tantum
2465 1565 2684 1636 decepta
2728 1581 2827 1633 es,
2885 1577 2942 1622 ut
2988 1582 3057 1623 ne
3096 1568 3249 1623 venia
3279 1567 3493 1638 quidem
3535 1567 3692 1638 digna
3714 1602 3723 1616 ι,

2107 1654 2229 1710 sis?
2323 1655 2459 1711 Num
2520 1657 2664 1713 enim
2725 1658 2963 1726 ejusdem
3014 1668 3217 1714 natura:
3277 1669 3392 1714 erat
3444 1661 3534 1727 qui
3594 1661 3708 1717 hoc'

2107 1746 2457 1801 consulebat?
2514 1748 2588 1801 Ex
2635 1748 2862 1803 subditis
2891 1759 2946 1804 et
2971 1752 3163 1815 servis,
3210 1758 3265 1805 et
3299 1752 3402 1806 sub
3430 1760 3515 1805 tua
3546 1761 3694 1822 pote-

2106 1845 2243 1893 state
2297 1847 2432 1894 erat.
2477 1838 2654 1907 Quare
2699 1840 2775 1894 sic
2823 1841 3046 1911 teipsam
3094 1841 3326 1909 foedasti,
3357 1853 3412 1897 et
3438 1843 3527 1897 illo
3563 1844 3692 1900 reli-

2105 1939 2214 1993 cto,
2250 1940 2466 1998 propter
2498 1945 2654 2000 quem
2694 1929 2924 1986 formata
2975 1946 3070 1998 es,
3122 1932 3189 1986 ad
3240 1933 3393 2003 cujus
3440 1934 3692 1989 auxilium

2107 2018 2363 2088 producta
2430 2033 2529 2085 es,
2597 2020 2749 2090 cujus
2810 2020 3125 2091 dignitatum
3181 2036 3241 2077 es
3287 2025 3589 2092 particeps,
3640 2035 3696 2079 et

2107 2125 2229 2165 cum
2282 2126 2389 2181 quo
2428 2111 2666 2182 ejusdem
2700 2127 2757 2167 es
2794 2112 3106 2168 substantia:
3150 2123 3206 2169 et
3238 2115 3404 2181 vocis,
3451 2114 3504 2168 in
3544 2117 3701 2169 ιέιιιιίςι

2108 2200 2390 2257 liaritatem
2419 2203 2686 2273 serpentis
2727 2204 2911 2259 venire
2956 2201 3275 2272 sustinuisti,
3328 2214 3386 2258 ut
3425 2220 3453 2259 a
3484 2204 3716 2260 diabolo:

2107 2307 2202 2363 per
2218 2293 2361 2348 hanc
2385 2294 2610 2349 bestiam
2636 2295 2909 2365 acciperes
2947 2296 3227 2351 consilium
3254 2297 3535 2353 manifeste
3565 2312 3696 2352 con-

2108 2386 2327 2440 trarium
2367 2385 2432 2442 iis
2477 2402 2598 2456 quae
2657 2402 2689 2441 a
2742 2386 2853 2442 Deo
2895 2396 3023 2442 sunt
3061 2387 3301 2457 injuncta
3333 2406 3348 2443 :
3379 2404 3553 2459 neque
3620 2390 3698 2447 sic

2105 2487 2345 2533 aversata
2395 2490 2455 2533 es
2497 2478 2683 2546 illum,
2739 2477 2835 2533 sed
2880 2492 2979 2549 spe
3023 2478 3414 2548 promissionis,
3465 2479 3534 2535 de
3574 2481 3697 2543 cibo

2105 2570 2198 2626 illo
2226 2584 2440 2626 sumere
2469 2584 2595 2626 ausa
2627 2571 2721 2626 es?
2750 2570 2881 2627 Esto
2911 2571 3104 2641 igitur;
3155 2572 3377 2642 teipsam
3417 2572 3470 2627 in
3494 2581 3695 2630 tantum

2106 2661 2458 2732 praecipitium
2497 2661 2788 2731 depuleris,
2831 2670 2888 2718 et
2913 2663 3118 2717 honore
3157 2663 3392 2718 maximo
3447 2665 3695 2735 privave-

2107 2753 2182 2807 ris
2227 2769 2242 2806 :
2315 2766 2481 2821 quare
2515 2760 2572 2806 et
2611 2752 2783 2806 virum
2833 2760 2998 2806 tantae
3050 2752 3220 2806 ruinae
3267 2754 3471 2808 socium
3515 2753 3692 2809 facis?

2106 2853 2163 2901 et
2204 2844 2362 2914 cujus
2411 2853 2465 2899 te
2492 2844 2807 2914 adjutricem
2849 2858 2970 2899 esse
3013 2844 3319 2913 oportebat,
3364 2845 3509 2900 illius
3558 2845 3693 2901 facta

2104 2951 2165 2993 es
2188 2936 2504 3002 insidiatrix,
2550 2944 2605 2991 et
2638 2935 2707 2990 ob
2747 2935 3023 2989 minimum
3061 2935 3167 2990 cibi
3198 2935 3346 2991 illum
3373 2952 3587 3007 quoque
3621 2948 3694 2993 te-

2104 3043 2226 3085 cum
2254 3044 2287 3084 a
2326 3028 2496 3100 gratia
2528 3028 2621 3082 Dei
2650 3026 2967 3082 abalienas?
3013 3026 3142 3094 Quae
3183 3036 3237 3084 te
3279 3028 3580 3100 prodigiosa
3611 3031 3694 3084 in-

2105 3120 2253 3175 sania
2274 3119 2328 3174 in
2354 3127 2550 3174 tantam
2574 3118 2847 3173 audaciam
2880 3118 3121 3173 induxit?
3150 3118 3265 3174 Non
3300 3121 3429 3175 satis
3458 3131 3573 3175 erat
3601 3120 3692 3175 tibi

2106 3209 2314 3265 beatam
2343 3207 2482 3263 hanc
2505 3208 2666 3263 vitam
2692 3221 2872 3278 agere,
2902 3215 2958 3263 et
2980 3222 3207 3277 corpore
3242 3208 3456 3279 quidem
3484 3211 3692 3274 vestiri,

2105 3316 2278 3372 neque
2301 3300 2597 3372 corporalis
2635 3300 2712 3356 rei
2741 3300 2964 3370 alicujus
2994 3301 3223 3370 indigam
3255 3303 3413 3356 esse?
3449 3302 3693 3358 omnibus

2105 3393 2159 3447 in
2212 3391 2458 3462 paradiso
2497 3390 2635 3455 frui,
2681 3399 2906 3461 excepto
2951 3392 3109 3445 unico
3134 3391 3237 3446 hoc
3263 3392 3690 3462 ligno?visibilia

2104 3485 2282 3539 omnia
2315 3482 2416 3538 sub
2441 3491 2617 3537 vestra
2646 3497 2766 3538 esse
2799 3491 3080 3553 potestate,
3129 3491 3184 3538 et
3220 3491 3271 3539 te
3308 3499 3429 3540 esse
3455 3487 3691 3542 omnium

2102 3580 2413 3636 dominam?
2455 3580 2560 3637 Sed
2590 3580 2744 3637 vanis
2773 3580 2993 3650 decepta
3046 3580 3525 3650 promissionibus,
3571 3597 3691 3652 spe-

2103 3672 2231 3727 rasti
2258 3671 2417 3726 etiam
2448 3670 2501 3725 in
2529 3685 2794 3726 summum
2827 3668 3107 3738 pervenire
3135 3668 3358 3726 honoris
3382 3669 3693 3741 fastigium!

2104 3764 2307 3820 Idcirco
2334 3763 2508 3820 disces
2536 3779 2596 3819 re
2624 3763 2758 3833 ipsa,
2778 3772 2831 3818 te
2858 3776 2963 3817 non
2993 3761 3164 3817 solum
3192 3761 3282 3816 illa
3316 3777 3421 3818 non
3442 3776 3694 3835 assequu-

2102 3864 2274 3910 tnram
2321 3869 2462 3923 esse,
2507 3853 2604 3910 sed
2650 3863 2705 3909 et
2747 3852 2995 3909 omnibus
3026 3852 3137 3922 jam
3177 3867 3208 3907 a
3257 3852 3365 3908 Deo
3416 3853 3508 3908 tibi
3554 3852 3690 3908 datis

2101 3926 2409 4015 privandam
2439 3952 2494 4000 et
2521 3944 2766 4014 teipsam,
2818 3952 2874 3999 et
2908 3943 3083 3997 virum
3124 3960 3138 3997 :
3174 3951 3335 4012 atque
3377 3943 3432 3998 in
3488 3950 3688 4000 tantam

2102 4027 2470 4108 pmniteniiam
2518 4036 2762 4101 venietis,
2803 4043 2865 4091 ut
2914 4045 2969 4091 et
3008 4049 3162 4091 serus
3188 4044 3368 4091 vester
3402 4036 3559 4092 dolor
3607 4036 3687 4093 fu-

2101 4138 2270 4199 turus,
2314 4140 2371 4186 et
2407 4131 2668 4200 malignus
2692 4128 2921 4192 daemon,
2952 4129 3043 4199 qui
3068 4128 3171 4183 hoc
3197 4126 3510 4183 damnosum
3537 4128 3687 4185 vobis

2098 4222 2380 4279 consilium
2396 4220 2661 4293 suggessit
2687 4221 2913 4286 risurus,
2935 4219 3194 4291 vobisque
3221 4219 3567 4276 insultaturus
3594 4221 3685 4286 sit,

2100 4323 2283 4385 utpote
2321 4313 2643 4383 iacentibus,
2673 4322 2728 4369 et
2754 4312 2943 4368 eadem
2968 4326 3088 4382 quas
3116 4312 3230 4383 ipse
3254 4312 3443 4382 passis.
3474 4313 3684 4370 Etenim

2097 4406 2235 4461 sicut
2261 4404 2349 4459 ille
2372 4420 2531 4475 supra
2554 4417 2715 4474 quam
2756 4402 2980 4458 decebat
3009 4403 3080 4459 de
3113 4417 3174 4458 se
3214 4404 3471 4470 sentiens,
3500 4419 3531 4459 a
3558 4419 3685 4460 con-

2097 4509 2245 4551 cessa
2276 4495 2529 4564 dignitate
2553 4493 2887 4561 deturbatus,
2934 4503 2988 4548 et
3016 4509 3048 4549 e
3084 4493 3227 4548 caelis
3262 4493 3314 4548 in
3358 4502 3552 4549 terram
3582 4494 3681 4550 de-

2091 4585 2267 4657 jectus
2303 4594 2386 4640 est
2418 4602 2433 4640 :
2460 4583 2598 4639 istud
2626 4584 2799 4654 ipsum
2825 4592 2881 4638 et
2902 4597 2998 4638 vos
3029 4582 3222 4650 facere,
3252 4592 3305 4639 et
3333 4599 3428 4655 per
3445 4585 3683 4640 mandati

2096 4676 2588 4747 praevaricationem
2646 4675 2699 4730 in
2751 4673 2940 4729 mortis
2988 4675 3170 4729 venire
3217 4688 3432 4745 poenam
3482 4675 3678 4739 voluit,

2097 4769 2169 4824 ita
2212 4782 2324 4823 suae
2348 4767 2676 4823 satisfaciens
2696 4766 2906 4822 invidiae
2935 4782 2949 4819 :
2982 4766 3120 4821 sicut
3148 4774 3203 4820 et
3227 4765 3440 4835 sapiens
3466 4765 3681 4834 quidam

2096 4858 2303 4915 dicebat
2331 4876 2344 4913 :
2373 4857 2579 4913 Invidia
2613 4867 2779 4913 autem
2818 4856 3028 4922 diaboli,
3075 4871 3212 4909 mors
3239 4856 3293 4908 in
3318 4854 3563 4908 mundum
3600 4857 3682 4910 in-

2096 4950 2243 5005 trarit
2283 4948 2440 5021 (Sap.
2467 4949 2523 5004 2.
2550 4947 2668 5016 24).
2717 4946 2786 5000 Ει
2821 4946 2978 5011 dedit,
3009 4944 3199 5014 inquit,
3232 4935 3383 4998 etiam
3410 4944 3517 4999 viro
3544 4962 3681 5014 suo;

2095 5052 2144 5096 et
2181 5042 2535 5105 comederunt,
2581 5048 2629 5092 et
2670 5037 2833 5107 aperti
2877 5045 2991 5090 sunt
3035 5033 3170 5089 oculi
3219 5035 3442 5089 illorum.
3492 5034 3692 5109 Magna.

2095 5133 2253 5190 etiam
2302 5132 2399 5186 viri
2442 5128 2778 5200 negligentia.
2816 5126 2946 5183 Nam
2975 5127 3100 5182 licet
3126 5126 3215 5181 illa
3241 5125 3480 5197 ejusdem
3510 5143 3678 5200 gone.

2095 5225 2170 5280 ris
2200 5232 2364 5291 esset,
2409 5231 2465 5277 et
2503 5236 2656 5288 uxor,
2696 5229 2929 5275 attamen
2977 5218 3258 5288 oportebat
3303 5219 3476 5274 virum
3514 5219 3680 5289 pluris

2096 5319 2272 5375 facere
2316 5325 2635 5388 praeceptum
2688 5314 2813 5381 Dei,
2866 5328 3025 5384 quam
3077 5312 3310 5367 illicitam
3354 5312 3492 5368 hanc
3537 5312 3678 5369 illius

2095 5408 2598 5480 concupiscentiam,
2642 5415 2699 5462 et
2744 5420 2850 5460 non
2898 5404 3011 5460 fieri
3053 5401 3507 5475 praevaricationis
3551 5415 3671 5472 par-

2097 5502 2329 5572 ticipem,
2358 5514 2528 5570 neque
2566 5498 2635 5556 ob
2657 5496 2907 5555 minimas
2932 5497 3226 5567 voluptates
3251 5495 3411 5550 tantis
3439 5493 3671 5563 seipsum

2165 5684 2182 5716 ι
2217 5678 2359 5733 savii.
2382 5684 2435 5731 et
2456 5686 2583 5738 ωδε..
2602 5686 2641 5730 ο
2661 5675 2834 5729 mulier
2850 5675 2876 5728 1’
2896 5687 3044 5739 quare
3061 5669 3330 5740 peridcioso
3340 5674 3552 5729 accepto.
3576 5677 3674 5718 etc.
