4074 6134
330 273 425 328 1⁵51

332 385 542 453 privare
565 380 740 444 bonis,
770 385 823 432 et
850 375 1122 430 offendere
1151 371 1566 434 benefactorem,
1609 368 1698 437 qui
1745 365 1894 421 illum

336 482 478 526 tanta
517 467 836 537 benignitate
865 465 881 495 ¹
912 463 1242 532 amplexatus
1283 469 1418 524 erat,
1458 459 1725 526 vitamque
1751 454 1903 508 dolo-

333 563 409 618 ris
448 570 501 618 et
539 559 732 614 laboris
775 556 948 611 omnis
990 563 1260 624 expertem
1309 557 1668 606 concesserat.
1716 550 1905 601 Annon

335 653 478 706 enim
519 649 712 703 licebat
747 646 994 700 omnibus
1041 645 1158 698 aliis
1207 658 1326 713 qua:
1363 643 1413 696 in
1456 639 1702 710 paradiso
1755 642 1910 691 erant

333 743 541 798 abunde
573 739 708 794 frui?
751 754 913 808 quare
953 747 1060 792 tam
1096 737 1213 791 leve
1253 735 1556 790 mandatum
1602 744 1776 798 neque
1797 728 1911 796 ipse

337 832 544 887 voluisti
575 830 829 884 servare?
868 828 973 884 Sed
1013 827 1149 882 forte
1185 825 1430 881 audivisti
1467 839 1498 877 a
1543 822 1764 876 muliere
1790 834 1912 889 per-

338 923 522 978 niciosi
568 921 771 977 consilii
815 919 1243 989 promissionem,
1290 926 1344 971 et
1384 930 1478 985 spe
1506 914 1664 969 etiam
1691 912 1804 980 ipse
1835 909 1916 961 in-

337 1014 511 1079 ﬂatus,
534 1012 637 1067 cibi
665 1011 841 1065 statim
875 1009 1138 1078 particeps
1162 1006 1330 1061 factus
1355 1021 1435 1059 es.
1471 1004 1668 1058 Idcirco
1693 1009 1916 1068 uterque

339 1104 651 1173 supplicium
679 1101 835 1155 luetis
857 1139 871 1164 ,
905 1099 1218 1166 docebitque
1243 1111 1336 1150 vos
1356 1109 1534 1150 rerum
1552 1089 1875 1162 experientia
1897 1128 1913 1153 ,

340 1212 444 1251 non
489 1209 606 1249 esse
649 1192 752 1246 fide
789 1190 998 1260 dignius
1039 1187 1254 1256 maligni
1300 1183 1558 1240 daemonis
1602 1180 1912 1242 consilium,

341 1301 498 1355 quam
530 1285 619 1338 Dei
649 1290 991 1352 praeceptum.
1039 1276 1106 1331 Et
1137 1277 1273 1330 dedit
1303 1276 1450 1328 etiam
1469 1274 1574 1326 viro
1595 1287 1720 1334 suo;
1759 1277 1803 1322 et
1828 1283 1916 1320 co-

342 1377 621 1440 mederunt,
653 1383 696 1427 et
723 1373 884 1442 aperti
912 1379 1026 1425 sunt
1056 1369 1188 1423 oculi
1209 1367 1490 1431 amborum,
1518 1373 1565 1418 et
1587 1365 1918 1433 cognoverunt

343 1466 476 1537 quod
501 1464 624 1518 nudi
649 1471 828 1516 essent.

412 1557 466 1611 5.
505 1553 738 1620 Quaestio
759 1566 948 1620 magna
974 1549 1126 1604 nobis
1154 1547 1278 1602 hinc
1308 1545 1540 1599 nascitur
1559 1583 1573 1606 ,
1601 1556 1662 1596 ea
1689 1539 1917 1604 scilicet,

345 1659 502 1715 quam
545 1657 714 1712 nuper
744 1639 1032 1710 pollicebar
1059 1636 1267 1692 caritati
1310 1643 1519 1688 vestrm.
1549 1631 1737 1685 Merito
1776 1628 1919 1682 enim

348 1737 468 1806 quis
497 1735 780 1804 rogaverit,
803 1746 961 1801 quam
988 1730 1238 1784 virtutem
1277 1725 1519 1780 habuerit
1556 1722 1658 1775 hoc
1684 1721 1882 1788 lignum
1903 1758 1919 1784 ,

347 1827 499 1895 cujus
528 1839 653 1880 esus
679 1824 887 1878 illorum
924 1821 1104 1877 oculos
1125 1818 1427 1888 aperuerit,
1454 1823 1508 1869 et
1539 1827 1701 1884 quare
1725 1813 1923 1880 lignum

349 1919 584 1974 scientiae
605 1916 728 1972 boni
746 1924 798 1970 et
818 1915 943 1968 mali
961 1921 1198 1967 vocetur.
1222 1909 1292 1963 Et
1320 1909 1362 1963 si
1391 1908 1581 1977 placet,
1596 1911 1919 1973 exspectate,

349 2018 408 2063 ut
441 2022 603 2078 pauca
637 2007 796 2060 etiam
831 2003 901 2058 de
950 2003 1033 2056 his
1065 2001 1334 2056 disserens
1379 1997 1654 2052 caritatem
1695 2001 1924 2048 vestram

347 2101 588 2164 doceam,
607 2097 649 2151 si
675 2093 997 2149 voluerimus
1017 2089 1326 2161 prudenter,
1345 2103 1464 2157 quas
1495 2087 1548 2139 in
1571 2085 1752 2140 divina
1779 2081 1926 2137 Scri-

351 2198 503 2257 ptura
528 2187 795 2250 dicuntur,
831 2182 1143 2252 intelligere,
1173 2179 1301 2233 nihil
1331 2177 1592 2232 dictorum
1619 2174 1774 2229 nobis
1800 2170 1929 2227 diffi-

349 2280 454 2335 cile
496 2277 664 2332 visum
707 2276 793 2330 iri.
820 2274 1003 2343 Neque
1032 2272 1172 2326 enim
1217 2284 1340 2324 esus
1375 2283 1441 2322 ex
1469 2281 1535 2322 eo
1564 2266 1705 2334 ligno
1744 2262 1930 2317 oculos

353 2371 565 2426 illorum
611 2367 859 2434 aperuit:
896 2380 1016 2418 nam
1067 2372 1120 2418 et
1163 2371 1289 2415 ante
1328 2374 1476 2414 esum
1524 2357 1807 2420 videbant;
1835 2352 1930 2408 sed

351 2461 475 2530 quia
503 2473 626 2514 esus
652 2457 741 2512 ille
766 2453 1137 2510 inobedientia:
1167 2458 1283 2505 erat
1306 2456 1697 2518 argumentum,
1719 2454 1771 2500 et
1796 2458 1932 2515 prae-

352 2548 607 2604 varicatio
651 2544 883 2600 mandati
924 2558 956 2597 a
986 2543 1094 2596 Deo
1136 2540 1313 2594 traditi
1346 2557 1358 2592 :
1393 2552 1549 2607 quam
1599 2536 1668 2590 ob
1713 2548 1929 2589 causam

353 2647 538 2710 postea
583 2636 766 2693 nudati
808 2644 930 2690 sunt
976 2633 1172 2703 gloria,
1206 2647 1326 2701 qum
1369 2630 1489 2684 illos
1533 2625 1930 2692 circumdabat,

353 2731 478 2800 quia
524 2744 584 2785 se
625 2728 870 2798 indignos
920 2725 1012 2780 tali
1059 2724 1264 2779 honore
1317 2723 1550 2778 fecerant
1587 2738 1601 2775 :
1652 2729 1934 2790 prapterea

358 2823 631 2891 Scriptura
670 2833 874 2875 morem
909 2831 1064 2872 suum
1107 2815 1432 2881 observans,
1459 2813 1665 2883 inquit:
1695 2811 1936 2866 Comede-

359 2921 513 2976 runt,
536 2921 582 2966 et
607 2911 768 2981 aperti
807 2920 921 2965 sunt
943 2909 1078 2964 oculi
1097 2907 1302 2962 illorum
1323 2947 1338 2971 ,
1369 2917 1415 2960 et
1438 2915 1773 2976 cognoverunt
1801 2903 1936 2974 quod

360 3003 484 3058 nudi
503 3011 661 3058 essent
685 3017 702 3066 ;
728 3000 910 3056 nudati
937 3007 1156 3070 propter
1181 3007 1456 3068 peccatum
1483 3011 1726 3066 superna:
1754 2992 1938 3064 gratia:

360 3093 556 3147 amictu
573 3132 590 3155 ,
620 3090 888 3146 sensibilis
929 3105 1040 3144 suae
1066 3087 1319 3142 nuditatis
1343 3101 1558 3141 sensum
1584 3090 1940 3153 acceperunt,

362 3189 420 3234 ut
449 3195 542 3249 per
561 3177 1004 3240 erubescentiam,
1033 3191 1152 3246 quae
1178 3175 1460 3230 invadebat
1484 3175 1648 3245 ipsos,
1670 3182 1818 3229 certo
1839 3172 1942 3226 sci-

365 3279 490 3328 rent
521 3272 575 3326 in
623 3278 873 3339 quantam
909 3268 1116 3322 ruinam
1162 3267 1307 3336 ipsos
1355 3265 1662 3320 adduxisset
1708 3262 1943 3319 mandati

365 3359 615 3415 dominici
661 3357 1046 3426 praevaricatio.
1091 3356 1189 3423 Qui
1245 3357 1388 3411 enim
1433 3365 1587 3410 antea
1633 3354 1945 3409 fruebantur

367 3457 512 3504 tanta
539 3447 752 3514 fiducia,
781 3455 837 3502 et
864 3461 1036 3516 neque
1062 3447 1164 3500 sibi
1191 3447 1390 3500 conscii
1436 3453 1590 3500 erant
1621 3459 1740 3500 sese
1774 3443 1945 3498 nudos

367 3553 527 3593 esse:
558 3553 656 3592 nec
704 3537 831 3592 nudi
875 3544 1046 3602 erant,
1076 3536 1499 3607 quandoquidem
1528 3551 1758 3607 superna
1799 3535 1946 3606 ipsos

365 3629 535 3700 gloria
579 3629 765 3699 quovis
817 3631 1137 3684 vestimento
1192 3627 1469 3683 honestius
1531 3628 1788 3698 tegebat:
1825 3636 1948 3698 post

365 3735 538 3784 esum,
565 3720 666 3774 hoc
692 3726 793 3784 est,
827 3727 946 3788 post
971 3719 1466 3788 prievaricationem
1518 3727 1904 3789 praeceptorum
1925 3756 1942 3784 ,

369 3811 422 3863 in
451 3817 649 3863 tantam
679 3809 934 3864 vilitatem
973 3809 1176 3865 redac1i
1212 3818 1354 3874 sunt,
1383 3820 1442 3862 ut
1465 3809 1534 3864 ob
1558 3809 1945 3864 intolerabilem

373 3899 625 3969 pudorem
670 3909 872 3954 vestem
922 3908 1046 3954 tunc
1088 3908 1414 3969 qumrerent.
1463 3899 1669 3968 Quippe
1714 3899 1949 3954 mandati

375 3990 741 4060 prmvaricatio
779 3998 837 4043 ut
878 3990 1218 4058 supervenit,
1250 3997 1451 4042 vestem
1490 3987 1634 4041 illam
1676 4004 1866 4042 novam
1896 3997 1952 4044 et

371 4081 760 4147 admirabilem,
787 4081 972 4149 gloriae
997 4081 1209 4147 inquam
1231 4093 1291 4133 ac
1311 4093 1553 4146 supernae
1571 4079 1949 4134 benevolentiae

374 4187 479 4240 qua
506 4170 675 4225 induti
707 4178 897 4234 erant,
926 4170 1174 4233 abstulit,
1206 4178 1260 4223 et
1287 4169 1538 4223 nuditatis
1559 4185 1773 4224 sensum
1811 4187 1949 4240 pra:-

377 4261 512 4327 buit,
542 4261 768 4330 illosque
797 4260 996 4329 ingenti
1029 4259 1228 4328 pudore
1251 4259 1619 4315 circumdedit.
1649 4262 1702 4315 7.
1731 4259 1798 4313 Et
1825 4277 1950 4316 con-

373 4359 580 4405 suerunt
603 4350 728 4420 [alia
755 4351 902 4420 ﬁcus,
927 4357 971 4403 et
999 4352 1221 4420 fecerunt
1247 4351 1564 4422 sibimetipsis
1597 4352 1948 4407 succinctoria.

374 4440 632 4506 Obsecro,
655 4440 881 4507 dilecte,
912 4442 1105 4512 cogita,
1138 4443 1403 4512 quomodo
1430 4453 1480 4499 et
1508 4459 1537 4498 a
1575 4453 1772 4514 quanto
1806 4443 1954 4499 fasti-

377 4535 466 4602 gio
503 4531 555 4586 iu
601 4531 920 4602 profundum
965 4535 1312 4606 prmcipitium
1359 4536 1551 4607 dejccit
1594 4537 1716 4593 illos
1755 4538 1954 4594 diaboli

375 4623 676 4679 consilium.
695 4623 825 4678 Nam
855 4633 1005 4680 tanta
1041 4627 1204 4697 gloria
1232 4627 1427 4682 dudum
1452 4629 1785 4696 circumdati,
1814 4645 1956 4687 nunc

379 4717 502 4772 folia
532 4717 664 4772 licus
691 4727 976 4784 consuunt,
1007 4727 1062 4774 et
1087 4719 1185 4775 sibi
1217 4721 1564 4777 succinctoria
1590 4724 1808 4780 faciunt.
1844 4726 1957 4783 lloc

375 4809 651 4866 diabolica:
681 4809 1007 4880 deceptionis
1050 4811 1252 4866 lucrum
1297 4821 1416 4867 est:
1446 4814 1550 4870 hoc
1598 4818 1803 4872 consilii
1838 4819 1954 4888 ejus

377 4899 721 4965 machinatio,
749 4907 806 4954 ut
834 4916 940 4956 non
969 4901 1142 4956 solum
1166 4902 1368 4972 majora
1398 4919 1503 4960 non
1530 4907 1832 4976 conferret,
1861 4910 1956 4966 sed

375 4997 430 5042 et
453 4989 728 5058 acquisitis
752 4990 1015 5057 nudaret,
1054 5001 1108 5046 et
1129 4992 1409 5050 destitutos
1449 4997 1515 5050 ab
1540 4997 1604 5052 iis
1626 5013 1746 5068 quae
1792 4999 1956 5056 habe-

381 5080 509 5132 bant
534 5079 860 5135 ostenderet.
890 5080 1070 5152 ltaque
1093 5084 1214 5153 quia
1249 5085 1353 5140 cibi
1388 5087 1598 5142 occasio
1639 5091 1954 5158 praevarica-

380 5169 576 5225 tionem
619 5169 773 5238 fecit,
805 5171 1003 5228 idcirco
1054 5173 1220 5243 inquit
1269 5175 1541 5245 Scriptura
1573 5197 1586 5230 :
1614 5178 1680 5234 Et
1723 5182 1956 5237 comede-

379 5270 532 5324 runt,
567 5269 617 5315 et
642 5263 803 5332 aperti
822 5273 938 5318 sunt
967 5266 1100 5320 oculi
1127 5282 1299 5320 eorum
1326 5282 1345 5320 :
1373 5284 1477 5322 non
1508 5269 1576 5325 de
1618 5272 1958 5329 sensibilibus

379 5352 550 5408 oculis
593 5352 795 5423 dicens,
827 5356 920 5412 sed
967 5357 1035 5413 de
1082 5373 1242 5415 sensu
1287 5362 1501 5416 mentis.
1533 5360 1664 5416 Nam
1709 5365 1957 5434 quoniam

384 5443 629 5502 mandata
663 5449 982 5522 transgressi
1006 5458 1150 5516 sunt,
1175 5451 1427 5507 Dominus
1451 5466 1544 5508 eos
1570 5455 1772 5512 sentire
1792 5457 1961 5512 voluit

444 5631 464 5664 ⁸
499 5639 574 5688 διο
597 5637 761 5689 ﬂoret.
785 5639 916 5704 Apud
937 5641 1074 5693 Savil.
1104 5649 1156 5694 et
1176 5648 1304 5703 Mss,
1337 5651 1468 5697 tanta
1489 5646 1858 5712 magniﬁcentia.

1033 262 1092 320 S.
1128 261 1402 319 JOANNIS
1434 250 1906 315 CHRYSOSTOMI
1943 247 2263 307 ARCHIEP.
2303 242 2833 302 CONSTANTINOP.

3485 234 3580 292 13?

2016 377 2079 417 ea
2099 375 2218 431 quae
2241 367 2364 414 ante
2383 358 2453 414 ob
2477 357 2800 427 singularem
2828 354 2971 410 illius
3001 354 3054 408 in
3081 369 3140 409 se
3163 353 3586 409 benevolentiam

2011 467 2116 507 non
2137 449 2457 505 sentiebant.
2483 448 2644 517 Igitur
2671 462 2792 502 cum
2823 445 3054 500 audieris
3071 486 3085 508 ,
3112 445 3286 513 Aperti
3315 455 3431 506 sunt
3460 446 3587 498 oculi

2011 544 2215 597 illorum
2245 557 2262 595 :
2287 541 2389 596 hoc
2414 541 2608 610 cogita,
2632 540 2776 594 illum
2816 537 3057 593 ell‘ecisse
3083 546 3140 592 ut
3169 547 3350 608 postea
3377 538 3586 592 nuditaa

2015 643 2120 688 tem
2163 634 2424 688 sentirent
2452 641 2502 686 et
2534 630 2885 700 privationem
2933 628 3117 698 gloria:
3150 643 3254 697 qua
3293 636 3415 684 ante
3441 644 3590 682 esum

2015 723 2344 781 fruebantur.
2373 721 2524 787 Quod
2567 730 2743 775 autem
2785 719 2901 773 hmc
2930 720 2999 773 sit
3040 717 3330 787 Scriptura:
3365 733 3592 773 consue-

2017 814 2163 879 tudo,
2194 813 2320 868 audi
2374 813 2519 866 illam
2558 812 2685 865 alibi
2729 811 2994 864 dicentem
3031 828 3045 864 :
3076 825 3198 864 nam
3237 825 3356 864 cum
3404 811 3591 865 ancilla

2015 904 2191 960 Sarra:
2216 903 2511 958 dominium
2534 904 2740 972 fugiens
2769 911 2994 967 erraret,
3013 910 3068 956 et
3089 902 3261 970 posito
3281 902 3432 971 juxta
3459 903 3595 957 abie-

2020 1003 2123 1050 tem
2147 1010 2329 1064 puero,
2354 1009 2384 1048 a
2415 995 2571 1063 longe
2597 993 2966 1049 consideraret
3009 993 3151 1047 illius
3197 1003 3422 1047 mortem
3448 1035 3463 1060 ,
3511 994 3594 1048 in-

1973 1134 1979 1140 .
2019 1087 2133 1154 quit
2164 1102 2177 1137 :
2209 1085 2420 1154 Aperuit
2470 1084 2606 1140 Deus
2648 1085 2820 1138 oculos
2867 1084 3005 1155 Agar
3045 1084 3195 1154 (Gen.
3222 1084 3314 1140 ει.
3348 1085 3457 1154 l9),
3492 1101 3595 1138 non

2019 1177 2160 1246 quod
2200 1177 2428 1231 antehac
2475 1193 2578 1232 non
2627 1177 2838 1241 viderit,
2872 1177 2966 1230 sed
3003 1177 3143 1246 quod
3189 1186 3420 1232 mentem
3459 1179 3598 1232 illius

2022 1268 2285 1322 excitarit.
2322 1267 2482 1322 Vides
2528 1268 2782 1332 verbum,
2811 1269 3053 1336 Aperuit,
3107 1282 3214 1323 non
3257 1269 3325 1324 de
3352 1285 3602 1338 corpora-

2025 1359 2163 1413 libus
2189 1359 2362 1412 oculis
2391 1358 2514 1421 dici,
2547 1358 2639 1412 sed
2662 1358 2728 1412 de
2758 1373 2919 1412 sensu
2951 1359 3211 1412 mentali?

2095 1451 2196 1504 Cur
2226 1450 2417 1519 lignum
2446 1449 2666 1502 scientia:
2685 1449 2978 1504 dicatur.-—
3005 1448 3233 1519 Idipsum
3260 1459 3314 1504 et
3341 1449 3410 1503 de
3435 1449 3601 1504 altera

2026 1541 2319 1609 quaestione
2380 1540 2714 1605 dixerimus,
2767 1553 2885 1608 quae
2943 1539 3066 1592 hinc
3113 1540 3374 1594 exoritur.
3415 1540 3607 1594 Dicunt

2026 1632 2167 1687 enim
2193 1649 2205 1684 :
2235 1632 2410 1698 Quare
2441 1632 2642 1701 lignum
2686 1631 2924 1686 scientia:
2965 1633 3087 1686 boni
3116 1644 3168 1687 et
3193 1633 3320 1688 mali
3347 1635 3604 1688 vocatur?

2027 1724 2161 1776 Sunt
2185 1723 2326 1778 enim
2356 1722 2677 1777 contentiosi
2718 1723 2867 1776 multi
2893 1723 2980 1791 qui
3007 1722 3186 1778 dicere
3213 1723 3444 1789 audent,
3480 1733 3600 1792 post

2029 1828 2177 1868 esum
2203 1813 2330 1883 ligni
2360 1813 2636 1869 scientiam
2673 1813 2923 1869 habuisse
2971 1814 3139 1868 Adam
3172 1815 3239 1869 ad
3283 1815 3597 1871 discernen-

2030 1905 2156 1959 dum
2203 1905 2402 1959 bonnm
2455 1915 2510 1959 et
2543 1905 2742 1959 malum
2795 1923 2808 1958 :
2853 1905 2904 1960 id
2958 1907 3099 1976 quod
3155 1918 3417 1962 extrema:
3452 1909 3610 1963 fuerit

2031 1996 2303 2050 amentiae.
2332 1995 2464 2049 Nam
2494 2005 2711 2065 prepter
2739 1995 2842 2051 hoc
2869 2012 3033 2066 nuper
3064 1999 3610 2066 cumpraeviderimus

2032 2085 2169 2150 haec,
2197 2086 2265 2141 de
2309 2086 2570 2156 sapientia
2600 2086 2802 2140 homini
2843 2101 2876 2140 a
2906 2089 3016 2142 Deo
3044 2090 3238 2142 tradita
3283 2098 3390 2143 tam
3435 2090 3614 2145 multis

2035 2175 2380 2229 tractavimus
2399 2215 2415 2241 ,
2446 2175 2585 2229 hanc
2613 2175 2958 2230 ostendentes
2985 2192 3047 2230 ex
3077 2179 3351 2232 nominum
3394 2179 3614 2248 imposi-

2037 2267 2199 2331 tione,
2226 2282 2343 2336 quae
2371 2266 2498 2322 feris
2522 2268 2770 2322 omnibus
2814 2278 2868 2322 et
2893 2268 3202 2323 volucribus
3221 2271 3338 2324 (τωιί
3367 2281 3418 2325 et
3449 2271 3617 2326 brutis

2036 2357 2268 2424 indidit;
2299 2367 2354 2413 et
2384 2359 2524 2428 quod
2554 2375 2674 2413 cum
2702 2362 2801 2414 hac
2831 2361 3172 2416 inenarrabili
3205 2363 3465 2431 sapientia
3491 2379 3617 2434 pro-

2039 2450 2231 2521 phetiae
2261 2451 2484 2520 gratiam
2525 2451 2683 2505 fuerit
2711 2439 3061 2520 assequutuS,
3085 2461 3142 2507 ut
3169 2469 3236 2508 ne
3263 2454 3382 2523 quis
3411 2454 3510 2509 hoc
3539 2455 3619 2508 di-

2039 2557 2162 2597 cere
2185 2542 2343 2596 ausit.
2378 2541 2540 2610 lgitur
2566 2541 2658 2611 qui
2696 2542 2912 2597 nomina
2951 2543 3308 2598 animantibus
3346 2545 3618 2613 imposuit,

2039 2631 2238 2701 quique
2268 2640 2376 2685 tam
2403 2631 2767 2686 admirabilem
2789 2631 3119 2701 prophetiam
3149 2633 3218 2688 de
3248 2634 3470 2689 muliere
3493 2651 3621 2704 pro-

2041 2723 2336 2788 nuntiavit,
2393 2721 2844 2790 quemadmodum
2892 2723 3001 2792 jam
3058 2723 3316 2788 diximus,
3359 2727 3623 2795 quomodo

2042 2809 2311 2880 ignoraret
2338 2811 2462 2881 quid
2491 2811 2688 2864 bonum
2730 2812 2834 2879 sit,
2873 2822 2928 2866 et
2964 2812 3090 2882 quid
3138 2814 3373 2869 malum?
3401 2815 3553 2882 Quod
3580 2817 3625 2872 si

2043 2901 2402 2970 receperimus
2435 2899 2642 2972 (absit),
2669 2901 2860 2955 iterum
2893 2900 3254 2971 blasphemias
3295 2904 3348 2958 in
3373 2905 3626 2960 Condito-

2044 3005 2159 3044 rem
2193 2989 2596 3045 transferemus.
2642 2991 2773 3045 Nam
2814 2993 3079 3062 quomodo
3112 3005 3432 3065 prteccplum
3477 2998 3630 3052 daret

2044 3080 2345 3152 ignoranti,
2372 3083 2848 3151 transgressionem
2879 3097 3000 3138 esse
3030 3085 3269 3138 malum?
3303 3087 3494 3141 Verum
3523 3104 3628 3143 non

2046 3173 2117 3228 ita
2165 3182 2283 3240 est,
2317 3173 2457 3226 absit
2488 3190 2501 3226 :
2531 3173 2624 3228 sed
2675 3175 2829 3227 scivit
2873 3175 3036 3229 clare.
3080 3176 3368 3232 Enimvero
3418 3178 3516 3234 hac
3564 3181 3632 3235 de

2047 3277 2206 3318 causa
2235 3262 2432 3316 animal
2462 3263 2563 3316 hoc
2601 3264 2668 3317 ab
2702 3263 2854 3318 initio
2886 3265 3056 3319 libero
3093 3267 3316 3322 arbitrio
3353 3269 3631 3338 praeditum

2048 3369 2168 3409 esse
2204 3353 2386 3407 voluit.
2412 3353 2564 3420 Quod
2588 3355 2633 3408 si
2661 3369 2766 3408 non
2793 3355 3012 3422 fuisset,
3048 3373 3224 3428 neque
3253 3375 3374 3414 cum
3415 3363 3632 3417 manda-

2051 3452 2162 3498 tum
2187 3444 2570 3514 praevaricatus
2593 3453 2694 3509 est,
2726 3445 2873 3498 illum
2903 3447 3108 3516 puniri,
3143 3464 3315 3518 neque
3341 3451 3385 3504 si
3423 3467 3634 3508 servas-

2051 3545 2154 3603 set,
2186 3535 2392 3590 laudari
2416 3536 2716 3606 oportebat.
2746 3537 2899 3604 Quod
2923 3540 3064 3594 enim
3091 3538 3264 3596 factus
3288 3543 3358 3596 sit
3397 3546 3638 3600 mortalis

2052 3636 2270 3698 propter
2289 3628 2802 3696 prmvaricatiouem,
2829 3637 2884 3683 et
2909 3645 2974 3684 ex
3003 3629 3103 3684 hoc
3125 3632 3393 3699 mandato,
3417 3644 3470 3689 et
3485 3650 3552 3690 ex
3573 3637 3636 3691 iis

2053 3737 2171 3792 qua:
2201 3731 2424 3792 sequuta
2453 3732 2596 3788 sunt,
2625 3722 2828 3777 clarum
2856 3732 2957 3778 est.
2986 3724 3123 3779 Audi
3169 3728 3311 3782 enim
3359 3731 3636 3785 mulierem

2055 3812 2224 3882 ipsam
2265 3812 2571 3882 loquentem
2601 3815 2833 3883 serpenti
2863 3833 2876 3868 :
2905 3815 2982 3868 De
3011 3816 3180 3885 fructu
3206 3819 3350 3889 ligni,
3395 3821 3531 3890 quod
3566 3833 3638 3876 est

2055 3905 2111 3956 in
2140 3902 2304 3958 medio
2329 3905 2554 3973 paradisi
2575 3944 2592 3970 ,
2631 3905 2759 3958 dixit
2789 3904 2952 3969 Deus,
2989 3923 3050 3960 ne
3076 3910 3350 3965 comedalis
3375 3927 3437 3965 ex
3461 3928 3519 3966 eo
3538 3953 3554 3978 ,
3586 3923 3639 3966 ut

2057 4011 2159 4048 non
2177 3995 2483 4049 moriamini.
2515 3995 2695 4066 Itaque
2733 4005 2855 4052 ante
2884 4001 3370 4066 praevaricationem
3418 4004 3641 4057 immor-

2059 4088 2194 4142 tales
2238 4097 2429 4152 erant;
2457 4089 2654 4158 alioqui
2690 4098 2811 4159 post
2841 4090 3019 4145 cibum
3073 4107 3180 4146 non
3233 4094 3478 4162 supplicii
3525 4095 3641 4150 loco

2058 4185 2286 4232 mortem
2314 4179 2672 4247 imposuisset.

2131 4269 2184 4323 6.
2225 4269 2391 4322 Adam
2429 4271 2688 4323 scientiam
2716 4270 2831 4324 boni
2859 4281 2906 4324 et
2931 4271 3053 4325 mali
3081 4289 3181 4327 non
3220 4290 3282 4328 ea:
3306 4291 3394 4328 esu
3439 4293 3473 4329 a
3505 4277 3642 4348 ligno

2059 4362 2272 4431 accepit.
2301 4387 2370 4401 —-
2391 4362 2522 4428 Quis
2547 4377 2675 4432 ergo
2699 4361 2837 4417 ferat
2857 4377 2951 4418 eos
2973 4367 3060 4434 qui
3083 4365 3262 4420 dicere
3293 4365 3511 4432 audent,
3544 4368 3644 4422 ho-

2062 4455 2259 4508 minem
2305 4463 2427 4524 post
2477 4468 2628 4509 esum
2670 4453 2739 4509 de
2778 4455 2922 4525 ligno
2970 4457 3316 4525 acquisivisse
3366 4460 3643 4514 scientiam

2063 4546 2189 4601 boni
2216 4556 2271 4600 et
2295 4545 2443 4609 mali,
2475 4545 2565 4615 qui
2593 4555 2650 4600 et
2677 4555 2801 4601 ante
2821 4563 2969 4602 esum
3003 4558 3144 4603 tanta
3171 4552 3430 4620 sapientia
3455 4553 3644 4621 plenus

2063 4644 2199 4702 erat,
2230 4643 2429 4690 etcum
2467 4635 2692 4690 scientia
2730 4637 2890 4690 etiam
2924 4638 3236 4707 prophetica
3261 4641 3432 4710 gratia
3463 4642 3648 4710 digna-

2065 4734 2151 4780 tus
2176 4727 2301 4782 est?
2329 4726 2396 4781 Et
2427 4726 2695 4796 quomodo
2727 4727 2828 4782 hoc
2875 4729 3068 4787 rationi
3119 4746 3415 4786 consonum
3462 4742 3646 4798 esset,

2063 4832 2255 4888 capras
2280 4818 2494 4888 quidem
2539 4828 2593 4873 et
2638 4833 2767 4874 oves
2795 4821 3144 4890 omniumque
3183 4823 3460 4879 brutorum
3491 4836 3646 4881 natu-

2065 4921 2181 4965 ram
2206 4909 2346 4965 scire
2365 4951 2382 4977 ,
2412 4925 2530 4978 quae
2559 4909 2724 4965 herba
2753 4910 2822 4965 sit
2852 4911 3129 4979 salutaris,
3164 4922 3218 4968 et
3241 4915 3362 4969 cibo
3391 4916 3534 4970 utilis
3553 4957 3568 4981 ,
3596 4927 3651 4972 et

2065 5016 2184 5071 qua:
2211 5000 2534 5071 perniciosa,
2559 5010 2616 5055 ut
2646 5001 2790 5055 illam
2817 5002 2993 5067 adeat,
3016 5003 3153 5057 hanc
3177 5005 3416 5060 studiose
3447 5007 3605 5077 fugiat
3630 5027 3644 5061 :

2066 5100 2124 5146 et
2147 5091 2442 5158 hominem,
2473 5091 2737 5146 rationale
2775 5094 3010 5161 animal,
3043 5096 3254 5150 nescire
3279 5097 3406 5166 quid
3450 5097 3648 5153 bonum

2066 5191 2122 5238 et
2146 5179 2272 5252 quid
2303 5182 2500 5237 malum
2523 5183 2546 5236 ?
2570 5183 2676 5240 Sed
2718 5199 2845 5240 ecce
2865 5226 2881 5253 ,
2913 5186 3104 5256 inquit.
3147 5187 3418 5258 Scriptura
3451 5197 3650 5259 tignum

2067 5271 2171 5328 hoc
2201 5283 2358 5329 vocat
2403 5275 2606 5345 lignum
2639 5276 2878 5332 scientize
2908 5277 3034 5333 boni
3067 5289 3120 5333 et
3150 5281 3298 5334 mali.
3345 5280 3526 5352 Neque
3565 5297 3654 5337 me

2071 5365 2174 5422 hoc
2202 5367 2335 5421 latet
2369 5385 2382 5421 :
2410 5367 2505 5422 sed
2533 5368 2580 5423 si
2610 5369 2964 5439 proprietates
3001 5371 3198 5426 divinae
3234 5372 3528 5442 Scriptura:
3565 5373 3650 5427 di-

2069 5473 2220 5515 scere
2246 5460 2478 5515 volueris
2497 5500 2511 5524 ,
2536 5459 2674 5515 scies
2694 5475 2860 5531 quare
2884 5461 2987 5517 hoc
3013 5478 3207 5518 nomen
3231 5463 3355 5518 huic
3381 5463 3526 5533 ligno
3554 5464 3654 5517 tri-

2068 5550 2202 5608 buit.
2229 5549 2346 5606 Non
2367 5552 2509 5606 enim
2539 5551 2681 5621 quod
2727 5551 2930 5607 homini
2978 5553 3253 5608 scientiam
3296 5553 3504 5609 dederit
3530 5595 3542 5616 ,
3574 5554 3652 5607 sic

2072 5651 2318 5700 vocatum
2344 5649 2461 5697 est:
2490 5640 2580 5698 sed
2603 5641 2723 5712 quia
2747 5656 2844 5712 per
2873 5641 3002 5698 illud
3031 5641 3168 5700 facta
3190 5655 3274 5700 cst
3300 5646 3651 5716 transgressio
