4074 6134
185 303 278 361 151

186 416 283 469 καὶ
318 415 519 487 μόχθου
547 416 745 481 παντὸς
775 415 1197 487 ἀπηλλαγμένον
1229 413 1340 485 βίον
1366 415 1736 487 χαρισαμένῳ.
1764 417 1855 487 Μὴ

185 502 300 573 7&9
327 505 429 555 οὐκ
457 504 585 573 ἐξῆν
610 504 717 558 τῶν
741 503 916 558 ἀλλων
944 502 1199 556 ἀπάντων
1220 500 1329 554 τῶν
1353 502 1411 554 ἐν
1437 500 1514 572 τῷ
1550 502 1861 572 παραδείσῳ

185 589 334 656 μετά
371 589 647 658 δαψιλείας
690 588 1010 654 ἀπολαύειν,
1043 588 1189 652 τίνος
1217 588 1402 641 ἐνεκεν
1434 586 1607 650 οὕτως
1642 587 1860 641 εὔκολον

187 669 362 727 οὖσαν
387 674 484 745 τὴν
513 674 728 745 ἐντολὴν
758 674 993 745 φυλάξαι
1020 674 1143 727 ούδὶ
1171 674 1332 736 αὐτὸς
1356 673 1685 744 ἐϐουλήθης;
1719 675 1858 727 Ἀλλ’

187 760 327 821 ἴσως
372 760 609 825 ἀκούσας
654 761 807 833 παρὰ
849 761 952 831 τῆς
989 760 1246 829 γυναικὸς
1285 761 1386 830 τῆς
1432 760 1678 831 ὀλεθρίου
1726 777 1863 831 συμ-

190 843 394 913 ϐουλῆς
421 846 521 914 τὴν
564 846 880 917 ὑπόσχεσιν,
912 847 1006 900 καὶ
1037 848 1101 916 τῇ
1136 844 1308 897 ἐλπίδι
1342 846 1435 897 καί
1477 845 1637 908 αὐτὸς
1684 863 1861 918 φυση-

189 927 328 992 θεὶς,
370 929 599 1000 ἑτοίμως
629 930 992 1002 ἐκοινώνησας
1027 932 1127 1001 τῆς
1159 928 1430 1001 βρώσεως.
1459 931 1556 983 Διά
1586 943 1615 973 τ
1634 930 1741 984 ›ῦτο
1770 934 1862 987 καὶ

190 1014 251 1064 τὸ
297 1015 571 1086 ἐπιτίμιον
602 1019 940 1089 ἀμφοτέρως
980 1017 1302 1086 διαδέχεται,
1331 1017 1424 1070 καὶ
1462 1016 1570 1070 τῶν
1602 1017 1858 1088 πρστίμά·

190 1116 302 1152 των
332 1102 366 1170 ἠ
402 1104 567 1172 πεῖρα
590 1103 790 1171 διδάξει
826 1104 989 1174 ὑμᾶς,
1023 1103 1097 1175 μὴ
1126 1103 1219 1156 τοῦ
1249 1101 1384 1156 Θεοῦ
1420 1102 1861 1174 ἀξιοπιστητέραν

189 1187 449 1254 ἡγεῖσθαι
494 1190 594 1260 τὴν
639 1190 735 1243 τοῦ
790 1189 1027 1262 πονηροῦ
1078 1190 1326 1260 δαίμονος
1379 1188 1683 1260 συμϐουλήν
1751 1191 1862 1244 Kal

190 1270 381 1328 ἔδωκε
422 1274 519 1328 καί
550 1274 629 1340 τῷ
660 1275 832 1343 ἀνδρί
860 1275 1049 1344 αὐτῆς
1067 1292 1079 1306 ·
1107 1276 1204 1328 καί
1244 1275 1490 1344 ἔφαγον,
1520 1275 1616 1329 καί
1645 1274 1866 1342 διηνοί-

192 1363 442 1427 χθησαν
477 1365 532 1415 οι
563 1362 857 1432 ὀφθαλμοί
890 1362 1011 1416 τῶν
1037 1362 1166 1429 δύο,
1197 1362 1297 1415 καί
1341 1363 1617 1431 ἔγνωσαν
1644 1361 1734 1417 ὅτι
1769 1380 1866 1430 γυ-

186 1446 335 1513 μνοὶ
368 1443 550 1516 ἦσαν.
1128 1440 1131 1443 Α

263 1541 333 1588 ε’.
372 1537 603 1607 Ζήτημα
655 1539 908 1608 μέγιστον
961 1541 1093 1610 ἡμῖν
1130 1538 1379 1594 ἐντεῦθεν
1412 1540 1691 1604 τίκτεται,
1730 1541 1865 1610 ὅπερ

194 1622 392 1692 πρώην
421 1624 734 1697 ὑπεσχόμην
760 1630 825 1697 τῇ
870 1628 1110 1699 ὑμετέρᾳ
1144 1627 1352 1698 ἀγάπῃ.
1382 1626 1616 1691 Δικαίως
1655 1627 1763 1696 γὰρ
1798 1626 1864 1680 ἀν

192 1721 280 1769 τις
328 1708 528 1779 ἔροιτο,
570 1712 693 1766 τίνα
736 1713 887 1782 ἰσχὺν
925 1710 1039 1783 εἶχε
1076 1712 1136 1765 τὸ
1168 1712 1322 1777 ξύλον
1366 1714 1559 1775 ἐκεῖνο,
1593 1712 1733 1765 ὥστε
1767 1712 1866 1783 τὴν

192 1794 254 1859 ἐξ
285 1795 458 1851 αὐτοῦ
495 1797 697 1866 βρῶσιν
733 1800 860 1862 τοὺς
898 1799 1207 1869 ὀφθαλμοὺς
1246 1799 1424 1852 αὐτῶν
1457 1798 1733 1865 διανοῖξαι,
1773 1799 1869 1852 καὶ

193 1886 285 1940 διὰ
324 1886 381 1937 τί
434 1885 670 1952 γνωστὸν
720 1884 884 1938 καλοῦ
927 1886 1023 1939 καὶ
1069 1884 1306 1955 πονηροῦ
1347 1884 1611 1939 καλεῖται.
1659 1884 1770 1938 Καὶ
1818 1885 1866 1937 εἰ

198 1970 481 2041 βούλεσθε,
508 1969 840 2039 ἀνάσχεσθε·
880 1968 1054 2040 μικρά
1088 1968 1197 2041 γὰρ
1226 1970 1353 2039 ὑμῖν
1386 1969 1477 2021 καί⁸
1511 1969 1638 2039 περί
1676 1969 1866 2022 τούτου

196 2056 548 2127 διαλεχθῆναι
580 2055 858 2128 βούλομαι,
908 2056 1002 2110 καὶ
1034 2055 1243 2121 διδάξαι
1275 2056 1373 2124 τὴν
1420 2054 1692 2125 ὑμετέραν
1733 2056 1870 2123 ἀγά-

199 2161 336 2215 πην,
383 2144 468 2196 ὅτι
502 2144 553 2196 εἰ
598 2142 987 2213 βουληθείημεν
1018 2141 1375 2211 εὐγνωμόνως
1410 2140 1658 2210 δέχεσθαι
1698 2141 1768 2194 τά
1810 2143 1869 2195 ἐν

196 2234 265 2301 τῇ
312 2230 438 2301 θεία
469 2230 659 2301 Γραφῇ
716 2229 1011 2300 λεγόμενα,
1053 2228 1208 2283 οὐδὲν
1250 2230 1382 2298 ἡμῖν
1412 2227 1521 2281 τῶν
1563 2227 1870 2299 εἰρημένων

196 2314 463 2383 δυσχερὲς
507 2314 771 2381 φανεῖται.
814 2311 948 2365 Οὐδὲ
989 2310 1097 2382 7&9
1146 2312 1180 2381 ή
1226 2310 1292 2362 ὲκ
1328 2308 1419 2362 τοῦ
1456 2309 1615 2373 ξύλου
1665 2309 1871 2380 βρῶσις

195 2396 385 2452 αὐτῶν
415 2399 539 2460 τοὺς
573 2395 880 2466 ὀφθαλμοὺς
911 2396 1142 2466 διήνοιξε
1161 2411 1176 2426 ο
1208 2394 1302 2448 καί
1334 2394 1444 2465 7&9
1483 2396 1579 2448 καὶ
1624 2395 1730 2466 πρὸ
1770 2396 1872 2466 τῆς

200 2486 466 2555 βρώσεως
498 2486 720 2539 ἐϐλεπον
737 2500 750 2514 ·
783 2484 898 2538 ἀλλ’
936 2484 1124 2554 ἐπειδὴ
1158 2485 1192 2555 ἡ
1226 2482 1415 2536 τούτου
1460 2482 1661 2555 βρῶσις
1695 2500 1874 2553 παρα-

198 2575 341 2644 κοῆς
365 2570 434 2645 ἦν
466 2573 737 2636 ὑπόθεσις,
767 2572 859 2625 καὶ
890 2572 989 2641 τῆς
1021 2570 1173 2641 παρά
1214 2569 1307 2623 τοῦ
1340 2568 1475 2622 Θεοῦ
1512 2568 1755 2641 δοθείσης
1788 2572 1874 2622 ὲν-

196 2660 368 2729 τολῆς
414 2657 745 2729 παράϐασις,
776 2654 842 2709 δι’
884 2655 951 2726 ἢν
983 2654 1163 2708 αἰτίαν
1209 2654 1395 2707 λοιπὸν
1441 2654 1537 2707 καί
1583 2654 1681 2725 τὴν
1718 2654 1874 2718 δόξαν

198 2743 301 2816 τὴν
339 2744 796 2815 περιστέλλουσαν
829 2742 1027 2806 αὐτοὺς
1067 2740 1439 2813 ἀφῃρέθησαν,
1472 2739 1720 2807 ἀναξίους
1750 2742 1875 2793 ἑαυ-

198 2831 333 2895 τοὺς
359 2832 461 2901 τῆς
486 2830 650 2901 τιμῆς
677 2830 778 2897 τῆς
805 2827 1071 2898 τοσαύτης
1102 2829 1543 2897 καταστήσαντες
1562 2843 1576 2857 ο
1600 2825 1686 2880 διὰ
1716 2825 1876 2880 τοῦτο

204 2922 271 2990 τῇ
317 2917 501 2990 οἰκείᾳ
555 2916 811 2989 συνηθείᾳ
863 2915 1335 2970 κατακολουθοῦσα
1380 2916 1412 2985 ή
1450 2915 1640 2985 Γραφή
1674 2929 1873 2984 φησιν⁸

208 3007 499 3074 Ἔφατον,
532 3004 632 3058 καί
660 3003 1095 3072 διηνοίχθησαν
1121 2998 1320 3055 αὐτῶν
1345 3004 1397 3054 οἱ
1437 3000 1750 3069 ὀφθαλμοί,
1779 3001 1877 3054 καί

204 3092 490 3163 ἔγνωσαν
534 3090 623 3144 ὅτι
670 3090 884 3159 τυμνοί
928 3086 1120 3160 ἦσαν’
1149 3088 1236 3141 διὰ
1274 3088 1372 3159 τὴν
1424 3088 1735 3160 παράϐασιν
1781 3088 1879 3159 τῆς

207 3177 437 3247 ἐντολῆς
465 3176 838 3246 γυμνωθέντες
867 3175 970 3244 τῆς
994 3172 1198 3227 ἀνωθεν
1229 3172 1420 3244 ῥοπῆς.
1459 3172 1708 3243 αἴσθησιν
1739 3173 1880 3243 λαμ-

207 3264 440 3319 ϐάνουσι
466 3263 562 3316 καὶ
594 3263 695 3333 τῆς
727 3260 991 3332 αίσθητῆς
1028 3260 1386 3331 γυμνότητος,
1416 3258 1504 3312 ῖνα
1531 3258 1622 3312 διὰ
1654 3259 1755 3329 τῆς
1782 3275 1883 3312 κα-

211 3349 558 3418 ταλαϐούσης
593 3348 791 3411 αὐτοὺς
828 3346 1091 3417 αἰσχύνης
1132 3346 1333 3415 γνῶσιν
1373 3344 1635 3416 ἀκριϐῶς,
1662 3346 1743 3408 εἰς
1775 3342 1885 3399 οἷον

211 3438 417 3501 αὐτοὺς
458 3434 672 3489 δλισθον
710 3435 887 3504 ῆγαγε
913 3432 975 3485 τὸ
1004 3431 1314 3503 παραϐῆναι
1337 3444 1364 3472 ι
1395 3432 1494 3503 τὴν
1533 3431 1750 3503 ἐντολὴν
1788 3431 1883 3485 τοῦ

213 3522 514 3576 Δεσπότου.
564 3522 626 3573 Oi
676 3521 788 3589 7&9
837 3517 943 3588 πρὸ
1010 3518 1199 3571 τούτου
1251 3516 1521 3587 τοσαύτης
1574 3517 1886 3587 παρρησίας

208 3607 648 3672 ἀπολαύσαντες,
685 3606 781 3659 καὶ
815 3605 937 3657 οὐδὲ
965 3603 1165 3667 είδότες
1192 3605 1275 3657 ὅτι
1299 3605 1497 3673 γυμνοὶ⁵
1533 3604 1888 3673 τυγχάνουσιν

214 3696 366 3765 (οὐδέ
391 3694 502 3767 γάρ
526 3690 665 3765 ἦσαν
692 3693 909 3762 γυμνοίο
940 3692 976 3761 ἡ
1008 3690 1116 3761 7&9
1141 3689 1346 3744 ἀνωθεν
1372 3689 1501 3755 δόξα
1534 3690 1733 3751 παντὸς
1764 3691 1891 3759 ίμα-

214 3784 337 3837 τίον
376 3782 575 3853 μᾶλλον
624 3780 820 3843 αὐτοὺς
867 3776 1247 3847 περιέσκεπε),
1285 3776 1421 3846 μετά
1450 3775 1507 3828 δὲ
1536 3777 1636 3847 τὴν
1665 3775 1886 3846 βρῶσιν,

215 3869 368 3922 τοῦτ’
396 3869 533 3933 ἐστι,
566 3866 705 3936 μετὰ
730 3866 827 3936 τὴν
854 3863 1158 3935 παράϐασιν
1181 3862 1290 3917 τῶν
1313 3863 1783 3934 προσταχθέντων,
1808 3865 1888 3926 εἰς

217 3954 495 4023 τοσαύτην
533 3951 683 4025 1130]
712 3951 1073 4021 ταπεινότητα
1118 3948 1550 4019 κατηνέχθησαν,
1575 3948 1650 4012 ὡς
1684 3950 1891 4020 σκέπην

218 4039 411 4095 λοιπὸν
445 4039 721 4108 ἐπιζητεῖν
740 4034 828 4090 διὰ
846 4035 907 4088 τὸ
938 4035 1013 4106 μὴ
1038 4033 1220 4106 φέρειν
1250 4034 1346 4104 τὴν
1372 4034 1651 4105 αἰσχύνην.
1686 4034 1752 4086 Ἦ
1782 4034 1892 4107 γάρ

223 4127 546 4199 παράϐασις
569 4129 668 4196 τῆς
711 4124 926 4193 ἐντολῆς
954 4121 1367 4183 ἐπεισελθοῦσα,
1396 4120 1456 4174 τὸ
1486 4121 1696 4190 ἱμάτιον
1720 4122 1895 4174 ἐκεῖνο

222 4216 284 4270 τὸ
319 4213 506 4268 καινὸν
538 4213 632 4266 καὶ
675 4210 996 4281 παράδοξον,
1036 4208 1096 4260 τὸ
1141 4210 1239 4278 τῆς
1283 4206 1441 4277 δόξης
1480 4205 1624 4275 λέγω
1661 4206 1756 4261 καὶ
1796 4209 1895 4278 τῆς

224 4300 437 4356 ἀνωθεν
478 4300 709 4363 εὐνοίας,
751 4298 887 4367 ὅπερ
912 4291 1053 4366 ἦσαν
1093 4292 1489 4364 ἠμφιεσμένοι,
1535 4292 1894 4364 περιελοῦσα,

229 4390 326 4442 καὶ
376 4390 477 4458 τῆς
520 4384 854 4455 γυμνότητος
907 4380 1156 4450 αίσθησιν
1215 4378 1478 4451 παρέσχε,
1524 4378 1619 4432 καὶΙ
1666 4381 1898 4453 αίσχύνῃ

228 4475 426 4546 ἀφάτῳ
457 4471 765 4544 περιέϐαλε.
796 4469 904 4523 Kal
929 4467 1219 4536 ἔρραψαν,
1253 4467 1405 4536 φησί,
1430 4466 1635 4533 φύλλα
1672 4466 1893 4535 συκῆς,

233 4562 331 4616 καί
378 4560 675 4626 ἐποίησαν
726 4555 961 4621 ἑαυτοῖς
1004 4553 1382 4622 περιζώματα.
1428 4552 1710 4623 Ἐννόησόν
1774 4570 1894 4623 μοι,

232 4647 507 4719 ἀγαπητέ,
537 4644 643 4698 ἀπὸ
672 4641 914 4696 ποταποῦ
960 4639 1127 4710 ὕψους
1172 4639 1289 4702 πῶς
1317 4640 1397 4702 εἰς
1441 4637 1607 4708 βαθὺν
1654 4638 1898 4709 κρημνὸν

234 4736 433 4797 αὐτοὺς
476 4732 788 4801 κατήγαγεν
817 4729 851 4799 ἡ
892 4727 1044 4795 παρά
1079 4724 1174 4779 τοῦ
1215 4725 1462 4778 διαϐόλου
1504 4723 1802 4795 συμϐουλή.
1835 4726 1897 4780 Ol

236 4821 341 4892 7&9
388 4817 627 4888 τοσαύτῃ
663 4815 791 4887 δόξῃ
839 4812 1320 4885 περιεσταλμένοι,
1364 4810 1459 4864 νῦν
1507 4810 1682 4881 φύλλα
1728 4814 1900 4884 συκῆς

239 4907 579 4977 ράππτουσι,
615 4901 711 4955 καὶ
752 4898 994 4953 ποιοῦσιν
1042 4900 1252 4961 ἑαυτοῖς
1304 4894 1682 4967 περιζώματα.
1728 4898 1900 4952 Τοῦτο

238 4995 336 5062 τῆς
368 4989 464 5043 τοῦ
493 4987 743 5044 διαϐόλου
770 4985 983 5055 ἀπάτης
1017 4985 1077 5037 τὸ
1109 4984 1328 5055 κέρδος⁸
1366 4981 1503 5054 αὕτη
1529 4985 1629 5055 τῆς
1667 4983 1903 5054 συμϐου-

241 5076 386 5148 λῆςδ
415 5074 630 5129 ἐκείνου
661 5073 695 5141 ἡ
753 5070 987 5140 μηχανὴ,
1018 5070 1079 5122 τὸ
1113 5069 1189 5140 μὴ
1246 5068 1402 5138 μόνον
1449 5068 1517 5121 τὰ
1555 5068 1779 5132 μείζονα
1826 5068 1903 5138 μὴ

244 5164 600 5233 προξενῆσαι,
643 5156 780 5210 ἀλλά
822 5156 919 5209 καὶ
960 5155 1069 5207 τῶν
1105 5155 1271 5209 ὅντων
1323 5154 1528 5225 γυμνὸν
1575 5156 1667 5209 καὶ
1698 5155 1903 5224 έρημον

242 5252 541 5320 ἀποφῆναι.
584 5245 741 5300 Ἐπεὶ
770 5239 864 5298 οὖν
888 5244 923 5309 ὴ
963 5241 1185 5311 τοιαύτη
1220 5243 1486 5312 πρόφασις
1517 5244 1617 5312 τῆς
1651 5241 1904 5312 βρώσεως

241 5338 336 5408 τὴν
379 5334 670 5406 παρακοήν
702 5331 1016 5404 εἰργάσατο,
1058 5328 1146 5381 διὰ
1188 5329 1344 5382 τοῦτό
1396 5346 1559 5399 φησιν
1601 5331 1634 5399 ὴ
1682 5327 1899 5399 Γραφὴ,

244 5425 351 5481 Καί
369 5426 621 5494 ἔφαγον,
648 5420 749 5474 καὶ
774 5418 1212 5487 διηνοίχθησαν
1236 5427 1261 5455 α
1289 5417 1487 5470 αὐτῶν
1505 5419 1561 5471 οι
1587 5417 1902 5485 ὀφθαλμοὶ,

246 5515 302 5565 οὐ
337 5510 469 5582 περί
500 5507 611 5562 τῶν
652 5505 923 5579 αἰσθητῶν
955 5502 1250 5575 ὀφθαλμῶν
1284 5502 1586 5572 φάσκουσα,
1617 5502 1754 5557 ἀλλά
1779 5504 1906 5574 περί⁵

248 5593 347 5667 ’.ἧς
379 5594 524 5653 κατά
565 5594 801 5649 διάνοιαν
829 5591 1153 5662 αἰσθήσεως.
1193 5589 1410 5658 Ἐπειδὴ
1438 5591 1544 5658 γὰρ
1588 5588 1908 5661 παρέϐησαν

307 5726 333 5753 ⁸
371 5723 525 5784 Savil.
552 5728 605 5784 et
626 5722 850 5784 plerique
869 5733 986 5784 mss.
1026 5721 1083 5784 τό
1104 5722 1438 5784 παρακινῆσαι.
1469 5715 1638 5784 Mo_re_l_.
1663 5715 1720 5784 τό
1747 5730 1901 5778 παρα-

251 5789 411 5855 ϐῆναι..
508 5776 680 5855 13AM
718 5776 801 5855 τῆξς
840 5776 1342 5855 ωιιδσυὶίας.¹.’1ἐ,υιο
1383 5776 1906 5855 ροειςςοιδρτιᾲυιιυε

771 5838 915 5906 ἀποφξ
981 5843 1004 5871 °
1028 5839 1223 5894 Coislin.
1246 5838 1415 5903 ἔφαγον
1436 5839 1513 5887 καὶ
1538 5838 1904 5901 ἐνεπλήσθησαν,

1383 300 1451 356 IN
1488 301 1641 356 CAP.
1673 303 1716 357 ll
1779 302 2020 358 GENES.
2060 302 2291 359 IIOMIL.
2322 300 2461 358 XVI.

3522 300 3619 353 13?.

1964 418 2032 472 τὰ
2076 415 2518 491 προστεταγμένα
2540 453 2555 478 ,
2590 411 2938 467 αἰσθάνεσθαι
2983 410 3177 473 αὐτοὺς
3213 409 3397 465 λοιπὸν
3435 409 3624 481 ἐποίη-

1967 520 2078 569 σεν,
2115 498 2191 557 ὧν
2222 504 2480 576 πρότερον
2507 501 2608 555 οὐκ
2649 499 2949 570 ἐλάμϐανον
2988 495 3236 566 αἴσθησιν
3275 494 3366 549 διὰ
3406 497 3506 568 τὴν
3544 495 3624 549 εὖ.

1965 607 2130 655 νοιαν,
2176 591 2243 661 ἠν
2280 591 2407 660 περὶ
2453 589 2647 651 αὐτοὺς
2687 589 2716 639 ό
2755 586 3026 655 Δεσπότης
3067 583 3426 637 ἐπεδείκνυτο.
3456 585 3625 636 Ὅταν

1966 675 2060 732 οὖν
2092 678 2349 749 ἀκούσῃς,
2395 678 2477 731 ὅτι
2509 676 2948 742 Διηνοίχθησαν
2983 670 3183 725 αὐτῶν
3217 675 3268 725 οἱ
3310 670 3619 738 ὀφθαλμοὶ,

1965 763 2122 817 τοῦτο
2153 765 2291 829 νόει,
2337 764 2415 817 ὅτι
2472 760 2880 832 παρεσκεύασεν
2915 758 3109 819 αὐτοὺς
3159 754 3406 825 αἴσθησιν
3441 755 3623 807 λαϐεῖν

1965 850 2148 903 λοιπὸν
2175 853 2274 921 τῆς
2311 849 2664 919 γυμνότητος,
2695 847 2789 900 καὶ
2829 848 2928 915 τῆς
2967 841 3291 904 ἐκπτώσεως
3319 844 3417 910 τῆς
3445 839 3623 910 δόξης,

1965 932 2033 1009 ἧς
2059 936 2167 1008 πρὸ
2193 940 2292 1009 τῆς
2331 935 2584 1007 βρώσεως
2612 934 2906 1004 ἀπήλαυον.
2938 933 3061 983 Ὅτι
3091 929 3147 982 δὲ
3176 928 3333 981 τοῦτο
3361 931 3459 997 τῆς
3486 928 3625 998 Γρα-

1970 1027 2076 1093 φῆς
2104 1026 2220 1076 ἔστι
2245 1023 2306 1075 τδ
2344 1022 2482 1086 ἔθος,
2527 1021 2691 1075 ἄκουε
2726 1020 2894 1089 αὐτῆς
2922 1017 3016 1070 καὶ
3058 1013 3289 1083 ἀλλαχοῦ
3328 1012 3621 1082 λεγούσης·

1967 1109 2128 1180 ήνίκα
2154 1107 2262 1178 7&9
2293 1110 2327 1178 ἡ
2368 1106 2624 1177 παιδίσκη
2654 1108 2753 1173 τῆς
2781 1105 2995 1175 Σάρρας
3034 1100 3502 1171 ἀποδιδράσκουσα
3528 1098 3626 1168 τὴν

1967 1195 2280 1249 δεσποτείαν
2317 1192 2604 1255 ἐπλανᾶτο,
2652 1191 2854 1260 ῥίψασα
2885 1189 2946 1242 τὸ
2992 1187 3198 1241 παιδίον
3226 1186 3452 1252 πλησίον
3498 1186 3627 1254 μιᾶς
3723 1213 3728 1217 ~

1969 1283 2182 1351 ἐλάτης,
2212 1281 2320 1335 ἀπὸ
2344 1282 2704 1351 διαστήματος
2734 1277 3079 1349 περιεσκόπει
3105 1274 3292 1328 τούτου
3325 1273 3423 1344 τὴν
3454 1273 3631 1326 τελευ-

1970 1369 2087 1439 τὴν,
2130 1366 2221 1421 καί
2269 1384 2435 1438 φησιο
2483 1365 2794 1435 Διήνοιξεν
2839 1366 2872 1417 ό
2910 1363 3054 1429 Θεὸς
3108 1362 3249 1426 τοὺς
3287 1359 3629 1429 ὀφθαλμοὺς

1974 1458 2080 1525 τῆς
2110 1459 2309 1526 Ἅγαρ,
2348 1458 2449 1510 οὐκ
2495 1456 2678 1528 ἐπειδὴ
2716 1455 2820 1526 πρὸ
2862 1453 3049 1507 τούτου
3087 1452 3186 1504 οὐκ
3228 1449 3475 1512 ἔϐλεπεν,
3513 1447 3627 1501 ἀλλ’

1970 1548 2052 1600 ὅτι
2076 1547 2173 1617 τὴν
2200 1548 2436 1601 διάνοιαν
2468 1547 2639 1618 αὐτῆς
2662 1545 2952 1616 διήγειρεν.
2994 1543 3158 1613 Ὁρᾷς
3182 1542 3263 1594 ὅτι
3296 1539 3377 1604 τὺ,
3402 1537 3631 1605 Διήνοι-

1972 1633 2097 1698 ξεν,
2140 1634 2200 1686 οὐ
2251 1635 2379 1704 περί
2422 1632 2530 1685 τῶν
2580 1631 2902 1702 σωματικῶν
2947 1627 3241 1698 ὀφθαλμῶν
3278 1626 3446 1695 λέγει,
3494 1624 3630 1679 ἀλλὰ

1973 1720 2100 1790 περί
2129 1722 2227 1790 τῆς
2256 1719 2557 1789 αἰσθήσεως
2579 1721 2678 1787 τῆς
2712 1716 2851 1770 κατά
2873 1715 3140 1778 διάνοιαν;

2042 1805 2116 1858 Τὸ
2140 1805 2270 1857 αύτὺ
2285 1805 2350 1858 ἂν
2366 1806 2610 1874 εἴποιμεν
2630 1802 2724 1855 καὶ
2739 1801 2973 1873 περὶτοῦ
2991 1801 3175 1870 ἐτέρου
3206 1799 3513 1869 ζητήματος
3535 1797 3629 1850 τοῦ

1973 1888 2217 1942 ἐντεῦθεν
2245 1888 2664 1950 ἀνακύπτοντος.
2689 1888 2824 1940 Φασὶ
2862 1886 2988 1956 γάρ·
3022 1885 3118 1937 Διά
3146 1883 3199 1936 τί
3224 1884 3283 1937 τὸ
3313 1883 3466 1948 ξύλον
3490 1898 3631 1950 γνω·

1975 1976 2097 2028 στὸν
2125 1974 2289 2029 καλοῦ
2335 1975 2424 2027 καὶ
2457 1973 2694 2044 πονηροῦ
2728 1972 2992 2037 καλεῖται;
3032 1971 3139 2023 Kal
3175 1969 3281 2041 7&9
3308 1968 3490 2022 πολλοὶ
3521 1968 3631 2021 τῶν

1976 2061 2289 2131 φιλονείκως
2326 2060 2681 2130 διακειμένων
2717 2059 2896 2127 λέγειν
2941 2055 3335 2128 ἐπιχειροῦσιν,
3372 2055 3452 2107 ὅτι
3494 2055 3632 2124 μετά

1974 2151 2073 2219 τὴν
2108 2148 2309 2220 βρῶσιν
2351 2148 2446 2201 τοῦ
2483 2147 2636 2212 ξύλου
2668 2146 2766 2217 τὴν
2799 2145 2998 2214 γνῶσιν
3035 2145 3191 2213 ἔσχεν
3245 2145 3274 2196 ό
3325 2141 3495 2212 Ἀδάμ
3537 2142 3631 2194 τοῦ

1974 2234 2265 2305 διακρίνειν
2284 2235 2345 2288 τὸ
2370 2235 2532 2287 καλὸν
2562 2235 2655 2287 καὶ
2680 2233 2742 2287 τὸ
2771 2235 2980 2304 χεῖρον*
3012 2230 3170 2284 τοῦτο
3194 2230 3252 2283 δὲ
3272 2229 3372 2299 τῆς
3399 2228 3633 2300 ἐσχάτης

1975 2321 2042 2374 ἂν
2068 2321 2154 2390 εἴη
2185 2321 2387 2384 ἀνοίας.
2416 2320 2515 2374 Διὰ
2541 2320 2698 2373 τοῦτο
2722 2319 2833 2390 γὰρ
2858 2318 3047 2390 1:9o’mv
3070 2316 3245 2370 ταῦτα
3272 2314 3488 2386 προορῶ
3500 2331 3632 2382 δτες,

1976 2406 2214 2461 τοσαῦτα
2243 2408 2370 2478 περί
2403 2406 2502 2477 τῆς
2532 2406 2723 2471 σοφίας
2752 2406 2851 2475 τῆς
2884 2404 3033 2476 παρὰ
3056 2402 3151 2456 τοῦ
3174 2400 3324 2454 -Θεοῦ
3360 2416 3637 2471 παρασχε-

1979 2494 2162 2564 θείσης
2184 2493 2262 2564 τῷ
2293 2491 2564 2563 ἀνθρώπῳ
2596 2490 2962 2561 διεξήλθομεν,
2989 2488 3293 2550 δεικνύντες
3321 2485 3524 2556 ταύτην
3572 2486 3635 2537 ἐκ

1977 2580 2077 2648 τῆς
2111 2579 2218 2635 τῶν
2255 2579 2532 2650 ὀνομάτων
2564 2578 2785 2641 θέσεως,
2828 2579 2893 2646 ἢν
2937 2577 3049 2637 τοῖς
3097 2574 3306 2645 θηρίοις
3338 2574 3494 2635 πᾶσι,
3543 2572 3638 2623 καὶ

1979 2668 2089 2728 τοῖς
2116 2667 2396 2727 πετεινοῖς,
2430 2663 2524 2717 καὶ
2555 2665 2666 2725 τοῖς
2694 2662 2909 2730 ἀλόγοις
2939 2659 3228 2731 ἐπέθηκεν,
3260 2659 3354 2712 καὶ
3386 2660 3468 2711 ὅτι
3501 2656 3639 2727 μετὰ

1980 2751 2080 2820 τῆς
2107 2752 2313 2820 ἀφάτου
2348 2749 2549 2819 ταύτης
2591 2748 2780 2816 σοφίας
2812 2747 2908 2800 καὶ
2935 2744 3271 2817 προφητικοῦ
3303 2743 3641 2813 χαρίσματος

1981 2833 2048 2907 ἦν
2089 2837 2407 2907 ἠξιωμένος,
2451 2836 2539 2889 ἵνα
2577 2834 2762 2905 μηδενὶ
2801 2831 2895 2903 ἐξῇ
2938 2831 3093 2884 τοῦτο
3133 2831 3332 2899 λέγειν.
3369 2828 3428 2881 '0
3460 2828 3640 2880 τοίνυν

1983 2925 2077 2978 καί
2106 2923 2209 2987 τάς
2255 2920 2624 2994 προσηγορίας
2676 2918 2917 2981 ἐπιθεὶς,
2964 2918 3060 2970 κα)⁸
3111 2914 3493 2988 προφητεύσας
3542 2912 3643 2984 τὴν

1983 3010 2126 3065 οὕτω
2157 3010 2472 3081 θαυμαστὴν
2504 3006 2839 3080 προφητείαν
2867 3004 2995 3075 περ)⁵
3021 3003 3118 3074 τῆς
3150 3002 3406 3071 γυναικὸς
3424 3042 3439 3063 ,
3475 3000 3645 3053 καθά-

1986 3117 2094 3170 περ
2133 3099 2233 3172 ῆδη
2282 3100 2616 3170 εἰρήκαμεν,
2662 3096 2779 3159 πῶς
2822 3093 2888 3147 ἂν
2923 3093 3108 3163 ἠγνόει
3140 3090 3193 3144 τί
3242 3089 3341 3161 μὲν
3374 3088 3558 3152 καλὸν,
3590 3088 3644 3140 τί

1986 3186 2044 3239 δὲ
2079 3186 2342 3257 πονηρόνς
2372 3186 2436 3240 Εἰ
2467 3184 2575 3255 γὰρ
2621 3183 2685 3254 δὴ
2722 3181 2877 3237 τοῦτο
2905 3177 3326 3248 καταδεξώμεθα
3358 3177 3407 3247 (ὃ
3442 3175 3517 3247 μὴ
3553 3176 3647 3243 γέ-

1987 3274 2170 3344 νοιτο),
2213 3272 2374 3327 πάλιν
2426 3272 2505 3334 εἰς
2544 3269 2636 3324 τὸν
2670 3266 3007 3339 Δημιουργδν
3055 3264 3121 3319 τά
3160 3264 3259 3334 τῆς
3298 3260 3647 3332 βλασφημίας

1993 3359 2462 3431 μετενεχθήσεται.
2482 3356 2602 3420 ιιῶς
2616 3355 2723 3427 γὰρ
2745 3355 2838 3409 καὶ
2861 3352 3162 3407 ἐνετέλλετο
3176 3349 3479 3419 ἀγνοοῦντι,
3496 3346 3645 3419 [151]

1990 3446 2071 3499 ὄτι
2108 3445 2276 3499 κακὸν
2310 3447 2344 3514 ἡ
2383 3443 2724 3514 παράϐασις;
2760 3440 2899 3494 Ἀλλ’
2928 3440 3027 3493 οὐκ
3069 3437 3184 3491 ἔστι
3215 3435 3393 3499 τοῦτο,
3432 3435 3508 3505 μὴ
3554 3432 3649 3501 γέ-

1991 3550 2163 3586 νοιτοο
2196 3531 2313 3585 ἀλλ’
2339 3530 2455 3603 ᾔδει
2497 3527 2701 3597 σαφῶς.
2748 3529 2847 3580 Διά
2882 3526 2991 3595 γὰρ
3018 3523 3176 3578 τοῦτο
3218 3522 3279 3586 ἐξ
3321 3521 3497 3592 ἀρχῆς
3530 3522 3652 3574 αύτ-

1992 3619 2231 3685 εξούσιον
2256 3617 2405 3671 τουτὶ
2431 3616 2493 3669 τό
2534 3616 2669 3680 ζῶον
2703 3611 3122 3668 κατεσκεύασεν.
3156 3609 3219 3663 Εἰ
3250 3609 3359 3680 7&9
3389 3609 3464 3678 μὴ
3492 3608 3651 3660 τοῦτο

1991 3702 2082 3777 ῆν,
2118 3704 2240 3758 οὔτε
2273 3702 2598 3774 παραϐάντα
2623 3701 2721 3771 τὴν
2749 3697 2965 3769 ἐντολὴν
3008 3694 3334 3765 κολασθῆναι
3374 3694 3502 3759 ἔδει,
3529 3692 3652 3746 οὔτε

1996 3790 2301 3862 φυλάξαντα
2335 3788 2605 3858 ἀποδοχῆς
2648 3784 2965 3855 ἀξιωθῆναι.
2997 3782 3119 3836 Ὅτι
3152 3779 3259 3850 γάρ
3288 3778 3379 3833 διά
3416 3778 3515 3849 τὴν
3545 3795 3651 3831 πα-

1998 3878 2227 3950 ράϐασιν
2264 3874 2455 3947 θνητὸς
2487 3871 2698 3943 γέγονε,
2730 3871 2888 3940 δῆλον
2936 3867 3028 3923 καὶ
3071 3866 3131 3933 ἐξ
3162 3865 3332 3936 αὐτῆς
3373 3865 3471 3936 τῆς
3502 3867 3653 3919 ἐντο-

1995 3965 2113 4035 λῆς,
2143 3965 2237 4017 καὶ
2278 3964 2342 4015 ἐκ
2376 3959 2484 4014 τῶν
2521 3959 2658 4029 μετά
2698 3956 2873 4011 ταῦτα
2920 3954 3258 4025 συμϐάντων.
3300 3953 3497 4006 Ἄκουε
3545 3951 3656 4021 γὰρ

1997 4052 2163 4121 αὐτῆς
2191 4050 2290 4119 τῆς
2325 4047 2580 4117 γυναικὸς
2606 4043 2871 4114 λαλούσης
2918 4040 2994 4112 τῷ
3030 4040 3181 4109 ὄφειο
3235 4037 3369 4093 Ἀπὸ
3422 4038 3657 4121 καρποῦ

1998 4118 2335 4202 τοῦ-ξύλου
2371 4133 2478 4188 τοῦ
2525 4132 2594 4186 ὲν
2648 4130 2816 4200 μέσῳ
2860 4128 2967 4183 τοῦ
3016 4125 3407 4195 παραδείσου,
3446 4118 3597 4177 εἶπεν
3630 4126 3659 4178 ό

1999 4224 2150 4289 Θεὸς,
2189 4224 2261 4277 οὐ
2287 4221 2373 4291 μὴ
2409 4221 2669 4290 sparsuros
2694 4217 2794 4273 ἀπ’
2821 4214 3027 4279 αὑτοῦ,
3059 4214 3160 4266 ἵνα
3192 4210 3278 4282 μὴ
3301 4208 3659 4277 ἀποθάνητε.

2005 4313 2164 4365 Ὥστε
2196 4310 2303 4382 πρὸ
2348 4309 2445 4378 τῆς
2496 4305 2747 4377 βρώσεως
2791 4302 3048 4356 ἀθάνατοι
3099 4298 3418 4369 ἐτύγχανονο
3454 4298 3503 4350 εἰ
3551 4295 3661 4366 γὰρ

2006 4401 2080 4471 μὴ
2106 4396 2264 4451 τοῦτο
2290 4392 2378 4467 ἦν,
2402 4394 2503 4446 οὑκ
2531 4394 2597 4445 ἀν
2628 4390 2765 4461 μετὰ
2788 4389 2886 4460 τὴν
2913 4387 3112 4459 βρῶσιν
3135 4386 3193 4439 ἐν
3220 4384 3369 4451 τάξει
3394 4383 3661 4456 τιμωρίας

2003 4486 2187 4547 αὐτοῖς
2215 4483 2461 4553 ἐπήγαγε
2486 4478 2578 4532 τόν
2607 4477 2856 4530 θάνατον.

2076 4585 2148 4645 ς’.
2172 4578 2269 4640 Τίς
2298 4576 2365 4630 ἀν
2395 4571 2487 4630 οῦν
2515 4573 2804 4642 ἀνάσχοιτο
2839 4568 2947 4623 τῶν
2973 4568 3151 4637 λέγειν
3188 4566 3547 4638 βουλομένων,
3580 4566 3662 4619 ὅτι

2008 4667 2146 4739 μετά
2188 4665 2288 4735 τὴν
2326 4662 2434 4718 ἀπὸ
2465 4660 2559 4715 τοῦ
2593 4659 2751 4727 ξύλου
2798 4656 3000 4729 βρῶσιν
3041 4655 3167 4725 ἔσχε
3194 4654 3293 4724 τὴν
3325 4653 3527 4722 γνῶσιν
3567 4651 3661 4739 τοῦ

2004 4737 2063 4809 τε
2101 4752 2264 4808 καλοῦ
2308 4750 2404 4805 καὶ
2439 4748 2533 4803 τοῦ
2567 4745 2803 4820 πονηροῦ
2837 4747 2864 4799 ό
2903 4744 3206 4815 ἄνθρωπος,
3239 4741 3398 4795 ὁπότε
3433 4741 3526 4792 καὶ
3560 4737 3664 4808 πρὸ

2003 4844 2104 4913 τῆς
2151 4839 2401 4912 βρώσεως
2440 4834 2710 4904 τοσαύτης
2748 4828 2816 4904 ἦν
2866 4832 3053 4899 σοφίας
3087 4825 3531 4913 πεπληρωμένος,
3569 4824 3664 4913 καὶ

2010 4908 2160 4999 μετά
2188 4908 2285 4994 τῆς
2327 4923 2520 4993 σοφίας
2547 4923 2641 4975 καὶ
2681 4918 3031 4999 προφητικοῦ
3056 4913 3391 4999 χαρίσματος
3426 4908 3665 4999 ἠξιωμέ-

2005 4989 2127 5074 νοςς
2175 4989 2286 5061 Kal
2327 4989 2444 5068 πῶς
2493 5004 2559 5057 ἀν
2610 4989 2739 5071 ἔχοι
2764 4999 2932 5052 ταῦτα
2979 4997 3132 5064 λόγον
3151 5033 3167 5059 ,
3215 4989 3373 5059 αἶγας
3419 4992 3531 5074 μὲν
3569 4992 3665 5044 καὶ

2008 5073 2272 5160 πρόϐατα,
2305 5087 2399 5140 καὶ
2440 5086 2619 5139 πᾶσαν
2662 5083 2761 5151 τὴν
2808 5080 2917 5132 τῶν
2960 5077 3167 5145 ἀλόγων
3216 5074 3374 5144 φύσιν
3429 5073 3625 5126 εἰδέναι
3645 5112 3661 5134 ,

2009 5155 2137 5227 ποία
2174 5171 2271 5241 μὲν
2305 5169 2500 5241 βοτάνη
2544 5165 2681 5237 πρὸς
2718 5162 2920 5233 τροφὴν
2959 5157 3256 5230 ἐπιτηδεία,
3296 5156 3424 5209 ποία
3461 5155 3518 5209 δὲ
3548 5155 3666 5241 όλε-

2009 5254 2156 5326 θρία,
2177 5239 2275 5307 καὶ
2298 5239 2404 5305 τῶν
2437 5250 2533 5320 μὲν
2560 5246 2858 5318 ἀπέχεσθαι
2892 5243 3028 5315 μετά
3058 5242 3260 5311 πολλῆς
3286 5241 3385 5311 τῆς
3409 5239 3663 5310 σπουδῆς,

2008 5345 2125 5405 ταῖς
2156 5340 2212 5394 δὲ
2245 5337 2577 5409 ἐπιτρέχειν*
2605 5333 2697 5387 τόν
2734 5333 2790 5385 δὲ
2831 5331 3133 5401 ἄνθρωπον,
3162 5328 3222 5383 τὸ
3257 5327 3473 5396 λογικὸν
3504 5326 3663 5392 ζῶον,

2011 5429 2222 5496 ἀγνοεῖν
2247 5424 2299 5479 τί
2336 5423 2433 5494 μὲν
2465 5420 2648 5482 καλὸν,
2678 5419 2731 5470 τί
2772 5418 2828 5471 δέ
2873 5415 3135 5486 πονηρόν;
3181 5413 3319 5467 Ἀλλ’
3348 5413 3477 5473 ἰδοὺ,
3509 5411 3662 5479 φησι,

2013 5515 2168 5583 ξύλον
2216 5510 2454 5581 γνωστὸν
2502 5506 2666 5562 καλοῦ
2716 5506 2809 5559 καὶ
2853 5503 3087 5576 πονηροῦ
3144 5501 3291 5556 αὐτὸ·
3323 5498 3593 5583 ἐκάλεσεν
3625 5498 3658 5563 ἡ

2012 5600 2222 5674 Γραφή.
2273 5594 2403 5651 Οἶδα
2448 5595 2635 5665 κάγώ·
2678 5592 2791 5648 ἀλλ’
2840 5591 2932 5645 ἐὰν
2975 5590 3043 5645 τὰ
3081 5588 3342 5658 ἰδιώματα
3386 5584 3498 5674 τῆς
3516 5582 3666 5642 θείας

2018 5669 2240 5758 Γραφῆς
2275 5682 2466 5753 μαθεῖν
2496 5680 2780 5752 βουληθῇς,
2811 5679 2935 5749 εἴσῃ
2960 5678 3103 5738 τίνος
3133 5676 3319 5727 ἕνεκεν
3352 5669 3667 5758 τὴν-ὄνομα·
3695 5678 3699 5683 ’

2012 5753 2155 5828 σίανῖ
2187 5770 2392 5840 ταύτην
2429 5768 2665 5838 ἐπέθηκε
2706 5766 2781 5836 τῷ
2833 5765 2993 5834 ξύλῳ.
3040 5763 3114 5816 Οὐ
3149 5762 3256 5829 γὰρ
3301 5753 3490 5840 ἐπειδη
3535 5754 3666 5840 αὐτο

2012 5861 2108 5931 τὴν
2137 5857 2333 5928 γνῶσιν
2368 5835 2645 5927 παρεῖχεν,
2670 5835 2841 5916 οὕτως
2873 5850 3146 5905 ἐκαλεῖτο·
3181 5844 3295 5900 ἀλλ’
3320 5835 3507 5905 ἐπειδὴ
3541 5838 3664 5899 περὶ
