4074 6134
278 343 379 397 εδδ

269 454 541 520 nuntiati,
569 464 622 510 et
665 471 726 509 ex
774 453 862 508 illo
903 461 1084 512 postea
1123 450 1337 507 intravit
1374 453 1579 521 peccati
1615 450 1848 521 cognitio

268 560 427 614 atque
453 545 650 615 pudor,
684 554 963 614 propterea
991 545 1068 611 sie
1091 544 1413 615 appellatum
1441 553 1543 600 est.
1565 544 1678 599 Mos
1707 546 1846 598 enim

266 636 461 690 divina:
503 634 794 704 Scriptura:
821 644 920 699 est,
947 651 976 688 a
1025 635 1187 690 rebus
1229 635 1590 690 accidentibus
1637 637 1846 688 nomina

266 727 394 781 locis
425 727 726 795 imponere,
758 726 849 781 ubi
894 740 982 781 res
1030 726 1364 795 contingunt.
1409 725 1590 795 anue
1631 735 1843 796 propte.

265 819 462 888 lignum
504 817 607 872 hoc
636 818 854 872 vocavit
878 817 1147 887 Scriptura
1182 818 1356 872 divina
1376 818 1578 887 lignum
1607 818 1844 872 scientire

265 909 382 962 boni
432 915 490 962 et
520 907 667 973 mali,
690 908 810 977 quia
846 907 1003 962 circa-
1026 907 1151 961 illud
1197 908 1550 979 transgressio
1578 917 1631 963 et
1656 908 1844 962 obser-

263 1001 402 1053 vatio
437 1000 676 1054 mandati
709 1009 843 1054 erat.
874 1000 1141 1069 Bcnignus
1165 1001 1305 1054 enim
1349 999 1602 1054 Dominus
1630 1014 1659 1053 a
1693 999 1842 1067 prin-

261 1090 399 1159 cipio
426 1088 627 1144 docere
656 1090 841 1143 volens
873 1088 1142 1145 hominem
1163 1131 1178 1155 ,
1208 1089 1539 1144 conditorem
1570 1097 1623 1143 et
1669 1088 1840 1143 facto-

259 1195 368 1234 rem
414 1196 575 1234 suum
619 1196 739 1236 esse
781 1181 1066 1237 visibilium
1116 1182 1352 1236 omnium
1403 1179 1657 1252 Opilicem
1684 1223 1700 1248 ,
1749 1181 1837 1249 qui

258 1272 429 1340 ipsum
457 1271 742 1339 formavit,
771 1287 865 1342 per
891 1288 1109 1342 parvmn
1143 1272 1281 1327 istud
1323 1273 1628 1328 mandatum
1660 1283 1840 1327 osten-

257 1362 383 1418 dere
406 1364 577 1418 voluit
603 1379 663 1420 se
687 1364 959 1419 dominum
983 1380 1105 1420 esse
1125 1383 1139 1429 ;
1161 1375 1215 1420 et
1239 1366 1389 1435 quasi
1416 1367 1645 1421 liberalis
1666 1365 1809 1420 domi
1825 1399 1837 1408 -

259 1468 355 1507 nus
379 1494 394 1518 ,
436 1470 687 1525 magnam
719 1463 774 1511 et
797 1455 1163 1509 admirabilem
1185 1456 1467 1522 quamdam
1492 1456 1708 1510 domum
1738 1457 1836 1510 ali-

256 1544 406 1613 cujus
430 1545 555 1599 usui
582 1544 821 1609 donans,
852 1553 906 1598 et
936 1559 1041 1598 non
1071 1553 1236 1599 totum
1281 1545 1504 1613 pretium
1526 1586 1539 1611 ,
1591 1544 1686 1599 sed
1737 1545 1836 1598 ali-

252 1635 567 1703 quantulam
597 1635 712 1703 ejus
739 1645 940 1704 portent
971 1634 1213 1703 accipere
1248 1636 1391 1698 vult,
1423 1644 1479 1688 ut
1503 1634 1722 1689 dominii
1746 1634 1833 1702 jus

252 1724 454 1778 salvum
486 1725 588 1779 sibi
617 1733 863 1790 maneat,
891 1733 944 1779 et
974 1725 1061 1779 ille
1086 1725 1295 1779 interim
1318 1725 1470 1790 sciat,
1490 1739 1549 1779 se
1574 1738 1677 1778 non
1705 1725 1835 1779 aedi-

252 1814 352 1868 licii
379 1815 396 1845 ¹
430 1814 705 1869 dominum
733 1830 883 1881 esse,
924 1815 1018 1871 sed
1052 1816 1220 1885 gratia
1253 1826 1307 1870 et
1336 1816 1683 1871 beneﬁcentia
1725 1815 1828 1869 do-

251 1903 374 1956 mini
424 1903 521 1957 illo
565 1903 664 1958 frui
695 1921 710 1959 :
738 1905 817 1960 sic
866 1905 1048 1975 utique
1082 1916 1137 1960 et
1167 1906 1424 1959 Dominus
1464 1914 1676 1974 noster,
1707 1921 1827 1961 cum

252 1993 474 2048 visibilia
506 1993 623 2049 haec
651 1995 829 2049 omnia
857 1995 1058 2049 homini
1089 1995 1443 2060 concederet,
1467 2005 1521 2051 et
1549 2005 1829 2065 prmstarct

255 2085 328 2139 illi
360 2094 417 2139 ut
446 2098 755 2142 versaretur
798 2087 850 2141 in
879 2088 1125 2157 paradiso
1145 2128 1158 2149 ,
1189 2095 1243 2142 et
1284 2087 1552 2142 frueretur
1578 2087 1828 2142 omnibus

250 2191 366 2244 qua:
405 2175 458 2230 in
490 2177 583 2230 illo
630 2187 818 2246 erant,
851 2187 906 2232 ut
948 2194 1014 2234 ne
1047 2179 1300 2249 paulatim
1352 2179 1601 2235 seductus
1647 2179 1826 2234 animo

252 2274 460 2333 putaret
488 2252 618 2335 res,
663 2283 782 2337 quae
830 2268 930 2322 sub
978 2261 1250 2340 aspectum
1302 2269 1516 2337 cadunt,
1558 2279 1823 2325 automata

245 2369 382 2419 esse,
407 2354 583 2425 deque
633 2371 726 2411 sua
764 2356 1020 2427 dignitate
1046 2358 1208 2415 altius
1246 2359 1515 2429 quidpiam
1560 2360 1820 2422 sentiret,

240 2439 394 2503 iussit
420 2444 490 2499 ab
517 2462 622 2499 uno
641 2447 785 2516 ligno
809 2447 1100 2514 abstinere,
1123 2464 1312 2519 magna
1337 2448 1550 2504 deﬁnita
1582 2464 1757 2519 poena,
1777 2449 1821 2502 si

245 2534 347 2589 hoc
375 2537 860 2607 transgrederetur,
888 2549 948 2594 ut
995 2541 1133 2595 seire
1182 2550 1399 2610 posset,
1440 2556 1499 2596 se
1545 2540 1818 2595 dominum

242 2622 475 2692 habere,
506 2628 659 2697 cujus
687 2628 1003 2686 liberalitate
1044 2632 1204 2685 etiam
1247 2632 1456 2686 caeteris
1483 2632 1643 2687 rebus
1673 2630 1818 2685 frue-

241 2725 407 2772 retur.
439 2717 640 2773 Verum
670 2720 793 2791 quia
822 2721 1047 2775 multum
1094 2722 1487 2778 inconsiderate
1528 2737 1588 2779 se
1625 2737 1818 2792 gerens

240 2823 340 2862 una
361 2824 488 2864 cum
514 2826 681 2867 uxore
710 2812 762 2866 in
784 2810 982 2867 tantam
1008 2814 1217 2868 ruinam
1241 2815 1492 2881 concidit,
1510 2815 1650 2885 quod
1677 2830 1816 2884 prte-

241 2909 450 2968 ceptum
488 2910 848 2972 transgressus
868 2912 1032 2972 esset,
1056 2911 1109 2959 et
1130 2905 1197 2960 de
1224 2905 1368 2975 ligno
1391 2912 1675 2975 gustasset,
1695 2904 1816 2960 ideo

240 2986 439 3057 lignum
468 2989 642 3059 ipsum
675 2991 911 3046 scientia:
953 2992 1075 3047 boni
1105 2999 1160 3047 et
1188 2993 1310 3046 mali
1340 2993 1651 3047 nominavit.
1698 2992 1813 3047 Non

242 3078 376 3148 quod
407 3090 568 3135 antea
607 3081 936 3150 ignoraverit
967 3082 1165 3137 bonum
1205 3091 1260 3137 et
1296 3084 1497 3137 malum
1529 3100 1544 3137 :
1576 3098 1698 3137 nam
1737 3083 1815 3138 sic

240 3183 341 3222 non
373 3169 659 3240 ignoravit,
681 3180 741 3224 ut
759 3171 992 3239 serpenti
1014 3172 1207 3226 mulier
1227 3171 1420 3227 dixerit
1445 3188 1459 3225 :
1490 3171 1632 3226 Dixit
1654 3171 1810 3238 Deus,

239 3255 320 3310 Ne
356 3257 632 3312 comedetis
666 3275 729 3313 ea:
768 3258 859 3313 illo
878 3300 893 3327 ,
937 3276 1001 3314 ne
1047 3261 1331 3315 moriemini
1347 3278 1366 3326 ;
1388 3261 1566 3331 itaque
1611 3262 1815 3316 sciebat

236 3358 463 3405 mortem
488 3363 697 3419 poenam
725 3365 863 3415 esse,
883 3352 926 3406 si
950 3351 1253 3407 mandatum
1274 3352 1807 3422 transgrederentur:

236 3439 327 3493 sed
355 3439 485 3509 quia
508 3448 629 3507 post
659 3440 815 3510 hujus
842 3455 994 3495 esum
1023 3451 1078 3496 et
1107 3455 1336 3512 superna
1363 3444 1530 3512 gloria
1555 3445 1765 3513 spoliati
1789 3485 1807 3511 ,

236 3539 290 3582 et
313 3530 624 3584 sensibilem
654 3530 997 3587 nudationem
1030 3534 1235 3601 experti
1264 3547 1388 3589 sunt
1418 3537 1465 3601 ⁸,
1493 3534 1612 3590 ideo
1641 3550 1808 3590 voca-

236 3619 310 3674 vit
346 3619 550 3691 lignum
596 3621 834 3676 scientia:
865 3624 986 3678 boni
1040 3632 1092 3678 et
1134 3626 1257 3679 mali
1292 3635 1445 3681 :erat
1490 3627 1631 3681 enim
1665 3628 1806 3681 circa

234 3709 358 3766 illud
386 3712 543 3782 quasi
573 3714 814 3782 quaedam
846 3714 1163 3771 obedientia:
1188 3719 1519 3773 exercitatio.

303 3800 524 3856 Marciis
543 3805 841 3859 exhortatio.
865 3836 932 3847 —
951 3807 1215 3862 Didicistis
1242 3826 1406 3878 quare
1430 3811 1563 3866 dixit
1592 3827 1607 3865 :
1633 3812 1808 3880 Aperti

231 3900 343 3943 sunt
370 3892 508 3946 oculi
536 3893 757 3962 illorum,
775 3906 821 3948 et
837 3909 1168 3967 cognoverunt
1190 3900 1326 3971 quod
1353 3903 1479 3955 nudi
1498 3904 1683 3957 erant?
1702 3904 1804 3958 Co-

231 3983 491 4046 gnovistis
536 3999 700 4050 quare
749 3985 949 4056 lignum
995 3988 1096 4044 hoc
1144 3986 1546 4047 seientim'boni
1588 4005 1643 4048 et
1679 3996 1802 4050 mali

232 4071 688 4143 vocetur?Cogita
715 4076 856 4130 enim
884 4085 1080 4145 quanto
1105 4078 1305 4146 pudore
1333 4081 1508 4135 affecti
1531 4090 1657 4137 sunt
1685 4092 1803 4153 post

234 4158 389 4230 hujus
442 4178 629 4231 esum,
680 4180 799 4219 eum
849 4170 1162 4238 transgressi
1210 4169 1434 4227 fuissent
1479 4183 1800 4244 praeceptum

233 4251 441 4308 Domini
473 4253 819 4311 :Consuerunt
842 4260 981 4314 enim
1010 4263 1135 4332 folia
1175 4263 1334 4331 ﬁcus,
1365 4273 1413 4318 et
1450 4268 1671 4336 fecerunt
1709 4268 1803 4321 sibi

229 4345 578 4403 succincton'a.
612 4347 744 4403 Vide
768 4363 799 4403 a
828 4362 1022 4419 quanta
1051 4352 1220 4422 gloria
1251 4354 1303 4408 in
1333 4363 1582 4422 quantam
1626 4358 1802 4412 vilita-

232 4439 336 4487 tem
379 4434 593 4491 deducti
620 4438 746 4493 sint.
775 4439 878 4506 Qui
908 4452 1065 4498 antea
1105 4445 1254 4513 quasi
1295 4454 1579 4502 terrestres
1623 4448 1798 4518 angeli

232 4521 501 4588 vivebant,
533 4537 739 4597 tegmen
779 4530 880 4585 sibi
926 4547 992 4587 ex
1039 4532 1182 4590 foliis
1210 4539 1531 4606 excogitant.
1571 4539 1796 4595 Tantum

231 4615 424 4669 malum
452 4626 536 4672 est
559 4631 851 4687 peceatum.
883 4623 996 4678 Non
1025 4625 1196 4680 solum
1224 4629 1366 4682 enim
1391 4645 1488 4684 nos
1510 4645 1540 4684 a
1565 4647 1794 4700 superna

232 4703 590 4763 benevolentia
617 4711 818 4765 alienos
844 4712 1000 4781 facit,
1032 4715 1127 4770 sed
1161 4727 1217 4772 et
1245 4718 1311 4771 ad
1354 4719 1575 4775 multum
1623 4722 1795 4789 pudo-

230 4809 337 4849 rem
365 4807 420 4851 et
444 4798 699 4855 vilitatem
744 4801 1002 4858 deducit:
1040 4816 1094 4860 et
1143 4822 1263 4862 eum
1289 4824 1388 4864 nos
1429 4811 1600 4878 privat
1641 4812 1796 4868 bonis

229 4900 342 4952 qua;
366 4886 478 4957 jam
500 4890 929 4961 possidebamus,
961 4912 1174 4952 omnem
1208 4899 1366 4954 etiam
1410 4900 1652 4956 ﬁduciam
1699 4918 1796 4959 au-

228 4972 336 5032 fert.
367 4976 477 5033 Sed
497 4993 566 5032 ne
589 4992 799 5034 sursum
822 4984 1177 5056 deorsumque
1213 4990 1464 5045 versando
1493 5003 1789 5062 peccatum,

227 5064 361 5130 quod
390 5080 489 5135 per
512 5081 665 5121 esum
711 5068 837 5139 ligni
871 5082 925 5126 et
952 5073 1359 5134 inobedientiam
1391 5080 1659 5138 hominem
1697 5085 1793 5140 dc-

223 5149 363 5240 iecit,
394 5155 691 5211 luetuosior
732 5159 922 5214 evadat
969 5166 1143 5218 oratio
1171 5188 1186 5221 :
1216 5183 1331 5236 age,
1362 5172 1406 5224 si
1469 5171 1675 5240 placet,
1724 5174 1792 5229 ab

227 5237 325 5297 hoc
356 5244 500 5316 ligno
526 5245 595 5300 ad
622 5247 786 5309 aliud,
819 5265 1009 5319 nempe
1037 5254 1102 5308 ad
1136 5255 1330 5324 lignum
1357 5237 1559 5326 crucis,
1585 5237 1790 5317 sermo-

227 5346 342 5389 nem
372 5344 661 5405 vertamus,
679 5347 735 5393 et
762 5339 1037 5395 videamus
1057 5357 1298 5412 quamam
1325 5350 1460 5403 mala
1491 5351 1620 5406 illud
1650 5353 1791 5406 intu-

226 5418 301 5483 lit.
324 5432 377 5479 et
419 5440 536 5495 quae
572 5427 711 5483 bona
758 5430 897 5485 istud
939 5433 1273 5502 conciliavit;
1300 5437 1407 5493 imo
1457 5455 1561 5495 non
1591 5443 1786 5512 lignum

286 5558 305 5627 ξ
335 5566 512 5627 ρωπος
533 5560 638 5627 fere
652 5564 850 5627 habent,
875 5567 1146 5621 creatiom's.

473 5629 576 5696 stas.
602 5624 790 5696 legunt,
815 5618 975 5693 g'ratia
994 5618 1041 5682 ei
1060 5618 1217 5696 gloria
1236 5633 1424 5688 δυοιὶαᾶ
1443 5649 1496 5689 se
1519 5651 1653 5692 nosse
1673 5653 1782 5693 sm.

223 5670 412 5732 εἱκιὶιθν
432 5670 690 5745 σιερὲνήἡῖ

1315 337 1377 393 IN
1416 337 1565 394 car.
1606 338 1693 393 ιιι.
1732 333 1972 393 canes.
2014 334 2241 392 llOMlL.
2284 338 2441 393 xvu.
3437 355 3530 410 ιδ,

1961 448 2134 501 attulit
2154 450 2309 513 mala,
2340 450 2433 505 sed
2463 452 2705 508 voluntas
2728 454 2927 525 segnis,
2958 465 3011 511 et
3034 467 3367 531 contemptus
3396 479 3534 532 prae-

1957 541 2121 607 cepti.
2172 539 2395 609 Lignum
2441 542 2568 598 illud
2608 554 2833 600 mortem
2879 547 3169 604 introduxit
3202 567 3216 602 :
3245 566 3367 606 nam
3411 569 3536 622 post

1959 633 2446 697 prrevarieationem
2477 651 2621 691 mors
2652 636 2898 705 intravit,
2928 639 3023 694 sed
3046 640 3183 695 istud
3215 642 3525 700 immortali-

1957 730 2113 776 tatem
2147 723 2390 793 largitum
2435 735 2550 792 est;
2584 727 2710 782 illud
2752 743 2783 783 e
2821 730 3064 800 paradiso
3090 732 3279 802 ejecit,
3309 735 3447 791 istud
3478 738 3537 791 in

1951 812 2109 866 caelos
2133 828 2232 867 nos
2264 815 2511 881 reduxit;
2542 817 2669 872 illud
2700 829 2915 887 propter
2957 835 3113 874 unam
3155 828 3533 895 transgressio-

1950 914 2071 954 nem
2099 903 2227 956 tanti
2245 905 2489 973 supplicii
2512 922 2658 960 reum
2677 907 2843 961 Adam
2868 909 3153 974 l'ecit,istud
3172 928 3268 967 nos
3285 915 3527 982 plurimis

1949 982 2282 1058 peccatorum
2327 996 2550 1050 sarcinis
2575 998 2909 1061 exoneravit,
2941 1000 3293 1070 ﬁduciamque
3320 1004 3387 1058 ad
3418 1006 3491 1059 De
3510 1036 3524 1048 -

1947 1081 2147 1136 minum
2176 1083 2329 1138 nobis
2358 1087 2866 1143 concessit.Vidistis
2889 1089 3015 1159 ligni
3044 1098 3100 1144 et
3124 1091 3249 1161 ligni
3276 1093 3524 1150 diﬁ'ereno

1945 1169 2112 1224 tiam?
2140 1172 2345 1227 vidistis
2387 1174 2582 1229 diaboli
2626 1176 3002 1246 malignitatem
3028 1220 3044 1245 ,
3075 1179 3305 1236 hominis
3343 1199 3500 1253 pecca

1945 1270 2053 1314 tum
2074 1303 2089 1327 ,
2112 1272 2166 1316 et
2197 1262 2406 1317 Domini
2434 1266 2852 1321 misericordiam
2875 1268 2900 1320 ?
2927 1269 3209 1324 Armemus
3230 1272 3407 1342 itaque
3425 1289 3525 1330 nos

1943 1350 2108 1420 ipsos,
2139 1351 2383 1421 obsecro,
2405 1355 2697 1423 carissimi,
2726 1358 2890 1412 armis
2934 1359 3059 1429 ligni
3097 1360 3255 1430 hujus
3301 1364 3519 1431 viviﬁci,

1940 1440 2210 1511 ipsiusque
2232 1444 2427 1499 virtute
2446 1447 2774 1515 perniciosos
2792 1449 2970 1504 animo
2990 1450 3213 1507 al’l’eetus
3233 1456 3523 1511 mortiliee-

1938 1544 2092 1595 mus;
2119 1532 2194 1586 uti
2220 1541 2274 1587 et
2311 1535 2583 1602 apostolus
2612 1536 2806 1593 Paulus
2831 1537 2914 1593 his
2942 1540 3122 1595 verbis
3153 1554 3333 1599 monet
3365 1562 3379 1599 :
3412 1546 3516 1612 Qui

1935 1633 2050 1673 vero
2081 1631 2196 1675 sunt
2224 1621 2429 1690 Christi,
2457 1641 2659 1680 carnem
2705 1629 3062 1697 cruci/iurant
3100 1647 3215 1686 cum
3260 1633 3521 1702 affectibus

1934 1717 1983 1762 et
2006 1712 2420 1781 concupiscentiis
2449 1713 2590 1785 (Gal.
2618 1716 2672 1771 5.
2700 1716 2824 1787 24).
2852 1718 3003 1786 Quod
3041 1732 3218 1777 autem
3252 1723 3410 1791 dicit,
3434 1736 3515 1782 est

1933 1800 2269 1871 hujusmodi:
2301 1803 2402 1870 Qui
2443 1819 2502 1860 se
2532 1814 2670 1860 totos
2709 1807 2922 1863 Christo
2964 1810 3296 1879 dedicarunt,
3324 1815 3515 1872 absur-

1931 1891 2054 1945 dam
2094 1907 2311 1948 omnem
2337 1898 2820 1964 concupiscentiam
2867 1900 3250 1956 morlilicarunt
3276 1904 3328 1957 in
3355 1920 3515 1961 carne

1930 1984 2222 2048 subortam,
2243 1994 2300 2040 ut
2322 2002 2509 2041 omnes
2528 1988 2691 2042 animi
2717 2002 3021 2061 corrumpat
3043 1994 3514 2061 operationeleos

1929 2075 2088 2145 igitur
2133 2086 2188 2130 et
2240 2091 2337 2131 nos
2380 2077 2685 2145 imitantes,
2720 2081 2955 2135 membra
3002 2093 3179 2138 nostra
3208 2085 3276 2139 ad
3306 2086 3499 2141 bellum

1929 2163 2253 2219 instruamus
2280 2165 2536 2222 adversus
2566 2169 2902 2239 tyrannidem
2930 2186 2997 2227 ex
3028 2171 3284 2229 diabolica
3315 2190 3509 2245 opera-

1930 2256 2073 2308 tione
2097 2254 2150 2308 in
2174 2268 2273 2308 nos
2309 2255 2669 2326 insurgentem
2690 2298 2705 2323 ,
2734 2267 2791 2312 ut
2819 2268 2875 2314 et
2899 2260 2952 2314 in
2983 2262 3232 2330 prtesenti
3260 2265 3364 2318 vita
3396 2273 3507 2320 tur-

1926 2344 2200 2400 bulentum
2228 2345 2404 2401 hocet
2428 2347 2784 2417 periculosum
2813 2366 2958 2405 mare
2987 2352 3247 2421 intrepide
3277 2355 3505 2424 trajicia-

1925 2449 2065 2501 mus,
2091 2445 2145 2490 et
2164 2436 2230 2490 ad
2261 2436 2453 2491 divinat
2476 2437 2814 2507 benignitatis
2840 2442 3154 2509 tranquillos
3175 2452 3358 2513 portus
3385 2460 3505 2514 pcr-

1927 2527 2219 2594 venientes,
2252 2527 2391 2583 bona
2421 2529 2587 2584 Deum
2609 2530 2949 2600 diligentibus
2972 2534 3228 2603 promissa
3250 2538 3505 2606 consequi

1924 2619 2192 2674 valeamus
2214 2661 2230 2685 ,
2258 2619 2313 2674 in
2342 2618 2554 2675 Christo
2579 2620 2704 2675 .lesu
2733 2622 2956 2677 Domino
2985 2633 3169 2679 nostro
3187 2665 3203 2691 ,
3229 2627 3314 2680 cui
3333 2626 3503 2695 gloria

1922 2725 2044 2766 cum
2074 2710 2229 2766 Patre
2252 2718 2308 2766 ct
2348 2719 2535 2766 sancto
2560 2710 2758 2780 Spiritu
2785 2755 2799 2777 ,
2827 2729 2968 2769 nunc
3000 2724 3056 2771 et
3091 2729 3337 2786 semper,
3365 2727 3414 2773 et
3448 2719 3503 2772 in

1920 2800 2115 2856 secula
2146 2801 2483 2856 saeculorum.
2513 2803 2704 2858 Amen.

2470 2932 2740 2990 HOMILIA
2783 2934 2945 2990 XVII.

1988 3044 2059 3099 Et
2085 3045 2382 3099 audiverunt
2423 3061 2593 3100 vocem
2633 3047 2839 3101 Domini
2884 3047 2983 3101 Dei
3023 3049 3388 3106 deambulanti:
3437 3055 3492 3108 in

2177 3137 2414 3206 paradiso
2438 3137 2492 3191 in
2518 3138 2724 3192 meridie
2751 3138 2824 3208 (α)
2857 3138 2877 3210 (
2899 3138 3025 3194 Gen.
3051 3141 3102 3195 5.
3129 3142 3163 3196 8
3188 3142 3229 3212 ).

1986 3249 2038 3302 l.
2067 3247 2208 3304 Satis
2229 3288 2244 3313 ,
2273 3247 2492 3317 opinor,
2519 3263 2616 3317 pro
2641 3256 2828 3304 nostra
2853 3249 2989 3304 virili
3016 3267 3185 3321 nuper
3215 3252 3388 3307 locum
3425 3253 3494 3310 de

1912 3336 2057 3407 ligno
2082 3338 2410 3406 interpretati
2435 3351 2639 3403 sumus,
2666 3337 2921 3394 docentes
2939 3340 3211 3395 caritatem
3235 3351 3484 3407 vestram,

1912 3440 2078 3494 quare
2103 3425 2281 3481 divina
2307 3425 2577 3494 Scriptura
2604 3427 2804 3496 lignum
2831 3429 3187 3498 cognoscendi
3214 3430 3411 3487 bonum
3437 3441 3491 3488 et

1911 3517 2109 3572 malum
2147 3518 2319 3587 ipsum
2356 3518 2596 3573 vocarit:
2623 3518 2846 3587 proinde
2887 3518 3046 3574 hodie
3087 3521 3294 3576 animus
3318 3524 3491 3579 estad

1909 3609 2185 3678 sequentia
2217 3623 2472 3679 pergere,
2506 3617 2565 3663 ut
2601 3608 2819 3664 discatis
2859 3609 3177 3666 ineffabilem
3206 3612 3299 3668 Dei
3336 3614 3488 3670 beni-
3522 3686 3527 3693 Δ

1908 3701 2186 3768 gnitatem,
2210 3708 2265 3754 et
2290 3708 2484 3769 quanta
2507 3700 2771 3755 sermonis
2799 3702 3239 3771 attemperatione
3260 3719 3390 3760 usus
3417 3707 3488 3761 sit

1910 3800 2110 3846 nostra:
2139 3800 2345 3846 naturte
2365 3791 2749 3861 providentiam
2777 3801 2829 3846 et
2849 3807 3029 3847 curam
3057 3792 3277 3848 habens.
3302 3794 3488 3852 Omnia

1908 3882 2049 3937 enim
2080 3880 2205 3937 fecit
2240 3890 2295 3936 et
2314 3889 2565 3952 operatus
2587 3890 2671 3937 est
2690 3922 2706 3947 ,
2733 3891 2791 3936 ut
2820 3883 3081 3938 rationale
3103 3883 3205 3940 hoc
3233 3886 3427 3939 animal
3452 3901 3483 3940 a

1906 3985 1966 4027 se
1987 3971 2278 4035 conditum,
2311 3971 2363 4026 in
2384 3972 2527 4027 omni
2556 3971 2759 4027 honore
2783 3981 2960 4037 esset,
2990 3981 3045 4028 et
3073 3973 3126 4027 in
3152 3975 3298 4028 nullo
3325 3990 3485 4045 ange-

1907 4061 2080 4117 lorum
2110 4063 2218 4127 vita
2246 4061 2483 4119 deterius
2509 4062 2649 4119 foret
2669 4103 2685 4129 ,
2711 4063 2804 4118 sed
2831 4073 2885 4119 et
2922 4064 2973 4118 in
3013 4079 3238 4134 corpore
3266 4066 3478 4122 illorum

1905 4153 2203 4222 possideret
2239 4153 2738 4225 impassibilitatem.
2767 4155 3028 4211 Caeterum
3058 4165 3115 4211 ut
3152 4158 3283 4213 vidit
3307 4167 3482 4215 utros-

1904 4256 2007 4310 que
2033 4242 2299 4311 peccando
2342 4251 2699 4313 transgressos
2728 4258 2824 4313 per
2850 4244 3222 4315 negligentiam
3253 4261 3317 4302 ea
3362 4263 3485 4318 quae

1902 4344 1933 4385 a
1954 4344 2012 4385 se
2032 4339 2293 4401 prmcepta
2310 4341 2482 4397 erant,
2505 4332 2662 4402 idque
2683 4342 2959 4403 postquam
2982 4335 3139 4389 minis
3158 4350 3252 4393 eos
3273 4352 3483 4407 repres-

1903 4430 2064 4486 serat,
2093 4429 2152 4477 ut
2180 4422 2407 4476 tutiores
2435 4422 2703 4487 redderet,
2738 4439 2806 4477 ne
2834 4423 2914 4478 sic
2938 4425 3150 4494 quidem
3181 4441 3210 4480 a
3238 4426 3480 4497 benigni-

1900 4517 2009 4565 tate
2030 4525 2124 4564 sua
2144 4521 2339 4577 cessat,
2366 4511 2457 4566 sed
2477 4527 2688 4581 semper
2707 4513 2786 4567 sui
2807 4513 3014 4579 similis,
3035 4516 3481 4584 quemadmodum

1900 4599 2347 4655 clementissimus
2371 4608 2523 4670 pater
2548 4601 2713 4655 ﬁlium
2744 4601 3017 4673 indignum
3042 4605 3165 4674 quid
3205 4607 3480 4665 nobilitate

1903 4705 1998 4746 sua
2028 4705 2124 4759 per
2144 4691 2513 4761 negligentiam
2537 4693 2888 4759 commisisse,
2914 4703 2969 4748 et
2995 4710 3025 4749 a
3049 4710 3260 4753 summo
3277 4699 3478 4754 honora

1901 4782 1955 4835 in
1985 4789 2278 4836 extremam
2304 4781 2554 4837 vilitatem
2581 4782 2851 4838 redactum
2877 4783 3084 4853 videns,
3115 4789 3352 4855 paternis
3394 4791 3466 4843 vi‘

1897 4872 2134 4927 secribus
2153 4881 2471 4938 commotus,
2488 4887 2593 4928 non
2615 4875 2759 4927 illum
2780 4875 2977 4929 auxilio
2996 4875 3305 4929 destitutum
3325 4878 3475 4942 sinit,

1897 4961 1988 5014 sed
2020 4961 2207 5015 iterum
2238 4975 2390 5015 suum
2416 4963 2523 5030 agit
2546 4961 2779 5017 ofﬁcium
2799 5002 2816 5025 ,
2861 4973 2917 5016 ιιι
2948 4963 3196 5030 paulatim
3242 4965 3413 5033 ipsum
3447 4980 3478 5020 θ

1896 5048 2099 5104 vilitate
2140 5049 2225 5104 illa
2277 5050 2557 5104 liberatum
2583 5090 2597 5116 ,
2643 5049 2878 5119 pristinm
2923 5051 3163 5105 restituat
3207 5053 3470 5124 dignitati.

1897 5137 2068 5192 Simili
2095 5138 2253 5193 modo
2278 5138 2452 5193 bonus
2476 5139 2613 5193 Deus
2657 5137 2909 5193 misertus
2934 5151 3017 5194 est
3057 5139 3286 5198 hominis
3307 5184 3323 5209 ,
3348 5159 3468 5200 cum

1896 5243 2061 5282 uxore
2101 5242 2193 5283 sua
2221 5228 2416 5282 diaboli
2439 5228 2640 5283 insidiis
2660 5230 3027 5297 circumventi,
3056 5231 3207 5302 cujus
3231 5250 3328 5304 per
3349 5250 3464 5291 sere

1894 5326 2108 5386 pentem
2129 5317 2404 5372 consilium
2435 5325 2712 5385 acceperat
2741 5336 2755 5373 :
2782 5320 2943 5373 veluti
2974 5320 3208 5377 medicus
3233 5324 3299 5378 ad
3321 5324 3469 5379 inﬁr-

1895 5421 2036 5460 mum
2055 5446 2070 5470 ,
2107 5415 2161 5461 et
2183 5415 2549 5476 mgrotantem,
2574 5406 2862 5475 jacenlem,
2887 5409 3315 5483 indigentemque
3340 5430 3465 5469 cura

1890 5508 1945 5552 et
1972 5495 2162 5551 medici
2191 5511 2372 5564 manu,
2398 5496 2639 5565 protinus
2659 5497 2882 5554 accedit.
2912 5500 3017 5556 Sed
3044 5510 3104 5557 ut
3131 5511 3186 5559 et
3205 5519 3269 5559 ex
3292 5505 3466 5560 verbis

1950 5644 2023 5707 (τι)
2055 5645 2139 5694 llic
2153 5642 2342 5715 Coishn.
2371 5651 2421 5693 et
2459 5652 2662 5707 quatuor
2692 5646 2771 5698 alii
2807 5648 2951 5702 Codd.
2989 5653 3240 5715 Scriptura:
3274 5659 3457 5704 textum

1890 5705 2034 5770 longe
2053 5713 2421 5769 prosequuntur.
