4074 6134
537 318 638 374 155

531 431 750 487 discatis
793 441 949 497 quam
991 423 1267 479 inel‘l‘abilis
1308 423 1379 477 sit
1409 421 1502 476 Dei
1546 419 1840 488 benignitas
1871 458 1887 483 ,
1929 433 2106 487 operte

527 523 750 591 pretium
796 517 956 572 fuerit
979 515 1163 570 audire
1201 529 1320 583 quae
1350 513 1483 567 lecta
1512 521 1655 566 sunt.
1698 509 1764 563 Et
1802 509 2066 563 audierant
2089 551 2106 574 ,

525 607 691 678 inquit
710 649 726 671 ,
756 623 920 662 uocem
947 604 1151 659 Domini
1172 603 1266 657 Dei
1305 600 1672 656 deambulantis
1695 602 1746 654 in
1778 599 2014 668 paradiso
2041 599 2110 652 ad

523 700 779 753 meridiem
804 739 819 764 ,
855 707 901 750 et
921 697 1223 750 delituerant
1253 704 1355 747 tam
1380 693 1564 756 Adam,
1585 708 1738 760 quam
1761 706 1889 745 uxor
1911 690 2051 744 illius
2077 707 2110 743 a

526 791 653 859 {acie
681 788 881 841 Domini
902 789 954 840 in
983 785 1146 839 medio
1174 785 1299 855 ligni
1329 783 1570 854 paradisi.
1603 781 1681 836 Ne
1710 780 2107 835 inconsideran-

519 889 621 945 ter,
653 877 858 944 dilecti,
884 885 1264 945 prmtereamus
1282 890 1399 944 qua:
1423 887 1453 927 a
1474 873 1647 928 divina
1672 872 1940 942 Scriptum
1967 871 2106 925 dicta

517 978 664 1036 sunt,
695 984 869 1039 neque
897 970 948 1022 in
975 967 1149 1022 verbis
1174 967 1302 1037 ipsis
1327 967 1656 1031 brereamus,
1685 964 1778 1019 sed
1804 963 2109 1020 considere-

521 1077 639 1116 mus
673 1061 742 1115 ob
772 1069 1006 1115 nostram
1050 1058 1466 1113 imbecillitatem
1498 1065 1700 1112 tantam
1739 1057 1826 1111 hic
1863 1055 2105 1110 adhiberi

523 1153 810 1208 verborum
839 1151 1210 1213 humilitatem,
1241 1159 1297 1204 et
1325 1150 1394 1204 ob
1414 1150 1638 1205 salutem
1665 1159 1898 1203 nOstram
1925 1149 2104 1203 omnia

521 1255 582 1299 ut
607 1246 716 1300 Deo
743 1244 960 1312 dignum
976 1253 1058 1298 est
1083 1243 1188 1313 agi.
1214 1241 1347 1296 Nam
1373 1241 1418 1295 si
1441 1241 1697 1296 vellemus
1715 1241 1872 1296 verba
1901 1249 1958 1294 ut
1983 1248 2108 1294 sunt

523 1337 860 1404 pronuntiata
890 1333 1102 1398 sectari,
1129 1342 1184 1386 et
1203 1348 1308 1386 non
1337 1331 1568 1401 indigne,
1592 1340 1649 1385 ut
1668 1331 1734 1385 de
1757 1332 1864 1385 Deo
1889 1331 2106 1400 loquen-

525 1434 608 1478 tes
636 1424 828 1488 decet,
857 1439 1145 1492 exponere,
1173 1423 1259 1477 dic
1277 1464 1291 1484 ,
1319 1437 1532 1492 quaeso,
1564 1437 1742 1476 annon
1774 1421 1935 1474 multa
1984 1420 2106 1475 hinc

521 1524 882 1585 sequerentur
923 1514 1195 1568 absurda?
1224 1515 1361 1568 Ecce
1399 1513 1541 1568 cnim
1580 1513 1756 1567 statim
1796 1527 1861 1566 ex
1902 1512 1964 1566 iis
1987 1527 2106 1581 quas

523 1609 782 1676 principio
812 1609 946 1663 lecta
972 1615 1125 1672 sunt,
1159 1607 1259 1660 hoc
1286 1616 1531 1675 spectare
1571 1606 1712 1660 licet.
1740 1599 1810 1658 Et
1838 1604 2106 1658 audierunt

518 1713 684 1750 uocem
707 1697 910 1751 Domini
941 1697 1033 1750 Dei
1060 1696 1366 1750 ambulantis
1391 1697 1442 1749 in
1471 1696 1708 1765 paradiso
1727 1695 1796 1748 ad
1816 1697 2100 1761 meridiem,

517 1796 562 1837 et
585 1786 902 1839 delituerant.
925 1787 1062 1853 Quid
1090 1786 1224 1840 dicis
1242 1787 1265 1839 ?
1284 1801 1350 1838 an
1381 1785 1684 1840 deambulat
1707 1785 1886 1839 Deus?
1914 1801 1980 1838 an
2013 1800 2106 1854 pe-

514 1877 610 1930 des
643 1877 740 1945 ipsi
771 1878 1061 1931 tribuemus
1084 1919 1098 1940 ,
1143 1887 1198 1932 et
1226 1879 1293 1932 de
1322 1893 1388 1931 eo
1418 1877 1550 1931 nihil
1589 1878 1815 1932 sublime
1851 1878 2103 1947 cogitabi-

514 1969 672 2021 mus?
701 1967 815 2022 Non
848 1969 1088 2023 ambulat
1117 1970 1254 2024 Deus
1283 1987 1295 2022 :
1329 1970 1486 2023 absit.
1519 1969 1800 2034 Quomodo
1822 1969 1961 2023 enim
1984 1983 2100 2023 am-

511 2060 719 2115 bularet
743 2102 759 2126 ,
793 2061 880 2130 qui
912 2062 1108 2130 ubique
1141 2076 1383 2130 prmsens
1428 2069 1509 2114 est
1533 2101 1548 2125 ,
1573 2070 1626 2115 ct
1659 2061 1836 2114 omnia
1879 2059 2106 2128 implet?

511 2153 598 2206 cui
623 2153 818 2207 cmlum
853 2153 1101 2217 thronus,
1135 2161 1190 2207 et
1218 2161 1357 2208 terra
1382 2152 1672 2207 scabellum
1697 2155 1717 2217 (
1738 2150 1864 2205 lsai.
1886 2151 1975 2206 66.
2009 2152 2032 2205 l
2057 2151 2101 2218 ),

512 2241 699 2308 ipsene
725 2244 774 2295 in
800 2242 953 2296 horto
973 2243 1314 2297 continetur?
1339 2241 1468 2308 Quis
1487 2242 1737 2296 cordatus
1758 2241 1860 2297 hoc
1878 2241 2104 2297 diceret?

511 2332 645 2398 Quid
663 2333 821 2402 igitur
835 2335 1221 2400 est,Aadierunt
1242 2350 1409 2387 vocem
1424 2333 1627 2386 Domini
1635 2333 1725 2386 Dei
1735 2334 2104 2387 deambulantis

511 2425 563 2478 in
592 2427 732 2479 horto
760 2427 829 2480 ad
864 2427 1119 2480 meridiem
1140 2427 1165 2479 ?
1195 2427 1250 2480 ln
1279 2441 1493 2480 sensum
1535 2426 1660 2478 mali
1692 2425 1811 2479 illos
1836 2425 2105 2482 deducere

513 2515 700 2580 voluit,
732 2525 791 2569 ut
821 2516 871 2570 in
891 2530 1082 2584 magno
1109 2516 1300 2570 mentis
1323 2530 1521 2584 angore
1542 2515 1990 2570 constituerentur
2014 2534 2026 2569 :
2051 2515 2102 2570 id

512 2606 654 2674 quod
680 2615 736 2661 et
757 2605 950 2660 factum
977 2616 1080 2661 est.
1104 2607 1274 2660 Tanto
1293 2606 1551 2676 siquidem
1572 2621 1731 2661 sensu
1762 2607 1934 2662 allecti
1957 2616 2099 2673 sunt,

511 2707 569 2751 ut
584 2713 703 2752 cum
725 2697 1027 2752 advenisset
1048 2699 1203 2762 Deus,
1226 2714 1346 2752 sese
1363 2698 1628 2753 occultare
1647 2699 1822 2752 conati
1839 2698 1962 2752 sint.
1982 2698 2100 2754 Mox

512 2789 654 2841 cuitu
693 2800 750 2842 ut
781 2789 1000 2843 intravit
1027 2801 1322 2859 peccatum,
1346 2799 1400 2845 et
1425 2791 1811 2860 prtevaricatio,
1845 2791 2016 2860 pudor
2041 2805 2102 2845 ac

511 2881 831 2934 verecundia
857 2880 979 2935 illos
1012 2882 1220 2936 invasit.

580 2970 894 3024 Conscientia
931 2971 1254 3042 incorruptus
1269 2972 1453 3042 judex.
1495 2972 1823 3028 Conscientia
1859 2966 2004 3045 opus.
2030 3002 2099 3015 -—

511 3062 719 3132 Quippe
761 3063 924 3132 judex
967 3063 1306 3133 incorruptus
1328 3104 1340 3126 ,
1371 3064 1750 3118 conscientiam
1788 3064 1907 3120 dico
1930 3106 1946 3130 ,
1977 3081 2099 3120 cum

513 3151 771 3206 adversus
809 3152 1079 3206 hominem
1137 3161 1467 3222 exsurgeret,
1487 3154 1629 3207 clara
1650 3169 1780 3207 voce
1813 3154 2097 3218 clamabat,

511 3241 793 3294 accusabat
813 3250 867 3295 et
887 3241 1222 3306 ostendebat,
1247 3251 1299 3296 et
1317 3243 1468 3311 quasi
1487 3255 1608 3297 ante
1628 3243 1810 3297 oculos
1833 3244 2102 3298 scribebat

511 3332 640 3399 ipsis
684 3341 1022 3401 peccatorum
1047 3333 1485 3403 magnitudinem.
1516 3333 1639 3388 ldco
1671 3336 1810 3389 enim
1840 3335 2101 3406 benignus

520 3423 777 3476 Dominus
818 3424 1078 3494 principio
1122 3440 1241 3479 cum
1297 3425 1546 3480 formaret
1603 3426 1871 3482 hominem
1905 3471 1920 3496 ,
1964 3446 2096 3485 con-

518 3513 795 3566 scientiam
843 3515 918 3567 illi
965 3515 1152 3569 indidit
1181 3517 1560 3570 accusatricem
1606 3527 1951 3588 perpetuam,
1984 3537 2099 3590 qua:

521 3602 693 3672 decipi
728 3611 782 3657 et
827 3603 1086 3659 fallaciam
1117 3606 1257 3662 ferre
1285 3615 1465 3675 posset
1505 3623 1814 3678 numquam.
1847 3611 1912 3666 Et
1976 3612 2100 3667 licet

513 3695 633 3763 quis
663 3694 896 3750 admisso
930 3706 1146 3766 peccato
1166 3740 1180 3763 ,
1212 3707 1624 3770 perpetratoque
1648 3700 1824 3770 aliquo
1865 3701 2099 3759 facinore

512 3785 728 3850 illicito,
761 3801 946 3842 omnes
991 3789 1233 3844 homines
1261 3790 1417 3856 celet,
1438 3790 1578 3844 illam
1602 3801 1776 3845 tamen
1804 3795 2096 3846 accusatri-

511 3891 630 3929 t-em
656 3891 760 3930 non
795 3879 989 3946 poterit
1031 3880 1195 3934 latere
1218 3920 1232 3941 ,
1274 3880 1367 3934 sed
1397 3895 1729 3950 quocumque
1759 3882 1934 3939 abeat.
1957 3885 2096 3938 illam

511 3975 766 4036 perpetuo
783 3969 918 4023 intra
934 3983 995 4023 se
1014 3968 1170 4023 habet
1188 3968 1578 4034 obturbantem,
1601 3971 1904 4037 laniantem,
1921 3973 2096 4043 flagel-

509 4059 724 4122 lantem,
768 4075 1055 4128 numquam
1102 4061 1463 4129 quiescentem
1496 4078 1510 4114 :
1543 4063 1634 4116 sed
1660 4072 1714 4118 et
1747 4066 1916 4131 domi,
1945 4077 2000 4121 et
2046 4069 2096 4123 in

510 4147 647 4213 foro,
667 4157 720 4202 et
737 4149 790 4202 in
812 4150 1059 4216 coetibus,
1079 4151 1196 4203 etin
1217 4165 1421 4217 mensa,
1442 4163 1489 4205 et
1511 4151 1882 4223 dormientem,
1903 4167 1956 4212 et
1975 4173 2099 4213 sur-

507 4248 722 4307 gentem
761 4238 1023 4303 adoritur,
1063 4239 1320 4294 rationem
1359 4241 1670 4297 delictorum
1699 4245 1879 4314 exigit,
1925 4249 2098 4318 obque

509 4327 693 4380 oculos
706 4327 851 4395 ponit
866 4338 917 4381 et
930 4329 1239 4383 delictorum
1255 4331 1645 4400 gravitatcm,et
1656 4336 2096 4405 subsequuturam

511 4435 755 4489 poenam,
799 4429 853 4474 ct
900 4423 1046 4492 quasi
1087 4422 1325 4478 medicus
1373 4425 1602 4494 optimus
1646 4444 1749 4482 non
1791 4439 1965 4484 cessat
2001 4446 2096 4486 sua

510 4509 896 4566 medicamenta
937 4528 1207 4582 apponere
1237 4531 1250 4567 :
1283 4525 1336 4570 et
1374 4517 1421 4571 si
1446 4517 1614 4572 semel
1652 4518 1966 4590 depellatur,
1999 4538 2096 4578 uc-

515 4615 621 4668 que
663 4601 740 4654 sic
774 4601 996 4665 desistit,
1029 4605 1121 4658 sed
1145 4607 1449 4660 continuam
1487 4609 1896 4665 sollicitudinem
1939 4613 2094 4681 gerit.

589 4691 645 4744 2.
689 4691 803 4747 lloc
829 4694 970 4748 enim
999 4696 1339 4751 conscientim
1367 4713 1500 4766 opus
1527 4710 1608 4754 est
1632 4741 1646 4764 ,
1679 4710 1736 4756 ut
1759 4701 1952 4772 jugitcr
1987 4720 2100 4757 mc.-

512 4785 735 4841 moriam
764 4785 1002 4856 ingerat,
1034 4803 1133 4842 nec
1162 4789 1433 4856 permittat
1479 4805 1726 4859 umquam
1755 4794 1806 4847 in
1839 4793 2096 4849 factorum

509 4878 833 4934 oblivionem
862 4893 960 4933 nos
986 4880 1168 4933 venire
1203 4895 1215 4930 :
1246 4878 1340 4933 sed
1372 4880 1440 4934 ob
1484 4882 1666 4937 oculos
1694 4895 1955 4954 preponat
1976 4927 1992 4953 ,
2022 4886 2098 4940 uti

507 4969 589 5023 vel
623 4971 723 5025 hac
756 4970 956 5025 ratione
979 4984 1076 5023 uos
1109 4969 1367 5026 tardiores
1396 4971 1569 5038 faciat,
1599 4989 1667 5028 ne
1699 4975 1748 5027 in
1770 4975 1954 5031 eadem
1977 4991 2100 5044 pce-

513 5069 630 5113 eata
664 5061 1026 5128 prolabamur.
1057 5059 1188 5114 Nam
1220 5062 1262 5115 si
1292 5079 1410 5116 cum
1439 5080 1500 5118 ex
1545 5067 1864 5121 conscientia
1898 5077 2097 5122 tantum

513 5151 666 5206 nobis
689 5153 757 5205 sit
783 5152 1026 5214 subsidii,
1058 5162 1111 5207 et
1142 5162 1344 5208 tantum
1373 5155 1616 5224 adjutorii
1643 5198 1658 5222 ,
1683 5167 1737 5212 et
1764 5157 1807 5211 si
1837 5158 1971 5214 hanc
2001 5161 2095 5214 ha-

512 5246 698 5300 bentes
717 5244 1087 5299 vehementem
1113 5248 1514 5313 accusatriccm,
1545 5265 1662 5318 qua:
1688 5259 1922 5305 nostram
1951 5268 2094 5306 men-

509 5342 616 5387 tem
644 5332 892 5402 ﬂagellet,
925 5346 976 5390 et
1005 5351 1100 5392 cor
1122 5338 1377 5404 lancinet,
1408 5349 1458 5393 ct
1483 5341 1672 5409 quovis
1699 5343 1947 5398 carnifice
1971 5357 2097 5411 gra-

507 5427 624 5480 vius
651 5427 834 5494 instet,
869 5427 1105 5498 plerique
1130 5445 1300 5498 ncque
1324 5431 1400 5485 sic
1426 5431 1687 5502 ignaviam
1718 5434 1977 5488 vincimus
2012 5452 2023 5486 :
2054 5435 2096 5488 si

509 5517 610 5570 hoc
634 5517 1046 5573 destitueremur
1075 5520 1332 5583 subsidio,
1359 5537 1465 5590 quo
1493 5537 1598 5576 non
1632 5533 1757 5577 tunc
1800 5525 1975 5578 statim
2007 5540 2100 5579 ex-

507 5608 856 5665 cidcrcmus?
899 5610 1185 5681 Propterea
1233 5611 1579 5681 primigenius
1630 5612 1791 5668 homo
1836 5624 1894 5668 ιιι
1949 5615 2096 5669 ἱΙΙιιηι

508 5715 722 5756 sensum
749 5703 982 5774 accepit,
1011 5703 1295 5759 adventum
1342 5701 1552 5758 Domini
1590 5719 1768 5758 secum
1814 5704 2053 5773 cogitans
2078 5749 2091 5773 ,

1171 311 1227 367 S.
1268 308 1544 365 JOANNIS
1579 305 2055 361 CllliYSOSTOMI
2098 306 2408 363 AliClllEl’.
2447 307 2980 366 CONSTANTINOP.

3700 314 3804 369 ῒῦϐ

2221 420 2401 474 statim
2441 435 2503 476 se
2545 421 2848 478 occultavit.
2877 424 3088 492 Quare.
3114 424 3232 490 die,
3260 425 3402 480 oro?
3429 422 3689 492 Quoniam
3715 432 3801 479 vi-

2215 509 2373 565 debat
2401 513 2499 566 sibi
2535 521 2734 568 trucem
2763 514 2975 570 adstare
2999 525 3388 576 accusatorem.
3415 515 3802 570 conscientiam

2214 599 2355 656 dico.
2386 601 2568 673 Neque
2593 605 2735 660 enim
2768 606 2930 660 aiium
2957 607 3125 661 ullum
3153 607 3550 677 objurgatorcm
3573 607 3812 663 habebat

2213 703 2268 746 et
2299 701 2486 749 testem
2509 706 2873 765 peccatorum,
2903 698 2995 753 sed
3018 698 3229 754 unicum
3251 699 3398 753 illum
3419 715 3575 769 quem
3608 701 3801 754 intrin-

2213 796 2370 836 secus
2419 783 2845 841 circumferebat.
2911 789 3160 844 Attamen
3209 797 3403 858 prteter
3460 790 3803 845 conscientiae

2213 876 2640 942 accusationem,
2671 878 2830 931 etiam
2863 879 3093 948 privatio
3117 879 3327 950 gloriae,
3353 896 3470 950 qua:
3498 881 3616 935 illos
3641 890 3810 936 antea

2212 967 2362 1035 quasi
2404 969 2782 1023 vestimentum
2813 969 3067 1039 fulgidum
3097 969 3398 1035 ambiebat,
3426 970 3652 1033 docebat
3679 971 3803 1024 illos

2214 1071 2307 1125 per
2338 1057 2504 1126 ipsam
2535 1058 2828 1113 nuditatem
2851 1059 3072 1115 admissi
3111 1061 3313 1129 peccati
3355 1061 3798 1130 magnitudinem.

2213 1145 2397 1216 Itaque
2417 1148 2537 1216 quia
2565 1159 2684 1217 post
2707 1164 2870 1218 grave
2893 1160 3164 1218 peccatum
3195 1150 3322 1204 illud
3348 1150 3549 1219 pudore
3570 1151 3796 1206 circum-

2210 1235 2313 1290 fusi
2345 1248 2497 1292 erant
2521 1280 2536 1304 ,
2568 1241 2880 1295 delitescere
2920 1250 3274 1296 teutavcrunt.
3304 1242 3582 1294 Audierant
3611 1243 3752 1297 cnim
3782 1284 3797 1299 .

2212 1326 2398 1397 inquit,
2430 1345 2596 1385 vocem
2625 1331 2832 1386 Domini
2854 1331 2952 1386 Dei
2971 1333 3338 1388 deambulantis
3362 1333 3413 1386 in
3444 1333 3587 1387 horto
3607 1335 3673 1386 ad
3693 1349 3798 1387 me-

2209 1420 2408 1486 ridiem,
2431 1432 2475 1475 et
2504 1423 2878 1478 occultaverant
2904 1441 2958 1478 se
2985 1433 3088 1476 tant
3115 1423 3314 1490 Adam,
3343 1441 3495 1494 quam
3526 1441 3651 1478 uror
3686 1426 3805 1496 ejus

2209 1525 2240 1560 a
2280 1510 2411 1580 facie
2433 1510 2636 1566 Domini
2661 1511 2758 1565 Dei
2783 1513 2835 1565 in
2857 1514 3021 1566 medio
3054 1513 3300 1582 paradisi.

2282 1599 2430 1654 Nihil
2451 1612 2654 1672 peccato
2687 1604 2853 1674 pejus.
2875 1633 2946 1643 —
2964 1603 3104 1658 Nihil
3131 1612 3347 1673 peccato
3367 1603 3538 1674 pejus,
3564 1604 3788 1662 dilecte;

2209 1689 2381 1759 ipsum
2411 1693 2552 1747 enim
2585 1703 2642 1747 ut
2670 1694 2965 1760 introierit,
2999 1709 3104 1749 non
3150 1695 3322 1748 solum
3357 1693 3555 1762 pudore
3584 1708 3680 1747 nos
3705 1710 3795 1749 re-

2209 1781 2336 1850 plet,
2373 1783 2466 1837 sed
2499 1795 2552 1838 et
2583 1784 2891 1853 insipientes
2925 1784 3213 1839 redditcos
3231 1786 3320 1854 qui
3346 1793 3498 1839 antea
3527 1785 3808 1840 intellectu

2207 1881 2263 1928 et
2304 1875 2560 1942 sapientia
2619 1874 2782 1928 multa
2827 1875 3035 1945 prtediti
3095 1874 3324 1930 fuerant.
3379 1874 3797 1942 Animadverte,

2207 1963 2450 2030 obsecro,
2478 1979 2637 2034 quam
2671 1966 2983 2034 insipienter
3006 1966 3114 2034 agit
3133 1981 3285 2020 nunc
3307 2006 3322 2031 ,
3349 1966 3437 2034 qui
3465 1975 3620 2019 antea
3652 1976 3797 2019 tanta

2208 2055 2445 2126 pollebat
2491 2057 2747 2126 sapientia
2774 2098 2789 2122 ,
2831 2059 2919 2128 qui
2945 2072 3010 2112 ex
3055 2058 3187 2112 actis
3235 2058 3366 2128 ipsis
3409 2059 3656 2112 traditam
3695 2060 3795 2113 sibi

2206 2153 2518 2222 Sapientiam
2563 2154 2715 2208 nobis
2758 2154 3103 2220 declarabat,
3133 2152 3224 2222 qui
3255 2153 3379 2207 talia
3423 2152 3796 2222 pr0phetabat.

2208 2243 2393 2297 Audita
2431 2261 2546 2298 voce
2577 2243 2780 2298 Domini
2823 2243 2919 2298 Dei
2948 2243 3317 2298 deambulantis
3343 2243 3394 2296 in
3421 2243 3565 2296 horto
3591 2244 3658 2296 ad
3689 2261 3797 2298 me-

2205 2335 2404 2400 ridiem,
2423 2337 2686 2390 occultavit
2729 2353 2782 2389 se
2811 2345 2915 2389 tam
2955 2338 3066 2403 ipse
3093 2351 3247 2404 quam
3271 2349 3400 2386 uxor
3429 2335 3588 2404 ipsius
3611 2351 3641 2384 η
3667 2335 3800 2402 [acie

2206 2425 2411 2479 Domini
2445 2426 2540 2481 Dei
2567 2427 2620 2480 in
2659 2427 2820 2481 medio
2855 2429 2978 2498 ligni
3005 2427 3252 2497 paradisi.
3303 2426 3522 2494 Quanta:
3569 2426 3668 2480 hoc
3713 2436 3802 2482 est

2205 2516 2521 2586 insipientia:
2544 2558 2560 2583 ,
2591 2518 2731 2587 quod
2757 2533 2787 2571 a
2818 2517 2926 2572 Deo
2947 2557 2963 2582 ,
2995 2517 3083 2586 qui
3129 2517 3325 2587 ubique
3362 2532 3596 2588 prxesens
3619 2526 3699 2572 est
3723 2558 3738 2581 ,
3764 2533 3797 2571 a

2205 2605 2462 2662 Creatore
2486 2648 2502 2673 ,
2547 2608 2634 2676 qui
2663 2625 2728 2662 ex
2761 2608 2927 2661 nihilo
2956 2623 3042 2662 res
3072 2616 3132 2662 ut
3161 2617 3338 2662 essent
3368 2607 3657 2678 produxit,
3704 2609 3796 2678 qui

2211 2697 2524 2752 abscondita
2550 2699 2651 2752 scit
2687 2696 2706 2770 (
2735 2697 2890 2751 Psal.
2924 2698 3012 2752 '52.
3061 2699 3130 2752 15
3151 2696 3200 2767 ),
3229 2698 3317 2767 qui
3349 2697 3499 2751 finxit
3527 2697 3803 2766 sigillatim

2204 2789 2365 2843 corda
2395 2789 2668 2843 hominum
2689 2829 2705 2856 ,
2733 2797 2786 2842 ct
2813 2787 3061 2858 intelligit
3085 2788 3261 2842 omnia
3289 2802 3449 2856 opera
3467 2802 3674 2852 eorum,
3702 2789 3792 2856 qui

2203 2887 2472 2933 scrutatur
2511 2878 2672 2934 corda
2711 2887 2765 2933 et
2793 2893 2952 2933 renes
2991 2876 3178 2947 (Psal.
3223 2877 3274 2930 7.
3307 2875 3444 2947 10),
3488 2876 3577 2946 qui
3632 2876 3796 2931 etiam

2204 2970 2348 3039 ipsos
2375 2970 2550 3025 cordis
2574 2980 2752 3025 motus
2775 2971 3068 3040 cognoscit,
3109 2968 3435 3023 abscondere
3455 2983 3514 3021 se
3534 2977 3795 3022 conentur

2205 3061 2394 3134 (Psal.
2425 3065 2516 3118 45.
2545 3063 2617 3117 22
2638 3061 2822 3135 )?Sed
2861 3079 2930 3118 ne
2959 3062 3171 3118 mireris
3191 3103 3205 3127 ,
3237 3061 3432 3116 dilecte
3460 3078 3473 3113 :
3501 3061 3624 3115 talis
3649 3062 3790 3116 enim

2205 3156 2530 3224 peccantium
2559 3156 2890 3210 consuetudo
2913 3164 3032 3217 est.
3064 3164 3124 3208 ut
3149 3154 3361 3208 tametsi
3390 3153 3648 3206 occultari
3679 3168 3786 3206 non

2207 3245 2431 3314 possint,
2455 3245 2713 3300 occultari
2740 3257 2914 3300 tamen
2943 3244 3124 3306 velint,
3145 3252 3198 3297 et
3227 3243 3495 3296 studeant.
3527 3241 3592 3296 Ut
3611 3251 3787 3296 autem

2203 3338 2341 3392 scias
2366 3351 2461 3392 eos
2490 3352 2596 3392 non
2641 3336 2870 3391 ferentes
2899 3333 3153 3404 pudorem
3177 3375 3193 3400 ,
3221 3348 3326 3402 quo
3365 3343 3485 3402 post
3515 3341 3784 3402 peccatum

2201 3441 2320 3482 sese
2343 3426 2694 3490 suli‘uderant,
2720 3426 2902 3480 nudati
2933 3423 3314 3493 incorruptibili
3344 3424 3433 3477 illa
3462 3423 3620 3494 gloria
3639 3463 3654 3486 ,
3683 3420 3784 3476 hoc

2202 3517 2409 3582 fecisse,
2442 3516 2722 3572 considera
2749 3517 2834 3572 ubi
2856 3517 3222 3581 occultentur;
3255 3517 3307 3569 in
3333 3515 3509 3570 medio
3538 3513 3782 3582 paradisi.

2201 3605 2334 3660 Nam
2360 3607 2503 3660 sicut
2529 3606 2852 3661 verberones
2878 3615 2931 3660 et
2958 3605 3146 3675 ingrati
3175 3603 3389 3674 quidam
3423 3604 3636 3668 famuli,
3667 3619 3786 3657 cum

2202 3711 2306 3751 non
2331 3697 2538 3766 possint
2565 3711 2623 3752 se
2652 3697 2718 3751 ab
2744 3696 2872 3751 hero
2901 3710 3000 3750 suo
3027 3697 3298 3751 occultare
3321 3737 3336 3761 ,
3364 3695 3468 3750 huc
3500 3704 3552 3750 et
3583 3695 3705 3748 illuc
3734 3694 3787 3748 in

2201 3789 2425 3858 angulos
2447 3789 2635 3843 domus
2658 3803 2874 3844 currere
2899 3788 3110 3852 solent,
3141 3797 3284 3843 metu
3319 3787 3527 3840 illorum
3553 3786 3786 3840 animum

2200 3880 2538 3935 concutiente
2567 3897 2579 3932 :
2614 3879 2683 3934 ita
2725 3887 2780 3934 et
2806 3879 2859 3932 hi
2894 3878 3096 3932 nullum
3125 3877 3455 3932 invenientes
3497 3876 3744 3946 ell‘ugium
3770 3917 3788 3940 ,

2205 3972 2258 4026 in
2290 3973 2401 4042 ipsa
2428 3973 2608 4038 domo,
2634 3970 2898 4040 paradiso,
2930 3973 3144 4039 inquam
3168 4010 3182 4032 ,
3211 3970 3658 4039 circumaguntur.
3682 3967 3790 4023 Nec

2201 4063 2404 4134 absque
2445 4063 2652 4118 ratione
2683 4071 2891 4130 tempus
2918 4062 3223 4130 assignatur
3250 4077 3264 4113 :
3296 4060 3576 4114 Audierant
3604 4059 3744 4114 enim
3768 4099 3788 4126 ,

2202 4154 2368 4224 inquit
2394 4194 2409 4221 ,
2432 4169 2601 4208 uocem
2631 4151 2839 4208 Domini
2868 4151 2964 4206 Dei
2993 4152 3358 4206 deambulantis
3394 4152 3445 4203 in
3475 4151 3714 4220 paradiso
3730 4151 3784 4203 in

2200 4245 2410 4300 meridie
2440 4261 2459 4299 :
2482 4245 2576 4300 sed
2604 4253 2659 4298 ut
2686 4244 2861 4299 discas
2891 4243 3100 4298 Domini
3125 4243 3524 4312 benignitatem,
3553 4243 3692 4312 quod
3716 4257 3786 4298 ne

2203 4337 2470 4391 modicum
2509 4335 2724 4406 quidem
2748 4335 3052 4401 distulerit,
3079 4335 3172 4390 sed
3200 4350 3321 4389 mox
3345 4376 3360 4398 ,
3392 4345 3446 4388 ut
3479 4335 3608 4389 vidit
3644 4337 3783 4404 quod

2203 4427 2395 4482 factum
2419 4438 2554 4493 erat,
2583 4437 2638 4483 et
2660 4429 2853 4482 ulceris
2874 4427 3310 4497 magnitudinem,
3334 4427 3399 4480 ad
3421 4428 3785 4496 Opitulandum

2201 4517 2527 4572 festinaverit
2551 4559 2566 4584 ,
2596 4526 2652 4571 ut
2693 4533 2759 4571 ne
2799 4518 2950 4572 ulcus
2977 4516 3273 4586 grassando
3305 4517 3456 4572 fieret
3495 4518 3787 4572 incurabile

2202 4610 2432 4664 vulnus:
2465 4609 2663 4664 idcirco
2698 4616 2757 4663 ut
2783 4609 3076 4679 praeveniat
3100 4610 3362 4662 accelerat
3386 4648 3402 4673 ,
3441 4618 3496 4662 et
3534 4609 3788 4662 velociter

2202 4705 2462 4760 crescenti
2491 4703 2652 4758 ulceri
2681 4703 2863 4768 adest,
2891 4717 2953 4756 ac
2979 4717 3074 4771 pro
3115 4717 3209 4756 sua
3239 4701 3479 4756 bonitate
3515 4715 3687 4770 neque
3717 4701 3784 4755 ad

2203 4812 2420 4866 parvum
2451 4804 2656 4865 tempus
2681 4811 2710 4848 a
2730 4810 2855 4849 cura
2881 4809 2977 4848 sua
3006 4793 3150 4848 illum
3175 4793 3486 4847 destitutum
3513 4793 3785 4863 relinquit.

2203 4887 2334 4942 Nam
2364 4896 2560 4942 tantam
2593 4901 2700 4956 pra:
2727 4901 2785 4940 sc
2809 4885 3010 4940 ferebat
3039 4883 3240 4938 rabiem
3262 4885 3450 4938 salutis
3469 4892 3663 4937 nostra:
3691 4881 3788 4936 ini-

2203 4980 2387 5042 micus,
2419 4979 2510 5048 qui
2545 4992 2757 5047 semper
2780 4977 2976 5032 nostris
3006 4975 3158 5030 bonis
3185 4974 3414 5039 invidet,
3442 4983 3500 5028 ut
3525 4988 3653 5028 mox
3692 4972 3792 5027 sub

2205 5069 2415 5126 initium
2442 5070 2722 5125 moliretur
2747 5069 2998 5135 insidias,
3031 5078 3085 5124 et
3119 5082 3216 5122 suo
3244 5066 3543 5136 pernicioso
3567 5065 3792 5120 consilio

2204 5160 2347 5230 ipsos
2373 5159 2668 5216 admirabili
2695 5161 2782 5214 illa
2812 5159 2914 5213 vita
2943 5159 3196 5228 privaret.
3224 5157 3330 5214 Sed
3357 5157 3527 5212 solers
3552 5157 3642 5211 ille
3663 5156 3798 5211 arti--

2203 5252 2289 5306 fex
2323 5251 2485 5319 Deus,
2512 5252 2600 5320 qui
2625 5265 2721 5305 sua
2748 5250 3005 5320 sapientia
3027 5265 3116 5304 res
3143 5258 3354 5303 nostras
3379 5247 3686 5317 dispensat,
3708 5245 3789 5300 vi-

2201 5342 2335 5398 dens
2360 5342 2557 5398 diaboli
2583 5343 2989 5412 malignitatem,
3015 5351 3070 5396 et
3096 5341 3328 5396 hominis
3355 5341 3660 5410 segnitiem,
3689 5355 3790 5409 qua

2203 5450 2300 5503 per
2319 5435 2596 5490 mulierem
2613 5432 2889 5503 deceptus,
2907 5433 2960 5486 in
2978 5441 3176 5488 tantam
3200 5431 3384 5486 incidit
3403 5430 3791 5494 confusuonem,

2206 5540 2326 5579 mox
2353 5524 2538 5586 adest,
2571 5532 2625 5578 et
2662 5523 2811 5592 quasi
2841 5530 3148 5579 mansuetus
3177 5529 3231 5575 et
3264 5521 3526 5591 benignus
3549 5519 3712 5589 judex
3739 5519 3794 5572 in

2205 5615 2453 5669 tribunali
2480 5623 2684 5669 terrore
2719 5622 2774 5668 ct
2799 5612 3022 5668 horrore
3048 5612 3206 5682 pleno
3231 5610 3422 5676 sedet,
3447 5619 3500 5664 et
3529 5609 3796 5665 examinat

2205 5703 2486 5774 diligenter
2511 5721 2522 5756 :
2546 5718 2640 5774 per
2667 5703 2770 5760 hoc
2809 5718 2906 5758 nos
2932 5701 3175 5757 docendo
3197 5741 3213 5769 ,
3259 5723 3324 5762 ne
3355 5716 3681 5773 congeneres
3712 5716 3798 5752 nu-
