4074 6134
454 265 555 319 ἴδ’]

465 381 743 454 ὁμογενεῖς
773 375 1174 441 καταδικάζειν,
1225 375 1353 446 πρὶν
1398 374 1465 428 ἂν
1507 373 1708 445 ἀκριϐῆ
1753 374 1852 444 τὴν
1886 373 2130 437 ἐξέτασιν

467 464 838 539 ποιησώμεθα.

536 562 604 624 γ’.
643 550 983 618 ’.ἀκούσωμεν
1024 549 1224 610 τοίνυν,
1255 549 1303 601 εί
1334 549 1499 610 δοκεῖ,
1531 548 1652 601 τίνα
1684 551 1781 618 μὲν
1814 549 1842 601 6
1876 545 2134 615 δικαστὴς

462 638 735 711 ἐπερωτᾷ,
764 636 885 689 τίνα
911 635 968 689 δέ
1003 635 1052 688 οί
1097 635 1377 689 κατάδικοι
1406 634 1814 707 ἀποκρίνονται,
1854 633 1945 686 καὶ
1975 631 2133 693 ποίας

463 725 728 796 τιμωρίας
749 723 1013 792 δέχονται,
1032 722 1126 775 καὶ
1159 724 1289 794 ποία
1311 722 1578 793 καταδίκῃ
1600 720 1898 784 ὑπεύθυνος
1926 721 2133 788 γίνεται

458 816 490 867 6
515 812 611 883 τὴν
631 811 898 880 τοσαύτην
921 810 1213 881 ἐπιϐουλὴν
1234 813 1312 874 εἰς
1332 810 1530 873 αὐτοὺς
1560 809 1955 882 ἐργασάμενος.
1974 805 2133 861 ’Δλλά

460 898 771 952 συντείνατέ
810 915 921 968 μοι,
941 897 1263 968 παρακαλῶ,
1283 896 1380 964 τὴν
1412 888 1669 959 διάνοιαν,
1691 895 1784 949 καὶ
1817 893 1904 948 διὰ
1936 891 2130 945 πολλοῦ

459 982 555 1038 τοῦ
586 983 751 1053 φόϐου
800 987 914 1047 τοῖς
951 984 1265 1054 λεγομένοις
1300 984 1700 1054 προσέχετε.Εἰ
1737 981 1846 1053 γὰρ
1874 981 2132 1050 δικαστὴν

458 1070 690 1140 ὁρῶντες
712 1070 950 1140 ἐπίγειον
966 1072 1050 1139 ἐφ’
1067 1070 1270 1141 ὑψηλοῦ
1291 1071 1532 1141 βήματος
1552 1070 1880 1141 καθήμενον,
1895 1070 1987 1122 καὶ
2006 1068 2132 1132 τοὺς

461 1157 784 1220 καταδίκους
804 1159 885 1221 εἰς
903 1158 1064 1228 μέσον
1085 1159 1304 1225 ἄγοντα,
1320 1158 1413 1211 καὶ
1440 1156 1852 1223 καταξαίνοντα,
1865 1156 2131 1225 καὶτιμω·

462 1242 744 1313 ρούμενον,
770 1244 906 1314 μετὰ
934 1244 1130 1297 πολλοῦ
1154 1245 1247 1297 τοῦ
1273 1244 1426 1307 δέους
1449 1244 1872 1314 παρεστήκαμεν
1899 1241 2129 1294 ἀκοῦσαι

463 1331 795 1401 βουλόμενοι,
823 1331 877 1385 τί
915 1331 1013 1402 μὲν
1048 1334 1076 1384 6
1099 1331 1359 1402 δικαστὴς
1404 1330 1572 1400 λέγει,
1602 1331 1655 1383 τί
1695 1330 1751 1383 δὲ
1778 1333 1806 1382 6
1833 1328 2129 1392 ὑπεύθυνος

460 1419 853 1490 ἀποκρίνεται·
903 1418 1086 1489 πολλῷ
1123 1419 1321 1489 μᾶλλον
1345 1418 1441 1474 νῦν
1466 1415 1624 1472 τοῦτο
1667 1419 1838 1471 ποιεῖν
1880 1417 2026 1487 ἡμᾶς
2049 1414 2128 1468 δί-

459 1524 634 1571 καιον,
674 1507 915 1577 ὁρῶντας
944 1508 1035 1561 τὸν
1067 1507 1411 1579 Δημιουργὸν
1440 1508 1538 1577 τῆς
1574 1505 1788 1575 φύσεως
1817 1504 1970 1575 δίκην
2017 1504 2127 1555 εἰσ-

461 1593 831 1665 πραττόμενον
865 1593 974 1646 τῶν
1004 1593 1094 1647 ὑπ’
1118 1594 1282 1647 αὑτοῦ
1312 1591 1844 1664 δημιουργηθέντων.
1871 1590 2008 1644 Ἀλλ’
2031 1589 2126 1642 ἐὰν

458 1680 763 1749 προσέχητε
799 1681 937 1750 μετὰ
968 1680 1273 1750 ἀκριϐείας,
1305 1679 1500 1749 δψεσθε
1535 1679 1700 1732 πόσον
1732 1678 1793 1731 τὸ
1835 1677 1997 1748 μέσον
2025 1676 2125 1745 τῆς

455 1764 551 1818 τοῦ
571 1764 705 1818 Θεοῦ
729 1765 1158 1834 φιλανθρωπίας,
1177 1765 1388 1835 καὶτῆς
1402 1765 1509 1818 τῶν
1528 1764 1828 1836 ἀνθρώπων
1851 1781 1916 1816 πε
1925 1762 1977 1834 ρὶ
1998 1763 2124 1827 τοὺς

454 1852 738 1921 ὁμογενεῖς
780 1852 1203 1922 αὐστηρότητος.
1235 1852 1341 1904 Καὶ
1380 1851 1636 1906 ἐκάηῆεσε
1666 1852 1880 1920 Κύριος
1919 1853 1951 1904 ό
1981 1849 2124 1914 Θεὸς

455 1938 562 1992 τὸν
589 1939 779 2007 Ἀδὰμ,
819 1939 916 1992 καὶ
949 1941 1117 1993 εἶπεν
1139 1939 1318 2003 αὐτῷ.
1352 1938 1542 2008 Ἀδὰμ,
1570 1938 1689 1992 ποῦ
1719 1935 1804 2003 sl;
1843 1937 1930 2002 Ἐξ
1954 1937 2122 2006 αὐτῆς

456 2028 558 2096 τῆς
598 2030 916 2099 ἐρωτήσεως
960 2027 1107 2092 ἄξιον
1141 2028 1478 2098 ἐκπλαγῆναι
1516 2027 1611 2080 τοῦ
1646 2025 1780 2080 Θεοῦ
1817 2025 1914 2096 τὴν
1951 2026 2121 2096 ὑπερ-

454 2114 756 2167 ϐάλλουσαν
792 2113 1235 2185 φιλανθρωπίαν,
1271 2116 1370 2185 οὐχ
1400 2116 1481 2167 ὃτι
1513 2113 1742 2168 ἐκάλεσε
1790 2112 1969 2183 μόνον,
2004 2111 2119 2165 ἀλλ’

451 2202 535 2254 ὅτι
561 2201 656 2255 καὶ
683 2201 749 2255 δι’
772 2201 966 2255 ἑαυτοῦ
998 2202 1253 2255 ἐκάλεσεν
1275 2219 1286 2232 ·
1311 2202 1447 2272 ὅπερ
1470 2201 1746 2271 ἄνθρωποι
1768 2201 1866 2252 οὐκ
1894 2198 1959 2251 ἀν
1988 2214 2119 2249 ποτε

452 2288 774 2358 ἀνάσχοιντο
813 2290 905 2341 ἐπὶ⁵
933 2288 1040 2341 τῶν
1084 2286 1380 2359 ὁμογενῶν,
1412 2287 1506 2340 καὶ
1539 2288 1637 2356 τῆς
1674 2287 1841 2354 αὐτῆς
1884 2285 2064 2345 αὐτοῖς
2090 2294 2117 2323 ει

452 2375 666 2443 φύσεως
690 2375 1109 2430 κοινωνούντων.
1136 2377 1278 2428 Ἴστε
1306 2374 1412 2446 γὰρ
1437 2375 1542 2438 ὅτι,
1566 2371 1783 2426 ἐπειδὰν
1807 2372 1892 2441 ἐφ’
1915 2370 2116 2441 ὑψηλοῦ

450 2461 546 2514 τοῦ
589 2461 833 2532 βήματος
883 2461 1182 2532 καθήμενοι
1231 2461 1387 2531 δίκην
1438 2461 1857 2531 εἰσπράττονται
1895 2459 2019 2521 τοὺς
2048 2456 2116 2511 τά

450 2547 630 2616 φαῦλα
662 2548 1099 2619 ἐργασαμένους,
1126 2548 1226 2601 οὐκ
1276 2547 1517 2612 ἀξιοῦσιν
1548 2546 1742 2610 αὐτοὺς
1773 2545 1873 2614 τῆς
1911 2545 2117 2609 οἰκείας

448 2635 816 2707 ἀποκρίσεως,
839 2636 933 2690 καί
957 2635 1045 2689 διὰ
1063 2634 1219 2690 τοῦτο
1243 2633 1547 2697 δεικνύντες
1572 2633 1772 2697 αὐτοῖς,
1794 2632 1892 2703 ὅσῃ
1922 2631 2116 2702 ἀτιμία

449 2723 676 2785 ἑαυτοὺς
698 2723 1016 2791 περιέϐαλον
1035 2722 1123 2776 διά
1145 2723 1245 2794 τῆς
1264 2721 1373 2775 τῶν
1396 2721 1646 2792 πονηρῶν
1673 2718 1924 2792 πράξεων
1951 2722 2115 2790 ἐργα-

450 2808 573 2872 σίας
596 2826 609 2839 ο
644 2809 758 2863 ἀλλ’
790 2810 818 2862 6
858 2809 958 2880 μὲν
1001 2809 1261 2880 δικαστὴς
1293 2809 1664 2880 ἀποκρίνεται,
1707 2807 1891 2878 ἔτερος
1939 2805 1995 2858 δέ
2029 2822 2114 2868 τις

449 2896 618 2960 ἐστὼς
645 2896 946 2961 διαϐιϐάζει
983 2897 1052 2951 τά
1086 2896 1237 2968 παρὰ
1277 2895 1371 2949 τοῦ
1409 2893 1661 2949 δικαστοῦ
1694 2893 1773 2964 τῷ
1803 2892 2110 2961 ὑπευθύνῳ,

447 2985 539 3037 καὶ
561 2986 628 3038 τά
657 2989 785 3056 παρ’
815 2985 1023 3040 ἐκείνου
1048 2986 1210 3039 πάλιν
1231 2984 1713 3057 διαπορθμεύειτῷ
1738 2985 1964 3056 δικαστῇ
1984 3000 1995 3013 '
2021 2983 2112 3037 καὶ

444 3073 683 3127 τοιοῦτον
710 3072 775 3127 ἂν
808 3074 907 3127 ἴδοι
948 3091 1033 3137 τις
1070 3075 1178 3128 τῶν
1208 3075 1536 3138 δικαζόντων
1570 3072 1846 3144 πανταχοῦ
1884 3073 1944 3125 16
1967 3071 2108 3136 ἔθος.

461 3148 596 3215 Ἀλλ’
619 3163 647 3215 6
674 3161 804 3225 Θεὸς
841 3162 941 3231 οὐχ
966 3161 1158 3225 οὑτως,
1192 3161 1330 3216 ἀλλὰ
1355 3162 1440 3228 τί;
1471 3162 1642 3225 Αὐτὸς
1679 3161 1745 3214 δι’
1780 3160 1976 3215 ἐαυτοῦ
2012 3179 2112 3214 κα-

443 3249 558 3301 λεῖ⁸
594 3248 703 3303 Καὶ
726 3248 1002 3314 ἐκάλεσε,
1032 3253 1185 3321 φησὶ,
1208 3252 1423 3320 Κύριος
1447 3255 1480 3304 ὀ
1508 3252 1652 3316 Θεὸς
1673 3251 1780 3305 τόν
1814 3250 1986 3321 Ἀδὰμ
2013 3250 2111 3306 καὶ

440 3329 612 3388 εἶπεν
639 3335 820 3401 αὐτῷ,
856 3336 1046 3407 Ἀδὰμ,
1073 3337 1191 3392 ποῦ
1219 3335 1310 3401 εῒ;
1334 3339 1474 3410 Ὅρα
1502 3340 1640 3411 πόση
1668 3339 1894 3410 δύναμις
1915 3340 2111 3394 ἐναπό-

444 3438 622 3476 κειται
650 3423 707 3476 ἐν
739 3426 805 3493 τῇ
844 3422 1073 3496 βραχείᾳ
1106 3424 1277 3497 ταύτῃ
1310 3424 1472 3490 λέξει.
1514 3427 1624 3479 Καὶ
1664 3427 1796 3481 αὑτὸ
1828 3427 1980 3500 [157]
2012 3428 2110 3498 μέν

444 3510 554 3581 γὰρ
581 3510 641 3564 16
669 3510 895 3565 καλέσαι
938 3511 1140 3582 πολλῆς
1176 3513 1270 3566 καὶ
1315 3513 1522 3583 ἀφάτου
1556 3514 1985 3586 φιλανθρωπίας,
2014 3516 2109 3570 καὶ

443 3600 503 3652 16
527 3598 604 3670 τῷ
638 3601 1139 3672 καταισχυνομένῳ,
1169 3602 1264 3656 καὶ
1299 3603 1433 3674 μηδὲ
1466 3599 1596 3676 ἆραι
1621 3604 1650 3644 ι)
1686 3604 1747 3658 16
1784 3606 1958 3677 στόμα
1987 3605 2110 3659 τολ·

444 3688 636 3758 μῶντι,
689 3688 823 3759 μηδέ
859 3686 1116 3754 διανοῖξαι
1150 3690 1414 3759 γλῶτταν,
1459 3692 1555 3746 καὶ
1607 3694 1863 3766 ἀφορμὴν
1901 3695 2105 3760 δοῦναι,

438 3775 525 3829 διὰ
549 3778 648 3845 τῆς
681 3778 1022 3848 ἐρωτήσεως,
1055 3777 1258 3849 πολλῆς
1295 3779 1628 3853 ἀγαθότητος
1655 3798 1668 3812 ·
1699 3782 1758 3836 τὸ
1797 3782 1855 3837 δὲ
1895 3784 1988 3837 καὶ
2016 3783 2104 3837 λέ-

438 3880 577 3931 γειν,
602 3864 726 3919 Ποῦ
745 3862 833 3929 st;
860 3866 1058 3938 πολλὴν
1080 3866 1191 3938 ἔχει
1212 3868 1310 3939 τὴν
1335 3868 1486 3939 ίσχὺν
1510 3868 1648 3939 μετὰ
1671 3870 1772 3940 τῆς
1802 3871 2107 3942 φιλανθρω-

438 3952 585 4015 πίας.
611 3954 905 4023 Μονονουχί
935 3954 1043 4025 γάρ
1083 3954 1375 4007 αἰνίττεται
1418 3955 1565 4025 αὑτῷ
1596 3957 1682 4010 διὰ
1714 3957 1901 4011 τούτου
1931 3960 2105 4027 λέγων

438 4039 574 4110 πρὸς
611 4030 801 4095 αὐτόν’
843 4041 909 4094 Τί
954 4040 1216 4109 γέγονεν;
1255 4041 1511 4111 Ἑτέρωθί
1554 4060 1613 4095 σε
1658 4044 1971 4113 κατέλιπον,
2012 4049 2105 4102 καὶ

435 4126 663 4197 ἑτέρωθι
692 4127 788 4180 νῦν
814 4127 1057 4198 εὑρίσκω
1078 4143 1089 4158 ·
1124 4127 1287 4199 ἐτέρᾳ
1317 4128 1441 4199 δόξῃ
1475 4129 1844 4199 ἠμφιεσμένον
1885 4134 2107 4188 καταλι-

437 4208 575 4272 πὼν,
604 4210 699 4264 νῦν
730 4204 888 4282 εὑρον
924 4213 983 4264 ἐν
1009 4212 1329 4283 γυμνότητι.
1365 4213 1489 4267 Ποῦ
1516 4210 1606 4278 sl;
1644 4215 1814 4270 Πόθεν
1854 4235 1936 4271 σοι
1974 4237 2092 4273 συν·

434 4297 532 4366 έϐη
562 4296 751 4364 τοῦτο;
784 4297 879 4361 Τίς
906 4314 965 4350 σε
990 4300 1070 4362 είς
1092 4299 1357 4353 τοσαύτην
1380 4302 1555 4372 ήγαγε
1585 4302 1916 4377 μεταϐολήν;
1945 4308 2102 4363 "oio:

432 4384 635 4457 λῃστὴς
655 4384 748 4438 καὶ
775 4386 1107 4457 τοιχωρύχος
1143 4385 1314 4452 οὕτως
1340 4388 1535 4462 ἀθρόον
1564 4391 1783 4445 ἃπασαν
1812 4392 1906 4445 τοῦ
1933 4393 2095 4447 πλού-

430 4489 526 4526 του
569 4472 669 4542 τὴν
701 4474 1017 4544 περιουσίαν
1047 4475 1413 4548 ἀφελόμενος,
1461 4479 1522 4532 ἐν
1565 4479 1797 4552 τοσαύτῃ
1832 4497 1891 4534 σε
1940 4483 2099 4556 πενίᾳ

429 4558 761 4631 κατέστησε-,ς
788 4560 954 4615 Πόθεν
973 4579 1054 4617 σοι
1074 4564 1173 4635 τῆς
1196 4565 1526 4636 γυμνώσεως
1547 4568 1579 4639 ή
1602 4568 1855 4640 αίόνθησις
1875 4570 2096 4641 γέγονε;

429 4645 526 4711 Τίς
560 4664 641 4700 σοι
684 4647 858 4712 αἴτιος
889 4651 989 4721 τῆς
1019 4650 1358 4722 ἀφαιρέσεως
1394 4654 1488 4706 τοῦ
1521 4653 1834 4725 θαυμαστοῦ
1884 4658 2094 4711 ἐκείνου

426 4733 745 4806 ἐνδύματος,
778 4735 806 4789 6
846 4737 1308 4810 περιϐεϐλημένος
1347 4739 1673 4810 ἐτύγχανες;
1696 4743 1793 4807 Τίς
1841 4746 1874 4815 ή
1923 4743 2095 4815 ἀθρόα

425 4821 565 4894 α’ύτη
619 4823 927 4895 μεταϐολή;
985 4825 1121 4878 Ποία
1181 4826 1434 4894 καταιγὶς
1465 4827 1607 4881 οὕτω
1641 4830 1843 4904 σφοδρά
1883 4834 2095 4904 ταχέως

425 4908 643 4965 ἅπαντά
672 4928 767 4965 σου
800 4911 891 4965 τὸν
926 4912 1124 4982 φόρτον
1159 4913 1457 4979 κατέδυσε;
1491 4915 1557 4968 Τί
1589 4916 1848 4986 γέγονεν,
1889 4920 1971 4973 ὅτι
1999 4923 2091 4975 τὸν

421 4995 658 5050 τοσαῦτα
707 4997 1164 5070 εὐεργετήσαντα,
1193 4999 1289 5052 καὶ
1326 5001 1408 5064 εἰς
1447 5001 1717 5074 τοσαύτην
1749 5005 2092 5076 ἀναγαγόντα

419 5081 587 5150 τιμὴν
621 5082 957 5153 κρύπτεσθαι
987 5086 1311 5156 ἐπιχειρεῖς;
1339 5085 1470 5140 Τίνα
1497 5087 1747 5155 δεδοικὼς
1770 5088 1864 5144 νῦν
1892 5092 2090 5148 λανθάο

419 5183 533 5220 νειν
575 5169 927 5249 σπουδάζεις;
976 5171 1067 5243 Μὴ
1104 5173 1213 5245 γάρ
1265 5176 1570 5247 κατήγορος
1618 5176 1969 5250 παρέστηκε;
2012 5182 2088 5254 μή

419 5255 527 5327 γάρ
562 5256 842 5339 μάρτυρες
870 5259 1239 5332 ἐφεστήκασι;
1279 5262 1450 5318 Πόθεν
1483 5281 1566 5317 σοι
1595 5267 1628 5336 ή
1653 5266 1890 5338 τοσαύτη
1916 5268 2087 5324 δειλία

420 5343 558 5396 καὶὸ
586 5343 749 5411 φόϐος
778 5348 1180 5421 κατεσκεδάσθη
1209 5361 1268 5417 c;
1306 5349 1421 5420 Τῆς
1441 5352 1646 5421 φωνῆς
1677 5369 1793 5408 σου
1824 5355 2083 5424 ἥκουσα,

415 5430 569 5499 φησὶ,
611 5433 1078 5502 περιπατοῦντος
1114 5437 1185 5490 ἐν
1211 5436 1291 5504 τῷ
1332 5439 1691 5509 παραδείσῳ,
1733 5444 1831 5496 καὶ
1863 5444 2082 5514 ἐφοϐή-

414 5518 532 5604 θην
586 5515 696 5604 ὅτι
734 5521 959 5588 γυμνός
1007 5524 1155 5593 εἰμι,
1210 5525 1311 5579 καὶ
1355 5526 1630 5597 ἐκρύόην.
1684 5529 1855 5584 Πόθεν
1906 5549 1987 5586 σοι
2048 5535 2081 5604 ή

413 5602 613 5687 γνῶσις
650 5603 751 5673 τῆς
795 5606 1126 5678 γυμνώσεως
1166 5610 1423 5680 γέγονεν;
1466 5615 1589 5668 εἰπέ
1620 5634 1742 5687 μοι·
1778 5617 1831 5670 τί
1872 5617 1934 5671 16
1962 5602 2082 5673 και-ξ

410 5685 499 5774 νὺν
534 5689 636 5774 καὶ
666 5693 1002 5764 παράδοξονς
1045 5697 1142 5760 Τίς
1172 5695 1239 5750 ἂν
1279 5698 1436 5752 τοῦτο
1468 5685 1707 5771 ἠδυνήθη
1749 5704 1877 5757 ποτέ
1913 5705 2081 5774 ἀναγ-

475 5772 1120 5848 ξεμοΐειιὶὸπῇ-ἀνθρώπων
1144 5799 1229 5848 τις.
1261 5783 1612 5848 ..ἀνάσχοιταυ
1638 5787 1786 5848 αὐτῷ.
1823 5787 1852 5827 b
1876 5789 1999 5848 Reg.
2028 5772 2079 5839 εἰ

510 5804 702 5843 ἰυιυιςι.
729 5804 843 5842 υηερ
865 5804 1120 5844 ανυρωπων
1144 5804 1229 5839 τις.
1261 5820 1273 5831 .
1296 5804 1612 5845 ανασχοιτο...
1638 5804 1786 5848 αυτῳ.
1824 5804 1852 5827 η
1876 5804 1946 5837 ne
1989 5828 1999 5838 .
2028 5804 2074 5839 ει

414 5831 561 5914 εαξη.
619 5839 750 5914 μηιδέλ
782 5841 953 5905 διᾶραι.
1008 5844 1118 5892 Mox
1183 5845 1332 5894 Savil.
1382 5851 1569 5902 κινῆσαι
1614 5849 1840 5913 γλῶτταν,
1908 5804 2074 5912 σῇρε.

416 5900 781 5959 κατεσχεδιάσθη
791 5938 801 5949 .

1188 262 1245 316 5.
1280 258 1563 316 JOANNIS
1601 254 2093 314 CHRYSOSTOMI
2128 253 2445 311 ARCHIEP.
2483 252 3032 310 CONSTANTINOP.

3823 260 3924 320 I38

2239 370 2417 439 γεῖλαί
2451 386 2563 432 σοι,
2604 370 2652 421 εί
2700 368 2775 439 μὴ
2815 370 2879 421 σὺ
2916 368 3098 439 σαυτῷ
3140 367 3343 439 ταύτης
3383 367 3555 433 αἴτιος
3594 370 3782 440 ἐγένου
3813 376 3920 445 τῆς

2237 456 2499 527 αἰσχύνης
2524 472 2537 518 ;
2577 456 2625 507 εἰ
2651 454 2725 525 μὴ
2747 454 2854 507 ἀπὸ
2874 454 2966 507 τοῦ
2999 454 3177 519 ξύλου.
3211 449 3270 510 οὗ
3300 457 3653 528 ἐνετειλάμην
3678 476 3762 513 σοι
3788 463 3920 520 τούς

2229 552 2329 590 του
2369 535 2531 606 μόνου
2574 533 2648 606 μὴ
2689 536 2902 603 φαγεῖν,
2939 533 3033 586 ἀπ’
3071 535 3235 588 αὑτοῦ
3270 533 3504 605 ἔφαγεςς
3534 536 3677 610 Ὅρα
3712 540 3914 608 φιλαν.

2235 618 2479 691 θρωπίαν
2502 618 2772 671 Δεσπότου
2803 620 2897 672 καὶ
2930 616 3279 685 ἀνεξικακίας
3303 622 3628 696 ὑπερϐολήν.
3663 626 3916 697 Δυνάμε-

2234 718 2324 764 νος
2352 700 2460 771 γὰρ
2484 699 2684 762 εὐθέως
2741 699 2875 770 μηδέ
2915 700 3261 774 ἀποκρίσεως
3303 702 3532 771 ἀξιῶσαι
3561 705 3650 761 16v
3670 710 3915 765 τοσαῦτα

2234 777 2612 852 ἡμαρτηκότα,
2639 779 2756 833 ἀλλ’
2783 781 2888 834 ὑπὸ
2909 781 2969 834 16
2990 781 3267 853 ἐπιτίμιον
3293 784 3537 852 ἀγαγεῖν,
3565 786 3594 839 6
3616 788 3912 858 προλαϐὼν

2235 862 2454 934 ὥρισεν,
2505 865 2553 915 εί
2601 862 2899 935 παραϐαίη,
2931 864 3295 936 μακροθυμεῖ,
3338 867 3434 919 καὶ
3487 867 3762 938 ἀνέχεται,
3811 873 3913 927 καὶ

2234 946 2431 1016 ἐρωτᾷ,
2471 945 2565 998 καὶ
2611 946 2900 1016 ἀπόκρισιν
2926 946 3158 1014 δέχεται,
3196 947 3291 1000 καί
3316 947 3475 1001 πάλιν
3510 950 3688 1021 ἐρωτᾷ
3715 969 3912 1022 μονον-

2230 1027 2351 1097 ουχὶ
2387 1027 2466 1090 εἰς
2511 1025 2803 1094 ἀπολογίαν
2848 1026 3009 1079 αὐτὸν
3049 1027 3476 1093 ἐκκαλούμενος,
3522 1030 3609 1083 ἰνα
3648 1033 3911 1105 ἀφορμὴν

2231 1105 2434 1170 λαϐὼν,
2462 1106 2562 1178 τὴν
2595 1106 2803 1161 οἰκείαν
2839 1107 3248 1179 φιλανθρωπίαν
3289 1110 3383 1164 καί
3421 1112 3559 1180 μετά
3582 1112 3683 1184 τὴν
3705 1115 3912 1168 τοσαύ-

2231 1204 2329 1258 την
2360 1188 2668 1262 παράϐασιν
2699 1190 2827 1259 περὶ
2856 1189 3018 1243 αὑτὸν
3045 1190 3373 1261 ἐπιδείξηται
3397 1208 3414 1224 ·
3459 1193 3724 1248 παιδεύων
3752 1198 3910 1266 ἡμᾶς

2232 1277 2323 1328 καὶ
2351 1275 2438 1329 διὰ
2462 1276 2675 1337 τούτου,
2697 1275 2915 1329 ἐπειδὰν
2929 1276 3237 1347 δικάζωμεν
3263 1280 3373 1341 τοῖς
3393 1277 3715 1344 ὑπευθύνοις
3729 1282 3782 1344 ά,
3821 1283 3904 1355 μὴ

2229 1358 2519 1427 ἀνημέρως
2559 1358 2744 1419 αὐτοῖς
2781 1358 3205 1429 προσφέρεσθαι,
3254 1360 3388 1431 μηδέ
3427 1359 3526 1431 τὴν
3551 1361 3659 1415 τῶν
3688 1362 3903 1434 θηρίων

2228 1438 2490 1510 ὠμότητα
2516 1441 2645 1510 περὶ
2676 1440 2874 1502 αὐτοὺς
2893 1440 3317 1505 ἐπιδείκνυσθαι,
3344 1441 3478 1497 ἀλλά
3501 1443 3667 1516 πολλῇ
3695 1447 3761 1515 τῇ
3794 1462 3906 1514 μα-

2227 1521 2501 1594 κροθυμίᾳ
2531 1524 2623 1576 καὶ
2660 1525 2727 1593 τῇ
2765 1522 2939 1592 φειδοῖ
2977 1522 3298 1594 κεχρῆσθαι.
3347 1524 3441 1577 ἆτε
3468 1526 3534 1596 δὴ
3560 1526 3639 1590 ὡς
3676 1527 3904 1591 οἰκείοις

2231 1605 2416 1674 μέλεσι
2447 1605 2785 1672 δικάζοντας,
2825 1606 2918 1659 καὶ
2971 1605 3034 1659 16
3062 1607 3323 1677 ὁμογενὲς
3360 1609 3672 1674 ἐννοοῦντας
3700 1610 3901 1680 φιλαν-

2227 1687 2446 1759 θρωπίᾳ
2465 1687 2566 1758 τὴν
2594 1687 2867 1758 τιμωρίαν
2905 1690 3251 1759 κεραννύναι.
3280 1689 3416 1743 Οὐδὲ
3448 1691 3555 1762 γὰρ
3588 1691 3776 1756 ἁπλῶς
3804 1709 3899 1744 τοο

2226 1770 2400 1843 σαύτῃ
2433 1770 2838 1838 συγκαταϐἀσει
2875 1770 2907 1839 ἠ
2950 1770 3067 1824 θεία
3112 1771 3150 1823 Γ
3157 1769 3300 1843 ραφὴ
3341 1773 3622 1845 κέχρηται,
3647 1773 3781 1828 ἀλλά
3805 1774 3897 1828 διὰ

2224 1853 2324 1921 τῆς
2344 1853 2652 1924 παχύτητος
2672 1866 2695 1893 θ
2722 1853 2829 1907 τῶν
2859 1852 3056 1921 λέξεων
3084 1853 3405 1908 διδάσκουσα
3426 1857 3570 1926 ἡμᾶς
3597 1857 3696 1928 τήν
3715 1874 3775 1911 τε
3794 1856 3895 1911 τοῦ

2224 1934 2359 1988 Θεοῦ
2395 1935 2826 2006 φιλανθρωπίαν,
2875 1937 2968 1990 καὶ
3008 1938 3088 2000 είς
3127 1935 3285 2006 ζῆλον
3324 1937 3551 2006 ἄγουσα,
3583 1939 3723 1993 ὥστε
3749 1940 3895 1995 κατά

2221 2014 2448 2087 δύναμιν
2474 2016 2818 2088 ἀνθρωπίνην
2843 2017 3129 2088 μιμεῖσθαι
3155 2018 3248 2071 τοῦ
3283 2020 3550 2074 Δεσπότου
3570 2022 3666 2094 τὴν
3688 2022 3893 2091 ἀγαθό-

2221 2113 2378 2174 τητα·
2412 2097 2523 2153 Καὶ
2544 2094 2713 2151 εἶπεν
2735 2096 2913 2162 αὐτῷ,
2946 2098 3041 2164 Τίς
3060 2098 3381 2168 ἀνήγγειλέ
3409 2118 3527 2165 σοι,
3552 2102 3639 2156 ὅτι
3662 2102 3892 2174 γυμνὸς

2221 2172 2294 2239 εἴ,
2336 2181 2385 2230 ει
2410 2178 2496 2247 μὴ
2528 2179 2645 2233 ἀπὸ
2673 2179 2780 2233 τοῦ
2805 2178 2996 2243 ξύλου
3025 2175 3097 2235 οὗ
3120 2180 3512 2251 ἐνετειλάμην
3535 2198 3634 2238 σοι
3670 2172 3889 2239 τούτου

2216 2252 2411 2326 μόνου
2439 2260 2525 2329 μὴ
2548 2260 2782 2330 φαγεῖν,
2817 2260 2919 2315 ἀπ’
2950 2261 3138 2315 αὐτοῦ
3176 2264 3430 2334 ἔφαγεςς
3464 2265 3631 2321 Πόθεν
3661 2268 3747 2331 ἂν,
3777 2285 3890 2339 φη-

2222 2341 2330 2405 σὶν,
2366 2341 2638 2414 ήδυνήθης
2657 2342 2812 2396 τοῦτο
2835 2344 3058 2412 γνῶναι,
3089 2346 3181 2399 καὶ
3204 2346 3439 2420 τοσαύτῃ
3464 2348 3691 2420 αἰσχύνῃ
3725 2366 3891 2421 περι-

2220 2422 2507 2493 ϐληθῆναι,
2538 2426 2587 2477 εί
2635 2425 2710 2497 μὴ
2757 2426 2924 2498 πολλῇ
2957 2429 3024 2499 τῇ
3068 2429 3308 2501 ἀκρασίᾳ
3350 2430 3586 2502 ἐχρήσω,
3632 2433 3725 2486 καὶ
3750 2449 3889 2487 κατ-

2218 2507 2523 2577 εφρόνησάς
2557 2525 2657 2577 μου
2686 2509 2787 2578 τῆς
2812 2509 3033 2579 ἐντολῆς
3049 2528 3063 2572 ξ

2291 2588 2440 2661 [158]
2455 2589 2517 2643 δ’.
2533 2590 2750 2656 Σκόπει,
2768 2591 3041 2662 ἀγαπητέ,
3059 2593 3155 2662 τῆς
3174 2594 3504 2664 ἀγαθότητος
3522 2594 3618 2647 τοῦ
3633 2593 3767 2648 Θεοῦ
3789 2593 3892 2667 τὴν

2218 2671 2545 2745 ὑπερϐολὴν,
2568 2674 2715 2739 ὅπως
2745 2674 2993 2746 καθάπερ
3025 2675 3172 2744 φίλος
3206 2677 3345 2748 φίλῳ
3370 2677 3767 2748 διαλεγόμενος,
3793 2679 3893 2732 καὶ

2217 2754 2461 2822 ἐγκαλῶν
2486 2756 2562 2820 ὡς
2590 2756 2892 2827 παραϐάντι
2922 2758 2990 2812 τά
3019 2754 3149 2829 παρ’
3177 2759 3338 2812 αὑτοῦ
3368 2760 3708 2822 ἐνταλθέντα,
3741 2759 3892 2814 οὑτω

2217 2837 2354 2908 πρὸς
2382 2838 2543 2892 αὑτὸν
2571 2839 2667 2909 τὴν
2713 2839 2947 2905 διάλεξιν
2988 2843 3239 2895 ποιεῖται.
3292 2843 3386 2908 Τίς
3442 2841 3758 2913 ἀνήγγειλέ
3785 2857 3891 2897 σοι

2215 2919 2305 2975 ὅτι
2335 2922 2559 2990 γυμνός
2580 2919 2652 2984 εἶ,
2684 2925 2733 2976 ει
2749 2922 2968 2992 μὴἀπὸ
2991 2925 3099 2978 τοῦ
3141 2924 3352 2991 ξύλου,
3393 2922 3465 2981 οὗ
3493 2926 3890 2996 ἐνετειλάμην

2216 3020 2317 3059 σοι
2348 3006 2563 3058 τούτου
2590 3007 2783 3075 μένου
2811 3005 2897 3074 μὴ
2924 3007 3159 3076 φαγεῖν,
3191 3008 3294 3062 ἀπ’
3316 3008 3501 3062 αὑτοῦ
3521 3009 3773 3079 ἔφαγες
3807 3009 3886 3062 Οὐ

2218 3086 2420 3159 μικρὰν
2452 3086 2686 3158 ἔμφασιν
2714 3089 2827 3159 ἔχει
2856 3089 2949 3143 καί
2973 3090 3034 3144 16
3070 3091 3269 3160 λέγειν·
3302 3092 3520 3146 Τούτου
3548 3093 3759 3162 μόνου.
3789 3093 3883 3163 Μὴ

2213 3170 2323 3241 γὰρ
2380 3170 2794 3242 ἐστενοχώρησά
2841 3189 2958 3235 σου,
3018 3175 3173 3244 φησὶ,
3222 3173 3319 3245 τὴν
3368 3175 3694 3239 ἀπόλαυσιν;
3744 3175 3885 3245 Οὐχὶ

2216 3254 2396 3305 πᾶσαν
2430 3251 2612 3305 ἄδειάν
2672 3269 2752 3305 σοι
2809 3253 3104 3325 παρέσχον,
3159 3257 3253 3308 καὶ
3304 3257 3520 3310 πάντων
3565 3257 3672 3310 τῶν
3708 3259 3764 3310 ἐν
3800 3258 3882 3328 τῷ

2215 3334 2526 3405 παραδείσῳ
2566 3333 2664 3406 τὴν
2706 3335 2953 3401 ἐξουσίαν
2998 3337 3265 3401 δεδωκὼς,
3317 3339 3437 3402 ἐνὸς
3488 3339 3675 3393 τούτου
3712 3339 3880 3409 μόνου

2212 3416 2509 3487 ἀπέχεσθαι
2532 3415 2902 3488 ἐνετειλάμην,
2938 3419 3025 3472 ἵνα
3048 3419 3245 3473 εἰδέναι
3276 3420 3427 3492 ἔχῃς,
3454 3422 3536 3475 ὅτι
3565 3421 3664 3473 ὑπὸ
3683 3421 3879 3474 δεσπό-

2212 3514 2311 3568 την
2343 3493 2459 3562 εῐΐ,
2486 3498 2579 3551 καὶ
2608 3499 2846 3568 ὀφείλεις
2876 3502 3123 3572 ὑπακοήν
3171 3518 3293 3557 τινα
3345 3502 3740 3565 ἐπιδεικνύναις
3778 3503 3881 3567 Τίς

2211 3577 2303 3635 οὖν
2331 3584 2364 3653 ή
2396 3583 2629 3653 τοσαύτη
2666 3583 2929 3654 ῥᾳθυμία,
2962 3583 3102 3637 ὥστε
3135 3585 3404 3656 τοσαύτην
3432 3586 3621 3656 ἔχοντα
3641 3584 3880 3638 ἀπόλαυ-

2214 3682 2317 3729 σιν,
2358 3665 2433 3737 μὴ
2460 3667 2785 3736 ἀνασχέσθαι
2836 3667 2970 3737 μηδέ
2999 3667 3187 3720 τούτου
3224 3667 3318 3720 τοῦ
3367 3668 3488 3730 ἐνὸς
3520 3665 3878 3737 ἀποσχέσθαι,

2211 3750 2324 3805 ἀλλ’
2350 3749 2493 3804 οὑτω
2538 3749 2748 3820 ταχέως
2782 3751 2863 3814 είς
2904 3750 3002 3821 τὴν
3041 3752 3172 3823 παρ’
3205 3751 3342 3822 ἐμοῦ
3381 3751 3623 3804 δοθεῖσαν
3660 3751 3882 3822 ἐντολὴν

2210 3833 2510 3904 ἐξυϐρίσαι,
2539 3834 2632 3887 καὶ
2666 3834 2941 3896 τοσούτοις
2972 3836 3161 3897 κακοῖς
3202 3835 3392 3888 ἑαυτὸν
3421 3834 3770 3906 περιϐαλεῖν;
3810 3833 3879 3886 Τί

2211 3932 2294 3969 σοι
2329 3916 2390 3969 16
2421 3915 2607 3984 ὄφελος
2647 3915 2902 3985 γέγονενς
2939 3916 3013 3969 Οὐ
3048 3916 3333 3988 προλαϐὼν
3373 3917 3547 3970 ταῦτα
3586 3912 3775 3984 εἰπον;
3813 3917 3877 3969 οὐ

2207 3997 2286 4067 τῷ
2316 3997 2464 4068 φόϐῳ
2491 3996 2583 4050 τοῦ
2626 3998 2900 4067 ἐπιτιμίου
2940 3999 3362 4070 προαναστεῖλαι
3405 3999 3737 4071 ἠϐουλήθην,
3781 3999 3880 4053 καὶ

2208 4079 2641 4151 ἀσφαλεστέρους
2671 4081 3037 4152 ἐργάσασθαι;
3086 4082 3186 4134 οὑκ
3225 4077 3377 4135 εἶπον
3412 4081 3473 4134 τὸ
3524 4083 3719 4152 μέλλον
3746 4084 3879 4152 ὑμῖν

2209 4162 2579 4235 συμϐήσεσθαι
2601 4179 2614 4227 ;
2650 4165 2711 4217 οὑ
2734 4164 2823 4218 διὰ
2847 4165 3006 4218 τοῦτο
3033 4165 3129 4236 τὴν
3153 4165 3355 4236 βρῶσιν
3379 4165 3649 4231 ἐκώλυσα,
3685 4166 3772 4219 ῖνα
3799 4165 3877 4237 μὴ

2205 4244 2415 4308 τούτοις
2445 4246 2775 4316 περιπέσητε
2796 4263 2811 4313 ;
2839 4247 2932 4308 Τίς
2956 4246 3020 4299 ἄν
3049 4264 3108 4300 σε
3129 4247 3461 4318 συγγνώμης
3482 4246 3754 4312 ἀξιώσειε,
3780 4249 3876 4301 τὸν

2208 4330 2346 4401 μετά
2372 4330 2635 4395 τοσαύτας
2688 4333 3063 4403 παραγγελίας
3101 4333 3273 4397 οὑτως
3314 4333 3605 4405 ἀγνώμονα
3641 4335 3872 4405 γενόμε-

2203 4434 2324 4483 νον;
2378 4418 2453 4470 Οὐ
2494 4417 2743 4489 καθάπερ
2786 4418 2967 4489 πατὴρ
3011 4419 3166 4473 παιδὶ
3226 4420 3463 4490 γνησίῳ,
3506 4419 3651 4473 οὕτω
3691 4420 3872 4475 πάντα

2201 4495 2611 4566 διεστειλάμην,
2655 4498 2750 4550 καὶ
2802 4496 3012 4563 ἐδίδαξα
3058 4497 3166 4551 τῶν
3208 4498 3307 4570 μὲν
3350 4498 3524 4553 ἀλλων
3563 4499 3873 4567 ἀπογεύσα-

2207 4577 2352 4641 σθαι,
2387 4577 2575 4631 τούτου
2609 4579 2665 4631 δέ
2691 4578 3046 4649 ἀποσχέσθαι,
3079 4580 3167 4632 ἵνα
3212 4580 3287 4652 μὴ
3308 4581 3443 4634 πᾶσί
3477 4598 3570 4634 σου
3600 4584 3710 4644 τοῖς
3734 4583 3872 4650 ἀγα·

2201 4656 2313 4722 θοῖς
2333 4658 2687 4729 λυμαίνηται;
2732 4659 2869 4712 Ἀλλ’
2906 4661 3036 4723 ἴσως
3074 4661 3282 4733 ἀγαθὴν
3309 4664 3403 4715 καὶ
3422 4662 3869 4735 ἀξιοπιστοτέραν

2203 4742 2551 4812 ἡγησάμενος
2591 4745 2690 4814 τῆς
2735 4741 2876 4812 ἐμῆς
2903 4742 3125 4810 ἐντολῆς
3164 4743 3264 4813 τὴν
3300 4744 3489 4813 ἐτέρου
3536 4745 3866 4816 συμϐουλὴν,

2198 4826 2292 4877 καὶ
2323 4824 2694 4895 προσδοκήσας
2725 4824 2984 4895 μειζόνων
3005 4825 3290 4894 ἐφικέσθαι
3313 4829 3337 4866 Β
3362 4827 3519 4880 τοῦτο
3539 4827 3865 4898 πεποίηκας,

2197 4911 2288 4964 καὶ
2318 4910 2416 4975 τὰς
2452 4912 2588 4981 ἐμὰς
2615 4911 2836 4976 ἐντολὰς
2873 4913 3274 4984 παρωσάμενος
3318 4913 3731 4983 κατετόλμησας
3764 4914 3866 4983 τῆς

2194 4990 2285 5043 τοῦ
2322 4992 2478 5057 ξύλου
2515 4992 2792 5064 βρώσεως.
2832 4993 2963 5047 Ἰδοὺ
2986 4992 3076 5047 διά
3094 4994 3192 5064 τῆς
3228 4995 3425 5064 πείρας
3455 4989 3531 5048 ὧν
3566 4996 3862 5057 πέπονθας,

2192 5073 2394 5143 ἔμαθες
2427 5076 2549 5128 ὅσον
2575 5075 2675 5145 τῆς
2703 5075 3013 5147 συμϐουλῆς
3046 5077 3261 5147 ἐκείνης
3291 5075 3351 5129 16
3384 5075 3645 5147 ὀλέθριον.
3680 5077 3863 5131 Εῖδετε

2189 5156 2442 5210 δικαστοῦ
2472 5157 2919 5230 φιλανθρωπίαν;
2949 5159 3117 5212 εἴδετε
3146 5159 3464 5231 ἡμερότητα
3493 5158 3589 5213 καλ⁵
3610 5158 3864 5223 ἀνεξικα-

2193 5238 2315 5290 κίαν
2344 5240 2547 5307 ἄφατον
2581 5237 2638 5305 Il;
2663 5241 2832 5294 εἰδετε
2864 5241 3276 5310 συγκατάϐασιν
3331 5242 3509 5295 πάντα
3563 5240 3719 5309 λόγον
3767 5242 3862 5294 καὶ

2188 5321 2427 5375 διάνοιαν
2457 5322 2927 5394 ὑπερϐαίνουσαν;
2963 5323 3135 5377 εἴδετε
3156 5325 3272 5386 πῶς
3292 5325 3380 5377 διά
3407 5324 3507 5394 τῆς
3536 5324 3861 5394 ἐρωτήσεως

2188 5406 2282 5457 καὶ
2314 5404 2407 5459 τοῦ
2449 5404 2647 5470 λέγειν,
2690 5406 2786 5473 Τίς
2825 5406 3145 5476 dmin-51.16
3176 5425 3277 5463 σοι
3309 5408 3399 5463 ὅτι
3437 5408 3665 5478 γυμνὸς
3688 5404 3763 5471 εἷ,
3807 5409 3861 5459 εἰ

2181 5487 2267 5556 μὴ
2297 5487 2416 5543 ἀπὸ
2446 5488 2552 5543 τοῦ
2588 5488 2799 5554 ξύλου,
2843 5485 2916 5545 οὗ
2957 5489 3348 5560 ἐνετειλάμην
3376 5492 3726 5547 σοι-τούτου
3749 5493 3859 5558 μό-

2184 5587 2294 5623 νου
2315 5571 2401 5639 μὴ
2430 5571 2660 5639 φαγεῖν,
2692 5573 2792 5627 ἀπ’
2815 5572 3002 5627 αὐτοῦ
3021 5574 3259 5642 ἔφαγες,
3283 5573 3450 5647 θύρας
3475 5573 3624 5643 αὐτῷ
3647 5573 3855 5636 ἀνοῖξαι

2188 5649 2436 5721 βούλεται
2465 5651 2778 5722 ἀπολογίας,
2823 5655 2909 5708 ἵνα
2946 5655 3041 5708 καὶ
3085 5655 3217 5727 πρὸς
3264 5654 3349 5709 τὸν
3397 5654 3568 5717 οὑτως
3599 5657 3855 5725 ἡμαρτη-

2248 5731 2274 5770 δ
2297 5733 2444 5782 Savil.
2465 5735 2573 5791 τοὺς
2602 5737 2896 5793 ὑπευθύνους.
2966 5740 2988 5768 ο
3021 5737 3144 5793 Reg.
3181 5751 3307 5786 unus
3331 5738 3409 5786 διὰ
3452 5738 3538 5793 τήν
3582 5734 3851 5793 παχύτητα.

2248 5751 2274 5770 υ
2297 5751 2444 5782 δωίι.
2465 5751 2573 5791 τους
2602 5751 2896 5793 υπευυυνους.
2966 5751 2988 5768 υ
3021 5751 3089 5785 ne
3132 5774 3144 5785 .
3181 5751 3307 5786 unus
3331 5751 3409 5786 οια
3452 5754 3538 5793 την
3582 5753 3651 5783 πα
3775 5751 3851 5784 τα.

2194 5792 2214 5831 τ
2243 5794 2340 5844 Alii
2371 5795 2464 5842 ὑπὸ
2486 5796 2778 5846 δεσποτείαν.
2807 5797 2931 5847 Ibid.
2955 5751 3128 5846 MoreE
3165 5798 3526 5847 ἐπιδείκνυσθαι.
3596 5798 3621 5835 ⁸
3647 5751 3851 5846 min.

2187 5856 2413 5963 ἐφίεσθαι.
2443 5855 2590 5907 Savil.
2620 5864 2670 5907 el
2695 5859 2791 5909 duo
2814 5872 2925 5909 mss.
2959 5858 3287 5915 ἐπιτεύξεσϐαι.
3360 5858 3386 5897 ιι
3422 5861 3538 5921 Reg.
3570 5870 3697 5907 unus
3718 5856 3852 5906 addi!

2217 5932 2434 5967 εσποτου.
