4074 6134
281 333 382 386 137

278 455 423 497 stros
436 436 979 499 condemnemusmisi
994 450 1150 491 causa
1168 447 1321 492 antea
1338 437 1615 508 diligenter
1627 442 1856 511 cognita.

349 532 405 585 5.
425 528 719 584 Audiamus
739 527 916 595 igitur,
938 526 982 580 si
1009 527 1196 595 placet,
1220 544 1339 596 quae
1355 528 1519 597 judcx
1543 530 1855 600 interroget.

276 634 398 689 qua:
428 619 503 672 rei
530 615 908 685 respondeant,
941 630 1072 685 quas
1100 629 1285 686 poenas
1305 617 1495 683 ferant,
1533 629 1585 672 et
1613 619 1696 673 cui
1727 634 1858 674 con-

277 707 609 764 dcmnationi
639 705 903 760 obnoxius
927 703 1084 759 fuerit
1108 706 1153 759 is
1181 706 1269 775 qui
1302 706 1353 761 in
1381 707 1500 761 illos
1529 715 1701 762 tantas
1726 708 1857 764 insi-

277 800 392 854 dias
416 797 748 853 machinatus
766 805 866 851 cst.
898 795 1023 863 Sed,
1054 797 1296 862 obsecro,
1318 799 1552 853 animum
1581 800 1856 867 attendite,

274 903 327 946 et
347 890 519 945 multo
533 904 654 943 cum
675 888 865 942 timore
883 887 1020 942 dicta
1037 887 1344 942 auscultate.
1365 889 1423 944 Si
1436 890 1599 956 enim,
1626 904 1746 944 cum
1777 891 1857 944 vi-

277 983 466 1037 demus
495 988 766 1036 terrcnum
803 979 1035 1047 judicem
1067 979 1119 1032 in
1146 979 1360 1033 sublimi
1390 980 1856 1055 tribunalisedcn-

277 1082 406 1138 tem,
430 1084 552 1124 reos
581 1069 632 1122 in
660 1069 890 1123 medium
918 1067 1296 1136 producentem
1317 1111 1332 1136 ,
1364 1079 1418 1123 et
1444 1070 1715 1139 suppliciis
1738 1068 1856 1123 affl-

274 1160 536 1224 cicntcm,
568 1173 673 1213 non
702 1158 817 1211 sine
846 1156 1033 1212 timore
1059 1157 1330 1213 adstamus
1349 1200 1365 1223 ,
1397 1159 1582 1214 audire
1612 1160 1853 1214 volentes

272 1251 529 1321 quidnam
547 1250 708 1319 judex
733 1250 895 1314 dicat,
926 1259 977 1303 et
1003 1249 1130 1319 quid
1156 1249 1472 1320 respondeat
1498 1265 1621 1304 reus
1650 1267 1661 1301 :
1686 1253 1855 1307 multo

274 1342 445 1412 magis
473 1356 614 1396 nunc
636 1339 737 1395 hoc
763 1340 917 1395 nobis
946 1339 1267 1407 faciendum,
1299 1356 1419 1395 cum
1445 1341 1686 1397 videmus
1721 1341 1851 1411 Opi-

275 1437 427 1486 tiecm
456 1440 656 1485 naturae
686 1445 894 1500 ptenam
921 1431 1033 1485 suis
1064 1431 1320 1485 creaturis
1347 1433 1627 1488 intentare.
1656 1432 1851 1487 Verum

271 1523 314 1576 si
346 1522 634 1590 diligenter
659 1520 962 1587 attendatis,
997 1520 1241 1575 videbitis
1261 1531 1511 1590 quantum
1534 1522 1744 1577 intersit
1767 1522 1852 1576 itt-

273 1625 356 1667 ter
393 1611 813 1667 misericordiam
843 1611 958 1673 Dei,
990 1621 1042 1665 et
1075 1611 1345 1664 hominum
1377 1626 1500 1679 erga
1527 1626 1850 1679 congeneres

270 1704 633 1760 severitatem.
662 1701 715 1757 9.
765 1701 830 1755 Et
876 1702 1064 1755 vocavit
1113 1700 1358 1755 Dominus
1404 1700 1543 1754 Dens
1580 1703 1775 1767 ‘Adam,
1801 1711 1851 1755 et

270 1796 399 1849 dixit
429 1794 508 1848 illi
540 1809 558 1847 :
587 1793 770 1858 Adam,
800 1793 885 1846 ubi
927 1809 976 1846 es
1001 1793 1026 1846 7
1067 1792 1159 1846 Vel
1191 1808 1255 1846 cx
1296 1793 1407 1861 ipsa
1436 1793 1850 1863 interrogatione

270 1884 387 1953 jure
417 1883 855 1951 obstupeseamus
881 1881 946 1934 ad
978 1882 1299 1936 eminentem
1340 1882 1429 1936 Dei
1469 1881 1805 1937 clementiam
1832 1901 1845 1935 :

270 1993 377 2031 non
398 1977 571 2031 solum
593 1975 731 2044 quod
764 1973 1052 2040 vocaverit,
1081 1973 1174 2027 sed
1204 1974 1343 2044 quod
1372 1990 1465 2043 per
1488 1975 1720 2043 seipsum
1751 1989 1848 2029 vo-

264 2068 472 2121 caverit
498 2084 512 2119 :
544 2065 596 2120 id
617 2064 756 2135 quod
780 2064 1020 2118 homines
1042 2062 1218 2118 facere
1243 2079 1529 2135 numquam
1554 2065 1749 2119 ferrent
1769 2065 1850 2119 in-

271 2167 351 2211 ter
376 2171 458 2219 se,
482 2156 605 2209 licet
632 2154 873 2209 eamdem
903 2162 1144 2208 naturam
1164 2154 1335 2208 sortiti
1357 2155 1483 2209 sint.
1504 2152 1661 2210 Scitis
1680 2157 1844 2221 enim,

262 2263 389 2301 cum
414 2245 623 2317 judiees
652 2245 704 2299 in
726 2246 833 2299 alto
859 2244 994 2298 solio
1016 2245 1223 2309 Sedent,
1246 2247 1582 2316 rationesque
1602 2255 1848 2316 repetunt

266 2355 298 2393 a
326 2337 778 2401 malefactoribus,
812 2352 913 2392 nec
940 2352 1038 2392 suo
1067 2352 1160 2392 eos
1179 2351 1437 2406 responso
1464 2338 1667 2407 dignari
1698 2355 1711 2393 :
1747 2339 1849 2395 hoc

265 2430 385 2498 ipso
409 2429 752 2484 ostendentes
777 2429 901 2494 illis,
929 2437 1121 2497 quanta
1149 2428 1431 2498 ignominia
1461 2444 1580 2485 sese
1606 2429 1718 2485 suis
1746 2429 1846 2485 ila-

262 2520 411 2588 giliis
448 2520 807 2588 asperserint:
840 2527 893 2573 et
938 2518 1098 2588 judex
1140 2519 1351 2589 quidem
1393 2519 1704 2589 respondet,
1752 2520 1847 2576 sed

264 2611 409 2664 alius
433 2609 692 2679 quispiam
720 2624 751 2663 a
774 2608 951 2678 judice
977 2608 1093 2663 haec
1110 2609 1400 2679 excipiens,
1429 2625 1522 2665 reo
1546 2611 1843 2680 annuntiat,

266 2713 321 2757 et
342 2701 511 2771 judici
532 2714 741 2770 quoque
774 2715 892 2769 qua:
919 2715 1043 2755 reus
1065 2699 1275 2754 dixerat
1303 2718 1317 2753 :
1350 2709 1403 2753 et
1432 2700 1516 2755 hic
1542 2700 1707 2756 ferme
1726 2702 1844 2756 ubi-

266 2806 371 2860 que
395 2789 740 2860 judicantium
770 2804 885 2843 mos
912 2797 1012 2843 est.
1044 2788 1238 2843 Verum
1281 2789 1423 2844 Deus
1462 2805 1568 2843 non
1596 2791 1675 2845 sic
1701 2790 1843 2861 agit,

264 2882 360 2937 sed
402 2881 708 2952 quomodo?
749 2881 864 2950 Ipse
906 2897 1000 2949 per
1037 2895 1157 2936 sese
1198 2891 1351 2935 vocat
1388 2898 1401 2934 :
1436 2881 1502 2935 Et
1530 2882 1740 2945 vocat-it,
1769 2882 1849 2936 in-

264 2973 404 3043 quit,
431 2971 680 3026 Dominus
699 2971 837 3026 Deus
863 2971 1046 3036 Adam,
1071 2982 1118 3026 et
1142 2972 1268 3026 dixit
1295 2972 1376 3026 illi
1391 2971 1609 3039 :Adam,
1639 2974 1724 3026 ubi
1751 2972 1850 3027 es?

269 3064 405 3118 Vide
438 3064 491 3119 in
528 3063 672 3118 brevi
701 3062 801 3117 hac
834 3060 1067 3116 dictione
1107 3072 1303 3132 quanta
1341 3063 1422 3116 vis
1451 3062 1720 3118 recondita
1751 3063 1840 3117 sit.

266 3153 403 3211 Nam
430 3163 486 3210 et
512 3154 683 3224 ipsum
723 3167 935 3219 vocare,
976 3167 1177 3221 magnae
1213 3160 1267 3207 et
1307 3151 1591 3208 inel‘fabilis
1625 3163 1709 3209 est
1739 3156 1850 3207 cle-

269 3248 489 3303 mentia:
511 3288 527 3313 ,
563 3245 967 3301 erubescentem
988 3284 1003 3310 ,
1032 3252 1086 3299 et
1109 3259 1282 3316 neque
1321 3260 1381 3299 os
1405 3245 1612 3313 aperire
1631 3287 1646 3311 ,
1675 3260 1849 3314 neque

264 3340 505 3410 linguam
542 3352 758 3393 movere
786 3336 1067 3391 audentem
1101 3351 1323 3401 vocare,
1352 3348 1405 3391 et
1428 3352 1524 3406 per
1548 3336 1847 3408 interroga-

266 3431 468 3485 tionem
501 3428 831 3484 occasionem
858 3427 1006 3491 dare,
1035 3425 1084 3479 id
1109 3425 1331 3496 ingentis
1353 3435 1466 3483 erat
1487 3426 1846 3496 benignitatis:

268 3521 400 3577 illud
421 3530 595 3575 autem
616 3519 816 3585 dicere,
850 3516 946 3572 Ubi
974 3518 1067 3571 es?
1105 3518 1382 3587 plurimam
1411 3532 1515 3571 una
1541 3533 1664 3572 cum
1696 3517 1848 3571 beni-

267 3613 471 3681 gnitate
495 3608 599 3663 vim
630 3609 804 3664 habet.
846 3608 1071 3664 Perinde
1097 3607 1236 3662 enim
1282 3607 1615 3663 subindicare
1640 3608 1850 3663 videtur

259 3717 330 3757 ac
350 3702 397 3757 si
412 3701 640 3755 diceret:
663 3698 799 3764 Quid
826 3698 1019 3752 factum
1045 3698 1164 3752 est?
1189 3696 1246 3750 In
1267 3696 1372 3750 alio
1401 3705 1452 3751 te
1475 3704 1614 3752 statu
1637 3697 1847 3767 reliqui,

267 3790 320 3845 in
352 3791 461 3844 alio
486 3798 537 3844 te
568 3790 778 3843 invenio
807 3804 821 3840 :
852 3788 1015 3858 gloria
1048 3787 1292 3841 vestitum
1322 3795 1374 3841 te
1401 3788 1609 3857 reliqui,
1630 3803 1769 3843 nunc
1795 3789 1847 3842 in

262 3883 513 3938 nuditate
557 3893 609 3934 te
647 3880 878 3934 invenio.
919 3878 1016 3933 Ubi
1043 3879 1131 3932 es?
1173 3877 1326 3934 Unde
1363 3878 1455 3932 tibi
1481 3878 1581 3933 hoc
1623 3879 1849 3934 accidit?

266 3975 404 4041 Quis
428 3983 478 4028 te
512 3973 563 4026 in
595 3980 793 4026 tantam
838 3971 1041 4025 induxit
1070 3970 1528 4025 vicissitudinem?
1559 3971 1685 4039 Quis
1713 3971 1849 4026 latro

270 4064 361 4117 vel
388 4060 474 4115 fur
502 4061 579 4115 sic
607 4060 770 4115 semel
797 4075 1010 4114 omnem
1039 4059 1342 4113 divitiarum
1377 4058 1724 4113 substantiam
1752 4074 1849 4114 au-

266 4153 474 4215 ferens,
499 4150 549 4204 in
582 4158 781 4204 tantam
804 4158 855 4204 te
881 4150 1110 4219 inopiam
1135 4148 1391 4204 deduxit?
1420 4148 1570 4204 Unde
1597 4149 1849 4204 nuditatis

268 4255 463 4297 sensus
494 4239 586 4293 tibi
616 4239 867 4309 contigit?
890 4239 1019 4306 Quis
1050 4237 1141 4293 tibi
1168 4239 1219 4292 in
1247 4253 1406 4293 causa
1434 4237 1550 4304 fuit,
1582 4247 1640 4293 ut
1666 4238 1847 4294 aufer-

269 4340 420 4386 retur
445 4344 475 4384 a
498 4338 550 4385 te
574 4330 947 4386 vestimentum
982 4328 1111 4385 illud
1139 4329 1471 4393 admirabile,
1493 4344 1597 4400 quo
1621 4330 1847 4386 amictus

269 4423 434 4478 eras?
473 4424 601 4490 Quae
640 4424 915 4492 repentina
956 4422 1070 4477 hinc
1107 4421 1363 4477 mutatio?
1403 4420 1533 4490 Qua:
1562 4431 1848 4491 tempestas

271 4516 341 4568 ita
365 4513 543 4569 subito
566 4527 753 4567 omnes
781 4521 897 4566 tuas
919 4526 1125 4567 merces
1151 4512 1436 4567 demersit?
1460 4512 1597 4580 Quid
1621 4512 1842 4578 aecidit,

270 4603 413 4674 quod
440 4603 508 4658 ab
547 4618 643 4670 eo,
670 4603 760 4673 qui
803 4603 894 4658 tibi
938 4612 1081 4657 tanta
1111 4601 1362 4657 beneﬁcia
1396 4602 1672 4671 prtestitit,
1713 4611 1767 4657 et
1793 4601 1846 4657 in

270 4703 478 4748 tantum
517 4692 773 4748 honorem
805 4700 856 4747 te
891 4692 1101 4757 evexit,
1131 4691 1386 4746 occultari
1426 4691 1657 4760 satagis?
1678 4689 1845 4758 Quem

274 4800 414 4840 nunc
438 4786 660 4852 timens,
690 4784 1001 4839 delitescere
1040 4782 1259 4836 studes?
1287 4781 1422 4836 Num
1452 4781 1601 4835 adest
1626 4796 1847 4836 accusa-

270 4875 396 4931 tor?
420 4891 547 4930 num
578 4876 775 4928 instant
804 4873 1005 4928 testes?
1030 4871 1179 4928 Unde
1201 4881 1340 4926 tanta
1367 4870 1615 4936 formido,
1647 4879 1847 4925 tantus-

271 4981 375 5036 que
400 4974 573 5019 metus
599 4972 651 5018 te
684 4963 911 5017 invasit?
937 4964 1024 5018 10.
1059 4962 1239 5029 Tuam,
1266 4962 1454 5032 inquit,
1485 4960 1849 5015 deambulantis

272 5059 324 5110 in
372 5056 611 5127 paradiso
646 5069 814 5106 vocem
851 5055 1020 5107 audivi
1044 5095 1058 5119 ,
1090 5064 1136 5107 et
1166 5053 1327 5118 timui,
1355 5053 1473 5123 quia
1502 5053 1665 5106 nudus
1693 5068 1844 5119 sum,

275 5157 321 5202 et
362 5144 602 5200 abscondi
648 5158 727 5195 me
761 5143 801 5196 ³.
848 5142 999 5198 Unde
1043 5144 1136 5197 tibi
1186 5144 1440 5198 nuditatis
1485 5143 1667 5197 notitia
1713 5156 1846 5196 cou-

275 5235 442 5305 tigit?
488 5234 574 5288 dic
620 5231 750 5287 mihi
797 5248 812 5285 :
873 5231 999 5302 quid
1054 5233 1156 5288 hoc
1209 5249 1405 5288 novum
1461 5242 1511 5288 et
1571 5230 1848 5287 insolens?

276 5327 407 5391 Quis
452 5324 555 5379 hoc
606 5338 856 5392 umquam
905 5323 1219 5376 annuntiare
1271 5324 1527 5392 potuisset
1570 5322 1698 5387 tibi,
1745 5321 1847 5376 ttisi

271 5417 390 5484 ipse
435 5414 590 5483 hujus
640 5413 858 5483 pudoris
905 5420 1090 5466 auctor
1141 5413 1231 5467 tibi
1286 5412 1510 5467 fuisses?
1562 5413 1662 5466 nisi
1704 5428 1736 5467 a
1787 5412 1852 5466 li-

278 5520 402 5572 gno,
446 5503 514 5559 de
555 5519 660 5574 quo
699 5503 959 5574 praecepi,
1010 5511 1069 5557 ut
1105 5516 1170 5557 ex
1209 5516 1275 5557 eo
1313 5501 1430 5556 solo
1471 5516 1577 5556 non
1605 5501 1850 5556 comede-

343 5639 361 5669 ί
394 5643 517 5695 Post,
537 5634 761 5685 abscondi
782 5647 876 5694 me,
894 5633 1085 5698 quidam
1119 5638 1226 5682 Mss.
1251 5638 1440 5682 textum
1461 5632 1713 5695 Scriptura:
1736 5644 1846 5696 pro-

279 5706 545 5759 sequuntur
566 5709 720 5759 usque
739 5697 816 5753 ad,
836 5695 1098 5746 cmitetlisti.

1380 325 1443 381 IN
1483 327 1634 383 CAP.
1678 327 1762 383 ΙΙΙ.
1799 330 2040 387 GENES.
2086 332 2313 389 HOMIL.
2360 337 2518 391 XVII.

3439 350 3540 405 £38

1971 460 2089 505 res,
2134 449 2497 502 cotnedisses?
2541 448 2669 504 Vide
2715 452 2978 522 ingentem
3028 458 3440 514 miscricordiam
3488 476 3541 515 et

1968 534 2271 602 patientiam
2324 538 2548 592 Domini.
2598 540 2727 595 Nam
2775 559 2895 597 cum
2941 555 3121 614 posset
3163 562 3231 602 ne
3279 564 3538 619 responso

1964 624 2178 692 quidem
2206 627 2408 697 dignari
2434 643 2555 683 eum
2584 631 2671 701 qui
2700 644 3043 701 peccaverat,
3077 635 3171 690 sed
3207 638 3384 693 statim
3427 654 3537 707 pte-

1966 727 2087 768 nam
2127 715 2394 785 inﬂigere,
2432 734 2588 788 quam
2631 721 2777 789 prius
2817 731 3072 777 statuerat
3105 727 3535 793 prtevaricaturo,

1964 803 2223 871 patienter
2251 814 2427 861 tamen
2450 809 2580 877 agit,
2607 809 2815 875 tolerat,
2837 820 2890 866 et
2917 813 3220 884 interrogat,
3242 825 3294 869 et
3318 832 3537 888 respon-

1961 907 2078 947 sum
2100 896 2293 965 accipit
2318 914 2334 951 :
2361 906 2417 953 et
2445 898 2635 954 iterum
2662 901 2969 972 interrogat,
2995 906 3143 973 quasi
3173 905 3239 961 ad
3266 907 3533 965 defensio-

1964 998 2084 1037 nem
2111 1002 2232 1039 eum
2265 1002 2577 1056 ptovocans,
2606 999 2665 1044 ut
2688 1002 2899 1062 arrepta
2919 995 3199 1051 occasione
3228 999 3385 1052 etiam
3417 1011 3535 1069 post

1964 1081 2162 1127 tantam
2194 1079 2700 1146 praevaricationem,
2727 1095 2876 1137 suam
2901 1098 3022 1152 erga
3055 1084 3202 1139 illum
3232 1088 3533 1143 misericor-

1959 1161 2098 1216 diam
2142 1165 2432 1220 exhibeat:
2462 1183 2567 1236 quo
2613 1170 2771 1224 etiam
2818 1186 2916 1226 nos
2952 1174 3126 1240 docet,
3154 1185 3214 1228 ut
3247 1177 3457 1246 quando
3481 1190 3536 1234 et

1962 1268 2058 1306 nos
2089 1255 2194 1310 reis
2217 1255 2306 1324 jus
2329 1257 2586 1323 dicimus,
2613 1275 2719 1313 non
2748 1268 2850 1314 tam
2881 1262 3166 1318 inhumane
3204 1265 3307 1320 illis
3344 1266 3532 1336 loqua-

1958 1357 2096 1407 mur,
2123 1359 2294 1413 neque
2327 1345 2493 1400 ferina
2530 1349 2584 1401 in
2621 1349 2738 1404 illos
2779 1360 2987 1405 utamur
3017 1353 3218 1407 smvitia
3245 1371 3259 1407 :
3292 1356 3385 1410 sed
3409 1372 3530 1412 cum

1960 1434 2237 1490 tolerantia
2281 1437 2444 1492 multa
2481 1447 2537 1492 et
2578 1440 2937 1496 misericordia
2966 1458 3203 1514 agamus,
3233 1455 3412 1515 utpote
3434 1463 3535 1502 no-

1959 1525 2083 1579 stris
2109 1526 2341 1595 ipsorum
2375 1528 2628 1584 membris
2650 1529 2737 1599 jus
2762 1531 2984 1599 dicturi,
3013 1541 3067 1587 et
3090 1533 3387 1604 cogitantes
3411 1536 3530 1591 illos

1955 1615 2108 1669 nobis
2128 1630 2247 1670 esse
2275 1631 2622 1686 congenercs,
2652 1619 2966 1688 supplicium
2998 1622 3359 1678 misericordia
3393 1635 3528 1679 tem-

1955 1720 2221 1774 peremus.
2259 1705 2375 1761 Non
2404 1708 2543 1762 enim
2571 1707 2767 1764 frustra
2796 1720 2938 1766 tanta
2961 1712 3239 1767 verborum
3269 1722 3529 1786 attempe-

1952 1797 2157 1851 ratione
2183 1796 2347 1850 utitur
2368 1797 2546 1852 divina
2574 1798 2841 1869 Scriptura
2858 1841 2873 1865 ,
2914 1803 3009 1857 sed
3034 1803 3209 1859 verbis
3241 1806 3525 1863 humilibus

1951 1885 2107 1941 docet
2155 1895 2209 1941 et
2246 1899 2513 1956 provocat,
2551 1900 2611 1944 ut
2658 1907 2752 1961 pro
2789 1893 2986 1948 viribus
3031 1894 3275 1951 humanis
3317 1897 3526 1954 Domini

1951 1974 2328 2045 benignitatem
2347 1979 2635 2034 imitemur.
2650 1982 2709 2035 ll
2723 2020 2736 2032 .
2768 1981 3008 2054 Dixitque
3028 2001 3047 2037 :
3072 1985 3196 2050 Quis
3212 1989 3525 2041 aununtiaoit

1952 2066 2041 2120 tibi
2061 2067 2198 2136 quod
2224 2069 2387 2123 nudus
2413 2087 2571 2136 esses,
2603 2072 2700 2127 nisi
2723 2070 2901 2146 [quod]
2932 2075 2995 2129 de
3022 2076 3178 2146 ligno,
3206 2078 3268 2131 de
3291 2096 3387 2149 quo
3414 2081 3523 2135 solo

1951 2159 2168 2229 praecepi
2191 2160 2279 2212 tibi
2298 2176 2359 2214 ne
2381 2162 2682 2230 comederes,
2704 2163 2767 2216 de
2784 2164 2873 2218 illo
2892 2165 3001 2235 ipso
3021 2168 3276 2222 comedisti
3295 2170 3320 2222 ?
3348 2168 3520 2237 Unde,

1951 2246 2140 2315 inquit,
2169 2262 2353 2318 posses
2378 2249 2480 2304 hoc
2504 2250 2670 2317 scire,
2714 2261 2765 2306 te
2811 2260 2955 2308 tanto
2989 2255 3190 2323 pudore
3230 2257 3387 2325 allici,
3422 2260 3522 2314 nisi

1948 2336 2172 2390 multum
2217 2337 2574 2407 intemperans
2621 2338 2849 2409 fuisses,
2895 2350 2949 2398 et
2997 2344 3300 2401 mandatum
3343 2363 3519 2402 meum

1949 2428 2362 2498 contempsisses
2377 2429 2401 2482 ?

2020 2518 2075 2572 4.
2112 2517 2424 2586 Considera,
2467 2518 2679 2587 dilecte,
2722 2520 2969 2576 bonitatis
3011 2522 3101 2577 Dei
3134 2523 3516 2585 excellentiam,

1949 2608 2217 2678 quomodo
2256 2611 2406 2681 quasi
2450 2611 2653 2666 amicus
2688 2612 2859 2668 amico
2901 2613 3151 2684 loquitur,
3178 2623 3233 2671 et
3258 2618 3407 2686 quasi
3432 2633 3522 2672 ex-

1949 2698 2181 2768 postulat
2211 2713 2330 2754 cum
2358 2714 2423 2754 eo
2445 2701 2536 2770 qui
2566 2701 2807 2755 mandata
2836 2710 3195 2773 transgressus
3219 2716 3351 2760 erat.
3396 2706 3522 2772 Quis

1950 2789 2297 2843 annuntiasset
2323 2790 2412 2844 tibi
2433 2791 2570 2860 quod
2594 2793 2761 2846 nudus
2784 2808 2935 2861 esses,
2963 2795 3061 2848 nisi
3089 2795 3151 2849 de
3177 2796 3313 2865 ligno
3339 2797 3402 2851 de
3424 2814 3522 2867 quo

1948 2879 2058 2933 solo
2080 2880 2298 2950 pracepi
2317 2881 2402 2934 tibi
2429 2897 2493 2935 ne
2517 2882 2822 2950 comederes,
2849 2883 2910 2937 de
2935 2884 3023 2938 illo
3051 2885 3161 2953 ipso
3188 2888 3479 2943 comedisses
3497 2889 3524 2941 .’

1949 2969 2066 3026 Non
2094 2981 2242 3027 caret
2265 2973 2526 3042 emphasi,
2553 2982 2608 3029 et
2635 2975 2815 3029 latenti
2844 2976 3069 3045 quadam
3097 2978 3174 3045 vi,
3204 2980 3344 3049 quod
3370 2981 3518 3045 dicit,

1949 3061 2030 3118 De
2050 3079 2149 3134 quo
2167 3064 2275 3118 solo
2295 3064 2475 3135 :quasi
2495 3064 2715 3131 diceret,
2738 3064 2872 3121 Num
2893 3067 3027 3122 adeo
3043 3078 3293 3138 angustos
3311 3069 3518 3126 fruendi

1951 3155 2143 3210 limites
2166 3154 2256 3210 tibi
2279 3156 2607 3225 praescripsi?
2633 3156 2819 3211 Nonne
2838 3172 3048 3213 omnem
3069 3160 3273 3228 copiam
3297 3161 3516 3227 prtebui,

1951 3254 2006 3299 et
2030 3245 2265 3299 omnium
2292 3260 2411 3315 qua:
2439 3245 2491 3300 in
2515 3246 2756 3316 paradiso
2782 3256 2906 3302 sunt
2933 3256 3246 3318 potestatem
3276 3249 3366 3304 tibi
3393 3264 3521 3305 con-

1951 3337 2166 3405 cedens,
2192 3339 2260 3394 ab
2285 3339 2387 3394 hoc
2407 3341 2564 3395 unico
2598 3349 2655 3396 ut
2691 3341 2987 3398 abstineres
3024 3343 3270 3413 praecepi,
3300 3355 3356 3398 ut
3382 3344 3522 3398 scire

1953 3442 2136 3498 posses
2164 3437 2216 3484 te
2241 3429 2340 3484 sub
2361 3429 2578 3485 domino
2606 3430 2835 3501 quodam
2864 3446 2982 3486 esse
3004 3473 3020 3498 ,
3052 3433 3136 3487 cui
3163 3433 3518 3488 obedientiam

1950 3517 2151 3573 debes?
2176 3519 2303 3585 Qua:
2333 3520 2489 3588 igitur
2510 3528 2652 3574 tanta
2678 3521 2997 3591 negligentia
3026 3521 3135 3587 illa,
3162 3531 3217 3575 ut
3240 3523 3397 3576 tantis
3411 3520 3522 3575 l‘ru-

1951 3608 2125 3663 ctibus
2152 3624 2255 3663 non
2276 3618 2573 3674 contentus,
2596 3610 2662 3664 ab
2684 3610 2783 3665 hoc
2804 3612 2959 3666 unico
2982 3611 3248 3666 abstinere
3266 3613 3519 3677 noluerts,

1952 3708 2006 3751 et
2034 3699 2112 3753 sic
2136 3698 2313 3753 statim
2338 3699 2405 3753 ad
2433 3699 2732 3753 violandum
2756 3700 3058 3755 mandatum
3082 3700 3220 3771 quod
3248 3701 3371 3756 dedi
3397 3714 3522 3770 pro.

1953 3789 2194 3858 ruperis,
2225 3803 2290 3843 ac
2327 3797 2378 3843 te
2421 3788 2581 3842 tantis
2626 3788 2776 3842 malis
2820 3789 3212 3858 implicaveris?
3257 3789 3386 3856 Qua:
3426 3790 3519 3844 tibi

1953 3877 2075 3932 inde
2104 3877 2338 3932 utilitas?
2377 3879 2566 3931 Annon
2597 3877 2712 3932 haec
2738 3879 2989 3946 praztlixi?
3028 3893 3202 3932 nonne
3231 3888 3372 3932 metu
3402 3892 3518 3947 pos-

1950 3983 2035 4023 nte
2062 3968 2200 4022 volui
2229 3983 2322 4023 vos
2347 3983 2594 4023 coercere
2618 3976 2671 4023 et
2693 3968 2933 4022 munire?
2962 3983 3136 4024 nonne
3160 3968 3267 4023 dixi
3286 3983 3406 4038 quae
3428 3983 3519 4023 vo-

1950 4056 2033 4111 bis
2059 4066 2310 4111 eventura
2343 4058 2530 4111 erant?
2564 4072 2741 4110 nonne
2769 4055 2868 4111 hac
2890 4057 2958 4111 de
2981 4072 3139 4111 causa
3158 4096 3175 4123 ,
3204 4072 3271 4112 ne
3296 4057 3347 4111 in
3377 4065 3517 4110 tanta

1949 4145 2088 4211 mala
2118 4144 2441 4212 incideretis,
2469 4145 2608 4200 hunc
2633 4146 2808 4200 cibum
2838 4144 3116 4215 prohibui?
3140 4145 3269 4213 Quis
3307 4153 3359 4201 te
3398 4154 3522 4216 post

1951 4236 2102 4291 venia
2131 4235 2373 4306 dignetur
2398 4277 2413 4302 ,
2455 4237 2540 4307 qui
2573 4246 2687 4306 post
2716 4245 2856 4291 tanta
2887 4237 3133 4292 mandata
3159 4238 3266 4292 Deo
3288 4238 3523 4308 ingratus

1950 4324 2146 4381 fueris?
2170 4326 2355 4381 Nonne
2377 4327 2508 4381 sicut
2530 4337 2679 4396 pater
2703 4326 2948 4382 dilectum
2972 4327 3159 4395 filium,
3181 4328 3249 4383 de
3273 4329 3519 4383 omnibus

1950 4417 2079 4471 satis
2102 4415 2327 4471 dilucide
2355 4425 2410 4471 et
2452 4417 2697 4473 distincte
2725 4418 2968 4483 instruxi,
2995 4427 3052 4473 ut
3075 4418 3143 4474 de
3166 4419 3285 4474 aliis
3308 4421 3520 4490 quidem

1949 4516 2210 4578 gustares,
2237 4509 2304 4562 ab
2345 4508 2446 4561 hoc
2482 4518 2655 4562 autem
2695 4508 3021 4575 abstineres,
3054 4518 3203 4564 utne
3228 4511 3403 4565 omnia
3434 4520 3522 4565 tua

1952 4598 2087 4651 bona
2116 4597 2276 4652 simul
2304 4596 2590 4667 perderes?
2614 4596 2719 4652 Sed
2739 4595 2875 4653 forte
2903 4607 3046 4653 ratus
3070 4614 3129 4653 es
3154 4599 3373 4655 alterius
3395 4615 3524 4655 con-

1950 4689 2125 4743 silium
2155 4703 2276 4744 meo
2304 4688 2554 4743 mandato
2576 4689 2768 4744 melius
2803 4699 2857 4745 et
2899 4688 3003 4745 ﬁde
3043 4690 3284 4761 dignius;
3334 4700 3389 4746 et
3423 4706 3522 4747 ex-

1950 4781 2272 4848 spectatione
2312 4778 2574 4849 majorum
2623 4779 2881 4834 bonorum
2926 4780 3039 4836 huic
3080 4780 3271 4848 fecisti,
3299 4790 3353 4835 et
3390 4796 3520 4834 cono

1953 4877 2152 4938 tempto
2178 4869 2428 4923 mandato
2453 4884 2596 4937 meo,
2625 4869 2692 4925 de
2719 4871 2859 4941 ligno
2886 4871 3044 4926 edere
3074 4885 3235 4925 ausus
3263 4885 3341 4924 es.
3384 4870 3520 4925 Ecce

1952 4962 2076 5031 quid
2103 4962 2193 5016 tibi
2224 4960 2494 5026 acciderit,
2514 4977 2655 5015 nunc
2669 4961 2988 5029 experientia
3013 4961 3270 5013 malorum
3292 4958 3519 5014 didicisti

1951 5062 2144 5125 quanta
2187 5053 2391 5107 consilii
2435 5052 2573 5106 illius
2616 5050 2898 5120 pernicies.
2943 5048 3159 5103 Vidistis
3189 5046 3385 5118 judieis
3410 5048 3521 5103 cle-

1952 5142 2244 5198 mentiam?
2272 5141 2476 5196 vidistis
2506 5137 2961 5193 mansuetudinem
2992 5147 3046 5193 et
3077 5137 3411 5192 tolerantiam
3442 5137 3523 5192 in-

1953 5231 2343 5286 enarrabilem?
2394 5228 2599 5283 vidistis
2650 5228 2933 5282 verborum
2985 5227 3518 5297 attemperationem,

1953 5324 2097 5378 omni
2139 5336 2386 5378 sermone
2432 5330 2485 5374 et
2529 5319 2845 5389 cogitatione
2896 5318 3262 5388 superiorem?
3323 5319 3526 5375 vidisns

1953 5412 2221 5483 quomodo
2240 5426 2334 5481 per
2358 5409 2845 5477 interrogationem,
2866 5417 2917 5462 et
2944 5423 3038 5477 per
3062 5407 3176 5463 haec
3196 5408 3373 5474 verba,
3402 5411 3524 5474 Quis

1954 5503 2266 5557 annuntiavit
2290 5500 2377 5555 tibi
2404 5500 2537 5570 quod
2561 5499 2726 5553 nudus
2752 5515 2880 5553 esses
2901 5540 2917 5566 ,
2945 5499 3044 5553 nisi
3070 5499 3132 5553 de
3156 5500 3313 5570 ligno,
3340 5499 3402 5552 de
3425 5516 3523 5569 quo

1954 5596 2062 5650 solo
2083 5594 2297 5665 praecepi
2323 5593 2411 5647 tibi
2436 5608 2496 5646 ne
2519 5592 2819 5659 comederes,
2851 5594 2914 5645 de
2941 5591 3029 5645 illo
3054 5591 3164 5660 ipso
3186 5589 3481 5644 comedisses
3504 5629 3518 5651 ,

1947 5686 2139 5756 januas
2167 5683 2240 5738 illi
2265 5682 2471 5754 aperire
2511 5680 2622 5736 vult
2658 5680 3002 5748 defensionis,
3040 5689 3096 5735 ttt
3132 5689 3186 5734 et
3225 5677 3517 5732 misericor-
