4074 6134
475 330 575 387 139

469 446 610 499 diam
636 452 783 495 suam
808 449 930 504 erga
959 446 1080 488 cum
1106 431 1194 500 qui
1222 437 1422 482 tantmn
1451 434 1786 499 peccaverat,
1813 421 2046 477 doctam.

473 533 590 590 ret?
636 528 926 584 Audiamus
963 531 1018 578 et
1055 535 1242 586 reum,
1281 515 1408 588 quid
1448 518 1515 573 ad
1557 518 1670 572 hmo
1708 508 2044 583 respondeat.

476 622 560 677 12.
589 619 654 672 Et
680 616 806 670 dixit
837 615 997 667 Adam
1022 627 1038 666 :
1065 610 1250 664 Mulier
1269 622 1426 679 quam
1450 608 1629 663 dedisti
1656 615 1711 659 ut
1738 606 1801 659 sit
1830 616 2048 663 mecum,

471 712 584 779 ipsa
609 706 733 760 mihi
753 704 890 758 dedit
919 701 983 756 de
1011 702 1169 772 ligno,
1194 707 1241 753 et
1270 699 1488 753 comedi.
1528 693 1844 753 Miserabilia
1862 689 2047 753 verba,

472 812 526 859 et
554 813 741 870 magna
769 794 1109 851 miseratione
1130 791 1309 861 plena,
1332 806 1394 845 ac
1414 791 1569 859 digna
1589 802 1706 858 quae
1730 784 1794 839 ad
1817 784 2052 838 clemeno

475 892 600 944 tiam
629 888 913 943 Dominum
944 891 1264 954 provocem,
1296 893 1402 937 tam
1433 886 1762 961 mansuetum
1804 883 1857 929 et
1899 871 2052 927 boni-

434 1010 439 1013 -
477 991 587 1037 tate
624 994 721 1034 sua
760 978 1055 1031 vincentem
1093 981 1279 1030 nostra
1322 981 1554 1044 peccata.
1600 969 1732 1023 Nam
1775 973 2053 1035 postquam

478 1070 702 1126 multum
723 1065 997 1123 tolerando
1018 1065 1156 1119 illius
1179 1073 1412 1121 mentem
1428 1061 1728 1124 commovit,
1749 1066 1803 1113 et
1826 1054 2059 1111 ostendit

481 1160 680 1228 peccati
726 1155 1165 1226 magnitudinem,
1196 1155 1345 1226 quasi
1382 1152 1740 1208 defensionem
1766 1160 1956 1217 parans
1987 1145 2060 1197 ait

482 1249 556 1303 illi
584 1249 750 1303 Adam
782 1265 795 1300 :
830 1246 1015 1299 Mulier
1035 1263 1187 1316 quam
1208 1246 1389 1300 dedisti
1408 1252 1462 1297 ut
1481 1245 1544 1298 sit
1571 1257 1782 1306 mecum,
1803 1240 1914 1309 ipsa
1937 1236 2058 1290 mihi

483 1339 620 1393 dedit
658 1338 720 1392 de
758 1336 851 1391 hoc
896 1337 1057 1407 ligno,
1095 1349 1141 1394 et
1180 1338 1391 1393 comedi.
1430 1336 1572 1403 Seio,
1604 1334 1793 1403 inquit,
1823 1347 1907 1386 me
1932 1345 2060 1399 pec—

484 1444 635 1485 casse
664 1446 676 1482 :
707 1429 797 1483 sed
827 1428 1021 1485 mulier
1044 1437 1200 1500 quam
1222 1428 1413 1483 dedisti
1445 1437 1500 1481 ut
1525 1428 1593 1480 sit
1618 1439 1845 1488 mecum,
1867 1422 1933 1476 de
1961 1435 2061 1491 qua

490 1521 601 1587 ipse
625 1518 824 1583 dixisti,
871 1517 1140 1574 Faciamus
1184 1519 1260 1572 illi
1296 1518 1583 1591 _adjntorem
1621 1513 1890 1568 secundum
1929 1527 2061 1571 eum,

489 1613 601 1680 ipsa
632 1610 759 1665 mihi
791 1610 947 1683 hujus
979 1613 1146 1666 ruinm
1173 1624 1331 1664 causa
1358 1610 1470 1662 luit.
1503 1606 1688 1660 Mulier
1713 1621 1861 1674 quant
1885 1601 2063 1655 dedisti

491 1710 545 1753 ut
588 1701 654 1754 sit
697 1718 916 1756 mecum.
965 1700 1186 1770 Quando
1233 1700 1372 1753 enim
1414 1704 1807 1764 exspectassem
1841 1702 1895 1747 ut
1925 1702 2067 1746 tanta

491 1792 779 1860 ignominia
805 1808 891 1848 me
918 1793 1172 1856 afficeret,
1202 1805 1319 1858 qum
1344 1788 1464 1843 ideo
1493 1786 1700 1840 condita
1732 1795 1832 1850 est,
1860 1790 1919 1836 ιιι
1941 1782 2068 1837 mihi

492 1881 683 1937 solatio
710 1882 888 1937 esset?
929 1880 1010 1936 Tu
1044 1881 1172 1934 mihi
1215 1880 1379 1948 ipsam
1409 1876 1632 1939 dedisti,
1664 1887 1718 1929 ιιι
1747 1875 1913 1944 ipsam
1942 1874 2071 1930 mihi

496 1972 781 2026 adduxisti.
824 1971 959 2042 Ipsa.
990 1975 1171 2024 nescio
1200 1968 1340 2023 unde
1368 1978 1531 2033 mota,
1555 1966 1703 2021 dedit
1740 1967 1867 2021 mihi
1903 1966 1968 2020 de
2006 1967 2072 2019 li-

498 2075 623 2131 gno,
651 2070 703 2117 et
736 2061 964 2116 comedi.
1001 2059 1257 2114 Videntur
1294 2058 1409 2112 hmo
1449 2057 1663 2127 quidem
1709 2054 2072 2110 defensionem

499 2149 780 2220 quamdam
822 2164 930 2218 pne
973 2163 1031 2203 se
1071 2147 1228 2213 ferre,
1278 2146 1368 2201 sed
1417 2159 1633 2215 prorsus
1678 2145 1832 2199 venia
1870 2154 2072 2199 carent.

502 2243 617 2308 Qua
646 2242 787 2296 enim
814 2240 967 2295 venia
996 2239 1186 2308 dignus
1212 2251 1290 2302 es,
1319 2237 1505 2307 inquit,
1539 2236 1627 2305 qui
1666 2250 1782 2289 mea
1816 2244 2075 2305 prmeepta

502 2333 698 2386 oblitus
746 2330 929 2396 fueris,
971 2339 1026 2383 et
1068 2329 1157 2397 qui
1209 2328 1446 2382 mulieris
1489 2326 1682 2381 donum
1730 2327 1863 2381 meis
1904 2327 2078 2381 verbis

508 2420 889 2491 praeferendum
919 2417 1223 2488 putaveris?
1267 2417 1395 2471 Nam
1427 2418 1548 2471 licet
1575 2416 1762 2471 mulier
1784 2415 1958 2471 cibum
1987 2416 2079 2471 de-

504 2512 678 2573 derit,
722 2508 1015 2563 sufﬁciebat
1058 2519 1231 2562 tamen
1276 2506 1578 2561 mandatum
1608 2523 1804 2572 meum,
1832 2519 1885 2563 et
1923 2508 2081 2563 timor

505 2600 771 2672 supplicii,
802 2609 859 2653 ut
889 2609 939 2653 te
967 2598 1035 2653 ab
1061 2613 1156 2652 esu
1182 2597 1536 2652 deterrerent.
1569 2598 1649 2651 An
1677 2598 1989 2667 ignorabas?
2014 2614 2079 2653 an

510 2689 823 2761 nesciebas}l
866 2689 989 2745 ideo
1024 2703 1205 2744 curam
1236 2688 1398 2742 vestri
1424 2702 1613 2757 gerens
1650 2688 1901 2758 praedixi,
1935 2704 2001 2743 ne
2028 2690 2079 2743 in

510 2778 626 2834 lucc
652 2779 1011 2834 "incideretis:
1045 2778 1220 2848 itaque
1263 2778 1388 2832 licet
1428 2778 1618 2831 mulier
1663 2778 1754 2832 tibi
1802 2778 1867 2833 ad
1915 2789 2085 2833 trans-

506 2869 836 2939 gressionem
877 2868 1112 2922 mandati
1149 2868 1487 2931 ministrarit,
1516 2879 1570 2921 ιιι
1598 2881 1873 2938 propterea
1902 2869 2084 2926 insens

511 2974 615 3011 non
636 2959 763 3013 eris.
792 2958 1042 3028 Majorem
1065 2958 1204 3013 enim
1228 2957 1384 3012 iidem
1406 2957 1653 3011 mandato
1673 2973 1794 3013 meo
1816 2967 1866 3013 te
1891 2958 2086 3014 habere

509 3050 805 3119 oportebat,
846 3058 900 3103 et
936 3064 1041 3103 non
1083 3049 1256 3103 solum
1298 3059 1355 3102 ut
1393 3057 1450 3102 tu
1493 3049 1606 3117 ipse
1633 3048 1701 3101 ab
1727 3064 1819 3102 esu
1845 3064 2082 3115 caveres,

510 3140 605 3195 sed
639 3149 692 3193 et
734 3149 788 3193 ut
831 3139 1104 3193 mulierem
1144 3139 1365 3192 doecrcs
1397 3148 1738 3206 peccatorum
1773 3138 2088 3207 magnitudi-

511 3244 655 3284 nem.
686 3227 856 3297 Caput
882 3228 1023 3283 enim
1053 3241 1113 3282 es
1137 3227 1373 3281 mulieris
1400 3227 1475 3298 (ί.
1508 3226 1626 3280 Cor.
1657 3227 1744 3280 tt.
1776 3227 1851 3296 5),
1882 3236 1937 3282 et
1962 3241 2086 3295 pro-

512 3327 630 3387 pter
653 3325 707 3371 te
729 3317 815 3369 illa
841 3316 1093 3385 producta
1113 3326 1197 3371 est
1226 3333 1239 3369 :
1269 3325 1324 3370 tu
1343 3324 1519 3369 autem
1539 3314 1779 3369 ordinem
1808 3315 2085 3381 invertisti,

512 3416 568 3462 et
594 3421 700 3463 non
726 3407 895 3461 solum
926 3408 1066 3461 illam
1100 3421 1202 3460 non
1233 3406 1509 3460 correxisti
1530 3447 1545 3471 ,
1575 3406 1667 3460 sed
1696 3414 1750 3460 et
1788 3406 1899 3475 ipse
1931 3406 2091 3461 simul

515 3501 763 3567 abreptus
787 3512 846 3553 es
879 3515 893 3552 :
923 3512 985 3552 ac
1011 3512 1134 3552 eum
1161 3504 1432 3566 oporteret
1460 3511 1652 3567 corpus
1691 3497 1953 3566 reliquum
1994 3511 2090 3551 ca-

516 3589 608 3661 piti
652 3591 892 3660 obsequi,
938 3589 1153 3645 diverso
1200 3590 1360 3643 modo
1406 3605 1493 3645 res
1539 3589 1732 3655 evenit,
1773 3588 2089 3658 corporique

514 3682 719 3751 reliquo
746 3690 904 3751 caput
928 3681 1276 3751 obsequutmn
1306 3689 1421 3744 est,
1451 3690 1505 3734 et
1528 3695 1647 3748 qua:
1674 3694 1885 3734 sursum
1916 3666 2089 3744 erant,

517 3772 568 3825 in
591 3772 828 3826 intimum
851 3772 1023 3825 locum
1046 3779 1322 3825 venerunt.
1345 3769 1634 3839 Propterea
1656 3770 1902 3839 quoniam
1926 3777 2092 3823 totum

514 3862 756 3916 ordinem
803 3863 1081 3928 invertisti,
1123 3877 1188 3917 eo
1235 3876 1374 3916 nunc
1421 3862 1664 3915 redactus
1702 3876 1780 3926 es,
1810 3862 1898 3931 qui
1940 3870 2093 3915 antea

520 3963 663 4008 tanta
691 3954 855 4023 gloria
885 3954 1102 4008 vestitus
1128 3967 1266 4007 eras.
1293 3952 1422 4018 Quis
1452 3962 1501 4007 te
1520 3954 1648 4006 satis
1669 3953 1825 4022 digne
1852 3953 2096 4023 deplora-

520 4045 675 4109 verit,
697 4045 780 4098 cui
811 4052 888 4098 tot
912 4053 965 4099 ct
990 4053 1131 4097 tanta
1164 4044 1299 4097 bona
1331 4042 1503 4096 ablata
1529 4042 1691 4096 sunt?
1722 4042 2094 4098 Verumtamen

519 4137 645 4191 licet
686 4134 800 4189 haec
840 4136 1021 4188 onmia
1062 4134 1152 4188 tibi
1193 4132 1502 4199 acciderint,
1550 4135 1674 4189 nulli
1725 4143 1898 4189 tamen
1945 4136 2095 4190 alteri

520 4236 737 4277 causam
764 4222 1039 4284 adscribe,
1072 4222 1166 4277 sed
1194 4222 1387 4291 tibiipsi
1414 4232 1467 4277 et
1493 4233 1594 4277 tuae
1622 4224 1846 4293 ignavia:
1879 4242 1893 4279 :
1921 4225 2094 4279 neuti-

520 4325 680 4379 quam
707 4312 847 4365 enim
875 4319 927 4364 te
956 4311 1221 4366 nolentem
1259 4312 1446 4367 mulier
1483 4314 1535 4367 in
1577 4322 1774 4367 tantam
1804 4314 2098 4369 induxisset

525 4401 753 4456 ruinam.
784 4399 917 4455 Num
949 4402 1151 4457 hortata
1178 4405 1298 4457 est?
1329 4419 1453 4459 num
1486 4404 1773 4460 disseruit?
1797 4422 1919 4460 num
1945 4407 2100 4461 dece-

523 4492 639 4562 pit?
686 4491 839 4546 Dedit
885 4502 1108 4561 tantum,
1140 4505 1192 4550 et
1235 4496 1411 4551 statim
1456 4507 1667 4567 tamque
1709 4497 1862 4553 facile
1899 4498 1964 4553 ad
2011 4516 2102 4553 su-

523 4581 776 4638 mendum
805 4584 978 4639 cibum
1003 4586 1257 4642 adductus
1280 4603 1358 4652 es,
1386 4588 1587 4642 nullam
1617 4589 1848 4644 mandati
1877 4592 1959 4645 vel
1984 4606 2097 4646 mc-

525 4675 748 4729 moriam
786 4675 954 4730 fecisu
986 4679 1216 4745 :putasti
1260 4694 1291 4732 a
1329 4694 1414 4734 me
1460 4688 1510 4734 te
1553 4680 1834 4750 deceptum
1879 4697 2015 4746 esse,
2046 4692 2100 4738 et

529 4774 809 4837 prapterea
855 4766 1030 4821 cibum
1072 4766 1212 4821 hunc
1253 4766 1349 4820 tibi
1388 4783 1492 4821 non
1535 4770 1880 4834 concessisse,
1932 4783 1990 4826 ut
2035 4787 2101 4827 ne

531 4854 817 4923 majoribus
847 4853 1115 4910 fruereris.
1161 4856 1228 4910 Et
1264 4870 1367 4924 qua
1406 4856 1612 4912 ratione
1638 4874 1735 4927 ego
1766 4869 1815 4913 te
1841 4861 2100 4928 fallerem,

527 4945 615 5014 qui
645 4953 722 4998 tot
749 4945 798 4998 in
831 4954 882 4998 te
909 4944 1163 5002 beneﬁcia
1189 4944 1424 4999 contuli?
1453 4945 1517 4999 Et
1556 4946 1691 5000 istuc
1719 4949 1887 5017 ipsum
1910 4961 2105 5018 quanta

530 5039 892 5094 beneﬁcentia:
936 5040 1240 5108 magnitudo
1279 5050 1411 5107 erat,
1442 5048 1500 5096 ut
1544 5041 1876 5110 praedicendo
1914 5043 2102 5098 distin-

529 5144 745 5196 guerem
772 5144 802 5183 a
828 5145 934 5198 quo
963 5130 1333 5186 abstinendum
1363 5139 1524 5199 esset,
1549 5142 1607 5187 ut
1633 5148 1740 5187 non
1771 5132 2031 5189 incideres
2052 5135 2103 5190 in

530 5233 650 5286 qme
694 5218 958 5273 incidisti?
1002 5219 1105 5275 Sed
1148 5220 1264 5276 haec
1306 5222 1483 5276 omnia
1513 5222 1662 5276 nihili
1683 5222 1930 5278 faciebas.
1968 5223 2107 5281 Ecce

534 5323 675 5362 nunc
693 5311 1013 5378 experientia
1041 5320 1091 5365 te
1118 5311 1294 5377 docet,
1316 5321 1509 5382 quanta
1533 5323 1865 5382 peceatormn
1896 5323 2107 5371 tuorum

534 5399 604 5451 sit
632 5397 937 5466 magnitudo
965 5416 977 5454 :
1007 5401 1263 5471 reliquum
1292 5410 1407 5466 est,
1440 5411 1497 5456 ut
1529 5402 1627 5457 soli
1658 5402 1863 5458 mulieri
1898 5406 2107 5476 culpam

534 5503 641 5543 non
668 5488 955 5557 adscribas,
980 5491 1074 5547 sed
1104 5502 1157 5548 et
1178 5493 1507 5565 negligentiae
1538 5503 1663 5550 tute.

605 5578 659 5633 5.
684 5577 844 5648 Igitur
862 5580 991 5635 satis
1022 5581 1280 5637 Adamum
1307 5584 1636 5653 alloquutus,
1675 5595 1954 5657 postquam
1982 5602 2110 5642 con-

536 5665 816 5723 fessionem
845 5669 931 5725 ille
963 5668 1300 5737 delictorum,
1331 5681 1387 5727 ut
1416 5673 1650 5743 putabat,
1682 5677 1863 5740 edidit.
1894 5691 2109 5747 peccato

1186 315 1243 370 S.
1283 309 1561 368 JOANNIS
1597 302 2065 365 CllllYSOSTOMl
2104 298 2421 358 ARClllEP.
2459 293 2991 352 CONSTAhTINOI‘.

3635 294 3734 348 HO

2151 416 2203 470 in
2236 413 2512 468 mulierem
2537 410 2794 465 translato
2815 425 2831 464 :
2851 409 2971 463 vide
2994 409 3188 464 bonum
3212 408 3513 475 Dominum,
3538 422 3735 480 quanta

2154 508 2343 562 iterum
2371 503 2694 574 indulgentia
2714 503 2962 573 dignatur
2979 502 3138 557 etiam
3164 500 3307 555 illam
3330 516 3429 557 suo
3453 509 3744 571 reSponso.‘

2156 599 2240 654 i3.
2285 597 2353 651 Et
2392 596 2539 662 dixit,
2571 595 2759 665 inquit,
2810 593 2945 648 Deus
2991 593 3232 647 mulieri:
3258 590 3360 646 Cur
3399 592 3494 647 hoc
3532 594 3739 663 fecisti?

2155 688 2362 743 Audisti
2390 688 2558 742 virum
2599 686 2652 741 in
2689 696 2738 740 te
2777 685 2986 755 culpam
3015 682 3444 745 transferentem.
3474 692 3527 739 ct
3557 684 3740 738 omnia

2158 777 2248 832 tibi
2285 777 2698 842 adscribentem,
2740 790 2857 844 qua:
2902 773 2999 843 ipsi
3045 774 3097 827 in
3135 773 3447 843 adjulricem
3484 772 3608 827 data
3653 787 3738 833 es,

2157 876 2316 937 atque
2345 867 2461 921 ideo
2489 865 2724 931 condita,
2755 873 2811 918 ut
2838 864 2942 919 tuis
2971 863 3173 918 solatiis
3199 863 3372 932 ipsum
3401 861 3626 928 foveres,
3656 874 3744 916 ut-

2160 971 2283 1028 pote
2308 957 2546 1012 eamdem
2577 965 2819 1011 naturam
2848 970 2968 1010 cum
3002 955 3118 1024 ipso
3146 955 3353 1008 sortita.
3394 953 3503 1008 Cur
3532 955 3633 1009 hoc
3662 953 3746 1008 fe-

2160 1048 2278 1103 cisti
2301 1089 2317 1114 ,
2352 1063 2385 1103 o
2415 1048 2640 1102 mulier?
2669 1061 2764 1100 cur
2788 1055 2841 1100 et
2871 1046 2984 1111 tibi,
3013 1054 3067 1099 et
3088 1046 3203 1099 viro
3233 1053 3392 1099 tanta:
3417 1043 3744 1099 confusionis

2163 1138 2299 1193 facta
2338 1155 2396 1193 es
2437 1140 2655 1193 auctor?
2692 1138 2820 1206 Qum
2860 1137 3054 1191 utilitas
3094 1151 3157 1190 ex
3201 1135 3301 1191 hac
3340 1136 3746 1202 intemperantia

2165 1232 2257 1286 tibi
2297 1231 2571 1285 accrevit?
2610 1229 2750 1300 quod
2778 1245 2846 1284 ex
2879 1229 2979 1283 hoc
3006 1242 3189 1283 errore
3214 1228 3418 1280 lucrum
3444 1227 3533 1280 tibi
3564 1241 3746 1281 acces-

2165 1321 2254 1387 sit,
2285 1337 2389 1391 qun
2416 1328 2603 1389 sponte
2630 1321 2870 1390 decepta,
2898 1319 3056 1373 etiam
3086 1319 3261 1371 virum
3290 1316 3403 1388 ejus
3433 1318 3552 1370 tuali
3583 1317 3748 1385 parti-

2165 1411 2335 1480 cipem
2366 1410 2569 1465 fecisti?
2595 1410 2731 1477 Quid
2757 1425 2886 1480 ergo
2912 1408 3135 1464 mulier?
3163 1408 3385 1476 Serpens
3410 1409 3599 1478 decepit
3628 1425 3741 1472 me,

2168 1512 2213 1554 et
2247 1502 2461 1554 comedi.
2505 1500 2636 1554 Vide
2665 1501 2824 1554 etiam
2854 1499 2989 1554 hanc
3015 1498 3282 1567 quomodo
3309 1500 3588 1568 perterrita
3619 1514 3747 1567 pec-

2169 1601 2284 1645 cata
2307 1605 2401 1645 sua
2431 1590 2700 1646 defendat.
2729 1591 2859 1645 Nam
2888 1591 3026 1645 sicut
3050 1591 3130 1643 vir
3157 1591 3365 1660 ettlpam
3396 1591 3448 1643 in
3472 1590 3745 1645 mulierem

2170 1681 2393 1750 rejieere
2419 1682 2624 1736 videtur
2648 1682 2830 1736 dicens
2861 1700 2874 1737 :
2901 1682 3087 1736 Mulier
3117 1683 3254 1746 tulit,
3278 1690 3331 1736 et
3351 1681 3496 1735 dedit
3521 1681 3670 1746 mihi,
3694 1690 3751 1734 et

2171 1772 2374 1827 eomedi
2405 1791 2416 1826 :
2447 1773 2523 1827 sic
2545 1782 2597 1828 et
2627 1774 2738 1843 ipsa
2762 1773 2965 1828 nullum
2988 1773 3234 1844 effugium
3259 1772 3535 1827 inveniens
3557 1772 3751 1826 fatetur

2175 1863 2389 1927 factum,
2417 1874 2471 1917 et
2501 1864 2667 1934 inquit
2692 1882 2704 1918 :
2730 1863 2951 1934 Serpens
2975 1865 3167 1934 decepit
3189 1880 3286 1925 me,
3308 1874 3357 1917 et
3377 1864 3590 1917 comedi.
3618 1864 3750 1918 Mala

2175 1953 2282 2017 illa,
2314 1953 2501 2024 inquit,
2543 1954 2709 2008 bestia
2755 1954 2898 2010 hunc
2942 1955 3094 2010 nobis
3136 1954 3340 2022 lapsum
3380 1954 3571 2019 attulit,
3613 1954 3753 2008 illius

2176 2044 2530 2113 perniciosum
2559 2045 2835 2099 consilium
2883 2046 2935 2100 in
2976 2046 3113 2100 hanc
3150 2061 3246 2100 nos
3277 2047 3615 2116 ignominiam
3654 2046 3754 2099 ad-

2177 2136 2305 2204 egit,
2339 2135 2427 2189 ille
2455 2150 2541 2190 me
2567 2136 2794 2206 decepit,
2821 2147 2873 2192 et
2897 2137 3125 2192 comedi.
3168 2136 3355 2191 Dilecti
3375 2178 3390 2203 ,
3422 2152 3487 2189 ne
3515 2147 3755 2192 transea-

2179 2240 2298 2281 mus
2340 2227 2669 2296 simpliciter,
2698 2243 2817 2297 qua:
2858 2242 2999 2282 nunc
3041 2228 3319 2293 dicuntur;
3360 2228 3452 2283 sed
3479 2228 3758 2299 diligenter

2180 2327 2509 2383 scrutantes,
2553 2319 2834 2387 plurimam
2884 2318 3004 2373 inde
3053 2318 3330 2374 utilitatem
3382 2320 3755 2390 percipiamus.

2181 2408 2442 2464 Terribile
2490 2411 2630 2464 enim
2677 2411 2930 2477 judicium
2970 2420 3080 2477 est,
3117 2421 3171 2465 et
3224 2411 3448 2466 horrore
3494 2413 3754 2482 plenum:

2182 2508 2495 2570 oportetque
2534 2509 2781 2555 accurate
2818 2502 2994 2555 omnia
3025 2502 3332 2568 audientes,
3362 2518 3606 2573 magnum
3635 2504 3754 2559 the-

2183 2602 2394 2644 saurum
2446 2591 2640 2646 inferre
2682 2591 2869 2646 menti.
2912 2589 3201 2647 Considera
3230 2593 3370 2646 enim
3396 2603 3450 2647 et
3479 2594 3648 2648 virum
3680 2594 3762 2648 di-

2183 2689 2413 2747 centem,
2439 2680 2645 2745 Mulier,
2667 2697 2817 2751 quam
2851 2681 3030 2735 dedisti
3072 2692 3125 2735 ut
3166 2683 3229 2736 sit
3271 2698 3482 2746 mecum,
3506 2685 3617 2753 ipsa
3638 2685 3764 2736 milii

2186 2770 2342 2834 dedit,
2372 2780 2416 2826 et
2451 2771 2663 2825 comedi.
2710 2770 2978 2841 Nusquam
3021 2773 3332 2839 necessitas,
3361 2786 3618 2842 nusquam
3646 2772 3762 2827 vio-

2187 2864 2369 2931 lentia,
2391 2865 2485 2920 sed
2513 2864 2703 2920 electio
2732 2873 2785 2920 et
2823 2865 3062 2920 voluntas
3090 2882 3102 2919 :
3130 2864 3276 2920 dedit
3313 2866 3482 2920 solum
3507 2906 3521 2930 ,
3561 2874 3615 2920 et
3657 2881 3765 2919 non

2186 2958 2377 3026 coegit,
2397 2973 2494 3012 nec
2514 2959 2619 3011 vim
2641 2957 2834 3011 attulit.
2860 2957 2995 3024 Quin
3021 2966 3075 3012 et
3100 2957 3213 3026 ipsa
3233 2973 3443 3027 quoque
3468 2957 3763 3027 apologiam

2188 3049 2513 3102 coneinnans
2540 3064 2643 3101 non
2670 3047 2801 3102 dixit
2826 3065 2839 3101 :
2861 3045 3094 3117 Serpens
3119 3047 3292 3118 coegit
3318 3063 3421 3111 me,
3444 3057 3498 3101 et
3521 3048 3726 3102 comedi
3750 3067 3762 3100 :

2189 3137 2283 3191 sed
2312 3137 2477 3207 quid?
2504 3137 2725 3206 Serpens
2748 3136 2942 3203 decepit
2965 3154 3047 3192 me
3068 3153 3087 3192 :
3113 3146 3171 3192 ut
3197 3148 3373 3193 autem
3397 3137 3733 3208 deciperetur
3750 3179 3765 3204 ,

2190 3237 2281 3281 aut
2303 3242 2407 3280 non
2435 3226 2789 3295 deciperetur,
2813 3228 2864 3281 in
2888 3227 3052 3296 ipsius
3073 3235 3187 3281 erat
3212 3235 3492 3297 potestate.
3522 3229 3764 3299 Serpens,

2193 3319 2394 3390 inquit,
2445 3319 2636 3391 decepit
2680 3335 2778 3372 me.
2830 3317 3114 3373 lnimicus‘
3157 3318 3298 3373 enim
3343 3327 3541 3374 nostrae
3584 3319 3765 3374 salutis

2193 3426 2354 3480 Opera
2385 3411 2539 3479 hujus
2567 3409 2720 3463 malzc
2752 3408 2933 3462 bestia:
2960 3422 3111 3475 usus,
3135 3409 3414 3463 consilium
3439 3407 3589 3463 dedit
3612 3417 3665 3463 et
3684 3409 3767 3463 de-

2193 3502 2333 3572 cepit
2364 3516 2508 3556 :non
2550 3502 2654 3554 vim
2696 3499 2851 3566 fecit,
2893 3515 3066 3569 neque
3097 3500 3301 3570 coegit,
3341 3499 3435 3555 sed
3476 3500 3772 3570 perillCiOSt)

2194 3592 2416 3647 consilio
2446 3592 2657 3647 fraudes
2684 3606 2810 3646 suas
2836 3606 2996 3660 opere
3020 3590 3306 3660 complevit
3338 3609 3352 3646 :
3380 3593 3629 3661 quoniam
3660 3610 3776 3646 tnu-

2197 3681 2379 3736 lierem
2423 3680 2681 3747 offendit,
2726 3696 2843 3750 quae
2888 3680 3253 3749 deccptioncm
3290 3680 3441 3736 facile
3478 3682 3774 3738 admissura

2197 3780 2332 3838 erat,
2361 3772 2502 3825 nulla
2534 3772 2684 3825 venia
2715 3772 2944 3840 dignam.
2981 3770 3205 3841 Serpens
3229 3773 3421 3843 decepit
3442 3790 3540 3840 me,
3566 3783 3611 3828 et
3637 3790 3778 3826 cont-

2198 3862 2297 3915 edi.
2347 3861 2476 3915 Vide
2512 3863 2705 3916 bonum
2755 3861 3056 3927 Dominum,
3086 3862 3294 3915 illorum
3333 3863 3509 3918 verbis
3552 3874 3775 3918 conten-

2200 3962 2332 4018 tum,
2364 3963 2419 4008 et
2446 3952 2512 4007 ad
2546 3953 2689 4021 plura
2721 3951 2942 4006 dicenda
2973 3968 3080 4007 non
3107 3964 3402 4023 cogentem.
3433 3955 3776 4026 Quandoqui—

2199 4044 2319 4100 dem
2346 4046 2486 4100 enim
2512 4045 2625 4101 lucc
2644 4061 2750 4099 non
2772 4044 3020 4115 ignorans
3041 4045 3415 4116 interrogabat,
3444 4046 3539 4102 sed
3558 4063 3775 4118 gnarus,

2201 4146 2254 4190 et
2278 4136 2560 4191 admodum
2586 4150 2799 4206 gnarus,
2827 4145 2884 4191 ut
2909 4150 3060 4190 suam
3081 4135 3314 4190 declaret
3338 4138 3775 4202 misericordiam,

2201 4225 2266 4279 ad
2299 4226 2507 4279 illorum
2535 4241 2593 4280 sc
2614 4225 2969 4281 inﬁrmitatem
2996 4226 3243 4292 demittit,
3271 4238 3324 4281 et
3349 4227 3416 4281 ad
3444 4237 3778 4296 peccatorum

2203 4317 2589 4372 confessionem
2611 4319 2754 4389 ipsos
2781 4328 3049 4387 provocat.
3074 4318 3183 4373 Hae
3205 4318 3364 4389 igitur
3384 4320 3452 4374 de
3465 4335 3624 4375 causa
3650 4322 3782 4376 nihil

2204 4407 2425 4462 ulterius
2459 4424 2523 4462 ex
2559 4409 2636 4463 eis
2674 4408 2879 4479 quaerit.
2924 4409 3175 4464 Ediscere
3204 4408 3338 4464 forte
3366 4426 3459 4479 par
3485 4420 3600 4465 erat
3623 4412 3783 4466 decc-

2205 4498 2399 4567 ptionis
2423 4511 2624 4566 genus;
2666 4514 2850 4553 verum
2872 4508 2930 4553 ut
2957 4498 3111 4553 nobis
3138 4500 3384 4553 ostendat
3411 4515 3470 4554 se
3497 4517 3599 4554 non
3632 4502 3783 4571 igno-

2206 4598 2411 4643 rantem
2454 4590 2824 4660 interrogasse,
2856 4588 2953 4644 fuit
2992 4599 3270 4646 contentus
3312 4592 3487 4646 dictis.
3531 4591 3660 4646 Nam
3695 4592 3781 4648 illa

2206 4679 2432 4734 dicendo
2462 4697 2475 4733 :
2510 4681 2730 4752 Serpens
2749 4681 2940 4752 decepit
2969 4699 3066 4748 me,
3094 4693 3142 4736 et
3174 4684 3366 4737 comedi
3391 4726 3405 4747 ,
3436 4684 3786 4740 subindicavit

2207 4772 2558 4839 pcmiciosum
2581 4772 2884 4836 consilium,
2903 4772 3043 4843 quod
3069 4788 3097 4825 a
3127 4772 3337 4827 diabolo
3367 4789 3462 4842 per
3483 4786 3784 4845 serpentem

2210 4862 2448 4930 accepit,
2489 4861 2635 4931 quasi
2668 4871 2787 4932 post
2813 4877 2963 4917 esum
2988 4861 3154 4917 futuri
3179 4873 3360 4918 essent
3396 4872 3662 4933 tamquam
3691 4866 3782 4919 dii.

2210 4948 2429 5005 Vidistis
2448 4960 2642 5021 quanta
2663 4951 2931 5021 diligentia
2954 4952 3121 5007 Adam
3146 4954 3501 5023 interrogatus
3525 4954 3639 5008 est?
3665 4971 3787 5009 cum

2211 5049 2405 5110 quanta
2455 5042 2777 5113 indulgentia
2820 5044 2871 5098 in
2912 5043 3168 5112 judicium
3197 5045 3423 5099 adducta
3453 5054 3537 5100 est
3563 5047 3792 5101 mulier?

2211 5131 2479 5200 quomodo
2510 5141 2727 5202 uterque
2752 5149 2811 5188 se
2835 5133 3100 5189 defendit?
3131 5134 3319 5191 Videte
3346 5136 3559 5193 demum
3591 5138 3677 5193 hic
3705 5139 3791 5193 in-

2212 5221 2474 5277 effabilem
2529 5224 2910 5279 misericordiae
2953 5224 3153 5280 Iudicis
3197 5227 3585 5282 excellentiam.
3636 5228 3793 5283 Post-

2213 5329 2369 5383 quam
2411 5315 2599 5368 mulier
2638 5314 2766 5369 diin
2801 5334 2814 5370 :
2846 5315 3067 5385 Serpens
3113 5317 3302 5388 decepit
3341 5335 3437 5382 me,
3470 5329 3515 5374 et
3555 5321 3797 5375 comedi:

2215 5419 2320 5459 non
2348 5404 2456 5474 jam
2484 5415 2786 5475 serpentem
2813 5404 3064 5477 dignatur
3090 5408 3466 5478 responsione,
3500 5426 3672 5483 neque
3712 5413 3792 5466 Io-

2214 5511 2335 5550 cum
2364 5497 2411 5552 ei
2438 5497 2529 5552 dat
2554 5512 2672 5553 sese
2697 5499 2956 5569 purgandi
2986 5517 3000 5554 ε
3029 5516 3201 5570 neque
3228 5501 3519 5573 interrogat
3555 5504 3691 5559 sicut
3718 5505 3799 5557 vi-

2282 5626 2509 5698 tatorel...
2543 5627 2659 5698 ride
2679 5628 2821 5698 enim,
2845 5628 3084 5683 inimicus.
3112 5639 3215 5685 Mss.
3232 5645 3361 5695 pene
3382 5647 3554 5684 omnes
3576 5644 3627 5686 et
3636 5636 3798 5688 suile:

2223 5686 2401 5738 odium
2420 5688 2546 5740 enim
2561 5689 2728 5741 salutis
2746 5686 2937 5742 nostris.
