4074 6134
320 221 428 272 σιτ

310 333 462 405 αὐτῷ
495 333 745 406 παρέχει,
775 334 897 390 οὐδὲ
927 335 1105 407 ἐρωτᾷ
1133 334 1382 407 καθάπερ
1425 332 1517 388 16v
1553 333 1723 405 ἀνδρα
1760 334 1854 388 καὶ
1879 333 1978 404 τὴν

314 423 574 489 γυναῖκα·
610 421 744 477 ἀλλά
782 424 884 484 τὰς
915 421 1044 492 παρ’
1078 421 1301 475 ἐκείνων
1339 420 1636 489 ἀπολογίας
1667 420 1977 492 δεξάμενος,

313 508 408 564 ἐπὶ
431 509 617 564 τοῦτον
638 511 713 572 ὡς
731 508 902 562 αἴτιον
926 509 1042 562 τῶν
1055 509 1199 564 ὅλων
1217 507 1406 563 κακῶν
1429 507 1794 579 γεγενημένον
1813 510 1876 580 ὀρ
1883 511 1978 580 μᾷ.

315 595 426 649 Καὶ
456 596 642 666 ἐπειδὴ
667 596 744 659 ώς
767 595 901 660 Θεδς
930 596 1026 650 καῖ
1051 595 1120 650 τά
1145 595 1433 668 ἀπόρρητα
1462 597 1822 666 ἐπιστάμενος
1842 596 1978 666 ᾔδει,

313 682 396 738 ὅτι
417 684 578 749 αὐτὸς
607 679 676 756 ἦν
711 687 739 739 ὀ
769 685 1252 757 ύπηρετησάμενος
1274 688 1340 756 τῇ
1377 684 1472 740 τοῦ
1501 683 1744 738 διαϐόλου
1770 684 1980 737 ἐπιϐου-

312 772 379 842 λῇ
398 785 447 836 ι,
481 772 574 825 καὶ
601 775 668 844 τῇ
701 772 991 845 βασκανίᾳ,
1019 774 1086 846 ῆν
1109 772 1240 844 περί
1267 773 1358 826 τδν
1381 772 1666 844 ἄνθρωπον
1700 770 1979 836 ἐπεδείξα-

310 873 390 919 το,
429 857 520 912 ἵνα
549 858 727 931 μάθῃς
758 857 923 913 αὐτοῦ
974 858 1072 929 τὴν
1115 858 1448 929 ἀγαθότητα,
1487 857 1602 921 πῶς
1644 858 1731 910 ἐπ’
1755 857 1979 911 ἐκείνων

314 944 411 1014 μέν
461 945 556 998 καὶ
597 943 754 1009 εἰδὼς
785 945 864 1015 τῷ
895 945 999 1017 μὲν
1042 945 1213 1014 ἔλεγε,
1255 945 1378 1000 Ποῦ
1404 941 1491 1010 sl;
1541 945 1632 1009 Τίς
1657 943 1982 1013 ἀνήγγειλέ

311 1045 407 1084 σοι
437 1030 524 1084 ὅτι
558 1031 786 1101 γυμνὸς
815 1029 904 1100 cf;
938 1033 1004 1102 τῇ
1038 1031 1093 1085 δὲ
1130 1031 1301 1099 ἔλεγε,
1345 1031 1412 1086 Τί
1441 1031 1618 1085 τοῦτο
1653 1031 1981 1098 ἐποίησας;

311 1117 405 1169 ἐπὶ
450 1117 542 1171 τοῦ
585 1117 823 1188 πονηροῦ
876 1117 1067 1171 τούτου
1111 1117 1316 1189 θηρίου-
1341 1117 1494 1170 οὐδὲν
1531 1117 1770 1171 τοιοῦτον
1814 1119 1977 1184 ποιεῖ,

307 1203 442 1257 ἀλλά
465 1203 542 1269 τί;
583 1205 689 1258 Kal
710 1200 841 1257 εἶπε
871 1205 1084 1272 Κύριος
1117 1207 1151 1258 ό
1182 1203 1326 1271 Θεὸς
1352 1199 1431 1272 τῷ
1453 1204 1602 1272 ὄφει,
1622 1203 1743 1257 Ὅτι
1773 1203 1978 1271 ἐποίη-

307 1305 426 1356 σας
455 1289 653 1344 τοῦτο.
686 1286 839 1354 Εἶδες
865 1292 1162 1361 διαφοράν;
1208 1292 1287 1362 Τῇ
1340 1291 1438 1361 μὲν
1463 1291 1680 1361 γυναικί
1708 1291 1880 1359 έλεγε,
1919 1289 1982 1345 Τί

307 1377 484 1430 τοῦτο
520 1378 854 1445 ἐποίησας;
896 1378 976 1448 τῷ
1013 1378 1069 1431 δὲ
1101 1379 1244 1448 δφει,
1284 1378 1404 1432 Ὅτι
1447 1378 1740 1446 ἐποίησας
1777 1375 1973 1430 τοῦτο.

311 1467 433 1519 Ὅτι
474 1465 536 1518 16
567 1466 755 1530 κακὸν,
793 1467 976 1537 φησὶν,
1017 1465 1175 1520 τοῦτο
1207 1466 1467 1538 εἰργάσω,
1499 1467 1580 1520 ὅτι
1617 1467 1716 1538 τὴν
1737 1464 1978 1536 ὀλέθριον

309 1551 619 1622 συμϐουλὴν
663 1551 870 1624 ταύτην
918 1553 1232 1624 εἰσήγαγες,
1283 1555 1365 1606 ὅτι
1418 1552 1653 1624 τοσαύτη
1709 1550 1976 1623 βασκανίᾳ

309 1639 656 1709 ὑπηρετήσω,
706 1640 789 1691 61:
833 1639 976 1692 οὕτω
1023 1639 1114 1693 16v
1166 1639 1358 1709 φθόνον
1390 1640 1664 1710 ήκόνησας
1695 1637 1837 1693 κατὰ
1879 1635 1974 1691 τοῦ

304 1724 796 1796 δημιουργηθέντος
854 1726 945 1779 ὑπ’
988 1725 1144 1797 ἐμοῦ,
1190 1728 1654 1795 Ἐπικατάρατος
1709 1725 1792 1780 σὺ
1855 1725 1972 1780 ἀπὸ

305 1809 548 1865 πάντων
579 1809 697 1865 τῶν
717 1809 975 1880 κτηνῶν,
1027 1811 1124 1865 καί
1164 1813 1282 1867 ἀπὸ
1324 1813 1566 1866 πάντων
1607 1810 1726 1865 τῶν
1759 1812 1977 1880 θηρίων

303 1895 414 1964 τῆς
439 1896 571 1967 γῆς.
611 1898 736 1951 Ἐπὶ
759 1895 839 1962 τῷ
863 1897 1069 1965 στήθει
1093 1899 1193 1953 καί
1221 1899 1296 1968 τῇ
1325 1900 1523 1966 κοιλίᾳ
1547 1899 1842 1967 πορεύσῃ,
1874 1897 1972 1952 καὶ

302 1982 422 2051 τῆν
471 1983 633 2054 φάτ’ῐί
682 1983 886 2050 πάσας
944 1985 1051 2051 τὰς
1103 1986 1328 2055 ἡμέρας
1367 1986 1479 2054 τῆς
1509 1985 1656 2062 ζωῆς
1696 2000 1833 2041 σου.
1862 1987 1973 2040 Kal

301 2069 524 2138 ἔχθραν
556 2070 722 2136 θήσω
752 2071 870 2124 ἀνὰ
913 2071 1109 2140 μέσον
1161 2072 1280 2126 σοῦ
1337 2073 1435 2126 καί
1490 2071 1606 2126 ἀνὰ
1634 2073 1829 2142 μέσον
1861 2071 1972 2141 τῆς

300 2156 607 2226 γυναικὸς,
647 2157 745 2211 καί
794 2157 911 2212 ἀνὰ
963 2157 1159 2226 μέσον
1194 2159 1302 2214 τοῦ
1347 2159 1690 2228 σπέρματός
1727 2175 1844 2214 σου
1874 2160 1972 2214 καί

301 2240 417 2294 ἀνὰ
437 2241 635 2310 μέσον
664 2241 772 2296 τοῦ
804 2243 1144 2312 σπέρματος
1175 2243 1387 2312 αὐτῆς.
1419 2246 1611 2311 Αὐτός
1645 2260 1763 2300 σου
1790 2245 1969 2314 τηρή-

301 2342 398 2381 σει
431 2329 730 2397 κεφαλὴν,
764 2328 860 2382 καί
889 2328 970 2382 σὺ
1007 2330 1291 2397 τηρήσεις
1323 2331 1509 2384 αὐτοῦ
1535 2331 1816 2399 πτέρναν.

375 2421 450 2479 ς’.
478 2413 676 2468 Σκόπει
696 2431 788 2485 μοι
803 2414 1035 2469 ἐνταῦθα
1052 2415 1207 2481 τάξιν
1229 2417 1320 2470 καὶ
1341 2417 1660 2472 ἀκολουθίαν
1676 2418 1973 2491 φιλανθρω-

301 2500 432 2564 πίας
458 2501 914 2572 πεπληρωμένην.
951 2502 1062 2573 Τὴν
1098 2502 1198 2573 μὲν
1225 2506 1335 2575 γάρ
1363 2503 1630 2576 ἐρώτησιν
1650 2506 1970 2576 ποιούμενος

299 2588 409 2641 ἀπὸ
437 2587 533 2642 τοῦ
560 2587 752 2658 ἀνδρὸς
777 2587 995 2658 ἤρξατο,
1023 2585 1139 2643 εἷτα
1175 2590 1437 2660 μετῆλθεν
1470 2592 1562 2645 ἐπὶ
1590 2591 1688 2664 τὴν
1711 2594 1964 2662 γυναῖκα.

301 2675 410 2728 Καὶ
429 2674 614 2746 ἐπειδὴ
651 2669 802 2742 εἶπεν
831 2673 970 2746 αὐτὴ
991 2674 1082 2729 τὸν
1109 2677 1282 2730 αἴτιον
1309 2677 1446 2748 αὐτῇ
1471 2680 1856 2751 γεγενημένον,
1883 2681 1968 2734 ἐλ-

299 2756 408 2812 θὼν
431 2759 524 2812 ἐπὶ
551 2759 643 2812 τὸν
664 2757 807 2828 ὅφιν,
831 2759 923 2812 καὶ
948 2760 1130 2814 οὐκέτι
1157 2760 1319 2814 αὐτὸν
1341 2761 1682 2833 ἀποκρίσεως
1709 2763 1964 2832 ἀξιώσας,

297 2843 396 2914 τὴν
433 2844 700 2916 τιμωρίαν
732 2845 946 2915 ἐπάγει,
974 2846 1068 2900 καὶ
1095 2847 1354 2919 τοιαύτην
1386 2847 1462 2911 ὡς
1493 2850 1656 2903 παντί
1688 2850 1767 2920 τῷ
1792 2851 1968 2924 χρόνῳ

297 2931 768 3002 παρεκτείνεσθαι,
816 2933 910 2986 καὶ
941 2933 1029 2987 διά
1070 2936 1170 3006 τῆς
1195 2933 1370 3004 ὅψεως
1397 2935 1618 3008 διηνεκῆ
1652 2937 1966 2993 διδάσκαλον

295 3017 537 3086 γῦιεσθαι
569 3022 681 3084 τοῖς
717 3019 840 3092 ἐξῆς
870 3018 1064 3087 ἅπασι,
1099 3022 1295 3093 μηκέτι
1318 3022 1565 3094 δέχεσθαι
1593 3025 1692 3096 τὴν
1720 3025 1967 3098 ὀλεθρίαν

295 3106 512 3178 ἐκείνην
546 3107 872 3179 συμϐουλὴν,
918 3109 1051 3178 μηδέ
1099 3109 1410 3163 ἀπατᾶσθαι
1447 3111 1561 3173 τοῖς
1594 3114 1724 3183 παρ’
1758 3114 1965 3168 ἐκείνου

299 3195 705 3264 μηχανήμασιν.
755 3193 895 3247 Ἀλλ’
924 3195 1054 3258 ίσως
1078 3195 1221 3250 εῐποι
1252 3215 1336 3260 τις
1360 3197 1444 3251 ἀν·
1471 3199 1565 3251 καὶ
1598 3201 1644 3252 εἰ
1665 3201 1693 3251 ὀ
1723 3200 1968 3266 διάϐολος

296 3281 597 3350 ἐνεργήσας
620 3278 710 3332 διὰ
737 3278 834 3333 τοῦ
860 3280 1034 3349 δφεως
1053 3281 1151 3354 τὴν
1181 3283 1486 3353 συμϐουλὴν
1513 3287 1792 3356 εἰσήγαγε,
1823 3289 1966 3353 τίνος

295 3366 481 3420 ῑνεκεν
503 3368 565 3419 16
584 3366 770 3438 θηρίον
787 3365 1053 3440 τοσαύτην
1079 3369 1337 3440 ὑπέμεινε
1365 3372 1633 3442 τιμωρίαν
1652 3389 1666 3434 ς
1689 3372 1792 3426 Καὶ
1810 3375 1968 3430 τοῦτο

293 3453 395 3524 τῆς
416 3453 623 3521 ἀφάτου
658 3453 1063 3525 φιλανθρωπίας
1093 3456 1187 3510 τοῦ
1212 3457 1346 3511 Θεοῦ
1369 3457 1527 3528 ἔργον
1555 3459 1764 3529 γέγονε.
1789 3461 1968 3516 Καθά-

297 3555 408 3612 περ
435 3537 544 3609 γὰρ
581 3538 764 3612 πατὴρ
795 3539 1144 3614 φιλόστοργος
1187 3544 1278 3598 τὸν
1331 3545 1679 3602 ἀπεκτακότα
1727 3548 1818 3602 τὸν
1851 3551 1967 3605 υἰὸν

294 3622 386 3675 τὸν
417 3623 612 3677 ἐαυτοῦ
641 3625 1075 3697 τιμωρούμενος,
1104 3627 1199 3681 καὶ
1233 3626 1331 3700 τὴν
1364 3630 1641 3702 μάχαιραν
1673 3632 1851 3686 καὶτὸ
1885 3633 1964 3698 ξί-

295 3725 415 3777 φος,
446 3708 514 3763 δι’
536 3702 600 3764 οὐ
633 3710 724 3767 τὸν
764 3711 923 3782 φόνον
948 3713 1259 3785 εἰργάσατο,
1291 3715 1514 3788 διασπᾷ,
1550 3716 1646 3771 καὶ
1688 3719 1768 3782 εἰς
1797 3719 1968 3774 πολλά

294 3796 622 3867 κατατέμνει
681 3797 844 3870 μέρη·
903 3799 995 3854 τδν
1017 3801 1197 3855 ἀὐτὸν
1243 3801 1306 3873 δὴ
1338 3802 1539 3874 τρόπον
1581 3805 1678 3858 καὶ
1708 3807 1737 3859 6
1764 3805 1964 3874 ἀγαθὸς

293 3881 446 3949 Θεὸς,
475 3883 665 3956 ἐπειδὴ
693 3883 878 3956 ῶσπερ
904 3886 1146 3959 μάχαιρά
1172 3906 1254 3952 τις
1282 3889 1661 3961 ὑπηρετήσατο
1685 3891 1747 3944 τὸ
1779 3891 1965 3964 θηρίον

291 3968 451 4024 τοῦτο
479 3973 546 4044 τῇ
580 3970 674 4025 τοῦ
706 3971 950 4026 διαϐόλου
985 3974 1307 4046 πανουργίᾳ,
1345 3976 1540 4045 ἐπάγει
1565 3978 1714 4048 αὐτῷ
1739 3979 1962 4052 διηνεκῆ

291 4058 391 4130 τὴν
410 4059 704 4131 τιμωρίαν,
728 4060 816 4113 ῖνα
841 4059 931 4113 διά
953 4060 1050 4114 τοῦ
1077 4060 1336 4130 αἰσθητοῦ
1356 4063 1544 4116 τούτου
1574 4066 1666 4118 καὶ
1685 4067 1961 4137 ὁρωμένου

291 4143 633 4216 λογιζώμεθα
685 4146 744 4199 ἐν
786 4146 888 4216 ὅσῃ
931 4145 1124 4217 ἀτιμίᾳ
1156 4137 1712 4218 κάκεῖνοςτυγχάνει.
1751 4152 1810 4204 Εἰ
1853 4153 1961 4222 γὰρ

289 4221 445 4294 οὗτος
493 4231 522 4284 6
579 4229 830 4302 καθάπερ
883 4231 1115 4301 ὄργανον
1159 4232 1642 4304 ὐπηρετησάμενος
1696 4221 1961 4308 τοσαύτης

290 4314 554 4386 ἐπειράθη
603 4316 1050 4386 ἀγανακτήσεως,
1097 4319 1256 4372 ποίαν
1293 4319 1437 4383 εἰκὸς
1470 4322 1676 4374 ἐκεῖνον
1707 4322 1959 4387 δέξασθαι

287 4401 592 4473 τιμωρίαν;
633 4401 848 4456 Μᾶλλον
897 4401 956 4456 δὲ
1001 4403 1094 4457 καί
1130 4405 1287 4458 τοῦτο
1331 4405 1430 4477 ήδη
1467 4408 1614 4479 ἡμᾶς
1657 4409 1895 4476 ἐδίδαξεν
1930 4414 1958 4465 6

290 4488 521 4557 Χριστὸς
544 4487 633 4542 6:6
665 4487 774 4542 τῶν
801 4488 959 4544 θείων
979 4491 1324 4560 Εὐαγγελίων
1352 4494 1579 4563 φάσκων
1599 4495 1734 4566 πρὸς
1753 4496 1879 4560 τοὺς
1899 4497 1958 4564 ἐξ

286 4575 581 4647 εὐωνύμων
611 4576 870 4640 ἑστῶτας,
900 4581 1232 4648 Πορεύεσθε
1267 4581 1369 4635 ἀπ’
1401 4582 1576 4651 ἐμοῦ,
1609 4586 1665 4637 οἰ
1703 4599 1952 4653 κατηραο

282 4662 475 4733 μένοι,
512 4665 600 4728 εἰς
631 4663 699 4715 τὸ
735 4661 885 4735 [142]
914 4664 1034 4733 πῦρ
1055 4664 1123 4718 τὸ
1141 4665 1400 4730 αἰώνιον,
1424 4667 1490 4720 τὸ
1512 4668 1958 4739 ἡτοιμασμένον

284 4747 367 4815 τῷ
389 4748 646 4817 διαϐόλῳ
674 4750 772 4804 καί
794 4749 920 4817 τοῖς
939 4751 1217 4820 ἀγγέλοις
1241 4753 1446 4807 αὐτοῦ.
1483 4755 1706 4827 Ἐκείνῳ
1726 4759 1834 4829 γὰρ
1855 4759 1957 4813 πά-

284 4837 373 4892 λαι
404 4837 561 4892 τοῦτο
591 4836 935 4908 ἡτοίμασται,
966 4838 1058 4890 καὶ
1082 4839 1258 4892 ἐκεῖνο
1289 4838 1350 4892 16
1375 4838 1637 4893 ἄσϐεστον
1661 4843 1771 4913 πῦρ
1797 4845 1955 4898 αὐτὸν

283 4919 586 4990 ἐκδέχεται.
625 4920 693 4973 Τί
731 4915 824 4974 οὖν
860 4919 926 4973 ἂν
966 4920 1052 4991 εἴη
1101 4919 1430 4992 ἀθλιώτερον
1461 4921 1568 4974 τῶν
1598 4923 1665 4976 δι’
1699 4925 1956 4994 ἀμέλειαν

281 5003 382 5073 τῆς
409 5003 614 5066 οἰκείας
645 5003 919 5074 σωτηρίας
955 5005 1180 5066 ἐαυτούς
1210 5003 1395 5076 ἐκείνῃ
1435 5006 1502 5074 τῇ
1547 5005 1788 5078 τιμωρίᾳ
1826 5008 1955 5061 καθ-

287 5084 555 5139 ιστώντων
586 5085 920 5150 ὑπευθύνους
946 5089 1013 5158 τῇ
1042 5085 1234 5157 ἐκείνῳ
1266 5089 1672 5160 ήτοιμασμένῃ;
1702 5091 1822 5144 Ὅτι
1847 5092 1954 5164 γὰρ

283 5170 434 5239 ἡμῖν,
465 5169 523 5240 ,εἰ
568 5167 971 5239 βουληθείημεν⁵
999 5171 1200 5242 ἀρετὴν
1250 5170 1636 5240 ἐπιδείξασθαι,
1689 5174 1782 5226 καὶ
1842 5179 1953 5241 τοῖς

282 5251 436 5322 παρά
482 5251 589 5304 τοῦ,
617 5253 854 5324 Χριστοῦ
903 5252 1106 5307 τεθεῖσι
1143 5255 1328 5324 νόμοις
1364 5256 1613 5319 ἕπεσθαι,
1643 5259 1674 5328 ή
1708 5257 1953 5327 βασιλεία

279 5333 632 5404 ἡτοίμασται,
667 5333 832 5387 αὐτοῦ
872 5334 1045 5389 πάλιν.
1079 5336 1311 5392 ἄκουσον
1353 5337 1620 5405 λέγοντος·
1678 5339 1856 5392 Δεῦτε
1897 5343 1952 5394 οἱ

279 5415 672 5485 εὐλογτυιένοι
720 5417 826 5471 τοῦ
866 5419 1096 5490 Πατρός
1141 5436 1281 5489 μου·
1313 5421 1806 5490 κίηρονομήσατε
1838 5421 1953 5490 τὴν

282 5498 739 5568 ἡτοιμασμένην
788 5501 932 5571 ὑμῖν
963 5502 1294 5567 ,Βασιλείαν
1338 5502 1457 5557 ἀπὸ
1492 5503 1831 5572 καταϐολῆς
1861 5506 1961 5558 κό-

282 5594 463 5648 σμου.
488 5576 639 5644 Εἶδες
666 5582 856 5654 ἐκείνῳ
887 5584 985 5654 μὲν
1016 5585 1074 5638 τὸ
1104 5586 1365 5641 ἄσϐεστον
1393 5585 1503 5656 πῦρ
1529 5588 1949 5656 ἡτοιμασμένον,

284 5663 416 5733 ἡμῖν
437 5663 514 5730 δὲ,
547 5666 596 5717 εί
621 5665 696 5738 μὴ
723 5668 1163 5740 ῥᾳθυμήσαιμεν,
1190 5668 1287 5739 τὴν
1313 5668 1621 5738 βασιλείαν;
1647 5669 1829 5722 Ταῦτα
1846 5670 1955 5722 τοί-

285 5761 379 5796 νυν
423 5744 728 5813 ἐννοοῦντες
772 5752 866 5803 καὶ
909 5751 1022 5822 βίου
1053 5750 1460 5823 ἐπιμελώμεθα,
1501 5751 1596 5804 καί
1628 5750 1726 5820 τὴν
1758 5752 1956 5806 κακίαν

353 5840 378 5870 ⁸
403 5839 527 5906 Reg.
551 5855 682 5907 unus
707 5847 969 5912 συμϐουλῇ.

1137 221 1196 276 8.
1233 217 1518 276 JOANNIS
1551 213 2039 275 CHRYSOSTOMI
2077 212 2397 273 ARCHIEP.
2431 213 2978 273 CONSTAN’I’INOP.

3654 213 3756 271 ηε

2087 330 2402 402 φεύγωμεν,
2429 329 2524 385 καὶ
2554 331 2823 402 μηδέποτε
2849 327 3186 400 ἀπατώμεθα
3219 329 3340 394 ταῖς
3375 328 3470 384 τοῦ
3509 330 3758 385 διαϐόλου

2088 421 2375 490 μηχαναῖς.
2421 417 2582 482 Ἀλλ’,
2609 419 2658 471 εἰ
2686 416 2938 488 βούλεσθε
2981 417 3075 471 καὶ
3116 417 3190 488 μὴ
3220 418 3565 487 ἀπεκάμετε,
3597 418 3759 472 πάλιν

2084 505 2166 567 εἰς
2208 507 2371 570 μέσον
2403 505 2698 574 ἀγάγωμεν
2725 503 2824 576 τὴν
2859 503 3134 574 τιμωρίαν
3163 503 3266 574 τὴν
3292 503 3372 574 τῷ
3402 504 3524 572 δφει
3553 505 3758 573 ἐπαγο-

2088 591 2277 662 μένην,
2303 592 2368 644 ῖν’
2399 591 2542 645 οὕτω
2569 591 2711 646 κατά
2735 591 2928 662 μικρὸν
2950 592 3029 655 εἰς
3057 589 3118 645 16
3139 591 3291 653 τέλος
3318 591 3420 661 τῆς
3445 591 3598 661 δίκης
3623 591 3761 660 φθά-

2088 693 2278 741 σαντες
2307 678 2504 748 ίδωμεν
2534 677 2635 749 τῆς
2664 676 3072 748 φιλανθρωπίας
3118 674 3211 729 τοῦ
3251 675 3386 728 Θεοῦ
3421 675 3480 729 τὸ
3507 677 3752 747 μέγεθος.

2085 764 2148 816 Εἰ
2195 765 2301 834 γὰρ
2339 764 2612 835 ἂνθρωποι
2650 764 2910 836 δικαστὴν
2952 763 3184 834 ὁρῶντες
3224 763 3484 827 πολλάκις
3521 765 3758 838 δημοσίᾳ

2085 850 2411 921 καθήμενον,
2443 852 2536 905 καὶ
2564 852 2663 924 τὴν
2684 850 2824 905 κατά
2847 853 2956 904 τῶν
2979 851 3282 905 καταδίκων
3307 851 3485 922 ψῆφον
3508 852 3758 924 ἐκφέρον-

2085 953 2173 1002 τα,
2196 936 2282 991 διά
2311 938 2490 1008 πάσης
2519 938 2732 1010 ἡμέρας
2763 939 3161 1009 παραμένουσι,
3188 939 3281 991 καὶ
3302 939 3400 992 οὐκ
3429 939 3755 1007 ἀφίστανται

2088 1023 2281 1094 μέχρις
2323 1023 2390 1077 ἂν
2421 1024 2601 1078 ἴδωσιν
2627 1024 2934 1079 ἀναστάντα
2957 1024 3049 1077 τὸν
3085 1024 3364 1096 δικαστήν·
3401 1025 3580 1096 πολλῷ
3615 1026 3753 1096 μᾶλ-

2085 1107 2175 1160 λον
2215 1111 2362 1181 ἡμᾶς
2408 1109 2504 1163 νῦν
2539 1112 2804 1182 προσήκει
2851 1110 2990 1182 μετά
3031 1109 3272 1174 πλείονος
3303 1111 3401 1182 τῆς
3448 1111 3754 1183 προθυμίας

2089 1197 2217 1252 [δεῖν
2232 1197 2324 1254 τὸν
2354 1199 2557 1268 ἀγαθὸν
2582 1199 2734 1263 Θεὸν,
2761 1199 2880 1264 πῶς
2903 1199 3002 1270 μὲν
3033 1199 3112 1270 τῷ
3138 1199 3259 1268 ὄφει
3292 1199 3524 1270 σφοδρὰν
3551 1199 3647 1270 τὴν
3671 1217 3754 1253 τι-
3865 1199 3868 1203 ’

2088 1285 2298 1356 μωρίαν
2328 1287 2653 1360 ἐπιτίθησιν,
2680 1287 2767 1342 ἵνα
2792 1287 2879 1342 διὰ
2902 1287 2996 1341 τοῦ
3032 1285 3292 1358 αἰσθητοῦ
3323 1286 3513 1340 τούτου
3538 1285 3749 1358 θηρίου,

2083 1366 2128 1441 ᾧ
2153 1373 2341 1446 ὥσπερ
2371 1375 2587 1447 ὀργάνῳ
2625 1376 2898 1447 ἐχρήσατο
2937 1377 2966 1427 6
3000 1374 3231 1446 πονηρὸς
3267 1373 3474 1444 δαίμων
3519 1373 3748 1436 ἐκεῖνος.

2081 1461 2332 1531 αἴσθησιν
2362 1463 2491 1532 ἡμῖν
2515 1462 2774 1536 παράσχῃ
2794 1465 2891 1534 τῆς
2920 1460 3220 1532 μελλούσης
3252 1461 3458 1514 ἐκεῖνον
3481 1460 3751 1531 τιμωρίας

2082 1547 2414 1617 ἐκδέχεσθαι·
2444 1548 2561 1613 πῶς
2597 1549 2652 1602 δὲ
2693 1549 2828 1620 μετὰ
2858 1547 3071 1617 φειδοῦς
3101 1546 3411 1618 σύμμετρον
3437 1547 3628 1614 ἐπάγει
3656 1546 3750 1600 καὶ

2079 1638 2147 1706 τῇ
2176 1637 2392 1704 γυναικί
2420 1637 2514 1690 καὶ
2539 1636 2616 1707 τῷ
2640 1637 2793 1708 ἀνδρί
2819 1637 2916 1708 τὴν
2947 1635 3283 1706 ἐπιτίμησιν,
3313 1633 3588 1687 νουθεσίαν
3614 1633 3747 1703 mn-

2079 1722 2171 1776 λον
2194 1722 2441 1793 ἔχουσαν,
2467 1724 2500 1794 ἢ
2528 1724 2762 1778 κόλασιν·
2791 1724 2878 1778 ἵνα
2903 1722 3072 1777 ταῦτα
3099 1723 3274 1777 πάντα
3303 1721 3442 1791 μετά
3462 1721 3748 1792 ἀκριϐείας

2082 1810 2450 1880 σκοπήσαντες
2503 1808 2870 1881 θαυμάσωμεν
2913 1809 3014 1882 τὴν
3053 1808 3147 1863 τοῦ
3202 1807 3577 1878 φιλανθρώπου
3611 1808 3748 1861 Θεοῦ

2080 1897 2424 1967 κηδεμονίαν,
2457 1897 2523 1967 ἣν
2557 1897 2683 1968 περί
2713 1897 2812 1967 τὴν
2841 1896 3002 1965 φύσιν
3031 1895 3397 1950 ἐπιδείκνυται
3430 1893 3526 1965 τὴν
3553 1895 3750 1964 ἡμετέ-

2081 1999 2200 2053 ραν.
2229 1983 2295 2035 Τί
2335 1977 2428 2035 οὖν
2465 1999 2631 2052 φησι;
2657 1983 2765 2036 Kal
2798 1979 2930 2037 εἷπε
2955 1985 3170 2052 Κύριος
3213 1986 3246 2037 ό
3291 1982 3436 2048 Θεὸς
3474 1979 3554 2046 τῷ
3593 1981 3744 2050 ὄφει,

2080 2069 2198 2121 Ὅτι
2221 2068 2512 2136 ἐποίησας
2539 2069 2734 2134 τοῦτο,
2768 2069 3189 2138 ἐπικατάρατος
3245 2069 3326 2123 σὺ
3355 2069 3474 2124 ἀπὸ
3505 2070 3747 2122 πάντων

2077 2153 2197 2208 τῶν
2234 2153 2491 2223 κτηνῶν,
2523 2156 2621 2210 καί
2661 2154 2780 2210 ἀπὸ
2803 2156 3045 2210 πάντων
3084 2153 3204 2210 τῶν
3221 2156 3440 2224 θηρίων
3467 2153 3577 2223 τῆς
3608 2152 3741 2224 τῆς.

2089 2241 2213 2294 Ἐπί
2253 2241 2331 2305 τῷ
2350 2241 2556 2307 στήθει
2586 2243 2684 2296 καί
2715 2241 2790 2312 τῇ
2817 2244 3017 2311 κοιλίᾳ
3041 2259 3158 2298 σου
3180 2244 3473 2311 πορεύσῃ,
3508 2242 3605 2296 καί
3627 2240 3746 2310 γῆν

2041 2399 2044 2402 ᾳ
2073 2326 2235 2398 φάγῃ
2273 2327 2473 2394 πάσας
2503 2330 2609 2395 τὰς
2638 2330 2861 2399 ἡμέρας
2886 2331 2998 2399 τῆς
3023 2330 3172 2398 ζωῆς
3209 2347 3344 2383 σου.
3387 2329 3494 2383 Kal
3524 2329 3748 2398 ἔχθραν

2075 2413 2242 2482 θήσω
2277 2416 2394 2469 ἀνὰ
2419 2416 2614 2485 μέσον
2645 2416 2761 2471 σοῦ
2792 2416 2892 2470 καί
2927 2418 3043 2471 ἀνὰ
3059 2416 3254 2485 μέσον
3289 2415 3401 2484 τῆς
3439 2415 3743 2485 γυναικὸς,

2075 2499 2174 2554 καί
2204 2500 2320 2555 ἀνὰ
2344 2501 2537 2570 μέσον
2569 2503 2675 2557 τοῦ
2711 2503 3053 2572 σπέρματός
3092 2519 3208 2556 σου
3259 2501 3359 2556 καί
3394 2502 3512 2557 ἀνὰ
3550 2501 3747 2570 μέσον

2073 2587 2181 2641 τοῦ
2207 2586 2546 2656 σπέρματος
2577 2589 2788 2659 αὐτῆς.
2816 2591 3008 2656 Αὐτός
3028 2607 3144 2645 σου
3172 2589 3418 2659 τηρήσει
3444 2588 3741 2658 κεφαλὴν,

2073 2673 2170 2727 καί
2204 2674 2286 2728 σὺ
2313 2675 2592 2743 τηρήσεις
2620 2676 2806 2730 αὑτοῦ
2836 2675 3114 2744 πτέρναν.

2143 2761 2207 2826 ζ’.
2234 2762 2460 2834 Μεγάλη
2484 2765 2576 2817 καὶ
2599 2762 2854 2834 σφοδράή
2884 2763 3277 2834 ἀγανάκτησις,
3307 2762 3494 2834 ἐπειδὴ
3519 2762 3614 2816 καί
3640 2779 3742 2832 με·

2071 2848 2210 2919 γάλη
2236 2851 2334 2920 τῆς
2367 2851 2580 2922 ἀπάτης
2607 2852 2640 2922 ή
2671 2849 2965 2922 ὑπερϐολὴ,
2997 2851 3064 2920 ἣν
3092 2849 3159 2903 δι’
3185 2849 3348 2904 αὐτοῦ
3388 2851 3742 2922 προσήγαγεν

2071 2936 2100 2988 6
2131 2935 2363 3006 πονηρὸς
2395 2936 2656 3001 διάϐολος.
2691 2937 2801 2989 Kal
2829 2936 2957 2990 εἷπε
2987 2936 3198 3004 Κύριος
3227 2939 3260 2990 ὁ
3299 2937 3442 3002 Θεὸς
3470 2935 3550 3002 τῷ
3584 2936 3737 3004 ὄφει,

2076 3022 2194 3075 Ὀτι
2226 3022 2517 3090 ἐποίησας
2555 3023 2752 3077 τοῦτο.
2771 3023 3010 3095 Ἐπειδὴ,
3040 3023 3194 3094 φησὶ,
3218 3023 3441 3096 τοιαύτῃ
3468 3024 3742 3094 ὑπηρετή-

2074 3125 2152 3162 σω
2187 3109 2510 3180 πανουργίᾳ,
2543 3111 2633 3162 καὶ
2678 3109 2820 3164 οὕτω
2850 3109 2948 3182 τὴν
2973 3110 3188 3180 ἀπάτην
3223 3110 3301 3172 εἰς
3323 3109 3482 3180 ἔργον
3512 3111 3738 3180 ῆγαγες,

2072 3195 2321 3266 ὀλεθρίαν
2356 3197 2664 3266 συμϐουλὴν
2699 3197 3032 3266 εἰσαγαγὼν,
3061 3197 3154 3250 καὶ
3180 3196 3240 3248 16
3279 3197 3601 3267 δηλητήριον
3637 3197 3739 3249 αὐ-

2072 3284 2182 3344 τοῖς
2221 3281 2508 3352 φάρμακον
2535 3283 2794 3354 κεράσας·
2823 3283 3007 3356 ἐπειδὴ
3038 3283 3196 3336 τοῦτο
3225 3283 3483 3355 εἰργάσω,
3520 3283 3613 3337 καὶ
3642 3284 3742 3355 τῆς

2073 3368 2212 3438 ἐμῆς
2239 3369 2447 3431 εὐνοίας
2471 3368 2720 3424 ἐκϐαλεῖν
2749 3370 3050 3441 ἠϐουλήθης
3073 3370 3199 3433 τοὺς
3219 3370 3310 3423 ὑπ’
3329 3369 3464 3440 ἐμοῦ
3489 3369 3552 3440 δη
3561 3387 3738 3442 μιουρ·

2072 3456 2359 3525 γηθέντας,
2411 3457 2892 3527 ύπηρετησάμενος
2946 3460 3012 3528 τῇ
3065 3456 3158 3510 τοῦ
3202 3456 3441 3528 πονηροῦ
3489 3457 3742 3528 δαίμονος

2071 3541 2284 3614 γνώμῃ,
2325 3541 2417 3596 τοῦ
2451 3543 2538 3596 6:6
2576 3544 2677 3616 τὴν
2722 3543 3016 3614 βασκανίαν
3047 3544 3141 3597 καί
3170 3542 3269 3616 τὴν
3299 3543 3741 3614 ὑπερϐάλλουσαν

2072 3630 2450 3702 ὑπερηφανίαν
2471 3633 2534 3685 ἐκ
2557 3632 2666 3685 τῶν
2685 3632 2929 3704 οὐρανῶν
2959 3632 3039 3696 εἰς
3059 3632 3158 3703 τὴν
3178 3633 3284 3703 γῆν
3305 3626 3737 3703 κατενεχθέντος·

2069 3716 2157 3770 διά
2203 3717 2380 3781 τοῦτο,
2439 3717 2630 3789 ἐπειδὴ
2682 3719 2740 3771 ἐν
2787 3717 2996 3781 τούτοις
3038 3717 3255 3790 ὀργάνῳ
3308 3718 3394 3771 σοὶ
3447 3719 3743 3791 ἐχρήσατο,

2069 3801 2288 3874 διηνεκῆ
2321 3820 2403 3855 σοι
2431 3803 2529 3874 τὴν
2561 3803 2828 3874 τιμωρίαν
2858 3803 3162 3874 ἐπιτίθημι,
3202 3805 3288 3859 ἵνα
3315 3803 3404 3858 διά
3429 3805 3537 3857 τῶν
3570 3805 3647 3867 εἰς
3681 3803 3741 3857 σὲ

2069 3888 2376 3958 γενομένων
2423 3889 2453 3930 δ
2492 3888 2743 3953 κάκεῖνος
2797 3889 2998 3945 εἰδέναι
3031 3890 3130 3963 ἔχη
3165 3890 3252 3943 οἵα
3291 3890 3536 3961 τιμωρία
3573 3889 3741 3943 αὐτὸν

2067 3974 2369 4046 ἐκδέχεται,
2418 3975 2572 4048 [ιιδ]
2619 3978 2716 4030 καὶ
2762 3979 2812 4030 οί
2857 3977 2982 4049 ἑξῆς
3034 3977 3309 4049 ἄνθρωποι
3351 3977 3737 4037 παιδεύωνται.

2071 4059 2269 4130 μηκέτι
2316 4060 2620 4128 ὑπάγεσθαι
2676 4063 2799 4126 ταῖς
2844 4063 3035 4116 τούτου
3077 4059 3428 4134 συμϐουλαῖς,
3460 4063 3594 4134 μηδὲ
3641 4062 3741 4134 τὴν

2066 4147 2283 4216 ἀπάτην
2315 4146 2654 4216 προσίεσθαι,
2689 4147 2775 4200 ἵνα
2805 4148 2879 4219 μὴ
2908 4150 3022 4212 τοῖς
3052 4149 3234 4212 αὐτοῖς
3256 4149 3617 4219 περιπέσωσι.
3641 4149 3739 4202 Διά

2067 4232 2222 4286 τοῦτο
2251 4233 2649 4302 ἐπικατάρατος
2685 4235 2748 4288 σύ
2779 4235 2888 4287 ἀπὸ
2913 4235 3128 4289 πάντων
3157 4235 3266 4290 τῶν
3290 4235 3494 4306 θηρίων
3517 4246 3565 4298 ο,
3590 4237 3739 4289 ἐπει·

2064 4317 2129 4389 δὴ
2176 4319 2276 4372 οὐκ
2310 4321 2389 4380 εἰς
2426 4319 2542 4372 δέον
2577 4320 2794 4390 ἐχρήσω
2853 4323 2918 4390 τῇ
2975 4322 3258 4390 φρονήσει,
3316 4320 3452 4372 ἀλλά
3505 4320 3568 4372 16
3601 4337 3738 4392 προ-

2064 4406 2300 4477 τέρημα,
2340 4407 2476 4477 ὅπερ
2520 4401 2662 4476 εἶχες
2714 4407 2853 4477 ὑπὲρ
2884 4405 3102 4460 ᾶπαντα
3156 4406 3224 4460 τά
3251 4405 3432 4477 θηρία,
3461 4405 3618 4460 τοῦτό
3656 4424 3740 4460 σοι

2063 4494 2252 4563 γέγονε
2298 4493 2402 4546 τῶν
2463 4493 2646 4547 κακῶν
2689 4494 2943 4548 ἀπάντων
2977 4495 3168 4548 αῐτιον.
3208 4494 3261 4546 '0
3302 4494 3412 4564 γὰρ
3449 4493 3600 4562 δριςι
3636 4511 3737 4564 φη-

2064 4583 2169 4644 σὶν,
2197 4575 2275 4648 ἦν
2313 4579 2753 4650 φρονιμώτατος
2790 4579 3034 4633 πάντων
3057 4581 3177 4634 τῶν
3214 4579 3453 4648 κτηνῶν
3481 4581 3578 4634 καί
3620 4580 3738 4634 τῶν

2063 4666 2282 4731 θηρίων
2309 4661 2422 4731 τῆς
2449 4661 2579 4732 τῆς.
2621 4662 2720 4716 Διά
2745 4661 2902 4716 τοῦτο
2935 4663 3336 4734 ἐπικατάρατος
3377 4662 3441 4715 σὺ
3470 4663 3576 4716 ἀπὸ
3604 4664 3739 4717 πάν-

2060 4762 2169 4798 των
2229 4744 2337 4797 τῶν
2389 4744 2602 4815 κτηνῶν
2654 4743 2750 4796 καὶ
2805 4744 2914 4797 τῶν
2979 4745 3185 4816 θηρίων
3225 4745 3327 4814 τῆς
3359 4748 3460 4816 γῆς
3507 4747 3733 4819 γενήσῃ.

2072 4825 2212 4879 Ἀλλ’
2254 4825 2440 4897 ἐπειδὴ
2493 4826 2554 4880 16
2601 4828 2701 4896 τῆς
2754 4825 2999 4897 κατάρας
3046 4827 3147 4879 οὐκ
3183 4821 3256 4896 ἦν
3303 4825 3582 4896 αἰσθητὸν,
3616 4827 3736 4880 οὐδέ

2059 4907 2356 4978 ὀφθαλμοῖς
2400 4907 2759 4979 φαινόμενον,
2804 4909 2893 4962 διά
2937 4907 3094 4962 τοῦτο
3147 4909 3242 4962 καὶ
3284 4909 3546 4979 αἰσθητὴν
3588 4908 3737 4980 αὐτῷ

2058 4992 2330 5062 τιμωρίαν
2385 4991 2609 5059 ἐπάγει,
2666 4991 2756 5045 ἵνα
2807 4990 3072 5061 διηνεκῶς
3130 4991 3236 5062 πρὸ
3282 4991 3392 5044 τῶν
3447 4989 3736 5060 ὀφθαλμῶν

2061 5072 2272 5143 ἔχωμεν
2304 5073 2435 5143 ὀρᾷν
2461 5073 2562 5142 τῆς
2582 5073 2852 5144 τιμωρίας
2875 5072 3040 5127 αὐτοῦ
3074 5073 3143 5126 16
3171 5074 3560 5144 ὑπομνήματα.
3604 5073 3736 5128 Ἐπί

2060 5153 2140 5220 τῷ
2191 5153 2398 5220 στήθει
2443 5156 2543 5209 καί
2578 5155 2652 5224 τῇ
2691 5156 2890 5220 κοιλίᾳ
2927 5157 3218 5224 πορεύσῃ,
3259 5155 3357 5212 καί
3405 5153 3526 5223 τῆν
3575 5155 3737 5223 φάγῃ

2059 5236 2263 5301 πάσας
2292 5235 2400 5300 τὰς
2432 5235 2654 5304 ἡμέρας
2701 5235 2810 5304 τῆς
2857 5234 3006 5304 ⁴Ὲωῆς
3048 5251 3187 5290 σου·
3235 5236 3440 5306 ἐπειδὴ,
3491 5237 3645 5306 φησὶν
3671 5238 3736 5306 τῇ

2058 5318 2346 5371 διαπλάσει
2378 5318 2436 5371 οὐ
2463 5317 2690 5382 δεόντως
2712 5319 2951 5390 ἐχρήσω,
2981 5318 3117 5371 ἀλλὰ
3151 5319 3244 5370 καὶ
3286 5321 3365 5380 εἰς
3400 5317 3617 5387 ὁμιλίαν
3645 5319 3735 5369 ἐλ-

2061 5396 2173 5451 θεῖν
2211 5399 2514 5468 ἐτόλμησας
2561 5399 2638 5469 τῷ
2687 5399 2777 5452 ὑπ’
2831 5397 2965 5468 ἐμοῦ
3019 5398 3479 5470 δημιουργηθέντι
3531 5397 3736 5469 λογικῷ

2062 5479 2206 5550 ζώῳ.
2259 5483 2528 5554 Καθάπερ
2552 5483 2743 5537 τοίνυν
2763 5483 2791 5535 ὀ
2819 5481 3061 5544 διάϐολος
3105 5484 3132 5534 6
3161 5485 3462 5553 ἐνεργήσας
3500 5482 3588 5535 διὰ
3619 5481 3734 5545 σοῦ,

2061 5565 2156 5616 καί
2193 5565 2412 5636 ὀργάνῳ
2459 5567 2542 5618 σο).
2578 5565 2946 5636 χρησάμενος,
2989 5565 3178 5636 ἐπειδὴ
3214 5566 3354 5636 ὐπέρ
3387 5566 3485 5636 τὴν
3525 5565 3734 5617 οἰκείαν

2065 5642 2220 5705 ἀξίαν
2247 5644 2540 5715 ἐφρόνησεν
2559 5645 2609 5708 ά,
2638 5647 2700 5698 ἐκ
2725 5645 2837 5698 τῶν¹
2852 5643 3094 5714 οὐρανῶν
3112 5645 3439 5716 κατηνέχθη·
3461 5643 3549 5696 τὸν
3570 5641 3729 5695 αὐτὸν

2125 5727 2326 5799 ξδτλῖίιο
2355 5736 2408 5778 εί
2427 5731 2643 5799 (ΙΡίάθΨ,
2666 5745 2792 5799 .mss;
2825 5731 3162 5799 γεχενημένωγ.
3234 5733 3256 5761 ο
3282 5731 3382 5799 ᾼιιὶ
3403 5731 3498 5777 τῶν
3540 5728 3731 5799 θηρίων,

2067 5788 2150 5885 τιιῇ
2195 5792 2291 5835 τῶν
2335 5788 2534 5862 κτηνῶν.
2579 5792 2698 5841 Ibid.
2759 5788 2961 5841 Coisfm.
2995 5788 3215 5889 "éykpﬁcu
3266 5797 3324 5853 τῇ
3375 5788 3727 5853 προσφωνῆσα.

2143 5850 2321 5896 Επειδῆ
2345 5867 2402 5896 τα
2423 5854 2502 5896 ὑπ.
2526 5853 2595 5896 ἀξ.
2623 5853 2721 5896 Eoo.
2744 5853 3041 5896 τὴνὲαυτου.
3069 5855 3149 5896 ζιε
3175 5852 3370 5896 cuidam
3409 5863 3523 5896 mm.

2185 5852 2323 5908 πειδὴ
2345 5853 2402 5900 τὰ
2423 5854 2502 5900 ὐπ.
2526 5853 2595 5910 ἀξ.
2623 5853 2721 5903 ἐφο.
2744 5853 2838 5900 τὴν
2853 5852 3052 5901 ἐουτοῦ,
3069 5852 3149 5902 Sic
3175 5852 3370 5913 quidam
3409 5863 3523 5899 mss.
