4074 6134
475 263 567 320 Nl

480 391 596 431 rum
623 382 676 429 ct
706 372 982 428 mulierem
1014 388 1027 427 :
1059 371 1152 428 sed
1181 378 1395 440 accepta
1427 368 1493 425 ab
1520 369 1620 423 illis
1641 366 1971 428 defensione,
2004 363 2055 415 iu

478 469 647 532 illum,
670 465 818 536 quasi
841 465 1099 519 malorum
1124 472 1420 528 auctorem,
1437 475 1496 517 se
1516 459 1795 516 convertit.
1829 458 1895 512 Et
1914 458 2060 527 quia,

480 567 659 628 utpote
689 558 851 622 Deus,
878 555 964 610 cui
991 555 1151 611 etiam
1179 567 1371 609 arcana
1403 560 1525 607 nota
1553 561 1698 617 sunt,
1726 548 1925 605 sciebat
1952 563 2067 603 ser-

482 658 695 718 pentem
725 646 1106 702 ministravisse
1124 644 1318 700 diaboli
1345 643 1549 699 insidiis
1574 650 1628 698 et
1648 640 1881 703 invidiae,
1907 652 2065 709 quam

483 754 606 808 erga
640 738 907 794 hominem
936 736 1270 803 exhibuerat,
1289 735 1538 792 utdiscas
1563 734 1728 805 ipsius
1749 732 2064 795 bonitatem,

485 827 776 898 quomodo,
802 841 998 896 gnarus
1038 834 1235 893 tamen,
1266 826 1333 881 ad
1382 824 1550 881 Adam
1588 823 1802 895 quidem
1846 822 1940 890 ait,
1973 819 2071 876 Ubi

485 919 580 973 es?
620 917 748 985 Quis
784 917 1098 972 annuntiavit
1123 916 1212 972 tibi
1235 916 1372 988 quod
1395 917 1560 970 nudus
1583 916 1652 969 sis
1672 914 1699 970 2
1741 914 1868 969 Eva:
1892 920 2072 968 autem

489 994 675 1063 dixit:
708 1007 933 1064 Curltoc
958 1007 1170 1078 fecisti?
1212 1007 1335 1063 huic
1379 1007 1533 1062 mala:
1574 1005 1761 1062 bestia:
1799 1003 1930 1060 nihil
1968 1003 2075 1057 tale

492 1100 623 1156 dicit
648 1117 664 1167 ;
691 1099 785 1156 sed
810 1100 979 1171 quid?
1006 1101 1093 1155 14.
1127 1099 1192 1155 Et
1218 1101 1346 1156 dixit
1375 1098 1625 1155 Dominus
1650 1098 1788 1154 Deus
1810 1105 2027 1169 serpenti
2054 1110 2072 1150 :

496 1191 630 1256 Quia
664 1191 827 1262 fecisti
862 1191 975 1245 hoc.
1007 1190 1197 1247 Vidisti
1232 1190 1620 1248 dill‘erentiam?
1663 1190 1867 1246 Mulieri
1898 1189 2029 1245 dixit
2059 1204 2074 1244 :

494 1283 598 1338 Cur
642 1283 737 1339 hoc
783 1283 981 1355 fecisti?
1026 1282 1273 1354 Serpenti
1322 1292 1545 1340 autem:
1579 1282 1713 1351 Quia
1757 1282 1921 1355 fecisti
1958 1282 2074 1336 hoc.

495 1375 629 1443 Quia
657 1374 760 1430 hoc
783 1374 1004 1441 malum,
1033 1375 1234 1446 inquit,
1264 1384 1513 1445 operatus
1537 1389 1597 1431 es
1616 1417 1632 1442 ,
1662 1374 1784 1444 quia
1813 1373 2078 1443 pernicio-

497 1479 615 1518 sum
640 1463 742 1521 hoc
764 1464 1044 1520 consilium
1080 1464 1353 1532 induxisti,
1382 1466 1505 1536 quia
1533 1465 1654 1521 huic
1675 1464 1884 1519 invidia:
1916 1464 2077 1518 mini-

498 1554 677 1608 strasti
700 1594 716 1619 ,
760 1553 883 1624 quia
937 1554 1189 1609 invidiam
1240 1555 1429 1610 acuisti
1479 1555 1736 1612 adversus
1781 1562 2078 1610 creaturam

503 1658 699 1709 meam,
733 1642 1037 1699 Maledictus
1075 1654 1131 1698 tu
1171 1659 1279 1715 prae
1314 1644 1546 1700 omnibus
1582 1643 1862 1716 pecoribus,
1896 1654 1943 1698 et
1979 1659 2083 1713 pra:

503 1734 732 1788 omnibus
776 1734 944 1789 bestiis
983 1743 1150 1790 teme.
1189 1733 1360 1806 Super
1387 1745 1559 1806 pectus
1590 1744 1734 1789 tuum
1775 1744 1823 1790 et
1866 1743 2085 1789 uentrem

504 1834 646 1880 tuum
663 1825 931 1897 gradieris,
962 1836 1013 1881 et
1045 1836 1232 1881 terram
1265 1827 1493 1882 comedes
1524 1826 1751 1882 omnibus
1779 1826 1950 1881 diebus
1971 1826 2088 1881 vita:

506 1927 624 1972 tate.
654 1918 739 1973 15.
764 1916 833 1971 Et
854 1918 1146 1973 inimicitias
1166 1934 1351 1989 ponam
1372 1919 1503 1974 inter
1522 1927 1571 1973 te
1588 1926 1635 1973 et
1655 1918 1785 1972 inter
1803 1917 2084 1983 mulierem,

507 2018 555 2064 et
582 2010 712 2069 inter
738 2025 907 2064 semen
936 2019 1078 2064 tuum
1101 2019 1148 2064 et
1172 2010 1303 2064 inter
1329 2025 1497 2064 semen
1518 2009 1677 2064 illius.
1714 2004 1838 2080 Ipse
1858 2008 2086 2064 observa-

508 2097 579 2151 bit
600 2108 750 2167 caput
776 2106 937 2168 tuum,
965 2107 1013 2154 et
1040 2110 1095 2153 tu
1113 2099 1397 2155 observabis
1423 2101 1535 2170 ejus
1558 2099 1873 2156 calcaneum.

579 2187 632 2242 6.
662 2186 924 2258 Serpentis
942 2188 1220 2245 damnatio.
1239 2220 1312 2231 —
1328 2191 1577 2256 Attende,
1601 2206 1718 2255 oro,
1741 2191 1828 2247 hic
1847 2190 2089 2246 ordinem

511 2285 791 2333 contextus
817 2276 1075 2334 refertum
1113 2279 1211 2335 Dei
1246 2294 1370 2351 erga
1409 2279 1657 2337 homines
1696 2280 2089 2336 benevolentia.

513 2370 645 2425 Nam
673 2371 1004 2442 interrogans
1030 2387 1063 2427 a
1088 2372 1204 2430 viro
1248 2372 1467 2444 incepit,
1497 2373 1689 2430 deinde
1708 2373 1774 2429 ad
1814 2374 2090 2428 mulierem

517 2461 729 2517 transiit
773 2463 838 2518 Et
856 2473 1136 2534 postquam
1164 2465 1274 2535 ipsa
1303 2466 1456 2533 dixit,
1483 2466 1601 2537 quis
1626 2466 1726 2521 sibi
1755 2477 1940 2522 auctor
1966 2465 2099 2522 l‘uis-

515 2562 599 2608 set
628 2571 642 2607 :
674 2562 732 2608 ut
758 2562 972 2610 ventum
1000 2564 1085 2612 est
1111 2557 1176 2611 ad
1206 2566 1539 2627 serpentem,
1567 2573 1672 2612 non
1693 2557 1806 2629 jam
1835 2558 1985 2612 illum
2008 2557 2094 2612 di—

516 2656 727 2716 gnatur,
750 2653 812 2701 ut
837 2661 1152 2717 responsum
1177 2663 1243 2704 ex
1266 2664 1333 2704 eo
1354 2649 1553 2716 audiat,
1573 2649 1667 2705 sed
1692 2664 1902 2720 poenam
1926 2650 2098 2706 inten-

520 2744 617 2802 tat,
641 2746 698 2793 et
726 2738 885 2794 talem
910 2753 1029 2809 quae
1054 2739 1110 2794 in
1134 2754 1295 2797 omne
1331 2750 1539 2811 tempus
1565 2740 1903 2809 extendatur,
1931 2747 1987 2796 et
2014 2741 2096 2796 sui

519 2830 823 2898 spectaculo
858 2831 1105 2886 omnibus
1147 2832 1367 2901 posthac
1407 2831 1598 2889 futuris
1637 2833 1876 2889 doctrina
1912 2834 2000 2899 sit,
2030 2847 2099 2890 ne

522 2919 656 2975 ultra
686 2920 937 2990 pestilens
974 2920 1104 2977 illud
1143 2923 1388 2978 audiatur
1410 2924 1712 2989 consilium,
1745 2939 1916 2995 neque
1953 2925 2099 2980 locus

520 3012 843 3087 concedatur
871 3012 1072 3069 dolosis
1103 3013 1270 3084 ipsius
1307 3015 1532 3072 insidiis.
1580 3015 1685 3072 Sed
1729 3017 1867 3072 forte
1906 3016 2102 3072 dixerit

522 3101 714 3170 aliquis
744 3119 758 3156 :
785 3103 916 3159 Cum
944 3104 1187 3161 diabolus
1212 3108 1476 3176 serpentis
1511 3123 1674 3178 opera
1707 3122 1863 3174 usus,
1904 3108 2102 3163 malum

524 3192 765 3248 attulerit
791 3195 1069 3250 consilium
1093 3236 1108 3259 ,
1147 3211 1245 3252 cur
1280 3197 1465 3254 bestia:
1504 3198 1583 3253 illi
1622 3213 1780 3268 ptena
1811 3197 2104 3269 inﬂigitur?

524 3285 623 3341 Est
644 3294 700 3343 et
724 3286 825 3342 hoc
848 3286 1130 3344 inell‘abilis
1150 3289 1487 3360 benignitatis
1512 3291 1603 3345 Dei
1630 3305 1782 3361 opus.
1810 3290 1941 3345 Nam
1970 3291 2108 3345 sicut

524 3378 924 3434 amantissimus
946 3388 1099 3449 pater
1126 3381 1350 3451 puniens
1378 3397 1500 3438 eum
1530 3384 1617 3453 qui
1647 3382 1811 3436 lilium
1838 3396 1990 3437 suum
2013 3395 2106 3436 oc—

524 3466 735 3533 ciderit,
761 3476 817 3522 et
835 3467 1064 3537 gladium
1089 3479 1144 3525 et
1167 3486 1370 3537 ensem,
1395 3487 1492 3543 per
1512 3487 1670 3543 quem
1699 3471 1836 3526 illius
1859 3485 1987 3526 suus
2016 3484 2109 3526 oc-

526 3557 688 3624 cisus,
713 3557 958 3626 destruit,
980 3570 1034 3615 et
1056 3560 1109 3615 in
1132 3561 1328 3616 multas
1344 3572 1523 3632 partes
1544 3562 1857 3617 comminuit
1880 3579 1893 3615 :
1917 3560 2108 3616 eodem

530 3650 689 3705 modo
734 3651 873 3706 Deus
901 3653 1041 3722 egit;
1086 3653 1208 3723 quia
1234 3667 1455 3724 serpens
1477 3653 1627 3724 quasi
1660 3652 1867 3723 gladius
1895 3651 2107 3721 quidam

531 3739 729 3797 diaboli
755 3742 974 3797 servivit
996 3743 1232 3806 malitiae,
1260 3752 1568 3814 perpetuam
1598 3743 1694 3812 ipsi
1728 3751 1938 3812 poenam
1966 3740 2108 3796 inlli-

533 3832 629 3900 git,
654 3841 714 3886 ut
742 3847 839 3902 per
860 3832 962 3888 hoc
981 3833 1125 3904 quod
1150 3835 1250 3890 sub
1272 3850 1486 3891 sensum
1511 3843 1567 3890 et
1591 3835 1690 3890 sub
1714 3843 1989 3905 aspectum
2016 3848 2108 3889 ca-

534 3921 633 3987 dit,
676 3922 1032 3992 intelligamus
1072 3925 1126 3979 in
1164 3934 1357 3995 quanta
1404 3926 1691 3995 ignouinia
1736 3926 1805 3980 sit
1843 3925 2108 3980 diabolus.

538 4009 667 4064 Nam
706 4011 752 4066 si
792 4012 837 4066 is
881 4012 970 4082 qui
1011 4022 1068 4068 ut
1103 4015 1511 4070 instrumentum
1550 4015 1888 4081 ministravit,
1917 4024 2114 4069 tantam

535 4112 786 4170 expertus
809 4113 891 4157 est
918 4103 1330 4174 indignationem
1352 4146 1365 4170 ,
1396 4105 1555 4176 quale
1586 4106 1900 4176 supplicium
1925 4105 2114 4160 verisi-

538 4190 663 4245 mile
702 4200 786 4247 est
822 4203 1189 4263 suscepturum
1225 4195 1528 4251 diabolum?
1572 4195 1683 4253 lnio
1726 4197 1829 4253 hoc
1866 4212 1964 4253 nos
2004 4197 2113 4267 jam

536 4279 713 4336 docuit
737 4283 788 4336 in
810 4282 1004 4340 divinis
1031 4287 1319 4356 evangeliis
1342 4286 1587 4343 Christus
1608 4288 1792 4345 dicens
1817 4287 1884 4343 ad
1910 4302 2006 4343 eos
2026 4287 2117 4358 qui

539 4387 570 4427 a
598 4374 811 4430 sinistra
839 4387 965 4431 sunt
991 4381 1260 4435 constituti
1290 4398 1304 4434 :
1331 4378 1588 4435 Discedite
1617 4397 1651 4435 a
1684 4398 1764 4436 me
1786 4381 2039 4435 maledicti
2063 4379 2118 4433 in

541 4465 706 4534 ignem
741 4475 1010 4535 aeternum,
1039 4470 1125 4539 qui
1158 4482 1473 4541 praeparatus
1505 4481 1577 4527 est
1612 4473 1814 4527 diabolo
1846 4482 1892 4527 et
1930 4471 2121 4543 angelis

543 4558 652 4625 ejus
680 4556 892 4627 (Matth.
917 4557 1008 4613 25.
1025 4561 1137 4630 41).
1168 4561 1243 4614 Illi
1266 4563 1407 4617 enim
1427 4552 1554 4618 olim
1577 4572 1903 4633 praeparatus
1930 4572 2014 4618 est
2040 4563 2121 4617 in-

543 4648 932 4719 exstinguihilis
959 4651 1046 4705 ille
1071 4651 1228 4722 ignis.
1265 4653 1401 4719 Quid
1429 4669 1557 4725 ergo
1583 4655 1830 4732 miserius
1860 4655 1965 4709 illis
1983 4695 1999 4721 ,
2029 4655 2119 4724 qui

546 4738 858 4809 negligendo
903 4741 1124 4798 salutem
1164 4758 1313 4798 suam
1355 4745 1562 4814 seipsos
1604 4746 1864 4814 supplicio
1906 4746 1980 4799 illi
2023 4745 2121 4800 ob-

546 4830 734 4884 noxios
760 4830 1012 4899 reddunt,
1038 4833 1180 4903 quod
1216 4834 1427 4889 diabolo
1450 4846 1802 4905 praeparatum
1831 4836 1954 4891 est?
1989 4835 2120 4890 Nam

546 4921 685 4985 quod
710 4922 860 4977 nobis
883 4962 899 4987 ,
926 4924 970 4977 si
1000 4926 1324 4980 voluerimus
1348 4924 1598 4981 virtutem
1624 4926 1935 4996 amplexari,
1964 4935 2021 4979 et
2043 4927 2122 4981 le-

547 5026 641 5082 ges
654 5028 686 5068 a
703 5013 917 5070 Christo
935 5026 1157 5074 statutas
1170 5021 1339 5090 sequi,
1359 5030 1596 5089 paratum
1612 5020 1935 5091 sitfregnum,
1955 5022 2123 5089 ipsum

546 5105 670 5160 audi
694 5105 993 5177 loquentem
1024 5133 1038 5169 :
1073 5112 1260 5179 Venite,
1291 5116 1531 5170 benedicti
1552 5113 1725 5170 Patris
1747 5115 1864 5180 mei,
1887 5115 1939 5167 in
1961 5114 2124 5168 luere-

541 5200 759 5253 ditatem
795 5203 1005 5271 accipite
1030 5221 1238 5274 regnum
1262 5249 1276 5272 ,
1307 5210 1440 5277 quod
1472 5209 1608 5263 vobis
1633 5218 1970 5278 praeparatum
1994 5214 2067 5261 est
2094 5223 2126 5259 a

549 5291 905 5347 constitutione
931 5296 1106 5348 mundi
1145 5295 1302 5365 (Ibid.
1327 5314 1376 5351 υ.
1407 5299 1517 5367 54).
1550 5299 1736 5354 Vidisti
1762 5299 1836 5353 illi
1866 5298 2118 5353 inexstiu-

552 5382 801 5450 guibilem
829 5384 1001 5454 ignem
1034 5395 1379 5456 praeparatum
1399 5428 1416 5454 ,
1446 5389 1597 5444 nobis
1626 5400 1801 5444 autem
1823 5429 1837 5454 ,
1864 5390 1962 5443 nisi
1988 5388 2128 5443 desi-

556 5477 651 5531 des
692 5479 967 5547 fuerimus,
998 5480 1260 5549 regnum?
1304 5480 1427 5535 Haec
1465 5481 1623 5551 igitur
1666 5482 1979 5553 cogitantes,
2010 5478 2127 5534 vim

556 5581 754 5627 nostra:
780 5586 960 5628 curam
991 5588 1239 5644 agamus,
1278 5581 1333 5628 et
1366 5572 1617 5627 malitiam
1657 5570 1937 5643 fugientes,
1970 5588 2126 5626 num-

560 5676 717 5731 quam
747 5663 1018 5721 diabolicis
1051 5665 1254 5722 artibus
1282 5663 1626 5735 decipiamur.
1663 5663 1731 5719 At
1760 5662 1804 5718 si
1831 5670 1884 5716 et
1910 5677 2004 5717 vos
2031 5675 2124 5717 vo-

1569 254 1633 310 IN
1671 251 1821 307 CAP.
1854 249 1939 304 lll.
1983 245 2222 304 GENES.
2268 245 2491 305 llOMIL
2534 247 2694 306 XVII.

3656 247 3754 304 li“!

2169 361 2392 431 lueritis,
2425 376 2473 420 et
2509 364 2741 419 nondum
2770 364 2894 419 fessi
2924 366 3071 433 estis,
3102 368 3291 420 iterum
3326 365 3377 419 in
3408 364 3640 423 medium
3667 367 3752 419 at-

2170 457 2396 511 ieramus
2423 471 2633 525 poenam
2662 472 2779 526 qua:
2805 457 3036 525 serpenti
3070 456 3264 511 iullit-ta
3289 466 3391 523 est,
3417 467 3473 511 ut
3501 456 3750 524 paulatim

2168 548 2235 603 ad
2275 548 2432 605 tinem
2478 549 2660 619 jndicii
2708 558 3068 619 pioperantes,
3106 549 3379 603 videamus
3415 548 3608 603 divina:
3646 548 3753 602 elc-

2170 640 2384 696 mentite
2411 640 2847 710 magnitudinem.
2889 639 3020 695 Nam
3065 640 3108 695 si
3150 639 3392 695 homines
3417 639 3648 710 judiccm
3672 639 3754 691 vi-

2172 733 2359 790 dentes
2388 733 2598 804 publice
2624 732 2920 798 sedentem,
2948 742 2999 787 et
3047 740 3231 787 contra
3273 746 3396 787 reos
3438 728 3755 786 sententiam

2173 827 2602 897 pronuntiantem
2624 865 2640 892 ,
2681 838 2825 894 stepe
2855 831 2967 879 toto
2993 823 3079 879 die
3118 824 3189 879 ibi
3228 830 3467 890 manent,
3497 836 3594 877 nec
3635 820 3759 877 inde

2173 916 2488 983 abscedunt,
2513 915 2686 971 donec
2706 914 3007 970 surrexisse
3030 913 3261 970 viderint
3284 914 3518 984 judicent
3550 932 3562 966 :
3593 913 3761 966 multo

2176 1009 2346 1079 magis
2369 1022 2512 1064 nunc
2537 1021 2636 1063 nos
2663 1006 2872 1063 decebit
2887 1005 3119 1077 judicem
3142 1005 3330 1075 majori
3351 1020 3472 1061 cum
3490 1004 3764 1060 alacritate

2181 1099 2364 1155 videre
2390 1099 2587 1156 bonum
2615 1100 2779 1156 Deum
2796 1140 2814 1164 ,
2846 1099 3110 1171 quomodo
3136 1100 3366 1169 serpenti
3396 1113 3610 1169 gravem
3653 1113 3767 1168 pte-

2178 1206 2302 1248 nam
2328 1192 2660 1261 imposuerit,
2683 1201 2742 1247 ut
2762 1206 2859 1261 per
2878 1191 3145 1248 sensibilis
3166 1190 3323 1261 hujus
3349 1190 3531 1246 bestiae
3554 1204 3759 1260 poenas,

2181 1299 2283 1356 qua
2312 1284 2457 1339 velut
2480 1298 2681 1356 organo
2724 1298 2851 1340 usus
2887 1292 2973 1339 est
3005 1283 3268 1353 malignus
3295 1283 3382 1338 ille
3404 1282 3612 1337 dmmon
3635 1323 3648 1346 ,
3683 1283 3768 1335 in-

2184 1379 2481 1451 telligamus
2501 1420 2514 1443 ,
2541 1392 2675 1450 quas
2700 1378 2773 1433 illi
2802 1392 2985 1447 pinnas
3013 1378 3063 1431 iu
3093 1374 3270 1431 futuro
3309 1376 3504 1430 sarculo
3536 1374 3770 1429 inﬂictu-

2184 1484 2277 1525 rus
2302 1471 2374 1524 sit
2399 1488 2413 1525 :
2437 1468 2704 1540 quomodo
2734 1468 2858 1523 item
2882 1467 3211 1522 misericordi
3239 1465 3576 1536 correptione
3600 1464 3771 1519 virum

2185 1568 2240 1615 et
2267 1560 2544 1616 mulierem
2576 1562 2818 1629 castiget,
2842 1573 2960 1628 quae
2986 1557 3282 1614 admonitio
3311 1556 3487 1627 potius
3517 1556 3582 1609 sit
3613 1570 3771 1626 quam

2190 1651 2394 1720 punitio
2425 1667 2438 1703 :
2468 1661 2526 1706 ut
2564 1650 2649 1705 his
2674 1651 2922 1705 omnibus
2949 1649 3230 1720 diligenter
3250 1647 3655 1711 animadversis,
3681 1646 3778 1699 ad-

2188 1743 2444 1798 miremur
2471 1744 2750 1798 clementis
2776 1741 2868 1797 Dei
2896 1740 3282 1812 providentiam
3304 1781 3318 1807 ,
3346 1754 3504 1809 quam
3532 1739 3621 1794 ille
3649 1753 3774 1807 erga

2190 1844 2425 1889 nostram
2471 1842 2712 1888 naturam
2753 1832 2988 1888 exhibet.
3014 1830 3151 1898 Quid
3181 1845 3309 1901 ergo
3334 1831 3407 1884 illi
3439 1828 3679 1884 dictum?
3713 1829 3777 1881 lt't

2192 1926 2321 1980 dixit
2345 1923 2592 1980 Dominus
2617 1924 2751 1979 Deus
2775 1923 2992 1993 serpenti
3021 1938 3040 1977 :
3077 1922 3211 1987 Quia
3236 1920 3398 1993 fecisti
3427 1920 3539 1985 hoc,
3566 1919 3781 1972 maledi-

2192 2027 2302 2072 ctus
2338 2027 2393 2071 tu
2431 2031 2539 2085 ma:
2562 2014 2793 2070 omnibus
2824 2014 3105 2084 pecoribus,
3130 2022 3177 2067 et
3215 2026 3325 2081 pra:
3352 2011 3581 2064 omnibus
3612 2009 3781 2062 bestiis

2193 2126 2305 2181 qua:
2332 2118 2448 2165 sunt
2473 2125 2627 2179 super
2651 2118 2854 2162 terram.
2889 2107 3055 2177 Super
3088 2114 3260 2176 pectus
3295 2113 3438 2157 tuum
3477 2112 3523 2157 et
3558 2110 3779 2155 uentrem

2196 2213 2335 2258 tuum
2361 2201 2628 2272 gradieris,
2661 2210 2706 2255 et
2746 2209 2931 2254 terram
2967 2198 3196 2253 comedes
3223 2196 3452 2251 omnibus
3473 2193 3646 2247 diebus
3670 2193 3783 2247 uiue

2196 2302 2314 2349 tum.
2358 2291 2427 2347 Et
2463 2292 2752 2356 inimicitias
2785 2305 2971 2361 ponam
2999 2289 3130 2343 inter
3153 2297 3200 2341 te
3219 2296 3267 2340 et
3288 2288 3415 2340 inter
3433 2285 3713 2343 mulierem,
3738 2293 3783 2335 et

2198 2386 2328 2440 inter
2365 2401 2533 2439 semen
2568 2392 2710 2436 tuum
2745 2390 2789 2436 et
2827 2396 2996 2435 semen
3036 2381 3164 2449 ejus.
3199 2376 3319 2444 Ipse
3342 2385 3484 2430 tuum
3509 2372 3784 2429 obseruabit

2198 2483 2369 2546 caput,
2393 2482 2438 2527 et
2459 2483 2512 2528 tu
2538 2472 2821 2527 observabis
2840 2471 2951 2541 ejus
2974 2470 3289 2524 calcaneum.

2269 2569 2323 2622 7.
2372 2566 2561 2622 Gravis
2605 2573 2658 2619 et
2700 2563 2991 2618 vehemens
3039 2559 3331 2631 indignatio
3379 2575 3391 2612 :
3429 2556 3550 2627 quia
3596 2568 3785 2624 magna

2201 2659 2360 2715 etiam
2391 2667 2445 2714 et
2490 2658 2675 2725 ingens
2718 2655 2981 2725 deceptio,
3031 2666 3189 2721 quam
3222 2665 3318 2719 per
3346 2649 3494 2704 illum
3521 2647 3785 2715 malignus

2201 2750 2410 2805 daamou
2458 2748 2654 2802 intulit.
2687 2746 2752 2800 Et
2778 2745 2908 2800 dixit
2933 2743 3181 2799 Dominus
3211 2742 3344 2795 Deus
3370 2741 3588 2809 serpenti
3614 2755 3631 2792 :
3659 2738 3792 2804 Quia

2206 2839 2366 2910 fecisti
2393 2838 2505 2891 hoc.
2549 2835 2681 2904 Quia
2722 2834 2834 2902 tali,
2884 2834 3074 2904 inquit,
3119 2832 3341 2888 malitia:
3368 2829 3703 2895 ministrasti,
3733 2839 3792 2883 ut

2206 2930 2353 2985 fraus
2397 2928 2483 2982 illa
2532 2941 2696 2996 opere
2714 2925 3090 2995 complerctur,
3134 2922 3330 2976 malum
3357 2920 3635 2975 consilium
3661 2918 3791 2972 alie.

2207 3019 2394 3084 rendo,
2438 3027 2493 3073 et
2538 3016 2695 3072 letale
2724 3014 2969 3085 poculum
3001 3011 3378 3083 temperando;
3407 3009 3527 3081 quia
3556 3008 3632 3063 sic
3661 3006 3792 3062 icci-

2206 3115 2297 3180 sti,
2321 3121 2375 3168 ct
2397 3128 2427 3167 a
2458 3126 2574 3167 mea
2602 3108 2970 3166 benevolentia
2991 3106 3276 3162 excludere
3292 3103 3500 3158 voluisti
3524 3111 3796 3157 creaturas

2210 3220 2377 3272 meas,
2424 3203 2722 3260 ministerio
2766 3200 2983 3270 maligni
3032 3196 3292 3254 daemonis
3336 3194 3616 3251 sententia:
3639 3193 3786 3249 exhi-

2209 3298 2344 3363 bito,
2375 3296 2464 3367 qui
2494 3296 2562 3351 ob
2591 3293 2837 3349 invidiam
2863 3301 2920 3348 et
2949 3293 3217 3359 ingentem
3245 3285 3547 3357 superbiam
3585 3298 3735 3339 suam
3766 3298 3797 3336 e

2211 3388 2357 3443 cmlis
2384 3387 2435 3440 in
2467 3393 2661 3440 terram
2685 3383 2922 3453 dejectus
2951 3389 3033 3435 est
3061 3397 3074 3434 :
3098 3385 3381 3449 propterea
3405 3375 3527 3445 quia
3559 3381 3611 3429 te
3635 3374 3687 3427 in
3714 3371 3798 3425 his

2213 3487 2271 3534 ut
2295 3479 2648 3533 instrumento
2694 3483 2777 3530 est
2819 3487 2967 3538 usus,
2993 3461 3304 3540 perpetuam
3330 3465 3423 3522 tibi
3453 3479 3662 3535 pcenaiu
3692 3463 3797 3517 iiu-

2216 3584 2377 3642 pono,
2427 3577 2485 3623 ut
2521 3583 2618 3639 per
2661 3580 2745 3634 ea,
2790 3580 2908 3636 qua:
2952 3563 3045 3618 tibi
3089 3562 3406 3627 inferuntur,
3449 3566 3504 3613 et
3544 3558 3633 3612 ille
3660 3557 3802 3611 scire

2217 3660 2403 3731 possit,
2432 3657 2698 3728 quodnam
2741 3655 2911 3725 ipsum
2953 3659 3165 3707 maneat
3188 3647 3530 3720 supplicium,
3563 3656 3614 3701 et
3638 3645 3801 3700 l‘uturi

2220 3753 2462 3808 homines
2487 3748 2814 3812 erudiantur,
2856 3760 2924 3800 ne
2948 3744 3271 3799 seducantur
3306 3738 3503 3796 diaboli
3540 3734 3798 3800 consiliis,
3840 3762 3843 3763 ν

2219 3860 2392 3916 neque
2422 3843 2563 3898 illius
2602 3839 2817 3895 fraudes
2846 3837 3147 3902 admittant,
3175 3842 3233 3888 ut
3258 3847 3325 3888 ne
3352 3832 3404 3885 in
3430 3830 3644 3886 easdem
3670 3829 3803 3883 inci-

2196 3940 2347 3995 °dant
2386 3952 2589 4009 poenas.
2610 3968 2618 3975 ο
2637 3935 2923 4003 Pr0pterea
2950 3929 3261 3985 maledictus
3280 3940 3340 3982 es
3369 3935 3424 3980 tu
3453 3926 3589 3978 inter
3616 3936 3804 3977 omnes

2220 4032 2438 4098 bestias,
2485 4029 2606 4099 quia
2631 4025 2949 4081 calliditate‘
2970 4022 3107 4076 male
3130 4028 3184 4075 et
3217 4032 3321 4073 non
3354 4023 3411 4071 ut
3437 4012 3719 4085 oportebat
3745 4025 3804 4067 es

2223 4138 2371 4189 usus,
2402 4119 2495 4175 sed
2524 4117 2855 4189 privilegium
2900 4112 3043 4184 quod
3086 4125 3245 4181 super
3288 4107 3465 4163 omnia
3514 4104 3803 4160 animantia

2223 4212 2554 4284 possidebas,
2584 4208 2685 4265 hoc
2712 4208 2806 4264 tibi
2836 4207 2888 4261 in
2918 4204 3154 4260 omnium
3181 4200 3440 4256 malorum
3462 4197 3625 4253 cessit
3646 4209 3803 4250 occa-

2222 4308 2450 4363 sionem.
2496 4303 2671 4372 lnquit
2717 4300 2860 4356 enim
2909 4317 2924 4353 :
2987 4297 3207 4366 Serpens
3258 4301 3365 4348 erat
3412 4288 3805 4363 prudentissima

2223 4397 2447 4453 omnium
2471 4394 2758 4455 bestiarum,
2785 4406 2898 4452 quae
2920 4397 3061 4442 erant
3097 4402 3249 4457 super
3286 4394 3491 4438 terram.
3521 4381 3805 4449 Propterea

2228 4489 2540 4545 maledictus
2565 4493 2623 4538 tu
2670 4483 2809 4537 inter
2832 4480 3008 4535 omnia
3053 4479 3291 4548 jumenta
3314 4482 3370 4531 et
3394 4486 3581 4529 omnes
3607 4470 3807 4526 bestias

2229 4593 2385 4635 terrm
2432 4577 2641 4631 futurus
2670 4589 2748 4628 es.
2779 4571 2846 4625 Et
2870 4569 2991 4640 quia
3022 4565 3323 4623 maledictio
3352 4579 3458 4618 non
3493 4571 3609 4617 erat
3632 4558 3807 4614 sensi-

2228 4673 2366 4737 bilis,
2400 4682 2572 4739 neque
2612 4664 2778 4722 oculis
2803 4663 2969 4719 videri
3000 4668 3227 4732 poterat,
3255 4664 3474 4728 propter
3508 4654 3610 4706 hoc
3634 4648 3809 4705 sensi-

2230 4766 2387 4820 bilem
2428 4761 2499 4816 illi
2539 4774 2749 4829 pinnam
2778 4755 2958 4822 infert,
2995 4762 3053 4808 ut
3082 4751 3336 4808 continuo
3361 4754 3484 4801 ante
3513 4742 3699 4798 oculos
3727 4740 3807 4793 vi-

2229 4857 2355 4910 dere
2383 4852 2647 4924 possimus
2672 4847 2913 4919 supplicii
2936 4845 3053 4914 ejus
3083 4842 3424 4898 monimenta.
3450 4834 3619 4904 Super
3639 4841 3811 4924 peetus

2230 4955 2280 5001 et
2320 4922 2469 5015 super
2496 4951 2715 4997 ventrem
2743 4936 3007 5009 gradieris,
3051 4942 3098 4986 et
3120 4942 3304 4984 terram
3327 4925 3552 4980 comedes
3579 4922 3811 4977 omnibus

2231 5014 2402 5091 diebus
2429 5035 2543 5089 vine
2562 5042 2662 5085 tute
2683 5046 2702 5084 :
2730 5028 2851 5098 quia
2873 5026 3039 5080 forma
3064 5031 3150 5078 tua
3177 5021 3370 5075 abusus
3393 5031 3472 5084 es,
3498 5017 3629 5071 etin
3659 5014 3809 5069 titini-

2232 5130 2513 5184 liaritatem
2558 5121 2833 5178 rationalis
2875 5116 3119 5172 animalis
3163 5129 3193 5168 a
3239 5128 3326 5169 me
3380 5109 3581 5167 conditi
3621 5108 3810 5164 venire

2234 5236 2339 5276 non
2364 5215 2678 5273 formidasti.
2704 5212 2854 5268 Sicut
2879 5210 3040 5279 igitur
3063 5206 3323 5272 diabolus,
3365 5202 3452 5274 qui
3478 5216 3572 5272 per
3594 5210 3649 5256 te
3676 5214 3811 5269 ope-

2234 5325 2399 5377 ratus,
2444 5318 2501 5365 et
2542 5318 2593 5363 te
2636 5307 2988 5360 instrumento
3031 5316 3159 5354 usus
3188 5307 3289 5363 est,
3335 5296 3534 5352 ecatlis
3558 5293 3806 5349 deorsum

2236 5404 2485 5476 depulsus
2530 5405 2629 5463 est,
2682 5395 2803 5466 quia
2851 5394 2972 5464 plus
3017 5406 3175 5461 quam
3215 5386 3483 5459 dignitatis
3530 5401 3641 5442 sua:
3674 5384 3806 5437 erat.

2236 5474 2419 5565 sapere
2455 5490 2704 5546 volebat:
2739 5487 2809 5541 ita
2848 5484 3092 5541 similiter
3134 5483 3355 5551 impero,
3393 5488 3452 5533 ut
3489 5485 3541 5533 ct
3567 5483 3621 5526 ιιι
3657 5474 3808 5526 aliam

2307 5668 2322 5700 ¹
2351 5664 2712 5727 Coislin.,voce,
2736 5674 2841 5726 pro,
2866 5658 3129 5712 calliditate
3144 5671 3163 5721 ,'
3187 5668 3279 5706 non
3314 5651 3457 5703 male.
