4074 6134
287 242 385 294 Ξῶ

282 358 612 429 ιἰοηιιεῃὶσηίε
653 358 872 428 ligurum
919 357 1150 421 habeas;
1187 367 1242 412 et
1265 372 1425 426 super
1453 366 1647 413 terram
1679 375 1856 429 repas,

281 463 452 518 eaque
476 450 668 513 alaris;
697 457 854 518 atque
882 449 1016 503 adeo
1043 464 1110 503 ne
1137 448 1287 503 liceat
1321 449 1411 503 tibi
1441 449 1660 518 posthac
1685 453 1861 520 suspi-

282 554 426 603 cere,
468 540 561 594 sed
601 553 812 608 semper
856 538 910 592 in
960 538 1060 592 hoc
1098 553 1316 594 maneas
1357 548 1516 605 statu,
1549 549 1602 594 et
1627 541 1771 595 solus
1797 556 1859 596 ex

281 631 600 684 animalibus
623 639 762 684 terra
793 620 1061 700 pascaris;
1087 638 1140 685 et
1163 646 1335 700 neque
1370 631 1470 686 hoc
1495 631 1705 686 solum:
1737 647 1861 686 nam

289 720 355 773 Et
372 722 656 775 inimicitias
682 738 867 790 ponant
899 721 1029 775 inter
1055 731 1101 776 te
1119 731 1165 775 et
1193 723 1324 776 inter
1336 720 1611 786 mulierem,
1639 723 1768 777 inter
1779 740 1860 777 se-

281 829 391 870 men
414 820 550 864 tuum
571 820 616 866 et
637 828 801 868 senten
823 813 951 882 ejus.
975 812 1151 882 Neque
1173 812 1270 866 hoc
1284 821 1560 867 contentus
1580 828 1692 875 ero,
1721 813 1861 883 quod

276 917 434 970 super
486 911 680 956 terram
729 912 940 972 reptes,
993 903 1086 958 sed
1131 913 1185 958 et
1233 904 1497 958 inimicam
1544 903 1860 974 hederisque

276 993 508 1047 nesciam
553 993 740 1048 iaciam
791 995 882 1048 tibi
931 995 1208 1048 mulierem
1247 1009 1462 1064 :neque
1505 1009 1622 1049 eam
1667 995 1860 1062 solam,

275 1085 366 1140 sed
406 1095 461 1141 et
501 1101 687 1141 semen
716 1089 831 1155 ejus
875 1089 1063 1142 semini
1096 1096 1187 1143 tuo
1212 1090 1419 1144 hostem
1447 1099 1756 1160 perpetuum
1785 1090 1860 1145 fa-

275 1176 430 1229 ciam.
467 1175 493 1228 1
499 1193 586 1247 pse
615 1186 754 1230 tuum
779 1178 1054 1232 observabit
1074 1190 1248 1250 caput,
1291 1189 1339 1234 et
1363 1189 1418 1232 tu
1444 1181 1554 1250 ejus
1583 1181 1858 1235 obscrvabis

276 1265 584 1320 eolcaneum.
638 1268 864 1322 Tantum
911 1269 1052 1324 enim
1105 1271 1178 1323 illi
1225 1271 1388 1326 robur
1429 1271 1749 1337 concedam,
1799 1280 1858 1325 ut

273 1357 528 1412 continuo
575 1359 845 1415 incumbat
888 1359 1045 1430 capiti
1093 1372 1202 1428 tuo,
1237 1372 1288 1417 te
1333 1372 1510 1418 autem
1547 1364 1732 1418 faciam
1758 1364 1858 1418 sub

276 1448 494 1514 pedibus
537 1449 652 1518 ejus
694 1451 895 1519 jacere.
941 1452 1070 1507 Vide
1093 1453 1196 1517 hic,
1243 1453 1453 1519 dilecte,
1505 1469 1599 1523 per
1643 1469 1856 1523 pennam

277 1540 397 1594 huic
425 1541 608 1597 bestiae
635 1543 962 1612 deputatam,
991 1555 1241 1614 quantam
1269 1545 1485 1600 humani
1527 1548 1739 1616 generis
1765 1561 1856 1601 cu-

275 1645 386 1684 ram
416 1632 568 1686 nobfs
591 1632 939 1689 demonstret.
966 1634 1031 1688 Et
1059 1629 1160 1690 hoc
1189 1635 1403 1705 quidem
1433 1635 1500 1690 de
1531 1637 1719 1690 visibili
1742 1651 1858 1692 scr-

275 1731 432 1790 pente
460 1740 474 1777 :
506 1723 628 1778 licet
675 1735 851 1779 autem
883 1726 1078 1781 volenti
1125 1737 1310 1795 postea
1356 1728 1695 1782 considerare
1719 1729 1853 1782 scri-

277 1821 484 1880 ptorutn
514 1814 730 1882 seriem,
753 1823 806 1869 et
831 1830 1154 1885 cognoscere
1179 1817 1222 1870 si
1247 1816 1314 1871 de
1341 1817 1580 1872 sensibili
1607 1826 1855 1886 serpente

273 1904 388 1959 hazc
430 1904 569 1960 dicta
599 1917 741 1971 sunt,
787 1906 950 1961 multo
982 1908 1146 1978 magis
1175 1909 1480 1978 accipienda
1509 1925 1630 1966 esse
1656 1909 1724 1966 de
1747 1910 1855 1981 spi-

271 1996 445 2052 rituali
499 2008 768 2067 serpente.
817 1999 1025 2054 Etenim
1073 2007 1126 2054 et
1178 2001 1330 2056 illum
1387 2002 1608 2072 pedibus
1656 2003 1855 2058 nostris

270 2087 497 2158 subjecit
530 2090 882 2156 lmmiliatum,
910 2099 965 2146 et
993 2091 1044 2145 id
1089 2093 1331 2161 pra-stitit
1354 2101 1414 2148 ut
1434 2109 1532 2149 nos
1552 2094 1670 2164 ejus
1694 2094 1853 2164 capiti

271 2179 659 2235 incumbamus.
701 2183 892 2237 Annon
941 2182 1042 2238 hoc
1089 2184 1353 2254 signiﬁcat
1399 2185 1604 2253 dicens,
1655 2186 1856 2242 Calcate

271 2284 423 2338 super
449 2280 723 2338 serpentes,
773 2281 821 2325 et
861 2273 1149 2341 scorpiones
1183 2272 1331 2344 (Luc.
1361 2276 1447 2330 l0.
1490 2275 1615 2346 l9)?
1652 2276 1853 2332 Deinde

273 2373 340 2413 nc
371 2368 614 2428 putemus
642 2360 708 2415 de
733 2361 1072 2416 sensibilibus
1103 2362 1229 2417 feris
1254 2377 1372 2417 esse
1397 2363 1618 2432 dictum,
1641 2364 1851 2420 subdit:

281 2448 342 2502 Et
369 2465 520 2518 super
543 2465 740 2504 onmem
769 2454 998 2504 virtutem
1037 2452 1246 2506 inimici.
1282 2452 1499 2508 Vidistis
1537 2468 1600 2508 ex
1630 2453 1710 2508 his
1736 2469 1855 2524 qum

272 2539 411 2594 dicta
455 2548 578 2594 sunt
622 2541 690 2596 de
734 2556 891 2610 pecua
940 2543 1292 2598 instrumento
1337 2543 1598 2599 diabolico
1635 2545 1852 2614 inﬂicta,

273 2631 543 2699 ingentem
585 2630 678 2686 Dei
731 2632 1154 2687 humanitatem?
1204 2632 1488 2688 Veniamus
1534 2637 1756 2702 iterum,
1809 2635 1853 2690 si

272 2721 466 2790 placet,
513 2723 579 2776 ad
627 2723 923 2779 mulierem.
952 2725 1182 2794 Serpens
1209 2727 1329 2796 quia
1357 2727 1616 2782 fallaciam
1657 2728 1851 2794 intulit,

274 2820 551 2880 propterea
599 2822 653 2867 et
699 2829 908 2883 pinnam
952 2816 1064 2886 ipse
1102 2816 1306 2886 primus
1343 2819 1589 2888 accepit:
1631 2826 1686 2873 et
1731 2819 1854 2889 quia

274 2901 445 2970 primo
483 2902 759 2959 mulierem
788 2905 1014 2975 decepit,
1049 2916 1101 2962 et
1132 2906 1222 2960 illa
1250 2916 1431 2976 postea
1470 2908 1641 2962 virum
1671 2922 1854 2963 secum

270 2994 452 3058 traxit,
485 2995 604 3050 ideo
632 3005 685 3050 et
715 2997 827 3067 ipsa
861 2999 1004 3066 prior
1031 2998 1278 3067 plectitur
1306 3014 1459 3066 penna
1488 3014 1733 3069 magnam
1760 2999 1855 3054 ad-

276 3084 620 3139 monitionem
661 3085 910 3142 habente.
961 3087 1046 3142 l6.
1076 3087 1144 3140 Et
1169 3088 1368 3141 mulieri
1396 3089 1523 3142 dixit
1547 3105 1565 3142 :
1593 3087 1852 3158 Multipli-

271 3191 392 3229 cans
431 3176 770 3242 multiplicabo
813 3193 1064 3231 a’rumnas
1091 3187 1220 3244 tuas,
1249 3188 1295 3231 ct
1320 3179 1559 3248 gemitum
1599 3187 1736 3232 tuum
1765 3195 1783 3232 :
1803 3180 1855 3234 in

269 3268 528 3322 da!oribus
551 3271 716 3338 paries
744 3270 912 3337 ﬁlios;
947 3279 996 3324 et
1023 3271 1089 3324 ad
1113 3273 1274 3324 virum
1301 3281 1438 3324 tuum
1467 3272 1720 3326 conversio
1746 3282 1852 3340 tua,

271 3369 316 3412 et
339 3361 447 3430 ipse
465 3361 536 3414 tui
556 3362 913 3416 dominabitur.
938 3362 1070 3418 Vide
1091 3363 1382 3421 bonitatem
1405 3364 1636 3431 Domini,
1660 3370 1854 3435 quanta

273 3461 392 3520 post
442 3460 640 3506 tantam
692 3455 1177 3522 praevaricationem
1219 3457 1625 3512 mansuetudine
1667 3458 1850 3512 utitur.

277 3542 625 3612 Multiplicans
664 3545 1002 3616 multiplicabo
1046 3564 1298 3602 (erumnas
1337 3556 1469 3602 tuas.
1502 3547 1616 3618 Ego
1642 3548 1853 3617 quidem

277 3635 541 3705 volebam,
574 3635 760 3706 inquit,
781 3645 832 3692 te
851 3638 979 3693 citra
1001 3639 1237 3694 dolorem
1264 3648 1318 3693 et
1336 3653 1627 3694 mmmnam
1651 3639 1849 3708 vivere,

273 3728 596 3798 liberamque
623 3730 691 3785 ab
717 3730 861 3785 omni
888 3746 1119 3787 maerore
1143 3739 1197 3787 et
1235 3732 1463 3797 tristitia,
1505 3739 1560 3786 et
1588 3731 1733 3786 omni
1760 3745 1854 3786 vo-

270 3817 468 3886 luptate
500 3819 713 3890 repleri,
741 3830 794 3876 et
823 3821 946 3876 licet
965 3837 1192 3892 corpore
1217 3821 1619 3888 circumdatam,
1654 3837 1851 3892 corpo-

269 3909 527 3977 poralium
579 3924 741 3966 sensu
788 3927 892 3966 non
938 3912 1077 3968 afﬁci
1110 3931 1123 3966 :
1153 3922 1207 3967 at
1249 3914 1372 3982 quia
1417 3926 1523 3968 non
1572 3929 1666 3969 usa
1709 3929 1769 3969 es
1795 3923 1854 3970 ut

267 4006 479 4066 oportet
527 4007 671 4054 tanta
714 4001 1088 4071 prosperitate,
1135 4001 1230 4056 sed
1277 4001 1550 4056 afﬂuentia
1589 4002 1848 4058 bonorum

271 4098 382 4145 tam
409 4090 672 4160 ingratum
717 4091 811 4145 tibi
861 4093 1098 4146 animum
1153 4092 1374 4158 invexit,
1431 4101 1708 4161 propterea
1755 4093 1850 4148 tibi

269 4181 474 4234 frenum
525 4183 761 4250 impono,
820 4190 882 4236 ut
925 4196 994 4236 ne
1048 4182 1273 4250 amplius
1325 4182 1588 4248 lascivias,
1633 4183 1699 4237 ad
1752 4185 1848 4238 tri-

268 4270 443 4325 stitias
502 4278 555 4324 et
623 4271 851 4340 gemitus
925 4280 978 4326 te
1039 4271 1420 4326 condcmnans.
1496 4272 1848 4343 Multiplicans

268 4362 608 4426 multiplicabo
667 4378 920 4418 (erumnas
974 4373 1115 4429 tuas,
1175 4372 1221 4418 et
1273 4365 1509 4435 gemitum
1577 4375 1714 4419 tuum
1743 4384 1763 4419 :
1795 4367 1851 4420 in

269 4453 525 4508 doloribus
569 4454 734 4523 paries
774 4454 927 4519 ﬁlios.
972 4455 1126 4524 Rem,
1172 4455 1614 4526 inquit,-magnaa
1657 4458 1850 4512 laetitia:

269 4552 324 4599 et
351 4544 578 4598 liliorum
601 4547 1028 4616 propagationem
1053 4563 1084 4602 a
1111 4546 1296 4603 dolore
1317 4558 1370 4602 ut
1397 4548 1619 4617 incipias
1635 4547 1846 4615 faciam,

270 4644 327 4689 ut
354 4643 407 4690 et
434 4635 543 4704 ipsa
575 4651 672 4706 per
715 4637 971 4708 cujusque
1000 4647 1180 4708 partus
1212 4639 1422 4694 dolores
1467 4650 1522 4695 et
1548 4656 1844 4712 :erumnas,

270 4733 527 4796 perpetuo
551 4726 820 4782 mouearis
843 4738 1036 4797 quanta
1064 4728 1136 4781 sit
1159 4729 1360 4796 peccati
1384 4737 1438 4783 et
1473 4728 1848 4785 inobedientiac

273 4817 598 4886 magnitudo,
646 4827 700 4874 et
740 4833 808 4874 ne
833 4833 1083 4888 processu
1113 4820 1365 4887 temporis
1389 4819 1638 4874 oblivioni
1671 4823 1846 4878 tradas

267 4909 409 4977 quod
441 4908 632 4964 factum
663 4917 765 4978 est,
794 4909 888 4966 sed
916 4924 1103 4964 noscas
1132 4908 1433 4978 hujusmodi
1460 4907 1722 4966 fallaciam
1750 4913 1847 4966 ho-

268 5015 385 5052 rum
413 5001 505 5055 tibi
533 5017 745 5057 causam
772 5001 954 5056 fuisse.
984 5001 1270 5069 Propterea
1297 5000 1646 5073 Multiplicans
1673 5006 1845 5058 multi-

266 5091 461 5159 plicabo
499 5108 748 5147 aerumnas
787 5103 919 5160 tuas,
960 5102 1007 5146 et
1031 5093 1268 5163 gemitum
1313 5103 1487 5148 tuum:
1514 5095 1564 5148 in
1591 5093 1846 5150 doloribus

268 5182 433 5249 paries
492 5183 644 5249 ﬁlios.
689 5183 786 5237 llic
832 5182 1094 5251 significat
1145 5184 1545 5252 parturientiqu
1607 5184 1840 5252 dolores,

269 5273 717 5345 multiplicemque
757 5275 901 5329 illum
952 5276 1208 5343 laborem,
1254 5292 1411 5347 quem
1441 5276 1580 5332 ferre
1625 5291 1844 5333 necesse

268 5373 395 5418 est:
425 5379 616 5434 nempe
656 5373 735 5420 tot
780 5367 1073 5431 mensibus,
1113 5368 1259 5423 velut
1295 5368 1558 5424 Sarcinam
1589 5369 1841 5424 infantem

268 5465 502 5523 gestare,
552 5464 605 5511 ct
640 5456 842 5512 sentire
883 5458 1194 5528 singulares,
1248 5474 1367 5528 quae
1414 5459 1537 5514 inde
1575 5460 1839 5525 oriuntur,

271 5559 558 5613 aerumnas,
584 5547 944 5604 membrorum
973 5549 1370 5616 distorsionem,
1403 5558 1457 5604 et
1485 5549 1843 5604 intolerabiles

271 5633 389 5690 illos
415 5635 622 5694 dolores
645 5651 779 5706 quos
808 5637 935 5697 solae
968 5637 1070 5696 illae
1091 5639 1285 5709 sciunt,
1301 5655 1420 5710 qua:
1448 5649 1678 5710 experta:
1695 5647 1839 5694 sunt.

1023 243 1078 300 s.
1113 243 1390 300 JOANNIS
1427 243 1895 308 etmvsosrom
1933 225 2251 317 ARClllEP.
2287 253 2818 313 CONSTANTINOP.

3450 263 3551 318 Μι

2043 366 2095 419 8.
2129 366 2260 436 Spes
2286 368 2402 423 boui
2421 371 2579 439 futuri
2609 371 2743 424 mala
2771 371 2898 424 levat
2924 373 3211 439 prmentia.
3237 402 3304 413 -
3329 373 3522 429 Verum

1971 459 2148 507 tamen
2178 454 2446 511 doloribus
2485 466 2627 510 tanta
2659 459 2846 512 solatia
2893 460 3048 514 simul
3087 461 3367 516 admiscuit
3394 463 3546 517 beni-

1968 560 2102 614 gnus
2132 546 2291 613 Deus,
2323 559 2378 602 ut
2408 547 2578 603 ferme
2608 550 2989 605 conferendum
3016 553 3084 629 sit
3108 553 3376 621 gaudium,
3406 556 3547 622 quod

1967 651 2034 690 ex
2065 646 2189 691 nato
2232 653 2398 707 puero
2433 640 2691 708 habetur,
2723 657 2842 696 cum
2884 643 3154 697 doloribus
3199 644 3306 698 illis
3341 646 3428 714 qui
3471 655 3548 700 tot

1969 729 2242 783 mensibus
2269 739 2506 784 ventrem
2546 731 2828 788 dissecant.
2863 733 2992 788 Nam
3019 748 3137 804 quae
3167 743 3370 788 tantum
3401 736 3548 790 labo-

1968 834 2080 874 rem
2114 819 2312 885 ferunt,
2345 831 2527 891 totque
2548 822 2790 877 dolorum
2811 823 3130 878 cruciatibus
3154 824 3542 893 discerpuntur,

1967 920 2022 963 ut
2052 925 2188 980 pene
2212 910 2278 964 de
2307 913 2418 981 ipsa
2441 913 2544 966 vita
2565 912 2881 982 desperent;
2915 923 3192 983 postquam
3221 918 3540 984 pepercrint,

1965 1008 2017 1051 et
2047 998 2322 1054 doloribus
2347 1000 2542 1056 fuerint
2566 1003 2788 1069 solutae,
2816 1003 3100 1073 ltntitiaque
3130 1003 3232 1058 frui
3261 1005 3541 1074 cmperint,

1965 1089 2156 1144 iterum
2183 1093 2335 1161 quasi
2361 1092 2538 1148 oblitae
2567 1094 2806 1148 laborum
2833 1089 3093 1157 omnium,
3127 1094 3352 1149 liliorum
3385 1110 3544 1164 gene-

1964 1180 2155 1234 rationi
2200 1197 2418 1252 cperam
2463 1182 2592 1238 dant
2622 1201 2636 1236 :
2669 1183 2746 1238 sic
2774 1183 3114 1252 dispensante
3153 1183 3382 1254 benigno
3412 1185 3541 1250 Deo,

1963 1279 2021 1325 ut
2046 1271 2318 1326 hominum
2347 1281 2588 1327 servetur
2611 1288 2798 1343 genus.
2828 1273 3052 1342 Semper
3075 1273 3217 1327 enim
3246 1271 3542 1328 futurorum

1961 1362 2222 1418 bonorum
2270 1379 2392 1434 spes
2436 1364 2489 1420 id
2538 1365 2737 1432 efficit,
2782 1375 2840 1420 ut
2883 1366 3163 1434 praesentia
3211 1364 3542 1419 incommoda

1960 1454 2128 1508 levius
2157 1454 2407 1509 ferantur.
2441 1455 2495 1510 Id
2525 1456 2664 1525 quod
2695 1456 2750 1510 in
2782 1455 3200 1526 negotiatoribus
3254 1456 3374 1525 quis
3398 1456 3541 1510 vide-

1960 1544 2061 1610 rit,
2094 1546 2183 1614 qui
2227 1545 2456 1616 ingentia
2504 1547 2669 1600 maria
2703 1553 2976 1601 transeunt
2996 1587 3011 1613 ,
3042 1545 3312 1616 naufragia
3344 1551 3539 1612 ferunt,

1961 1642 2015 1689 et
2048 1635 2246 1703 piratas
2268 1676 2283 1700 ,
2329 1651 2392 1690 ac
2434 1645 2552 1706 post
2595 1636 2832 1707 pericula
2863 1638 3025 1690 multa
3051 1678 3065 1703 ,
3097 1637 3288 1706 quibus
3335 1637 3540 1692 illorqu

1959 1737 2083 1792 spes
2105 1722 2409 1791 frustratur,
2435 1740 2607 1795 neque
2634 1727 2710 1781 sic
2733 1735 2904 1780 tamen
2926 1725 3207 1792 desistunt,
3232 1728 3324 1781 sed
3350 1728 3541 1783 iterum

1958 1813 2145 1868 eadem
2191 1823 2473 1870 attentant.
2523 1816 2633 1871 Hoc
2670 1818 2829 1871 etiam
2871 1816 2940 1871 de
2969 1817 3218 1887 agricolis
3265 1833 3540 1886 possemus

1957 1906 2137 1963 dicere
2160 1909 2178 1940 ί
2207 1924 2222 1960 :
2253 1910 2451 1963 etenim
2481 1917 2536 1964 et
2564 1909 2636 1964 illi
2673 1924 2794 1963 cum
2836 1909 3096 1979 profunde
3123 1911 3390 1964 secuerint
3429 1919 3540 1965 ter-

1956 2013 2094 2064 ram,
2127 2006 2182 2053 et
2218 1990 2504 2069 diligenter
2530 2000 2894 2064 excoluerint,
2922 2003 2985 2054 ac
3023 1999 3221 2070 largam
3248 2009 3538 2055 sementem

1953 2089 2215 2158 jecerint,
2255 2103 2398 2159 smpe
2443 2090 2690 2146 ariditate
2727 2090 2812 2145 vel
2841 2089 3141 2145 immodicis
3193 2090 3381 2158 pluviis
3403 2131 3418 2156 ,
3455 2091 3538 2144 vel

1958 2179 2175 2234 tandem
2207 2179 2423 2251 quando
2453 2181 2705 2252 manipuli
2733 2181 3053 2251 colligendi,
3085 2181 3329 2250 rubigine
3353 2195 3539 2251 super-

1957 2272 2237 2338 veniente,
2270 2286 2363 2340 spe
2388 2286 2484 2328 sua
2511 2272 2766 2327 excidunt
2797 2290 2808 2325 :
2856 2281 3222 2327 verumtamen
3265 2287 3436 2341 neque
3464 2272 3538 2326 illi

1958 2361 2035 2415 sic
2061 2359 2361 2428 desistunt;
2403 2363 2495 2416 sed
2524 2363 2714 2418 iterum
2742 2371 2800 2417 ut
2829 2371 3038 2432 tempus
3059 2361 3367 2432 appetierit,
3397 2363 3538 2432 agri-

1957 2451 2225 2504 culturam
2264 2460 2540 2506 exercent.
2572 2452 2746 2521 Atque
2793 2452 2846 2506 in
2889 2451 3308 2523 quibuscumque
3352 2451 3540 2506 studiis

1958 2552 2013 2597 et
2038 2541 2240 2597 artibus
2269 2543 2372 2598 hoc
2401 2543 2614 2598 obvium
2644 2552 2746 2599 est.
2775 2542 2864 2598 Sic
2892 2545 3084 2598 mulier
3111 2558 3322 2613 quoque
3348 2553 3401 2598 et
3426 2543 3538 2612 ipsa

1958 2647 2102 2702 sape
2128 2641 2248 2702 post
2270 2643 2347 2689 tot
2372 2648 2589 2689 menses
2613 2634 2752 2700 illos,
2775 2641 2896 2703 post
2922 2633 3282 2688 intolerabiles
3306 2633 3536 2698 dolores,

1960 2734 2079 2794 post
2106 2733 2288 2780 noctes
2311 2725 2604 2790 insomnes,
2629 2734 2749 2794 post
2767 2724 3138 2790 membrorum
3159 2724 3536 2793 distensiones,

1959 2830 2122 2885 parvo
2163 2815 2398 2886 quodam
2442 2830 2570 2870 casu
2615 2815 2918 2882 incidente,
2965 2815 3090 2870 licet
3132 2825 3257 2871 ante
3287 2825 3538 2871 statutum

1959 2913 2172 2976 tempus
2219 2915 2428 2977 partum
2476 2907 2788 2962 abortiverit
2837 2906 3154 2973 informem,
3204 2917 3257 2962 et
3304 2908 3538 2963 nondum

1961 2997 2298 3053 lineamentis
2345 2997 2664 3069 ﬁguratum;
2696 2997 2782 3052 vel
2827 2996 3110 3052 formatum
3139 2998 3352 3067 quidem
3375 3039 3391 3064 ,
3433 3014 3538 3054 non

1963 3088 2225 3158 integrum
2255 3096 2452 3154 autem,
2489 3103 2662 3158 neque
2687 3103 2898 3155 sanum,
2928 3088 3014 3142 vel
3043 3089 3201 3142 etiam
3232 3103 3373 3158 saepe
3398 3105 3541 3144 mor-

1961 3187 2108 3234 tuum
2134 3219 2147 3242 ,
2179 3178 2267 3232 vix
2308 3193 2338 3233 c
2365 3179 2615 3248 periculis
2643 3179 2822 3247 elapsa
2849 3195 2863 3232 :
2895 3187 3129 3231 attamen
3177 3179 3328 3247 quasi
3375 3179 3538 3233 oblita

1960 3271 2148 3325 horum
2179 3271 2452 3337 omnium,
2499 3269 2686 3325 eadem
2725 3285 2845 3339 quae
2889 3278 3044 3323 antea
3089 3269 3189 3323 fert
3231 3279 3285 3323 et
3328 3270 3568 3337 tolerat.‘

1960 3361 2028 3414 Et
2055 3360 2180 3430 quid
2208 3360 2326 3415 dico
2355 3360 2586 3415 eadem?
2632 3359 2786 3429 Smpe
2812 3374 2932 3413 cum
2974 3358 3082 3413 fetu
3125 3367 3251 3412 nato
3279 3359 3540 3414 commori

1958 3467 2049 3507 eas
2095 3453 2393 3522 contingit,
2440 3461 2494 3505 et
2524 3466 2695 3521 neque
2735 3452 2837 3506 hoc
2874 3459 3095 3506 caeteras
3123 3459 3325 3516 terret,
3368 3467 3538 3522 neque

1959 3543 2243 3613 persuadet
2271 3552 2325 3598 ut
2353 3558 2467 3598 rem
2495 3543 2695 3614 fugiant
2722 3561 2737 3598 :
2771 3551 2968 3598 tantam
2999 3543 3139 3598 Deus
3167 3542 3404 3597 tristibus
3433 3543 3538 3600 illis

1958 3634 2152 3688 insevit
2187 3634 2514 3704 voluptatem
2557 3633 2715 3689 simul
2758 3641 2812 3688 et
2857 3633 3117 3688 laatitiam.
3162 3633 3389 3703 Pr0pter
3436 3634 3573 3689 hoc-

1956 3723 2166 3780 dicebat
2206 3742 2219 3778 :
2270 3724 2618 3796 Multiplicans
2671 3723 3015 3795 multiplicabo
3056 3740 3307 3778 wrunmas
3351 3735 3463 3779 tuas
3487 3736 3539 3780 et

1954 3815 2193 3882 gemitum
2223 3823 2404 3878 tuum;
2446 3815 2497 3867 in
2540 3813 2798 3867 doloribus
2842 3815 3007 3884 paries
3047 3812 3202 3881 ﬁlios.
3235 3813 3348 3869 Hoc
3375 3816 3534 3870 etiam

1957 3905 2202 3960 Christus
2229 3905 2438 3961 diccbat
2465 3905 2736 3974 discipulis
2762 3906 2893 3970 suis,
2920 3912 3226 3961 monstrans
3255 3917 3359 3962 tam
3389 3908 3537 3962 dolo-

1958 3995 2032 4050 ris
2057 3994 2498 4065 magnitudinem,
2519 4010 2676 4064 quam
2700 3994 2896 4048 ltetitite
2921 3995 3287 4050 excellentiam
3314 4015 3326 4050 :
3349 3995 3537 4050 Mulier

1954 4088 2158 4158 quando
2185 4089 2340 4158 parit,
2374 4088 2625 4141 tristitiam
2656 4087 2827 4152 habet,
2855 4087 3092 4157 quoniam
3120 4088 3250 4140 venit
3279 4088 3403 4140 liora
3429 4089 3537 4158 ejus

1959 4176 2145 4246 (Joan.
2176 4177 2260 4232 16.
2283 4178 2348 4232 9-1
2378 4178 2396 4246 )
2429 4193 2444 4232 :
2475 4176 2667 4232 deinde
2692 4177 2878 4232 volens
2904 4175 3057 4231 nobis
3085 4175 3358 4232 declarare
3397 4193 3533 4246 quo-

1954 4269 2115 4324 modo
2136 4269 2306 4322 tristia
2334 4268 2490 4324 simul
2519 4283 2550 4322 e
2574 4266 2752 4322 medio
2781 4267 3053 4330 tollantur,
3077 4267 3326 4337 gaudium
3357 4277 3531 4322 autent

1954 4368 2007 4415 et
2030 4360 2210 4414 laetitia
2240 4358 2564 4424 succedant,
2595 4357 2763 4428 inquit
2796 4373 2812 4413 :
2848 4357 3067 4425 Quando
3096 4366 3260 4411 autem
3289 4359 3533 4428 pepererit

1953 4468 2184 4523 puerum,
2227 4468 2328 4505 non
2362 4454 2476 4522 jam
2503 4465 2691 4504 memor
2722 4459 2794 4504 est
2822 4449 3106 4520 aﬂlictionis
3126 4489 3140 4513 ,
3171 4459 3376 4519 prapter
3399 4466 3530 4519 gau-

1952 4545 2092 4597 dium
2110 4585 2126 4609 ,
2157 4545 2276 4614 quia
2305 4553 2454 4596 natus
2481 4551 2555 4597 est
2585 4542 2734 4595 homo
2777 4541 2829 4594 in
2854 4539 3120 4594 mundum.
3154 4540 3376 4594 Vidistis
3404 4555 3531 4608 pro.

1951 4634 2236 4689 videntiam
2265 4642 2319 4688 et
2343 4647 2522 4688 curam
2561 4631 2725 4686 nostri
2765 4629 3059 4684 eximiam?
3087 4629 3292 4684 vidistis
3320 4643 3530 4698 paruam

1908 4745 1915 4748 ο
1951 4723 2328 4780 admonitionis
2369 4711 2618 4792 plenam?
2647 4719 2714 4774 In
2745 4719 3002 4775 doloribus
3032 4720 3196 4789 paries
3226 4719 3380 4787 ﬁlios.
3426 4718 3528 4773 De-

1953 4815 2096 4879 inde,
2123 4814 2203 4868 Ad
2223 4816 2385 4869 virum
2410 4824 2552 4868 tuum
2578 4813 2835 4867 conversio
2855 4820 2964 4876 tua,
2991 4821 3036 4864 et
3062 4811 3169 4879 ipse
3193 4809 3531 4864 dominabitur

1955 4908 2042 4961 tui.
2090 4907 2251 4975 Quasi
2293 4921 2353 4961 se
2393 4904 2688 4961 defendens
2732 4902 2872 4973 apud
2923 4902 3198 4956 mulierem
3243 4900 3358 4956 haec
3405 4900 3531 4956 dicit

1891 4990 1924 5016 ’“¹
1951 4999 2208 5068 benignus
2239 4997 2400 5052 Deus.
2431 4997 2572 5066 Ego,
2605 4995 2806 5064 inquit,
2839 4993 2908 5048 ab
2937 4992 3088 5047 initio
3114 4992 3318 5047 honore
3348 5006 3529 5061 parem

1951 5098 2003 5145 te
2032 5090 2285 5154 formavi,
2318 5098 2371 5144 et
2393 5088 2631 5158 ejusdem
2664 5085 2938 5156 dignitatis
2963 5085 3014 5138 in
3043 5084 3291 5139 omnibus
3318 5083 3529 5152 partici-

1950 5196 2068 5251 pem
2094 5222 2108 5246 ,
2152 5189 2208 5235 et
2236 5181 2372 5236 sicut
2412 5179 2556 5242 viro,
2589 5179 2658 5232 ita
2701 5185 2756 5232 et
2787 5177 2878 5231 tibi
2918 5176 3152 5231 omnium
3179 5176 3529 5244 principatum

1948 5269 2250 5325 concredidi
2282 5286 2294 5322 :
2319 5278 2568 5323 cmterum
2597 5267 2717 5337 quia
2739 5265 2902 5322 abusa
2929 5280 2988 5319 cs
3013 5265 3229 5320 honoris
3248 5264 3526 5334 dignitate,

1947 5362 2172 5430 subjicio
2218 5370 2268 5414 te
2293 5360 2428 5424 viro,
2477 5359 2540 5412 Et
2564 5359 2632 5410 ad
2659 5359 2822 5411 virum
2859 5367 3000 5410 tuum
3043 5356 3297 5410 conversio
3327 5365 3412 5409 tua
3435 5395 3451 5418 ,
3483 5364 3528 5407 et

1947 5451 2056 5520 ipse
2079 5451 2150 5503 tui
2171 5449 2524 5503 dominabitur.
2555 5447 2687 5514 Quia
2718 5446 2903 5500 relicto
2923 5460 2989 5501 eo
3017 5445 3107 5515 qui
3134 5444 3387 5515 dignitate
3408 5459 3523 5512 par,

2012 5586 2028 5616 ¹
2064 5586 2135 5633 sic
2157 5585 2294 5633 Savil.
2341 5582 2470 5640 Apud
2512 5582 2677 5630 Morel.
2725 5587 2777 5632 et
2819 5577 3010 5632 Montei.
3045 5594 3059 5630 :
3087 5587 3188 5630 Hoc
3225 5577 3366 5632 etiam
3395 5578 3525 5640 apud

1948 5645 2184 5709 agricolas
2197 5643 2514 5696 aninmdverti
2529 5651 2698 5707 potest.
