4074 6134
443 324 544 379 H3

436 441 507 514 εὴ
540 441 740 515 τρόπον
778 443 872 499 καὶ
909 444 969 499 σέ
998 446 1189 516 ἕτερον
1231 442 1416 518 σχῆμα
1453 447 1786 512 διαπλάσεως
1820 450 2109 507 ἀναλαϐεῖν

433 530 775 599 προστάττω,
797 532 891 586 καὶ
916 532 1009 585 ἐπὶ
1035 533 1136 604 τῆς
1160 532 1265 603 γῆς
1287 532 1566 605 σύρεσθαι,
1604 535 1700 589 καὶ
1724 535 1927 608 ταύτην
1964 537 2107 608 ἔχειν

429 618 658 689 τροφήν,
688 618 831 672 ὥστε
861 618 936 691 μὴ
960 619 1156 685 ἐξεῖναί
1188 638 1268 673 σοι
1299 620 1484 674 λοιπὸν
1510 621 1791 675 ἀνανεύειν
1809 623 1942 686 ἀνω,
1968 624 2105 679 ἀλλά

428 702 693 773 διηνεκῶς
723 707 783 759 ἐν
822 706 995 779 ταύτῃ
1027 708 1315 778 τυγχάνειν
1347 710 1413 779 τῇ
1441 708 1792 771 καταστάσει,
1830 709 1923 763 καὶ
1956 711 2108 782 παρά

431 792 609 845 πάντα
631 791 795 846 λοιπά
816 793 886 847 τά
915 793 1079 866 θηρία
1104 793 1204 865 τήν
1234 794 1339 864 γῆν
1368 794 1655 849 σιτεῖσθαι·
1685 796 1780 849 καὶ
1803 796 1925 851 ούδέ
1949 796 2108 852 τοῦτο

435 879 618 947 μόνον,
653 879 790 935 ἀλλά
824 882 932 935 Καὶ
983 881 1207 951 ἔχθραν
1248 882 1415 950 θήσω
1458 883 1577 938 dra
1617 884 1814 954 μέσον
1856 883 1974 939 σοῦ
2007 886 2107 942 καί

429 966 549 1021 ἀνὰ
566 967 764 1037 μέσον
804 968 915 1038 τῆς
942 969 1248 1039 γυναικός,
1282 969 1382 1024 καί
1418 968 1535 1026 ἀνὰ
1559 969 1756 1040 μέσον
1784 971 1892 1027 τοῦ
1921 973 2108 1041 σπέρ-

430 1054 620 1122 ματός
658 1070 780 1110 σου
827 1056 926 1110 καί
972 1055 1089 1112 ἀνὰ
1128 1057 1323 1127 μέσον
1362 1056 1469 1111 τοῦ
1514 1057 1856 1128 σπέρματος
1891 1059 2103 1129 αὐτῆς.

434 1142 548 1195 Kal
574 1142 695 1197 οὐδὲ
727 1142 900 1216 τούτῳ
920 1144 1352 1216 ἀρκεσθήσομαι,
1377 1143 1456 1215 τῷ
1480 1145 1574 1199 ἐπὶ
1601 1146 1697 1217 τῆς
1720 1146 1825 1217 γῆς
1849 1146 2108 1217 σύρεσθαί

434 1245 517 1293 σε,
552 1229 690 1283 ἀλλά
728 1231 822 1285 καὶ
855 1232 1058 1304 ἐχθρὰν
1088 1232 1350 1288 ἄσπονδόν
1390 1250 1471 1287 σοι
1508 1237 1835 1305 καταστήσω
1868 1235 1967 1305 τὴν
2011 1251 2110 1304 γυ-

434 1319 615 1372 ναῖκα’
641 1319 734 1372 καὶ
760 1319 861 1373 οὐκ
893 1319 1063 1393 αὐτὴν
1099 1320 1287 1392 μόνην,
1323 1321 1458 1375 ἀλλά
1479 1321 1573 1374 καί
1597 1321 1657 1374 τὸ
1688 1320 1910 1393 σπέρμα
1935 1322 2107 1393 αὐτῆς

433 1403 511 1473 τῷ
543 1405 819 1476 σπέρματί
865 1424 960 1460 σου
1002 1406 1257 1478 πολέμιον
1302 1407 1523 1479 διηνεκῆ
1553 1408 1880 1479 ἐργάσομαι.
1913 1410 2108 1477 Αὐτός

430 1503 553 1544 σου
575 1489 825 1559 τηρήσει
854 1493 1148 1562 κεφαλὴν,
1171 1493 1270 1547 καὶ
1289 1493 1373 1548 σὺ
1406 1493 1689 1562 τηρήσεις
1719 1494 1907 1550 αὑτοῦ
1936 1495 2110 1565 πτέρ-

434 1594 570 1632 ναν.
601 1578 710 1631 Kal
734 1579 843 1652 γάρ
875 1581 1141 1653 τοσαύτην
1178 1581 1371 1653 ἐκείνῳ
1400 1582 1501 1652 μὲν
1538 1583 1758 1655 παρέξω
1787 1582 1886 1655 τὴν
1930 1584 2107 1653 ἰσχὺν,

435 1663 513 1727 ώς
530 1663 792 1734 διηνεκῶς
812 1668 1118 1721 ἐπικεῖσθαι
1137 1670 1202 1741 τῇ
1226 1673 1294 1742 σῇ
1324 1669 1556 1741 κεφαλῇ,
1598 1670 1657 1723 σέ
1684 1670 1741 1723 δὲ
1760 1671 1875 1734 τοῖς
1901 1670 2110 1724 ἐκείνου

435 1754 596 1806 ποσὶν
624 1754 963 1811 ὑποκεῖσθαι.
988 1757 1156 1828 Ὅρα,
1187 1757 1460 1829 ἀγαπητὴ
1480 1757 1568 1812 διὰ
1603 1758 1701 1830 τῆς
1721 1756 1864 1811 κατά
1895 1756 1991 1811 τοῦ
2016 1757 2112 1829 θη·

438 1840 556 1910 ρίου
587 1841 775 1896 τούτου
803 1844 1095 1917 τιμωρίας,
1122 1847 1254 1916 ὅσην
1293 1847 1423 1917 ήμῖν
1457 1845 1791 1900 ἐνδείκνυται
1822 1845 1922 1917 τὴν
1948 1845 2113 1915 κηδε-

437 1928 649 1997 μονίαν,
709 1931 775 2002 ἢν
834 1933 963 2003 περὶ
1003 1932 1113 2015 τὴν⁹
1144 1932 1252 1987 τῶν
1293 1931 1598 2003 ἀνθρώπων
1629 1932 1792 2005 φύσιν
1824 1932 1958 2004 ἔχει.
1999 1932 2112 1986 Kal
2170 1940 2186 1960 ‘

436 2014 604 2069 ταῦτα
645 2018 743 2088 μὲν
779 2019 904 2091 περὶ
933 2019 1027 2073 τοῦ
1060 2014 1315 2092 αἰσθητοῦ
1345 2021 1541 2089 ὄφεως·
1574 2019 1751 2088 ἔξεστι
1781 2020 1837 2074 δὲ
1882 2019 1959 2091 τῷ
1989 2020 2111 2091 βου-

432 2100 644 2175 λομένῳ
692 2105 831 2175 μετά
882 2107 1041 2161 τοῦτο
1092 2110 1280 2179 τηρεῖν
1331 2107 1442 2162 τῶν
1490 2108 1961 2180 ἐγγεγραμμένων
2009 2108 2111 2178 τὴν

431 2189 773 2258 ἀκολουθίαν,
810 2191 904 2247 καί
932 2193 1150 2261 εἰδέναι,
1170 2195 1253 2248 ὅτι
1284 2196 1333 2248 εἰ
1363 2195 1493 2264 περί
1522 2194 1615 2248 τοῦ
1645 2194 1905 2265 αἰσθητοῦ
1936 2194 2111 2248 ταῦτα

430 2279 673 2351 εἴρηται,
708 2280 887 2353 πολλῷ
910 2282 1109 2353 μᾶλλον
1141 2282 1501 2354 ἐκλαμϐάνειν
1526 2282 1594 2337 τά
1616 2283 1884 2356 εἰρημένα
1912 2284 1993 2336 δεῖ
2018 2285 2111 2338 καί

432 2369 563 2440 περί
602 2369 699 2423 τοῦ
741 2372 933 2442 νοητοῦ
968 2372 1167 2441 ὄφεως.
1207 2372 1319 2427 Kal
1355 2372 1462 2445 γάρ
1496 2373 1592 2426 καὶ
1615 2375 1822 2427 ἐκεῖνον
1846 2372 1961 2426 ὑπὸ
1985 2373 2110 2437 τοὺς

433 2457 600 2523 πόδας
623 2459 781 2530 ήμῶν
803 2458 1146 2525 ταπεινώσας
1166 2464 1493 2531 κατήνεγκε,
1519 2462 1614 2516 καί
1635 2462 1782 2532 ἡμᾶς
1805 2459 2108 2514 ἐπικεῖσθαι

431 2546 596 2601 αὑτοῦ
639 2550 706 2618 τῇ
746 2549 955 2621 κεφαλῇ
1001 2549 1321 2621 πεποίηκεν.
1378 2551 1451 2604 Ἦ
1482 2551 1605 2621 ούχί
1641 2550 1801 2604 τοῦτο
1854 2550 2110 2621 σημαίνει

432 2631 631 2701 λέγων,
663 2635 911 2691 Πατεῖτε
933 2634 1134 2692 ἐπάνω
1158 2632 1355 2706 ὄφεων
1371 2637 1471 2694 καί
1490 2638 1835 2706 σκορπίωνς
1861 2633 1997 2692 Εἶτα
2022 2638 2109 2691 ἵνα

436 2720 514 2790 μὴ
530 2721 840 2794 νομίσωμεν
860 2722 1113 2794 περὶτῶν
1128 2723 1402 2795 αἰσθητῶν
1418 2723 1623 2796 θηρίων
1639 2723 1815 2777 ταῦτα
1834 2723 2108 2794 εἰρῆσθαι,

437 2808 706 2878 ἐπήγαγε’
733 2809 843 2865 Καὶ
877 2809 977 2863 ἐπὶ
1015 2808 1224 2866 πᾶσαν
1250 2810 1368 2880 τὴν
1395 2810 1653 2881 δύναμιν
1690 2811 1798 2865 τοῦ
1834 2809 2108 2880 Ἐχθροῦ.

435 2893 622 2949 Εῖδετε
666 2897 760 2950 καὶ
804 2898 869 2950 ἐκ
898 2898 999 2968 τῆς
1035 2897 1366 2969 ἐπαχθείσης
1400 2896 1479 2968 τῷ
1499 2898 1721 2969 ὀργάνῳ
1743 2896 1837 2950 τοῦ
1862 2897 2109 2952 διαϐόλου

435 2982 706 3053 τιμωρίας
746 2984 847 3055 τήν
882 2984 1328 3055 ὑπερϐάλλουσαν
1368 2984 1461 3037 τοῦ
1496 2983 1631 3039 Θεοῦ
1664 2984 2109 3056 φιλανθρωπίαν;

441 3070 768 3140 Ἔλθωμενι
807 3071 990 3137 πάλιν,
1037 3074 1087 3126 εἰ
1128 3072 1304 3136 δοκεῖ,
1338 3073 1432 3126 ἐπὶ
1464 3071 1566 3144 τὴν
1596 3074 1851 3141 γυναῖκα.
1894 3071 2111 3143 Ἐπειδὴ

438 3157 548 3228 γάρ
578 3149 734 3221 οὗτος
761 3158 860 3228 τὴν
901 3158 1119 3229 ἀπάτην
1154 3159 1438 3230 εἰσήγαγε,
1462 3158 1550 3212 διά
1586 3158 1745 3212 τοῦτο
1778 3156 1929 3231 [ML]
1959 3152 2113 3223 οὗτος

439 3245 655 3314 πρῶτος
694 3245 793 3316 τήν
834 3246 1105 3318 τιμωρίαν
1127 3245 1367 3310 ἐδέξατοο
1408 3246 1503 3300 καὶ
1532 3246 1719 3317 ἐπειδὴ
1758 3245 1983 3318 πρώτην
2014 3245 2113 3317 τὴν

438 3334 671 3400 γυναῖκα
723 3333 994 3405 ήπάτησε,
1054 3334 1147 3388 καὶ
1198 3335 1321 3388 τότε
1382 3334 1566 3405 ἐκείνη
1619 3333 1713 3387 τὸν
1770 3333 1940 3406 ἄνδρα
1983 3349 2114 3402 συγ·-

439 3421 777 3484 κατέσπασε,
807 3421 896 3475 διά
922 3422 1080 3475 τοῦτο
1103 3422 1320 3495 ἐκείνην
1354 3421 1572 3494 πρῶτον
1594 3424 1915 3494 τιμωρεῖται
1944 3438 2115 3491 τιμω-

441 3508 563 3581 ρίαν
594 3508 874 3563 νουθεσίαν
922 3509 1124 3580 πολλὴν
1176 3508 1425 3580 ἔχουσαν.
1448 3508 1557 3562 Kal
1579 3508 1649 3577 τῇ
1677 3508 1913 3578 γυναικί
1942 3504 2072 3562 εἷπε
2092 3525 2111 3541 ο

364 3644 367 3647 .
438 3597 776 3663 Πληθύνων
805 3594 1094 3664 πληθυνῶ
1117 3597 1223 3662 τὰς
1250 3597 1451 3662 λύπας
1471 3610 1587 3649 σου
1624 3595 1723 3649 καί
1760 3595 1868 3649 τὸν
1900 3610 2117 3649 στενα-

437 3680 590 3749 γμόν
606 3696 744 3735 σου’
777 3681 847 3734 ἐν
872 3682 1100 3748 λύπαις
1120 3681 1262 3750 τέξῃ
1282 3680 1485 3737 τέκνα·
1510 3681 1606 3735 καὶ
1630 3680 1780 3750 πρὸς
1798 3679 1903 3733 τὸν
1926 3678 2115 3747 ἄνδρα

437 3783 555 3822 σου
572 3767 609 3835 ἡ
634 3767 985 3838 ἀποστροφή
1006 3785 1144 3833 σου,
1164 3767 1259 3822 καί
1281 3769 1465 3834 αὑτός
1485 3783 1602 3822 σου
1624 3767 1944 3835 κυριεύσει.
1972 3767 2115 3836 Ὀρα

438 3854 711 3908 Δεσπότου
730 3854 1060 3925 ἀγαθότητα,
1074 3856 1174 3928 ὅσῃ
1186 3856 1451 3928 κέχρηται
1466 3857 1532 3926 τῇ
1552 3853 1849 3926 ήμερότητι
1868 3853 2116 3924 μετάτὴν

438 3941 705 4012 τοσαύτην
732 3941 1063 4013 παράϐασιν.
1095 3944 1428 4011 Πληθύνων
1461 3939 1752 4009 πληθυνῶ
1781 3940 1887 4004 τὰς
1913 3941 2116 4007 λύπας

435 4043 556 4083 σου
575 4029 671 4083 καί
688 4029 792 4083 τόν
801 4032 1140 4101 στεναγμόν
1150 4045 1287 4086 σου.
1306 4029 1447 4099 Ἐγὼ
1464 4029 1561 4100 μὲν
1579 4027 1904 4101 ἠϐουλήθην,
1929 4029 2112 4099 φησὶν,

436 4117 706 4171 ἀνώδυνον
747 4119 842 4172 καὶ
873 4119 1254 4190 ἀταλαίπωρόν
1275 4136 1335 4172 σε
1358 4117 1502 4189 ἔχειν
1530 4116 1695 4189 ζωὴν,
1731 4117 1909 4189 πάσης
1938 4117 2114 4188 λύπης

439 4206 532 4257 καὶ
572 4205 810 4276 ἀθυμίας
838 4206 1287 4277 ἀπηλλαγμένην,
1336 4204 1432 4258 καί
1469 4205 1651 4273 πάσης
1680 4204 1874 4275 ήδονῆς
1904 4203 2115 4274 πεπλη-

440 4293 694 4364 ρωμένην
727 4293 820 4347 καὶ
860 4293 1087 4365 μηδενὸς
1126 4292 1476 4347 αἰσθάνεσθαι
1509 4292 1619 4346 τῶν
1649 4290 1975 4363 σωματικῶν
2008 4290 2117 4345 σῶ-

440 4399 517 4453 μα
571 4383 984 4455 περικειμένηνο
1035 4385 1221 4457 ἐπειδὴ
1276 4384 1334 4437 δὲ
1385 4385 1486 4437 οὒκ
1529 4384 1746 4455 ἐχρήσω
1786 4383 1866 4447 εἰς
1901 4382 2019 4436 δέον
2048 4385 2113 4454 τῇ

438 4472 677 4543 τοσαύτῃ
732 4473 937 4536 ἀνέσει,
994 4472 1111 4526 ἀλλ’
1158 4474 1191 4542 ή
1264 4471 1549 4543 περιουσία
1610 4471 1718 4523 τῶν
1780 4469 2002 4537 ἀγαθῶν
2035 4473 2115 4535 εἰς

439 4559 707 4631 τοσαύτην
736 4576 792 4613 σε
816 4558 1209 4630 ἀγνωμοσύνην
1242 4560 1440 4628 ἤγαγε,
1469 4557 1557 4612 διά
1594 4557 1752 4611 τοῦτό
1791 4574 1873 4611 σοι
1898 4557 2115 4628 χαλινὸν

439 4645 744 4717 ἐπιτίθημι,
774 4644 914 4699 ὥστε
937 4645 1014 4718 μὴ
1044 4646 1137 4699 ἐπὶ
1169 4645 1330 4699 πλέον
1351 4644 1771 4716 ἀποσκιρτῆσαι,
1796 4643 1891 4698 καί
1920 4644 2114 4709 λύπαις

440 4735 534 4786 καὶ
564 4736 890 4804 στεναγμοῖς
930 4750 990 4786 σε
1021 4734 1049 4773 δ
1076 4731 1440 4796 καταδικάζω.
1468 4732 1797 4798 Πληθύνων
1827 4729 2116 4796 πληθυνῶ

438 4818 546 4885 τὰς
568 4820 770 4885 λύπας
796 4834 914 4874 σου
953 4819 1054 4873 καί
1092 4818 1198 4871 τὸν
1228 4819 1569 4887 στεναγμόν
1584 4831 1702 4871 σου
1727 4834 1740 4847 ο
1766 4817 1837 4870 ἐν
1891 4817 2115 4883 λύπαις

440 4906 584 4973 τέξῃ
603 4904 802 4960 τέκνα.
819 4907 931 4978 Τήν
952 4905 1230 4971 ὑπόθεσιν,
1248 4904 1519 4977 φησί-,τῆς
1531 4903 1731 4975 πολλῆς
1751 4903 2113 4975 εὐφροσύνης.

440 4995 537 5049 καὶ
563 4994 674 5047 τῶν
704 4994 912 5049 τέκνων
957 4996 1058 5067 τὴν
1096 4995 1347 5066 διαδοχὴν
1381 4993 1490 5049 ἀπὸ
1532 4993 1707 5064 λύπης
1733 4992 1999 5064 ἀρχεσθαί
2032 5010 2114 5046 σοι

441 5079 871 5152 παρασκευάσω,
899 5081 987 5134 ἵνα
1004 5083 1228 5152 διηνεκῆ
1252 5082 1381 5155 ἔχῃς
1406 5081 1500 5135 καὶ
1528 5081 1667 5150 αὐτή
1688 5080 1786 5151 τὴν
1809 5079 2115 5150 ὑπόμνησιν

438 5167 527 5222 διά
558 5168 670 5221 τῶν
698 5165 823 5219 καθ’
854 5167 1085 5221 ἕκαστον
1117 5169 1307 5240 καιρὸν
1333 5168 1560 5233 ὠδίνων,
1586 5168 1681 5220 xal
1716 5167 1824 5221 τῶν
1857 5166 2116 5238 λυπηρῶν

439 5256 548 5309 τῶν
574 5254 695 5310 καθ’
717 5254 957 5325 ἑκάστην
991 5256 1344 5325 τικτομένων,
1370 5256 1537 5309 πόσον
1560 5255 1661 5325 τῆς
1691 5255 1966 5327 ἁμαρτίας
1986 5254 2117 5307 ταύ-

440 5360 539 5414 της
572 5345 791 5415 καὶτῆς
824 5342 1113 5414 παρακοῆς
1140 5343 1201 5395 τὸ
1239 5343 1488 5415 μέγεθος,
1535 5342 1630 5396 καὶ
1678 5342 1752 5414 μή
1793 5341 1887 5396 τοῦ
1921 5341 2115 5414 χρόνου

442 5431 720 5501 προίόντος
768 5430 904 5503 λήθῃ
942 5428 1197 5501 παραδῷς
1233 5431 1295 5484 τὸ
1329 5429 1714 5500 γεγενημένον,
1760 5429 1874 5482 ἀλλ’
1920 5429 2116 5482 εἰδέναι

442 5516 571 5591 ἔχῃς
598 5518 673 5583 ώς
695 5521 729 5590 ή
755 5520 938 5590 ἀπάτη
961 5518 1167 5571 τούτων
1190 5535 1271 5571 σοι
1300 5517 1471 5580 αἴτιος
1490 5516 1802 5586 γεγένηται.
1828 5516 1927 5570 Διά
1958 5516 2118 5570 τοῦτο

442 5605 773 5672 Πληθύνων
781 5603 1071 5673 πληθυνῶ
1086 5605 1191 5671 τὰς
1203 5606 1404 5671 λύπας
1415 5620 1531 5658 σου
1543 5603 1643 5661 καί
1661 5603 1769 5658 τὸν
1781 5604 2120 5674 στεναγμόν

441 5703 579 5742 σου·
594 5688 665 5740 ἐν
684 5691 907 5755 λύπαις
927 5686 1030 5752 τέξ
1032 5704 1071 5757 ῃ
1082 5686 1282 5742 τέκνα.
1297 5687 1408 5750 Τάς
1428 5686 1625 5753 ὠδῖνας
1637 5686 1870 5741 ἐνταῦθα
1884 5688 2118 5740 αἰνίττε-

440 5785 531 5823 ται
549 5764 644 5823 kal
664 5768 757 5823 τὸν
777 5770 943 5825 πολὺν
971 5771 1215 5842 κάματον
1237 5771 1467 5837 ἐκεῖνον,
1487 5769 1546 5825 ὃν
1562 5770 1851 5844 ὑπομένειν
1879 5771 2115 5843 ἀνάγκη,

508 5930 651 6000 ’.δίο
683 5930 841 6000 δεινῇ.
886 5935 939 5980 οι
981 5933 1165 6000 aliqua!
1214 5948 1330 6000 m_§s.
1366 5932 1537 6000 Morel.
1568 5933 1883 6000 μιτξλθωμεν.
1946 5933 1976 5973 b
2000 5933 2116 5983 Mss.

444 5992 584 6040 mulli
608 5996 659 6041 cl.
679 5992 880 6042 Cuislin.
904 5992 1221 6051 καταδικάζω.
1246 5995 1415 6045 Morel.
1444 5992 1770 6045 καταδικάσω.

1595 328 1663 385 IN
1697 329 1849 387 CAP.
1887 330 1955 387 Ill
1988 330 2237 391 GENES.
2281 335 2516 393 IIOMIL.
2556 333 2722 390 XVII.

3795 332 3899 390 M3

2214 454 2465 526 καθάπερ
2488 453 2707 525 φορτίον
2738 451 2796 504 ἐν
2825 451 2958 522 μησὶ
2986 451 3259 516 τοσούτοις
3285 452 3346 507 τὸ
3371 452 3569 526 βρέφος
3592 452 3887 524 βαστάζων

2216 553 2335 601 σαν,
2370 536 2465 589 καὶ
2486 535 2583 598 τὰς
2610 532 2751 588 κατά
2773 532 2939 604 μέρος
2975 526 3251 603 φυομένας
3287 536 3537 590 ἐντεῦθεν
3564 535 3883 606 ἀλγηδόνας,

2214 618 2308 671 καὶ
2333 616 2442 670 τῶν
2479 615 2657 686 μελῶν
2681 615 2775 668 τὸν
2806 612 3172 686 διασπασμόν,
3215 617 3311 670 καὶ
3344 616 3441 682 τάς
3471 617 3661 681 ὀδύνας
3684 628 3706 657 ε
3739 615 3884 671 ἐκεί-

2209 716 2308 763 νας
2343 698 2443 762 τάς
2477 698 2804 769 ἀφορήτους,
2844 697 2911 762 ἃς
2940 699 3146 753 ἐκεῖναι
3187 700 3354 771 μόναι·
3380 700 3559 756 ἴσασιν
3589 703 3645 757 αἱ
3672 701 3761 756 διὰ
3786 699 3887 771 τῆς

2212 782 2408 853 πείρας
2429 780 2701 835 ἐλθοῦσαι.

2280 872 2351 935 η’.
2371 865 2509 917 Ἀλλ’
2540 866 2691 935 ὅμως
2714 868 2983 937 τοσαύτην
3009 865 3038 918 ό
3069 866 3448 939 φιλάνθρωπος
3472 867 3609 931 Θεὸς
3646 867 3887 938 παρέσχε

2214 947 2352 1016 μετά
2378 946 2487 1000 τῶν
2518 947 2778 1019 λυπηρῶν
2801 948 2899 1019 τὴν
2924 948 3298 1019 παραμυθίαν,
3333 949 3408 1014 ώς
3434 949 3719 1021 ίσόρῥοπον
3747 942 3885 1001 εἶναι

2209 1028 2309 1097 τὴν
2328 1028 2418 1084 διὰ
2436 1028 2499 1083 τὸ
2521 1029 2713 1100 τεχθὲν
2734 1029 2934 1102 βρέφος
2956 1030 3296 1103 εὐφροσύνην
3313 1033 3421 1085 τῶν
3440 1032 3644 1085 ὠδίνων
3660 1030 3886 1086 ἐκείνων

2209 1108 2318 1163 τῶν
2352 1110 2412 1163 ἐν
2443 1111 2718 1174 τοσούτοις
2744 1112 2883 1184 μησὶ
2909 1112 3007 1184 τὴν
3032 1114 3276 1186 γαστέρα
3308 1113 3714 1169 διακοπτουσῶν
3733 1111 3785 1167 ιι.
3819 1114 3884 1165 A1

2210 1193 2320 1265 γὰρ
2360 1195 2616 1250 τοσοῦτον
2667 1197 2828 1250 πόνον
2879 1197 3268 1267 ὑπομένουσαι,
3303 1190 3399 1251 καὶ
3431 1197 3603 1261 οὕτως
3642 1197 3750 1251 ὑπὸ
3776 1197 3885 1250 τῶν

2210 1276 2521 1346 ἀλγηδόνων
2571 1277 3034 1349 σπαραττόμεναι,
3073 1279 3166 1331 καὶ
3207 1279 3284 1342 ὡς
3322 1279 3499 1332 εἰπεῖν
3538 1279 3676 1350 πρὸς
3714 1278 3886 1349 αὐτὴν

2210 1357 2307 1430 τὴν
2338 1356 2483 1432 ζωὴν
2525 1360 2988 1432 ἀπαγορεύουσαι,
3025 1363 3162 1432 μετά
3210 1362 3272 1415 τὸ
3308 1363 3485 1417 τεκεῖν
3524 1362 3744 1433 καὶτῆς
3776 1361 3887 1416 ἀπὸ

2211 1441 2321 1496 τῶν
2349 1443 2613 1513 καμάτων
2645 1444 2982 1516 εὐφροσύνης
3011 1444 3339 1509 ἀπολαῦσαι,
3368 1444 3529 1499 πάλιν
3553 1443 3743 1514 ὥσπερ
3767 1445 3888 1500 ἐπι-

2213 1523 2506 1596 λαθόμεναι
2542 1526 2653 1580 τῶν
2684 1527 3064 1599 γεγενημένων
3103 1529 3357 1583 ἀπάντων
3392 1525 3604 1591 ἐαυτάς·
3618 1525 3886 1579 ἐκδιδόασι

2214 1609 2349 1677 πρὸς
2379 1610 2479 1680 τὴν
2512 1609 2621 1665 τῶν
2645 1611 2849 1664 τέκνων
2882 1610 3064 1682 γονὴν,
3099 1609 3193 1665 τοῦ
3220 1608 3602 1682 φιλανθρώπου
3633 1606 3767 1661 θεοῦ
3796 1605 3890 1660 οσ-

2211 1706 2319 1754 τως
2346 1692 2798 1763 υἰκονομήσαντος
2831 1692 2967 1765 πρὸς
3013 1694 3270 1748 σύστασιν
3314 1692 3415 1763 τῆς
3440 1692 3549 1746 τῶν
3585 1688 3887 1762 ἀνθρώπων

2214 1772 2505 1844 σωτηρίας.
2542 1773 2608 1827 Ἦ
2634 1774 2743 1846 γάρ
2765 1774 2919 1839 ἐλπὶς
2946 1775 3036 1829 ἀεὶ
3063 1779 3172 1828 τῶν
3196 1774 3496 1854 μελλόντων
3522 1772 3742 1842 ἀγαθῶν
3762 1771 3888 1825 κού-

2212 1871 2329 1923 φως
2351 1858 2496 1910 ¹ιιποιεῖ
2520 1858 2710 1929 φέρειν
2732 1857 2802 1911 τά
2829 1858 3071 1930 παρόντα
3100 1859 3338 1930 λυπηρά.
3369 1859 3480 1912 Kal
3504 1858 3663 1910 τοῦτο
3683 1856 3782 1910 ῐδοι
3804 1871 3889 1918 τις

2211 1937 2277 1991 ἂν
2312 1938 2406 1992 καί
2432 1936 2560 2004 τοὺς
2591 1941 2868 2013 ἐμπόρους
2905 1941 3294 2013 ὑπομένοντας,
3335 1941 3428 1995 καὶ
3456 1939 3645 2012 μακρά
3673 1937 3886 2006 πελάγη

2211 2021 2603 2092 διαπερῶνκας,
2635 2024 2730 2078 καὶ
2750 2025 3023 2094 ναυαγίων
3053 2025 3412 2095 ἀνεχομένους
3449 2024 3545 2077 καὶ
3575 2020 3884 2093 πειρατῶν,

2213 2103 2308 2158 καί
2348 2105 2486 2175 μετά
2510 2107 2636 2171 τοὺς
2671 2107 2899 2173 πολλοὺς
2927 2108 3204 2171 κινδύνους
3235 2107 3475 2172 ἐκείνους
3509 2104 3769 2168 πολλάκις
3793 2103 3889 2158 καὶ

2210 2188 2608 2260 διαμαρτόντας
2634 2194 2734 2263 τῆς
2760 2192 3107 2263 προσδοκίας,
3129 2194 3224 2248 καὶ
3254 2192 3386 2263 μηδέ
3416 2190 3589 2254 οὕτως
3614 2188 3889 2244 ἀποστάνι

2209 2288 2330 2336 τας,
2354 2271 2492 2326 ἀλλά
2525 2273 2687 2328 πάλιν
2719 2275 2829 2328 τῶν
2864 2274 3044 2328 αὐτῶν
3071 2275 3432 2345 ἁπτομένους.
3470 2273 3642 2327 Τοῦτο
3664 2271 3769 2345 καὶ
3795 2270 3891 2324 ἐπὶ

2211 2350 2317 2405 τῶν
2336 2351 2591 2422 γηπόνων
2619 2351 2765 2405 ἔστιν
2794 2355 2967 2408 εἰπεῖν
2999 2364 3043 2392 θ’
3076 2342 3229 2425 [145]
3250 2353 3346 2407 καὶ
3371 2351 3480 2423 γὰρ
3510 2353 3603 2406 καί¹
3627 2342 3772 2404 οὗτοι
3799 2347 3890 2402 ὅτε

2214 2428 2434 2499 βαθεῖαν
2484 2429 2695 2485 αὔλακα
2731 2431 3067 2502 ἀνατέμωσι,
3094 2433 3187 2484 καὶ
3217 2431 3416 2502 πολλὴν
3447 2428 3543 2502 τὴν
3576 2426 3891 2499 ἐπιμέλειαν

2209 2510 2310 2579 τῆς
2334 2508 2437 2579 γῆς
2469 2508 2861 2575 ἐπιδείξωνται,
2884 2510 2979 2563 καί⁵
3012 2509 3210 2580 δαψιλῆ
3232 2510 3300 2562 τὰ
3323 2509 3616 2579 σπέρματα
3650 2504 3891 2559 καταϐάς

2211 2589 2365 2655 λωσι,
2404 2588 2666 2652 πολλάκις
2697 2587 2911 2659 αὐχμοῦ
2947 2588 3239 2660 γενομένου
3268 2589 3303 2661 ἢ
3329 2586 3657 2659 ἐπομϐρίας,
3686 2586 3719 2655 ἦ
3756 2584 3891 2655 πρὸς

2211 2668 2361 2737 αύτῷ
2380 2667 2459 2738 τῷ
2489 2668 2630 2721 τέλει
2664 2669 2774 2722 τῶν
2792 2669 3123 2740 δραγμάτων
3159 2669 3422 2741 ἐρυσίϐης
3452 2664 3889 2741 κατενεχθείσης.

2212 2747 2311 2817 τῆς
2330 2744 2543 2808 ἐλπίδος
2566 2744 2884 2817 διήμαρτονο
2905 2746 3021 2800 ἀλλ’
3039 2747 3164 2801 οὐδὲ
3187 2740 3359 2810 οὕτως
3381 2745 3727 2814 ἀφίστανται,
3755 2740 3893 2794 ἀλλά

2214 2825 2377 2880 πάλιν
2400 2824 2493 2878 τοῦ
2518 2825 2711 2896 καιροῦ
2742 2825 3162 2890 καταλαϐόντος,
3189 2824 3449 2881 ἅπτονται
3476 2825 3579 2893 τῆς
3599 2820 3888 2893 γεωργίας.
3930 2888 3949 2893 ι

2213 2906 2326 2959 Kal
2356 2904 2513 2957 τοῦτο
2554 2905 2640 2973 ἐφ’
2670 2904 2901 2957 ἑκάστου
2934 2902 3083 2973 εὖροι
3134 2920 3219 2966 τις
3250 2903 3316 2957 ἂν
3349 2899 3778 2972 ἐπιτηδεύματος
3803 2914 3893 2964 γι-

2214 2985 2458 3055 νόμενον.
2500 2983 2606 3037 Τὸν
2644 2983 2807 3037 αὐτὸν
2848 2984 2914 3055 δὴ
2960 2984 3159 3055 τρόπον
3201 2984 3294 3037 καὶ
3331 2986 3364 3055 ἡ
3405 2982 3544 3053 γυνὴ
3585 2980 3680 3034 καὶ
3712 2976 3890 3048 αύτὴί

2215 3062 2474 3128 πολλάκις
2518 3060 2658 3132 μετά
2688 3063 2813 3127 τοὺς
2846 3062 3076 3126 πολλοὺς
3112 3063 3286 3134 μῆνας
3311 3062 3578 3124 ἐκείνους,
3622 3058 3760 3131 μετά
3795 3057 3895 3118 τάς

2213 3144 2410 3205 ὠδῖνας
2461 3140 2560 3204 τὰς
2599 3142 2928 3213 ἀφορήτους,
2966 3140 3103 3212 μετά
3139 3141 3237 3205 τὰς
3271 3140 3469 3204 νύκτας
3501 3139 3599 3203 τάς
3632 3139 3892 3199 ἀΰπνους,

2217 3223 2355 3295 μετά
2373 3222 2464 3277 τὸν
2484 3222 2593 3277 τῶν
2627 3222 2804 3292 μελῶν
2832 3222 3192 3292 διασπασμὸν,
3229 3222 3430 3294 μικρᾶς
3459 3237 3605 3285 τινος
3633 3218 3894 3290 περιστά-

2216 3326 2356 3371 σεως
2391 3305 2710 3377 γενομένης,
2744 3305 2850 3376 πρὸ
2882 3304 2976 3358 τοῦ
3006 3307 3374 3377 προσήκοντος
3405 3302 3597 3374 καιροῦ
3616 3305 3678 3354 τὸ
3698 3299 3896 3371 βρέφος

2215 3389 2479 3460 ώθήσασα
2498 3386 2824 3459 ἀμόρφωτον
2854 3386 2948 3440 καὶ
2984 3384 3377 3444 ἀδιατύπωτον,
3404 3382 3438 3453 ἢ
3468 3380 3897 3460 μεμορφωμένον

2220 3457 2343 3539 μὲν,
2369 3467 2470 3520 οὐκ
2503 3457 2691 3536 ἄρτιον
2721 3463 2800 3529 δὲ,
2831 3465 2953 3518 ούδέ
2991 3463 3167 3532 ὑγιὲς,
3204 3463 3236 3533 ἢ
3272 3460 3583 3539 καὶννεκρδν
3612 3457 3895 3539 πολλάκις,

2220 3535 2372 3618 μόλις
2400 3544 2491 3597 τὸν
2521 3543 2763 3597 κίνδυνον
2783 3542 3026 3611 διέφυγε,
3057 3543 3151 3596 καὶ
3180 3541 3326 3611 ὅμως
3351 3538 3540 3618 ὥσπερ
3572 3535 3898 3618 ἐπιλαθομέξ

2216 3615 2281 3697 νη
2311 3623 2516 3677 τούτων
2551 3622 2827 3683 ἁπάντων,
2863 3620 2972 3674 τῶν
3007 3619 3187 3673 αὐτῶν
3216 3616 3490 3697 ἀνέχεται,
3652 3616 3721 3670 τά
3758 3615 3900 3668 αύτά

2218 3695 2501 3774 ὑπομένει.
2525 3701 2635 3755 Kal
2660 3699 2713 3751 τί
2753 3698 2898 3768 λέγω
2932 3697 3001 3751 τὰ
3038 3697 3209 3763 αύτά;
3242 3696 3509 3758 Πολλάκις
3541 3695 3637 3747 καὶ
3676 3711 3902 3774 συναποο

2218 3773 2401 3838 θανεῖν
2438 3780 2515 3851 τῷ
2551 3777 2795 3849 τεχθέντι
2835 3777 3057 3848 συνέϐη,
3093 3777 3189 3829 καὶ
3228 3775 3350 3830 οὐδὲ
3392 3774 3551 3828 τοῦτο
3578 3774 3677 3837 τὰς
3703 3773 3902 3835 λοιπάς

2216 3860 2548 3933 ἐσωφρόνισε
2572 3860 2666 3913 καὶ
2690 3858 2944 3912 ἀνέπεισε
2966 3858 3155 3927 φυγεῖν
3172 3857 3198 3896 ε
3217 3857 3277 3909 τὸ
3298 3856 3549 3927 πρᾶγμα’
3572 3853 3842 3924 τοσαύτην
3872 3856 3909 3906 ὁ,

2216 3945 2347 4008 Θεὸς
2386 3941 2785 4012 ἐγκατέσπειρε
2831 3941 2945 4002 τοῖς
2990 3938 3255 4009 λυπηροῖς
3286 3937 3385 4006 τήν
3411 3934 3605 4007 ἡδονὴν
3643 3935 3778 4005 ὁμοῦ
3805 3937 3903 3988 καὶ

2216 4028 2316 4100 τὴν
2353 4024 2712 4099 εὐφροσύνην.
2742 4022 2841 4077 Διά
2864 4021 3024 4076 τοῦτο
3053 4020 3229 4090 ἔλεγε,
3256 4020 3591 4088 Πληθύνων
3609 4017 3902 4100 πληθυνῶ

2217 4098 2325 4176 τάς
2336 4098 2538 4174 λύπας
2557 4123 2674 4161 σου
2693 4105 2793 4159 καὶ
2812 4104 2918 4159 τὸν
2930 4104 3270 4173 στεναγμόν
3284 4116 3419 4156 σου·
3439 4100 3741 4164 ὲνλύπαις
3757 4098 3900 4166 τέξῃ

2221 4189 2423 4243 τέκνα.
2464 4185 2637 4239 Τοῦτο
2671 4183 2852 4238 τοίνυν
2889 4184 2984 4236 καὶ
3020 4185 3049 4236 ὁ
3106 4182 3339 4254 Χριστὸς
3376 4178 3752 4250 διαλεγόμενος
3789 4180 3901 4238 τοῖς

2222 4268 2490 4340 μαθηταῖς
2528 4266 2622 4318 καὶ
2655 4264 2869 4328 δεικνὺς
2898 4264 2993 4317 καὶ
3015 4264 3113 4334 τῆς
3133 4262 3323 4330 ὀδύνης
3345 4260 3406 4313 τὸ
3431 4257 3660 4340 μέγεθος
3683 4257 3902 4340 καὶῃτῆς

2217 4335 2557 4419 εὐφροσύνης
2578 4343 2677 4415 τὴν
2708 4342 3035 4413 ὑπερϐολὴν,
3055 4342 3260 4407 ἐλεγενο
3287 4341 3367 4419 :H
3382 4339 3537 4419 γυνὴ
3567 4336 3714 4390 ὅταν
3734 4335 3913 4419 τίκτῃ,

2222 4412 2430 4489 λύπην
2458 4412 2604 4491 ἔχει,
2634 4412 2722 4474 ὅτι
2746 4412 2935 4488 ἦλθεν
3012 4419 3138 4485 ὥρα
3160 4416 3350 4484 αὐτῆς
3367 4433 3381 4446 ⁸
3411 4412 3529 4469 εἶτα
3553 4413 3918 4485 παραστῆσαι·

2218 4507 2351 4576 ἡμῖν
2375 4490 2697 4572 βουλόμενός
2724 4498 2873 4560 ὅπως
2901 4496 2970 4549 τά
2994 4498 3092 4566 μὲν
3113 4496 3215 4576 τῆς
3237 4494 3414 4564 λύπης
3439 4492 3635 4576 ἀθρόον

2218 4570 2450 4654 γίνεται,
2489 4578 2558 4631 τά
2598 4578 2656 4631 δὲ
2686 4578 2787 4645 τῆς
2814 4578 3001 4654 χαρᾶς
3026 4576 3122 4629 καὶ
3156 4575 3258 4654 τῆς
3296 4572 3636 4654 εὐφροσύνης
3659 4570 3901 4639 suam.

2216 4649 2329 4721 ’έαις
2342 4657 2528 4730 φησιν·
2547 4657 2722 4709 Ὅταν
2739 4654 2809 4708 δὲ
2821 4652 3091 4723 γεννήσῃ
3109 4653 3175 4708 τὸ
3187 4652 3450 4714 παιδίον,
3462 4649 3661 4730 οὐκέτι
3675 4665 3903 4730 μνημο-

2215 4726 2376 4795 νεύει
2399 4726 2510 4805 τῆς
2531 4737 2792 4803 θλίψεως
2805 4732 2902 4787 διὰ
2915 4732 3031 4799 τὴν
3044 4731 3260 4800 χαρὰν,
3278 4729 3367 4784 ὅτι
3382 4726 3902 4805 ἐγεννήθηᾶνθρω-

2215 4832 2324 4884 πος
2347 4818 2434 4883 εὶς
2464 4804 2575 4869 τὸν
2610 4812 2870 4882 κόσμον.
2899 4806 3053 4875 Εἶδες
3084 4809 3410 4880 κηδεμονίαν
3429 4804 3901 4885 ὑπερϐάλλουσαν)

2215 4882 2354 4960 εἶδες
2374 4882 2646 4965 τιμωρίαν
2662 4889 2941 4952 νουθεσίας
2962 4885 3399 4965 πεπληρωμένην
3412 4902 3429 4965 ς
3460 4884 3563 4935 Ἐν
3574 4882 3798 4965 λύπαις
3820 4882 3904 4937 té'.

2216 4975 2292 5044 ξῃ
2315 4961 2514 5028 τέκνα.
2532 4966 2683 5035 Εἶτα,
2698 4969 2852 5039 Πρὸς
2872 4968 2976 5022 τὸν
2991 4966 3181 5032 ἄνδρα
3196 4980 3311 5044 σου
3323 4964 3370 5044 ’ἡ
3391 4961 3743 5044 ἀποστροφή
3760 4978 3898 5044 σου,

2216 5039 2315 5108 νῶι
2332 5051 2516 5113 αὐτός
2527 5062 2643 5103 σου
2659 5045 2981 5117 κυριεύσει.
2998 5041 3298 5110 Μονονουχὶ
3311 5039 3746 5110 ἀπολογούμενος
3767 5040 3908 5111 πρὸς

2216 5130 2312 5203 τὴν
2333 5130 2569 5198 γυναῖκα
2581 5128 2610 5179 ό
2626 5122 2817 5192 φιλάνθ
2827 5138 3005 5203 ρωπος
3021 5120 3153 5203 Θεὸς
3165 5119 3337 5173 ταῦτά
3350 5136 3535 5203 φησιν,
3547 5120 3630 5203 ὅτι
3646 5118 3901 5203 ’βγῶμμὲν

2218 5197 2282 5274 ἐξ
2298 5197 2471 5278 ἀρχῆς
2493 5202 2752 5275 ὁμότιμόν
2775 5219 2835 5255 σε
2857 5199 3287 5272 ἐδημιούργησα,
3313 5199 3408 5253 καὶ
3427 5198 3524 5269 τῆς
3551 5198 3720 5270 αὐτῆς
3744 5197 3901 5278 ἀξίας

2216 5290 2276 5340 ἐν
2322 5286 2527 5339 ἅπασιν
2572 5279 2724 5353 αὐτῷ
2769 5282 3045 5334 κοινωνεῖν
3091 5278 3424 5351 ἠϐουλήθην,
3466 5279 3561 5333 καὶ
3592 5278 3783 5347 ῶσπερ
3823 5277 3902 5347 τῷ

2220 5366 2399 5437 ἀνδρὶ,
2428 5362 2571 5417 οὕτω
2603 5361 2698 5414 καὶ
2728 5360 2812 5412 σοὶ
2842 5359 2942 5430 τὴν
2969 5359 3109 5413 κατά
3131 5358 3347 5413 πάντων
3371 5359 3546 5431 ἀρχὴν
3572 5356 3897 5437 ἐνεχείρισαῖ

2220 5435 2336 5499 an”
2361 5441 2550 5510 ἐπειδὴ
2584 5440 2691 5491 οὐκ-
2710 5438 2930 5509 ἐχρήσω
2956 5440 3035 5501 εἰς
3066 5438 3185 5491 δέον
3213 5439 3277 5508 τῇ
3306 5437 3587 5509 όμοτιμίῳ
3621 5435 3709 5489 διὰ
3742 5435 3902 5488 τοῦτό

2228 5541 2288 5578 σε
2306 5521 2603 5576 ’ὑποτάττω
2621 5517 2700 5588 τῷ
2714 5516 2889 5588 ἀνδρὶ,
2921 5517 3029 5571 Kal
3051 5516 3201 5585 πρὸς
3221 5516 3326 5570 τὸν
3340 5515 3535 5583 ἄνδρα
3553 5528 3670 5567 σου
3692 5513 3730 5582 ἠ
3751 5513 3899 5567 ἀπο-

2219 5598 2453 5670 στροφή
2472 5612 2613 5655 σου.
2635 5596 2734 5649 καί
2755 5596 2939 5660 αὐτός
2959 5607 3076 5649 σου
3095 5594 3419 5662 κυριεύσει.
3438 5589 3655 5670 Ἐπειδὴ
3673 5589 3895 5644 κατ-αλι⁹

2221 5667 2401 5737 ποῦσα
2428 5678 2520 5731 τὸν
2544 5674 2831 5746 ὁμότιμον,
2855 5673 3063 5729 καὶτὸν
3092 5673 3191 5744 τῆς
3222 5671 3389 5739 αὐτῆς
3421 5670 3503 5722 σοὶ
3535 5667 3751 5737 φύσεως
3779 5685 3896 5721 κοι-

2292 5877 2313 5905 ε
2338 5873 2479 5924 Colb.
2503 5872 2586 5929 τὰς
2609 5870 2831 5929 ὠδῖναςη
2861 5865 2886 5905 d
2913 5860 3329 5929 SicASaAvJﬁorcl.
3371 5862 3425 5907 et
3452 5855 3629 5929 119w.
3654 5856 3887 5929 b§gg§xlr

2225 5912 3041 5986 διακῦἕὲἶὲᾴτῷῖςῖ,ἰευιτῖ“ο“
3060 5912 3269 5981 Quidam
3289 5933 3423 5986 _m_ss.
3452 5917 3580 5965 ἰδεῖν.
3644 5913 3692 5984 ,ί
3718 5912 3889 5961 Maro}.

2229 5980 2637 6058 ἦέᾖέςᾶἧξὶιάιγὰρ
2656 5992 2793 6047 αὐτή.
2862 5991 2887 6028 ε
2913 5980 3117 6045 ριιωεηὶι
3142 5995 3253 6030 ωδε.
3280 5980 3511 6029 ἀνέστησε
3534 5980 3707 6034 φυγεῖν-
