  <div class='ocr_page' id='page_1' title='image "/cluster/home/n/w/nwhite01/storage/ocr_20150623/53/mdp.39015028539479/145.png"; bbox 0 0 4074 6134; ppageno 0'>
   <div class='ocr_carea' id='block_1_1' title="bbox 182 336 287 393">
    <p class='ocr_par' dir='ltr' id='par_1_1' title="bbox 182 336 287 393">
     <span class='ocr_line' id='line_1_1' title="bbox 182 336 287 393; baseline -0.019 0"><span class='ocrx_word' id='word_1_1' title='bbox 182 336 287 393; x_wconf 61' lang='grc'>155</span> 
     </span>
    </p>
   </div>
   <div class='ocr_carea' id='block_1_2' title="bbox 181 437 1850 514">
    <p class='ocr_par' dir='ltr' id='par_1_2' title="bbox 181 437 1850 514">
     <span class='ocr_line' id='line_1_2' title="bbox 181 437 1850 514; baseline -0.009 -10"><span class='ocrx_word' id='word_1_2' title='bbox 181 448 475 514; x_wconf 78' lang='grc' dir='ltr'>νωνοῦντα,</span> <span class='ocrx_word' id='word_1_3' title='bbox 499 449 593 502; x_wconf 72' lang='grc' dir='ltr'>καὶ</span> <span class='ocrx_word' id='word_1_4' title='bbox 616 447 682 500; x_wconf 84' lang='grc' dir='ltr'>δι’</span> <span class='ocrx_word' id='word_1_5' title='bbox 699 446 756 498; x_wconf 82' lang='grc' dir='ltr'>ὃν</span> <span class='ocrx_word' id='word_1_6' title='bbox 780 443 1234 514; x_wconf 80' lang='grc' dir='ltr'>ἐδημιουργήθης,</span> <span class='ocrx_word' id='word_1_7' title='bbox 1251 442 1327 513; x_wconf 80' lang='grc' dir='ltr'>τῷ</span> <span class='ocrx_word' id='word_1_8' title='bbox 1345 438 1564 512; x_wconf 82' lang='grc' dir='ltr'>πονηρῷ</span> <span class='ocrx_word' id='word_1_9' title='bbox 1585 437 1757 510; x_wconf 84' lang='grc' dir='ltr'>θηρίῳ</span> <span class='ocrx_word' id='word_1_10' title='bbox 1775 437 1850 509; x_wconf 75' lang='grc' dir='ltr'>τῷ</span> 
     </span>
    </p>
   </div>
   <div class='ocr_carea' id='block_1_3' title="bbox 183 526 1852 606">
    <p class='ocr_par' dir='ltr' id='par_1_3' title="bbox 183 526 1852 606">
     <span class='ocr_line' id='line_1_3' title="bbox 183 526 1852 606; baseline -0.007 -16"><span class='ocrx_word' id='word_1_11' title='bbox 183 539 301 606; x_wconf 77' lang='grc' dir='ltr'>ὄφει</span> <span class='ocrx_word' id='word_1_12' title='bbox 328 538 406 600; x_wconf 90' lang='grc' dir='ltr'>είς</span> <span class='ocrx_word' id='word_1_13' title='bbox 433 534 649 606; x_wconf 81' lang='grc' dir='ltr'>ὁμιλίαν</span> <span class='ocrx_word' id='word_1_14' title='bbox 685 531 858 584; x_wconf 80' lang='grc' dir='ltr'>ἐλθεῖν</span> <span class='ocrx_word' id='word_1_15' title='bbox 893 529 1218 600; x_wconf 77' lang='grc' dir='ltr'>ἠϐουλήθης,</span> <span class='ocrx_word' id='word_1_16' title='bbox 1251 529 1343 583; x_wconf 74' lang='grc' dir='ltr'>καὶ</span> <span class='ocrx_word' id='word_1_17' title='bbox 1370 527 1468 600; x_wconf 83' lang='grc' dir='ltr'>τὴν</span> <span class='ocrx_word' id='word_1_18' title='bbox 1499 527 1624 596; x_wconf 85' lang='grc' dir='ltr'>παρ’</span> <span class='ocrx_word' id='word_1_19' title='bbox 1644 526 1852 580; x_wconf 85' lang='grc' dir='ltr'>ἐκείνου</span> 
     </span>
    </p>
   </div>
   <div class='ocr_carea' id='block_1_4' title="bbox 184 608 1851 693">
    <p class='ocr_par' dir='ltr' id='par_1_4' title="bbox 184 608 1851 693">
     <span class='ocr_line' id='line_1_4' title="bbox 184 608 1851 693; baseline -0.008 -12"><span class='ocrx_word' id='word_1_20' title='bbox 184 626 438 693; x_wconf 79' lang='grc' dir='ltr'>δέξασθαι</span> <span class='ocrx_word' id='word_1_21' title='bbox 462 618 785 693; x_wconf 83' lang='grc' dir='ltr'>συμϐουλήν·</span> <span class='ocrx_word' id='word_1_22' title='bbox 817 619 902 673; x_wconf 83' lang='grc' dir='ltr'>διὰ</span> <span class='ocrx_word' id='word_1_23' title='bbox 928 618 1084 672; x_wconf 82' lang='grc' dir='ltr'>τοῦτό</span> <span class='ocrx_word' id='word_1_24' title='bbox 1113 608 1172 671; x_wconf 88' lang='grc' dir='ltr'>σε</span> <span class='ocrx_word' id='word_1_25' title='bbox 1208 618 1390 671; x_wconf 80' lang='grc' dir='ltr'>λοιπὸν</span> <span class='ocrx_word' id='word_1_26' title='bbox 1423 617 1595 688; x_wconf 84' lang='grc' dir='ltr'>τούτῳ</span> <span class='ocrx_word' id='word_1_27' title='bbox 1623 616 1851 669; x_wconf 85' lang='grc' dir='ltr'>ὑποτάτ-</span> 
     </span>
    </p>
   </div>
   <div class='ocr_carea' id='block_1_5' title="bbox 184 703 1852 781">
    <p class='ocr_par' dir='ltr' id='par_1_5' title="bbox 184 703 1852 781">
     <span class='ocr_line' id='line_1_5' title="bbox 184 703 1852 781; baseline -0.008 -12"><span class='ocrx_word' id='word_1_28' title='bbox 184 733 282 781; x_wconf 90' lang='grc' dir='ltr'>τω,</span> <span class='ocrx_word' id='word_1_29' title='bbox 311 714 404 768; x_wconf 77' lang='grc' dir='ltr'>καὶ</span> <span class='ocrx_word' id='word_1_30' title='bbox 431 710 619 764; x_wconf 82' lang='grc' dir='ltr'>τοῦτόν</span> <span class='ocrx_word' id='word_1_31' title='bbox 646 725 738 761; x_wconf 90' lang='grc' dir='ltr'>σου</span> <span class='ocrx_word' id='word_1_32' title='bbox 757 705 945 778; x_wconf 84' lang='grc' dir='ltr'>κύριον</span> <span class='ocrx_word' id='word_1_33' title='bbox 972 718 996 746; x_wconf 73' lang='grc' dir='ltr'>α</span> <span class='ocrx_word' id='word_1_34' title='bbox 1032 707 1337 776; x_wconf 76' lang='grc' dir='ltr'>ἀποφαίνω,</span> <span class='ocrx_word' id='word_1_35' title='bbox 1369 704 1508 758; x_wconf 82' lang='grc' dir='ltr'>ὥστε</span> <span class='ocrx_word' id='word_1_36' title='bbox 1534 703 1631 776; x_wconf 81' lang='grc' dir='ltr'>τὴν</span> <span class='ocrx_word' id='word_1_37' title='bbox 1659 703 1852 757; x_wconf 86' lang='grc' dir='ltr'>τούτου</span> 
     </span>
    </p>
   </div>
   <div class='ocr_carea' id='block_1_6' title="bbox 185 790 1851 865">
    <p class='ocr_par' dir='ltr' id='par_1_6' title="bbox 185 790 1851 865">
     <span class='ocr_line' id='line_1_6' title="bbox 185 790 1851 865; baseline -0.007 -11"><span class='ocrx_word' id='word_1_38' title='bbox 185 799 495 855; x_wconf 77' lang='grc' dir='ltr'>δεσποτείαν</span> <span class='ocrx_word' id='word_1_39' title='bbox 528 793 928 864; x_wconf 79' lang='grc' dir='ltr'>ἐπιγινώσκειν,</span> <span class='ocrx_word' id='word_1_40' title='bbox 960 794 1053 847; x_wconf 74' lang='grc' dir='ltr'>καὶ</span> <span class='ocrx_word' id='word_1_41' title='bbox 1083 793 1269 865; x_wconf 82' lang='grc' dir='ltr'>ἐπειδὴ</span> <span class='ocrx_word' id='word_1_42' title='bbox 1306 793 1405 846; x_wconf 81' lang='grc' dir='ltr'>οὐκ</span> <span class='ocrx_word' id='word_1_43' title='bbox 1443 791 1615 861; x_wconf 75' lang='grc' dir='ltr'>ἔγνως</span> <span class='ocrx_word' id='word_1_44' title='bbox 1644 790 1851 862; x_wconf 78' lang='grc' dir='ltr'>ἄρχειν,</span> 
     </span>
    </p>
   </div>
   <div class='ocr_carea' id='block_1_7' title="bbox 191 878 1853 958">
    <p class='ocr_par' dir='ltr' id='par_1_7' title="bbox 191 878 1853 958">
     <span class='ocr_line' id='line_1_7' title="bbox 191 878 1853 958; baseline -0.005 -18"><span class='ocrx_word' id='word_1_45' title='bbox 191 886 328 958; x_wconf 84' lang='grc' dir='ltr'>μάθε</span> <span class='ocrx_word' id='word_1_46' title='bbox 352 883 531 946; x_wconf 77' lang='grc' dir='ltr'>καλῶς</span> <span class='ocrx_word' id='word_1_47' title='bbox 578 880 862 953; x_wconf 77' lang='grc' dir='ltr'>ἄρχεσθαι.</span> <span class='ocrx_word' id='word_1_48' title='bbox 893 881 1050 950; x_wconf 90' lang='grc' dir='ltr'>Πρὸς</span> <span class='ocrx_word' id='word_1_49' title='bbox 1092 882 1201 935; x_wconf 68' lang='grc' dir='ltr'>τιῖν</span> <span class='ocrx_word' id='word_1_50' title='bbox 1258 879 1446 949; x_wconf 75' lang='grc' dir='ltr'>ἄνδρα</span> <span class='ocrx_word' id='word_1_51' title='bbox 1478 894 1594 933; x_wconf 89' lang='grc' dir='ltr'>σου</span> <span class='ocrx_word' id='word_1_52' title='bbox 1641 878 1678 945; x_wconf 73' lang='grc' dir='ltr'>ἡ</span> <span class='ocrx_word' id='word_1_53' title='bbox 1707 879 1853 932; x_wconf 87' lang='grc' dir='ltr'>ἀπο-</span> 
     </span>
    </p>
   </div>
   <div class='ocr_carea' id='block_1_8' title="bbox 186 965 1854 1044">
    <p class='ocr_par' dir='ltr' id='par_1_8' title="bbox 186 965 1854 1044">
     <span class='ocr_line' id='line_1_8' title="bbox 186 965 1854 1044; baseline -0.005 -18"><span class='ocrx_word' id='word_1_54' title='bbox 186 971 419 1044; x_wconf 77' lang='grc' dir='ltr'>στροφή</span> <span class='ocrx_word' id='word_1_55' title='bbox 473 968 910 1036; x_wconf 77' lang='grc' dir='ltr'>σου,καίιιύτός</span> <span class='ocrx_word' id='word_1_56' title='bbox 925 985 1040 1024; x_wconf 91' lang='grc' dir='ltr'>σου</span> <span class='ocrx_word' id='word_1_57' title='bbox 1060 968 1379 1038; x_wconf 80' lang='grc' dir='ltr'>κυριεύσει.</span> <span class='ocrx_word' id='word_1_58' title='bbox 1420 966 1633 1021; x_wconf 88' lang='grc' dir='ltr'>Βέλτιόν</span> <span class='ocrx_word' id='word_1_59' title='bbox 1658 982 1715 1019; x_wconf 88' lang='grc' dir='ltr'>σε</span> <span class='ocrx_word' id='word_1_60' title='bbox 1752 965 1854 1019; x_wconf 82' lang='grc' dir='ltr'>ὑπὸ</span> 
     </span>
    </p>
   </div>
   <div class='ocr_carea' id='block_1_9' title="bbox 187 1053 1851 1127">
    <p class='ocr_par' dir='ltr' id='par_1_9' title="bbox 187 1053 1851 1127">
     <span class='ocr_line' id='line_1_9' title="bbox 187 1053 1851 1127; baseline -0.004 -16"><span class='ocrx_word' id='word_1_61' title='bbox 187 1060 372 1113; x_wconf 57' lang='grc' dir='ltr'>τοῦιον</span> <span class='ocrx_word' id='word_1_62' title='bbox 402 1053 562 1121; x_wconf 76' lang='grc' dir='ltr'>εἶναι,</span> <span class='ocrx_word' id='word_1_63' title='bbox 585 1057 679 1110; x_wconf 76' lang='grc' dir='ltr'>καὶ</span> <span class='ocrx_word' id='word_1_64' title='bbox 709 1055 814 1109; x_wconf 78' lang='grc' dir='ltr'>ὑπὸ</span> <span class='ocrx_word' id='word_1_65' title='bbox 836 1055 934 1127; x_wconf 80' lang='grc' dir='ltr'>τὴν</span> <span class='ocrx_word' id='word_1_66' title='bbox 968 1056 1157 1109; x_wconf 86' lang='grc' dir='ltr'>τούτου</span> <span class='ocrx_word' id='word_1_67' title='bbox 1193 1055 1509 1109; x_wconf 73' lang='grc' dir='ltr'>δεσποτείαν</span> <span class='ocrx_word' id='word_1_68' title='bbox 1544 1054 1851 1123; x_wconf 74' lang='grc' dir='ltr'>τυγχάνειν,</span> 
     </span>
    </p>
   </div>
   <div class='ocr_carea' id='block_1_10' title="bbox 188 1138 1856 1218">
    <p class='ocr_par' dir='ltr' id='par_1_10' title="bbox 188 1138 1856 1218">
     <span class='ocr_line' id='line_1_10' title="bbox 188 1138 1856 1218; baseline -0.005 -18"><span class='ocrx_word' id='word_1_69' title='bbox 188 1147 221 1218; x_wconf 81' lang='grc' dir='ltr'><strong>ἣ</strong></span> <span class='ocrx_word' id='word_1_70' title='bbox 248 1146 429 1209; x_wconf 84' lang='grc' dir='ltr'>ἁδείας</span> <span class='ocrx_word' id='word_1_71' title='bbox 451 1143 827 1198; x_wconf 85' lang='grc' dir='ltr'>ἀπολαύουσαν</span> <span class='ocrx_word' id='word_1_72' title='bbox 853 1144 947 1196; x_wconf 71' lang='grc' dir='ltr'>καὶ</span> <span class='ocrx_word' id='word_1_73' title='bbox 966 1142 1210 1208; x_wconf 81' lang='grc' dir='ltr'>ἐξουσίας</span> <span class='ocrx_word' id='word_1_74' title='bbox 1239 1141 1378 1196; x_wconf 90' lang='grc' dir='ltr'>κατά</span> <span class='ocrx_word' id='word_1_75' title='bbox 1398 1139 1658 1214; x_wconf 83' lang='grc' dir='ltr'>κρημνῶν</span> <span class='ocrx_word' id='word_1_76' title='bbox 1695 1138 1856 1210; x_wconf 78' lang='grc' dir='ltr'>φέρε-</span> 
     </span>
    </p>
   </div>
   <div class='ocr_carea' id='block_1_11' title="bbox 190 1227 1852 1301">
    <p class='ocr_par' dir='ltr' id='par_1_11' title="bbox 190 1227 1852 1301">
     <span class='ocr_line' id='line_1_11' title="bbox 190 1227 1852 1301; baseline -0.007 -13"><span class='ocrx_word' id='word_1_77' title='bbox 190 1235 332 1288; x_wconf 88' lang='grc' dir='ltr'>σθαι.</span> <span class='ocrx_word' id='word_1_78' title='bbox 372 1232 525 1286; x_wconf 70' lang='grc' dir='ltr'>Ἐπεὶ</span> <span class='ocrx_word' id='word_1_79' title='bbox 548 1234 642 1286; x_wconf 74' lang='grc' dir='ltr'>καὶ</span> <span class='ocrx_word' id='word_1_80' title='bbox 669 1232 821 1301; x_wconf 79' lang='grc' dir='ltr'>ἵππῳ</span> <span class='ocrx_word' id='word_1_81' title='bbox 844 1230 1113 1294; x_wconf 82' lang='grc' dir='ltr'>λυσιτελὲς</span> <span class='ocrx_word' id='word_1_82' title='bbox 1138 1229 1203 1283; x_wconf 80' lang='grc' dir='ltr'>ἂν</span> <span class='ocrx_word' id='word_1_83' title='bbox 1225 1229 1432 1298; x_wconf 84' lang='grc' dir='ltr'>γένοιτο</span> <span class='ocrx_word' id='word_1_84' title='bbox 1454 1228 1667 1299; x_wconf 77' lang='grc' dir='ltr'>χαλινὸν</span> <span class='ocrx_word' id='word_1_85' title='bbox 1690 1227 1852 1297; x_wconf 78' lang='grc' dir='ltr'>ἔχειν,</span> 
     </span>
    </p>
   </div>
   <div class='ocr_carea' id='block_1_12' title="bbox 188 1306 1855 1393">
    <p class='ocr_par' dir='ltr' id='par_1_12' title="bbox 188 1306 1855 1393">
     <span class='ocr_line' id='line_1_12' title="bbox 188 1306 1855 1393; baseline -0.005 -17"><span class='ocrx_word' id='word_1_86' title='bbox 188 1306 289 1376; x_wconf 65' lang='grc' dir='ltr'>καί</span> <span class='ocrx_word' id='word_1_87' title='bbox 307 1319 455 1393; x_wconf 62' lang='grc'>[146]</span> <span class='ocrx_word' id='word_1_88' title='bbox 484 1320 718 1373; x_wconf 79' lang='grc' dir='ltr'>εῦτακτα</span> <span class='ocrx_word' id='word_1_89' title='bbox 746 1317 1058 1389; x_wconf 78' lang='grc' dir='ltr'>βαδίζειν,ἢ</span> <span class='ocrx_word' id='word_1_90' title='bbox 1088 1319 1214 1372; x_wconf 83' lang='grc' dir='ltr'>ἀνευ</span> <span class='ocrx_word' id='word_1_91' title='bbox 1236 1316 1424 1369; x_wconf 88' lang='grc' dir='ltr'>τούτου</span> <span class='ocrx_word' id='word_1_92' title='bbox 1442 1312 1855 1385; x_wconf 72' lang='grc' dir='ltr'>κατάκρημνῶν</span> 
     </span>
    </p>
   </div>
   <div class='ocr_carea' id='block_1_13' title="bbox 189 1401 1860 1481">
    <p class='ocr_par' dir='ltr' id='par_1_13' title="bbox 189 1401 1860 1481">
     <span class='ocr_line' id='line_1_13' title="bbox 189 1401 1860 1481; baseline -0.004 -19"><span class='ocrx_word' id='word_1_93' title='bbox 189 1408 470 1481; x_wconf 83' lang='grc' dir='ltr'>φέρεσθαι.</span> <span class='ocrx_word' id='word_1_94' title='bbox 493 1409 567 1462; x_wconf 86' lang='grc' dir='ltr'>Τὸ</span> <span class='ocrx_word' id='word_1_95' title='bbox 601 1406 873 1479; x_wconf 80' lang='grc' dir='ltr'>συμφέρον</span> <span class='ocrx_word' id='word_1_96' title='bbox 901 1404 1076 1458; x_wconf 82' lang='grc' dir='ltr'>τοίνυν</span> <span class='ocrx_word' id='word_1_97' title='bbox 1105 1402 1322 1457; x_wconf 86' lang='grc' dir='ltr'>σκοπῶν</span> <span class='ocrx_word' id='word_1_98' title='bbox 1356 1404 1418 1456; x_wconf 87' lang='grc' dir='ltr'>τὸ</span> <span class='ocrx_word' id='word_1_99' title='bbox 1448 1402 1557 1467; x_wconf 80' lang='grc' dir='ltr'>σὺν,</span> <span class='ocrx_word' id='word_1_100' title='bbox 1582 1401 1718 1474; x_wconf 74' lang='grc' dir='ltr'>πρὸς</span> <span class='ocrx_word' id='word_1_101' title='bbox 1739 1401 1860 1457; x_wconf 86' lang='grc' dir='ltr'>τοῦ·</span> 
     </span>
    </p>
   </div>
   <div class='ocr_carea' id='block_1_14' title="bbox 186 1489 1855 1566">
    <p class='ocr_par' dir='ltr' id='par_1_14' title="bbox 186 1489 1855 1566">
     <span class='ocr_line' id='line_1_14' title="bbox 186 1489 1855 1566; baseline -0.005 -16"><span class='ocrx_word' id='word_1_102' title='bbox 186 1496 280 1550; x_wconf 89' lang='grc' dir='ltr'>τόν</span> <span class='ocrx_word' id='word_1_103' title='bbox 327 1512 386 1550; x_wconf 89' lang='grc' dir='ltr'>σε</span> <span class='ocrx_word' id='word_1_104' title='bbox 424 1494 569 1566; x_wconf 78' lang='grc' dir='ltr'>ἔχειν</span> <span class='ocrx_word' id='word_1_105' title='bbox 608 1494 707 1565; x_wconf 85' lang='grc' dir='ltr'>τὴν</span> <span class='ocrx_word' id='word_1_106' title='bbox 749 1490 1098 1564; x_wconf 67' lang='grc' dir='ltr'>ἀποστροφὴν</span> <span class='ocrx_word' id='word_1_107' title='bbox 1142 1489 1420 1562; x_wconf 82' lang='grc' dir='ltr'>βούλομαι,</span> <span class='ocrx_word' id='word_1_108' title='bbox 1466 1490 1560 1543; x_wconf 79' lang='grc' dir='ltr'>καὶ</span> <span class='ocrx_word' id='word_1_109' title='bbox 1606 1489 1855 1558; x_wconf 88' lang='grc' dir='ltr'>καθάπερ</span> 
     </span>
    </p>
   </div>
   <div class='ocr_carea' id='block_1_15' title="bbox 193 1573 1857 1653">
    <p class='ocr_par' dir='ltr' id='par_1_15' title="bbox 193 1573 1857 1653">
     <span class='ocr_line' id='line_1_15' title="bbox 193 1573 1857 1653; baseline -0.006 -18"><span class='ocrx_word' id='word_1_110' title='bbox 193 1582 352 1653; x_wconf 86' lang='grc' dir='ltr'>σῶμα</span> <span class='ocrx_word' id='word_1_111' title='bbox 398 1580 606 1651; x_wconf 81' lang='grc' dir='ltr'>κεφαλῇ</span> <span class='ocrx_word' id='word_1_112' title='bbox 625 1578 874 1643; x_wconf 73' lang='grc' dir='ltr'>ἕπεσθαι,</span> <span class='ocrx_word' id='word_1_113' title='bbox 918 1577 1012 1632; x_wconf 74' lang='grc' dir='ltr'>καὶ</span> <span class='ocrx_word' id='word_1_114' title='bbox 1040 1576 1136 1648; x_wconf 78' lang='grc' dir='ltr'>τὴν</span> <span class='ocrx_word' id='word_1_115' title='bbox 1155 1576 1470 1631; x_wconf 86' lang='grc' dir='ltr'>δεσποτείαν</span> <span class='ocrx_word' id='word_1_116' title='bbox 1515 1574 1636 1646; x_wconf 75' lang='grc' dir='ltr'>μεθ’</span> <span class='ocrx_word' id='word_1_117' title='bbox 1665 1573 1857 1645; x_wconf 79' lang='grc' dir='ltr'>ἡδονῆς</span> 
     </span>
    </p>
   </div>
   <div class='ocr_carea' id='block_1_16' title="bbox 191 1660 1857 1737">
    <p class='ocr_par' dir='ltr' id='par_1_16' title="bbox 191 1660 1857 1737">
     <span class='ocr_line' id='line_1_16' title="bbox 191 1660 1857 1737; baseline -0.004 -17"><span class='ocrx_word' id='word_1_118' title='bbox 191 1666 593 1737; x_wconf 84' lang='grc' dir='ltr'>ἐπιγινώσκειν.</span> <span class='ocrx_word' id='word_1_119' title='bbox 625 1662 755 1720; x_wconf 82' lang='grc' dir='ltr'>Οἶδα</span> <span class='ocrx_word' id='word_1_120' title='bbox 787 1666 868 1719; x_wconf 85' lang='grc' dir='ltr'>ὅτι</span> <span class='ocrx_word' id='word_1_121' title='bbox 899 1664 1215 1735; x_wconf 88' lang='grc' dir='ltr'>ἀπεκάμετε</span> <span class='ocrx_word' id='word_1_122' title='bbox 1267 1663 1403 1734; x_wconf 82' lang='grc' dir='ltr'>πρὸς</span> <span class='ocrx_word' id='word_1_123' title='bbox 1450 1663 1510 1716; x_wconf 82' lang='grc' dir='ltr'>τὸ</span> <span class='ocrx_word' id='word_1_124' title='bbox 1549 1662 1720 1733; x_wconf 87' lang='grc' dir='ltr'>μῆκος</span> <span class='ocrx_word' id='word_1_125' title='bbox 1749 1660 1857 1714; x_wconf 90' lang='grc' dir='ltr'>τῶν</span> 
     </span>
    </p>
   </div>
   <div class='ocr_carea' id='block_1_17' title="bbox 192 1747 1857 1827">
    <p class='ocr_par' dir='ltr' id='par_1_17' title="bbox 192 1747 1857 1827">
     <span class='ocr_line' id='line_1_17' title="bbox 192 1747 1857 1827; baseline -0.005 -18"><span class='ocrx_word' id='word_1_126' title='bbox 192 1755 517 1827; x_wconf 78' lang='grc' dir='ltr'>εἰρημένων·</span> <span class='ocrx_word' id='word_1_127' title='bbox 572 1752 709 1808; x_wconf 88' lang='grc' dir='ltr'>ἀλλά</span> <span class='ocrx_word' id='word_1_128' title='bbox 760 1751 1074 1823; x_wconf 86' lang='grc' dir='ltr'>διεγέρθητε</span> <span class='ocrx_word' id='word_1_129' title='bbox 1137 1750 1353 1822; x_wconf 85' lang='grc' dir='ltr'>μικρὸν,</span> <span class='ocrx_word' id='word_1_130' title='bbox 1412 1748 1735 1819; x_wconf 84' lang='grc' dir='ltr'>παρακαλῶ,</span> <span class='ocrx_word' id='word_1_131' title='bbox 1783 1747 1857 1819; x_wconf 87' lang='grc' dir='ltr'>μὴ</span> 
     </span>
    </p>
   </div>
   <div class='ocr_carea' id='block_1_18' title="bbox 191 1835 1858 1911">
    <p class='ocr_par' dir='ltr' id='par_1_18' title="bbox 191 1835 1858 1911">
     <span class='ocr_line' id='line_1_18' title="bbox 191 1835 1858 1911; baseline -0.005 -16"><span class='ocrx_word' id='word_1_132' title='bbox 191 1842 474 1896; x_wconf 85' lang='grc' dir='ltr'>ἀτέλεστον</span> <span class='ocrx_word' id='word_1_133' title='bbox 496 1840 593 1911; x_wconf 82' lang='grc' dir='ltr'>τὴν</span> <span class='ocrx_word' id='word_1_134' title='bbox 610 1839 773 1909; x_wconf 86' lang='grc' dir='ltr'>’δίκην</span> <span class='ocrx_word' id='word_1_135' title='bbox 796 1837 1202 1909; x_wconf 82' lang='grc' dir='ltr'>καταλίπωμεν,</span> <span class='ocrx_word' id='word_1_136' title='bbox 1242 1836 1376 1908; x_wconf 86' lang='grc' dir='ltr'>μηδέ</span> <span class='ocrx_word' id='word_1_137' title='bbox 1409 1837 1638 1905; x_wconf 78' lang='grc' dir='ltr'>ἀφέντες</span> <span class='ocrx_word' id='word_1_138' title='bbox 1659 1835 1738 1889; x_wconf 82' lang='grc' dir='ltr'>ἐτι</span> <span class='ocrx_word' id='word_1_139' title='bbox 1767 1836 1858 1888; x_wconf 83' lang='grc' dir='ltr'>τὸν</span> 
     </span>
    </p>
   </div>
   <div class='ocr_carea' id='block_1_19' title="bbox 192 1923 1895 2001">
    <p class='ocr_par' dir='ltr' id='par_1_19' title="bbox 192 1923 1895 2001">
     <span class='ocr_line' id='line_1_19' title="bbox 192 1923 1895 2001; baseline -0.005 -17"><span class='ocrx_word' id='word_1_140' title='bbox 192 1929 450 2001; x_wconf 78' lang='grc' dir='ltr'>δικαστὴν</span> <span class='ocrx_word' id='word_1_141' title='bbox 479 1928 784 2001; x_wconf 85' lang='grc' dir='ltr'>καθήμενον</span> <span class='ocrx_word' id='word_1_142' title='bbox 807 1926 1270 1998; x_wconf 87' lang='grc' dir='ltr'>ἀναχωρήσωμεν·</span> <span class='ocrx_word' id='word_1_143' title='bbox 1313 1924 1405 1978; x_wconf 84' lang='grc' dir='ltr'>καὶ</span> <span class='ocrx_word' id='word_1_144' title='bbox 1434 1923 1541 1996; x_wconf 83' lang='grc' dir='ltr'>γὰρ</span> <span class='ocrx_word' id='word_1_145' title='bbox 1570 1923 1705 1996; x_wconf 83' lang='grc' dir='ltr'>πρὸς</span> <span class='ocrx_word' id='word_1_146' title='bbox 1730 1924 1859 1977; x_wconf 74' lang='grc' dir='ltr'>αὐτὸ</span> <span class='ocrx_word' id='word_1_147' title='bbox 1876 1940 1895 1962; x_wconf 70' lang='grc' dir='ltr'><strong>θ</strong></span> 
     </span>
    </p>
   </div>
   <div class='ocr_carea' id='block_1_20' title="bbox 192 2014 1589 2086">
    <p class='ocr_par' dir='ltr' id='par_1_20' title="bbox 192 2014 1589 2086">
     <span class='ocr_line' id='line_1_20' title="bbox 192 2014 1589 2086; baseline -0.003 -17"><span class='ocrx_word' id='word_1_148' title='bbox 192 2017 254 2071; x_wconf 84' lang='grc' dir='ltr'>τὸ</span> <span class='ocrx_word' id='word_1_149' title='bbox 278 2016 428 2080; x_wconf 83' lang='grc' dir='ltr'>τέλος</span> <span class='ocrx_word' id='word_1_150' title='bbox 456 2016 641 2070; x_wconf 76' lang='grc' dir='ltr'>λοιπὸν</span> <span class='ocrx_word' id='word_1_151' title='bbox 671 2014 1085 2086; x_wconf 82' lang='grc' dir='ltr'>ἀπηντήκαμεν.</span> <span class='ocrx_word' id='word_1_152' title='bbox 1570 2054 1589 2075; x_wconf 81' lang='grc'>,</span> 
     </span>
    </p>
   </div>
   <div class='ocr_carea' id='block_1_21' title="bbox 265 2114 1861 2191">
    <p class='ocr_par' dir='ltr' id='par_1_21' title="bbox 265 2114 1861 2191">
     <span class='ocr_line' id='line_1_21' title="bbox 265 2114 1861 2191; baseline -0.005 -17"><span class='ocrx_word' id='word_1_153' title='bbox 265 2120 333 2174; x_wconf 84' lang='grc' dir='ltr'>θ’.</span> <span class='ocrx_word' id='word_1_154' title='bbox 366 2121 595 2191; x_wconf 84' lang='grc' dir='ltr'>Ἴδωμεν</span> <span class='ocrx_word' id='word_1_155' title='bbox 622 2119 802 2173; x_wconf 86' lang='grc' dir='ltr'>τοίνυν</span> <span class='ocrx_word' id='word_1_156' title='bbox 836 2118 889 2171; x_wconf 90' lang='grc' dir='ltr'>τί</span> <span class='ocrx_word' id='word_1_157' title='bbox 929 2115 1068 2189; x_wconf 89' lang='grc' dir='ltr'>μετά</span> <span class='ocrx_word' id='word_1_158' title='bbox 1095 2117 1195 2189; x_wconf 86' lang='grc' dir='ltr'>τὴν</span> <span class='ocrx_word' id='word_1_159' title='bbox 1223 2119 1454 2185; x_wconf 87' lang='grc' dir='ltr'>γυναῖκα</span> <span class='ocrx_word' id='word_1_160' title='bbox 1492 2115 1626 2186; x_wconf 87' lang='grc' dir='ltr'>πρὸς</span> <span class='ocrx_word' id='word_1_161' title='bbox 1648 2115 1739 2167; x_wconf 80' lang='grc' dir='ltr'>τὸν</span> <span class='ocrx_word' id='word_1_162' title='bbox 1764 2114 1861 2168; x_wconf 81' lang='grc' dir='ltr'>ἄν·</span> 
     </span>
    </p>
   </div>
   <div class='ocr_carea' id='block_1_22' title="bbox 197 2201 1864 2279">
    <p class='ocr_par' dir='ltr' id='par_1_22' title="bbox 197 2201 1864 2279">
     <span class='ocr_line' id='line_1_22' title="bbox 197 2201 1864 2279; baseline -0.004 -19"><span class='ocrx_word' id='word_1_163' title='bbox 197 2208 298 2279; x_wconf 84' lang='grc' dir='ltr'>δρα</span> <span class='ocrx_word' id='word_1_164' title='bbox 335 2209 487 2278; x_wconf 81' lang='grc' dir='ltr'>φησὶ,</span> <span class='ocrx_word' id='word_1_165' title='bbox 522 2209 616 2261; x_wconf 74' lang='grc' dir='ltr'>καὶ</span> <span class='ocrx_word' id='word_1_166' title='bbox 637 2206 795 2260; x_wconf 89' lang='grc' dir='ltr'>ποίαν</span> <span class='ocrx_word' id='word_1_167' title='bbox 828 2207 920 2260; x_wconf 74' lang='grc' dir='ltr'>καὶ</span> <span class='ocrx_word' id='word_1_168' title='bbox 941 2205 1116 2276; x_wconf 84' lang='grc' dir='ltr'>τούτῳ</span> <span class='ocrx_word' id='word_1_169' title='bbox 1140 2205 1409 2276; x_wconf 83' lang='grc' dir='ltr'>τιμωρίαν</span> <span class='ocrx_word' id='word_1_170' title='bbox 1433 2204 1649 2272; x_wconf 86' lang='grc' dir='ltr'>ἐπάγει.</span> <span class='ocrx_word' id='word_1_171' title='bbox 1684 2201 1770 2266; x_wconf 88' lang='grc' dir='ltr'>Τῷ</span> <span class='ocrx_word' id='word_1_172' title='bbox 1795 2201 1864 2255; x_wconf 83' lang='grc' dir='ltr'>δὲ</span> 
     </span>
    </p>
   </div>
   <div class='ocr_carea' id='block_1_23' title="bbox 210 2290 1865 2364">
    <p class='ocr_par' dir='ltr' id='par_1_23' title="bbox 210 2290 1865 2364">
     <span class='ocr_line' id='line_1_23' title="bbox 210 2290 1865 2364; baseline -0.005 -15"><span class='ocrx_word' id='word_1_173' title='bbox 210 2295 383 2364; x_wconf 77' lang='grc' dir='ltr'>Ἀδὰμ</span> <span class='ocrx_word' id='word_1_174' title='bbox 419 2291 606 2356; x_wconf 74' lang='grc' dir='ltr'>εἶπεν,</span> <span class='ocrx_word' id='word_1_175' title='bbox 638 2294 768 2347; x_wconf 89' lang='grc' dir='ltr'>Ὅτι</span> <span class='ocrx_word' id='word_1_176' title='bbox 806 2292 1078 2362; x_wconf 76' lang='grc' dir='ltr'>ἤκουσας</span> <span class='ocrx_word' id='word_1_177' title='bbox 1115 2290 1226 2360; x_wconf 83' lang='grc' dir='ltr'>τῆς</span> <span class='ocrx_word' id='word_1_178' title='bbox 1264 2290 1467 2360; x_wconf 81' lang='grc' dir='ltr'>φωνῆς</span> <span class='ocrx_word' id='word_1_179' title='bbox 1512 2290 1624 2359; x_wconf 83' lang='grc' dir='ltr'>τῆς</span> <span class='ocrx_word' id='word_1_180' title='bbox 1660 2306 1865 2360; x_wconf 81' lang='grc' dir='ltr'>γυναι-</span> 
     </span>
    </p>
   </div>
   <div class='ocr_carea' id='block_1_24' title="bbox 200 2373 1865 2448">
    <p class='ocr_par' dir='ltr' id='par_1_24' title="bbox 200 2373 1865 2448">
     <span class='ocr_line' id='line_1_24' title="bbox 200 2373 1865 2448; baseline -0.003 -14"><span class='ocrx_word' id='word_1_181' title='bbox 200 2382 305 2446; x_wconf 80' lang='grc' dir='ltr'>κός</span> <span class='ocrx_word' id='word_1_182' title='bbox 332 2398 469 2443; x_wconf 88' lang='grc' dir='ltr'>σου,</span> <span class='ocrx_word' id='word_1_183' title='bbox 494 2380 591 2433; x_wconf 84' lang='grc' dir='ltr'>καὶ</span> <span class='ocrx_word' id='word_1_184' title='bbox 619 2381 837 2448; x_wconf 74' lang='grc' dir='ltr'>ἔφαγες</span> <span class='ocrx_word' id='word_1_185' title='bbox 859 2378 978 2433; x_wconf 81' lang='grc' dir='ltr'>ἀπὸ</span> <span class='ocrx_word' id='word_1_186' title='bbox 1003 2378 1109 2432; x_wconf 89' lang='grc' dir='ltr'>τοῦ</span> <span class='ocrx_word' id='word_1_187' title='bbox 1139 2378 1351 2442; x_wconf 81' lang='grc' dir='ltr'>ξύλου,</span> <span class='ocrx_word' id='word_1_188' title='bbox 1378 2373 1448 2432; x_wconf 90' lang='grc' dir='ltr'>οὗ</span> <span class='ocrx_word' id='word_1_189' title='bbox 1477 2375 1865 2445; x_wconf 73' lang='grc' dir='ltr'>ἐνετειλάμην</span> 
     </span>
    </p>
   </div>
   <div class='ocr_carea' id='block_1_25' title="bbox 198 2463 1860 2535">
    <p class='ocr_par' dir='ltr' id='par_1_25' title="bbox 198 2463 1860 2535">
     <span class='ocr_line' id='line_1_25' title="bbox 198 2463 1860 2535; baseline -0.002 -16"><span class='ocrx_word' id='word_1_190' title='bbox 198 2481 299 2519; x_wconf 87' lang='grc' dir='ltr'>σοι</span> <span class='ocrx_word' id='word_1_191' title='bbox 341 2467 556 2520; x_wconf 89' lang='grc' dir='ltr'>τούτου</span> <span class='ocrx_word' id='word_1_192' title='bbox 610 2467 802 2535; x_wconf 80' lang='grc' dir='ltr'>μόνου</span> <span class='ocrx_word' id='word_1_193' title='bbox 849 2464 934 2535; x_wconf 80' lang='grc' dir='ltr'>μὴ</span> <span class='ocrx_word' id='word_1_194' title='bbox 980 2463 1212 2534; x_wconf 85' lang='grc' dir='ltr'>φαγεῖν,</span> <span class='ocrx_word' id='word_1_195' title='bbox 1254 2465 1354 2518; x_wconf 79' lang='grc' dir='ltr'>ἀπ’</span> <span class='ocrx_word' id='word_1_196' title='bbox 1392 2463 1578 2518; x_wconf 87' lang='grc' dir='ltr'>αὑτοῦ</span> <span class='ocrx_word' id='word_1_197' title='bbox 1626 2463 1860 2533; x_wconf 79' lang='grc' dir='ltr'>ἔφαγες·</span> 
     </span>
    </p>
   </div>
   <div class='ocr_carea' id='block_1_26' title="bbox 200 2549 1865 2621">
    <p class='ocr_par' dir='ltr' id='par_1_26' title="bbox 200 2549 1865 2621">
     <span class='ocr_line' id='line_1_26' title="bbox 200 2549 1865 2621; baseline -0.002 -14"><span class='ocrx_word' id='word_1_198' title='bbox 200 2553 629 2621; x_wconf 84' lang='grc' dir='ltr'>ἐπικατάρατος</span> <span class='ocrx_word' id='word_1_199' title='bbox 660 2553 698 2619; x_wconf 71' lang='grc' dir='ltr'><strong><em>ἡ</em></strong></span> <span class='ocrx_word' id='word_1_200' title='bbox 738 2552 814 2621; x_wconf 84' lang='grc' dir='ltr'>γῆ</span> <span class='ocrx_word' id='word_1_201' title='bbox 856 2553 925 2604; x_wconf 77' lang='grc' dir='ltr'>ἐν</span> <span class='ocrx_word' id='word_1_202' title='bbox 966 2551 1091 2617; x_wconf 85' lang='grc' dir='ltr'>τοῖς</span> <span class='ocrx_word' id='word_1_203' title='bbox 1123 2549 1319 2620; x_wconf 82' lang='grc' dir='ltr'>ἔργοις</span> <span class='ocrx_word' id='word_1_204' title='bbox 1349 2563 1486 2605; x_wconf 82' lang='grc' dir='ltr'>σου.</span> <span class='ocrx_word' id='word_1_205' title='bbox 1523 2552 1618 2605; x_wconf 86' lang='grc' dir='ltr'>Ἐν</span> <span class='ocrx_word' id='word_1_206' title='bbox 1641 2551 1865 2616; x_wconf 84' lang='grc' dir='ltr'>λύπαις</span> 
     </span>
    </p>
   </div>
   <div class='ocr_carea' id='block_1_27' title="bbox 199 2635 1867 2711">
    <p class='ocr_par' dir='ltr' id='par_1_27' title="bbox 199 2635 1867 2711">
     <span class='ocr_line' id='line_1_27' title="bbox 199 2635 1867 2711; baseline -0.002 -18"><span class='ocrx_word' id='word_1_207' title='bbox 199 2640 359 2711; x_wconf 85' lang='grc' dir='ltr'>φάγῃ</span> <span class='ocrx_word' id='word_1_208' title='bbox 389 2639 582 2708; x_wconf 80' lang='grc' dir='ltr'>αὐτὴν</span> <span class='ocrx_word' id='word_1_209' title='bbox 603 2637 804 2704; x_wconf 87' lang='grc' dir='ltr'>πάσας</span> <span class='ocrx_word' id='word_1_210' title='bbox 825 2637 930 2703; x_wconf 86' lang='grc' dir='ltr'>τὰς</span> <span class='ocrx_word' id='word_1_211' title='bbox 952 2637 1174 2707; x_wconf 79' lang='grc' dir='ltr'>ἡμέρας</span> <span class='ocrx_word' id='word_1_212' title='bbox 1198 2635 1308 2705; x_wconf 79' lang='grc' dir='ltr'>τῆς</span> <span class='ocrx_word' id='word_1_213' title='bbox 1332 2636 1480 2706; x_wconf 61' lang='lat' dir='ltr'>(wife</span> <span class='ocrx_word' id='word_1_214' title='bbox 1498 2652 1634 2691; x_wconf 91' lang='grc' dir='ltr'>σου.</span> <span class='ocrx_word' id='word_1_215' title='bbox 1676 2637 1867 2692; x_wconf 83' lang='grc' dir='ltr'>Ἀκάν-</span> 
     </span>
    </p>
   </div>
   <div class='ocr_carea' id='block_1_28' title="bbox 199 2719 1865 2791">
    <p class='ocr_par' dir='ltr' id='par_1_28' title="bbox 199 2719 1865 2791">
     <span class='ocr_line' id='line_1_28' title="bbox 199 2719 1865 2791; baseline -0.004 -13"><span class='ocrx_word' id='word_1_216' title='bbox 199 2728 309 2789; x_wconf 88' lang='grc' dir='ltr'>θας</span> <span class='ocrx_word' id='word_1_217' title='bbox 342 2723 440 2777; x_wconf 78' lang='grc' dir='ltr'>καὶ</span> <span class='ocrx_word' id='word_1_218' title='bbox 471 2724 779 2791; x_wconf 79' lang='grc' dir='ltr'>τριϐόλους</span> <span class='ocrx_word' id='word_1_219' title='bbox 814 2719 1095 2775; x_wconf 85' lang='grc' dir='ltr'>ἀνατελεῖ</span> <span class='ocrx_word' id='word_1_220' title='bbox 1115 2736 1234 2784; x_wconf 93' lang='grc' dir='ltr'>σοι,</span> <span class='ocrx_word' id='word_1_221' title='bbox 1266 2719 1364 2774; x_wconf 81' lang='grc' dir='ltr'>καὶ</span> <span class='ocrx_word' id='word_1_222' title='bbox 1399 2721 1558 2789; x_wconf 85' lang='grc' dir='ltr'>φάγῃ</span> <span class='ocrx_word' id='word_1_223' title='bbox 1595 2720 1703 2774; x_wconf 80' lang='grc' dir='ltr'>τὸν</span> <span class='ocrx_word' id='word_1_224' title='bbox 1726 2721 1865 2789; x_wconf 85' lang='grc' dir='ltr'>χόρ-</span> 
     </span>
    </p>
   </div>
   <div class='ocr_carea' id='block_1_29' title="bbox 198 2804 1864 2879">
    <p class='ocr_par' dir='ltr' id='par_1_29' title="bbox 198 2804 1864 2879">
     <span class='ocr_line' id='line_1_29' title="bbox 198 2804 1864 2879; baseline -0.004 -14"><span class='ocrx_word' id='word_1_225' title='bbox 198 2828 307 2865; x_wconf 91' lang='grc' dir='ltr'>τον</span> <span class='ocrx_word' id='word_1_226' title='bbox 334 2810 439 2865; x_wconf 89' lang='grc' dir='ltr'>τοῦ</span> <span class='ocrx_word' id='word_1_227' title='bbox 479 2809 684 2879; x_wconf 87' lang='grc' dir='ltr'>ἀγροῦ.</span> <span class='ocrx_word' id='word_1_228' title='bbox 729 2809 784 2859; x_wconf 80' lang='grc' dir='ltr'><strong><em>Ἐ</em></strong></span> <span class='ocrx_word' id='word_1_229' title='bbox 789 2826 826 2861; x_wconf 89' lang='grc' dir='ltr'>ν</span> <span class='ocrx_word' id='word_1_230' title='bbox 849 2806 1043 2876; x_wconf 79' lang='grc' dir='ltr'>ἱδρῶτι</span> <span class='ocrx_word' id='word_1_231' title='bbox 1074 2807 1178 2861; x_wconf 88' lang='grc' dir='ltr'>τοῦ</span> <span class='ocrx_word' id='word_1_232' title='bbox 1213 2805 1536 2874; x_wconf 83' lang='grc' dir='ltr'>προσώπου</span> <span class='ocrx_word' id='word_1_233' title='bbox 1563 2822 1678 2860; x_wconf 90' lang='grc' dir='ltr'>σου</span> <span class='ocrx_word' id='word_1_234' title='bbox 1704 2804 1864 2876; x_wconf 85' lang='grc' dir='ltr'>φάγῃ</span> 
     </span>
    </p>
   </div>
   <div class='ocr_carea' id='block_1_30' title="bbox 200 2891 1862 2965">
    <p class='ocr_par' dir='ltr' id='par_1_30' title="bbox 200 2891 1862 2965">
     <span class='ocr_line' id='line_1_30' title="bbox 200 2891 1862 2965; baseline 0.021 -36"><span class='ocrx_word' id='word_1_235' title='bbox 200 2897 306 2950; x_wconf 70' lang='grc' dir='ltr'>τὸν</span> <span class='ocrx_word' id='word_1_236' title='bbox 325 2895 508 2965; x_wconf 68' lang='grc' dir='ltr'>ἄρτον</span> <span class='ocrx_word' id='word_1_237' title='bbox 534 2912 671 2959; x_wconf 88' lang='grc' dir='ltr'>σου,</span> <span class='ocrx_word' id='word_1_238' title='bbox 702 2892 811 2959; x_wconf 83' lang='grc' dir='ltr'>ἕως</span> <span class='ocrx_word' id='word_1_239' title='bbox 833 2892 941 2947; x_wconf 86' lang='grc' dir='ltr'>τοῦ</span> <span class='ocrx_word' id='word_1_240' title='bbox 968 2891 1347 2960; x_wconf 72' lang='grc' dir='ltr'>ἀποστρέψαι</span> <span class='ocrx_word' id='word_1_241' title='bbox 1373 2907 1445 2947; x_wconf 89' lang='grc' dir='ltr'>σε</span> <span class='ocrx_word' id='word_1_242' title='bbox 1474 2894 1562 2958; x_wconf 79' lang='grc' dir='ltr'>εὶς</span> <span class='ocrx_word' id='word_1_243' title='bbox 1590 2891 1704 2960; x_wconf 69' lang='grc' dir='ltr'>τὴν</span> <span class='ocrx_word' id='word_1_244' title='bbox 1725 2891 1862 2962; x_wconf 69' lang='grc' dir='ltr'>Τῆνν</span> 
     </span>
    </p>
   </div>
   <div class='ocr_carea' id='block_1_31' title="bbox 200 2977 1860 3053">
    <p class='ocr_par' dir='ltr' id='par_1_31' title="bbox 200 2977 1860 3053">
     <span class='ocr_line' id='line_1_31' title="bbox 200 2977 1860 3053; baseline -0.002 -18"><span class='ocrx_word' id='word_1_245' title='bbox 200 2983 268 3047; x_wconf 80' lang='grc' dir='ltr'>ἐξ</span> <span class='ocrx_word' id='word_1_246' title='bbox 300 2978 376 3053; x_wconf 83' lang='grc' dir='ltr'>ἧς</span> <span class='ocrx_word' id='word_1_247' title='bbox 405 2981 693 3050; x_wconf 79' lang='grc' dir='ltr'>ἐλήφθης·</span> <span class='ocrx_word' id='word_1_248' title='bbox 749 2979 837 3033; x_wconf 88' lang='grc' dir='ltr'>ὅτι</span> <span class='ocrx_word' id='word_1_249' title='bbox 884 2978 959 3048; x_wconf 86' lang='grc' dir='ltr'>γῆ</span> <span class='ocrx_word' id='word_1_250' title='bbox 1003 2979 1060 3032; x_wconf 82' lang='grc' dir='ltr'>εἷ</span> <span class='ocrx_word' id='word_1_251' title='bbox 1098 2978 1196 3032; x_wconf 79' lang='grc' dir='ltr'>καί</span> <span class='ocrx_word' id='word_1_252' title='bbox 1232 2981 1314 3044; x_wconf 78' lang='grc' dir='ltr'>εις</span> <span class='ocrx_word' id='word_1_253' title='bbox 1361 2977 1480 3047; x_wconf 85' lang='grc' dir='ltr'>γῆν</span> <span class='ocrx_word' id='word_1_254' title='bbox 1528 2978 1860 3047; x_wconf 83' lang='grc' dir='ltr'>ἀπελεύσῃ.</span> 
     </span>
    </p>
   </div>
   <div class='ocr_carea' id='block_1_32' title="bbox 200 3064 1865 3140">
    <p class='ocr_par' dir='ltr' id='par_1_32' title="bbox 200 3064 1865 3140">
     <span class='ocr_line' id='line_1_32' title="bbox 200 3064 1865 3140; baseline -0.002 -17"><span class='ocrx_word' id='word_1_255' title='bbox 200 3071 424 3140; x_wconf 80' lang='grc' dir='ltr'>Μεγάλη</span> <span class='ocrx_word' id='word_1_256' title='bbox 471 3069 563 3122; x_wconf 79' lang='grc' dir='ltr'>καὶ</span> <span class='ocrx_word' id='word_1_257' title='bbox 602 3068 807 3136; x_wconf 74' lang='grc' dir='ltr'>άφατος</span> <span class='ocrx_word' id='word_1_258' title='bbox 841 3066 935 3119; x_wconf 76' lang='grc' dir='ltr'>καὶ</span> <span class='ocrx_word' id='word_1_259' title='bbox 966 3064 1215 3119; x_wconf 82' lang='grc' dir='ltr'>ἐντεῦθεν</span> <span class='ocrx_word' id='word_1_260' title='bbox 1241 3064 1513 3118; x_wconf 84' lang='grc' dir='ltr'>δείκνυται</span> <span class='ocrx_word' id='word_1_261' title='bbox 1542 3068 1576 3137; x_wconf 84' lang='grc' dir='ltr'><strong>ἡ</strong></span> <span class='ocrx_word' id='word_1_262' title='bbox 1615 3067 1742 3137; x_wconf 73' lang='grc' dir='ltr'>περὶ</span> <span class='ocrx_word' id='word_1_263' title='bbox 1772 3067 1865 3119; x_wconf 85' lang='grc' dir='ltr'>τὸν</span> 
     </span>
    </p>
   </div>
   <div class='ocr_carea' id='block_1_33' title="bbox 199 3152 1865 3228">
    <p class='ocr_par' dir='ltr' id='par_1_33' title="bbox 199 3152 1865 3228">
     <span class='ocr_line' id='line_1_33' title="bbox 199 3152 1865 3228; baseline -0.003 -17"><span class='ocrx_word' id='word_1_264' title='bbox 199 3159 483 3228; x_wconf 84' lang='grc' dir='ltr'>ἄνθρωπον</span> <span class='ocrx_word' id='word_1_265' title='bbox 537 3156 631 3208; x_wconf 87' lang='grc' dir='ltr'>τοῦ</span> <span class='ocrx_word' id='word_1_266' title='bbox 688 3154 960 3207; x_wconf 84' lang='grc' dir='ltr'>Δεσπὸτου</span> <span class='ocrx_word' id='word_1_267' title='bbox 1019 3152 1330 3223; x_wconf 80' lang='grc' dir='ltr'>κηδεμονία·</span> <span class='ocrx_word' id='word_1_268' title='bbox 1376 3152 1490 3205; x_wconf 87' lang='grc' dir='ltr'>ἀλλ’</span> <span class='ocrx_word' id='word_1_269' title='bbox 1525 3153 1865 3224; x_wconf 61' lang='grc' dir='ltr'>’ἀκούσωμεν</span> 
     </span>
    </p>
   </div>
   <div class='ocr_carea' id='block_1_34' title="bbox 200 3236 1862 3313">
    <p class='ocr_par' dir='ltr' id='par_1_34' title="bbox 200 3236 1862 3313">
     <span class='ocr_line' id='line_1_34' title="bbox 200 3236 1862 3313; baseline -0.002 -16"><span class='ocrx_word' id='word_1_270' title='bbox 200 3243 442 3313; x_wconf 84' lang='grc' dir='ltr'>ἀκριϐῶς</span> <span class='ocrx_word' id='word_1_271' title='bbox 474 3242 705 3295; x_wconf 70' lang='grc' dir='ltr'>ἕκαστον</span> <span class='ocrx_word' id='word_1_272' title='bbox 738 3240 846 3293; x_wconf 88' lang='grc' dir='ltr'>τῶν</span> <span class='ocrx_word' id='word_1_273' title='bbox 872 3239 1195 3311; x_wconf 75' lang='grc' dir='ltr'>εἰρημένων·</span> <span class='ocrx_word' id='word_1_274' title='bbox 1236 3236 1320 3303; x_wconf 84' lang='grc' dir='ltr'>Τῷ</span> <span class='ocrx_word' id='word_1_275' title='bbox 1358 3238 1427 3291; x_wconf 81' lang='grc' dir='ltr'>δὲ</span> <span class='ocrx_word' id='word_1_276' title='bbox 1459 3239 1638 3309; x_wconf 80' lang='grc' dir='ltr'>Ἀδὰμ</span> <span class='ocrx_word' id='word_1_277' title='bbox 1673 3236 1862 3307; x_wconf 77' lang='grc' dir='ltr'>εἶπεν,</span> 
     </span>
    </p>
   </div>
   <div class='ocr_carea' id='block_1_35' title="bbox 201 3322 1862 3393">
    <p class='ocr_par' dir='ltr' id='par_1_35' title="bbox 201 3322 1862 3393">
     <span class='ocr_line' id='line_1_35' title="bbox 201 3322 1862 3393; baseline -0.001 -15"><span class='ocrx_word' id='word_1_278' title='bbox 201 3324 322 3378; x_wconf 90' lang='grc' dir='ltr'>Ὄτι</span> <span class='ocrx_word' id='word_1_279' title='bbox 375 3324 648 3393; x_wconf 75' lang='grc' dir='ltr'>ἤκουσας</span> <span class='ocrx_word' id='word_1_280' title='bbox 692 3322 801 3388; x_wconf 85' lang='grc' dir='ltr'>τῆς</span> <span class='ocrx_word' id='word_1_281' title='bbox 852 3322 1057 3390; x_wconf 84' lang='grc' dir='ltr'>φωνῆς</span> <span class='ocrx_word' id='word_1_282' title='bbox 1103 3322 1215 3388; x_wconf 84' lang='grc' dir='ltr'>τῆς</span> <span class='ocrx_word' id='word_1_283' title='bbox 1265 3322 1549 3390; x_wconf 79' lang='grc' dir='ltr'>γυναικός</span> <span class='ocrx_word' id='word_1_284' title='bbox 1593 3338 1731 3387; x_wconf 93' lang='grc' dir='ltr'>σου,</span> <span class='ocrx_word' id='word_1_285' title='bbox 1766 3325 1862 3377; x_wconf 79' lang='grc' dir='ltr'>καί</span> 
     </span>
    </p>
   </div>
   <div class='ocr_carea' id='block_1_36' title="bbox 198 3403 1865 3481">
    <p class='ocr_par' dir='ltr' id='par_1_36' title="bbox 198 3403 1865 3481">
     <span class='ocr_line' id='line_1_36' title="bbox 198 3403 1865 3481; baseline 0.001 -17"><span class='ocrx_word' id='word_1_286' title='bbox 198 3413 416 3481; x_wconf 75' lang='grc' dir='ltr'>ἔφαγες</span> <span class='ocrx_word' id='word_1_287' title='bbox 451 3408 571 3464; x_wconf 88' lang='grc' dir='ltr'>ἀπὸ</span> <span class='ocrx_word' id='word_1_288' title='bbox 600 3409 708 3462; x_wconf 88' lang='grc' dir='ltr'>τοῦ</span> <span class='ocrx_word' id='word_1_289' title='bbox 743 3408 956 3473; x_wconf 80' lang='grc' dir='ltr'>ξύλου,</span> <span class='ocrx_word' id='word_1_290' title='bbox 995 3403 1068 3465; x_wconf 83' lang='grc' dir='ltr'>οὗ</span> <span class='ocrx_word' id='word_1_291' title='bbox 1090 3407 1482 3481; x_wconf 69' lang='grc' dir='ltr'>ἐνετειλάμην</span> <span class='ocrx_word' id='word_1_292' title='bbox 1517 3423 1616 3463; x_wconf 90' lang='grc' dir='ltr'>σοι</span> <span class='ocrx_word' id='word_1_293' title='bbox 1651 3412 1865 3466; x_wconf 84' lang='grc' dir='ltr'>τούτου</span> 
     </span>
    </p>
   </div>
   <div class='ocr_carea' id='block_1_37' title="bbox 196 3495 1866 3569">
    <p class='ocr_par' dir='ltr' id='par_1_37' title="bbox 196 3495 1866 3569">
     <span class='ocr_line' id='line_1_37' title="bbox 196 3495 1866 3569; baseline 0 -18"><span class='ocrx_word' id='word_1_294' title='bbox 196 3498 389 3569; x_wconf 80' lang='grc' dir='ltr'>μόνου</span> <span class='ocrx_word' id='word_1_295' title='bbox 418 3497 506 3566; x_wconf 78' lang='grc' dir='ltr'>μὴ</span> <span class='ocrx_word' id='word_1_296' title='bbox 532 3495 763 3565; x_wconf 87' lang='grc' dir='ltr'>φαγεῖν,</span> <span class='ocrx_word' id='word_1_297' title='bbox 806 3495 906 3550; x_wconf 84' lang='grc' dir='ltr'>ἀπ’</span> <span class='ocrx_word' id='word_1_298' title='bbox 946 3495 1130 3550; x_wconf 83' lang='grc' dir='ltr'>αὑτοῦ</span> <span class='ocrx_word' id='word_1_299' title='bbox 1174 3495 1411 3564; x_wconf 79' lang='grc' dir='ltr'>ἔφαγες.</span> <span class='ocrx_word' id='word_1_300' title='bbox 1450 3496 1663 3569; x_wconf 84' lang='grc' dir='ltr'>Ἐπειδὴ</span> <span class='ocrx_word' id='word_1_301' title='bbox 1698 3498 1866 3566; x_wconf 53' lang='grc' dir='ltr'>ἤκουε</span> 
     </span>
    </p>
   </div>
   <div class='ocr_carea' id='block_1_38' title="bbox 205 3582 1863 3655">
    <p class='ocr_par' dir='ltr' id='par_1_38' title="bbox 205 3582 1863 3655">
     <span class='ocr_line' id='line_1_38' title="bbox 205 3582 1863 3655; baseline -0.001 -15"><span class='ocrx_word' id='word_1_302' title='bbox 205 3600 323 3651; x_wconf 79' lang='grc' dir='ltr'>σας,</span> <span class='ocrx_word' id='word_1_303' title='bbox 359 3586 512 3655; x_wconf 76' lang='grc' dir='ltr'>φησὶ,</span> <span class='ocrx_word' id='word_1_304' title='bbox 548 3585 645 3655; x_wconf 85' lang='grc' dir='ltr'>τῆς</span> <span class='ocrx_word' id='word_1_305' title='bbox 662 3583 918 3653; x_wconf 87' lang='grc' dir='ltr'>γυναικός</span> <span class='ocrx_word' id='word_1_306' title='bbox 955 3600 1049 3636; x_wconf 91' lang='grc' dir='ltr'>σου</span> <span class='ocrx_word' id='word_1_307' title='bbox 1087 3583 1182 3637; x_wconf 70' lang='grc' dir='ltr'>καὶ</span> <span class='ocrx_word' id='word_1_308' title='bbox 1211 3582 1410 3653; x_wconf 80' lang='grc' dir='ltr'>ἔφαγες</span> <span class='ocrx_word' id='word_1_309' title='bbox 1432 3584 1539 3637; x_wconf 84' lang='grc' dir='ltr'>ἀπὸ</span> <span class='ocrx_word' id='word_1_310' title='bbox 1561 3584 1654 3637; x_wconf 87' lang='grc' dir='ltr'>τοῦ</span> <span class='ocrx_word' id='word_1_311' title='bbox 1686 3584 1863 3654; x_wconf 80' lang='grc' dir='ltr'>ξύλου,</span> 
     </span>
    </p>
   </div>
   <div class='ocr_carea' id='block_1_39' title="bbox 203 3670 1866 3745">
    <p class='ocr_par' dir='ltr' id='par_1_39' title="bbox 203 3670 1866 3745">
     <span class='ocr_line' id='line_1_39' title="bbox 203 3670 1866 3745; baseline 0.001 -19"><span class='ocrx_word' id='word_1_312' title='bbox 203 3674 296 3727; x_wconf 73' lang='grc' dir='ltr'>καὶ</span> <span class='ocrx_word' id='word_1_313' title='bbox 342 3673 441 3742; x_wconf 87' lang='grc' dir='ltr'>τῆς</span> <span class='ocrx_word' id='word_1_314' title='bbox 491 3672 632 3743; x_wconf 87' lang='grc' dir='ltr'>ἐμῆς</span> <span class='ocrx_word' id='word_1_315' title='bbox 678 3671 896 3742; x_wconf 83' lang='grc' dir='ltr'>ἐντολῆς</span> <span class='ocrx_word' id='word_1_316' title='bbox 940 3670 1312 3742; x_wconf 86' lang='grc' dir='ltr'>προετίμησας</span> <span class='ocrx_word' id='word_1_317' title='bbox 1354 3670 1453 3742; x_wconf 77' lang='grc' dir='ltr'>τὴν</span> <span class='ocrx_word' id='word_1_318' title='bbox 1489 3672 1618 3743; x_wconf 82' lang='grc' dir='ltr'>παρ’</span> <span class='ocrx_word' id='word_1_319' title='bbox 1651 3673 1866 3745; x_wconf 77' lang='grc' dir='ltr'>ἐκείνης</span> 
     </span>
    </p>
   </div>
   <div class='ocr_carea' id='block_1_40' title="bbox 203 3755 1866 3829">
    <p class='ocr_par' dir='ltr' id='par_1_40' title="bbox 203 3755 1866 3829">
     <span class='ocr_line' id='line_1_40' title="bbox 203 3755 1866 3829; baseline 0.001 -18"><span class='ocrx_word' id='word_1_320' title='bbox 203 3757 529 3829; x_wconf 80' lang='grc' dir='ltr'>συμϐουλὴν,</span> <span class='ocrx_word' id='word_1_321' title='bbox 556 3757 647 3811; x_wconf 79' lang='grc' dir='ltr'>καὶ</span> <span class='ocrx_word' id='word_1_322' title='bbox 664 3757 763 3810; x_wconf 77' lang='grc' dir='ltr'>οὐκ</span> <span class='ocrx_word' id='word_1_323' title='bbox 791 3755 1098 3828; x_wconf 74' lang='grc' dir='ltr'>ἠϐουλήθης</span> <span class='ocrx_word' id='word_1_324' title='bbox 1119 3755 1213 3810; x_wconf 89' lang='grc' dir='ltr'>τοῦ</span> <span class='ocrx_word' id='word_1_325' title='bbox 1243 3756 1400 3822; x_wconf 79' lang='grc' dir='ltr'>ξύλου</span> <span class='ocrx_word' id='word_1_326' title='bbox 1422 3755 1516 3810; x_wconf 87' lang='grc' dir='ltr'>τοῦ</span> <span class='ocrx_word' id='word_1_327' title='bbox 1539 3756 1657 3822; x_wconf 84' lang='grc' dir='ltr'>ἐνὸς</span> <span class='ocrx_word' id='word_1_328' title='bbox 1679 3757 1866 3812; x_wconf 89' lang='grc' dir='ltr'>τούτου</span> 
     </span>
    </p>
   </div>
   <div class='ocr_carea' id='block_1_41' title="bbox 205 3838 1868 3918">
    <p class='ocr_par' dir='ltr' id='par_1_41' title="bbox 205 3838 1868 3918">
     <span class='ocr_line' id='line_1_41' title="bbox 205 3838 1868 3918; baseline -0.001 -19"><span class='ocrx_word' id='word_1_329' title='bbox 205 3847 367 3915; x_wconf 85' lang='grc' dir='ltr'>μόνου</span> <span class='ocrx_word' id='word_1_330' title='bbox 390 3844 743 3916; x_wconf 71' lang='grc' dir='ltr'>ἀποσχέσθαι,</span> <span class='ocrx_word' id='word_1_331' title='bbox 761 3838 823 3898; x_wconf 80' lang='grc' dir='ltr'>οῦ</span> <span class='ocrx_word' id='word_1_332' title='bbox 849 3844 1197 3915; x_wconf 78' lang='grc' dir='ltr'>ἐνετειλάμην</span> <span class='ocrx_word' id='word_1_333' title='bbox 1214 3860 1295 3897; x_wconf 85' lang='grc' dir='ltr'>σοι</span> <span class='ocrx_word' id='word_1_334' title='bbox 1325 3843 1400 3915; x_wconf 82' lang='grc' dir='ltr'>μὴ</span> <span class='ocrx_word' id='word_1_335' title='bbox 1424 3846 1615 3913; x_wconf 86' lang='grc' dir='ltr'>φαγεῖν</span> <span class='ocrx_word' id='word_1_336' title='bbox 1637 3844 1737 3918; x_wconf 82' lang='grc' dir='ltr'>(μὴ</span> <span class='ocrx_word' id='word_1_337' title='bbox 1759 3845 1868 3917; x_wconf 80' lang='grc' dir='ltr'>γὰρ</span> 
     </span>
    </p>
   </div>
   <div class='ocr_carea' id='block_1_42' title="bbox 202 3931 1869 4003">
    <p class='ocr_par' dir='ltr' id='par_1_42' title="bbox 202 3931 1869 4003">
     <span class='ocr_line' id='line_1_42' title="bbox 202 3931 1869 4003; baseline -0.001 -15"><span class='ocrx_word' id='word_1_338' title='bbox 202 3934 411 3988; x_wconf 87' lang='grc' dir='ltr'>πολλῶν</span> <span class='ocrx_word' id='word_1_339' title='bbox 448 3950 507 3986; x_wconf 90' lang='grc' dir='ltr'>σε</span> <span class='ocrx_word' id='word_1_340' title='bbox 541 3932 840 4003; x_wconf 88' lang='grc' dir='ltr'>ἀπέχεσθαι</span> <span class='ocrx_word' id='word_1_341' title='bbox 876 3932 1167 3998; x_wconf 74' lang='grc' dir='ltr'>ἐκέλευσας</span> <span class='ocrx_word' id='word_1_342' title='bbox 1204 3931 1350 3995; x_wconf 83' lang='grc' dir='ltr'>Ἐνὸς</span> <span class='ocrx_word' id='word_1_343' title='bbox 1400 3932 1584 4002; x_wconf 86' lang='grc' dir='ltr'>μόνου,</span> <span class='ocrx_word' id='word_1_344' title='bbox 1618 3932 1712 3985; x_wconf 79' lang='grc' dir='ltr'>καὶ</span> <span class='ocrx_word' id='word_1_345' title='bbox 1750 3933 1869 3986; x_wconf 76' lang='grc' dir='ltr'>οὐδὲ</span> 
     </span>
    </p>
   </div>
   <div class='ocr_carea' id='block_1_43' title="bbox 201 4017 1868 4091">
    <p class='ocr_par' dir='ltr' id='par_1_43' title="bbox 201 4017 1868 4091">
     <span class='ocr_line' id='line_1_43' title="bbox 201 4017 1868 4091; baseline -0.001 -17"><span class='ocrx_word' id='word_1_346' title='bbox 201 4021 389 4076; x_wconf 89' lang='grc' dir='ltr'>τούτου</span> <span class='ocrx_word' id='word_1_347' title='bbox 426 4021 676 4091; x_wconf 81' lang='grc' dir='ltr'>ἠνέσχου,</span> <span class='ocrx_word' id='word_1_348' title='bbox 714 4019 829 4075; x_wconf 89' lang='grc' dir='ltr'>ἀλλ’</span> <span class='ocrx_word' id='word_1_349' title='bbox 872 4018 1259 4089; x_wconf 78' lang='grc' dir='ltr'>ἐπιλαθόμενος</span> <span class='ocrx_word' id='word_1_350' title='bbox 1301 4017 1411 4070; x_wconf 87' lang='grc' dir='ltr'>τῶν</span> <span class='ocrx_word' id='word_1_351' title='bbox 1451 4018 1597 4089; x_wconf 90' lang='grc' dir='ltr'>ἐμῶν</span> <span class='ocrx_word' id='word_1_352' title='bbox 1640 4018 1868 4073; x_wconf 77' lang='grc' dir='ltr'>ἐντολῶν</span> 
     </span>
    </p>
   </div>
   <div class='ocr_carea' id='block_1_44' title="bbox 202 4104 1870 4179">
    <p class='ocr_par' dir='ltr' id='par_1_44' title="bbox 202 4104 1870 4179">
     <span class='ocr_line' id='line_1_44' title="bbox 202 4104 1870 4179; baseline -0.001 -18"><span class='ocrx_word' id='word_1_353' title='bbox 202 4107 459 4178; x_wconf 77' lang='grc' dir='ltr'>ἐπείσθης</span> <span class='ocrx_word' id='word_1_354' title='bbox 493 4111 561 4179; x_wconf 79' lang='grc' dir='ltr'>τῇ</span> <span class='ocrx_word' id='word_1_355' title='bbox 592 4108 855 4177; x_wconf 88' lang='grc' dir='ltr'>γυναικί)·</span> <span class='ocrx_word' id='word_1_356' title='bbox 878 4106 966 4158; x_wconf 79' lang='grc' dir='ltr'>διὰ</span> <span class='ocrx_word' id='word_1_357' title='bbox 1003 4107 1162 4159; x_wconf 87' lang='grc' dir='ltr'>τοῦτο</span> <span class='ocrx_word' id='word_1_358' title='bbox 1200 4104 1416 4175; x_wconf 81' lang='grc' dir='ltr'>μαθήσῃ</span> <span class='ocrx_word' id='word_1_359' title='bbox 1443 4104 1510 4158; x_wconf 88' lang='grc' dir='ltr'>δι’</span> <span class='ocrx_word' id='word_1_360' title='bbox 1539 4106 1717 4160; x_wconf 76' lang='grc' dir='ltr'>αὐτῶν</span> <span class='ocrx_word' id='word_1_361' title='bbox 1759 4106 1870 4161; x_wconf 86' lang='grc' dir='ltr'>τῶν</span> 
     </span>
    </p>
   </div>
   <div class='ocr_carea' id='block_1_45' title="bbox 204 4192 1047 4266">
    <p class='ocr_par' dir='ltr' id='par_1_45' title="bbox 204 4192 1047 4266">
     <span class='ocr_line' id='line_1_45' title="bbox 204 4192 1047 4266; baseline -0.002 -19"><span class='ocrx_word' id='word_1_362' title='bbox 204 4195 401 4265; x_wconf 72' lang='grc' dir='ltr'>ἔργων,</span> <span class='ocrx_word' id='word_1_363' title='bbox 435 4196 557 4248; x_wconf 81' lang='grc' dir='ltr'>ὅσον</span> <span class='ocrx_word' id='word_1_364' title='bbox 588 4194 829 4266; x_wconf 78' lang='grc' dir='ltr'>εἰργάσω</span> <span class='ocrx_word' id='word_1_365' title='bbox 860 4192 1047 4246; x_wconf 84' lang='grc' dir='ltr'>κακόν.</span> 
     </span>
    </p>
   </div>
   <div class='ocr_carea' id='block_1_46' title="bbox 287 4292 1869 4371">
    <p class='ocr_par' dir='ltr' id='par_1_46' title="bbox 287 4292 1869 4371">
     <span class='ocr_line' id='line_1_46' title="bbox 287 4292 1869 4371; baseline -0.001 -18"><span class='ocrx_word' id='word_1_366' title='bbox 287 4298 653 4353; x_wconf 85' lang='grc' dir='ltr'>Ἀκουέτωσαν</span> <span class='ocrx_word' id='word_1_367' title='bbox 680 4297 899 4368; x_wconf 83' lang='grc' dir='ltr'>ἄνδρες·</span> <span class='ocrx_word' id='word_1_368' title='bbox 937 4292 1281 4350; x_wconf 83' lang='grc' dir='ltr'>ἀκουέτωσαν</span> <span class='ocrx_word' id='word_1_369' title='bbox 1324 4300 1612 4366; x_wconf 84' lang='grc' dir='ltr'>γυναῖκες·</span> <span class='ocrx_word' id='word_1_370' title='bbox 1653 4301 1701 4352; x_wconf 88' lang='grc' dir='ltr'>οἱ</span> <span class='ocrx_word' id='word_1_371' title='bbox 1748 4299 1869 4371; x_wconf 78' lang='grc' dir='ltr'>μὲν,</span> 
     </span>
    </p>
   </div>
   <div class='ocr_carea' id='block_1_47' title="bbox 203 4382 1868 4458">
    <p class='ocr_par' dir='ltr' id='par_1_47' title="bbox 203 4382 1868 4458">
     <span class='ocr_line' id='line_1_47' title="bbox 203 4382 1868 4458; baseline 0.002 -21"><span class='ocrx_word' id='word_1_372' title='bbox 203 4390 293 4442; x_wconf 73' lang='grc' dir='ltr'>ἵνα</span> <span class='ocrx_word' id='word_1_373' title='bbox 320 4388 395 4458; x_wconf 78' lang='grc' dir='ltr'>μὴ</span> <span class='ocrx_word' id='word_1_374' title='bbox 429 4385 727 4454; x_wconf 78' lang='grc' dir='ltr'>ἀνέχωνται</span> <span class='ocrx_word' id='word_1_375' title='bbox 762 4382 871 4436; x_wconf 92' lang='grc' dir='ltr'>τῶν</span> <span class='ocrx_word' id='word_1_376' title='bbox 910 4382 1122 4454; x_wconf 85' lang='grc' dir='ltr'>πονηρά</span> <span class='ocrx_word' id='word_1_377' title='bbox 1152 4383 1628 4454; x_wconf 87' lang='grc' dir='ltr'>συμϐουλευουσῶν</span> <span class='ocrx_word' id='word_1_378' title='bbox 1650 4404 1664 4417; x_wconf 90' lang='grc'>·</span> <span class='ocrx_word' id='word_1_379' title='bbox 1694 4387 1751 4439; x_wconf 88' lang='grc' dir='ltr'>αί</span> <span class='ocrx_word' id='word_1_380' title='bbox 1791 4388 1868 4454; x_wconf 85' lang='grc' dir='ltr'>δὲ,</span> 
     </span>
    </p>
   </div>
   <div class='ocr_carea' id='block_1_48' title="bbox 203 4466 1870 4547">
    <p class='ocr_par' dir='ltr' id='par_1_48' title="bbox 203 4466 1870 4547">
     <span class='ocr_line' id='line_1_48' title="bbox 203 4466 1870 4547; baseline 0 -19"><span class='ocrx_word' id='word_1_381' title='bbox 203 4477 291 4530; x_wconf 84' lang='grc' dir='ltr'>ἵνα</span> <span class='ocrx_word' id='word_1_382' title='bbox 322 4476 398 4546; x_wconf 77' lang='grc' dir='ltr'>μὴ</span> <span class='ocrx_word' id='word_1_383' title='bbox 446 4473 674 4527; x_wconf 85' lang='grc' dir='ltr'>τοιαῦτα</span> <span class='ocrx_word' id='word_1_384' title='bbox 707 4470 1166 4541; x_wconf 87' lang='grc' dir='ltr'>συμϐουλεύωσιν.</span> <span class='ocrx_word' id='word_1_385' title='bbox 1206 4473 1272 4525; x_wconf 90' lang='grc' dir='ltr'>Εί</span> <span class='ocrx_word' id='word_1_386' title='bbox 1304 4472 1414 4545; x_wconf 79' lang='grc' dir='ltr'>γὰρ</span> <span class='ocrx_word' id='word_1_387' title='bbox 1438 4466 1595 4536; x_wconf 77' lang='grc' dir='ltr'>οὗτος</span> <span class='ocrx_word' id='word_1_388' title='bbox 1633 4475 1727 4528; x_wconf 72' lang='grc' dir='ltr'>ἐπὶ</span> <span class='ocrx_word' id='word_1_389' title='bbox 1772 4474 1870 4547; x_wconf 82' lang='grc' dir='ltr'>τὴν</span> 
     </span>
    </p>
   </div>
   <div class='ocr_carea' id='block_1_49' title="bbox 202 4558 1871 4632">
    <p class='ocr_par' dir='ltr' id='par_1_49' title="bbox 202 4558 1871 4632">
     <span class='ocr_line' id='line_1_49' title="bbox 202 4558 1871 4632; baseline 0 -17"><span class='ocrx_word' id='word_1_390' title='bbox 202 4565 436 4631; x_wconf 87' lang='grc' dir='ltr'>γυναῖκα</span> <span class='ocrx_word' id='word_1_391' title='bbox 457 4560 555 4630; x_wconf 81' lang='grc' dir='ltr'>τὴν</span> <span class='ocrx_word' id='word_1_392' title='bbox 581 4558 761 4613; x_wconf 81' lang='grc' dir='ltr'>αἰτίαν</span> <span class='ocrx_word' id='word_1_393' title='bbox 799 4558 1141 4629; x_wconf 85' lang='grc' dir='ltr'>μεταγαγὼν,</span> <span class='ocrx_word' id='word_1_394' title='bbox 1196 4560 1453 4632; x_wconf 78' lang='grc' dir='ltr'>οὐδεμιᾶς</span> <span class='ocrx_word' id='word_1_395' title='bbox 1480 4560 1687 4632; x_wconf 76' lang='grc' dir='ltr'>ἠξιώθη</span> <span class='ocrx_word' id='word_1_396' title='bbox 1742 4579 1871 4631; x_wconf 89' lang='grc' dir='ltr'>συγ-</span> 
     </span>
    </p>
   </div>
   <div class='ocr_carea' id='block_1_50' title="bbox 203 4645 1873 4723">
    <p class='ocr_par' dir='ltr' id='par_1_50' title="bbox 203 4645 1873 4723">
     <span class='ocr_line' id='line_1_50' title="bbox 203 4645 1873 4723; baseline 0.001 -19"><span class='ocrx_word' id='word_1_397' title='bbox 203 4651 430 4723; x_wconf 85' lang='grc' dir='ltr'>γνώμης</span> <span class='ocrx_word' id='word_1_398' title='bbox 449 4691 464 4714; x_wconf 93' lang='grc'>,</span> <span class='ocrx_word' id='word_1_399' title='bbox 509 4645 667 4702; x_wconf 89' lang='grc' dir='ltr'>ποίαν</span> <span class='ocrx_word' id='word_1_400' title='bbox 705 4647 769 4701; x_wconf 84' lang='grc' dir='ltr'>ἀν</span> <span class='ocrx_word' id='word_1_401' title='bbox 810 4664 895 4710; x_wconf 88' lang='grc' dir='ltr'>τις</span> <span class='ocrx_word' id='word_1_402' title='bbox 923 4648 1219 4716; x_wconf 85' lang='grc' dir='ltr'>ἀπολογίαν</span> <span class='ocrx_word' id='word_1_403' title='bbox 1251 4649 1405 4720; x_wconf 85' lang='grc' dir='ltr'>σχοίη</span> <span class='ocrx_word' id='word_1_404' title='bbox 1435 4648 1629 4717; x_wconf 90' lang='grc' dir='ltr'>λέγων,</span> <span class='ocrx_word' id='word_1_405' title='bbox 1670 4651 1751 4704; x_wconf 81' lang='grc' dir='ltr'>ὅτι</span> <span class='ocrx_word' id='word_1_406' title='bbox 1783 4650 1873 4705; x_wconf 86' lang='grc' dir='ltr'>διὰ</span> 
     </span>
    </p>
   </div>
   <div class='ocr_carea' id='block_1_51' title="bbox 201 4734 1868 4810">
    <p class='ocr_par' dir='ltr' id='par_1_51' title="bbox 201 4734 1868 4810">
     <span class='ocr_line' id='line_1_51' title="bbox 201 4734 1868 4810; baseline 0.001 -18"><span class='ocrx_word' id='word_1_407' title='bbox 201 4740 299 4810; x_wconf 82' lang='grc' dir='ltr'>τὴν</span> <span class='ocrx_word' id='word_1_408' title='bbox 325 4739 559 4808; x_wconf 80' lang='grc' dir='ltr'>γυναῖκα</span> <span class='ocrx_word' id='word_1_409' title='bbox 589 4734 651 4789; x_wconf 85' lang='grc' dir='ltr'>τὸ</span> <span class='ocrx_word' id='word_1_410' title='bbox 685 4735 779 4788; x_wconf 77' lang='grc' dir='ltr'>καὶ</span> <span class='ocrx_word' id='word_1_411' title='bbox 805 4735 865 4787; x_wconf 85' lang='grc' dir='ltr'>τὸ</span> <span class='ocrx_word' id='word_1_412' title='bbox 891 4735 1159 4805; x_wconf 69' lang='grc' dir='ltr'>ἥμαρτον,</span> <span class='ocrx_word' id='word_1_413' title='bbox 1195 4737 1289 4788; x_wconf 75' lang='grc' dir='ltr'>καὶ</span> <span class='ocrx_word' id='word_1_414' title='bbox 1316 4736 1377 4788; x_wconf 86' lang='grc' dir='ltr'>τὸ</span> <span class='ocrx_word' id='word_1_415' title='bbox 1401 4736 1495 4789; x_wconf 69' lang='grc' dir='ltr'>καὶ</span> <span class='ocrx_word' id='word_1_416' title='bbox 1522 4736 1583 4788; x_wconf 85' lang='grc' dir='ltr'>τὸ</span> <span class='ocrx_word' id='word_1_417' title='bbox 1608 4736 1819 4807; x_wconf 76' lang='grc' dir='ltr'>ἔπραξα</span> <span class='ocrx_word' id='word_1_418' title='bbox 1853 4755 1868 4804; x_wconf 90' lang='grc'>;</span> 
     </span>
    </p>
   </div>
   <div class='ocr_carea' id='block_1_52' title="bbox 203 4821 1869 4896">
    <p class='ocr_par' dir='ltr' id='par_1_52' title="bbox 203 4821 1869 4896">
     <span class='ocr_line' id='line_1_52' title="bbox 203 4821 1869 4896; baseline -0.001 -17"><span class='ocrx_word' id='word_1_419' title='bbox 203 4826 302 4879; x_wconf 87' lang='grc' dir='ltr'>Διά</span> <span class='ocrx_word' id='word_1_420' title='bbox 339 4825 497 4879; x_wconf 86' lang='grc' dir='ltr'>τοῦτο</span> <span class='ocrx_word' id='word_1_421' title='bbox 527 4824 637 4896; x_wconf 88' lang='grc' dir='ltr'>γάρ</span> <span class='ocrx_word' id='word_1_422' title='bbox 669 4822 763 4876; x_wconf 71' lang='grc' dir='ltr'>καὶ</span> <span class='ocrx_word' id='word_1_423' title='bbox 798 4822 902 4876; x_wconf 83' lang='grc' dir='ltr'>ὑπὸ</span> <span class='ocrx_word' id='word_1_424' title='bbox 937 4821 1035 4894; x_wconf 82' lang='grc' dir='ltr'>τὴν</span> <span class='ocrx_word' id='word_1_425' title='bbox 1062 4821 1383 4875; x_wconf 82' lang='grc' dir='ltr'>δεσποτείαν</span> <span class='ocrx_word' id='word_1_426' title='bbox 1408 4821 1597 4890; x_wconf 85' lang='grc' dir='ltr'>γέγονε</span> <span class='ocrx_word' id='word_1_427' title='bbox 1626 4823 1722 4894; x_wconf 81' lang='grc' dir='ltr'>τὴν</span> <span class='ocrx_word' id='word_1_428' title='bbox 1750 4824 1869 4895; x_wconf 83' lang='grc' dir='ltr'>σὴν,</span> 
     </span>
    </p>
   </div>
   <div class='ocr_carea' id='block_1_53' title="bbox 201 4908 1866 4988">
    <p class='ocr_par' dir='ltr' id='par_1_53' title="bbox 201 4908 1866 4988">
     <span class='ocr_line' id='line_1_53' title="bbox 201 4908 1866 4988; baseline -0.002 -21"><span class='ocrx_word' id='word_1_429' title='bbox 201 4914 293 4967; x_wconf 63' lang='grc' dir='ltr'>καλ¹</span> <span class='ocrx_word' id='word_1_430' title='bbox 312 4913 497 4985; x_wconf 90' lang='grc' dir='ltr'>κύριος</span> <span class='ocrx_word' id='word_1_431' title='bbox 513 4913 684 4984; x_wconf 82' lang='grc' dir='ltr'>αὐτῆς</span> <span class='ocrx_word' id='word_1_432' title='bbox 701 4909 1041 4981; x_wconf 81' lang='grc' dir='ltr'>ἀπεφάνθης,</span> <span class='ocrx_word' id='word_1_433' title='bbox 1057 4908 1166 4988; x_wconf 68' lang='grc' dir='ltr'>ίνα·</span> <span class='ocrx_word' id='word_1_434' title='bbox 1177 4908 1357 4977; x_wconf 88' lang='grc' dir='ltr'>ἐκείνη</span> <span class='ocrx_word' id='word_1_435' title='bbox 1378 4908 1461 4961; x_wconf 75' lang='grc' dir='ltr'>σοὶ</span> <span class='ocrx_word' id='word_1_436' title='bbox 1477 4909 1866 4981; x_wconf 79' lang='grc' dir='ltr'>κατακολουθῇ,</span> 
     </span>
    </p>
   </div>
   <div class='ocr_carea' id='block_1_54' title="bbox 202 4988 1871 5071">
    <p class='ocr_par' dir='ltr' id='par_1_54' title="bbox 202 4988 1871 5071">
     <span class='ocr_line' id='line_1_54' title="bbox 202 4988 1871 5071; baseline -0.004 -20"><span class='ocrx_word' id='word_1_437' title='bbox 202 4999 294 5052; x_wconf 69' lang='grc' dir='ltr'>καὶ</span> <span class='ocrx_word' id='word_1_438' title='bbox 342 4998 416 5071; x_wconf 78' lang='grc' dir='ltr'>μὴ</span> <span class='ocrx_word' id='word_1_439' title='bbox 448 5001 482 5069; x_wconf 84' lang='grc' dir='ltr'>ἡ</span> <span class='ocrx_word' id='word_1_440' title='bbox 518 4997 726 5068; x_wconf 81' lang='grc' dir='ltr'>κεφαλή</span> <span class='ocrx_word' id='word_1_441' title='bbox 777 4998 891 5057; x_wconf 88' lang='grc' dir='ltr'>τοῖς</span> <span class='ocrx_word' id='word_1_442' title='bbox 944 4993 1102 5046; x_wconf 75' lang='grc' dir='ltr'>ποσὶν</span> <span class='ocrx_word' id='word_1_443' title='bbox 1134 4991 1352 5060; x_wconf 74' lang='grc' dir='ltr'>ἕπηται.</span> <span class='ocrx_word' id='word_1_444' title='bbox 1395 4992 1532 5045; x_wconf 83' lang='grc' dir='ltr'>Ἀλλ’</span> <span class='ocrx_word' id='word_1_445' title='bbox 1582 4988 1675 5046; x_wconf 77' lang='grc' dir='ltr'>οὖν</span> <span class='ocrx_word' id='word_1_446' title='bbox 1723 4993 1871 5046; x_wconf 78' lang='grc' dir='ltr'>ἐστιν</span> 
     </span>
    </p>
   </div>
   <div class='ocr_carea' id='block_1_55' title="bbox 203 5078 1871 5150">
    <p class='ocr_par' dir='ltr' id='par_1_55' title="bbox 203 5078 1871 5150">
     <span class='ocr_line' id='line_1_55' title="bbox 203 5078 1871 5150; baseline -0.002 -12"><span class='ocrx_word' id='word_1_447' title='bbox 203 5085 330 5139; x_wconf 80' lang='grc' dir='ltr'>ἰδεῖν</span> <span class='ocrx_word' id='word_1_448' title='bbox 354 5086 612 5149; x_wconf 83' lang='grc' dir='ltr'>πολλάκις</span> <span class='ocrx_word' id='word_1_449' title='bbox 658 5084 718 5137; x_wconf 81' lang='grc' dir='ltr'>τὸ</span> <span class='ocrx_word' id='word_1_450' title='bbox 765 5081 1005 5136; x_wconf 85' lang='grc' dir='ltr'>ἐναντίον</span> <span class='ocrx_word' id='word_1_451' title='bbox 1037 5078 1355 5150; x_wconf 84' lang='grc' dir='ltr'>συμϐαῖνον,</span> <span class='ocrx_word' id='word_1_452' title='bbox 1388 5080 1483 5133; x_wconf 64' lang='grc' dir='ltr'>καλ⁵</span> <span class='ocrx_word' id='word_1_453' title='bbox 1509 5081 1599 5134; x_wconf 82' lang='grc' dir='ltr'>τὸν</span> <span class='ocrx_word' id='word_1_454' title='bbox 1627 5080 1687 5134; x_wconf 84' lang='grc' dir='ltr'>ἐν</span> <span class='ocrx_word' id='word_1_455' title='bbox 1720 5081 1871 5148; x_wconf 83' lang='grc' dir='ltr'>τάξει</span> 
     </span>
    </p>
   </div>
   <div class='ocr_carea' id='block_1_56' title="bbox 202 5165 1871 5241">
    <p class='ocr_par' dir='ltr' id='par_1_56' title="bbox 202 5165 1871 5241">
     <span class='ocr_line' id='line_1_56' title="bbox 202 5165 1871 5241; baseline -0.004 -15"><span class='ocrx_word' id='word_1_456' title='bbox 202 5171 441 5241; x_wconf 67' lang='grc' dir='ltr'>κεφαλῆς</span> <span class='ocrx_word' id='word_1_457' title='bbox 483 5168 622 5224; x_wconf 82' lang='grc' dir='ltr'>εἶναι</span> <span class='ocrx_word' id='word_1_458' title='bbox 670 5169 986 5238; x_wconf 85' lang='grc' dir='ltr'>ὀφείλοντα,</span> <span class='ocrx_word' id='word_1_459' title='bbox 1035 5166 1157 5219; x_wconf 81' lang='grc' dir='ltr'>οῦδὲ</span> <span class='ocrx_word' id='word_1_460' title='bbox 1198 5165 1305 5219; x_wconf 86' lang='grc' dir='ltr'>τῶν</span> <span class='ocrx_word' id='word_1_461' title='bbox 1356 5165 1533 5219; x_wconf 88' lang='grc' dir='ltr'>ποδῶν</span> <span class='ocrx_word' id='word_1_462' title='bbox 1572 5166 1671 5238; x_wconf 81' lang='grc' dir='ltr'>τὴν</span> <span class='ocrx_word' id='word_1_463' title='bbox 1718 5167 1871 5233; x_wconf 83' lang='grc' dir='ltr'>τάξιν</span> 
     </span>
    </p>
   </div>
   <div class='ocr_carea' id='block_1_57' title="bbox 202 5248 1870 5331">
    <p class='ocr_par' dir='ltr' id='par_1_57' title="bbox 202 5248 1870 5331">
     <span class='ocr_line' id='line_1_57' title="bbox 202 5248 1870 5331; baseline -0.002 -19"><span class='ocrx_word' id='word_1_464' title='bbox 202 5261 463 5331; x_wconf 74' lang='grc' dir='ltr'>ἐπέχοντα</span> <span class='ocrx_word' id='word_1_465' title='bbox 479 5274 491 5286; x_wconf 93' lang='grc'>·</span> <span class='ocrx_word' id='word_1_466' title='bbox 512 5258 604 5312; x_wconf 71' lang='grc' dir='ltr'>καὶ</span> <span class='ocrx_word' id='word_1_467' title='bbox 618 5258 718 5328; x_wconf 82' lang='grc' dir='ltr'>τὴν</span> <span class='ocrx_word' id='word_1_468' title='bbox 743 5258 801 5312; x_wconf 89' lang='grc' dir='ltr'>ἐν</span> <span class='ocrx_word' id='word_1_469' title='bbox 823 5254 975 5319; x_wconf 80' lang='grc' dir='ltr'>τάξει</span> <span class='ocrx_word' id='word_1_470' title='bbox 1002 5254 1178 5308; x_wconf 86' lang='grc' dir='ltr'>ποδῶν</span> <span class='ocrx_word' id='word_1_471' title='bbox 1198 5248 1381 5317; x_wconf 77' lang='grc' dir='ltr'>οὖσαν,</span> <span class='ocrx_word' id='word_1_472' title='bbox 1406 5254 1610 5326; x_wconf 88' lang='grc' dir='ltr'>ταύτην</span> <span class='ocrx_word' id='word_1_473' title='bbox 1638 5258 1694 5308; x_wconf 86' lang='grc' dir='ltr'>ἐν</span> <span class='ocrx_word' id='word_1_474' title='bbox 1719 5255 1870 5322; x_wconf 82' lang='grc' dir='ltr'>τάξει</span> 
     </span>
    </p>
   </div>
   <div class='ocr_carea' id='block_1_58' title="bbox 200 5343 1871 5420">
    <p class='ocr_par' dir='ltr' id='par_1_58' title="bbox 200 5343 1871 5420">
     <span class='ocr_line' id='line_1_58' title="bbox 200 5343 1871 5420; baseline -0.004 -17"><span class='ocrx_word' id='word_1_475' title='bbox 200 5348 440 5420; x_wconf 71' lang='grc' dir='ltr'>κεφαλῆς</span> <span class='ocrx_word' id='word_1_476' title='bbox 473 5344 895 5415; x_wconf 79' lang='grc' dir='ltr'>καθισταμένην.</span> <span class='ocrx_word' id='word_1_477' title='bbox 931 5346 1007 5398; x_wconf 87' lang='grc' dir='ltr'>Δι’</span> <span class='ocrx_word' id='word_1_478' title='bbox 1032 5344 1060 5397; x_wconf 81' lang='grc' dir='ltr'>ὃ</span> <span class='ocrx_word' id='word_1_479' title='bbox 1089 5344 1183 5399; x_wconf 75' lang='grc' dir='ltr'>καὶ</span> <span class='ocrx_word' id='word_1_480' title='bbox 1208 5344 1237 5396; x_wconf 87' lang='grc' dir='ltr'>ὁ</span> <span class='ocrx_word' id='word_1_481' title='bbox 1260 5344 1527 5415; x_wconf 84' lang='grc' dir='ltr'>μακάριος</span> <span class='ocrx_word' id='word_1_482' title='bbox 1560 5343 1772 5408; x_wconf 82' lang='grc' dir='ltr'>Παῦλος</span> <span class='ocrx_word' id='word_1_483' title='bbox 1790 5387 1805 5409; x_wconf 90' lang='grc'>,</span> <span class='ocrx_word' id='word_1_484' title='bbox 1842 5347 1871 5397; x_wconf 84' lang='grc' dir='ltr'>ὁ</span> 
     </span>
    </p>
   </div>
   <div class='ocr_carea' id='block_1_59' title="bbox 195 5431 1867 5506">
    <p class='ocr_par' dir='ltr' id='par_1_59' title="bbox 195 5431 1867 5506">
     <span class='ocr_line' id='line_1_59' title="bbox 195 5431 1867 5506; baseline -0.002 -18"><span class='ocrx_word' id='word_1_485' title='bbox 195 5435 296 5506; x_wconf 87' lang='grc' dir='ltr'>τῆς</span> <span class='ocrx_word' id='word_1_486' title='bbox 314 5432 641 5503; x_wconf 77' lang='grc' dir='ltr'>οἰκουμένης</span> <span class='ocrx_word' id='word_1_487' title='bbox 673 5431 1006 5496; x_wconf 81' lang='grc' dir='ltr'>διδάσκαλος,</span> <span class='ocrx_word' id='word_1_488' title='bbox 1024 5431 1197 5485; x_wconf 86' lang='grc' dir='ltr'>ταῦτα</span> <span class='ocrx_word' id='word_1_489' title='bbox 1225 5431 1402 5485; x_wconf 88' lang='grc' dir='ltr'>πάντα</span> <span class='ocrx_word' id='word_1_490' title='bbox 1433 5431 1679 5502; x_wconf 84' lang='grc' dir='ltr'>προορῶν</span> <span class='ocrx_word' id='word_1_491' title='bbox 1706 5431 1833 5484; x_wconf 88' lang='grc' dir='ltr'>ἐϐόα</span> <span class='ocrx_word' id='word_1_492' title='bbox 1852 5448 1867 5462; x_wconf 77' lang='grc' dir='ltr'><strong>ο</strong></span> 
     </span>
    </p>
   </div>
   <div class='ocr_carea' id='block_1_60' title="bbox 204 5518 1872 5593">
    <p class='ocr_par' dir='ltr' id='par_1_60' title="bbox 204 5518 1872 5593">
     <span class='ocr_line' id='line_1_60' title="bbox 204 5518 1872 5593; baseline -0.003 -17"><span class='ocrx_word' id='word_1_493' title='bbox 204 5522 269 5576; x_wconf 81' lang='grc' dir='ltr'>Τί</span> <span class='ocrx_word' id='word_1_494' title='bbox 322 5525 431 5593; x_wconf 73' lang='grc' dir='ltr'>γὰρ</span> <span class='ocrx_word' id='word_1_495' title='bbox 465 5518 655 5586; x_wconf 79' lang='grc' dir='ltr'>οἶδας,</span> <span class='ocrx_word' id='word_1_496' title='bbox 689 5522 885 5590; x_wconf 85' lang='grc' dir='ltr'>γύναι,</span> <span class='ocrx_word' id='word_1_497' title='bbox 940 5523 993 5573; x_wconf 76' lang='grc' dir='ltr'>εί</span> <span class='ocrx_word' id='word_1_498' title='bbox 1040 5520 1149 5573; x_wconf 82' lang='grc' dir='ltr'>τὸν</span> <span class='ocrx_word' id='word_1_499' title='bbox 1199 5520 1389 5586; x_wconf 76' lang='grc' dir='ltr'>ἄνδρα</span> <span class='ocrx_word' id='word_1_500' title='bbox 1436 5518 1692 5584; x_wconf 70' lang='grc' dir='ltr'>σώσειςς</span> <span class='ocrx_word' id='word_1_501' title='bbox 1738 5518 1775 5587; x_wconf 82' lang='grc' dir='ltr'><em>ἢ</em></span> <span class='ocrx_word' id='word_1_502' title='bbox 1814 5520 1872 5572; x_wconf 81' lang='grc' dir='ltr'>τί</span> 
     </span>
    </p>
   </div>
   <div class='ocr_carea' id='block_1_61' title="bbox 202 5606 1872 5679">
    <p class='ocr_par' dir='ltr' id='par_1_61' title="bbox 202 5606 1872 5679">
     <span class='ocr_line' id='line_1_61' title="bbox 202 5606 1872 5679; baseline -0.002 -16"><span class='ocrx_word' id='word_1_503' title='bbox 202 5606 386 5674; x_wconf 79' lang='grc' dir='ltr'>οἶδας.</span> <span class='ocrx_word' id='word_1_504' title='bbox 416 5610 579 5679; x_wconf 76' lang='grc' dir='ltr'>ἄνερ,</span> <span class='ocrx_word' id='word_1_505' title='bbox 612 5611 664 5661; x_wconf 83' lang='grc' dir='ltr'>εὶ</span> <span class='ocrx_word' id='word_1_506' title='bbox 693 5608 807 5676; x_wconf 80' lang='grc' dir='ltr'>τὴν</span> <span class='ocrx_word' id='word_1_507' title='bbox 838 5608 1094 5678; x_wconf 82' lang='grc' dir='ltr'>γυναῖκα</span> <span class='ocrx_word' id='word_1_508' title='bbox 1136 5606 1356 5672; x_wconf 85' lang='grc' dir='ltr'>σώσεις</span> <span class='ocrx_word' id='word_1_509' title='bbox 1373 5624 1393 5671; x_wconf 88' lang='grc'><strong><em>;</em></strong></span> <span class='ocrx_word' id='word_1_510' title='bbox 1431 5607 1570 5659; x_wconf 87' lang='grc' dir='ltr'>Ἀλλ’</span> <span class='ocrx_word' id='word_1_511' title='bbox 1604 5608 1752 5676; x_wconf 83' lang='grc' dir='ltr'>ὅμως</span> <span class='ocrx_word' id='word_1_512' title='bbox 1780 5609 1872 5660; x_wconf 74' lang='grc' dir='ltr'>καὶ</span> 
     </span>
    </p>
   </div>
   <div class='ocr_carea' id='block_1_62' title="bbox 204 5692 1872 5767">
    <p class='ocr_par' dir='ltr' id='par_1_62' title="bbox 204 5692 1872 5767">
     <span class='ocr_line' id='line_1_62' title="bbox 204 5692 1872 5767; baseline -0.001 -18"><span class='ocrx_word' id='word_1_513' title='bbox 204 5702 229 5749; x_wconf 79' lang='grc' dir='ltr'>ό</span> <span class='ocrx_word' id='word_1_514' title='bbox 282 5699 422 5766; x_wconf 81' lang='grc' dir='ltr'>ἀνὴρ</span> <span class='ocrx_word' id='word_1_515' title='bbox 468 5695 667 5765; x_wconf 81' lang='grc' dir='ltr'>πολλὴν</span> <span class='ocrx_word' id='word_1_516' title='bbox 716 5694 813 5765; x_wconf 83' lang='grc' dir='ltr'>τὴν</span> <span class='ocrx_word' id='word_1_517' title='bbox 867 5695 1113 5767; x_wconf 83' lang='grc' dir='ltr'>φυλακὴν</span> <span class='ocrx_word' id='word_1_518' title='bbox 1168 5692 1588 5755; x_wconf 76' lang='grc' dir='ltr'>ἐπιδεικνύσθω,</span> <span class='ocrx_word' id='word_1_519' title='bbox 1624 5693 1762 5746; x_wconf 75' lang='grc' dir='ltr'>ὥστε</span> <span class='ocrx_word' id='word_1_520' title='bbox 1802 5693 1872 5747; x_wconf 83' lang='grc' dir='ltr'>τά</span> 
     </span>
    </p>
   </div>
   <div class='ocr_carea' id='block_1_63' title="bbox 205 5780 1867 5851">
    <p class='ocr_par' dir='ltr' id='par_1_63' title="bbox 205 5780 1867 5851">
     <span class='ocr_line' id='line_1_63' title="bbox 205 5780 1867 5851; baseline -0.001 -18"><span class='ocrx_word' id='word_1_521' title='bbox 205 5784 423 5849; x_wconf 70' lang='grc' dir='ltr'>ὀλέθρια</span> <span class='ocrx_word' id='word_1_522' title='bbox 446 5782 913 5844; x_wconf 80' lang='grc' dir='ltr'>συμϐουλεύουσαν</span> <span class='ocrx_word' id='word_1_523' title='bbox 935 5782 1306 5847; x_wconf 77' lang='grc' dir='ltr'>ἀποσείεσθαι,</span> <span class='ocrx_word' id='word_1_524' title='bbox 1335 5782 1475 5850; x_wconf 75' lang='grc' dir='ltr'>καὶὴ</span> <span class='ocrx_word' id='word_1_525' title='bbox 1497 5782 1633 5851; x_wconf 80' lang='grc' dir='ltr'>γυνὴ</span> <span class='ocrx_word' id='word_1_526' title='bbox 1651 5780 1867 5834; x_wconf 76' lang='grc' dir='ltr'>ἔναυλον</span> 
     </span>
    </p>
   </div>
   <div class='ocr_carea' id='block_1_64' title="bbox 271 5936 965 6006">
    <p class='ocr_par' dir='ltr' id='par_1_64' title="bbox 271 5936 965 6006">
     <span class='ocr_line' id='line_1_64' title="bbox 271 5936 965 6006; baseline 0.007 -22"><span class='ocrx_word' id='word_1_527' title='bbox 271 5939 296 5967; x_wconf 72' lang='grc'>⁸</span> <span class='ocrx_word' id='word_1_528' title='bbox 323 5936 522 5997; x_wconf 64' lang='lat' dir='ltr'>Quidam</span> <span class='ocrx_word' id='word_1_529' title='bbox 546 5954 655 5991; x_wconf 80' lang='lat' dir='ltr'>mss.</span> <span class='ocrx_word' id='word_1_530' title='bbox 684 5958 757 5990; x_wconf 87' lang='grc' dir='ltr'>σοι</span> <span class='ocrx_word' id='word_1_531' title='bbox 793 5943 965 6006; x_wconf 78' lang='grc' dir='ltr'>κύριον.</span> 
     </span>
    </p>
   </div>
   <div class='ocr_carea' id='block_1_65' title="bbox 1008 314 2852 385">
    <p class='ocr_par' dir='ltr' id='par_1_65' title="bbox 1008 314 2852 385">
     <span class='ocr_line' id='line_1_65' title="bbox 1008 314 2852 385; baseline -0.007 -2"><span class='ocrx_word' id='word_1_532' title='bbox 1008 328 1064 385; x_wconf 91' lang='lat' dir='ltr'>S.</span> <span class='ocrx_word' id='word_1_533' title='bbox 1102 325 1385 382; x_wconf 69' lang='lat' dir='ltr'>JOANNIS</span> <span class='ocrx_word' id='word_1_534' title='bbox 1422 314 1911 379; x_wconf 73' lang='lat' dir='ltr'>CHRYSOSTOMI</span> <span class='ocrx_word' id='word_1_535' title='bbox 1949 318 2268 379; x_wconf 79' lang='lat' dir='ltr'>ARCIIIEP.</span> <span class='ocrx_word' id='word_1_536' title='bbox 2307 318 2852 378; x_wconf 75' lang='lat' dir='ltr'>CONSTANTINUP.</span> 
     </span>
    </p>
   </div>
   <div class='ocr_carea' id='block_1_66' title="bbox 3522 311 3618 371">
    <p class='ocr_par' dir='ltr' id='par_1_66' title="bbox 3522 311 3618 371">
     <span class='ocr_line' id='line_1_66' title="bbox 3522 311 3618 371; baseline 0.031 -3"><span class='ocrx_word' id='word_1_537' title='bbox 3522 311 3618 371; x_wconf 75' lang='grc' dir='ltr'><strong>ΗΒ</strong></span> 
     </span>
    </p>
   </div>
   <div class='ocr_carea' id='block_1_67' title="bbox 1955 428 3621 508">
    <p class='ocr_par' dir='ltr' id='par_1_67' title="bbox 1955 428 3621 508">
     <span class='ocr_line' id='line_1_67' title="bbox 1955 428 3621 508; baseline -0.001 -20"><span class='ocrx_word' id='word_1_538' title='bbox 1955 436 2154 507; x_wconf 77' lang='grc' dir='ltr'>ἔχουσα</span> <span class='ocrx_word' id='word_1_539' title='bbox 2178 437 2277 508; x_wconf 81' lang='grc' dir='ltr'>τὴν</span> <span class='ocrx_word' id='word_1_540' title='bbox 2311 436 2579 508; x_wconf 79' lang='grc' dir='ltr'>τιμωρίαν</span> <span class='ocrx_word' id='word_1_541' title='bbox 2626 435 2693 506; x_wconf 83' lang='grc' dir='ltr'>ἢν</span> <span class='ocrx_word' id='word_1_542' title='bbox 2725 433 2945 500; x_wconf 79' lang='grc' dir='ltr'>ἐδέξατο</span> <span class='ocrx_word' id='word_1_543' title='bbox 2972 431 3007 501; x_wconf 80' lang='grc' dir='ltr'><strong>ἡ</strong></span> <span class='ocrx_word' id='word_1_544' title='bbox 3056 429 3171 484; x_wconf 76' lang='grc' dir='ltr'>Εὕα</span> <span class='ocrx_word' id='word_1_545' title='bbox 3224 428 3324 502; x_wconf 78' lang='grc' dir='ltr'>τὴν</span> <span class='ocrx_word' id='word_1_546' title='bbox 3373 428 3621 498; x_wconf 78' lang='grc' dir='ltr'>ὀλεθρίαν</span> 
     </span>
    </p>
   </div>
   <div class='ocr_carea' id='block_1_68' title="bbox 1954 512 3622 592">
    <p class='ocr_par' dir='ltr' id='par_1_68' title="bbox 1954 512 3622 592">
     <span class='ocr_line' id='line_1_68' title="bbox 1954 512 3622 592; baseline -0.002 -19"><span class='ocrx_word' id='word_1_547' title='bbox 1954 521 2167 592; x_wconf 77' lang='grc' dir='ltr'>ἐκείνην</span> <span class='ocrx_word' id='word_1_548' title='bbox 2200 519 2506 590; x_wconf 84' lang='grc' dir='ltr'>συμϐουλὴν</span> <span class='ocrx_word' id='word_1_549' title='bbox 2533 515 2898 587; x_wconf 72' lang='grc' dir='ltr'>εἰσαγαγοῦσα</span> <span class='ocrx_word' id='word_1_550' title='bbox 2922 513 3000 585; x_wconf 81' lang='grc' dir='ltr'>τῷ</span> <span class='ocrx_word' id='word_1_551' title='bbox 3032 513 3219 585; x_wconf 78' lang='grc' dir='ltr'>ἀνδρὶ,</span> <span class='ocrx_word' id='word_1_552' title='bbox 3265 514 3340 584; x_wconf 84' lang='grc' dir='ltr'>μὴ</span> <span class='ocrx_word' id='word_1_553' title='bbox 3367 512 3622 584; x_wconf 82' lang='grc' dir='ltr'>τολμάτω</span> 
     </span>
    </p>
   </div>
   <div class='ocr_carea' id='block_1_69' title="bbox 1949 594 3622 672">
    <p class='ocr_par' dir='ltr' id='par_1_69' title="bbox 1949 594 3622 672">
     <span class='ocr_line' id='line_1_69' title="bbox 1949 594 3622 672; baseline -0.005 -16"><span class='ocrx_word' id='word_1_554' title='bbox 1949 601 2172 656; x_wconf 82' lang='grc' dir='ltr'>τοιαῦτα</span> <span class='ocrx_word' id='word_1_555' title='bbox 2193 600 2599 672; x_wconf 86' lang='grc' dir='ltr'>συμϐουλεύειν,</span> <span class='ocrx_word' id='word_1_556' title='bbox 2628 598 2761 670; x_wconf 85' lang='grc' dir='ltr'>μηδέ</span> <span class='ocrx_word' id='word_1_557' title='bbox 2785 596 3056 668; x_wconf 86' lang='grc' dir='ltr'>μιμείσθω</span> <span class='ocrx_word' id='word_1_558' title='bbox 3078 596 3177 666; x_wconf 83' lang='grc' dir='ltr'>τὴν</span> <span class='ocrx_word' id='word_1_559' title='bbox 3192 594 3357 659; x_wconf 77' lang='grc' dir='ltr'>Εὕαν,</span> <span class='ocrx_word' id='word_1_560' title='bbox 3381 595 3516 650; x_wconf 85' lang='grc' dir='ltr'>ἀλλά</span> <span class='ocrx_word' id='word_1_561' title='bbox 3540 596 3622 668; x_wconf 65' lang='grc' dir='ltr'>’τῷ</span> 
     </span>
    </p>
   </div>
   <div class='ocr_carea' id='block_1_70' title="bbox 1956 677 3619 755">
    <p class='ocr_par' dir='ltr' id='par_1_70' title="bbox 1956 677 3619 755">
     <span class='ocr_line' id='line_1_70' title="bbox 1956 677 3619 755; baseline -0.005 -16"><span class='ocrx_word' id='word_1_562' title='bbox 1956 684 2310 755; x_wconf 83' lang='grc' dir='ltr'>ὑποδείγματι</span> <span class='ocrx_word' id='word_1_563' title='bbox 2332 682 2486 754; x_wconf 71' lang='grc'>[147]</span> <span class='ocrx_word' id='word_1_564' title='bbox 2508 680 2920 752; x_wconf 79' lang='grc' dir='ltr'>σωφρονιζέσθω</span> <span class='ocrx_word' id='word_1_565' title='bbox 2940 680 3168 733; x_wconf 89' lang='grc' dir='ltr'>κάκεῖνα</span> <span class='ocrx_word' id='word_1_566' title='bbox 3184 677 3619 749; x_wconf 84' lang='grc' dir='ltr'>συμϐουλευέτω,</span> 
     </span>
    </p>
   </div>
   <div class='ocr_carea' id='block_1_71' title="bbox 1954 759 3621 836">
    <p class='ocr_par' dir='ltr' id='par_1_71' title="bbox 1954 759 3621 836">
     <span class='ocr_line' id='line_1_71' title="bbox 1954 759 3621 836; baseline -0.005 -15"><span class='ocrx_word' id='word_1_567' title='bbox 1954 769 1991 820; x_wconf 76' lang='grc' dir='ltr'>ἃ</span> <span class='ocrx_word' id='word_1_568' title='bbox 2017 767 2109 821; x_wconf 76' lang='grc' dir='ltr'>καὶ</span> <span class='ocrx_word' id='word_1_569' title='bbox 2142 766 2308 836; x_wconf 81' lang='grc' dir='ltr'>αὐτὴν</span> <span class='ocrx_word' id='word_1_570' title='bbox 2341 766 2435 818; x_wconf 63' lang='grc' dir='ltr'>καί¹</span> <span class='ocrx_word' id='word_1_571' title='bbox 2475 763 2564 818; x_wconf 79' lang='grc' dir='ltr'>τὸν</span> <span class='ocrx_word' id='word_1_572' title='bbox 2603 763 2770 834; x_wconf 84' lang='grc' dir='ltr'>ἄνδρα</span> <span class='ocrx_word' id='word_1_573' title='bbox 2802 762 2983 832; x_wconf 81' lang='grc' dir='ltr'>πάσης</span> <span class='ocrx_word' id='word_1_574' title='bbox 3021 759 3317 825; x_wconf 78' lang='grc' dir='ltr'>ἀπαλλάξει</span> <span class='ocrx_word' id='word_1_575' title='bbox 3346 760 3621 824; x_wconf 83' lang='grc' dir='ltr'>κολάσεως</span> 
     </span>
    </p>
   </div>
   <div class='ocr_carea' id='block_1_72' title="bbox 1952 842 3617 920">
    <p class='ocr_par' dir='ltr' id='par_1_72' title="bbox 1952 842 3617 920">
     <span class='ocr_line' id='line_1_72' title="bbox 1952 842 3617 920; baseline -0.003 -17"><span class='ocrx_word' id='word_1_576' title='bbox 1952 850 2047 903; x_wconf 72' lang='grc' dir='ltr'>καὶ</span> <span class='ocrx_word' id='word_1_577' title='bbox 2091 849 2382 920; x_wconf 89' lang='grc' dir='ltr'>τιμωρίας.</span> <span class='ocrx_word' id='word_1_578' title='bbox 2424 846 2563 901; x_wconf 86' lang='grc' dir='ltr'>Ἀλλ’</span> <span class='ocrx_word' id='word_1_579' title='bbox 2603 845 2696 900; x_wconf 81' lang='grc' dir='ltr'>ἐπὶ</span> <span class='ocrx_word' id='word_1_580' title='bbox 2721 845 2783 900; x_wconf 74' lang='grc' dir='ltr'>τὺ</span> <span class='ocrx_word' id='word_1_581' title='bbox 2824 843 3184 916; x_wconf 85' lang='grc' dir='ltr'>προκείμενον</span> <span class='ocrx_word' id='word_1_582' title='bbox 3213 842 3617 913; x_wconf 85' lang='grc' dir='ltr'>ἐπανέλθωμεν.</span> 
     </span>
    </p>
   </div>
   <div class='ocr_carea' id='block_1_73' title="bbox 1959 921 3621 1001">
    <p class='ocr_par' dir='ltr' id='par_1_73' title="bbox 1959 921 3621 1001">
     <span class='ocr_line' id='line_1_73' title="bbox 1959 921 3621 1001; baseline -0.006 -14"><span class='ocrx_word' id='word_1_583' title='bbox 1959 931 2044 997; x_wconf 86' lang='grc' dir='ltr'>Τῷ</span> <span class='ocrx_word' id='word_1_584' title='bbox 2072 930 2141 984; x_wconf 83' lang='grc' dir='ltr'>δὲ</span> <span class='ocrx_word' id='word_1_585' title='bbox 2172 932 2370 1001; x_wconf 81' lang='grc' dir='ltr'>Ἀδὰμ,</span> <span class='ocrx_word' id='word_1_586' title='bbox 2403 931 2586 1001; x_wconf 69' lang='grc' dir='ltr'>φησὶν,</span> <span class='ocrx_word' id='word_1_587' title='bbox 2610 926 2779 984; x_wconf 79' lang='grc' dir='ltr'>εἶπεν</span> <span class='ocrx_word' id='word_1_588' title='bbox 2809 931 2842 982; x_wconf 82' lang='grc' dir='ltr'>ό</span> <span class='ocrx_word' id='word_1_589' title='bbox 2877 927 3043 995; x_wconf 88' lang='grc' dir='ltr'>Θεός·</span> <span class='ocrx_word' id='word_1_590' title='bbox 3061 927 3179 980; x_wconf 88' lang='grc' dir='ltr'>Ὅτι</span> <span class='ocrx_word' id='word_1_591' title='bbox 3211 924 3485 995; x_wconf 75' lang='grc' dir='ltr'>ἥκοι-σας</span> <span class='ocrx_word' id='word_1_592' title='bbox 3512 921 3621 995; x_wconf 82' lang='grc' dir='ltr'>τῆς</span> 
     </span>
    </p>
   </div>
   <div class='ocr_carea' id='block_1_74' title="bbox 1954 1009 3617 1084">
    <p class='ocr_par' dir='ltr' id='par_1_74' title="bbox 1954 1009 3617 1084">
     <span class='ocr_line' id='line_1_74' title="bbox 1954 1009 3617 1084; baseline -0.004 -15"><span class='ocrx_word' id='word_1_593' title='bbox 1954 1013 2157 1084; x_wconf 84' lang='grc' dir='ltr'>φωνῆς</span> <span class='ocrx_word' id='word_1_594' title='bbox 2183 1013 2292 1083; x_wconf 84' lang='grc' dir='ltr'>τῆς</span> <span class='ocrx_word' id='word_1_595' title='bbox 2311 1013 2593 1084; x_wconf 82' lang='grc' dir='ltr'>γυναικός</span> <span class='ocrx_word' id='word_1_596' title='bbox 2609 1028 2745 1079; x_wconf 91' lang='grc' dir='ltr'>σου,</span> <span class='ocrx_word' id='word_1_597' title='bbox 2768 1013 2862 1066; x_wconf 80' lang='grc' dir='ltr'>καὶ</span> <span class='ocrx_word' id='word_1_598' title='bbox 2881 1013 3098 1081; x_wconf 78' lang='grc' dir='ltr'>ἔφαγες</span> <span class='ocrx_word' id='word_1_599' title='bbox 3125 1009 3243 1066; x_wconf 81' lang='grc' dir='ltr'>ἀπὸ</span> <span class='ocrx_word' id='word_1_600' title='bbox 3275 1009 3381 1063; x_wconf 89' lang='grc' dir='ltr'>τοῦ</span> <span class='ocrx_word' id='word_1_601' title='bbox 3402 1009 3617 1083; x_wconf 80' lang='grc' dir='ltr'>ξύλου.</span> 
     </span>
    </p>
   </div>
   <div class='ocr_carea' id='block_1_75' title="bbox 1952 1090 3617 1166">
    <p class='ocr_par' dir='ltr' id='par_1_75' title="bbox 1952 1090 3617 1166">
     <span class='ocr_line' id='line_1_75' title="bbox 1952 1090 3617 1166; baseline -0.004 -15"><span class='ocrx_word' id='word_1_602' title='bbox 1952 1093 2025 1154; x_wconf 88' lang='grc' dir='ltr'>οὗ</span> <span class='ocrx_word' id='word_1_603' title='bbox 2055 1096 2444 1166; x_wconf 80' lang='grc' dir='ltr'>ἐνετειλάμην</span> <span class='ocrx_word' id='word_1_604' title='bbox 2468 1102 2589 1150; x_wconf 86' lang='grc' dir='ltr'>’σοι</span> <span class='ocrx_word' id='word_1_605' title='bbox 2623 1096 2831 1149; x_wconf 87' lang='grc' dir='ltr'>τούτου</span> <span class='ocrx_word' id='word_1_606' title='bbox 2876 1094 3070 1163; x_wconf 80' lang='grc' dir='ltr'>μόνον</span> <span class='ocrx_word' id='word_1_607' title='bbox 3115 1092 3202 1162; x_wconf 81' lang='grc' dir='ltr'>μὴ</span> <span class='ocrx_word' id='word_1_608' title='bbox 3240 1090 3471 1161; x_wconf 80' lang='grc' dir='ltr'>φαγεῖν,</span> <span class='ocrx_word' id='word_1_609' title='bbox 3517 1092 3617 1145; x_wconf 82' lang='grc' dir='ltr'>ἀπ’</span> 
     </span>
    </p>
   </div>
   <div class='ocr_carea' id='block_1_76' title="bbox 1953 1175 3619 1248">
    <p class='ocr_par' dir='ltr' id='par_1_76' title="bbox 1953 1175 3619 1248">
     <span class='ocr_line' id='line_1_76' title="bbox 1953 1175 3619 1248; baseline -0.002 -16"><span class='ocrx_word' id='word_1_610' title='bbox 1953 1178 2137 1233; x_wconf 81' lang='grc' dir='ltr'>αὐτοῦ</span> <span class='ocrx_word' id='word_1_611' title='bbox 2166 1178 2403 1248; x_wconf 80' lang='grc' dir='ltr'>ἔφαγες.</span> <span class='ocrx_word' id='word_1_612' title='bbox 2446 1175 2683 1248; x_wconf 82' lang='grc' dir='ltr'>Ἐπειδὴ,</span> <span class='ocrx_word' id='word_1_613' title='bbox 2706 1176 3109 1248; x_wconf 77' lang='grc' dir='ltr'>φησὶ,τοσαύτῃ</span> <span class='ocrx_word' id='word_1_614' title='bbox 3133 1175 3373 1247; x_wconf 79' lang='grc' dir='ltr'>ῥᾳθυμίᾳ</span> <span class='ocrx_word' id='word_1_615' title='bbox 3402 1176 3619 1246; x_wconf 78' lang='grc' dir='ltr'>ἐχρήσω</span> 
     </span>
    </p>
   </div>
   <div class='ocr_carea' id='block_1_77' title="bbox 1955 1258 3619 1332">
    <p class='ocr_par' dir='ltr' id='par_1_77' title="bbox 1955 1258 3619 1332">
     <span class='ocr_line' id='line_1_77' title="bbox 1955 1258 3619 1332; baseline -0.002 -18"><span class='ocrx_word' id='word_1_616' title='bbox 1955 1262 2084 1332; x_wconf 78' lang='grc' dir='ltr'>περὶ</span> <span class='ocrx_word' id='word_1_617' title='bbox 2113 1261 2211 1332; x_wconf 80' lang='grc' dir='ltr'>τὴν</span> <span class='ocrx_word' id='word_1_618' title='bbox 2239 1259 2485 1332; x_wconf 76' lang='grc' dir='ltr'>φυλακὴν</span> <span class='ocrx_word' id='word_1_619' title='bbox 2513 1260 2614 1330; x_wconf 87' lang='grc' dir='ltr'>τῆς</span> <span class='ocrx_word' id='word_1_620' title='bbox 2643 1261 2773 1330; x_wconf 84' lang='grc' dir='ltr'>παρ’</span> <span class='ocrx_word' id='word_1_621' title='bbox 2804 1259 2938 1330; x_wconf 88' lang='grc' dir='ltr'>ἐμοῦ</span> <span class='ocrx_word' id='word_1_622' title='bbox 2966 1258 3211 1330; x_wconf 85' lang='grc' dir='ltr'>δοθείσης</span> <span class='ocrx_word' id='word_1_623' title='bbox 3235 1258 3474 1329; x_wconf 84' lang='grc' dir='ltr'>ἐντολῆς,</span> <span class='ocrx_word' id='word_1_624' title='bbox 3523 1259 3619 1311; x_wconf 76' lang='grc' dir='ltr'>καὶ</span> 
     </span>
    </p>
   </div>
   <div class='ocr_carea' id='block_1_78' title="bbox 1954 1340 3621 1416">
    <p class='ocr_par' dir='ltr' id='par_1_78' title="bbox 1954 1340 3621 1416">
     <span class='ocr_line' id='line_1_78' title="bbox 1954 1340 3621 1416; baseline -0.001 -19"><span class='ocrx_word' id='word_1_625' title='bbox 1954 1343 2079 1397; x_wconf 79' lang='grc' dir='ltr'>οὔτε</span> <span class='ocrx_word' id='word_1_626' title='bbox 2113 1345 2141 1396; x_wconf 82' lang='grc' dir='ltr'>ὁ</span> <span class='ocrx_word' id='word_1_627' title='bbox 2171 1343 2355 1412; x_wconf 80' lang='grc' dir='ltr'>φόϐος,</span> <span class='ocrx_word' id='word_1_628' title='bbox 2387 1341 2511 1395; x_wconf 73' lang='grc' dir='ltr'>οὔτε</span> <span class='ocrx_word' id='word_1_629' title='bbox 2537 1342 2600 1395; x_wconf 86' lang='grc' dir='ltr'>τὸ</span> <span class='ocrx_word' id='word_1_630' title='bbox 2628 1340 2968 1416; x_wconf 79' lang='grc' dir='ltr'>προλαϐόντα</span> <span class='ocrx_word' id='word_1_631' title='bbox 3010 1358 3077 1413; x_wconf 91' lang='grc' dir='ltr'>με</span> <span class='ocrx_word' id='word_1_632' title='bbox 3116 1340 3518 1395; x_wconf 87' lang='grc' dir='ltr'>διαστείλασθαι</span> <span class='ocrx_word' id='word_1_633' title='bbox 3550 1340 3621 1395; x_wconf 88' lang='grc' dir='ltr'>τά</span> 
     </span>
    </p>
   </div>
   <div class='ocr_carea' id='block_1_79' title="bbox 1959 1423 3620 1499">
    <p class='ocr_par' dir='ltr' id='par_1_79' title="bbox 1959 1423 3620 1499">
     <span class='ocr_line' id='line_1_79' title="bbox 1959 1423 3620 1499; baseline -0.001 -19"><span class='ocrx_word' id='word_1_634' title='bbox 1959 1428 2217 1499; x_wconf 84' lang='grc' dir='ltr'>μέλλοντα</span> <span class='ocrx_word' id='word_1_635' title='bbox 2244 1426 2616 1497; x_wconf 89' lang='grc' dir='ltr'>συμϐήσεσθαι</span> <span class='ocrx_word' id='word_1_636' title='bbox 2652 1427 2682 1479; x_wconf 88' lang='grc' dir='ltr'>ὑ</span> <span class='ocrx_word' id='word_1_637' title='bbox 2691 1428 2779 1496; x_wconf 87' lang='grc' dir='ltr'>μίν</span> <span class='ocrx_word' id='word_1_638' title='bbox 2804 1425 2912 1478; x_wconf 79' lang='grc' dir='ltr'>ἀπὸ</span> <span class='ocrx_word' id='word_1_639' title='bbox 2940 1425 3038 1496; x_wconf 91' lang='grc' dir='ltr'>τῆς</span> <span class='ocrx_word' id='word_1_640' title='bbox 3074 1424 3346 1494; x_wconf 83' lang='grc' dir='ltr'>βρώσεως,</span> <span class='ocrx_word' id='word_1_641' title='bbox 3371 1423 3620 1496; x_wconf 68' lang='grc' dir='ltr'>ὠφέλησε</span> 
     </span>
    </p>
   </div>
   <div class='ocr_carea' id='block_1_80' title="bbox 1954 1504 3621 1578">
    <p class='ocr_par' dir='ltr' id='par_1_80' title="bbox 1954 1504 3621 1578">
     <span class='ocr_line' id='line_1_80' title="bbox 1954 1504 3621 1578; baseline -0.002 -14"><span class='ocrx_word' id='word_1_642' title='bbox 1954 1528 2007 1564; x_wconf 88' lang='grc' dir='ltr'>τι</span> <span class='ocrx_word' id='word_1_643' title='bbox 2041 1511 2094 1577; x_wconf 64' lang='grc' dir='ltr'>ι),</span> <span class='ocrx_word' id='word_1_644' title='bbox 2125 1510 2238 1563; x_wconf 85' lang='grc' dir='ltr'>ἀλλ’</span> <span class='ocrx_word' id='word_1_645' title='bbox 2264 1510 2344 1573; x_wconf 85' lang='grc' dir='ltr'>εἰς</span> <span class='ocrx_word' id='word_1_646' title='bbox 2373 1507 2641 1578; x_wconf 86' lang='grc' dir='ltr'>τοσαύτην</span> <span class='ocrx_word' id='word_1_647' title='bbox 2672 1507 2868 1561; x_wconf 86' lang='grc' dir='ltr'>κακίαν</span> <span class='ocrx_word' id='word_1_648' title='bbox 2907 1505 3220 1572; x_wconf 78' lang='grc' dir='ltr'>ἐξώκειλας,</span> <span class='ocrx_word' id='word_1_649' title='bbox 3245 1504 3321 1570; x_wconf 86' lang='grc' dir='ltr'>ώς</span> <span class='ocrx_word' id='word_1_650' title='bbox 3361 1508 3436 1576; x_wconf 82' lang='grc' dir='ltr'>μὴ</span> <span class='ocrx_word' id='word_1_651' title='bbox 3461 1507 3621 1577; x_wconf 87' lang='grc' dir='ltr'>δυνη-</span> 
     </span>
    </p>
   </div>
   <div class='ocr_carea' id='block_1_81' title="bbox 1958 1583 3623 1664">
    <p class='ocr_par' dir='ltr' id='par_1_81' title="bbox 1958 1583 3623 1664">
     <span class='ocr_line' id='line_1_81' title="bbox 1958 1583 3623 1664; baseline -0.003 -16"><span class='ocrx_word' id='word_1_652' title='bbox 1958 1593 2118 1664; x_wconf 88' lang='grc' dir='ltr'>θῆναι</span> <span class='ocrx_word' id='word_1_653' title='bbox 2145 1583 2291 1664; x_wconf 79' lang='grc' dir='ltr'>μηδὲ</span> <span class='ocrx_word' id='word_1_654' title='bbox 2313 1591 2408 1644; x_wconf 88' lang='grc' dir='ltr'>τοῦ</span> <span class='ocrx_word' id='word_1_655' title='bbox 2444 1591 2562 1655; x_wconf 82' lang='grc' dir='ltr'>ἐνὸς</span> <span class='ocrx_word' id='word_1_656' title='bbox 2595 1591 2928 1661; x_wconf 79' lang='grc' dir='ltr'>ἀποσχέσθαι</span> <span class='ocrx_word' id='word_1_657' title='bbox 2950 1590 3108 1657; x_wconf 81' lang='grc' dir='ltr'>ξύλου</span> <span class='ocrx_word' id='word_1_658' title='bbox 3146 1589 3286 1660; x_wconf 83' lang='grc' dir='ltr'>μετὰ</span> <span class='ocrx_word' id='word_1_659' title='bbox 3313 1591 3412 1661; x_wconf 82' lang='grc' dir='ltr'>τὴν</span> <span class='ocrx_word' id='word_1_660' title='bbox 3432 1591 3623 1644; x_wconf 84' lang='grc' dir='ltr'>τοσαύ-</span> 
     </span>
    </p>
   </div>
   <div class='ocr_carea' id='block_1_82' title="bbox 1954 1670 3617 1747">
    <p class='ocr_par' dir='ltr' id='par_1_82' title="bbox 1954 1670 3617 1747">
     <span class='ocr_line' id='line_1_82' title="bbox 1954 1670 3617 1747; baseline -0.002 -17"><span class='ocrx_word' id='word_1_661' title='bbox 1954 1692 2055 1747; x_wconf 91' lang='grc' dir='ltr'>την</span> <span class='ocrx_word' id='word_1_662' title='bbox 2074 1675 2370 1729; x_wconf 84' lang='grc' dir='ltr'>ἀπόλαυσιν</span> <span class='ocrx_word' id='word_1_663' title='bbox 2390 1690 2402 1702; x_wconf 92' lang='grc'>·</span> <span class='ocrx_word' id='word_1_664' title='bbox 2438 1672 2526 1727; x_wconf 85' lang='grc' dir='ltr'>διά</span> <span class='ocrx_word' id='word_1_665' title='bbox 2550 1672 2710 1727; x_wconf 84' lang='grc' dir='ltr'>τοῦτο</span> <span class='ocrx_word' id='word_1_666' title='bbox 2757 1672 3220 1740; x_wconf 77' lang='grc' dir='ltr'>Ἐπικατάρατος</span> <span class='ocrx_word' id='word_1_667' title='bbox 3263 1670 3435 1726; x_wconf 80' lang='grc' dir='ltr'>ἔσται</span> <span class='ocrx_word' id='word_1_668' title='bbox 3467 1673 3506 1740; x_wconf 76' lang='grc' dir='ltr'>ἡ</span> <span class='ocrx_word' id='word_1_669' title='bbox 3541 1671 3617 1741; x_wconf 85' lang='grc' dir='ltr'>γῆ</span> 
     </span>
    </p>
   </div>
   <div class='ocr_carea' id='block_1_83' title="bbox 1956 1749 3621 1823">
    <p class='ocr_par' dir='ltr' id='par_1_83' title="bbox 1956 1749 3621 1823">
     <span class='ocr_line' id='line_1_83' title="bbox 1956 1749 3621 1823; baseline 0.023 -55"><span class='ocrx_word' id='word_1_670' title='bbox 1956 1758 2026 1810; x_wconf 61' lang='grc' dir='ltr'>ἐν</span> <span class='ocrx_word' id='word_1_671' title='bbox 2052 1753 2176 1820; x_wconf 58' lang='grc' dir='ltr'>τοῖς</span> <span class='ocrx_word' id='word_1_672' title='bbox 2201 1753 2397 1822; x_wconf 59' lang='grc' dir='ltr'>ἔργοις</span> <span class='ocrx_word' id='word_1_673' title='bbox 2419 1768 2556 1806; x_wconf 63' lang='grc' dir='ltr'>σου,</span> <span class='ocrx_word' id='word_1_674' title='bbox 2583 1753 2724 1823; x_wconf 71' lang='grc' dir='ltr'>υορα</span> <span class='ocrx_word' id='word_1_675' title='bbox 2747 1750 3156 1822; x_wconf 82' lang='grc' dir='ltr'>φιλανθρωπίαν</span> <span class='ocrx_word' id='word_1_676' title='bbox 3186 1749 3477 1813; x_wconf 81' lang='grc' dir='ltr'>Δεσπότου,</span> <span class='ocrx_word' id='word_1_677' title='bbox 3504 1752 3621 1815; x_wconf 86' lang='grc' dir='ltr'>πῶς</span> 
     </span>
    </p>
   </div>
   <div class='ocr_carea' id='block_1_84' title="bbox 1962 1830 3623 1906">
    <p class='ocr_par' dir='ltr' id='par_1_84' title="bbox 1962 1830 3623 1906">
     <span class='ocr_line' id='line_1_84' title="bbox 1962 1830 3623 1906; baseline -0.002 -18"><span class='ocrx_word' id='word_1_678' title='bbox 1962 1834 2060 1906; x_wconf 85' lang='grc' dir='ltr'>μὲν</span> <span class='ocrx_word' id='word_1_679' title='bbox 2086 1834 2178 1888; x_wconf 80' lang='grc' dir='ltr'>τὸν</span> <span class='ocrx_word' id='word_1_680' title='bbox 2203 1832 2328 1901; x_wconf 75' lang='grc' dir='ltr'>ὅφιν</span> <span class='ocrx_word' id='word_1_681' title='bbox 2383 1833 2741 1904; x_wconf 86' lang='grc' dir='ltr'>τιμωρεῖται,</span> <span class='ocrx_word' id='word_1_682' title='bbox 2782 1831 2900 1895; x_wconf 88' lang='grc' dir='ltr'>πῶς</span> <span class='ocrx_word' id='word_1_683' title='bbox 2967 1831 3025 1885; x_wconf 86' lang='grc' dir='ltr'>δὲ</span> <span class='ocrx_word' id='word_1_684' title='bbox 3090 1831 3150 1884; x_wconf 81' lang='grc' dir='ltr'>τὺ</span> <span class='ocrx_word' id='word_1_685' title='bbox 3192 1830 3408 1898; x_wconf 72' lang='grc' dir='ltr'>λογικὸν</span> <span class='ocrx_word' id='word_1_686' title='bbox 3464 1830 3623 1885; x_wconf 87' lang='grc' dir='ltr'>τοῦτο</span> 
     </span>
    </p>
   </div>
   <div class='ocr_carea' id='block_1_85' title="bbox 1959 1908 3622 1983">
    <p class='ocr_par' dir='ltr' id='par_1_85' title="bbox 1959 1908 3622 1983">
     <span class='ocr_line' id='line_1_85' title="bbox 1959 1908 3622 1983; baseline -0.002 -17"><span class='ocrx_word' id='word_1_687' title='bbox 1959 1912 2116 1977; x_wconf 83' lang='grc' dir='ltr'>ζῶον.</span> <span class='ocrx_word' id='word_1_688' title='bbox 2158 1910 2383 1981; x_wconf 86' lang='grc' dir='ltr'>Ἐκείνῳ</span> <span class='ocrx_word' id='word_1_689' title='bbox 2419 1910 2527 1983; x_wconf 85' lang='grc' dir='ltr'>γάρ</span> <span class='ocrx_word' id='word_1_690' title='bbox 2551 1927 2736 1981; x_wconf 88' lang='grc' dir='ltr'>φησιν,</span> <span class='ocrx_word' id='word_1_691' title='bbox 2776 1908 3240 1978; x_wconf 71' lang='grc' dir='ltr'>Ἐπικατάρατος</span> <span class='ocrx_word' id='word_1_692' title='bbox 3259 1910 3342 1964; x_wconf 89' lang='grc' dir='ltr'>σὺ</span> <span class='ocrx_word' id='word_1_693' title='bbox 3364 1910 3478 1964; x_wconf 83' lang='grc' dir='ltr'>ἀπὸ</span> <span class='ocrx_word' id='word_1_694' title='bbox 3511 1909 3622 1979; x_wconf 80' lang='grc' dir='ltr'>τῆς</span> 
     </span>
    </p>
   </div>
   <div class='ocr_carea' id='block_1_86' title="bbox 1957 1989 3624 2063">
    <p class='ocr_par' dir='ltr' id='par_1_86' title="bbox 1957 1989 3624 2063">
     <span class='ocr_line' id='line_1_86' title="bbox 1957 1989 3624 2063; baseline -0.002 -16"><span class='ocrx_word' id='word_1_695' title='bbox 1957 1991 2104 2063; x_wconf 84' lang='grc' dir='ltr'>γῆς;</span> <span class='ocrx_word' id='word_1_696' title='bbox 2135 1991 2367 2045; x_wconf 89' lang='grc' dir='ltr'>ἐνταῦθα</span> <span class='ocrx_word' id='word_1_697' title='bbox 2409 1990 2467 2045; x_wconf 82' lang='grc' dir='ltr'>δὲ</span> <span class='ocrx_word' id='word_1_698' title='bbox 2494 1992 2593 2061; x_wconf 86' lang='grc' dir='ltr'>οὐχ</span> <span class='ocrx_word' id='word_1_699' title='bbox 2624 1990 2815 2055; x_wconf 73' lang='grc' dir='ltr'>οὕτως.</span> <span class='ocrx_word' id='word_1_700' title='bbox 2851 1989 3012 2044; x_wconf 80' lang='grc' dir='ltr'>Ἀλλά</span> <span class='ocrx_word' id='word_1_701' title='bbox 3037 1990 3129 2056; x_wconf 72' lang='grc' dir='ltr'>τίς</span> <span class='ocrx_word' id='word_1_702' title='bbox 3172 1989 3624 2059; x_wconf 81' lang='grc' dir='ltr'>Ἐπικατάρατος</span> 
     </span>
    </p>
   </div>
   <div class='ocr_carea' id='block_1_87' title="bbox 1960 2068 3624 2142">
    <p class='ocr_par' dir='ltr' id='par_1_87' title="bbox 1960 2068 3624 2142">
     <span class='ocr_line' id='line_1_87' title="bbox 1960 2068 3624 2142; baseline 0.011 -35"><span class='ocrx_word' id='word_1_703' title='bbox 1960 2074 1999 2141; x_wconf 61' lang='grc' dir='ltr'><strong><em>ἡ</em></strong></span> <span class='ocrx_word' id='word_1_704' title='bbox 2040 2069 2115 2142; x_wconf 75' lang='grc' dir='ltr'>γῆ</span> <span class='ocrx_word' id='word_1_705' title='bbox 2143 2072 2212 2124; x_wconf 77' lang='grc' dir='ltr'>έν</span> <span class='ocrx_word' id='word_1_706' title='bbox 2255 2070 2378 2136; x_wconf 83' lang='grc' dir='ltr'>τοῖς</span> <span class='ocrx_word' id='word_1_707' title='bbox 2413 2072 2609 2139; x_wconf 75' lang='grc' dir='ltr'>ἔργοις</span> <span class='ocrx_word' id='word_1_708' title='bbox 2660 2085 2799 2123; x_wconf 85' lang='grc' dir='ltr'>σου.</span> <span class='ocrx_word' id='word_1_709' title='bbox 2835 2069 2942 2123; x_wconf 69' lang='grc' dir='ltr'>Καὶ</span> <span class='ocrx_word' id='word_1_710' title='bbox 2970 2069 3214 2132; x_wconf 73' lang='grc' dir='ltr'>εἰκότως.</span> <span class='ocrx_word' id='word_1_711' title='bbox 3261 2068 3479 2139; x_wconf 83' lang='grc' dir='ltr'>Ἐπειδὴ</span> <span class='ocrx_word' id='word_1_712' title='bbox 3513 2070 3624 2140; x_wconf 84' lang='grc' dir='ltr'>γὰρ</span> 
     </span>
    </p>
   </div>
   <div class='ocr_carea' id='block_1_88' title="bbox 1959 2147 3624 2221">
    <p class='ocr_par' dir='ltr' id='par_1_88' title="bbox 1959 2147 3624 2221">
     <span class='ocr_line' id='line_1_88' title="bbox 1959 2147 3624 2221; baseline -0.002 -17"><span class='ocrx_word' id='word_1_713' title='bbox 1959 2149 2048 2204; x_wconf 88' lang='grc' dir='ltr'>διά</span> <span class='ocrx_word' id='word_1_714' title='bbox 2074 2150 2165 2203; x_wconf 85' lang='grc' dir='ltr'>τὸν</span> <span class='ocrx_word' id='word_1_715' title='bbox 2194 2149 2478 2220; x_wconf 83' lang='grc' dir='ltr'>ἄνθρωπον</span> <span class='ocrx_word' id='word_1_716' title='bbox 2492 2149 2764 2221; x_wconf 83' lang='grc' dir='ltr'>παρήχθη,</span> <span class='ocrx_word' id='word_1_717' title='bbox 2781 2148 2867 2203; x_wconf 85' lang='grc' dir='ltr'>ἵνα</span> <span class='ocrx_word' id='word_1_718' title='bbox 2894 2147 3066 2212; x_wconf 77' lang='grc' dir='ltr'>οὕτως</span> <span class='ocrx_word' id='word_1_719' title='bbox 3082 2147 3376 2202; x_wconf 85' lang='grc' dir='ltr'>ἀπολαύειν</span> <span class='ocrx_word' id='word_1_720' title='bbox 3401 2148 3624 2219; x_wconf 81' lang='grc' dir='ltr'>δύνηται</span> 
     </span>
    </p>
   </div>
   <div class='ocr_carea' id='block_1_89' title="bbox 1961 2227 3624 2302">
    <p class='ocr_par' dir='ltr' id='par_1_89' title="bbox 1961 2227 3624 2302">
     <span class='ocr_line' id='line_1_89' title="bbox 1961 2227 3624 2302; baseline -0.002 -19"><span class='ocrx_word' id='word_1_721' title='bbox 1961 2230 2067 2284; x_wconf 91' lang='grc' dir='ltr'>τῶν</span> <span class='ocrx_word' id='word_1_722' title='bbox 2094 2228 2152 2297; x_wconf 81' lang='grc' dir='ltr'>ἐξ</span> <span class='ocrx_word' id='word_1_723' title='bbox 2191 2230 2358 2302; x_wconf 79' lang='grc' dir='ltr'>αὐτῆς</span> <span class='ocrx_word' id='word_1_724' title='bbox 2406 2228 2822 2299; x_wconf 88' lang='grc' dir='ltr'>ἀναδιδομένων,</span> <span class='ocrx_word' id='word_1_725' title='bbox 2870 2227 2957 2282; x_wconf 85' lang='grc' dir='ltr'>διά</span> <span class='ocrx_word' id='word_1_726' title='bbox 3004 2227 3162 2281; x_wconf 84' lang='grc' dir='ltr'>τοῦτο</span> <span class='ocrx_word' id='word_1_727' title='bbox 3212 2227 3374 2282; x_wconf 90' lang='grc' dir='ltr'>πάλιν</span> <span class='ocrx_word' id='word_1_728' title='bbox 3413 2227 3500 2281; x_wconf 77' lang='grc' dir='ltr'>διὰ</span> <span class='ocrx_word' id='word_1_729' title='bbox 3534 2228 3624 2281; x_wconf 78' lang='grc' dir='ltr'>τὸν</span> 
     </span>
    </p>
   </div>
   <div class='ocr_carea' id='block_1_90' title="bbox 1962 2307 3622 2381">
    <p class='ocr_par' dir='ltr' id='par_1_90' title="bbox 1962 2307 3622 2381">
     <span class='ocr_line' id='line_1_90' title="bbox 1962 2307 3622 2381; baseline -0.002 -17"><span class='ocrx_word' id='word_1_730' title='bbox 1962 2309 2247 2381; x_wconf 81' lang='grc' dir='ltr'>ἄνθρωπον</span> <span class='ocrx_word' id='word_1_731' title='bbox 2285 2309 2598 2379; x_wconf 83' lang='grc' dir='ltr'>ἁμαρτόντα</span> <span class='ocrx_word' id='word_1_732' title='bbox 2628 2308 2802 2379; x_wconf 86' lang='grc' dir='ltr'>ταύτῃ</span> <span class='ocrx_word' id='word_1_733' title='bbox 2837 2309 2935 2378; x_wconf 84' lang='grc' dir='ltr'>τὴν</span> <span class='ocrx_word' id='word_1_734' title='bbox 2975 2307 3216 2378; x_wconf 82' lang='grc' dir='ltr'>κατάραν</span> <span class='ocrx_word' id='word_1_735' title='bbox 3265 2307 3570 2377; x_wconf 85' lang='grc' dir='ltr'>ἐπιτίθησιν</span> <span class='ocrx_word' id='word_1_736' title='bbox 3606 2322 3622 2338; x_wconf 72' lang='grc' dir='ltr'><strong>ο</strong></span> 
     </span>
    </p>
   </div>
   <div class='ocr_carea' id='block_1_91' title="bbox 1964 2384 3622 2459">
    <p class='ocr_par' dir='ltr' id='par_1_91' title="bbox 1964 2384 3622 2459">
     <span class='ocr_line' id='line_1_91' title="bbox 1964 2384 3622 2459; baseline -0.002 -18"><span class='ocrx_word' id='word_1_737' title='bbox 1964 2386 2152 2458; x_wconf 85' lang='grc' dir='ltr'>ἐπειδὴ</span> <span class='ocrx_word' id='word_1_738' title='bbox 2174 2390 2207 2457; x_wconf 79' lang='grc' dir='ltr'><strong>ἡ</strong></span> <span class='ocrx_word' id='word_1_739' title='bbox 2232 2389 2311 2451; x_wconf 85' lang='grc' dir='ltr'>είς</span> <span class='ocrx_word' id='word_1_740' title='bbox 2343 2387 2512 2458; x_wconf 82' lang='grc' dir='ltr'>αὐτὴν</span> <span class='ocrx_word' id='word_1_741' title='bbox 2545 2388 2758 2458; x_wconf 86' lang='grc' dir='ltr'>κατάρα</span> <span class='ocrx_word' id='word_1_742' title='bbox 2785 2386 2946 2441; x_wconf 90' lang='grc' dir='ltr'>πάλιν</span> <span class='ocrx_word' id='word_1_743' title='bbox 2972 2385 3066 2441; x_wconf 87' lang='grc' dir='ltr'>τοῦ</span> <span class='ocrx_word' id='word_1_744' title='bbox 3091 2384 3378 2459; x_wconf 87' lang='grc' dir='ltr'>ἀνθρώπου</span> <span class='ocrx_word' id='word_1_745' title='bbox 3399 2386 3622 2457; x_wconf 88' lang='grc' dir='ltr'>ἐλυμαί-</span> 
     </span>
    </p>
   </div>
   <div class='ocr_carea' id='block_1_92' title="bbox 1962 2465 3624 2537">
    <p class='ocr_par' dir='ltr' id='par_1_92' title="bbox 1962 2465 3624 2537">
     <span class='ocr_line' id='line_1_92' title="bbox 1962 2465 3624 2537; baseline 0 -17"><span class='ocrx_word' id='word_1_746' title='bbox 1962 2483 2084 2520; x_wconf 88' lang='grc' dir='ltr'>νετο</span> <span class='ocrx_word' id='word_1_747' title='bbox 2120 2469 2184 2537; x_wconf 79' lang='grc' dir='ltr'>τῇ</span> <span class='ocrx_word' id='word_1_748' title='bbox 2219 2466 2400 2520; x_wconf 87' lang='grc' dir='ltr'>ἀνέσει</span> <span class='ocrx_word' id='word_1_749' title='bbox 2430 2466 2526 2519; x_wconf 72' lang='grc' dir='ltr'>καὶ</span> <span class='ocrx_word' id='word_1_750' title='bbox 2559 2468 2625 2536; x_wconf 84' lang='grc' dir='ltr'>τῇ</span> <span class='ocrx_word' id='word_1_751' title='bbox 2650 2466 2823 2537; x_wconf 85' lang='grc' dir='ltr'>ἀδείᾳ,</span> <span class='ocrx_word' id='word_1_752' title='bbox 2858 2465 3330 2533; x_wconf 84' lang='grc' dir='ltr'>Ἐπικατάρατος,</span> <span class='ocrx_word' id='word_1_753' title='bbox 3355 2467 3539 2537; x_wconf 79' lang='grc' dir='ltr'>φησὶν,</span> <span class='ocrx_word' id='word_1_754' title='bbox 3586 2467 3624 2533; x_wconf 77' lang='grc' dir='ltr'><strong><em>ἡ</em></strong></span> 
     </span>
    </p>
   </div>
   <div class='ocr_carea' id='block_1_93' title="bbox 1961 2541 3628 2616">
    <p class='ocr_par' dir='ltr' id='par_1_93' title="bbox 1961 2541 3628 2616">
     <span class='ocr_line' id='line_1_93' title="bbox 1961 2541 3628 2616; baseline 0 -17"><span class='ocrx_word' id='word_1_755' title='bbox 1961 2544 2039 2614; x_wconf 85' lang='grc' dir='ltr'>τῆ</span> <span class='ocrx_word' id='word_1_756' title='bbox 2070 2546 2139 2599; x_wconf 87' lang='grc' dir='ltr'>ὲν</span> <span class='ocrx_word' id='word_1_757' title='bbox 2161 2545 2286 2612; x_wconf 88' lang='grc' dir='ltr'>τοῖς</span> <span class='ocrx_word' id='word_1_758' title='bbox 2311 2544 2505 2615; x_wconf 77' lang='grc' dir='ltr'>ἔργοις</span> <span class='ocrx_word' id='word_1_759' title='bbox 2531 2558 2669 2599; x_wconf 88' lang='grc' dir='ltr'>σου.</span> <span class='ocrx_word' id='word_1_760' title='bbox 2701 2541 2835 2600; x_wconf 70' lang='grc' dir='ltr'>Εἶτα</span> <span class='ocrx_word' id='word_1_761' title='bbox 2862 2546 2949 2599; x_wconf 79' lang='grc' dir='ltr'>ἴνα</span> <span class='ocrx_word' id='word_1_762' title='bbox 2981 2545 3159 2616; x_wconf 81' lang='grc' dir='ltr'>μάθῃς</span> <span class='ocrx_word' id='word_1_763' title='bbox 3181 2545 3239 2597; x_wconf 88' lang='grc' dir='ltr'>τί</span> <span class='ocrx_word' id='word_1_764' title='bbox 3264 2548 3434 2609; x_wconf 89' lang='grc' dir='ltr'>ἐστιν,</span> <span class='ocrx_word' id='word_1_765' title='bbox 3471 2544 3628 2599; x_wconf 80' lang='grc' dir='ltr'>Ἐπι-</span> 
     </span>
    </p>
   </div>
   <div class='ocr_carea' id='block_1_94' title="bbox 1962 2624 3627 2695">
    <p class='ocr_par' dir='ltr' id='par_1_94' title="bbox 1962 2624 3627 2695">
     <span class='ocr_line' id='line_1_94' title="bbox 1962 2624 3627 2695; baseline 0.001 -16"><span class='ocrx_word' id='word_1_766' title='bbox 1962 2626 2312 2693; x_wconf 83' lang='grc' dir='ltr'>κατάρατος,</span> <span class='ocrx_word' id='word_1_767' title='bbox 2327 2627 2627 2694; x_wconf 86' lang='grc' dir='ltr'>ἐπήγαγεν.</span> <span class='ocrx_word' id='word_1_768' title='bbox 2663 2627 2766 2679; x_wconf 88' lang='grc' dir='ltr'>Ἐν</span> <span class='ocrx_word' id='word_1_769' title='bbox 2784 2626 3006 2691; x_wconf 84' lang='grc' dir='ltr'>λύπαις</span> <span class='ocrx_word' id='word_1_770' title='bbox 3035 2624 3194 2695; x_wconf 84' lang='grc' dir='ltr'>φάγῃ</span> <span class='ocrx_word' id='word_1_771' title='bbox 3210 2624 3406 2694; x_wconf 78' lang='grc' dir='ltr'>αὐτὴν</span> <span class='ocrx_word' id='word_1_772' title='bbox 3424 2624 3627 2691; x_wconf 88' lang='grc' dir='ltr'>πάσας</span> 
     </span>
    </p>
   </div>
   <div class='ocr_carea' id='block_1_95' title="bbox 1963 2702 3627 2776">
    <p class='ocr_par' dir='ltr' id='par_1_95' title="bbox 1963 2702 3627 2776">
     <span class='ocr_line' id='line_1_95' title="bbox 1963 2702 3627 2776; baseline 0.001 -20"><span class='ocrx_word' id='word_1_773' title='bbox 1963 2708 2070 2769; x_wconf 84' lang='grc' dir='ltr'>τὰς</span> <span class='ocrx_word' id='word_1_774' title='bbox 2096 2703 2319 2773; x_wconf 70' lang='grc' dir='ltr'>ἡμέρας</span> <span class='ocrx_word' id='word_1_775' title='bbox 2346 2702 2457 2773; x_wconf 85' lang='grc' dir='ltr'>τῆς</span> <span class='ocrx_word' id='word_1_776' title='bbox 2489 2703 2639 2771; x_wconf 85' lang='grc' dir='ltr'>ζωῆς</span> <span class='ocrx_word' id='word_1_777' title='bbox 2661 2720 2798 2759; x_wconf 90' lang='grc' dir='ltr'>σου.</span> <span class='ocrx_word' id='word_1_778' title='bbox 2832 2704 2977 2776; x_wconf 85' lang='grc' dir='ltr'>Ὅρα</span> <span class='ocrx_word' id='word_1_779' title='bbox 3006 2705 3241 2776; x_wconf 81' lang='grc' dir='ltr'>ἑκάστην</span> <span class='ocrx_word' id='word_1_780' title='bbox 3261 2704 3530 2775; x_wconf 87' lang='grc' dir='ltr'>τιμωρίαν</span> <span class='ocrx_word' id='word_1_781' title='bbox 3550 2704 3627 2775; x_wconf 79' lang='grc' dir='ltr'>τῷ</span> 
     </span>
    </p>
   </div>
   <div class='ocr_carea' id='block_1_96' title="bbox 1964 2785 3625 2857">
    <p class='ocr_par' dir='ltr' id='par_1_96' title="bbox 1964 2785 3625 2857">
     <span class='ocr_line' id='line_1_96' title="bbox 1964 2785 3625 2857; baseline 0.001 -19"><span class='ocrx_word' id='word_1_782' title='bbox 1964 2785 2119 2838; x_wconf 83' lang='grc' dir='ltr'>αίῶνι</span> <span class='ocrx_word' id='word_1_783' title='bbox 2154 2785 2669 2857; x_wconf 85' lang='grc' dir='ltr'>παρεκτεινομένην,</span> <span class='ocrx_word' id='word_1_784' title='bbox 2701 2786 2788 2840; x_wconf 83' lang='grc' dir='ltr'>ἵνα</span> <span class='ocrx_word' id='word_1_785' title='bbox 2819 2785 2894 2857; x_wconf 78' lang='grc' dir='ltr'>μὴ</span> <span class='ocrx_word' id='word_1_786' title='bbox 2917 2785 3076 2857; x_wconf 87' lang='grc' dir='ltr'>μόνον</span> <span class='ocrx_word' id='word_1_787' title='bbox 3102 2785 3255 2838; x_wconf 72' lang='grc' dir='ltr'>αὐτοὶ</span> <span class='ocrx_word' id='word_1_788' title='bbox 3275 2786 3625 2852; x_wconf 86' lang='grc' dir='ltr'>κερδάνωσιν,</span> 
     </span>
    </p>
   </div>
   <div class='ocr_carea' id='block_1_97' title="bbox 1961 2863 3627 2935">
    <p class='ocr_par' dir='ltr' id='par_1_97' title="bbox 1961 2863 3627 2935">
     <span class='ocr_line' id='line_1_97' title="bbox 1961 2863 3627 2935; baseline 0 -18"><span class='ocrx_word' id='word_1_789' title='bbox 1961 2863 2096 2918; x_wconf 86' lang='grc' dir='ltr'>ἀλλά</span> <span class='ocrx_word' id='word_1_790' title='bbox 2124 2864 2217 2917; x_wconf 75' lang='grc' dir='ltr'>καὶ</span> <span class='ocrx_word' id='word_1_791' title='bbox 2242 2866 2290 2917; x_wconf 90' lang='grc' dir='ltr'>οί</span> <span class='ocrx_word' id='word_1_792' title='bbox 2316 2866 2394 2929; x_wconf 88' lang='grc' dir='ltr'>είς</span> <span class='ocrx_word' id='word_1_793' title='bbox 2421 2864 2481 2917; x_wconf 82' lang='grc' dir='ltr'>τὸ</span> <span class='ocrx_word' id='word_1_794' title='bbox 2510 2864 2637 2935; x_wconf 80' lang='grc' dir='ltr'>ἐξῆς</span> <span class='ocrx_word' id='word_1_795' title='bbox 2664 2863 2946 2935; x_wconf 84' lang='grc' dir='ltr'>μέλλοντες</span> <span class='ocrx_word' id='word_1_796' title='bbox 2965 2864 3206 2933; x_wconf 88' lang='grc' dir='ltr'>γίνεσθαι</span> <span class='ocrx_word' id='word_1_797' title='bbox 3229 2864 3297 2918; x_wconf 73' lang='grc' dir='ltr'>δι’</span> <span class='ocrx_word' id='word_1_798' title='bbox 3322 2864 3500 2918; x_wconf 78' lang='grc' dir='ltr'>αὐτῶν</span> <span class='ocrx_word' id='word_1_799' title='bbox 3521 2866 3627 2917; x_wconf 88' lang='grc' dir='ltr'>τῶν</span> 
     </span>
    </p>
   </div>
   <div class='ocr_carea' id='block_1_98' title="bbox 1964 2942 3630 3015">
    <p class='ocr_par' dir='ltr' id='par_1_98' title="bbox 1964 2942 3630 3015">
     <span class='ocr_line' id='line_1_98' title="bbox 1964 2942 3630 3015; baseline 0.001 -21"><span class='ocrx_word' id='word_1_800' title='bbox 1964 2944 2304 3014; x_wconf 88' lang='grc' dir='ltr'>πραγμάτων</span> <span class='ocrx_word' id='word_1_801' title='bbox 2328 2942 2706 3008; x_wconf 88' lang='grc' dir='ltr'>διδάσκωνται,</span> <span class='ocrx_word' id='word_1_802' title='bbox 2739 2942 2900 2997; x_wconf 87' lang='grc' dir='ltr'>πόθεν</span> <span class='ocrx_word' id='word_1_803' title='bbox 2923 2945 3105 3006; x_wconf 82' lang='grc' dir='ltr'>αὐτοῖς</span> <span class='ocrx_word' id='word_1_804' title='bbox 3127 2943 3196 2997; x_wconf 85' lang='grc' dir='ltr'>τά</span> <span class='ocrx_word' id='word_1_805' title='bbox 3232 2944 3330 3015; x_wconf 87' lang='grc' dir='ltr'>τῆς</span> <span class='ocrx_word' id='word_1_806' title='bbox 3359 2944 3630 3014; x_wconf 82' lang='grc' dir='ltr'>τιμωρίας</span> 
     </span>
    </p>
   </div>
   <div class='ocr_carea' id='block_1_99' title="bbox 1963 3020 3629 3094">
    <p class='ocr_par' dir='ltr' id='par_1_99' title="bbox 1963 3020 3629 3094">
     <span class='ocr_line' id='line_1_99' title="bbox 1963 3020 3629 3094; baseline 0.001 -22"><span class='ocrx_word' id='word_1_807' title='bbox 1963 3021 2165 3092; x_wconf 87' lang='grc' dir='ltr'>ταύτης</span> <span class='ocrx_word' id='word_1_808' title='bbox 2196 3021 2411 3092; x_wconf 85' lang='grc' dir='ltr'>ἐπήχθη</span> <span class='ocrx_word' id='word_1_809' title='bbox 2430 3039 2443 3052; x_wconf 88' lang='grc'>·</span> <span class='ocrx_word' id='word_1_810' title='bbox 2475 3022 2578 3076; x_wconf 84' lang='grc' dir='ltr'>Ἐν</span> <span class='ocrx_word' id='word_1_811' title='bbox 2596 3023 2835 3088; x_wconf 79' lang='grc' dir='ltr'>λύπαις,</span> <span class='ocrx_word' id='word_1_812' title='bbox 2860 3023 3012 3094; x_wconf 72' lang='grc' dir='ltr'>φησὶ,</span> <span class='ocrx_word' id='word_1_813' title='bbox 3031 3020 3189 3091; x_wconf 82' lang='grc' dir='ltr'>φάγῃ</span> <span class='ocrx_word' id='word_1_814' title='bbox 3218 3021 3411 3089; x_wconf 80' lang='grc' dir='ltr'>αὐτὴν</span> <span class='ocrx_word' id='word_1_815' title='bbox 3425 3022 3629 3088; x_wconf 79' lang='grc' dir='ltr'>πάσας</span> 
     </span>
    </p>
   </div>
   <div class='ocr_carea' id='block_1_100' title="bbox 1963 3098 3628 3173">
    <p class='ocr_par' dir='ltr' id='par_1_100' title="bbox 1963 3098 3628 3173">
     <span class='ocr_line' id='line_1_100' title="bbox 1963 3098 3628 3173; baseline 0.001 -20"><span class='ocrx_word' id='word_1_816' title='bbox 1963 3100 2069 3166; x_wconf 86' lang='grc' dir='ltr'>τὰς</span> <span class='ocrx_word' id='word_1_817' title='bbox 2086 3100 2310 3169; x_wconf 77' lang='grc' dir='ltr'>ἡμέρας</span> <span class='ocrx_word' id='word_1_818' title='bbox 2329 3099 2435 3168; x_wconf 84' lang='grc' dir='ltr'>τῆς</span> <span class='ocrx_word' id='word_1_819' title='bbox 2464 3099 2610 3168; x_wconf 79' lang='grc' dir='ltr'>ζωῆς</span> <span class='ocrx_word' id='word_1_820' title='bbox 2638 3114 2775 3155; x_wconf 89' lang='grc' dir='ltr'>σου.</span> <span class='ocrx_word' id='word_1_821' title='bbox 2800 3098 2932 3154; x_wconf 80' lang='grc' dir='ltr'>Εἶτα</span> <span class='ocrx_word' id='word_1_822' title='bbox 2950 3100 3335 3173; x_wconf 86' lang='grc' dir='ltr'>ἀκριϐέστερον</span> <span class='ocrx_word' id='word_1_823' title='bbox 3362 3100 3628 3154; x_wconf 85' lang='grc' dir='ltr'>διδάσκων</span> 
     </span>
    </p>
   </div>
   <div class='ocr_carea' id='block_1_101' title="bbox 1961 3177 3630 3251">
    <p class='ocr_par' dir='ltr' id='par_1_101' title="bbox 1961 3177 3630 3251">
     <span class='ocr_line' id='line_1_101' title="bbox 1961 3177 3630 3251; baseline 0.001 -21"><span class='ocrx_word' id='word_1_824' title='bbox 1961 3180 2061 3249; x_wconf 85' lang='grc' dir='ltr'>τῆς</span> <span class='ocrx_word' id='word_1_825' title='bbox 2092 3180 2335 3249; x_wconf 88' lang='grc' dir='ltr'>κατάρας</span> <span class='ocrx_word' id='word_1_826' title='bbox 2373 3182 2433 3233; x_wconf 82' lang='grc' dir='ltr'>τὸ</span> <span class='ocrx_word' id='word_1_827' title='bbox 2456 3177 2613 3244; x_wconf 82' lang='grc' dir='ltr'>εἶδος,</span> <span class='ocrx_word' id='word_1_828' title='bbox 2652 3181 2746 3234; x_wconf 74' lang='grc' dir='ltr'>καὶ</span> <span class='ocrx_word' id='word_1_829' title='bbox 2794 3180 2895 3251; x_wconf 85' lang='grc' dir='ltr'>τῆς</span> <span class='ocrx_word' id='word_1_830' title='bbox 2932 3179 3114 3251; x_wconf 88' lang='grc' dir='ltr'>λύπης</span> <span class='ocrx_word' id='word_1_831' title='bbox 3147 3180 3247 3251; x_wconf 82' lang='grc' dir='ltr'>τὴν</span> <span class='ocrx_word' id='word_1_832' title='bbox 3290 3180 3489 3242; x_wconf 78' lang='grc' dir='ltr'>αἰτίαν,</span> <span class='ocrx_word' id='word_1_833' title='bbox 3531 3181 3630 3232; x_wconf 80' lang='grc' dir='ltr'>ἐπ·</span> 
     </span>
    </p>
   </div>
   <div class='ocr_carea' id='block_1_102' title="bbox 1962 3257 3628 3328">
    <p class='ocr_par' dir='ltr' id='par_1_102' title="bbox 1962 3257 3628 3328">
     <span class='ocr_line' id='line_1_102' title="bbox 1962 3257 3628 3328; baseline 0.002 -19"><span class='ocrx_word' id='word_1_834' title='bbox 1962 3260 2190 3328; x_wconf 89' lang='grc' dir='ltr'>ήγαγεν·</span> <span class='ocrx_word' id='word_1_835' title='bbox 2234 3257 2523 3324; x_wconf 82' lang='grc' dir='ltr'>Ἀκάνθιις</span> <span class='ocrx_word' id='word_1_836' title='bbox 2555 3259 2652 3312; x_wconf 79' lang='grc' dir='ltr'>καὶ</span> <span class='ocrx_word' id='word_1_837' title='bbox 2679 3259 2993 3326; x_wconf 78' lang='grc' dir='ltr'>τριϐόλους</span> <span class='ocrx_word' id='word_1_838' title='bbox 3020 3258 3299 3317; x_wconf 84' lang='grc' dir='ltr'>ἀνατελεῖ</span> <span class='ocrx_word' id='word_1_839' title='bbox 3323 3274 3443 3312; x_wconf 85' lang='grc' dir='ltr'>σοι.</span> <span class='ocrx_word' id='word_1_840' title='bbox 3495 3258 3628 3313; x_wconf 74' lang='grc' dir='ltr'>Ἰδοὺ</span> 
     </span>
    </p>
   </div>
   <div class='ocr_carea' id='block_1_103' title="bbox 1961 3334 3630 3407">
    <p class='ocr_par' dir='ltr' id='par_1_103' title="bbox 1961 3334 3630 3407">
     <span class='ocr_line' id='line_1_103' title="bbox 1961 3334 3630 3407; baseline 0 -18"><span class='ocrx_word' id='word_1_841' title='bbox 1961 3338 2061 3406; x_wconf 87' lang='grc' dir='ltr'>τῆς</span> <span class='ocrx_word' id='word_1_842' title='bbox 2093 3335 2336 3407; x_wconf 75' lang='grc' dir='ltr'>κατάρας</span> <span class='ocrx_word' id='word_1_843' title='bbox 2357 3336 2425 3390; x_wconf 85' lang='grc' dir='ltr'>τά</span> <span class='ocrx_word' id='word_1_844' title='bbox 2449 3337 2836 3407; x_wconf 84' lang='grc' dir='ltr'>ὑπομνήματα.</span> <span class='ocrx_word' id='word_1_845' title='bbox 2877 3335 3164 3400; x_wconf 86' lang='grc' dir='ltr'>Ἀκάνθας,</span> <span class='ocrx_word' id='word_1_846' title='bbox 3191 3337 3378 3407; x_wconf 79' lang='grc' dir='ltr'>φησὶν,</span> <span class='ocrx_word' id='word_1_847' title='bbox 3404 3334 3630 3390; x_wconf 83' lang='grc' dir='ltr'>ἐκδώσει</span> 
     </span>
    </p>
   </div>
   <div class='ocr_carea' id='block_1_104' title="bbox 1963 3413 3630 3486">
    <p class='ocr_par' dir='ltr' id='par_1_104' title="bbox 1963 3413 3630 3486">
     <span class='ocr_line' id='line_1_104' title="bbox 1963 3413 3630 3486; baseline 0.002 -20"><span class='ocrx_word' id='word_1_848' title='bbox 1963 3415 2058 3466; x_wconf 57' lang='grc' dir='ltr'>καὶ.</span> <span class='ocrx_word' id='word_1_849' title='bbox 2093 3414 2369 3486; x_wconf 88' lang='grc' dir='ltr'>τριϐόλους</span> <span class='ocrx_word' id='word_1_850' title='bbox 2388 3433 2401 3446; x_wconf 91' lang='grc'>·</span> <span class='ocrx_word' id='word_1_851' title='bbox 2433 3413 2573 3468; x_wconf 83' lang='grc' dir='ltr'>ὥστε</span> <span class='ocrx_word' id='word_1_852' title='bbox 2607 3415 2772 3469; x_wconf 79' lang='grc' dir='ltr'>πολὺν</span> <span class='ocrx_word' id='word_1_853' title='bbox 2797 3415 2887 3468; x_wconf 88' lang='grc' dir='ltr'>τὸν</span> <span class='ocrx_word' id='word_1_854' title='bbox 2914 3415 3075 3469; x_wconf 85' lang='grc' dir='ltr'>πόνον</span> <span class='ocrx_word' id='word_1_855' title='bbox 3103 3416 3195 3469; x_wconf 70' lang='grc' dir='ltr'>καί⁵</span> <span class='ocrx_word' id='word_1_856' title='bbox 3225 3415 3323 3486; x_wconf 85' lang='grc' dir='ltr'>τὴν</span> <span class='ocrx_word' id='word_1_857' title='bbox 3352 3415 3630 3469; x_wconf 79' lang='grc' dir='ltr'>ταλαιπω-</span> 
     </span>
    </p>
   </div>
   <div class='ocr_carea' id='block_1_105' title="bbox 1968 3493 3631 3567">
    <p class='ocr_par' dir='ltr' id='par_1_105' title="bbox 1968 3493 3631 3567">
     <span class='ocr_line' id='line_1_105' title="bbox 1968 3493 3631 3567; baseline 0.002 -22"><span class='ocrx_word' id='word_1_858' title='bbox 1968 3493 2086 3563; x_wconf 85' lang='grc' dir='ltr'>ρίαν</span> <span class='ocrx_word' id='word_1_859' title='bbox 2138 3494 2501 3566; x_wconf 82' lang='grc' dir='ltr'>ἐργάσασθαι,</span> <span class='ocrx_word' id='word_1_860' title='bbox 2552 3496 2645 3549; x_wconf 70' lang='grc' dir='ltr'>καὶ</span> <span class='ocrx_word' id='word_1_861' title='bbox 2698 3493 2836 3565; x_wconf 85' lang='grc' dir='ltr'>μετά</span> <span class='ocrx_word' id='word_1_862' title='bbox 2883 3494 3061 3565; x_wconf 89' lang='grc' dir='ltr'>λύπης</span> <span class='ocrx_word' id='word_1_863' title='bbox 3094 3494 3273 3548; x_wconf 89' lang='grc' dir='ltr'>πάντα</span> <span class='ocrx_word' id='word_1_864' title='bbox 3299 3495 3389 3548; x_wconf 76' lang='grc' dir='ltr'>τὸν</span> <span class='ocrx_word' id='word_1_865' title='bbox 3442 3495 3631 3567; x_wconf 84' lang='grc' dir='ltr'>χρόνον</span> 
     </span>
    </p>
   </div>
   <div class='ocr_carea' id='block_1_106' title="bbox 1963 3572 3630 3645">
    <p class='ocr_par' dir='ltr' id='par_1_106' title="bbox 1963 3572 3630 3645">
     <span class='ocr_line' id='line_1_106' title="bbox 1963 3572 3630 3645; baseline 0 -20"><span class='ocrx_word' id='word_1_866' title='bbox 1963 3573 2168 3641; x_wconf 89' lang='grc' dir='ltr'>διάγειν</span> <span class='ocrx_word' id='word_1_867' title='bbox 2195 3590 2255 3626; x_wconf 90' lang='grc' dir='ltr'>σε</span> <span class='ocrx_word' id='word_1_868' title='bbox 2286 3574 2519 3645; x_wconf 87' lang='grc' dir='ltr'>ποιήσω,</span> <span class='ocrx_word' id='word_1_869' title='bbox 2548 3573 2635 3626; x_wconf 82' lang='grc' dir='ltr'>ἴνα</span> <span class='ocrx_word' id='word_1_870' title='bbox 2654 3572 2811 3626; x_wconf 85' lang='grc' dir='ltr'>τοῦτο</span> <span class='ocrx_word' id='word_1_871' title='bbox 2837 3572 3048 3642; x_wconf 88' lang='grc' dir='ltr'>χαλινός</span> <span class='ocrx_word' id='word_1_872' title='bbox 3079 3589 3159 3637; x_wconf 80' lang='grc' dir='ltr'>σοι</span> <span class='ocrx_word' id='word_1_873' title='bbox 3182 3573 3406 3642; x_wconf 81' lang='grc' dir='ltr'>γένηται</span> <span class='ocrx_word' id='word_1_874' title='bbox 3435 3572 3528 3626; x_wconf 79' lang='grc' dir='ltr'>τοῦ</span> <span class='ocrx_word' id='word_1_875' title='bbox 3555 3574 3630 3645; x_wconf 84' lang='grc' dir='ltr'>μὴ</span> 
     </span>
    </p>
   </div>
   <div class='ocr_carea' id='block_1_107' title="bbox 1966 3651 3631 3725">
    <p class='ocr_par' dir='ltr' id='par_1_107' title="bbox 1966 3651 3631 3725">
     <span class='ocr_line' id='line_1_107' title="bbox 1966 3651 3631 3725; baseline -0.001 -20"><span class='ocrx_word' id='word_1_876' title='bbox 1966 3652 2105 3723; x_wconf 80' lang='grc' dir='ltr'>ὑπὲρ</span> <span class='ocrx_word' id='word_1_877' title='bbox 2135 3662 2157 3690; x_wconf 73' lang='grc' dir='ltr'><strong>ο</strong></span> <span class='ocrx_word' id='word_1_878' title='bbox 2191 3651 2347 3718; x_wconf 76' lang='grc' dir='ltr'>ἀξίαν</span> <span class='ocrx_word' id='word_1_879' title='bbox 2375 3651 2772 3721; x_wconf 77' lang='grc' dir='ltr'>φαντάζεσθαι,</span> <span class='ocrx_word' id='word_1_880' title='bbox 2808 3651 2945 3707; x_wconf 86' lang='grc' dir='ltr'>ἀλλά</span> <span class='ocrx_word' id='word_1_881' title='bbox 2983 3651 3248 3722; x_wconf 84' lang='grc' dir='ltr'>διηνεκῶς</span> <span class='ocrx_word' id='word_1_882' title='bbox 3279 3653 3408 3725; x_wconf 79' lang='grc' dir='ltr'>ἔχῃς</span> <span class='ocrx_word' id='word_1_883' title='bbox 3432 3653 3631 3705; x_wconf 86' lang='grc' dir='ltr'>ἐννοεῖν</span> 
     </span>
    </p>
   </div>
   <div class='ocr_carea' id='block_1_108' title="bbox 1964 3731 3633 3805">
    <p class='ocr_par' dir='ltr' id='par_1_108' title="bbox 1964 3731 3633 3805">
     <span class='ocr_line' id='line_1_108' title="bbox 1964 3731 3633 3805; baseline -0.002 -20"><span class='ocrx_word' id='word_1_884' title='bbox 1964 3732 2062 3805; x_wconf 88' lang='grc' dir='ltr'>τὴν</span> <span class='ocrx_word' id='word_1_885' title='bbox 2083 3733 2280 3788; x_wconf 81' lang='grc' dir='ltr'>σαυτοῦ</span> <span class='ocrx_word' id='word_1_886' title='bbox 2304 3732 2511 3798; x_wconf 76' lang='grc' dir='ltr'>οὐσίαν,</span> <span class='ocrx_word' id='word_1_887' title='bbox 2537 3733 2631 3786; x_wconf 76' lang='grc' dir='ltr'>καὶ</span> <span class='ocrx_word' id='word_1_888' title='bbox 2662 3732 2928 3804; x_wconf 82' lang='grc' dir='ltr'>μηδέποτε</span> <span class='ocrx_word' id='word_1_889' title='bbox 2950 3733 3160 3803; x_wconf 81' lang='grc' dir='ltr'>ἀνάσχῃ</span> <span class='ocrx_word' id='word_1_890' title='bbox 3179 3732 3400 3786; x_wconf 84' lang='grc' dir='ltr'>τοιαῦτα</span> <span class='ocrx_word' id='word_1_891' title='bbox 3421 3731 3633 3802; x_wconf 85' lang='grc' dir='ltr'>ἀπατη-</span> 
     </span>
    </p>
   </div>
   <div class='ocr_carea' id='block_1_109' title="bbox 1967 3807 3632 3883">
    <p class='ocr_par' dir='ltr' id='par_1_109' title="bbox 1967 3807 3632 3883">
     <span class='ocr_line' id='line_1_109' title="bbox 1967 3807 3632 3883; baseline -0.001 -18"><span class='ocrx_word' id='word_1_892' title='bbox 1967 3812 2145 3883; x_wconf 84' lang='grc' dir='ltr'>θῆναι.</span> <span class='ocrx_word' id='word_1_893' title='bbox 2174 3812 2282 3866; x_wconf 71' lang='lat' dir='ltr'>Kal</span> <span class='ocrx_word' id='word_1_894' title='bbox 2315 3810 2476 3882; x_wconf 86' lang='grc' dir='ltr'>φάγῃ</span> <span class='ocrx_word' id='word_1_895' title='bbox 2507 3810 2615 3865; x_wconf 83' lang='grc' dir='ltr'>τὸν</span> <span class='ocrx_word' id='word_1_896' title='bbox 2652 3811 2868 3880; x_wconf 87' lang='grc' dir='ltr'>χόρτον</span> <span class='ocrx_word' id='word_1_897' title='bbox 2894 3811 3001 3865; x_wconf 89' lang='grc' dir='ltr'>τοῦ</span> <span class='ocrx_word' id='word_1_898' title='bbox 3039 3810 3245 3880; x_wconf 88' lang='grc' dir='ltr'>ἀγροῦ.</span> <span class='ocrx_word' id='word_1_899' title='bbox 3303 3811 3405 3863; x_wconf 82' lang='grc' dir='ltr'>Ἐν</span> <span class='ocrx_word' id='word_1_900' title='bbox 3435 3807 3632 3877; x_wconf 77' lang='grc' dir='ltr'>ἱδρῶτι</span> 
     </span>
    </p>
   </div>
   <div class='ocr_carea' id='block_1_110' title="bbox 1966 3888 3632 3960">
    <p class='ocr_par' dir='ltr' id='par_1_110' title="bbox 1966 3888 3632 3960">
     <span class='ocr_line' id='line_1_110' title="bbox 1966 3888 3632 3960; baseline -0.003 -14"><span class='ocrx_word' id='word_1_901' title='bbox 1966 3892 2072 3946; x_wconf 88' lang='grc' dir='ltr'>τοῦ</span> <span class='ocrx_word' id='word_1_902' title='bbox 2111 3889 2434 3960; x_wconf 83' lang='grc' dir='ltr'>προσώπου</span> <span class='ocrx_word' id='word_1_903' title='bbox 2459 3905 2576 3945; x_wconf 90' lang='grc' dir='ltr'>σου</span> <span class='ocrx_word' id='word_1_904' title='bbox 2600 3889 2761 3959; x_wconf 87' lang='grc' dir='ltr'>φάγῃ</span> <span class='ocrx_word' id='word_1_905' title='bbox 2795 3889 2904 3943; x_wconf 84' lang='grc' dir='ltr'>τόν</span> <span class='ocrx_word' id='word_1_906' title='bbox 2932 3888 3115 3957; x_wconf 77' lang='grc' dir='ltr'>ἄρτον</span> <span class='ocrx_word' id='word_1_907' title='bbox 3144 3901 3284 3943; x_wconf 91' lang='grc' dir='ltr'>σου.</span> <span class='ocrx_word' id='word_1_908' title='bbox 3327 3889 3467 3960; x_wconf 88' lang='grc' dir='ltr'>Ὅρα</span> <span class='ocrx_word' id='word_1_909' title='bbox 3514 3888 3632 3952; x_wconf 85' lang='grc' dir='ltr'>πῶς</span> 
     </span>
    </p>
   </div>
   <div class='ocr_carea' id='block_1_111' title="bbox 1967 3967 3634 4042">
    <p class='ocr_par' dir='ltr' id='par_1_111' title="bbox 1967 3967 3634 4042">
     <span class='ocr_line' id='line_1_111' title="bbox 1967 3967 3634 4042; baseline -0.002 -19"><span class='ocrx_word' id='word_1_910' title='bbox 1967 3969 2293 4034; x_wconf 84' lang='grc' dir='ltr'>ἀπεναντίας</span> <span class='ocrx_word' id='word_1_911' title='bbox 2312 3970 2411 4040; x_wconf 88' lang='grc' dir='ltr'>τῆς</span> <span class='ocrx_word' id='word_1_912' title='bbox 2445 3970 2720 4042; x_wconf 88' lang='grc' dir='ltr'>προτέρας</span> <span class='ocrx_word' id='word_1_913' title='bbox 2748 3968 3021 4040; x_wconf 87' lang='grc' dir='ltr'>διαγωγῆς</span> <span class='ocrx_word' id='word_1_914' title='bbox 3073 3967 3141 4021; x_wconf 83' lang='grc' dir='ltr'>τά</span> <span class='ocrx_word' id='word_1_915' title='bbox 3172 3968 3309 4038; x_wconf 84' lang='grc' dir='ltr'>μετά</span> <span class='ocrx_word' id='word_1_916' title='bbox 3332 3969 3430 4039; x_wconf 78' lang='grc' dir='ltr'>τήν</span> <span class='ocrx_word' id='word_1_917' title='bbox 3457 3984 3634 4038; x_wconf 83' lang='grc' dir='ltr'>παρα-</span> 
     </span>
    </p>
   </div>
   <div class='ocr_carea' id='block_1_112' title="bbox 1974 4049 3633 4123">
    <p class='ocr_par' dir='ltr' id='par_1_112' title="bbox 1974 4049 3633 4123">
     <span class='ocr_line' id='line_1_112' title="bbox 1974 4049 3633 4123; baseline -0.002 -19"><span class='ocrx_word' id='word_1_918' title='bbox 1974 4051 2106 4123; x_wconf 76' lang='grc' dir='ltr'>κοήν</span> <span class='ocrx_word' id='word_1_919' title='bbox 2142 4051 2357 4105; x_wconf 77' lang='grc' dir='ltr'>ἅπαντα</span> <span class='ocrx_word' id='word_1_920' title='bbox 2384 4050 2531 4119; x_wconf 85' lang='grc' dir='ltr'>αὐτῷ</span> <span class='ocrx_word' id='word_1_921' title='bbox 2569 4049 2801 4122; x_wconf 86' lang='grc' dir='ltr'>ἐπήχθη.</span> <span class='ocrx_word' id='word_1_922' title='bbox 2851 4049 2993 4118; x_wconf 88' lang='grc' dir='ltr'>Ἐγὼ</span> <span class='ocrx_word' id='word_1_923' title='bbox 3046 4049 3144 4119; x_wconf 81' lang='grc' dir='ltr'>μὲν</span> <span class='ocrx_word' id='word_1_924' title='bbox 3170 4049 3301 4120; x_wconf 85' lang='grc' dir='ltr'>γάρ,</span> <span class='ocrx_word' id='word_1_925' title='bbox 3334 4049 3486 4118; x_wconf 68' lang='grc' dir='ltr'>φησὶ,</span> <span class='ocrx_word' id='word_1_926' title='bbox 3523 4064 3633 4100; x_wconf 83' lang='grc' dir='ltr'>πα-</span> 
     </span>
    </p>
   </div>
   <div class='ocr_carea' id='block_1_113' title="bbox 1972 4126 3634 4200">
    <p class='ocr_par' dir='ltr' id='par_1_113' title="bbox 1972 4126 3634 4200">
     <span class='ocr_line' id='line_1_113' title="bbox 1972 4126 3634 4200; baseline -0.002 -18"><span class='ocrx_word' id='word_1_927' title='bbox 1972 4127 2226 4200; x_wconf 85' lang='grc' dir='ltr'>ραγαγών</span> <span class='ocrx_word' id='word_1_928' title='bbox 2261 4145 2320 4182; x_wconf 86' lang='grc' dir='ltr'>σε</span> <span class='ocrx_word' id='word_1_929' title='bbox 2344 4131 2424 4191; x_wconf 87' lang='grc' dir='ltr'>είς</span> <span class='ocrx_word' id='word_1_930' title='bbox 2453 4128 2604 4182; x_wconf 85' lang='grc' dir='ltr'>τόνδε</span> <span class='ocrx_word' id='word_1_931' title='bbox 2627 4129 2715 4181; x_wconf 81' lang='grc' dir='ltr'>τὸν</span> <span class='ocrx_word' id='word_1_932' title='bbox 2741 4130 2942 4199; x_wconf 88' lang='grc' dir='ltr'>κόσμον</span> <span class='ocrx_word' id='word_1_933' title='bbox 2975 4128 3280 4198; x_wconf 75' lang='grc' dir='ltr'>ἠϐουλήθην</span> <span class='ocrx_word' id='word_1_934' title='bbox 3303 4126 3428 4180; x_wconf 84' lang='grc' dir='ltr'>ἀνευ</span> <span class='ocrx_word' id='word_1_935' title='bbox 3458 4126 3634 4195; x_wconf 81' lang='grc' dir='ltr'>λύπης</span> 
     </span>
    </p>
   </div>
   <div class='ocr_carea' id='block_1_114' title="bbox 1968 4205 3634 4279">
    <p class='ocr_par' dir='ltr' id='par_1_114' title="bbox 1968 4205 3634 4279">
     <span class='ocr_line' id='line_1_114' title="bbox 1968 4205 3634 4279; baseline -0.001 -19"><span class='ocrx_word' id='word_1_936' title='bbox 1968 4208 2063 4261; x_wconf 76' lang='grc' dir='ltr'>καὶ</span> <span class='ocrx_word' id='word_1_937' title='bbox 2098 4207 2310 4277; x_wconf 87' lang='grc' dir='ltr'>μόχθων</span> <span class='ocrx_word' id='word_1_938' title='bbox 2342 4208 2438 4259; x_wconf 74' lang='grc' dir='ltr'>καὶ</span> <span class='ocrx_word' id='word_1_939' title='bbox 2462 4206 2835 4279; x_wconf 89' lang='grc' dir='ltr'>ταλαιπωρίας</span> <span class='ocrx_word' id='word_1_940' title='bbox 2876 4208 2970 4261; x_wconf 79' lang='grc' dir='ltr'>καὶ</span> <span class='ocrx_word' id='word_1_941' title='bbox 2996 4208 3123 4262; x_wconf 80' lang='grc' dir='ltr'>ἄνευ</span> <span class='ocrx_word' id='word_1_942' title='bbox 3159 4206 3396 4279; x_wconf 83' lang='grc' dir='ltr'>ἱδρώτων</span> <span class='ocrx_word' id='word_1_943' title='bbox 3428 4205 3634 4275; x_wconf 86' lang='grc' dir='ltr'>διάγειν</span> 
     </span>
    </p>
   </div>
   <div class='ocr_carea' id='block_1_115' title="bbox 1970 4282 3632 4356">
    <p class='ocr_par' dir='ltr' id='par_1_115' title="bbox 1970 4282 3632 4356">
     <span class='ocr_line' id='line_1_115' title="bbox 1970 4282 3632 4356; baseline -0.002 -16"><span class='ocrx_word' id='word_1_944' title='bbox 1970 4303 2052 4352; x_wconf 87' lang='grc' dir='ltr'>σε,</span> <span class='ocrx_word' id='word_1_945' title='bbox 2075 4288 2168 4340; x_wconf 76' lang='grc' dir='ltr'>καὶ</span> <span class='ocrx_word' id='word_1_946' title='bbox 2195 4290 2253 4341; x_wconf 87' lang='grc' dir='ltr'>ἐν</span> <span class='ocrx_word' id='word_1_947' title='bbox 2274 4285 2570 4340; x_wconf 81' lang='grc' dir='ltr'>ἀπολαύσει</span> <span class='ocrx_word' id='word_1_948' title='bbox 2608 4282 2743 4339; x_wconf 79' lang='grc' dir='ltr'>εῖναι</span> <span class='ocrx_word' id='word_1_949' title='bbox 2772 4287 2865 4338; x_wconf 72' lang='grc' dir='ltr'>καὶ</span> <span class='ocrx_word' id='word_1_950' title='bbox 2894 4284 3184 4356; x_wconf 80' lang='grc' dir='ltr'>εὐημερίᾳ,</span> <span class='ocrx_word' id='word_1_951' title='bbox 3215 4284 3310 4338; x_wconf 74' lang='grc' dir='ltr'>καὶ</span> <span class='ocrx_word' id='word_1_952' title='bbox 3349 4283 3483 4355; x_wconf 86' lang='grc' dir='ltr'>μηδέ</span> <span class='ocrx_word' id='word_1_953' title='bbox 3510 4285 3632 4348; x_wconf 83' lang='grc' dir='ltr'>ταῖς</span> 
     </span>
    </p>
   </div>
   <div class='ocr_carea' id='block_1_116' title="bbox 1967 4361 3635 4434">
    <p class='ocr_par' dir='ltr' id='par_1_116' title="bbox 1967 4361 3635 4434">
     <span class='ocr_line' id='line_1_116' title="bbox 1967 4361 3635 4434; baseline -0.001 -17"><span class='ocrx_word' id='word_1_954' title='bbox 1967 4364 2063 4417; x_wconf 85' lang='grc' dir='ltr'>τοῦ</span> <span class='ocrx_word' id='word_1_955' title='bbox 2100 4363 2350 4434; x_wconf 88' lang='grc' dir='ltr'>σώματος</span> <span class='ocrx_word' id='word_1_956' title='bbox 2375 4365 2641 4432; x_wconf 84' lang='grc' dir='ltr'>ἀνάγκαις</span> <span class='ocrx_word' id='word_1_957' title='bbox 2663 4363 3001 4426; x_wconf 87' lang='grc' dir='ltr'>ὑποκεῖσθαι,</span> <span class='ocrx_word' id='word_1_958' title='bbox 3026 4363 3163 4416; x_wconf 88' lang='grc' dir='ltr'>ἀλλά</span> <span class='ocrx_word' id='word_1_959' title='bbox 3183 4362 3397 4415; x_wconf 89' lang='grc' dir='ltr'>πάντων</span> <span class='ocrx_word' id='word_1_960' title='bbox 3428 4361 3635 4415; x_wconf 87' lang='grc' dir='ltr'>τούτων</span> 
     </span>
    </p>
   </div>
   <div class='ocr_carea' id='block_1_117' title="bbox 1970 4438 3634 4513">
    <p class='ocr_par' dir='ltr' id='par_1_117' title="bbox 1970 4438 3634 4513">
     <span class='ocr_line' id='line_1_117' title="bbox 1970 4438 3634 4513; baseline -0.004 -17"><span class='ocrx_word' id='word_1_961' title='bbox 1970 4442 2335 4513; x_wconf 87' lang='grc' dir='ltr'>ἀπηλλάχθαι,</span> <span class='ocrx_word' id='word_1_962' title='bbox 2362 4442 2455 4496; x_wconf 84' lang='grc' dir='ltr'>καὶ</span> <span class='ocrx_word' id='word_1_963' title='bbox 2472 4443 2530 4495; x_wconf 86' lang='grc' dir='ltr'>ἐν</span> <span class='ocrx_word' id='word_1_964' title='bbox 2559 4441 2841 4513; x_wconf 78' lang='grc' dir='ltr'>ἐλευθερίᾳ</span> <span class='ocrx_word' id='word_1_965' title='bbox 2862 4440 3051 4513; x_wconf 70' lang='grc' dir='ltr'>πάσῃ(ι</span> <span class='ocrx_word' id='word_1_966' title='bbox 3068 4443 3376 4510; x_wconf 89' lang='grc' dir='ltr'>τυγχάνειν.</span> <span class='ocrx_word' id='word_1_967' title='bbox 3414 4438 3634 4510; x_wconf 78' lang='grc' dir='ltr'>Ἐπειδὴ</span> 
     </span>
    </p>
   </div>
   <div class='ocr_carea' id='block_1_118' title="bbox 1970 4518 3634 4591">
    <p class='ocr_par' dir='ltr' id='par_1_118' title="bbox 1970 4518 3634 4591">
     <span class='ocr_line' id='line_1_118' title="bbox 1970 4518 3634 4591; baseline -0.001 -18"><span class='ocrx_word' id='word_1_968' title='bbox 1970 4520 2025 4573; x_wconf 87' lang='grc' dir='ltr'>δέ</span> <span class='ocrx_word' id='word_1_969' title='bbox 2054 4521 2153 4575; x_wconf 79' lang='grc' dir='ltr'>οὐκ</span> <span class='ocrx_word' id='word_1_970' title='bbox 2179 4522 2356 4590; x_wconf 78' lang='grc' dir='ltr'>ὤνησέ</span> <span class='ocrx_word' id='word_1_971' title='bbox 2380 4537 2438 4573; x_wconf 91' lang='grc' dir='ltr'>σε</span> <span class='ocrx_word' id='word_1_972' title='bbox 2468 4522 2501 4591; x_wconf 86' lang='grc' dir='ltr'>ή</span> <span class='ocrx_word' id='word_1_973' title='bbox 2530 4520 2766 4590; x_wconf 87' lang='grc' dir='ltr'>τοσαύτη</span> <span class='ocrx_word' id='word_1_974' title='bbox 2790 4519 2963 4584; x_wconf 82' lang='grc' dir='ltr'>ἄδεια,</span> <span class='ocrx_word' id='word_1_975' title='bbox 2985 4520 3074 4574; x_wconf 89' lang='grc' dir='ltr'>διά</span> <span class='ocrx_word' id='word_1_976' title='bbox 3107 4519 3264 4573; x_wconf 86' lang='grc' dir='ltr'>τοῦτο</span> <span class='ocrx_word' id='word_1_977' title='bbox 3292 4518 3384 4573; x_wconf 76' lang='grc' dir='ltr'>καὶ</span> <span class='ocrx_word' id='word_1_978' title='bbox 3406 4519 3506 4591; x_wconf 76' lang='grc' dir='ltr'>τήν</span> <span class='ocrx_word' id='word_1_979' title='bbox 3528 4518 3634 4589; x_wconf 88' lang='grc' dir='ltr'>γῆν</span> 
     </span>
    </p>
   </div>
   <div class='ocr_carea' id='block_1_119' title="bbox 1972 4598 3634 4672">
    <p class='ocr_par' dir='ltr' id='par_1_119' title="bbox 1972 4598 3634 4672">
     <span class='ocr_line' id='line_1_119' title="bbox 1972 4598 3634 4672; baseline 0 -21"><span class='ocrx_word' id='word_1_980' title='bbox 1972 4602 2371 4672; x_wconf 86' lang='grc' dir='ltr'>καταράσομαι,</span> <span class='ocrx_word' id='word_1_981' title='bbox 2407 4598 2549 4653; x_wconf 82' lang='grc' dir='ltr'>ὥστε</span> <span class='ocrx_word' id='word_1_982' title='bbox 2578 4599 2653 4670; x_wconf 82' lang='grc' dir='ltr'>μὴ</span> <span class='ocrx_word' id='word_1_983' title='bbox 2681 4600 2936 4667; x_wconf 84' lang='grc' dir='ltr'>άσπαρτά</span> <span class='ocrx_word' id='word_1_984' title='bbox 2968 4616 3049 4652; x_wconf 90' lang='grc' dir='ltr'>σοι</span> <span class='ocrx_word' id='word_1_985' title='bbox 3077 4599 3171 4653; x_wconf 76' lang='grc' dir='ltr'>καὶ</span> <span class='ocrx_word' id='word_1_986' title='bbox 3207 4598 3445 4670; x_wconf 84' lang='grc' dir='ltr'>ἀνήροτα</span> <span class='ocrx_word' id='word_1_987' title='bbox 3467 4638 3483 4662; x_wconf 92' lang='grc'>,</span> <span class='ocrx_word' id='word_1_988' title='bbox 3530 4615 3634 4651; x_wconf 86' lang='grc' dir='ltr'>κα·-</span> 
     </span>
    </p>
   </div>
   <div class='ocr_carea' id='block_1_120' title="bbox 1971 4675 3632 4748">
    <p class='ocr_par' dir='ltr' id='par_1_120' title="bbox 1971 4675 3632 4748">
     <span class='ocr_line' id='line_1_120' title="bbox 1971 4675 3632 4748; baseline -0.001 -18"><span class='ocrx_word' id='word_1_989' title='bbox 1971 4677 2146 4748; x_wconf 87' lang='grc' dir='ltr'>Θάπερ</span> <span class='ocrx_word' id='word_1_990' title='bbox 2179 4678 2477 4748; x_wconf 89' lang='grc' dir='ltr'>πρότερον,</span> <span class='ocrx_word' id='word_1_991' title='bbox 2525 4675 2595 4730; x_wconf 90' lang='grc' dir='ltr'>τά</span> <span class='ocrx_word' id='word_1_992' title='bbox 2625 4677 2685 4742; x_wconf 82' lang='grc' dir='ltr'>ἐξ</span> <span class='ocrx_word' id='word_1_993' title='bbox 2736 4677 2905 4748; x_wconf 82' lang='grc' dir='ltr'>αὐτῆς</span> <span class='ocrx_word' id='word_1_994' title='bbox 2954 4677 3308 4747; x_wconf 88' lang='grc' dir='ltr'>ἀναδιδόμενα</span> <span class='ocrx_word' id='word_1_995' title='bbox 3350 4677 3632 4748; x_wconf 86' lang='grc' dir='ltr'>παρέχειν,</span> 
     </span>
    </p>
   </div>
   <div class='ocr_carea' id='block_1_121' title="bbox 1970 4754 3631 4827">
    <p class='ocr_par' dir='ltr' id='par_1_121' title="bbox 1970 4754 3631 4827">
     <span class='ocr_line' id='line_1_121' title="bbox 1970 4754 3631 4827; baseline 0.001 -18"><span class='ocrx_word' id='word_1_996' title='bbox 1970 4755 2107 4810; x_wconf 88' lang='grc' dir='ltr'>ἀλλά</span> <span class='ocrx_word' id='word_1_997' title='bbox 2141 4757 2232 4810; x_wconf 80' lang='grc' dir='ltr'>καὶ</span> <span class='ocrx_word' id='word_1_998' title='bbox 2260 4757 2396 4827; x_wconf 87' lang='grc' dir='ltr'>μετά</span> <span class='ocrx_word' id='word_1_999' title='bbox 2421 4755 2617 4809; x_wconf 89' lang='grc' dir='ltr'>πολλοῦ</span> <span class='ocrx_word' id='word_1_1000' title='bbox 2646 4755 2740 4808; x_wconf 86' lang='grc' dir='ltr'>τοῦ</span> <span class='ocrx_word' id='word_1_1001' title='bbox 2771 4757 2951 4820; x_wconf 85' lang='grc' dir='ltr'>πόνου,</span> <span class='ocrx_word' id='word_1_1002' title='bbox 2974 4757 3069 4809; x_wconf 74' lang='grc' dir='ltr'>καὶ</span> <span class='ocrx_word' id='word_1_1003' title='bbox 3093 4755 3189 4809; x_wconf 87' lang='grc' dir='ltr'>τοῦ</span> <span class='ocrx_word' id='word_1_1004' title='bbox 3221 4755 3420 4827; x_wconf 86' lang='grc' dir='ltr'>μόχθου</span> <span class='ocrx_word' id='word_1_1005' title='bbox 3452 4754 3631 4827; x_wconf 78' lang='lat' dir='ltr'>[us],</span> 
     </span>
    </p>
   </div>
   <div class='ocr_carea' id='block_1_122' title="bbox 1970 4834 3636 4907">
    <p class='ocr_par' dir='ltr' id='par_1_122' title="bbox 1970 4834 3636 4907">
     <span class='ocr_line' id='line_1_122' title="bbox 1970 4834 3636 4907; baseline 0 -20"><span class='ocrx_word' id='word_1_1006' title='bbox 1970 4834 2065 4888; x_wconf 70' lang='grc' dir='ltr'>καὶ</span> <span class='ocrx_word' id='word_1_1007' title='bbox 2100 4835 2198 4905; x_wconf 86' lang='grc' dir='ltr'>τῆς</span> <span class='ocrx_word' id='word_1_1008' title='bbox 2226 4834 2620 4907; x_wconf 78' lang='grc' dir='ltr'>ταλαιπωρίας.</span> <span class='ocrx_word' id='word_1_1009' title='bbox 2648 4835 2743 4888; x_wconf 72' lang='grc' dir='ltr'>καὶ</span> <span class='ocrx_word' id='word_1_1010' title='bbox 2764 4834 2960 4899; x_wconf 84' lang='grc' dir='ltr'>λύπαις</span> <span class='ocrx_word' id='word_1_1011' title='bbox 2989 4852 3049 4888; x_wconf 90' lang='grc' dir='ltr'>σε</span> <span class='ocrx_word' id='word_1_1012' title='bbox 3076 4834 3347 4905; x_wconf 87' lang='grc' dir='ltr'>διηνεκέσι</span> <span class='ocrx_word' id='word_1_1013' title='bbox 3380 4834 3475 4887; x_wconf 77' lang='grc' dir='ltr'>καὶ</span> <span class='ocrx_word' id='word_1_1014' title='bbox 3503 4835 3636 4889; x_wconf 84' lang='grc' dir='ltr'>ἀθυ-</span> 
     </span>
    </p>
   </div>
   <div class='ocr_carea' id='block_1_123' title="bbox 1974 4912 3639 4986">
    <p class='ocr_par' dir='ltr' id='par_1_123' title="bbox 1974 4912 3639 4986">
     <span class='ocr_line' id='line_1_123' title="bbox 1974 4912 3639 4986; baseline 0.001 -22"><span class='ocrx_word' id='word_1_1015' title='bbox 1974 4913 2124 4983; x_wconf 88' lang='grc' dir='ltr'>μίαις</span> <span class='ocrx_word' id='word_1_1016' title='bbox 2156 4924 2180 4952; x_wconf 74' lang='grc' dir='ltr'>θ</span> <span class='ocrx_word' id='word_1_1017' title='bbox 2228 4914 2525 4985; x_wconf 84' lang='grc' dir='ltr'>περιϐαλῶ,</span> <span class='ocrx_word' id='word_1_1018' title='bbox 2571 4915 2667 4968; x_wconf 80' lang='grc' dir='ltr'>καὶ</span> <span class='ocrx_word' id='word_1_1019' title='bbox 2701 4913 2837 4986; x_wconf 86' lang='grc' dir='ltr'>μετὰ</span> <span class='ocrx_word' id='word_1_1020' title='bbox 2867 4912 3106 4986; x_wconf 78' lang='grc' dir='ltr'>ἱδρώτων</span> <span class='ocrx_word' id='word_1_1021' title='bbox 3138 4915 3315 4968; x_wconf 87' lang='grc' dir='ltr'>πάντα</span> <span class='ocrx_word' id='word_1_1022' title='bbox 3351 4930 3412 4966; x_wconf 88' lang='grc' dir='ltr'>σε</span> <span class='ocrx_word' id='word_1_1023' title='bbox 3442 4928 3639 4983; x_wconf 86' lang='grc' dir='ltr'>κατορ-</span> 
     </span>
    </p>
   </div>
   <div class='ocr_carea' id='block_1_124' title="bbox 1970 4990 3635 5063">
    <p class='ocr_par' dir='ltr' id='par_1_124' title="bbox 1970 4990 3635 5063">
     <span class='ocr_line' id='line_1_124' title="bbox 1970 4990 3635 5063; baseline 0.001 -20"><span class='ocrx_word' id='word_1_1024' title='bbox 1970 4990 2099 5044; x_wconf 85' lang='grc' dir='ltr'>θοῦν</span> <span class='ocrx_word' id='word_1_1025' title='bbox 2122 4994 2527 5062; x_wconf 86' lang='grc' dir='ltr'>παρασκευάσω</span> <span class='ocrx_word' id='word_1_1026' title='bbox 2558 4993 2647 5047; x_wconf 83' lang='grc' dir='ltr'>ἴνα</span> <span class='ocrx_word' id='word_1_1027' title='bbox 2681 4992 2890 5057; x_wconf 84' lang='grc' dir='ltr'>τούτοις</span> <span class='ocrx_word' id='word_1_1028' title='bbox 2944 4991 3265 5062; x_wconf 75' lang='grc' dir='ltr'>πιεζόμενος</span> <span class='ocrx_word' id='word_1_1029' title='bbox 3314 4991 3445 5063; x_wconf 76' lang='grc' dir='ltr'>ἔχῃς</span> <span class='ocrx_word' id='word_1_1030' title='bbox 3488 4991 3635 5044; x_wconf 86' lang='grc' dir='ltr'>διδα-</span> 
     </span>
    </p>
   </div>
   <div class='ocr_carea' id='block_1_125' title="bbox 1973 5069 3635 5142">
    <p class='ocr_par' dir='ltr' id='par_1_125' title="bbox 1973 5069 3635 5142">
     <span class='ocr_line' id='line_1_125' title="bbox 1973 5069 3635 5142; baseline 0.002 -21"><span class='ocrx_word' id='word_1_1031' title='bbox 1973 5069 2198 5123; x_wconf 85' lang='grc' dir='ltr'>σκαλίαν</span> <span class='ocrx_word' id='word_1_1032' title='bbox 2239 5069 2462 5141; x_wconf 88' lang='grc' dir='ltr'>διηνεκῆ</span> <span class='ocrx_word' id='word_1_1033' title='bbox 2497 5070 2590 5124; x_wconf 91' lang='grc' dir='ltr'>τοῦ</span> <span class='ocrx_word' id='word_1_1034' title='bbox 2636 5071 2969 5142; x_wconf 73' lang='grc' dir='ltr'>μετριάζειν,</span> <span class='ocrx_word' id='word_1_1035' title='bbox 3000 5071 3095 5124; x_wconf 83' lang='grc' dir='ltr'>καί</span> <span class='ocrx_word' id='word_1_1036' title='bbox 3120 5070 3221 5140; x_wconf 82' lang='grc' dir='ltr'>τὴν</span> <span class='ocrx_word' id='word_1_1037' title='bbox 3248 5070 3444 5124; x_wconf 82' lang='grc' dir='ltr'>ἐαυτοῦ</span> <span class='ocrx_word' id='word_1_1038' title='bbox 3472 5070 3635 5140; x_wconf 84' lang='grc' dir='ltr'>φύσιν</span> 
     </span>
    </p>
   </div>
   <div class='ocr_carea' id='block_1_126' title="bbox 1970 5148 3637 5222">
    <p class='ocr_par' dir='ltr' id='par_1_126' title="bbox 1970 5148 3637 5222">
     <span class='ocr_line' id='line_1_126' title="bbox 1970 5148 3637 5222; baseline 0.001 -21"><span class='ocrx_word' id='word_1_1039' title='bbox 1970 5148 2369 5217; x_wconf 83' lang='grc' dir='ltr'>ἐπιγινώσκειν.</span> <span class='ocrx_word' id='word_1_1040' title='bbox 2385 5151 2494 5204; x_wconf 72' lang='grc' dir='ltr'>Καὶ</span> <span class='ocrx_word' id='word_1_1041' title='bbox 2517 5149 2676 5203; x_wconf 83' lang='grc' dir='ltr'>τοῦτο</span> <span class='ocrx_word' id='word_1_1042' title='bbox 2695 5151 2755 5203; x_wconf 82' lang='grc' dir='ltr'>οὐ</span> <span class='ocrx_word' id='word_1_1043' title='bbox 2775 5151 2907 5221; x_wconf 78' lang='grc' dir='ltr'>πρὸς</span> <span class='ocrx_word' id='word_1_1044' title='bbox 2924 5150 3102 5218; x_wconf 86' lang='grc' dir='ltr'>ὀλίγον</span> <span class='ocrx_word' id='word_1_1045' title='bbox 3116 5151 3238 5204; x_wconf 79' lang='grc' dir='ltr'>οὐδὲ</span> <span class='ocrx_word' id='word_1_1046' title='bbox 3265 5150 3405 5222; x_wconf 81' lang='grc' dir='ltr'>πρὸς</span> <span class='ocrx_word' id='word_1_1047' title='bbox 3430 5150 3637 5220; x_wconf 81' lang='grc' dir='ltr'>βραχὺν</span> 
     </span>
    </p>
   </div>
   <div class='ocr_carea' id='block_1_127' title="bbox 1972 5227 3639 5300">
    <p class='ocr_par' dir='ltr' id='par_1_127' title="bbox 1972 5227 3639 5300">
     <span class='ocr_line' id='line_1_127' title="bbox 1972 5227 3639 5300; baseline 0.001 -19"><span class='ocrx_word' id='word_1_1048' title='bbox 1972 5229 2160 5300; x_wconf 82' lang='grc' dir='ltr'>χρόνον</span> <span class='ocrx_word' id='word_1_1049' title='bbox 2192 5229 2366 5293; x_wconf 79' lang='grc' dir='ltr'>ἔσται,</span> <span class='ocrx_word' id='word_1_1050' title='bbox 2394 5229 2530 5282; x_wconf 87' lang='grc' dir='ltr'>ἀλλά</span> <span class='ocrx_word' id='word_1_1051' title='bbox 2558 5229 2721 5282; x_wconf 80' lang='grc' dir='ltr'>παντὶ</span> <span class='ocrx_word' id='word_1_1052' title='bbox 2750 5227 2827 5297; x_wconf 79' lang='grc' dir='ltr'>τῷ</span> <span class='ocrx_word' id='word_1_1053' title='bbox 2851 5229 2949 5298; x_wconf 90' lang='grc' dir='ltr'>τῆς</span> <span class='ocrx_word' id='word_1_1054' title='bbox 2973 5229 3119 5299; x_wconf 79' lang='grc' dir='ltr'>ζωῆς</span> <span class='ocrx_word' id='word_1_1055' title='bbox 3146 5229 3321 5299; x_wconf 83' lang='grc' dir='ltr'>χρόνῳ</span> <span class='ocrx_word' id='word_1_1056' title='bbox 3360 5245 3639 5298; x_wconf 85' lang='grc' dir='ltr'>παρεκτα-</span> 
     </span>
    </p>
   </div>
   <div class='ocr_carea' id='block_1_128' title="bbox 1972 5305 3637 5376">
    <p class='ocr_par' dir='ltr' id='par_1_128' title="bbox 1972 5305 3637 5376">
     <span class='ocr_line' id='line_1_128' title="bbox 1972 5305 3637 5376; baseline 0.002 -18"><span class='ocrx_word' id='word_1_1057' title='bbox 1972 5307 2213 5375; x_wconf 85' lang='grc' dir='ltr'>θήσεται.</span> <span class='ocrx_word' id='word_1_1058' title='bbox 2264 5306 2359 5365; x_wconf 81' lang='grc' dir='ltr'>Ἐν</span> <span class='ocrx_word' id='word_1_1059' title='bbox 2396 5305 2591 5374; x_wconf 82' lang='grc' dir='ltr'>ἱδρῶτι</span> <span class='ocrx_word' id='word_1_1060' title='bbox 2637 5305 2747 5376; x_wconf 83' lang='grc' dir='ltr'>γὰρ</span> <span class='ocrx_word' id='word_1_1061' title='bbox 2795 5305 2901 5359; x_wconf 88' lang='grc' dir='ltr'>τοῦ</span> <span class='ocrx_word' id='word_1_1062' title='bbox 2949 5307 3273 5375; x_wconf 85' lang='grc' dir='ltr'>προσώπου</span> <span class='ocrx_word' id='word_1_1063' title='bbox 3307 5323 3423 5361; x_wconf 92' lang='grc' dir='ltr'>σου</span> <span class='ocrx_word' id='word_1_1064' title='bbox 3472 5306 3637 5376; x_wconf 84' lang='grc' dir='ltr'>φάγῃ</span> 
     </span>
    </p>
   </div>
   <div class='ocr_carea' id='block_1_129' title="bbox 1972 5385 3635 5455">
    <p class='ocr_par' dir='ltr' id='par_1_129' title="bbox 1972 5385 3635 5455">
     <span class='ocr_line' id='line_1_129' title="bbox 1972 5385 3635 5455; baseline 0 -17"><span class='ocrx_word' id='word_1_1065' title='bbox 1972 5386 2077 5438; x_wconf 82' lang='grc' dir='ltr'>τὸν</span> <span class='ocrx_word' id='word_1_1066' title='bbox 2102 5386 2283 5455; x_wconf 81' lang='grc' dir='ltr'>ἄρτον</span> <span class='ocrx_word' id='word_1_1067' title='bbox 2310 5402 2446 5451; x_wconf 90' lang='grc' dir='ltr'>σου,</span> <span class='ocrx_word' id='word_1_1068' title='bbox 2475 5385 2585 5451; x_wconf 80' lang='grc' dir='ltr'>ἕως</span> <span class='ocrx_word' id='word_1_1069' title='bbox 2598 5386 2703 5440; x_wconf 88' lang='grc' dir='ltr'>τοῦ</span> <span class='ocrx_word' id='word_1_1070' title='bbox 2735 5386 3112 5455; x_wconf 70' lang='grc' dir='ltr'>ἀποστρέψαι</span> <span class='ocrx_word' id='word_1_1071' title='bbox 3150 5403 3224 5440; x_wconf 87' lang='grc' dir='ltr'>σε</span> <span class='ocrx_word' id='word_1_1072' title='bbox 3255 5388 3343 5448; x_wconf 78' lang='grc' dir='ltr'>εὶς</span> <span class='ocrx_word' id='word_1_1073' title='bbox 3363 5386 3478 5453; x_wconf 82' lang='grc' dir='ltr'>τὴν</span> <span class='ocrx_word' id='word_1_1074' title='bbox 3497 5385 3635 5454; x_wconf 81' lang='grc' dir='ltr'>γῆν,</span> 
     </span>
    </p>
   </div>
   <div class='ocr_carea' id='block_1_130' title="bbox 1972 5461 3638 5535">
    <p class='ocr_par' dir='ltr' id='par_1_130' title="bbox 1972 5461 3638 5535">
     <span class='ocr_line' id='line_1_130' title="bbox 1972 5461 3638 5535; baseline 0.002 -18"><span class='ocrx_word' id='word_1_1075' title='bbox 1972 5465 2041 5528; x_wconf 77' lang='grc' dir='ltr'>ἐξ</span> <span class='ocrx_word' id='word_1_1076' title='bbox 2073 5461 2148 5535; x_wconf 80' lang='grc' dir='ltr'>ἧς</span> <span class='ocrx_word' id='word_1_1077' title='bbox 2196 5466 2466 5533; x_wconf 80' lang='grc' dir='ltr'>ἐλήφθης</span> <span class='ocrx_word' id='word_1_1078' title='bbox 2489 5483 2501 5498; x_wconf 93' lang='grc'>·</span> <span class='ocrx_word' id='word_1_1079' title='bbox 2542 5463 2630 5518; x_wconf 85' lang='grc' dir='ltr'>ὅτι</span> <span class='ocrx_word' id='word_1_1080' title='bbox 2662 5464 2741 5535; x_wconf 85' lang='grc' dir='ltr'>γῆ</span> <span class='ocrx_word' id='word_1_1081' title='bbox 2771 5461 2844 5531; x_wconf 72' lang='grc' dir='ltr'>εἴ,</span> <span class='ocrx_word' id='word_1_1082' title='bbox 2900 5466 2999 5519; x_wconf 79' lang='grc' dir='ltr'>καὶ</span> <span class='ocrx_word' id='word_1_1083' title='bbox 3035 5468 3123 5530; x_wconf 82' lang='grc' dir='ltr'>είς</span> <span class='ocrx_word' id='word_1_1084' title='bbox 3162 5462 3279 5535; x_wconf 81' lang='grc' dir='ltr'>γῆν</span> <span class='ocrx_word' id='word_1_1085' title='bbox 3296 5465 3638 5535; x_wconf 82' lang='grc' dir='ltr'>ἀπελεύσῃ.</span> 
     </span>
    </p>
   </div>
   <div class='ocr_carea' id='block_1_131' title="bbox 2032 5621 3641 5683">
    <p class='ocr_par' dir='ltr' id='par_1_131' title="bbox 2032 5621 3641 5683">
     <span class='ocr_line' id='line_1_131' title="bbox 2032 5621 3641 5683; baseline 0.002 -15"><span class='ocrx_word' id='word_1_1086' title='bbox 2032 5621 2062 5659; x_wconf 70' lang='lat' dir='ltr'><strong>b</strong></span> <span class='ocrx_word' id='word_1_1087' title='bbox 2092 5622 2320 5683; x_wconf 76' lang='grc' dir='ltr'>Ὠφέὶησέ</span> <span class='ocrx_word' id='word_1_1088' title='bbox 2345 5637 2390 5670; x_wconf 85' lang='grc' dir='ltr'>τι</span> <span class='ocrx_word' id='word_1_1089' title='bbox 2409 5624 2553 5673; x_wconf 78' lang='lat' dir='ltr'>deest</span> <span class='ocrx_word' id='word_1_1090' title='bbox 2574 5623 2623 5672; x_wconf 85' lang='lat' dir='ltr'>in</span> <span class='ocrx_word' id='word_1_1091' title='bbox 2645 5623 2838 5683; x_wconf 77' lang='lat' dir='ltr'>Morel.,</span> <span class='ocrx_word' id='word_1_1092' title='bbox 2855 5624 2941 5672; x_wconf 83' lang='lat' dir='ltr'>sed</span> <span class='ocrx_word' id='word_1_1093' title='bbox 2965 5624 3014 5673; x_wconf 81' lang='lat' dir='ltr'><strong>in</strong></span> <span class='ocrx_word' id='word_1_1094' title='bbox 3038 5623 3148 5671; x_wconf 81' lang='lat' dir='ltr'><strong>aliis</strong></span> <span class='ocrx_word' id='word_1_1095' title='bbox 3166 5621 3366 5683; x_wconf 75' lang='lat' dir='ltr'>legitur.</span> <span class='ocrx_word' id='word_1_1096' title='bbox 3393 5621 3502 5671; x_wconf 76' lang='lat' dir='ltr'>Mox</span> <span class='ocrx_word' id='word_1_1097' title='bbox 3527 5623 3641 5683; x_wconf 69' lang='lat' dir='ltr'>qui-</span> 
     </span>
    </p>
   </div>
   <div class='ocr_carea' id='block_1_132' title="bbox 1971 5682 3637 5745">
    <p class='ocr_par' dir='ltr' id='par_1_132' title="bbox 1971 5682 3637 5745">
     <span class='ocr_line' id='line_1_132' title="bbox 1971 5682 3637 5745; baseline 0.002 -18"><span class='ocrx_word' id='word_1_1098' title='bbox 1971 5682 2080 5729; x_wconf 68' lang='lat' dir='ltr'>dam</span> <span class='ocrx_word' id='word_1_1099' title='bbox 2111 5698 2223 5730; x_wconf 58' lang='lat' dir='ltr'>mss.</span> <span class='ocrx_word' id='word_1_1100' title='bbox 2253 5693 2300 5731; x_wconf 87' lang='lat' dir='ltr'>el</span> <span class='ocrx_word' id='word_1_1101' title='bbox 2328 5686 2476 5732; x_wconf 66' lang='lat' dir='ltr'><strong>bavil.</strong></span> <span class='ocrx_word' id='word_1_1102' title='bbox 2503 5687 2565 5745; x_wconf 77' lang='grc' dir='ltr'>μή</span> <span class='ocrx_word' id='word_1_1103' title='bbox 2596 5686 2818 5733; x_wconf 79' lang='grc' dir='ltr'>δύνασθαι</span> <span class='ocrx_word' id='word_1_1104' title='bbox 2845 5686 2909 5740; x_wconf 87' lang='grc' dir='ltr'>εἰς</span> <span class='ocrx_word' id='word_1_1105' title='bbox 2928 5684 3164 5741; x_wconf 84' lang='grc' dir='ltr'>τοσαύτην</span> <span class='ocrx_word' id='word_1_1106' title='bbox 3186 5682 3377 5745; x_wconf 78' lang='grc' dir='ltr'>κακίαν.</span> <span class='ocrx_word' id='word_1_1107' title='bbox 3401 5682 3553 5731; x_wconf 72' lang='grc' dir='ltr'>δανὶι.</span> <span class='ocrx_word' id='word_1_1108' title='bbox 3574 5696 3637 5731; x_wconf 79' lang='lat' dir='ltr'><strong>ex</strong></span> 
     </span>
    </p>
   </div>
   <div class='ocr_carea' id='block_1_133' title="bbox 1972 5744 3638 5805">
    <p class='ocr_par' dir='ltr' id='par_1_133' title="bbox 1972 5744 3638 5805">
     <span class='ocr_line' id='line_1_133' title="bbox 1972 5744 3638 5805; baseline 0.002 -17"><span class='ocrx_word' id='word_1_1109' title='bbox 1972 5746 2246 5805; x_wconf 61' lang='lat' dir='ltr'>(gonjeclura</span> <span class='ocrx_word' id='word_1_1110' title='bbox 2273 5744 2512 5805; x_wconf 81' lang='grc' dir='ltr'>βλακείαν,</span> <span class='ocrx_word' id='word_1_1111' title='bbox 2542 5748 2620 5794; x_wconf 81' lang='lat' dir='ltr'>cui</span> <span class='ocrx_word' id='word_1_1112' title='bbox 2647 5747 2847 5794; x_wconf 78' lang='lat' dir='ltr'>lectioni</span> <span class='ocrx_word' id='word_1_1113' title='bbox 2866 5757 3148 5805; x_wconf 76' lang='lat' dir='ltr'>congruere</span> <span class='ocrx_word' id='word_1_1114' title='bbox 3177 5744 3371 5791; x_wconf 76' lang='lat' dir='ltr'>videtur</span> <span class='ocrx_word' id='word_1_1115' title='bbox 3391 5745 3638 5804; x_wconf 64' lang='lat' dir='ltr'>interpres</span> 
     </span>
    </p>
   </div>
   <div class='ocr_carea' id='block_1_134' title="bbox 1978 5800 3635 5865">
    <p class='ocr_par' dir='ltr' id='par_1_134' title="bbox 1978 5800 3635 5865">
     <span class='ocr_line' id='line_1_134' title="bbox 1978 5800 3635 5865; baseline 0.001 -16"><span class='ocrx_word' id='word_1_1116' title='bbox 1978 5800 2181 5865; x_wconf 54' lang='lat' dir='ltr'>Latinus</span> <span class='ocrx_word' id='word_1_1117' title='bbox 2227 5800 2385 5861; x_wconf 60' lang='lat' dir='ltr'>uitus,</span> <span class='ocrx_word' id='word_1_1118' title='bbox 2429 5806 2511 5865; x_wconf 84' lang='lat' dir='ltr'>qui</span> <span class='ocrx_word' id='word_1_1119' title='bbox 2557 5810 2706 5855; x_wconf 72' lang='lat' dir='ltr'>vertit</span> <span class='ocrx_word' id='word_1_1120' title='bbox 2738 5800 3002 5856; x_wconf 75' lang='grc' dir='ltr'>ηιοιιὶιίριιῐ.</span> <span class='ocrx_word' id='word_1_1121' title='bbox 3071 5807 3093 5834; x_wconf 73' lang='grc' dir='ltr'>ε</span> <span class='ocrx_word' id='word_1_1122' title='bbox 3122 5804 3245 5865; x_wconf 76' lang='lat' dir='ltr'>Reg.</span> <span class='ocrx_word' id='word_1_1123' title='bbox 3272 5817 3399 5852; x_wconf 84' lang='lat' dir='ltr'>unus</span> <span class='ocrx_word' id='word_1_1124' title='bbox 3418 5805 3478 5851; x_wconf 83' lang='grc' dir='ltr'>τὰ</span> <span class='ocrx_word' id='word_1_1125' title='bbox 3501 5800 3635 5865; x_wconf 67' lang='grc' dir='ltr'>ῦσιίρ.</span> 
     </span>
    </p>
   </div>
   <div class='ocr_carea' id='block_1_135' title="bbox 1979 5858 3639 5929">
    <p class='ocr_par' dir='ltr' id='par_1_135' title="bbox 1979 5858 3639 5929">
     <span class='ocr_line' id='line_1_135' title="bbox 1979 5858 3639 5929; baseline 0.001 -18"><span class='ocrx_word' id='word_1_1126' title='bbox 1979 5858 2006 5899; x_wconf 75' lang='grc' dir='ltr'><strong><em>ἀ</em></strong></span> <span class='ocrx_word' id='word_1_1127' title='bbox 2035 5866 2171 5929; x_wconf 77' lang='grc' dir='ltr'>ΙΙάσῃ</span> <span class='ocrx_word' id='word_1_1128' title='bbox 2194 5867 2331 5929; x_wconf 58' lang='lat' dir='ltr'>det-st</span> <span class='ocrx_word' id='word_1_1129' title='bbox 2356 5858 2403 5912; x_wconf 65' lang='lat' dir='ltr'><strong>in</strong></span> <span class='ocrx_word' id='word_1_1130' title='bbox 2434 5858 2553 5927; x_wconf 73' lang='lat' dir='ltr'>Reg.</span> <span class='ocrx_word' id='word_1_1131' title='bbox 2587 5881 2698 5916; x_wconf 84' lang='lat' dir='ltr'>uno.</span> <span class='ocrx_word' id='word_1_1132' title='bbox 2773 5882 2793 5907; x_wconf 69' lang='grc' dir='ltr'><strong>ο</strong></span> <span class='ocrx_word' id='word_1_1133' title='bbox 2833 5869 2921 5915; x_wconf 81' lang='grc' dir='ltr'>Καὶ</span> <span class='ocrx_word' id='word_1_1134' title='bbox 2946 5866 3159 5929; x_wconf 79' lang='grc' dir='ltr'>ἀθυμίαις</span> <span class='ocrx_word' id='word_1_1135' title='bbox 3181 5858 3321 5916; x_wconf 65' lang='lat' dir='ltr'>abest</span> <span class='ocrx_word' id='word_1_1136' title='bbox 3340 5879 3367 5915; x_wconf 78' lang='grc' dir='ltr'>ι</span> <span class='ocrx_word' id='word_1_1137' title='bbox 3390 5865 3510 5929; x_wconf 71' lang='lat' dir='ltr'>Reg.</span> <span class='ocrx_word' id='word_1_1138' title='bbox 3540 5858 3639 5915; x_wconf 76' lang='lat' dir='ltr'><strong>uxio</strong></span> 
     </span>
    </p>
   </div>
   <div class='ocr_carea' id='block_1_136' title="bbox 1979 5926 2572 5990">
    <p class='ocr_par' dir='ltr' id='par_1_136' title="bbox 1979 5926 2572 5990">
     <span class='ocr_line' id='line_1_136' title="bbox 1979 5926 2572 5990; baseline 0 -14"><span class='ocrx_word' id='word_1_1139' title='bbox 1979 5926 2129 5979; x_wconf 63' lang='lat' dir='ltr'>Saxil.</span> <span class='ocrx_word' id='word_1_1140' title='bbox 2158 5928 2281 5981; x_wconf 70' lang='grc' dir='ltr'>ωυιυ</span> <span class='ocrx_word' id='word_1_1141' title='bbox 2309 5926 2572 5990; x_wconf 46' lang='grc' dir='ltr'>ῥᾳθυμίαις</span> 
     </span>
    </p>
   </div>
  </div>
