4074 6134
427 305 531 361 MS

428 431 478 475 ct
505 417 659 486 cujus
699 422 901 470 natura:
930 413 1230 485 particeps,
1270 421 1327 469 et
1354 422 1569 484 propter
1596 430 1755 484 quem
1783 412 2011 469 formata

428 526 521 577 es,
550 508 967 565 familiaritatem
997 522 1118 562 cum
1146 515 1396 576 serpente
1442 506 1579 561 mala
1608 506 1693 561 illa
1720 506 1888 562 bestia
1919 505 2014 560 ha—

432 603 559 656 bere
581 642 598 666 ,
644 608 700 655 et
727 599 845 669 ejus
871 598 1115 667 accipere
1142 597 1421 653 consilium
1448 596 1659 652 voluisti
1689 614 1702 650 :
1736 607 2018 669 propterea

433 691 654 760 posthac
680 689 754 743 illi
782 698 833 744 te
858 688 1105 758 subjicio,
1134 696 1188 742 et
1218 687 1367 742 illum
1391 686 1666 743 dominum
1696 695 1847 743 tuum
1872 703 2021 743 asse-

432 796 526 845 ro,
574 768 633 835 ut
676 779 818 835 illius
861 778 1067 834 scilicet
1106 777 1403 833 dominium
1447 792 1706 849 agnoscas
1747 796 1763 834 :
1803 787 1858 835 et
1897 779 2020 849 quia

432 871 706 928 nescivisti
754 871 1018 941 imperare
1040 911 1055 937 ,
1104 868 1250 927 disce
1298 869 1434 925 bene
1484 885 1693 939 parcre.
1734 869 1816 924 Ad
1861 871 2020 924 virum

432 963 578 1017 enim
612 971 751 1015 tuum
775 1002 791 1029 ,
825 962 1014 1031 inquit,
1043 961 1300 1015 conversio
1326 971 1412 1014 tua
1433 1002 1449 1027 ,
1481 970 1528 1015 et
1553 962 1659 1031 ipse
1685 961 2023 1016 dominabitur

435 1055 529 1106 sui.
561 1053 747 1108 Melius
776 1061 858 1107 est
887 1061 941 1106 ut
974 1060 1028 1106 tu
1067 1052 1167 1106 sub
1196 1052 1287 1107 illo
1315 1052 1423 1117 sis,
1470 1062 1526 1107 et
1566 1052 1713 1107 illum
1748 1051 2020 1106 dominum

438 1144 659 1209 trabeas,
705 1159 863 1214 quam
909 1143 1077 1199 libere
1122 1151 1176 1200 et
1215 1159 1337 1199 cum
1385 1152 1648 1214 potestate
1695 1144 1877 1200 vivens
1927 1161 2023 1215 per

440 1235 729 1304 praecipitia
758 1234 963 1289 feraris.
990 1234 1122 1289 Nam
1153 1242 1208 1290 et
1236 1249 1373 1305 equo
1397 1236 1576 1290 utilius
1602 1245 1683 1291 est
1708 1238 1858 1291 freno
1887 1237 2018 1307 regi,

436 1336 492 1381 et
520 1329 816 1395 composite
842 1328 1125 1397 progredi,
1159 1329 1317 1398 qu'am
1341 1329 1462 1384 sine
1493 1328 1584 1383 illo
1614 1344 1708 1398 per
1728 1329 2022 1400 praecipitia

434 1416 586 1471 ferri.
618 1418 804 1488 itaque
831 1416 1178 1473 considerans
1204 1416 1329 1489 quid
1366 1417 1458 1473 tibi
1489 1419 1558 1474 sit
1585 1419 1712 1474 utile
1731 1461 1745 1485 ,
1773 1419 1839 1475 ad
1871 1420 2021 1475 illum

440 1520 494 1566 te
518 1511 713 1567 habere
736 1511 855 1565 volo
879 1510 1283 1566 conversionem
1309 1528 1322 1564 :
1351 1510 1487 1565 sicut
1507 1513 1746 1581 corporis
1766 1522 1847 1568 est
1866 1521 2025 1581 caput

437 1604 613 1674 sequi,
643 1612 698 1659 et
726 1602 1019 1658 dominium
1047 1603 1166 1672 ejus
1188 1604 1423 1659 suaviter
1447 1618 1754 1673 agnoscere.
1781 1605 1905 1661 Scio
1929 1621 2024 1661 vos

438 1694 707 1750 dictorum
729 1694 883 1765 copia
912 1694 1115 1765 fatigari
1143 1710 1157 1761 ;
1185 1694 1278 1749 sed
1300 1695 1607 1750 excitetnini
1633 1696 2023 1766 aliquantulum

438 1802 570 1851 oro,
600 1802 669 1842 ne
699 1786 1069 1856 imperfectum
1113 1787 1372 1857 judicium
1417 1787 1781 1857 relinquamus
1802 1828 1819 1856 ,
1853 1806 2024 1860 neque

439 1879 627 1934 relicto
669 1879 843 1933 adhuc
882 1878 1062 1948 judice
1099 1879 1325 1935 sedente
1353 1880 1686 1938 discedamus
1716 1900 1730 1937 :
1761 1882 2022 1953 siquidem

412 1968 608 2027 sferme
640 1968 705 2021 ad
736 1968 893 2023 linem
926 1970 1285 2038 pervenimus.

510 2059 563 2114 9.
606 2058 892 2114 Videamus
935 2061 1114 2130 itaque
1155 2062 1283 2132 quid
1324 2072 1444 2132 post
1483 2076 1784 2118 sermonem
1813 2063 2021 2119 mulieri

436 2149 677 2216 factum,
728 2153 843 2207 viro
888 2152 1068 2219 dicat,
1119 2164 1171 2209 et
1215 2171 1372 2225 quam
1424 2157 1497 2211 illi
1544 2171 1756 2226 poenam
1802 2156 2021 2227 iulligat.

444 2243 531 2297 17.
569 2242 694 2297 Αιιω
720 2254 885 2298 autent
914 2244 1041 2299 dixit
1068 2261 1087 2299 :
1112 2246 1243 2314 Quia
1283 2247 1472 2301 audisti
1498 2264 1664 2302 vocem
1701 2248 1873 2303 uxoris
1908 2261 2027 2312 tum.

436 2344 483 2387 et
509 2336 773 2390 comedisti
808 2337 872 2390 de
897 2337 1037 2407 ligno
1056 2379 1071 2401 ,
1119 2338 1182 2391 de
1222 2355 1323 2409 quo
1360 2338 1595 2415 mandaui
1625 2341 1713 2393 tibi
1736 2383 1752 2406 ,
1798 2352 1851 2395 ut
1878 2357 1941 2395 ex
1967 2357 2024 2395 eo

438 2432 548 2482 solo
578 2446 676 2483 non
718 2431 970 2497 comedas,
1016 2431 1080 2484 de
1121 2431 1211 2485 illo
1256 2433 1367 2500 ipso
1412 2433 1675 2487 comedisti
1695 2449 1714 2497 ,'
1759 2435 2025 2489 maledicta

438 2529 575 2573 terra
602 2520 652 2573 in
679 2521 913 2589 operibus
937 2522 1055 2575 tuis.
1088 2520 1153 2576 In
1176 2523 1414 2577 (erumnis
1438 2524 1666 2578 comedes
1694 2523 1837 2579 illaut
1858 2527 2025 2579 omni-

440 2610 534 2665 bus
555 2610 728 2665 diebus
747 2612 861 2665 vita:
880 2620 999 2666 tuae.
1027 2611 1114 2667 18.
1139 2611 1334 2683 Spinas
1354 2622 1403 2668 et
1428 2612 1634 2667 tribulos
1656 2614 1743 2667 tibi
1762 2616 2020 2685 producet,

435 2711 489 2756 et
513 2702 741 2757 comedes
765 2702 955 2771 [renum
982 2704 1114 2774 agri.
1148 2702 1235 2759 19.
1260 2702 1327 2757 In
1353 2704 1536 2759 sudore
1561 2706 1709 2775 faciei
1738 2716 1838 2760 tua:
1861 2724 2025 2762 vesce-

439 2794 509 2846 ris
540 2809 670 2862 pane
703 2802 787 2847 tuo
810 2835 826 2860 ,
873 2793 1031 2849 donec
1074 2796 1338 2849 revertaris
1382 2804 1437 2848 tu
1479 2796 1531 2849 in
1560 2806 1777 2864 terram,
1821 2797 1884 2851 de
1924 2814 2023 2866 qua

437 2895 668 2953 surruptas
691 2902 743 2940 es
768 2902 787 2938 :
811 2887 934 2957 quia
963 2896 1096 2940 terra
1115 2903 1187 2953 es,
1219 2897 1264 2941 et
1290 2889 1342 2941 in
1369 2897 1554 2942 terram
1579 2889 1757 2944 abibis.
1788 2890 2021 2944 Plurima

436 2983 494 3029 et
524 2975 808 3031 inelfabilis
837 2977 1000 3033 etiam
1029 2978 1130 3031 hoc
1158 2978 1275 3033 loco
1303 2980 1599 3034 ostenditur
1626 2980 1833 3035 Domini
1858 2983 1872 3012 ¹
1897 2996 2022 3051 erga

438 3069 711 3122 hominem
745 3070 1073 3139 providentia
1102 3079 1155 3126 et
1177 3085 1305 3125 cura
1337 3087 1349 3123 :
1380 3070 1472 3125 sed
1500 3072 1775 3126 audiamus
1800 3073 2023 3142 diligen-

433 3171 521 3216 ter
568 3161 981 3231 unumquodque
1022 3161 1308 3217 dictorum.
1341 3162 1467 3216 Adae
1494 3173 1659 3217 autem
1689 3164 1861 3217 dixit:
1892 3164 2024 3229 Quia

434 3252 626 3306 audisti
651 3269 819 3307 vocem
846 3254 1016 3308 uxoris
1042 3263 1158 3319 tute,
1187 3262 1231 3307 et
1254 3254 1515 3309 comedisti
1543 3255 1606 3308 de
1631 3256 1766 3326 ligno
1787 3297 1801 3322 ,
1834 3256 1895 3308 de
1922 3273 2021 3327 quo

438 3364 776 3418 praceperam
819 3348 928 3415 tibi,
976 3357 1029 3401 ut
1058 3364 1121 3402 ex
1147 3363 1205 3401 eo
1231 3349 1340 3402 solo
1385 3364 1485 3401 non
1527 3349 1790 3412 comedas,
1833 3350 1895 3403 de
1932 3350 2022 3404 illo

436 3441 549 3507 ipso
585 3439 863 3494 comedisti.
897 3438 1195 3506 Quoniam,
1241 3439 1450 3510 inquit,
1495 3439 1693 3495 audisti
1741 3442 2019 3495 mulierem

436 3542 603 3598 tuam,
636 3541 691 3586 et
714 3531 992 3586 comedisti
1022 3531 1088 3586 de
1118 3532 1261 3601 ligno
1282 3573 1297 3598 ,
1342 3540 1396 3587 et
1421 3533 1701 3587 consilium
1730 3532 1872 3588 illius
1900 3550 2023 3589 meo

438 3625 690 3678 mandato
716 3625 883 3695 pluris
915 3622 1119 3690 fecisti,
1150 3634 1203 3679 et
1229 3625 1444 3679 noluisti
1473 3626 1541 3679 ab
1566 3626 1727 3681 unico
1753 3627 1855 3681 hoc
1880 3628 2021 3697 ligno

337 3710 345 3721 “
434 3716 725 3781 abstinere,
770 3716 839 3770 de
881 3730 987 3784 quo
1016 3715 1132 3769 solo
1160 3717 1390 3785 praecepi
1436 3716 1527 3771 tibi
1571 3732 1639 3771 ne
1665 3716 2017 3773 comederes:

436 3821 565 3859 unm
608 3806 702 3860 tibi
751 3805 977 3875 praecepi
1016 3814 1075 3859 ut
1113 3821 1144 3860 a
1189 3806 1371 3861 multis
1409 3806 1748 3861 abstineres?
1787 3808 1870 3863 Ab
1910 3824 2021 3863 uno

434 3895 576 3961 solo,
602 3904 657 3950 et
679 3910 855 3965 neque
883 3896 950 3952 ab
980 3896 1072 3950 illo
1098 3896 1430 3961 abstinuisti,
1458 3896 1551 3952 sed
1578 3896 1775 3952 oblitus
1799 3897 2015 3953 manda-

441 3998 618 4041 torum
664 4002 902 4042 meorum
927 3973 946 4054 ,’
992 3988 1203 4043 mulieri
1248 3987 1672 4057 obtemperasti:
1718 3987 1917 4045 idcirco
1958 4005 2020 4044 re

436 4080 549 4149 ipsa
578 4079 753 4135 disces
772 4122 786 4145 ,
815 4090 1067 4149 quantum
1098 4080 1297 4134 malum
1323 4079 1398 4135 sis
1431 4089 1698 4149 operatus.

510 4171 709 4226 Uxores
735 4172 853 4224 viris
881 4187 1055 4239 parere
1081 4171 1278 4224 debent.
1307 4201 1378 4210 —
1402 4170 1633 4225 Audiant
1657 4172 1775 4235 viri,
1802 4172 2018 4227 audiant

433 4263 725 4330 mulieres,
758 4273 812 4317 et
841 4262 917 4315 illi
944 4261 1159 4332 quidem
1180 4304 1194 4329 ,
1228 4269 1284 4317 ut
1310 4277 1376 4318 ne
1404 4261 1692 4318 ferant‘eas
1721 4265 1857 4318 mala
1885 4280 2017 4319 con-

436 4355 711 4419 sulentes;
754 4353 837 4408 hae
881 4362 1079 4418 autem,
1122 4362 1183 4407 ut
1221 4368 1290 4408 ne
1318 4353 1440 4408 talia
1485 4354 1784 4408 consulant.
1813 4354 1945 4409 Nam
1972 4355 2019 4411 si

434 4445 526 4498 hic
551 4443 708 4513 culpa
732 4444 791 4498 in
821 4443 1096 4499 mulierem
1140 4443 1335 4513 rejecta
1354 4485 1371 4510 ,
1405 4443 1601 4499 nullam
1631 4446 1837 4501 veniam
1868 4461 2018 4502 asse-

431 4542 632 4605 quutus
670 4542 789 4599 est,
835 4536 1043 4605 qualem
1084 4534 1209 4604 quis
1247 4534 1468 4589 haberet
1494 4536 1701 4590 veniam
1727 4578 1743 4602 ,
1788 4536 1972 4592 dicens
1998 4553 2017 4591 :

438 4626 664 4695 Propter
691 4641 909 4681 uxorem
936 4625 1043 4681 hoc
1067 4634 1122 4681 et
1146 4625 1252 4680 hoc
1297 4626 1508 4695 peccavi
1532 4666 1547 4690 ,
1591 4635 1647 4682 et
1684 4626 1790 4682 hoc
1825 4638 1882 4683 et
1918 4627 2021 4684 hoc

437 4718 581 4772 feci?
625 4717 701 4771 Ea
745 4718 889 4773 enim
917 4716 984 4772 de
1026 4732 1185 4771 causa
1214 4716 1313 4772 sub
1344 4725 1430 4771 tua
1461 4726 1723 4786 potestate
1749 4717 1887 4772 facta
1914 4728 2016 4786 est,

436 4816 490 4862 ct
519 4807 768 4862 dominus
796 4808 915 4879 ejus
954 4807 1328 4878 pronuntiatus
1364 4821 1460 4871 es,
1496 4814 1552 4861 ut
1576 4807 1664 4863 illa
1693 4808 1784 4863 tibi
1812 4819 2013 4878 pareat,

434 4908 488 4953 ct
522 4914 627 4953 non
665 4908 826 4966 caput
853 4899 1014 4968 pedes
1055 4905 1325 4967 sequatur.
1357 4897 1551 4954 Verum
1581 4913 1686 4953 non
1722 4915 1846 4954 raro
1868 4901 2017 4956 vide-

438 5003 558 5041 mus
601 4990 925 5043 contrarium
966 5005 1065 5044 usu
1111 4990 1366 5057 evenire,
1411 5000 1466 5045 ut
1516 4991 1561 5045 is
1588 4990 1679 5061 qui
1710 5006 1808 5047 suo
1834 4993 2020 5050 ordine

436 5088 598 5148 caput
624 5094 744 5134 esse
767 5080 1008 5147 deberet,
1036 5096 1207 5151 neque
1233 5080 1426 5151 pedum
1451 5081 1692 5138 ordinem
1718 5094 1894 5140 servet
1922 5104 1934 5140 :
1958 5096 2019 5141 et

426 5184 496 5224 ea
546 5170 751 5239 quaain
797 5169 990 5239 pedum
1038 5172 1156 5226 loco
1198 5182 1300 5238 est,
1345 5174 1397 5227 in
1440 5184 1601 5243 caput
1641 5176 2016 5230 constituatur.

430 5261 633 5318 idcirco
670 5267 728 5313 et
766 5259 954 5314 beatus
984 5260 1180 5316 Paulus
1223 5263 1477 5333 magister
1513 5264 1659 5319 orbis
1702 5265 1815 5319 ham
1839 5267 2016 5321 omnia

428 5353 730 5424 prmvidens
754 5392 773 5419 ,
809 5349 1074 5405 clamabat
1097 5368 1110 5405 :
1143 5350 1289 5405 Unde
1315 5368 1530 5422 namque
1556 5354 1654 5408 scis
1687 5355 1879 5409 .mutier
1900 5397 1919 5422 ,
1951 5373 2017 5410 an

433 5437 600 5487 virum
622 5439 705 5492 sis
741 5442 1000 5497 salvatura
1022 5442 1048 5495 .9
1091 5450 1180 5494 aut
1207 5442 1291 5509 qui
1334 5442 1432 5496 scis
1459 5443 1534 5496 vir
1556 5482 1572 5508 ,
1616 5460 1682 5497 an
1700 5461 1917 5500 uxorem
1948 5448 2018 5502 sis

428 5528 732 5588 salvaturus
763 5533 844 5601 (1.
871 5533 991 5588 Cor.
1021 5533 1074 5587 7.
1106 5532 1174 5587 16
1194 5530 1259 5603 )‘l
1287 5531 1665 5588 Verumtamen
1692 5534 1787 5588 viri
1813 5544 1929 5603 est,
1961 5548 2019 5592 ut

496 5722 517 5753 ⁸
533 5717 594 5769 In
616 5716 905 5775 quibusdam
924 5717 1038 5771 Mss.
1058 5732 1170 5778 vox,
1186 5712 1376 5768 Domini
1401 5710 1506 5777 (τοῦ
1538 5715 1828 5779 Monesen),
1842 5715 2000 5767 deest.

1526 296 1592 353 IN
1614 298 1782 387 .CAP.
1822 294 1912 354 ιιι.
1950 297 2193 356 GENES.
2235 297 2462 353 HOMIL.
2505 296 2666 354 XVII.

3597 302 3703 359 1⁸η

2127 413 2364 484 diligenti
2412 428 2575 483 opera
2624 413 2764 468 male
2806 412 3175 470 consulentem
3219 413 3444 485 repedat
3472 456 3484 471 .
3512 418 3705 473 mulier

2128 520 2254 559 vero
2284 519 2495 574 semper
2537 504 2589 559 in
2624 504 2881 559 memoria
2909 504 3137 559 retineat
3164 490 3479 574 supplicium
3505 548 3520 572 ,
3563 509 3705 576 quod

2128 594 2255 649 Eva:
2292 595 2579 665 irrogatum
2610 605 2724 659 est,
2769 610 2888 667 qua:
2933 594 3236 665 pestiferum
3269 595 3399 652 illud
3424 598 3705 654 consilium

2128 685 2242 740 viro
2271 694 2605 755 suggesserat
2638 702 2651 740 :
2684 700 2752 740 ne
2793 685 2990 741 audeat
3020 687 3140 741 talia
3169 687 3453 744 consulere
3476 729 3492 755 ,
3537 704 3710 761 neque

2128 775 2363 830 imitetur
2402 774 2611 830 Evam:
2642 775 2739 832 sed
2783 775 2922 832 illius
2967 779 3212 847 exemplo
3243 779 3555 848 prudentior
3593 780 3707 846 fiat,

2128 875 2182 923 ct
2212 867 2335 921 talia
2359 868 2624 932 consulat,
2650 883 2768 938 qua:
2796 867 2965 938 ipsam
2994 877 3046 922 ct
3073 869 3244 924 virum
3275 871 3417 925 omni
3449 870 3709 941 supplicio

2129 959 2413 1013 liberatura
2460 959 2584 1013 sint.
2618 958 2783 1013 Porro
2812 958 2878 1013 ad
2912 960 3207 1016 institutum
3253 962 3552 1017 redeamus.
3586 963 3713 1017 Adte

2128 1058 2294 1102 autem
2320 1050 2447 1103 dixit
2478 1048 2615 1104 Deus
2650 1066 2669 1102 :
2701 1050 2834 1117 Quia
2876 1050 3064 1105 audisti
3089 1067 3258 1104 vocem
3302 1053 3473 1107 uxoris
3502 1062 3633 1120 tuae,
3665 1064 3714 1108 et

2128 1140 2387 1199 comedisti
2414 1142 2478 1195 de
2522 1141 2659 1210 ligno
2681 1183 2696 1206 ,
2742 1141 2805 1195 de
2831 1158 2929 1211 quo
2957 1142 3173 1213 pracepi
3217 1141 3304 1195 tibi
3340 1142 3403 1196 de
3429 1159 3486 1198 eo
3515 1144 3622 1198 solo
3654 1161 3714 1199 ne

2126 1231 2447 1295 comederes,
2486 1232 2556 1286 de
2600 1232 2689 1285 illo
2733 1233 2844 1302 ipso
2873 1232 3149 1286 comedisti.
3193 1232 3475 1302 Quoniam,
3521 1234 3712 1305 inquit,

2126 1332 2236 1379 tam
2264 1324 2537 1395 negligens
2564 1324 2706 1379 fuisti
2738 1326 2789 1379 in
2815 1318 3145 1380 observando
3175 1324 3423 1381 mandato
3447 1342 3589 1394 meo,
3621 1342 3714 1382 nc-

2129 1430 2233 1486 que
2262 1415 2421 1470 timor
2452 1423 2501 1470 te
2529 1416 2785 1482 coercuit,
2817 1432 2987 1488 neque
3017 1415 3326 1486 prmcedens
3353 1417 3715 1473 interminatto

2129 1507 2447 1564 calamitatis
2477 1523 2625 1564 esum
2675 1518 3085 1577 consequutura:
3117 1508 3209 1564 tibi
3254 1508 3541 1581 quidquam
3587 1516 3713 1579 pro-

2130 1599 2248 1667 fuit,
2276 1600 2371 1656 sed
2398 1601 2448 1655 in
2480 1609 2680 1656 tantam
2710 1600 2996 1672 nequitiam
3024 1601 3336 1673 pervenisti,
3369 1610 3427 1657 ut
3450 1616 3624 1672 neque
3648 1602 3716 1656 ab

2130 1691 2289 1746 unico
2316 1690 2416 1749 hoc
2445 1693 2588 1763 ligno
2615 1694 2705 1749 tibi
2736 1696 3137 1764 temperaveris,
3170 1696 3380 1750 tametsi
3407 1703 3484 1750 tot
3512 1706 3565 1751 et
3596 1705 3715 1750 tau-

2132 1781 2201 1836 tis
2230 1782 2324 1837 tibi
2351 1781 2456 1837 frui
2485 1784 2668 1839 liceret
2699 1802 2712 1838 :
2746 1785 2867 1840 idco
2894 1785 3166 1839 Maledicta
3193 1787 3284 1841 erit
3312 1797 3445 1842 terra
3471 1787 3525 1841 in
3548 1788 3717 1857 operi-

2132 1873 2222 1926 bus
2262 1874 2382 1928 tuis.
2422 1874 2549 1931 Vide
2595 1875 2972 1948 benignitatem
3004 1877 3249 1943 Domini,
3295 1878 3563 1948 quomodo
3602 1893 3716 1934 scr-

2132 1974 2343 2033 pentem
2376 1968 2565 2037 punit,
2613 1968 2880 2037 quomodo
2928 1969 3054 2023 item
3100 1979 3156 2024 et
3203 1970 3463 2025 rationale
3494 1970 3711 2025 animat.

2131 2055 2207 2110 Illi
2257 2057 2400 2111 enim
2443 2058 2576 2113 dixit
2609 2077 2621 2112 :
2654 2057 2958 2114 Maledictus
3000 2069 3053 2112 tu
3094 2060 3158 2114 de
3196 2069 3329 2115 terra
3365 2077 3384 2116 .'
3414 2061 3500 2115 hic
3537 2069 3715 2115 autem

2132 2163 2236 2201 non
2266 2148 2379 2214 sic;
2428 2148 2523 2204 sed
2550 2150 2719 2219 quid?
2748 2149 3025 2205 Maledicta
3063 2160 3197 2205 terra
3236 2152 3289 2206 in
3314 2151 3548 2222 operibus
3592 2153 3710 2207 tuis.

2131 2238 2196 2292 Et
2228 2239 2439 2293 merito.
2470 2239 2601 2293 Nam
2632 2240 2754 2310 quia
2787 2250 3002 2311 propter
3025 2240 3294 2297 hominem
3324 2242 3577 2311 producta
3603 2251 3712 2305 est,

2131 2339 2188 2384 ut
2219 2331 2306 2385 ille
2357 2340 2535 2401 posset
2582 2331 2683 2385 frui
2738 2332 2800 2387 iis
2832 2348 2952 2402 qua:
2999 2348 3067 2387 ex
3118 2348 3180 2388 ea
3226 2342 3517 2387 nascuntur
3549 2351 3562 2387 :
3595 2334 3715 2401 ideo

2130 2420 2321 2475 iterum
2370 2430 2587 2491 propter
2630 2422 2899 2476 hominem
2951 2430 3256 2491 peccantem
3300 2423 3636 2478 maledictum
3663 2424 3713 2478 ei

2130 2510 2329 2565 inditur
2363 2531 2374 2567 :
2404 2512 2527 2581 quia
2573 2512 2911 2567 maledictum
2954 2522 3110 2567 terra}
3147 2512 3435 2579 eveniens,
3483 2512 3715 2568 hominis

2128 2602 2401 2657 securitati
2431 2612 2485 2659 et
2514 2604 2678 2673 quieti
2705 2605 2878 2671 obest,
2917 2604 3191 2658 Maledicta
3210 2646 3225 2670 ,
3257 2604 3464 2674 inquit,
3502 2614 3634 2659 terra
3660 2606 3712 2659 in

2129 2693 2361 2764 operibus
2390 2694 2506 2748 tuis.
2542 2694 2677 2748 Exin
2708 2702 2764 2749 ut
2802 2694 3071 2749 discamus
3114 2693 3240 2764 quid
3271 2694 3379 2761 sit,
3418 2693 3711 2755 Maledicta,

2128 2782 2305 2837 subdit
2336 2801 2346 2835 :
2374 2781 2439 2837 In
2469 2783 2724 2837 doloribus
2751 2784 2981 2839 comedas
3009 2801 3121 2838 eam
3146 2785 3375 2839 omnibus
3403 2784 3575 2840 diebus
3600 2786 3713 2840 vita

2126 2883 2248 2928 tua.
2274 2874 2403 2928 Vide
2426 2889 2851 2945 unamquamque
2872 2889 3085 2944 pomam
3108 2876 3162 2930 in
3192 2875 3386 2930 smcula
3409 2874 3709 2940 durantem,
3732 2908 3737 2911 »

2128 2975 2185 3019 ιιι
2216 2982 2318 3021 non
2351 2967 2522 3022 Solum
2563 2967 2668 3022 illis
2698 2965 2748 3020 id
2776 2966 2906 3022 utile
2935 2967 3035 3031 sit,
3080 2964 3172 3021 sed
3203 2976 3257 3021 et
3283 2967 3480 3036 pesteri
3523 2966 3710 3022 iisdem

2126 3057 2286 3113 rebus
2313 3056 2637 3124 doceantur,
2672 3056 2811 3111 unde
2855 3057 2959 3112 illis
3006 3055 3121 3111 haec
3157 3055 3415 3127 supplicia
3460 3066 3584 3111 sunt
3629 3055 3705 3110 iu.

2128 3159 2278 3205 vecta
2313 3168 2327 3205 :
2364 3149 2430 3204 In
2473 3149 2767 3218 doloribus,
2816 3149 3015 3219 inquit,
3059 3148 3287 3203 comedas
3328 3164 3439 3201 eam
3482 3147 3710 3202 omnibus

2126 3244 2300 3297 diebus
2325 3244 2440 3297 vita:
2468 3253 2585 3297 tute.
2634 3241 2823 3296 Postea
2869 3239 3173 3311 diligentius
3201 3239 3399 3294 docens
3441 3238 3707 3293 maledicti

2126 3335 2359 3406 speciem
2385 3342 2440 3390 et
2465 3334 2671 3390 doloris
2693 3348 2934 3399 causam,
2965 3331 3144 3387 subdit
3170 3348 3185 3385 :
3210 3331 3404 3403 Spinas
3430 3340 3475 3385 et
3498 3330 3710 3385 tribulos

2130 3426 2216 3480 tibi
2245 3426 2505 3495 producet.
2535 3425 2678 3481 Ecce
2704 3423 2969 3480 maledicti
3008 3425 3352 3478 monimenta.
3386 3421 3595 3492 Spinas,
3624 3422 3710 3475 iu-

2122 3518 2239 3586 quit
2264 3559 2278 3583 ,
2309 3524 2364 3571 et
2391 3515 2616 3571 tribulos
2657 3514 2891 3585 proferet
2929 3524 3068 3570 terra
3094 3532 3111 3569 :
3146 3516 3322 3584 itaque
3349 3513 3530 3568 multis
3559 3512 3709 3568 labo-

2126 3609 2270 3663 ribus
2300 3617 2350 3662 et
2380 3607 2634 3662 aarumnis
2670 3606 2996 3677 Operandum
3041 3606 3175 3670 tibi,
3205 3615 3258 3660 et
3284 3605 3427 3659 omni
3472 3614 3710 3673 tempore

2123 3713 2245 3752 cum
2277 3698 2485 3752 tristitia
2522 3699 2700 3752 vivere
2742 3705 2794 3752 te
2836 3695 3065 3762 curabo,
3112 3705 3168 3750 ut
3214 3694 3317 3749 hoc
3361 3694 3456 3748 tibi
3503 3695 3706 3749 frenum

2126 3788 2215 3851 sit,
2244 3804 2311 3841 ne
2334 3786 2461 3857 quid
2488 3802 2647 3856 supra
2670 3785 2980 3856 dignitatem
3010 3784 3076 3839 de
3108 3793 3159 3839 te
3183 3784 3380 3839 sentias
3408 3783 3549 3843 :sed
3578 3797 3707 3839 cnu-

2125 3882 2273 3935 tinuo
2303 3879 2504 3950 cogites
2532 3889 2678 3933 tuam
2729 3878 2894 3948 ipsius
2934 3875 3282 3931 substantiam
3309 3916 3324 3940 ,
3372 3890 3542 3942 neque
3571 3874 3708 3930 feras

2126 3981 2183 4027 ut
2211 3971 2433 4042 posthac
2465 3972 2543 4025 sic
2566 3970 2868 4039 decipiaris.
2901 3967 2968 4022 Et
2997 3967 3223 4022 comedes
3248 3969 3436 4037 [mnum
3464 3967 3594 4036 agri.
3640 3965 3708 4017 In

2125 4064 2313 4118 sudore
2350 4062 2497 4133 faciei
2522 4070 2623 4115 tua:
2652 4062 2859 4115 vesceris
2898 4076 3027 4130 pane
3054 4068 3160 4113 tuo.
3197 4055 3573 4112 Animadverte
3601 4071 3706 4124 quo

2122 4164 2279 4224 pacto
2309 4162 2429 4223 post
2468 4152 2879 4208 inobcdicntiam
2904 4149 3086 4205 omnia
3130 4147 3451 4217 contigerint
3494 4153 3706 4200 contra-

2116 4246 2197 4301 ria
2232 4245 2395 4315 priori
2424 4244 2545 4299 vitae
2573 4243 2885 4299 conditioni.
2918 4243 3029 4311 Ego
3055 4239 3266 4307 quidem
3287 4280 3305 4306 ,
3340 4238 3552 4308 inquit,
3584 4252 3707 4292 cum

2119 4336 2176 4390 in
2209 4338 2352 4390 hunc
2381 4344 2432 4391 te
2462 4335 2716 4390 mundum
2749 4332 2995 4403 produxi,
3019 4329 3263 4385 volebam
3291 4337 3344 4384 te
3364 4327 3553 4399 degere
3582 4327 3709 4383 abs-

2123 4442 2227 4496 que
2253 4426 2547 4493 doloribus,
2576 4423 2848 4480 laboribus
2864 4464 2877 4487 ,
2902 4421 3190 4477 sudoribus
3210 4460 3226 4485 ,
3252 4428 3306 4474 et
3333 4417 3584 4473 aerumnis
3607 4458 3622 4483 ,
3654 4426 3708 4472 α

2124 4516 2270 4572 eunti
2310 4516 2564 4571 felicitate
2600 4514 2725 4579 frui,
2767 4527 2939 4583 neqtm
2982 4509 3348 4579 corporalibus
3376 4508 3707 4565 necessitati-

2124 4606 2224 4662 bus
2250 4604 2539 4662 obooxium
2579 4617 2732 4670 esse,
2765 4600 2858 4657 sed
2886 4600 2955 4654 ab
2979 4598 3228 4655 erunibus
3256 4597 3363 4652 illis
3394 4611 3617 4652 vacuum
3651 4596 3705 4649 io

2120 4696 2269 4752 enini
2318 4695 2562 4751 libertate
2603 4692 2823 4749 versari.
2869 4690 3002 4758 Quia
3041 4704 3169 4745 vero
3206 4702 3321 4744 non
3368 4687 3565 4756 profuit
3614 4686 3705 4739 tibi

2127 4796 2272 4843 tanta
2302 4788 2579 4849 securitas,
2608 4793 2893 4854 eapropter
2919 4790 2973 4837 et
2996 4789 3153 4835 terra:
3181 4776 3514 4842 maledicam,
3551 4776 3618 4827 ita
3651 4786 3708 4828 ut

2124 4880 2326 4950 absque
2353 4880 2559 4933 satione
2584 4887 2637 4932 et
2664 4876 2904 4931 aratione
2928 4889 3034 4929 non
3073 4870 3297 4941 proferat
3326 4882 3454 4922 suos
3484 4867 3705 4930 fructus,

2124 4972 2262 5027 sicut
2287 4978 2442 5025 antea
2474 4985 2489 5021 :
2522 4968 2615 5023 sed
2645 4977 2846 5022 etcum
2876 4966 3047 5016 multo
3087 4960 3268 5014 labore
3289 4998 3303 5023 ,
3333 4955 3591 5011 molestiis
3612 4996 3626 5021 ,
3649 4962 3708 5009 et

2125 5064 2402 5129 arumnis,
2424 5061 2651 5116 afficiam
2676 5068 2729 5112 te
2753 5054 3046 5119 doloribus,
3073 5061 3127 5106 et
3146 5048 3418 5105 continuis
3438 5047 3707 5119 fatigatio-

2123 5157 2281 5211 uibus
2309 5173 2322 5210 :
2353 5153 2582 5210 efficiam
2614 5151 2741 5205 item
2768 5156 2827 5203 ut
2854 5145 2985 5201 nihil
3022 5155 3337 5215 promoveas
3367 5141 3575 5211 absque
3612 5157 3706 5195 su-

2122 5248 2376 5312 doribus;
2426 5254 2484 5300 ut
2531 5242 2615 5298 bis
2658 5239 3008 5303 exercitatus,
3050 5244 3365 5307 perpetuam
3407 5234 3706 5289 doctrinam

2126 5339 2321 5396 habeas
2340 5338 2580 5394 modeste
2590 5334 2802 5406 agendi,
2824 5342 3070 5399 tuamque
3103 5329 3267 5399 ipsius
3289 5337 3530 5382 naturam
3548 5340 3704 5397 agno-

2124 5431 2327 5486 scendi.
2358 5428 2544 5499 Neque
2567 5426 2668 5482 hoc
2692 5424 2759 5480 ad
2780 5422 3045 5479 modicum
3060 5428 3124 5477 et
3153 5419 3311 5475 breve
3342 5428 3552 5489 tempus
3579 5415 3702 5475 erit.

2122 5522 2215 5579 sed
2241 5522 2387 5578 omni
2419 5531 2655 5591 tempore
2674 5517 2799 5572 vita:
2819 5514 3069 5571 durabit:
3092 5510 3158 5565 lu
3182 5511 3367 5567 sudore
3389 5510 3529 5565 enim
3556 5505 3702 5575 faciei

2124 5628 2225 5672 tua:
2247 5616 2457 5671 vesceris
2497 5628 2628 5685 pane
2656 5622 2743 5666 tuo
2761 5651 2778 5679 ,
2807 5610 2965 5663 donec
3007 5604 3269 5660 revertaris
3315 5613 3368 5655 tu
3398 5602 3451 5652 in
3491 5608 3699 5660 terram,

2124 5714 2188 5766 de
2222 5728 2320 5777 qua
2338 5722 2573 5778 sumptus
2609 5727 2661 5767 es
2687 5724 2706 5765 .'
2732 5708 2848 5773 quia
2876 5714 3010 5761 terra
3026 5718 3126 5765 es,
3153 5707 3208 5753 st
3230 5697 3282 5750 ia
3308 5705 3493 5749 terram
3508 5688 3693 5743 abibis.
