4074 6134
395 319 499 373 H7

393 430 517 486 llrc
547 431 830 488 sustinebis
860 447 1026 503 uSque
1055 434 1121 488 ad
1153 434 1310 489 finem
1339 435 1461 489 vita:
1492 445 1614 498 tute,
1643 445 1696 491 et
1721 434 1891 492 donec
1919 434 1968 488 in

396 522 538 577 illam
572 524 848 579 resolvaris
876 566 889 590 ,
923 539 986 579 ex
1016 540 1117 593 qua
1163 525 1418 580 formatus
1445 540 1522 581 es.
1566 525 1696 580 Nam
1732 526 1972 596 quamvis

398 613 489 666 tibi
521 614 758 682 corporis
785 615 1021 669 dederim
1063 625 1303 670 naturam
1344 618 1413 672 ob
1441 632 1611 671 meam
1658 617 1967 682 bonitatem,

396 706 565 774 ipsum
597 713 770 759 tamen
811 706 912 760 hoc
952 721 1146 777 corpus
1177 723 1240 762 ex
1273 716 1410 762 terra
1440 709 1732 774 exsistens,
1780 708 1971 763 iterum

394 797 494 849 erit
521 805 678 850 terra.
707 794 866 850 Terra
906 799 1047 852 enim
1076 816 1156 867 es,
1197 789 1243 854 let
1272 801 1324 854 in
1350 809 1534 854 terram
1571 801 1748 854 abibis.
1787 798 1972 853 Enim-

392 903 518 942 vero
549 896 606 942 ut
646 905 710 943 ne
758 890 870 944 haec
914 890 1141 959 fierent,
1181 891 1324 960 dixi,
1369 891 1451 947 Ne
1491 891 1762 947 comedetis
1788 892 1849 946 de
1878 892 1972 945 hoc

393 978 530 1046 ligno
559 992 914 1050 :quocumque
943 983 1072 1035 enim
1114 984 1194 1036 die
1235 974 1577 1048 comederitis,
1610 992 1769 1036 morte
1793 983 1972 1036 morie-

392 1071 534 1123 mini.
568 1070 680 1124 Non
725 1071 865 1126 enim
894 1071 996 1127 hoc
1023 1074 1264 1128 volebam
1297 1092 1310 1127 :
1338 1074 1431 1129 sed
1466 1075 1585 1144 quia
1626 1089 1808 1130 eorum
1852 1088 1970 1142 qua:

393 1160 459 1212 ad
490 1175 576 1214 me
601 1161 915 1228 attinebant,
943 1163 1073 1217 nihil
1096 1163 1456 1219 intermissum
1480 1173 1562 1219 est
1587 1183 1599 1218 :
1631 1173 1686 1218 tu
1715 1172 1888 1218 autem
1919 1172 1970 1218 te

392 1248 564 1318 ipsqu
597 1251 650 1306 in
681 1251 795 1306 haec
821 1253 1094 1322 conjecisti
1115 1295 1130 1321 ,
1175 1270 1241 1310 ne
1269 1256 1318 1310 in
1349 1256 1506 1310 alium
1535 1270 1745 1310 causam
1776 1255 1967 1310 retule-

387 1341 503 1407 ris,
554 1342 647 1398 sed
696 1352 794 1398 tua:
835 1343 1000 1414 ipsius
1029 1346 1246 1401 desidiae
1290 1356 1456 1402 totum
1501 1348 1804 1402 abscribito.
1850 1347 1966 1402 Jam

390 1430 567 1488 denuo
595 1434 698 1488 alia
725 1437 876 1491 nobis
902 1438 1123 1506 qua~stio
1153 1437 1276 1494 hinc
1307 1439 1573 1506 nascitur,
1602 1454 1701 1509 qua
1723 1480 1739 1505 ,
1781 1439 1824 1494 si
1854 1440 1966 1508 pla-

390 1523 594 1590 cuerit,
633 1524 864 1581 breviter
891 1526 1128 1582 absoluta
1153 1570 1168 1594 ,
1218 1529 1373 1584 finem
1401 1531 1662 1585 sermonis
1691 1529 1776 1584 hic
1804 1528 1967 1584 facie-

389 1629 527 1668 mus.
558 1615 730 1683 Dixit,
763 1618 962 1687 inquit,
1006 1620 1143 1674 Deus
1170 1637 1182 1673 :
1211 1619 1532 1690 Quocumque
1555 1621 1636 1673 die
1659 1620 1968 1675 comederitis

390 1719 452 1758 ea:
475 1721 553 1770 eo,
583 1718 742 1760 morte
761 1708 1040 1762 moriemini
1065 1708 1216 1780 (Gen.
1239 1709 1293 1763 2.
1323 1711 1412 1778 17)
1440 1728 1454 1766 :
1477 1711 1762 1765 multorum
1791 1719 1966 1765 autem

384 1808 645 1849 annorum
674 1812 898 1853 numero
935 1799 1232 1856 ostenditur
1259 1801 1452 1856 vixisse
1481 1800 1598 1855 illos
1627 1809 1745 1870 post
1782 1800 1966 1856 iuobeo

385 1885 635 1941 dientia‘m
657 1929 671 1953 ,
705 1896 759 1943 et
783 1889 886 1944 cibi
913 1890 1058 1944 vetiti
1089 1905 1260 1946 esum.
1290 1891 1352 1946 Et
1385 1894 1607 1961 qumstio
1632 1892 1843 1962 quidem
1872 1893 1966 1946 ali-

383 1993 486 2047 qua
516 1995 634 2036 esse
659 1981 869 2037 videtur
897 1983 958 2037 iis
982 1983 1069 2053 qui
1100 1999 1130 2038 a
1171 1985 1452 2054 superficie
1489 1986 1720 2040 salutant
1756 1986 1968 2042 divinas

383 2060 592 2124 Literas
622 2087 636 2122 :
669 2080 720 2124 at
759 2072 803 2126 si
835 2073 952 2142 quis
981 2088 1133 2142 azquo
1159 2074 1338 2129 animo
1365 2089 1520 2130 aures
1547 2075 1822 2140 adhibeat,
1857 2091 1968 2131 ma-

391 2158 635 2214 nifestum
661 2172 742 2216 est
765 2162 904 2231 quod
933 2163 1147 2231 dicitur,
1173 2180 1343 2234 neque
1366 2165 1589 2234 qumstio
1613 2165 1769 2220 fuerit
1797 2177 1968 2220 atten-

385 2249 552 2304 denti.
595 2250 727 2306 Nam
772 2252 896 2306 licet
941 2255 1136 2309 multos
1162 2271 1331 2310 annos
1375 2258 1637 2324 vixerint,
1671 2267 1900 2313 attamen
1937 2273 1965 2312 a

387 2355 493 2405 quo
520 2349 756 2410 tempore
785 2344 1066 2398 audierunt
1095 2363 1108 2397 :
1135 2345 1288 2399 Terra
1317 2362 1389 2414 es,
1429 2356 1474 2401 et
1499 2348 1551 2400 in
1576 2356 1760 2401 terram
1787 2349 1964 2414 abibis,

388 2438 440 2481 et
469 2433 782 2485 sententiam
813 2444 1134 2503 acceperunt
1161 2437 1348 2490 mortis
1372 2478 1386 2502 ,
1431 2439 1682 2492 mortales
1712 2438 1920 2494 fuerunt
1949 2459 1964 2495 :

387 2525 441 2572 et
464 2533 528 2573 ex
559 2519 648 2574 illo
686 2528 924 2590 tempore
954 2521 1167 2578 fuerunt
1213 2526 1432 2595 perinde
1455 2567 1469 2591 ,
1517 2542 1577 2581 ac
1621 2529 1664 2583 si
1703 2530 1820 2600 quis
1851 2530 1968 2585 illos

388 2609 529 2664 dicat
556 2621 793 2667 mortuos
838 2613 1019 2670 fuisse.
1052 2615 1164 2670 Hoc
1194 2616 1350 2686 igitur
1385 2627 1439 2673 et
1467 2619 1736 2690 Scriptura
1768 2622 1967 2694 signin-

387 2714 537 2765 cans,
564 2701 730 2768 dixit,
764 2703 1088 2776 Quocumque
1117 2708 1198 2761 die
1219 2709 1549 2778 comederilis,
1585 2723 1742 2767 morte
1778 2716 1963 2768 morie-

388 2789 511 2843 mini
540 2807 558 2844 :
589 2790 689 2846 hoc
714 2802 815 2857 est,
855 2797 1171 2852 sententiam
1199 2799 1469 2869 accipietis
1493 2842 1507 2866 ,
1541 2805 1789 2860 mortales
1815 2815 1963 2875 post-

389 2881 486 2935 hac
529 2897 624 2938 vos
668 2883 891 2940 futuros.
953 2887 1103 2943 Sicut
1144 2891 1285 2945 enim
1336 2892 1387 2946 in
1435 2892 1680 2949 humanis
1727 2895 1962 2966 judiciis,

383 2972 596 3040 quando
619 2975 736 3043 quis
761 2978 1020 3033 sententia
1046 2979 1147 3034 lata
1173 2991 1227 3035 ut
1253 2983 1424 3052 capite
1449 2984 1752 3056 mulctetur,
1776 2989 1962 3044 iterum

386 3061 734 3153 incarcerem
757 3067 1072 3138 conjicitur,
1105 3071 1229 3126 licet
1264 3073 1336 3128 ibi
1365 3075 1531 3129 multo
1561 3085 1799 3146 tempore
1823 3089 1961 3153 agat,

385 3151 736 3223 nihilmelius
763 3165 938 3212 tamen
961 3159 1122 3214 habet
1141 3160 1402 3220 defunctis
1429 3175 1482 3220 et
1511 3169 1754 3237 mortuis,
1783 3151 1965 3240 utpote

378 3240 488 3309 jam
518 3258 613 3311 per
640 3247 953 3302 sententiam
979 3260 1220 3306 mortuus
1247 3268 1261 3304 :
1295 3255 1480 3309 eodem
1506 3258 1664 3312 modo
1692 3268 1746 3313 et
1780 3260 1831 3314 hi
1852 3302 1866 3327 ,
1899 3262 1966 3317 ab
2008 3326 2016 3334 α

385 3345 452 3385 eo
479 3331 567 3386 die
591 3347 619 3386 a
641 3350 745 3403 quo
771 3339 1107 3394 mortalitatis
1133 3344 1448 3398 sententiam
1475 3359 1814 3418 acceperunt,
1841 3362 1964 3408 tam-

386 3422 487 3474 etsi
518 3422 677 3494 longo
709 3435 946 3498 tempore
972 3430 1298 3502 duraverint,
1330 3437 1674 3496 nihilominus
1702 3448 1961 3501 sententia

387 3513 580 3566 mortui
606 3524 777 3571 erant.
803 3517 926 3574 Scio
953 3536 1038 3576 me
1058 3525 1357 3593 ’copiosiorc
1384 3543 1630 3585 sermone
1652 3543 1704 3588 et
1727 3534 1963 3605 longiore

385 3603 625 3694 doctrina
657 3625 807 3664 usum
841 3629 856 3666 :
890 3613 1010 3668 ideo
1036 3615 1157 3685 quia
1203 3634 1298 3687 per
1325 3621 1545 3688 gratiam
1576 3622 1665 3678 Dei
1691 3665 1706 3687 ,
1741 3603 1835 3694 pro
1863 3643 1959 3681 no-

383 3693 508 3752 stris
538 3699 736 3756 viribus
776 3703 951 3759 omnia
983 3707 1034 3760 in
1067 3707 1298 3764 medium
1345 3712 1548 3780 prolata
1589 3693 1751 3782 sunt,
1786 3726 1839 3772 et
1879 3717 1963 3773 his

381 3803 499 3857 qua:
529 3789 662 3846 lecta
693 3803 816 3850 sunt
839 3794 997 3853 [luem
1041 3799 1392 3870 imposuimus
1415 3845 1430 3870 ,
1473 3820 1613 3860 nunc
1655 3820 1958 3866 sermonem

379 3881 775 3940 contrahamus.

450 3971 536 4026 10.
570 3971 814 4048 Epilogus
835 3980 1372 4039 [uomitum—Possem
1392 3985 1605 4055 quidem
1631 3997 1685 4043 et
1704 3989 1804 4043 alia
1832 4005 1958 4059 pro-

379 4061 504 4118 ferri
528 4104 544 4131 ,
571 4073 620 4120 et
653 4066 844 4124 iterum
875 4073 1159 4126 monstrari
1189 4073 1442 4129 inﬂictam
1476 4075 1599 4132 hinc
1623 4093 1831 4147 pinnam
1857 4122 1871 4145 ,
1905 4093 1960 4138 et

378 4154 754 4211 mortalitatem
787 4158 838 4212 in
866 4175 964 4214 nos
991 4161 1259 4216 inductam
1289 4205 1304 4230 ,
1335 4163 1552 4219 multam
1581 4167 1828 4238 abyssum
1860 4171 1957 4226 ha-

381 4244 508 4299 bere
537 4245 728 4301 divinae
757 4250 1135 4308 misericordia:
1159 4272 1172 4306 :
1205 4256 1299 4310 sed
1328 4272 1397 4311 ne
1427 4257 1762 4316 multitudine
1791 4263 1959 4318 dicto-

376 4349 493 4388 rum
517 4345 747 4392 mentem
767 4349 996 4397 vestram
1019 4343 1325 4413 obruamus,
1341 4350 1816 4418 age,obsccremus
1839 4371 1954 4424 vos,

376 4433 434 4479 ut
458 4440 578 4480 cum
607 4426 729 4483 hinc
758 4430 1014 4502 abieritis,
1045 4451 1113 4491 ne
1135 4437 1184 4492 in
1204 4441 1571 4496 conventicula
1596 4444 1953 4514 insipientium

375 4531 468 4609 vos
489 4518 797 4590 conferatis,
820 4540 989 4595 neque
1015 4528 1397 4601 intempestivae
1419 4538 1702 4605 nugacitati
1731 4541 1950 4609 vacetis,

373 4608 470 4700 sed
495 4610 633 4679 apud
680 4628 773 4669 vos
827 4615 1100 4688 intelligite
1149 4631 1202 4676 et
1244 4638 1364 4677 cum
1409 4625 1526 4679 aliis
1565 4628 1794 4699 colligite
1835 4608 1952 4700 quae

372 4699 513 4756 dicta
538 4711 661 4757 sunt
688 4745 702 4771 ,
728 4713 782 4760 ct
811 4705 862 4759 in
895 4711 1204 4764 memoriam
1241 4712 1436 4767 referte
1460 4755 1474 4779 ,
1508 4716 1757 4786 quidnam
1789 4699 1949 4788 judex

373 4795 749 4864 responderit,
778 4797 904 4867 quid
947 4799 1024 4854 rei
1063 4815 1158 4867 pro
1204 4816 1263 4856 se
1299 4802 1528 4857 dixerint
1557 4845 1572 4870 ,
1602 4815 1655 4860 et
1686 4810 1952 4878 quomodo

372 4884 541 4939 Adam
568 4887 780 4957 culpam
812 4889 862 4942 in
889 4904 1107 4944 uxorem
1137 4892 1464 4946 transtulerit
1487 4935 1500 4958 ,
1530 4894 1618 4948 illa
1642 4895 1692 4950 in
1729 4911 1950 4969 serpen-

371 4986 500 5040 tem,
529 4982 796 5048 quomodo
817 4983 942 5038 item
970 4982 1108 5037 Deus
1125 4984 1282 5038 etiam
1312 4984 1454 5041 hunc
1483 4987 1731 5056 punierit,
1762 5000 1813 5045 et
1837 5007 1950 5060 pm-

371 5085 491 5123 nam
524 5071 596 5124 illi
627 5079 741 5127 toto
767 5075 963 5130 sarculo
983 5074 1288 5130 duraturam
1313 5077 1561 5134 inflixerit
1582 5121 1596 5147 ,
1629 5095 1950 5152 gravemque

370 5160 422 5212 in
464 5159 610 5215 illum
655 5162 1074 5234 indignationem
1113 5166 1499 5237 declaraverit,
1546 5180 1704 5241 atque
1739 5188 1805 5226 ex
1849 5173 1950 5227 hoc

367 5250 663 5306 ostenderit
707 5269 856 5309 suam
904 5271 1026 5326 erga
1057 5256 1309 5327 deceptos
1350 5273 1552 5313 curam.
1595 5260 1671 5314 Ex
1700 5277 1765 5316 eo
1805 5264 1945 5317 enim

367 5341 506 5409 quo-.l
534 5341 883 5412 decipientem
912 5346 988 5400 sic
1018 5347 1156 5402 ultus
1189 5357 1271 5403 est
1292 5390 1308 5414 ,
1337 5348 1645 5421 intelligitur
1669 5351 1736 5406 ab
1758 5367 1822 5407 eo
1848 5352 1943 5407 de-

365 5442 549 5502 eeptos
574 5448 666 5488 eos
688 5434 870 5502 fuisse,
889 5437 976 5506 qui
1000 5438 1108 5493 Deo
1121 5437 1271 5493 valde
1286 5439 1420 5509 grati
1437 5449 1606 5504 crant,
1623 5451 1673 5496 et
1697 5458 1793 5511 pro
1825 5443 1944 5512 qui-

368 5523 468 5577 bus
509 5525 728 5580 multum
771 5527 1023 5584 sollicitus
1055 5529 1242 5584 fuerat.
1295 5529 1423 5584 Dein
1469 5541 1791 5587 mementote
1820 5547 1945 5602 sup.

367 5615 506 5680 plicii
541 5617 796 5682 mulieris,
821 5629 873 5674 ct
890 5635 1060 5690 pcenae
1081 5636 1196 5691 qua:
1214 5620 1287 5675 illi
1309 5619 1503 5674 inflicta
1526 5630 1626 5684 est,
1645 5621 1753 5675 imo
1771 5623 1946 5690 potius

365 5705 742 5764 admonitionis
771 5749 784 5776 ,
825 5717 875 5764 et
918 5711 994 5767 sic
1030 5725 1241 5782 quoque
1278 5707 1631 5766 rccordemini
1675 5725 1792 5780 qua:
1839 5710 1942 5765 sint

1097 322 1154 378 S.
1193 319 1470 377 JOANNIS
1507 315 1982 376 CHRYSOSTOMI
2029 317 2343 374 ARCIIIEP.
2374 314 2907 376 CONSTANTINOP.

3563 307 3664 365 158

2089 431 2220 486 Adae
2269 431 2406 486 dicta
2437 475 2451 498 ,
2492 433 2914 502 sententiamque
2973 431 3109 486 hanc
3165 430 3345 486 animo
3391 435 3652 502 repetite,

2085 522 2242 576 Terra
2271 541 2322 578 es
2346 566 2361 590 ,
2399 534 2447 578 et
2473 525 2525 578 in
2557 534 2742 579 terram
2770 524 2945 578 abibis.
2979 524 3111 578 Hinc
3136 524 3499 595 obstupescite
3525 527 3659 581 inef-

2082 611 2291 667 fabilem
2335 614 2428 668 Dei
2471 614 2888 668 miscricordiam
2914 655 2928 678 ,
2967 614 3106 684 quod
3145 630 3276 680 nos,
3300 618 3389 686 qui
3417 633 3481 672 ex
3522 627 3663 673 terra

2080 715 2262 758 sumus
2281 746 2296 770 ,
2325 714 2378 760 et
2408 705 2458 759 in
2487 713 2686 760 terram
2709 705 3092 770 dissolvemur,
3126 707 3170 761 si
3209 708 3530 762 voluerimus
3555 710 3651 761 Vir-

2081 803 2242 848 tutem
2274 794 2568 863 amplexari
2600 835 2614 860 ,
2648 804 2700 848 et
2725 795 2847 848 vitia
2875 794 3054 865 fugere
3083 837 3097 860 ,
3127 797 3337 866 assequi
3369 797 3659 865 poterimus

2079 883 2362 939 ineffabilia
2391 885 2478 939 illa
2519 885 2656 940 bona
2681 927 2695 950 ,
2719 901 2834 956 qua:
2864 887 3073 955 paravit
3090 895 3143 942 et
3167 888 3410 956 promisit
3435 889 3659 958 diligcn~

2077 975 2217 1031 tibus
2233 991 2309 1037 se.
2324 992 2440 1046 quae
2457 977 2641 1032 oculus
2657 993 2760 1032 non
2773 978 2903 1033 vidit
2923 980 2960 1044 ¹,
2983 981 3233 1035 nccauris
3251 980 3470 1048 audivit,
3489 997 3586 1036 nec
3604 985 3657 1036 in

2076 1065 2783 1122 corhominisasccnderunt
2804 1068 2880 1138 (l.
2905 1068 3022 1122 Cor.
3061 1070 3114 1123 2.
3145 1067 3222 1141 9).
3261 1070 3467 1125 Gratias
3495 1072 3652 1141 igitur

2077 1157 2268 1210 multas
2291 1157 2515 1212 Domino
2544 1167 2724 1213 nostro
2749 1159 3005 1214 debemus
3029 1174 3124 1228 pro
3152 1168 3229 1214 tot
3253 1160 3547 1230 talibusque
3569 1162 3656 1217 be-

2076 1248 2277 1303 neficiis
2297 1265 2312 1303 :
2329 1257 2381 1304 et
2395 1265 2454 1303 ea
2473 1265 2803 1320 nequaquam
2829 1267 2892 1305 ex
2912 1252 3169 1306 memoria
3185 1252 3495 1307 dimittendo
3513 1294 3526 1317 ,
3561 1269 3650 1322 per

2075 1335 2210 1391 bona
2237 1351 2395 1406 opera
2415 1381 2429 1402 ,
2463 1348 2514 1392 et
2539 1339 2775 1409 diligenti
2811 1323 3072 1394 malorum
3109 1339 3224 1410 fuga
3248 1341 3417 1409 ipsum
3445 1342 3652 1412 mitige-

2073 1439 2212 1490 mus,
2227 1441 2290 1481 ac
2306 1428 2586 1497 propitium
2606 1428 2756 1484 nobis
2773 1428 3076 1484 reddamus.
3103 1430 3377 1497 Quomodo
3388 1432 3528 1486 enim
3546 1448 3649 1486 non

2075 1517 2264 1586 ingrati
2297 1532 2514 1586 prorsus
2542 1518 2703 1572 animi
2731 1519 2940 1589 signum
2973 1520 3128 1574 fuerit
3151 1561 3166 1585 ,
3191 1520 3234 1574 si
3264 1521 3376 1590 ipse
3397 1522 3610 1591 quidem
3630 1565 3647 1587 ,

2073 1621 2192 1662 cum
2239 1607 2378 1662 Deus
2421 1608 2492 1663 sit
2535 1617 2590 1664 et
2641 1609 2956 1664 immortalis
3000 1618 3200 1664 natura:
3229 1651 3244 1675 ,
3274 1625 3380 1664 non
3429 1611 3652 1681 refugiat

2071 1713 2344 1755 assumere
2384 1703 2661 1755 mortalem
2707 1709 2759 1754 θι
2805 1709 3110 1756 terrestrem
3136 1710 3373 1756 nostram
3405 1703 3652 1757 substan-

2073 1793 2221 1857 tiam,
2253 1801 2308 1847 ut
2335 1793 2475 1848 etab
2498 1792 2710 1862 antiqua
2741 1801 2910 1848 morte
2941 1807 3040 1848 nos
3062 1792 3267 1859 liberet,
3300 1807 3458 1862 supra
3485 1794 3652 1848 cmlos

2073 1883 2283 1948 evehat,
2317 1893 2538 1954 paterno
2563 1897 2818 1938 consessu
2840 1883 3086 1949 honoret,
3117 1891 3172 1938 et
3194 1883 3264 1937 ab
3279 1883 3424 1937 omni
3450 1883 3650 1939 molesti

2071 1975 2308 2030 exercitu
2349 1974 2558 2028 adorari
2589 1983 2775 2028 curet:
2803 1988 2895 2028 nos
2926 1982 3103 2027 autem
3139 1973 3406 2026 contraria
3449 1973 3522 2026 illi
3565 1989 3652 2027 re-

2073 2065 2306 2120 tribuere
2345 2079 2452 2118 non
2490 2064 2869 2119 erubescamus
2893 2105 2911 2130 ,
2943 2062 3038 2118 sed
3071 2071 3126 2118 et
3159 2063 3510 2119 immortalem
3537 2065 3651 2117 ani-

2074 2168 2235 2220 mam,
2261 2155 2407 2223 quasi
2429 2153 2620 2209 dixerit
2637 2154 2776 2224 quis,
2798 2154 2944 2207 carni
2966 2152 3364 2222 agglutinatam,
3388 2162 3648 2208 terrenam

2072 2252 2126 2300 et
2154 2253 2418 2299 mortuam
2449 2285 2464 2311 ,
2487 2253 2543 2299 et
2568 2243 2697 2299 nihil
2727 2244 2936 2314 operari
2959 2243 3224 2298 valentem
3257 2283 3272 2307 ,
3304 2243 3532 2298 evadere
3558 2253 3647 2296 cu:

2071 2336 2289 2390 remus?
2313 2335 2570 2400 Obsecro,
2608 2351 2676 2390 ne
2717 2336 2796 2390 sic
2841 2335 2931 2388 ﬁat
2959 2375 2975 2400 ,
3020 2349 3090 2389 ne
3131 2335 3207 2389 sic
3245 2333 3434 2403 ingrati
3482 2335 3648 2389 simus

2071 2443 2196 2499 erga
2227 2437 2428 2482 tantum
2480 2429 2872 2484 benefactorem
2915 2437 3157 2482 nostrum
3187 2444 3202 2483 :
3227 2428 3320 2482 sed
3348 2429 3485 2482 illius
3515 2444 3648 2498 prte-

2071 2520 2238 2588 ceptis
2263 2517 2576 2574 obedientes
2599 2559 2614 2584 ,
2646 2533 2764 2588 quas
2799 2518 2897 2588 ipsi
2930 2527 3076 2588 grata
3099 2527 3219 2572 sunt
3247 2526 3296 2572 et
3325 2518 3646 2587 probantur,

2070 2623 2358 2679 operemur
2392 2626 2405 2661 :
2440 2619 2497 2663 ut
2534 2617 2589 2663 et
2619 2623 2717 2663 nos
2743 2609 2958 2664 aeternis
2992 2607 3148 2664 bonis
3184 2607 3372 2678 dignos
3420 2607 3645 2663 efficiat:

2071 2713 2190 2769 quae
2220 2714 2317 2753 nos
2342 2713 2530 2754 omnes
2559 2698 2773 2768 assequi
2799 2698 3105 2767 contingat,
3133 2699 3299 2768 gratia
3329 2706 3383 2753 et
3405 2697 3649 2767 benigni-

2073 2796 2179 2842 tate
2221 2787 2430 2841 Domini
2460 2788 2628 2842 nostri
2668 2786 2794 2842 Jesu
2837 2785 3072 2852 Christi,
3104 2787 3189 2841 cui
3231 2801 3353 2841 cum
3397 2786 3554 2840 Patre
3594 2795 3648 2841 et

2070 2877 2268 2948 Spiritu
2292 2887 2476 2932 sancto
2500 2879 2568 2932 sit
2596 2878 2760 2948 gloria
2779 2918 2795 2943 ,
2825 2877 2996 2932 honor
3020 2918 3034 2942 ,
3065 2878 3344 2946 imperium
3375 2919 3389 2942 ,
3425 2892 3564 2932 nunc
3591 2888 3649 2932 et

2071 2983 2301 3039 semper,
2333 2978 2385 3023 et
2412 2969 2464 3022 in
2493 2969 2684 3024 Stccula
2706 2968 3045 3023 seculorum.
3075 2968 3269 3022 Amen.

2605 3101 2882 3159 HOMILIA
2928 3101 3114 3158 XVIII.

2056 3188 2138 3266 Ἐι
2166 3215 2354 3269 vocavit
2380 3215 2544 3267 Adam
2573 3230 2753 3268 nomen
2793 3215 2966 3268 uxoris
3002 3229 3107 3270 sua:
3156 3213 3321 3268 Vitam
3348 3255 3362 3281 ,
3393 3214 3513 3283 quia
3535 3213 3648 3283 ipsa

2140 3313 2213 3358 est
2243 3312 2399 3358 mater
2429 3304 2653 3357 omnium
2690 3303 2973 3358 viventium.
3005 3303 3071 3356 Et
3095 3303 3213 3372 fecit
3240 3302 3486 3356 Dominus
3511 3301 3649 3356 Deus

2140 3396 2266 3448 Ade:
2290 3405 2334 3448 et
2365 3395 2511 3449 uxori
2535 3395 2644 3464 ejus
2659 3394 2852 3449 tunicas
2876 3395 3127 3464 pelliceas,
3161 3405 3206 3448 et
3236 3395 3400 3447 induit
3424 3393 3560 3446 illos.
3580 3391 3646 3446 Et

2139 3490 2210 3542 ait
2236 3487 2411 3542 Deus:
2442 3486 2572 3541 Ecce
2597 3486 2758 3541 Adam
2788 3489 2952 3557 factus
2991 3497 3062 3542 est
3097 3488 3227 3542 sicut
3250 3479 3378 3540 unus
3406 3503 3468 3539 ex
3504 3485 3645 3539 nobis

2141 3579 2297 3650 (Cen.
2330 3579 2384 3633 5.
2407 3577 2478 3632 90
2506 3577 2619 3646 22).

2140 3713 2191 3766 1.
2225 3711 2300 3764 De
2327 3720 2527 3780 peccato
2568 3709 2750 3764 Adami
2789 3709 3017 3779 superius
3041 3708 3175 3762 dicta
3202 3709 3488 3763 summatim
3517 3708 3644 3762 rele-

2066 3807 2157 3874 git.
2187 3801 2402 3856 Gravior
2431 3818 2579 3872 paena
2616 3811 2783 3855 manet
2810 3817 2895 3854 eos
2927 3841 2941 3866 ,
2974 3801 3060 3869 qui
3084 3809 3195 3870 post
3221 3800 3379 3871 legem
3414 3810 3642 3870 peccant.

2064 3893 2356 3949 ——Vidistis
2381 3893 2497 3948 heri
2521 3891 2722 3947 Judicis
2743 3890 3160 3960 benignitatem?
3180 3890 3386 3944 vidistis
3413 3904 3638 3944 examen

2064 3984 2299 4039 bonitate
2317 3982 2568 4038 refertum
2584 3982 2606 4035 ?
2622 3982 2827 4036 vidistis
2843 3980 3220 4050 suppliciorum
3242 3979 3600 4034 diversitatem
3618 3979 3642 4033 ?

2065 4073 2334 4146 quomodo
2360 4072 2575 4143 punitus
2601 4072 2669 4126 sit
2695 4071 2912 4126 dolosas
2941 4071 3028 4124 ille
3054 4071 3420 4140 supplantator
3449 4110 3467 4135 ,
3499 4084 3637 4138 quo-

2069 4168 2230 4222 modo
2254 4167 2413 4221 etiam
2434 4165 2668 4233 deceptis
2692 4179 2846 4233 poma
2877 4162 2945 4216 sit
2973 4161 3191 4228 inflicta,
3225 4177 3345 4231 qua:
3391 4175 3636 4230 magnam

2065 4261 2158 4315 Dei
2201 4275 2311 4330 pra:
2353 4274 2414 4314 se
2455 4257 2620 4312 ferret
2662 4254 3103 4326 benignitatem?‘
3127 4252 3334 4308 vidistis
3375 4253 3642 4322 quomodo

2064 4351 2218 4405 nobis
2241 4347 2644 4405 commodorum
2675 4345 2884 4402 occasio
2910 4344 3047 4410 fuit,
3078 4345 3331 4399 assistere
3359 4343 3636 4409 tribunali,

2063 4451 2117 4500 et
2138 4441 2322 4497 videre
2347 4439 2613 4511 quomodo
2642 4438 2960 4509 processerit
2989 4437 3249 4492 examen?
3278 4435 3640 4505 Cognovimus

2059 4534 2202 4588 enim
2227 4573 2241 4597 ,
2266 4531 2476 4601 quantis
2500 4531 2707 4600 scipsos
2746 4529 2899 4584 bonis
2943 4527 3175 4582 mandati
3218 4526 3639 4596 transgressione

2060 4627 2318 4696 privarint
2343 4624 2512 4678 Adam
2561 4631 2618 4677 et
2647 4622 2757 4676 Eva
2782 4663 2796 4686 ,
2825 4619 3010 4675 nudati
3040 4620 3205 4689 gloria
3231 4619 3316 4672 illa
3344 4617 3592 4672 incﬂ‘abili
3616 4658 3634 4680 ,

2057 4726 2113 4771 et
2139 4717 2242 4770 vita
2271 4729 2376 4769 non
2405 4712 2656 4767 inferiore
2683 4726 2841 4780 quam
2883 4710 3143 4778 angelica.
3172 4707 3414 4762 Vidimus
3443 4707 3638 4775 patien-

2059 4806 2184 4860 tiam
2212 4804 2444 4869 Domini,
2462 4802 2744 4857 didicimus
2765 4810 3020 4869 quantum
3051 4797 3247 4852 malum
3286 4799 3357 4863 sit
3391 4795 3590 4850 desidia
3614 4835 3633 4862 ,

2056 4895 2323 4967 quomodo
2351 4904 2402 4949 et
2428 4893 2776 4963 praesentibus
2805 4891 3016 4960 Spoliet,
3049 4897 3104 4944 et
3129 4904 3317 4959 magna
3349 4888 3633 4958 ignominia

2055 4985 2270 5040 efficiat.
2294 4984 2515 5048 Idcirco,
2542 4982 2787 5047 obsecro,
2814 4979 2979 5035 sobrii
3006 4978 3193 5045 simus,
3219 4977 3454 5047 ﬁantque
3477 4976 3632 5031 nobis

2056 5077 2262 5131 illorum
2291 5073 2472 5142 lapsus
2491 5070 2750 5137 remedia,
2778 5078 2832 5124 et
2863 5069 3074 5123 illorum
3103 5067 3306 5123 desidia
3332 5067 3632 5122 securitatis

2056 5181 2244 5221 causa:
2277 5161 2702 5234 quandoquidem
2722 5161 2892 5228 major
2912 5175 3067 5228 pinna
3085 5167 3168 5214 est
3187 5171 3371 5213 eorum
3392 5158 3482 5228 qui
3510 5165 3631 5227 post

2054 5258 2171 5311 illos
2197 5264 2433 5325 peccant,
2459 5264 2511 5309 et
2535 5268 2600 5308 eo
2626 5253 2794 5320 major
2814 5250 2954 5320 quod
2983 5249 3242 5318 exemplis
3267 5249 3552 5304 emendare
3571 5263 3632 5304 se

2053 5348 2239 5402 nolint.
2267 5345 2382 5401 Non
2408 5346 2546 5401 enim
2578 5344 2666 5414 qui
2694 5353 2877 5413 postea
2899 5341 3084 5396 eadem
3114 5351 3338 5410 peccant
3368 5356 3488 5410 quae
3519 5341 3631 5411 pri-

2052 5440 2122 5494 mi
2149 5480 2164 5505 ,
2189 5439 2241 5493 in
2267 5437 2508 5492 eamdem
2531 5449 2740 5504 pcnuam
2769 5433 3022 5487 incident.
3055 5430 3111 5486 Id
3139 5432 3280 5502 quod
3309 5431 3544 5487 breviter
3562 5430 3632 5485 ab

2113 5525 2126 5551 ¹
2160 5526 2209 5572 In
2234 5529 2345 5572 octo
2365 5523 2476 5572 Mss.
2501 5529 2554 5570 et
2575 5535 2671 5582 uno
2703 5521 2894 5582 Savilii,
2919 5524 3049 5572 bene
3085 5529 3258 5581 multa,
3290 5526 3350 5575 ab
3385 5528 3462 5575 bis
3495 5527 3624 5577 voci-

2047 5581 2154 5649 bus,
2184 5597 2292 5649 qua:
2314 5587 2477 5633 acuith
2499 5597 2594 5649 non
2614 5581 2735 5649 vidit
2760 5585 3068 5649 (essemus;
3095 5586 3183 5632 οὐκ
3220 5587 3356 5646 εἶδε),
3380 5601 3538 5648 usque
3564 5588 3623 5635 ad

2047 5646 2169 5709 haec,
2196 5643 2352 5709 'tribus
2373 5651 2488 5692 ante
2514 5646 2663 5709 tinem
2681 5643 2899 5709 nomine
2920 5643 3162 5705 versibus,
3183 5659 3292 5709 qua:
3321 5643 3418 5698 vitas
3458 5643 3622 5701 omnes

2050 5708 2134 5772 (ὧν
2156 5707 2336 5768 γένοιτο
2357 5709 2532 5760 πάντας
2550 5704 2694 5766 ἡμᾶς)
2729 5705 3088 5757 desiderantur.
