4074 6134
325 312 428 374 H7

319 433 531 502 Μέχρις
561 429 768 486 ἐκείνου
807 430 980 484 ταῦτα
1030 431 1336 502 ὑπομενεῖς,
1373 431 1476 496 ἓως
1507 433 1573 486 ἂν
1605 434 1664 486 τὸ
1707 435 1858 497 τέλος
1883 433 1980 502 τῆς

322 519 470 588 ζωῆς
501 537 582 572 σοι
615 532 639 561 ιι
664 519 1050 590 ἐπαχθήσεται,
1079 519 1172 572 καὶ
1193 521 1272 583 εἰς
1299 519 1512 590 ἐκείνην
1531 520 1807 592 διαλυθῇς,
1837 520 1895 585 ἐξ
1917 515 1984 593 ἦς

322 609 418 661 καὶ
447 608 748 678 ἐπλάσθης.
780 609 842 660 Εἰ
872 608 981 678 γὰρ
1031 608 1124 661 καὶ
1152 607 1402 678 σώματός
1431 625 1511 661 σοι
1541 607 1700 677 φύσιν
1726 609 2006 680 ἐχαρισά--⁴

323 713 434 766 μην
463 695 553 749 διά
579 694 677 765 τὴν
701 693 940 765 ἐμαυτοῦ
971 693 1400 765 φιλανθρωπίαν,
1429 695 1543 748 ἀλλ’
1571 695 1701 748 αὐτὸ
1729 695 1788 748 τὸ
1825 695 1985 766 σῶμα

320 781 429 833 ἀπὸ
480 781 585 849 γῆς
633 781 714 842 ὃν,
761 781 832 850 γῆ
868 781 1028 834 πάλιν
1050 779 1220 832 ἔσται.
1252 779 1342 846 Γῆ
1369 780 1476 852 γὰρ
1503 776 1576 844 εἷ,
1607 780 1703 833 καὶ
1728 783 1815 847 εἰς
1867 781 1986 852 γῆν

319 867 777 934 ἀπελεύσῃ.“1να
797 867 905 937 γάρ
937 867 1010 936 μὴ
1043 864 1211 919 ταῦτα
1235 866 1477 936 γένηται,
1513 865 1598 920 διὰ
1616 867 1774 920 τοῦτο
1808 862 1980 933 εἷπον,

317 952 414 1018 Μὴ
450 954 691 1020 ἅψησθε
719 953 824 1007 τοῦ
881 953 1114 1018 ξύλου,
1165 951 1366 1016 εἰπὼν,
1408 953 1490 1006 ὅτι
1541 948 1625 1024 1’ῌ
1671 954 1748 1007 ἂν
1795 952 1983 1022 ἡμέρᾳ

316 1039 548 1108 φάγητε
594 1040 696 1094 ἀπ’
745 1038 950 1104 αὐτοῦ,
989 1038 1222 1102 θανάτῳ
1275 1039 1692 1094 ἀποθανεῖσθε.
1751 1041 1824 1092 υύ
1877 1041 1984 1111 γάρ

316 1127 618 1196 ἐϐουλόμην
651 1126 806 1179 τοῦτο
824 1141 838 1156 ⁸
868 1126 981 1180 ἀλλ’
1011 1125 1198 1196 ἐπειδὴ
1225 1125 1294 1178 τά
1318 1124 1416 1194 μὲν
1447 1126 1576 1196 παρ’
1606 1126 1739 1196 ἐμοῦ
1771 1127 1982 1180 ἅπαντα

314 1214 628 1284 γεγένηται,
656 1214 719 1266 σὺ
753 1213 808 1265 δὲ
835 1213 1015 1282 σαυτῷ
1041 1212 1212 1266 ταῦτα
1235 1211 1622 1284 προεξένησας,
1654 1214 1748 1265 ἐπὶ
1773 1214 1977 1283 μηδένα

313 1301 503 1371 ἕτερον
539 1301 636 1372 τὴν
671 1299 849 1352 αἰτίαν
893 1299 1114 1367 ἕπαγεδ
1140 1338 1156 1363 ,
1205 1299 1340 1352 ἀλλά
1377 1302 1442 1369 τῇ
1490 1299 1686 1352 σαυτοῦ
1741 1301 1980 1372 ῥαθυμίᾳ

315 1390 426 1441 πᾶν
456 1388 746 1457 ἐπίγραφε.
784 1385 942 1438 Ἀλλά
962 1385 1121 1439 πάλιν
1145 1387 1271 1456 ἡμῖν
1291 1385 1475 1457 ἕτερον
1493 1385 1709 1456 ζήτημα
1737 1387 1981 1440 ἐντεῦθεν

311 1475 581 1536 τίκτεται,
611 1474 766 1543 ὅπερ,
797 1475 844 1524 εἰ
875 1471 1128 1542 βούλεσθε
1150 1512 1164 1536 ,
1203 1473 1480 1542 συντόμως
1523 1473 1873 1538 διαλύσαντες
1920 1475 1982 1527 τδ

314 1561 616 1633 τηνικαῦτα
651 1559 1072 1630 καταπαύσομεν
1123 1559 1213 1612 τὸν
1263 1559 1437 1629 λόγον.
1494 1557 1658 1624 Εἷπε,
1709 1562 1909 1632 φησὶν,
1952 1562 1980 1614 ὁ

314 1649 476 1710 Θεόςο
502 1642 586 1717 ⁷ῌ
604 1647 679 1699 ἂν
694 1647 880 1714 ἡμέρᾳ
906 1645 1130 1716 φάγητε
1145 1647 1245 1700 ἀπ’
1275 1647 1481 1710 αὑτοῦ,
1505 1647 1736 1712 θανάτῳ
1763 1648 1978 1701 ἀποθα-

313 1734 538 1788 νεῖσθε·
561 1733 861 1786 δείκνυνται
887 1733 943 1786 δέ
961 1732 1222 1804 ζήσαντες
1252 1733 1389 1802 μετά
1425 1734 1524 1804 τὴν
1557 1738 1862 1804 παρακοήν,
1885 1735 1979 1788 καὶ

315 1823 378 1876 τὸ
401 1823 502 1892 τῆς
528 1821 782 1893 βρώσεως
808 1823 1118 1892 μετασχεῖν,
1150 1820 1355 1874 πολλῶν
1386 1820 1520 1873 ἐτῶν
1545 1820 1980 1891 ἀριθμόν.Τοῦτο

313 1911 464 1962 δοκεῖ
517 1911 615 1979 μὲν
665 1908 850 1972 ἁπλῶς
897 1911 1009 1971 τοῖς
1057 1908 1386 1972 ἐπιπολαίως
1439 1909 1823 1978 ἐντυγχάνουσι
1867 1911 1979 1974 τοῖς

315 1997 659 2067 ἐγκειμένοις
707 1995 849 2065 ἔχειν
882 1995 1102 2066 ζήτησίν
1153 2013 1272 2049 τινα
1296 2010 1308 2023 ·
1357 1997 1405 2048 εἰ
1446 1995 1501 2049 δέ
1522 2013 1603 2058 τις
1627 1996 1980 2066 εὐγνωμόνως

312 2085 415 2156 τὴν
457 2083 626 2155 ἀκοὴν
654 2082 963 2152 ὑπόσχοιτο,
989 2083 1159 2151 σαφές
1193 2084 1308 2135 ἐστι
1343 2081 1406 2135 τδ
1447 2081 1733 2153 εἰρημένον
1759 2083 1853 2135 καὶ
1889 2083 1979 2135 οὐ·

312 2169 505 2240 δεμίαν
541 2168 618 2240 τῷ
649 2168 968 2238 προσέχοντι
995 2168 1218 2239 ζήτησιν
1259 2168 1398 2238 ἔχον.
1445 2167 1509 2222 Εἰ
1538 2167 1646 2239 γὰρ
1680 2167 1774 2221 καὶ
1814 2167 1979 2220 πολὺν

313 2255 451 2309 ἐτῶν
478 2255 668 2326 χρόνον
691 2255 910 2325 ἔζησαν,
936 2254 1050 2307 ἀλλ’
1065 2257 1214 2325 ὅμως
1231 2256 1325 2324 ἀφ’
1353 2250 1422 2327 ἧς
1442 2256 1682 2326 ἥκουσαν
1697 2255 1779 2318 τὸ,
1799 2253 1887 2322 Γῆ
1903 2251 1974 2320 εἴ,

312 2344 413 2397 καὶ
444 2345 532 2409 εἰς
550 2342 667 2413 γῆν
691 2343 1020 2411 ἁπελεύσῃ,
1055 2343 1146 2396 καὶ
1171 2342 1268 2414 τὴν
1295 2343 1567 2412 ἀπόφασιν
1613 2341 1858 2406 ἐδέξαντο
1883 2342 1976 2396 τοῦ

313 2432 566 2497 Θανάτου,
604 2432 698 2484 καὶ
751 2430 933 2500 θνητοὶ
983 2431 1259 2499 γεγόνασι,
1311 2433 1405 2484 καὶ
1436 2431 1496 2495 ἐξ
1528 2431 1736 2484 ἐκείνου
1781 2430 1848 2484 ἀν
1893 2447 1978 2494 τις

311 2515 466 2573 εἶπεν
493 2518 689 2579 αὐτοὺς
717 2516 1054 2587 τεθνηκέναι.
1086 2517 1254 2570 Τοῦτο
1285 2513 1377 2570 οῦν
1405 2518 1552 2587 καὶὴ
1591 2517 1630 2569 Γ
1634 2516 1780 2588 ραφὴ
1808 2517 1976 2570 αἰνιτ-

308 2606 515 2676 τομένη
543 2600 717 2668 εἶπεν,
751 2605 832 2657 ὅτι
879 2596 963 2675 τῌ
1013 2603 1066 2657 δ’
1096 2604 1174 2659 ἂν
1225 2604 1416 2674 ἡμέρᾳ
1459 2603 1705 2674 φάγητε,
1746 2604 1976 2669 θανάτῳ

309 2690 710 2747 ἀποθανεῖσθε
724 2708 738 2723 ο
758 2690 876 2745 ἀντὶ
902 2691 1135 2761 τοῦ,Τὴν
1156 2691 1426 2761 ἀπόφασιν
1446 2690 1659 2758 δέξεσθε
1683 2689 1778 2745 τοῦ
1795 2690 1977 2762 θνητοὶ⁵

311 2779 501 2834 λοιπὸν
559 2775 718 2832 εἶναι.
775 2777 1041 2848 Καθάπερ
1077 2778 1186 2850 γὰρ
1218 2779 1441 2832 ἐπὶτῶν
1471 2778 1838 2850 δικαστηρίων
1866 2780 1975 2832 τῶν

311 2864 691 2933 ἀνθρωπίνων,
733 2863 952 2917 ἐπειδὰν
982 2864 1254 2934 ἀπόφασίν
1285 2882 1365 2928 τις
1393 2863 1685 2935 δεξάμενος
1714 2865 1808 2918 τοῦ
1838 2866 1974 2920 πάν-

308 2967 418 3014 τως
451 2953 549 3021 τὴν
572 2950 812 3020 κεφαλὴν
833 2951 1238 3021 ἀποτμηθῆναι,
1265 2945 1384 3005 εἷτα
1413 2952 1493 3015 είς
1518 2950 1578 3004 τὸ
1605 2951 1975 3023 δεσμωτήριον

310 3037 578 3108 ἐμϐληθῇ,
627 3037 732 3090 κᾶν
762 3038 855 3089 ἐπὶ
880 3037 1046 3092 πολὺν
1072 3038 1261 3109 χρόνον
1288 3037 1539 3109 διαμένῃ,
1574 3038 1724 3092 οὐδὲν
1753 3039 1974 3109 ἄμεινον

311 3125 419 3182 τῶν
444 3125 655 3196 νεκρῶν
683 3125 775 3177 καὶ
801 3123 1138 3195 τεθνηκότων
1162 3124 1355 3191 διάξει,
1383 3127 1449 3196 τῇ
1479 3125 1750 3194 ἀποφάσει
1786 3125 1976 3196 τεθνη-

312 3213 458 3274 κώς·
509 3213 601 3266 τὸν
653 3212 814 3265 αὑτὸν
836 3212 914 3282 ,δὴ
943 3211 1142 3283 τρόπον
1170 3213 1265 3265 καί
1305 3206 1470 3277 οὗτοι,
1528 3211 1586 3279 ἐξ
1626 3212 1840 3284 ἐκείνης
1877 3215 1976 3285 τῆς

311 3301 417 3372 ήμέ
428 3317 545 3370 ρας,
570 3299 630 3364 ἐξ
648 3293 716 3370 ἦς
742 3299 838 3370 τὴν
859 3299 1132 3367 ἀπόφασιν
1164 3300 1411 3364 ἐδέξαντο
1433 3301 1530 3371 τῆς
1557 3300 1896 3372 θνητότητος,
1929 3303 1976 3354 εἰ

311 3389 405 3442 καὶ
435 3387 603 3441 πολὺν
643 3387 934 3457 διήρκεσαν
963 3386 1170 3458 χρόνον,
1198 3385 1335 3440 ἀλλά
1382 3390 1448 3459 τῇ
1482 3387 1752 3457 ἀποφάσει
1783 3389 1974 3458 τεθνή-

313 3491 493 3530 κασιν.
526 3469 657 3528 Οἶδα
678 3473 761 3528 ὅτι
787 3473 958 3527 πολλά
987 3473 1056 3526 τὰ
1094 3474 1361 3545 εἰρημένα
1413 3475 1506 3528 καὶ
1530 3476 1610 3538 εἰς
1641 3476 1774 3529 πολὺ
1806 3477 1977 3546 μῆκος

311 3565 446 3634 ἡμῖν
505 3561 732 3631 ἐξετάθη
773 3560 840 3614 τά
886 3560 986 3630 τῆς
1033 3561 1410 3626 διδασκαλίας·
1443 3562 1522 3615 διὸ
1556 3563 1740 3633 ἐπειδὴ
1786 3566 1851 3634 τῇ
1881 3563 1975 3616 τοῦ

313 3649 448 3702 Θεοῦ
479 3649 660 3719 χάριτι
687 3647 828 3701 κατά
856 3646 1085 3717 δύναμιν
1112 3647 1384 3719 ἡμετέραν
1429 3649 1644 3702 ἅπαντα
1683 3649 1763 3710 εἰς
1815 3649 1976 3719 μέσον

313 3737 442 3807 ὑμῖν
481 3735 772 3804 προθέντες
800 3734 952 3798 τέλος
984 3733 1336 3804 ἐπεθήκαμεν
1381 3736 1494 3798 τοῖς
1544 3735 1973 3803 ἀναγνωσθεῖσι,

313 3823 684 3892 συστείλωμεν
717 3820 951 3875 ἐνταῦθα
979 3820 1071 3874 τὸν
1107 3820 1287 3889 λόγον.

385 3917 442 3967 ι’.
481 3910 638 3979 Ἐνῆν
682 3909 780 3979 μέν
807 3907 917 3978 γὰρ
945 3907 1039 3960 καὶ
1065 3907 1224 3978 ἕτερα
1256 3909 1587 3979 προσθέντας
1617 3909 1788 3976 δεῖξαι
1815 3911 1976 3965 πάλιν

312 4000 410 4053 καὶ
437 3997 639 4066 ταύτην
669 3997 839 4066 αὐτὴν
869 3995 968 4065 τὴν
990 3995 1262 4066 τιμωρίαν
1285 3994 1384 4066 τὴν
1413 3995 1763 4066 ἐπαχθεῖσαν,
1789 3999 1884 4050 καὶ¹
1916 3998 1977 4050 τὸ

314 4084 543 4156 θνητοὺς
557 4083 807 4151 γενέσθαι
825 4080 1025 4150 πολλὴν
1045 4081 1274 4152 ἔχουσαν
1292 4082 1524 4137 ἄϐυσσον
1549 4083 1972 4153 φιλανθρωπίας·

315 4171 449 4228 άλλά
477 4173 564 4226 ἵνα
599 4171 674 4241 μὴ
698 4169 776 4240 τῷ
809 4168 986 4239 πολλῷ
1019 4169 1214 4239 πλήθει
1241 4168 1643 4240 καταχώσωμεν
1698 4170 1850 4239 ὑμῶν
1879 4171 1978 4243 τὴν

311 4261 574 4323 διάνοιαν,
629 4257 778 4326 φέρε,
833 4256 1302 4326 παρακαλέσωμεν
1349 4257 1493 4327 ὑμᾶς
1527 4256 1678 4329 [149]
1725 4259 1977 4313 ἐντεῦθεν

313 4344 627 4410 ἐξελθόντας
663 4343 736 4414 μὴ
770 4344 849 4406 εἰς
898 4343 1188 4412 ἀνονήτους
1216 4354 1239 4382 ο
1273 4342 1563 4411 συλλόγους
1601 4344 1828 4408 ἑαυτοὺς
1880 4347 1973 4400 ἐκ-

313 4432 534 4496 διδόναι,
578 4429 710 4501 μηδέ
733 4431 812 4492 εἰς
841 4429 1108 4501 φλυαρίας
1133 4430 1415 4502 ἀκαίρους,
1441 4429 1577 4484 ἀλλά
1603 4431 1726 4484 καθ’
1749 4433 1977 4494 ἑαυτοὺς

315 4515 595 4577 συνιέντας
623 4513 736 4583 μετ’
764 4512 1006 4584 ἀλλήλων
1031 4513 1310 4582 συλλέγειν
1337 4513 1407 4566 τά
1438 4515 1704 4586 εἰρημένα
1722 4554 1738 4580 ,
1781 4517 1873 4569 καὶ
1897 4519 1977 4581 εἰς

314 4603 618 4671 ὑπόμνησιν
645 4601 870 4663 ἑαυτοὺς
893 4598 1068 4667 ἄγειν,
1100 4599 1152 4651 τί
1179 4599 1276 4669 μέν
1296 4600 1323 4652 ὁ
1343 4599 1604 4672 δικαστὴς
1622 4603 1974 4672 ἀπεκρίνατο,

313 4690 365 4743 τί
387 4691 445 4742 δέ
471 4690 521 4742 οἰ
548 4687 836 4742 ὑπεύθυνοι
863 4686 1272 4757 ἀπελογήσαντο
1299 4727 1313 4752 ,
1365 4686 1457 4739 καὶ
1504 4687 1623 4750 πῶς
1649 4689 1678 4739 ὁ
1732 4688 1832 4758 μέν
1887 4689 1974 4742 ἐπ’

313 4776 529 4845 ἐκείνην
550 4775 651 4846 τὴν
683 4773 861 4827 αἰτίαν
889 4773 1220 4843 μετήγαγεν,
1247 4770 1428 4841 ἐκείνη
1466 4771 1522 4823 δὲ
1567 4772 1659 4823 ἐπὶ
1687 4772 1776 4827 τὸν
1811 4774 1933 4842 ὅφιν
1959 4815 1972 4836 ,

313 4864 409 4917 καὶ
435 4861 552 4924 πῶς
591 4861 684 4914 καὶ
715 4859 902 4913 τοῦτον
940 4859 1323 4930 ἐτιμωρήσατο
1346 4898 1360 4920 ,
1401 4859 1495 4910 καὶ
1522 4859 1602 4910 ὄτι
1635 4858 1853 4930 διηνεκῆ
1883 4863 1977 4914 καὶ

314 4948 390 5020 τῷ
419 4947 586 5000 παντὶ
606 4945 761 4998 αἰῶνι
797 4943 1405 5016 συμπαρεκτεινομένην
1430 4943 1686 5016 αὐτῷτὴν
1708 4946 1976 5017 τιμωρίαν

313 5039 586 5108 ἐπήγαγε,
648 5033 744 5085 καὶ
804 5031 1036 5102 σφοδρὰν
1088 5032 1187 5103 τὴν
1234 5031 1355 5084 κατ’
1388 5030 1551 5085 αὑτοῦ
1603 5033 1975 5104 ἀγανάκτησιν

313 5117 629 5193 ἐποιήσατο,
669 5119 764 5173 καί¹
786 5119 872 5172 διὰ
914 5118 1102 5171 τούτου
1129 5119 1340 5181 δεικνὺς
1365 5119 1463 5190 τὴν
1501 5119 1639 5190 πρὸς
1676 5122 1802 5184 τοὺς
1835 5122 1978 5176 ἀπα·-

310 5211 574 5280 τηθέντας
607 5205 950 5277 κηδεμονίαν.
975 5207 1051 5256 Δι’
1083 5199 1157 5258 ὧν
1176 5205 1284 5276 γὰρ
1305 5205 1396 5258 τὸν
1424 5206 1780 5276 ἀπατήσαντα
1807 5207 1980 5274 οὕτως

312 5291 578 5362 ἠμύνατο,
605 5289 762 5360 δῆλον
778 5289 860 5340 ὅτι
892 5287 971 5348 εἰς
990 5288 1115 5349 τοὺς
1149 5287 1288 5339 πάνυ
1313 5285 1460 5355 αὐτῷ
1483 5287 2008 5359 περισπουδάστους.

311 5377 411 5448 τὴν
445 5377 658 5445 ἀπάτην
680 5373 994 5443 εἰργάσατο.
1021 5367 1152 5422 Εἶτα
1175 5369 1420 5424 ἐντεῦθεν
1451 5388 1555 5440 μνη
1565 5371 1859 5440 μονεύσατε
1881 5375 1975 5427 τοῦ

314 5461 589 5533 ἐπιτιμίου
633 5462 734 5532 τῆς
770 5458 1049 5529 γυναικὸς,
1104 5457 1200 5510 καὶ
1248 5456 1348 5526 τῆς
1403 5456 1677 5518 κολάσεως
1724 5458 1825 5527 τῆς
1876 5461 1976 5514 ἐπ-

314 5550 574 5620 αχθείσης
602 5549 761 5618 αὐτῇ,
803 5545 1004 5617 μᾶλλον
1051 5543 1109 5596 δέ
1140 5543 1237 5613 τῆς
1269 5541 1568 5607 νουθεσίας,
1608 5546 1702 5597 καὶ
1733 5544 1876 5601 οὕτω
1909 5549 1976 5602 τὰ

314 5635 453 5706 πρὸς
505 5635 597 5687 τὸν
639 5633 809 5704 ’Λδάμ
849 5631 1112 5703 εἰρημένα
1161 5628 1630 5700 μνημονεύσαντες
1655 5671 1672 5698 ,
1730 5633 1826 5687 καὶ
1878 5635 1978 5706 τῆς

378 5767 404 5795 ⁸
449 5764 652 5824 Quidam
693 5779 808 5813 mss.
831 5770 882 5812 el
900 5764 1046 5812 Savil.
1073 5767 1195 5821 ζωῆς
1220 5778 1324 5811 σου.
1353 5761 1476 5811 Infra
1500 5763 1596 5811 duo
1616 5777 1728 5812 mss.
1755 5773 1812 5824 γῆ
1839 5767 1978 5815 πάλιν

315 5829 506 5885 γίνεται.
572 5826 599 5864 ιν
624 5826 965 5888 Ξανὶιλάπαγε.
1014 5824 1184 5888 Μυνξξι.
1229 5825 1447 5888 ἐπάγαγε.
1475 5826 1615 5873 Alius
1637 5828 1822 5888 μέτα-γε.
1848 5827 1974 5878 Infra

316 5890 506 5949 quidam
537 5903 644 5941 mss.
675 5885 870 5936 ἐνταῦθα
888 5903 993 5936 κατ.
1062 5889 1082 5915 ⁴“
1112 5885 1281 5936 Morel.
1323 5887 1562 5944 ἀνοήτους.

1419 313 1486 372 IN
1524 313 1676 373 CAP.
1720 315 1783 371 III
1824 313 2067 372 GENES.
2110 313 2344 375 IIOMIL.
2376 318 2562 376 XVIII.

3617 391 3621 396 τ
3658 323 3754 378 us

2089 434 2418 502 ἀποφάσεως
2451 437 2531 500 είς
2575 435 2780 490 ἔννοιαν
2831 435 3094 500 ἐλθόντες,
3121 435 3248 490 Ὀτι
3285 434 3363 505 γῆ
3397 429 3470 500 εἴ,
3518 437 3612 488 καὶ
3663 441 3750 503 εις

2087 518 2200 588 γῆν
2213 522 2546 591 ἁπελεύσῃ,
2573 523 2820 576 ἐντεῦθεν
2838 524 3146 594 ἐκπλάγητε
3159 523 3257 594 τὴν
3272 523 3476 592 ἄφατον
3503 521 3596 574 τοῦ
3619 523 3760 576 Θεοῦ

2085 606 2514 678 φιλανθρωπίαν,
2543 609 2624 662 ὅτι
2651 611 2799 680 ἡμᾶς
2819 611 2944 672 τοὺς
2977 611 3041 662 ἐκ
3073 611 3173 681 τῆς
3197 609 3303 680 γῆς
3331 608 3510 674 ὄντας,
3545 610 3639 662 καὶ
3673 611 3751 673 εἰς

2083 693 2188 763 γῆν
2239 693 2636 765 διαλυομένους,
2677 697 2726 749 εἰ
2769 695 3158 766 βουληθείημεν
3205 695 3406 768 ἀρετὴν
3437 696 3751 765 μετελθεῖν,

2083 780 2179 832 καὶ
2229 780 2427 834 κακίαν
2477 783 2690 850 φυγεῖν,
2745 781 2854 834 τῶν
2896 783 3223 853 ἀπορρήτων
3264 782 3486 834 ἐκείνων
3533 781 3753 850 ἀγαθῶν

2083 866 2266 932 ἀξιοῦν
2288 867 2648 938 ἐπηγγείλατο
2678 871 2784 922 τῶν
2820 869 3231 940 ἡτοιμασμένων
3257 870 3367 932 τοῖς
3409 869 3751 939 ἠγαπηκόσιν

2082 951 2264 1021 αὑτὸν,
2305 955 2365 1008 Ἃ
2395 954 2700 1024 ὀφθαλμὸς
2730 957 2840 1009 οὐκ
2869 951 3011 1019 εἶδε,
3051 955 3151 1009 καὶ
3198 951 3307 1020 οὖς
3345 957 3456 1008 οὐκ
3495 956 3748 1024 ἤκουσε,

2083 1038 2183 1091 καὶ
2220 1038 2318 1091 ἐπὶ
2349 1039 2599 1108 καρδίαν
2637 1040 2952 1108 ἀνθρώπου
2990 1042 3101 1095 οὐκ
3125 1039 3330 1109 ἀνέϐη.
3364 1041 3539 1111 Χάριν
3571 1041 3750 1094 τοίνυν

2083 1124 2281 1196 πολλὴν
2317 1126 2604 1197 ὀφείλομεν
2645 1127 2802 1197 ἡμῶν
2854 1127 3135 1198 ὁμολογεῖν
3187 1126 3264 1197 τῷ
3314 1127 3558 1198 Δεσπότῃ
3611 1129 3749 1198 ὑπὲρ

2081 1210 2189 1266 τῶν
2211 1211 2544 1281 τηλικούτων
2565 1213 2912 1284 εὐεργεσιῶν,
2947 1214 3044 1267 καὶ¹
3076 1213 3349 1284 μηδέποτε
3384 1211 3525 1284 λήθῃ
3565 1212 3746 1267 ταῦτα

2083 1299 2498 1369 παραπέμπειν,
2557 1299 2693 1353 ἀλλά
2739 1299 2826 1353 διὰ
2877 1299 2987 1353 τῶν
3033 1299 3254 1368 ἀγαθῶν
3291 1299 3469 1370 ἔργων
3506 1300 3598 1353 καὶ
3646 1299 3747 1368 τῆς

2081 1385 2279 1456 πολλῆς
2303 1386 2409 1438 τῶν
2432 1386 2650 1455 φαύλων
2671 1387 2980 1458 ἀποφυγῆς,
3003 1386 3190 1440 τοῦτον
3219 1385 3630 1457 ἐξιλεωσὼμεθα
3652 1387 3750 1438 καὶ

2079 1473 2278 1543 εὐμενῆ
2328 1474 2458 1543 ἡμῖν
2508 1474 2959 1544 καταστήσωμεν.
2994 1473 3118 1536 Πῶς
3148 1473 3258 1544 γὰρ
3283 1473 3344 1526 οὐ
3388 1473 3566 1544 πάσης
3590 1471 3749 1547 τοῦτο

2079 1557 2468 1630 ἀγνωμοσύνης
2503 1558 2721 1630 δεῖγμα,
2753 1561 2801 1612 εἰ
2828 1561 2989 1624 αὐτὸς
3021 1560 3140 1630 μέν,
3176 1559 3308 1622 Θεὸς
3332 1558 3408 1613 ὢν
3441 1559 3535 1612 καὶ
3554 1558 3749 1612 ἀθάνα-

2079 1662 2190 1707 τος.
2223 1644 2320 1715 τὴν
2343 1645 2502 1709 φύσιν
2527 1646 2890 1699 ἀναλαϐέσθαι
2921 1646 3019 1718 τὴν
3042 1646 3244 1716 θνητὴν
3266 1648 3300 1715 ἡ
3309 1645 3424 1715 μῶν
3447 1647 3540 1699 καὶ
3562 1647 3747 1714 γήϊνον

2078 1731 2265 1786 οὐσίαν
2302 1734 2361 1785 οὐ
2397 1734 2790 1805 παρῃτήσατο,
2842 1735 2936 1787 καὶ
2987 1734 3090 1803 τῆς
3137 1734 3371 1804 ἀρχαίας
3427 1734 3748 1806 νεκρώσεως

2077 1819 2400 1885 ἀπαλλάξαι,
2434 1821 2529 1873 καὶ
2574 1820 2711 1890 ὑπὲρ
2739 1820 2830 1873 τὸν
2859 1821 3087 1892 οὐρανὸν
3118 1820 3323 1891 ταύτην
3377 1821 3744 1886 ἀναϐιϐάσαι,

2079 1907 2174 1960 καὶ
2204 1909 2270 1978 τῇ
2303 1909 2544 1978 πατρικῇ
2594 1907 2847 1978 συνεδρίᾳ
2873 1907 3123 1977 τιμῆσαι,
3171 1908 3266 1960 καὶ
3296 1907 3401 1960 ὑπὸ
3426 1908 3608 1978 πάσης
3647 1908 3746 1978 τῆς

2077 1995 2332 2066 οὐρανίας
2354 1999 2612 2065 στρατιᾶς
2641 1995 3059 2067 προσκυνεῖσθαι
3090 1995 3444 2062 καταξιῶσαι,
3496 1999 3659 2068 ἡμεῖς
3687 1998 3744 2051 δὲ

2076 2083 2144 2134 τὰ
2161 2082 2374 2135 ἐναντία
2401 2082 2574 2153 τούτῳ
2593 2083 2922 2152 ἀνταμεῖψαι
2945 2083 3006 2136 οὐ
3031 2081 3463 2154 κατῃδέσθημεν,
3488 2082 3627 2136 ἀλλά
3649 2084 3744 2136 καὶ

2075 2169 2176 2241 τήν
2197 2168 2459 2223 ἀθάνατον
2488 2169 2684 2240 ψυχὴν,
2717 2170 2792 2229 ὠς
2813 2171 2879 2224 ἄν
2900 2188 2982 2233 τις
3004 2169 3167 2234 εἴποι,
3199 2171 3265 2240 τῇ
3291 2171 3453 2242 σαρκὶ
3475 2169 3742 2241 προσκολ-

2077 2255 2361 2326 λήσαντες,
2395 2258 2584 2327 γήϊνον
2631 2257 2798 2329 αὐτὴν
2854 2257 2950 2311 καὶ
3006 2257 3206 2327 νεκρὰν
3250 2259 3344 2310 καί
3387 2257 3744 2329 ἁνενέργητον

2075 2342 2328 2410 γενέσθαι
2367 2343 2882 2414 κατεσκευάσαμεν;
2937 2343 3048 2414 Μὴ,
3092 2342 3414 2413 παρακαλῶ,
3458 2343 3530 2413 μὴ
3574 2343 3744 2406 οὕτως

2076 2429 2386 2500 ἀγνώμονες
2407 2424 2556 2501 ὦμεν
2585 2431 2711 2501 περί
2735 2429 2826 2483 τὸν
2874 2429 3108 2483 τοσαῦτα
3133 2431 3278 2499 ἡμᾶς
3312 2429 3741 2500 εὐηργετηκὸτα,

2077 2516 2211 2570 ἀλλά
2243 2519 2354 2580 τοῖς
2373 2517 2536 2571 αὐτοῦ
2561 2518 2744 2588 νόμοις
2775 2516 3050 2586 ἑπόμενοι,
3083 2516 3152 2568 τά
3191 2515 3341 2586 αὐτῷ
3364 2516 3624 2569 δοκοῦντα
3650 2519 3744 2569 καὶ

2078 2604 2348 2675 εὐάρεστοι
2399 2605 2527 2657 ὄντα
2574 2601 3054 2675 διαπραπιῦμεθα,
3110 2603 3196 2656 ἴνα
3231 2603 3326 2656 καὶ
3369 2602 3478 2654 τῶν
3511 2603 3746 2655 αἰωνίων

2076 2690 2298 2758 ἀγαθῶν
2326 2691 2507 2756 ἀξίους
2533 2693 2682 2762 ἡμᾶς
2704 2689 2958 2762 ἀναδείξῃ
2975 2706 2989 2720 ·
3021 2682 3096 2742 ὧν
3122 2689 3332 2759 γένοιτο
3362 2690 3570 2752 πάντας
3599 2691 3744 2760 ἡμᾶς

2078 2777 2392 2847 ἀξιωθῆναι,
2453 2778 2636 2849 χάριτι
2671 2777 2763 2830 καὶ
2794 2775 3172 2846 φιλανθρωπία
3224 2776 3317 2830 τοῦ
3351 2777 3557 2847 Κυρίου
3587 2776 3746 2845 ήμῶν

2089 2863 2265 2934 Ἰησοῦ
2290 2863 2544 2934 Χριστοῦ,
2583 2863 2702 2934 μεθ’
2740 2855 2800 2915 οὗ
2833 2862 2908 2934 τῷ
2949 2863 3143 2934 Ιιατρί,
3169 2863 3286 2932 ἅμα
3306 2863 3382 2932 τῷ
3417 2863 3556 2932 ἁγίῳ
3580 2864 3747 2915 Πνεύ-

2081 2967 2214 3021 ματι
2259 2951 2406 3016 δόξα,
2442 2952 2677 3020 κράτος,
2721 2951 2877 3021 τιμὴ,
2929 2950 3025 3006 νῦν
3072 2951 3166 3004 καὶ
3205 2950 3327 3018 ἀεὶ,
3368 2950 3463 3004 καὶ
3502 2951 3583 3013 εἰς
3623 2951 3748 3014 τοὺς

2077 3038 2278 3102 αἰῶνας
2307 3037 2414 3092 τῶν
2437 3037 2671 3094 αἰώνων.
2719 3039 2911 3109 Ἀμήν.

2636 3199 2786 3273 [150]
2811 3201 3053 3254 OMIAIA
3085 3201 3194 3254 ιιιι.

2078 3331 2197 3416 Καὶ
2223 3331 2521 3416 ἐκάλεσεν
2540 3329 2829 3416 ’,Ἀδὰμαὸ
2859 3330 3044 3416 ὄνομα
3075 3328 3186 3397 τῆς
3223 3329 3506 3416 γυναικὸς
3535 3329 3743 3416 αὐτρῦ,

2148 3401 2345 3477 Ζωὴἀ,
2375 3401 2463 3454 ὅτι
2489 3401 2638 3477 αὕτη
2666 3397 2868 3477 μήτηρ
2896 3397 3302 3477 πάντῳνωτῶν
3342 3397 3589 3477 ζώντων.
3636 3399 3744 3477 Καί

2149 3473 2402 3548 ἐποίησε
2454 3471 2669 3548 ξύριος
2694 3472 2726 3522 ὁ
2762 3470 2905 3548 Θεόις
2938 3468 3020 3533 τῷ
3065 3468 3240 3548 Ἀδὰμ
3268 3470 3370 3548 καὶ
3399 3468 3473 3535 τῇ
3509 3468 3744 3548 γυναςῄ

2146 3539 2333 3594 αὑτοῦ
2357 3538 2613 3608 χιτῶνας
2634 3537 3045 3629 δερματίνους,
3068 3540 3163 3590 καί
3184 3539 3478 3624 ἐνέδυσεν
3501 3539 3740 3602 αὐτούς.

2147 3609 2258 3662 Καὶ
2285 3605 2455 3662 εἷπεν
2480 3611 2513 3662 ό
2542 3609 2686 3673 Θεός
2706 3624 2719 3637 ο
2776 3607 2920 3660 Ιδου
2980 3607 3147 3675 Αδὰμ
3175 3607 3420 3676 γέγονεν
3447 3625 3526 3674 ως
3561 3601 3648 3672 εἷς
3676 3607 3746 3672 ἐξ

2149 3676 2334 3748 ἡμῶν.

2151 3819 2216 3866 α’.
2235 3812 2417 3866 Εἴδετε
2439 3811 2557 3882 χθές
2578 3809 2842 3864 Δικαστοῦ
2861 3808 3268 3880 φιλανθρωπίαν
3284 3824 3297 3874 ;
3315 3808 3483 3861 εἴδετε
3501 3808 3746 3874 ἐξέτασιν

2077 3899 2413 3968 ἀγαθότητος
2441 3898 2721 3968 γέμουσαν
2749 3915 2763 3963 ;
2789 3897 2958 3950 εἰδετε
2993 3896 3272 3967 τιμωριῶν
3306 3897 3598 3968 διαφοράν;
3629 3898 3746 3961 πῶς

2081 3987 2181 4058 μέν
2209 3989 2237 4040 ὁ
2269 3985 2357 4039 διὰ
2394 3985 2494 4055 τῆς
2519 3985 2738 4055 ἀπάτης
2775 3982 3140 4045 ὑποσκελίσας
3170 3983 3509 4054 ἐτιμωρήθη,
3539 3985 3655 4047 πῶς
3688 3985 3746 4037 δέ

2076 4075 2111 4144 ἡ
2135 4074 2246 4136 τοῖς
2270 4071 2737 4126 ὑποσκελισθεῖσιν
2767 4068 3069 4139 ἐπαχθεῖσα
3113 4068 3356 4138 τιμωρία
3386 4069 3586 4139 πολλὴν
3635 4071 3744 4123 δεί-

2076 4177 2234 4214 κνυσι
2263 4161 2362 4230 τὴν
2398 4157 2494 4211 τοῦ
2525 4157 2660 4210 Θεοῦ
2703 4155 3146 4226 φιλανθρωπίαν;
3181 4155 3352 4208 εῖδετε
3399 4156 3574 4227 πόσης
3611 4159 3744 4227 ήμῖν

2075 4245 2340 4316 ὠφελείας
2373 4245 2596 4313 γέγονεν
2625 4243 2882 4306 ὑπόθεσις
2910 4242 2973 4294 τὸ
3013 4242 3358 4312 παραστῆναι
3390 4241 3469 4313 τῷ
3486 4243 3745 4313 δικαστη-

2078 4334 2199 4405 ρίῳ,
2231 4333 2328 4386 καὶ
2353 4333 2481 4385 ἰδεῖν
2499 4332 2648 4394 ὅπως
2667 4328 3057 4400 προεχώρησεν
3076 4331 3109 4400 ἡ
3137 4328 3386 4393 ἐξέτασις
3406 4348 3421 4397 ;
3458 4331 3744 4400 Ἐγνωμεν

2075 4419 2206 4491 γὰρ,
2243 4421 2384 4472 ὅσων
2411 4435 2470 4471 τε
2493 4418 2588 4470 καὶ⁵
2621 4417 2826 4486 ἡλίκων
2854 4415 3076 4484 ἀγαθῶν
3105 4417 3332 4479 ἑαυτοὺς
3359 4418 3743 4488 ἀπεστέρησαν

2075 4508 2105 4560 ὃ
2128 4525 2190 4560 τε
2223 4505 2414 4576 Ἀδὰμ,
2443 4505 2478 4575 ἦ
2507 4522 2566 4557 τε
2597 4503 2732 4570 Εὕα,
2757 4504 2845 4557 διὰ
2862 4504 2962 4573 τῆς
2986 4503 3350 4573 παραϐάσεως
3377 4504 3480 4574 τῆς
3499 4505 3744 4576 δοθείσης

2063 4593 2298 4663 ,ἐντολῆς
2317 4633 2332 4658 ,
2381 4591 2756 4663 γυμνωθέντες
2785 4592 2885 4662 τῆς
2925 4591 3083 4661 δόξης
3118 4590 3336 4662 ἐκείνης
3362 4592 3461 4662 τῆς
3489 4594 3702 4661 ἀφάτου
3724 4635 3740 4660 ,

2075 4682 2172 4734 καὶ
2201 4680 2299 4748 τῆς
2329 4679 2476 4748 ζωῆς
2497 4679 2596 4749 τῆς
2644 4678 2795 4732 οὐδὲν
2842 4678 3061 4732 ἔλαττον
3111 4678 3298 4748 σχεδὸν
3321 4689 3346 4718 θ
3381 4679 3612 4749 ἐχούσης
3635 4680 3742 4732 τῶν

2077 4767 2342 4835 ἀγγέλων.
2366 4766 2592 4836 Εῖδομεν
2624 4765 2724 4835 τὴν
2746 4764 3101 4830 ἀνεξικακίαν
3127 4765 3223 4818 τοῦ
3251 4765 3545 4827 Δεσπότου,
3587 4766 3744 4816 ἐπαιιδ

2076 4855 2345 4926 δεύθημεν
2376 4857 2500 4909 ὅσον
2536 4855 2705 4908 κακόν
2735 4857 2850 4908 ἐστι
2896 4854 3158 4925 ῥᾳθυμία,
3194 4854 3290 4905 καὶ
3321 4853 3469 4913 ὅπως
3502 4852 3597 4904 καὶ
3635 4853 3743 4904 τῶν

2077 4942 2180 5013 ήδη
2220 4942 2586 5012 ὑπηργμένων
2623 4941 2843 5008 ἀγαθῶν
2871 4941 3113 5008 γυμνοὺς
3160 4940 3255 4990 καὶ
3304 4939 3546 5009 ἐρήμους
3593 4941 3742 5010 ἡμᾶς

2077 5027 2390 5098 ἐργάζεται,
2423 5029 2516 5081 καὶ
2562 5029 2620 5079 ἐν
2667 5026 2836 5094 πολλῇ
2883 5023 3174 5094 καθίστησι
3211 5026 3279 5094 τῇ
3326 5024 3577 5097 αἰσχύνῃ.
3629 5028 3740 5094 Διὸ,

2080 5115 2398 5185 παρακαλῶ,
2435 5115 2715 5183 νήφωμεν,
2763 5111 2859 5166 καὶ
2909 5110 2980 5164 τά
3031 5110 3257 5164 ἐκείνων
3298 5111 3566 5183 πτώματα
3613 5115 3746 5185 ήμῖν

2080 5202 2320 5269 γενέσθω
2337 5202 2622 5272 φάρμακα,
2652 5200 2745 5253 καὶ
2773 5201 2807 5267 ἡ
2836 5197 3058 5252 ἐκείνων
3085 5197 3326 5270 ῥᾳθυμία
3351 5199 3482 5271 ἡμῖν
3507 5201 3748 5270 γενέσθω

2081 5288 2379 5358 ἀσφαλείας
2409 5287 2664 5349 ὑπόθεσις
2685 5302 2699 5318 ο
2728 5285 2916 5356 ἐπειδὴ
2948 5286 3040 5338 καὶ
3072 5285 3276 5354 μείζων
3304 5287 3337 5357 ἡ
3371 5288 3611 5358 τιμωρία
3635 5291 3747 5353 τοῖς

2080 5377 2161 5439 εἰς
2190 5376 2248 5428 τὸ
2276 5376 2402 5444 ἑξῆς
2427 5373 2498 5426 τὰ
2516 5373 2659 5427 αὐτά
2693 5370 3124 5442 πλημμελοῦσιν,
3163 5373 3272 5443 ὅσῳ
3309 5374 3442 5444 μηδὲ
3473 5377 3583 5438 τοῖς
3615 5376 3748 5428 ὑπο-

2079 5460 2333 5531 δείγμασι
2351 5459 2777 5532 σωφρονέστεροι
2793 5457 3458 5531 γενέσθαιήϐουλήθησαν.
3483 5461 3617 5512 Οὐδέ
3637 5459 3747 5530 γὰρ

2079 5548 2130 5599 οἱ
2154 5547 2292 5617 μετά
2322 5545 2493 5598 ταῦτα
2519 5545 2587 5599 τά
2611 5545 2748 5598 αὐτὰ
2781 5547 2893 5608 τοῖς
2919 5546 3205 5616 προτέροις
3227 5546 3630 5617 ἁμαρτάνοντες
3650 5545 3748 5615 τὴν

2081 5632 2250 5704 αὐτὴν
2285 5631 2703 5702 εἰσπράττονται
2732 5631 2906 5702 δίκην.
2931 5632 3042 5684 Καὶ
3059 5631 3217 5684 τοῦτο
3246 5630 3524 5700 συντόμως
3556 5631 3748 5700 μαθεῖν

2084 5719 2290 5783 ἔξεστιν
2316 5720 2425 5774 ἀπὸ
2456 5719 2550 5773 τοῦ
2577 5719 2742 5790 σοφοῦ
2776 5719 3096 5773 διδασκάλου
3127 5719 3224 5789 τῆς
3264 5718 3612 5789 οἰκουμένη-ς,
3653 5720 3746 5772 τοῦ

2149 5893 2174 5930 (ι
2199 5895 2346 5944 δεμ-ῃ,
2372 5896 2488 5954 εῦα,
2516 5897 2628 5959 ὅπερ
2653 5899 2751 5946 ἐστὶ
2779 5899 2892 5954 ζωή,
2941 5909 2962 5936 ο
3011 5893 3178 5956 Σχεδὸν
3201 5893 3340 5940 dcesl
3365 5893 3416 5940 in
3437 5892 3603 5943 Morei.
