4074 6134
315 285 418 340 169

314 397 588 468 μακαρίου
617 395 828 449 Παύλου
860 395 1024 465 φημὶ,
1074 396 1322 462 λέγοντος
1341 410 1356 428 ⁸
1390 397 1560 450 Ὅσοι
1592 396 1702 465 γὰρ
1748 394 1979 465 ἀνόμως

317 485 604 554 ἥμαρτον,
621 485 854 552 ἀνόμως
883 483 978 535 καὶ
1005 483 1398 537 ἀπολοῦνται’
1418 484 1512 537 καί
1534 483 1667 537 ὅσοι
1691 483 1984 552 ἐννόμωςι

316 574 601 642 ἥμαρτον,
634 570 732 624 διὰ
751 571 936 640 νόμου
979 570 1385 638 κριθήσονται.
1427 571 1492 625 '0
1511 570 1568 624 δέ
1588 569 1734 640 λέγει
1751 570 1988 624 τοιοῦτόν

311 659 496 716 ἐστιν·
528 659 600 711 Οὐ
635 658 734 728 τὴν
780 656 950 728 αὐτὴν
979 655 1209 711 δώσουσι
1248 658 1404 728 δίκην
1434 658 1483 710 οἰ
1529 657 1636 730 πρὸ
1673 657 1766 711 τοῦ
1798 656 1986 726 νόμου,

315 746 412 798 καὶ
443 747 490 798 οἰ
520 743 661 814 μετά
706 744 798 796 τὸν
827 744 992 814 νόμον
1018 783 1033 808 ,
1082 744 1220 798 ἀλλά
1252 744 1560 816 βαρυτέρας
1590 745 1988 814 ὑποστήσονται

314 835 582 905 τιμωρίας
620 834 667 884 οἱ
697 831 838 903 μετά
885 832 984 903 τὴν
1034 831 1127 885 τοῦ
1177 833 1344 903 νόμου
1375 833 1520 887 δόσιν
1560 832 1987 905 ἁμαρτάνοντες.

317 921 480 974 Ὅσοι
505 919 614 989 γὰρ
645 919 878 987 ἀνόμως
911 918 1196 987 ἥμαρτον,
1218 919 1455 989 ἀνόμως
1475 919 1574 972 καί
1595 917 1988 974 ἀπολοῦνταιο

313 1006 593 1061 τουτέστιν
614 1047 628 1070 ,
676 1006 1036 1076 ἡμερωτέραν
1063 1007 1262 1070 ,αὐτοῖς
1299 1009 1444 1059 ποιεῖ
1471 1007 1571 1078 τὴν
1606 1005 1878 1076 τιμωρίαν
1929 1007 1991 1059 τὸ

319 1096 393 1165 μὴ
415 1094 560 1166 ἐχειν
580 1095 679 1164 τὴν
704 1094 810 1147 ἀπὸ
825 1092 917 1146 τοῦ
940 1093 1106 1162 νόμου
1136 1092 1482 1146 διδασκαλίαν
1510 1110 1568 1146 τε
1597 1093 1690 1145 καὶ
1713 1091 1986 1164 βοήθειαν.

314 1183 426 1236 Kal
479 1181 610 1235 ὅσοι
640 1181 710 1234 ἐν
734 1180 894 1249 νόμῳ
927 1179 1211 1249 ἥμαρτον,
1251 1179 1350 1234 διὰ
1368 1180 1556 1248 νόμου
1584 1179 1987 1247 κριθήσονται.

316 1262 476 1323 Οὗτοι
501 1268 578 1332 δὲ,
603 1268 789 1339 φησὶν,
817 1266 1005 1338 ἐπειδὴ
1032 1268 1124 1321 καὶ
1149 1267 1242 1320 τὸν
1271 1266 1436 1338 νόμον
1459 1267 1619 1338 ἔσχον
1647 1267 1989 1330 διδάσκαλον,

317 1359 412 1410 καὶ¹
439 1356 560 1410 οὐδέ
594 1355 768 1417 οὕτως
795 1354 1301 1424 ἐσωφρονίσθησαν,
1339 1353 1476 1407 ἀλλά
1495 1354 1562 1407 τὰ
1591 1353 1732 1407 αὐτά
1765 1354 1992 1417 ἐκείνοις

317 1445 584 1515 ἥμαρτον,
619 1442 842 1513 μείζονα
873 1443 967 1494 καὶ
990 1441 1089 1511 τὴν
1133 1441 1295 1512 δίκην
1323 1441 1533 1494 τίσουσι
1564 1443 1610 1493 ιι,
1661 1441 1798 1494 Ἀλλ’
1828 1441 1993 1495 ἀκού-

321 1545 505 1600 σωμεν
534 1531 630 1582 καὶ
655 1527 763 1581 τῶν
785 1528 1028 1598 σήμερον
1059 1527 1539 1596 ἀναγνωσθέντων.
1579 1527 1687 1582 Kal
1710 1527 1988 1594 ἐκάλεσε,

321 1619 508 1688 φησιν,
559 1617 742 1686 Ἀδὰμ
779 1616 843 1670 τὸ
896 1617 1084 1684 ὄνομα
1111 1615 1224 1684 τῆς
1260 1616 1547 1684 γυναικὸς
1592 1615 1800 1679 αὑτοῦ,
1829 1617 1989 1682 Εὔα,

319 1705 465 1772 ὅπερ
494 1705 622 1757 ἐστί
649 1703 783 1772 ζωὴ,
815 1703 904 1756 ὅτι
933 1705 1087 1772 αὕτη
1098 1703 1296 1772 μήτηρ
1325 1703 1569 1757 πάντων
1601 1702 1720 1756 τῶν
1741 1700 1987 1762 ζώντων.

322 1794 467 1861 Ὅρα
487 1791 587 1860 τῆς
615 1790 764 1853 θείας
790 1791 1016 1861 Γραφῆς
1053 1791 1151 1861 τὴν
1192 1789 1498 1861 ἀκρίϐειαν,
1539 1789 1657 1852 πῶς
1685 1790 1805 1844 οὐδὲ
1835 1790 1993 1844 τοῦτο

322 1880 590 1950 παρῆκεν,
637 1877 753 1932 ἀλλ’
783 1876 1017 1942 ἐδίδαξεν
1049 1879 1218 1948 ἡμᾶς,
1247 1877 1329 1930 ὅτι
1358 1877 1452 1930 καὶ
1480 1879 1545 1946 τῇ
1574 1877 1794 1945 γυναικὶ
1825 1893 1994 1948 προσ-

320 1967 549 2037 ηγορίαν
602 1967 630 2018 6
677 1966 851 2036 Ἀδὰμ
889 1963 1176 2035 ἐπέθηκεν.
1219 1963 1518 2030 Ἐκάλεσε,
1550 1963 1695 2035 γάρ,
1737 1963 1894 2035 φησὶ,
1928 1963 1994 2018 τὸ

323 2055 509 2122 ὄνομα
541 2051 650 2120 τῆς
676 2052 961 2122 γυναικὸς
998 2051 1208 2118 αὐτοῦ,
1236 2052 1382 2116 Εὔα,
1429 2053 1566 2123 ὅπερ
1596 2051 1712 2104 ἐστὶ
1742 2051 1876 2121 ζωὴ,
1905 2051 1995 2106 ὅτι

321 2140 472 2208 αὕτη
496 2139 693 2209 μήτηρ
720 2138 960 2193 πάντων
991 2138 1111 2191 τῶν
1154 2136 1384 2199 ζώντων
1413 2155 1429 2170 ο
1486 2137 1787 2204 τουτέστιν,
1855 2139 1993 2210 αὕτη

323 2228 466 2298 ἀρχή
496 2229 612 2279 ἐστι
663 2226 883 2280 πάντων
930 2225 1038 2278 τῶν
1073 2226 1133 2290 ἐξ
1177 2225 1350 2296 αὐτῆς
1398 2226 1695 2296 ἐσομένων,
1719 2228 1814 2280 καὶ
1844 2225 1991 2299 [151]

326 2313 452 2384 ῥίζα
483 2313 577 2365 καὶ
607 2311 854 2383 θεμέλιος
883 2312 982 2382 τῆς
1015 2312 1151 2382 μετά
1179 2313 1353 2366 ταῦτα
1403 2315 1619 2381 γενεᾶς.
1673 2309 1807 2366 Εἶτα
1857 2315 1998 2385 μετὰ

324 2400 386 2453 τὸ
407 2399 612 2466 διδάξαι
656 2400 802 2469 ἡμᾶς
841 2398 937 2469 τὴν
970 2398 1311 2453 ἐπιτεθεῖσαν
1345 2402 1411 2470 τῇ
1458 2401 1678 2468 γυναικὶ
1728 2418 1996 2471 προσηγο-

329 2487 472 2558 ρίαν,
522 2486 685 2540 πάλιν
728 2478 1000 2540 δείκνυσιν
1028 2488 1160 2556 ἡμῖν
1210 2486 1304 2539 τοῦ
1353 2487 1488 2540 Θεοῦ
1516 2487 1616 2558 τὴν
1662 2487 1996 2560 ἀγαθότητα,

327 2575 474 2637 ὅπως
515 2574 576 2626 οὐ
626 2575 855 2644 περιορᾷ
901 2575 959 2627 ἐν
996 2573 1232 2645 τοσαύτῃ
1278 2574 1508 2647 αἰσχύνῃ
1548 2577 1642 2629 καὶ
1699 2577 1999 2648 γυμνότητι

326 2661 453 2722 τοὺς
493 2660 586 2713 ὑπ’
611 2659 778 2713 αὑτοῦ
811 2660 1333 2731 δημιουργηθέντας.
1366 2662 1476 2715 Καὶ
1526 2663 1799 2731 ἐποίησε,
1841 2666 1998 2734 φησὶ,

328 2746 547 2813 Κύριος
581 2749 614 2800 ό
645 2746 790 2813 Θεὸς
821 2745 899 2812 τῷ
936 2746 1116 2816 Ἀδὰμ
1139 2747 1234 2801 καὶ
1263 2746 1337 2817 τῇ
1361 2748 1597 2818 γυναικί
1625 2749 1812 2804 αὐτοῦ
1831 2750 2001 2819 χιτῶ-

327 2849 441 2897 νας
485 2832 873 2902 δερματίνους
896 2871 912 2898 ,
966 2833 1066 2887 καὶ
1113 2833 1406 2888 ἐνέδυσεν
1458 2836 1698 2902 αὐτούς.
1736 2837 2000 2908 Καθάπερ

327 2921 438 2990 γὰρ
477 2919 657 2992 πατὴρ
691 2919 1063 2991 εὐσπλαγχνος
1096 2921 1263 2974 παῖδα
1284 2921 1424 2991 ἔχων
1447 2914 1644 2994 εὐγενῆ
1664 2935 1712 2987 ο,
1737 2925 1830 2977 καὶ
1861 2926 2002 2995 μετά

331 3008 521 3077 πάσης.
541 3006 859 3076 ἐπιμελείας
888 3008 1344 3079 ἀνατρεφόμενον,
1380 3010 1474 3062 καὶ
1521 3011 1733 3081 τρυφῆς
1785 3011 2002 3082 ἀπάσης

330 3093 694 3156 ἀπολαύοντα,
722 3095 814 3147 καὶ
842 3095 996 3164 ἑστίᾳ
1026 3095 1257 3165 λαμπρᾷ
1287 3097 1643 3166 κεχρημένον,
1677 3098 1772 3152 καὶ
1802 3100 2004 3170 σηρικά

335 3178 526 3248 ἰμάτια
556 3179 1046 3248 περιϐεϐλημένον,
1073 3181 1169 3233 καὶ
1201 3180 1338 3249 μετά
1390 3181 1574 3245 ἀδείας
1613 3186 1678 3252 τῇ
1715 3185 2003 3256 περιουσίᾳ

332 3267 426 3318 καὶ
455 3266 534 3335 τῷ
556 3267 771 3337 πλούτῳ
801 3266 1142 3338 κεχρημένον
1166 3268 1244 3338 τῷ
1273 3269 1545 3338 πατρικῷ,
1593 3269 1735 3340 όρῶν
1776 3271 2002 3342 ὕστερον

330 3353 441 3406 ἀπὸ
466 3353 566 3422 τῆς
593 3353 829 3418 ἀνέσεως
853 3357 1060 3426 ταύτης
1082 3356 1181 3426 τῆς
1215 3355 1412 3427 πολλῆς
1443 3359 1521 3418 εἰς
1541 3359 1784 3429 κρημνὸν
1808 3361 2004 3425 κακίας

333 3438 699 3504 ἐξοκείλαντα,
726 3441 939 3494 πάντων
961 3443 1182 3496 ἐκείνων
1203 3444 1582 3514 ἀποστερήσας
1609 3445 1701 3498 καὶ
1718 3449 1784 3517 τῇ
1807 3447 2003 3501 ἑαυτοῦ

332 3527 553 3597 ἐξουσίᾳ
576 3528 867 3594 ὑποτάξας,
900 3529 994 3582 καὶ
1022 3529 1122 3600 τῆς
1151 3530 1376 3602 ἐσθῆτος
1427 3530 1744 3602 γυμνώσας,
1791 3534 2004 3605 ἱμάτιον

333 3613 550 3677 εὐτελὲς
582 3613 729 3684 αὐτῷ
762 3613 1020 3679 πολλάκις
1069 3618 1162 3670 καὶ
1193 3617 1436 3672 δουλικὸν
1469 3620 1832 3690 περιτίθησιν,
1864 3620 2005 3674 ὥστε

339 3701 413 3772 μὴ
439 3702 615 3772 πάντη
655 3703 860 3773 γυμνὸν
893 3699 1032 3758 εἶναι
1086 3707 1179 3759 καὶ
1228 3708 1559 3778 ἀσχημονεῖν
1584 3727 1597 3739 ·
1628 3708 1770 3762 οὕτω
1813 3710 1875 3781 δὴ
1912 3713 2006 3766 καὶ

333 3792 362 3842 6
382 3789 762 3860 φιλάνθρωπος
796 3791 950 3858 Θεὸς,
997 3794 1183 3865 ἐπειδὴ
1217 3795 1470 3861 ἀναξίους
1492 3796 1721 3860 ἑαυτοὺς
1744 3798 2008 3872 κατέστη-

337 3893 437 3929 σαν
479 3877 572 3930 τοῦ
607 3877 862 3950 λαμπροῦ
913 3882 1122 3935 ἐκείνου
1153 3883 1248 3935 καὶ
1297 3883 1528 3958 φαιδροῦ
1558 3884 1876 3954 ἐνδύματος,
1907 3887 2002 3941 τοῦ

336 3964 775 4034 περιστέλλοντος
804 3967 1001 4030 αὐτοὺς
1021 4007 1036 4032 ,
1066 3969 1160 4020 καὶ
1208 3968 1722 4038 παρασκευάζοντος
1745 3971 1773 4013 ἀ
1803 3975 2004 4027 ἀνωτέ-

336 4067 463 4120 ρους
496 4047 637 4105 εἶναι
667 4053 774 4105 τῶν
799 4053 1128 4122 σωματικῶν
1153 4054 1430 4120 ἀναγκῶν,
1486 4056 1783 4125 γυμνώσας
1808 4060 2005 4124 αὑτοὺς

331 4137 435 4206 τῆς
448 4137 606 4200 δόξης
644 4138 854 4210 ἐκείνης
885 4140 1123 4208 ἀπάσης,
1143 4140 1237 4192 καὶ
1265 4141 1362 4210 τῆς
1385 4142 1757 4210 ἀπολαύσεως,
1787 4141 1854 4215 ἧς
1871 4148 2007 4217 πρό-

324 4239 492 4289 τερον
527 4228 795 4293 μετεῖχον,
837 4227 967 4294 πρὶν
1012 4226 1045 4296 ἢ
1073 4229 1259 4279 πεσεῖν
1290 4228 1352 4280 τὸ
1387 4229 1590 4299 πτῶμα
1622 4232 1782 4285 τοῦτο
1814 4234 1875 4286 τὸ
1914 4253 2008 4305 χα-

325 4309 519 4373 λεπὸν,
567 4311 734 4364 πολὺν
782 4312 911 4382 περὶ
937 4312 1132 4375 αὐτοὺς
1177 4313 1268 4368 τὸν
1311 4311 1490 4369 οἶκτον
1536 4318 2003 4391 ἐπιδεικνύμενος,

326 4395 432 4451 ,καὶ
459 4394 625 4449 ἐλεῶν
651 4396 850 4460 αὐτοὺς
879 4398 978 4469 τῆς
1013 4398 1364 4467 ἐκπτώσεως,
1390 4405 1484 4457 καὶ
1511 4405 1653 4475 ὁρῶν
1683 4406 1882 4480 πολλὴν
1906 4410 2005 4480 τὴν

322 4482 725 4554 ,ἀσχημοσύνην
747 4485 1262 4558 περιϐεϐλημένους,
1285 4491 1378 4543 καὶ
1395 4490 1494 4544 οὐκ
1518 4492 1749 4558 εἰδότας,
1774 4495 1802 4548 ὅ
1825 4513 1880 4548 τι
1911 4496 2005 4550 καὶ

326 4573 624 4642 πράξουσι,
658 4574 795 4645 πρὸς
817 4576 876 4629 τὸ
912 4576 986 4648 μὴ
1017 4581 1259 4649 γυμνοὺς
1290 4574 1430 4635 εἶναι
1459 4583 1554 4636 καὶ
1588 4586 2004 4658 ἐνασχημονεω,

325 4661 567 4733 χιτῶνας
620 4661 801 4724 αὐτοῖς
871 4664 1160 4733 ἐργάζεται
1223 4667 1581 4738 δερματίνους
1633 4671 1727 4726 καὶ
1777 4675 2004 4745 ἀμφιέν-

329 4763 476 4802 νυσι.
510 4745 745 4801 Τοιαῦτα
769 4749 877 4820 γὰρ
895 4750 962 4802 τὰ
986 4751 1133 4821 παρά
1160 4751 1254 4805 τοῦ
1281 4765 1304 4792 ε
1326 4753 1571 4809 διαϐόλου
1605 4761 1998 4832 μηχανήματα·

323 4836 554 4891 ἐπειδὰν
565 4838 672 4909 γάρ
688 4838 821 4910 εὕρῃ
834 4841 959 4904 τοὺς
973 4840 1120 4911 αὐτῷ
1135 4841 1509 4912 πειθομένους,
1527 4845 1615 4898 διά
1624 4847 1722 4916 τῆς
1741 4847 1998 4920 βραχείας

323 4923 526 4995 -ἡδονῆς
554 4926 938 4991 ὑποσκελίσας,
963 4928 1058 4980 καὶ
1079 4929 1159 4991 εἰς
1183 4929 1346 4982 αὐτὸν
1376 4931 1476 5000 τῆς
1501 4932 1696 4998 κακίας
1726 4937 1815 4990 τὸν
1842 4938 2002 5007 βυθὸν

329 5013 664 5080 ’καταγαγὼν
697 5011 742 5079 ί,
769 5015 864 5068 καὶ
896 5015 1076 5084 πάσης
1117 5015 1378 5087 αἰσχύνης
1408 5019 1499 5072 καὶ
1525 5020 1748 5091 ἀτιμίας
1781 5025 2002 5097 πληρώ-

325 5115 455 5161 ρσας,
491 5099 682 5168 ἀφίησι
721 5099 934 5154 κεῖσθαι
966 5101 1136 5166 κάτω,
1169 5102 1398 5157 ἐλεεινὸν
1430 5105 1610 5176 θέαμα
1637 5111 1744 5171 τοῖς
1778 5110 1996 5182 ὁρῶσιν.

349 5185 486 5236 Ἀλλ’
520 5188 548 5238 6
577 5188 684 5239 τῶν
725 5188 1006 5258 ἡμετέρων
1027 5188 1215 5259 ψυχῶν
1244 5190 1514 5261 κηδεμὼν,
1547 5194 1688 5264 ὁρῶν
1719 5197 1915 5261 αὐτοὺς
1943 5201 2000 5252 ἐν

319 5272 618 5341 εάμηχανία
660 5273 849 5344 πολλῇ,
895 5275 1017 5327 οὐδέ
1061 5274 1204 5328 οὕτω
1249 5277 1508 5347 περιιδεῖν
1556 5281 1829 5351 ἀνέχεται,
1864 5285 2002 5340 ἀλλά

249 5427 253 5432 ι
323 5357 546 5427 «σκέπην
573 5358 754 5422 αὐτοῖς
789 5361 1009 5425 ἐπινοεῖ,
1039 5361 1126 5414 διά
1151 5363 1251 5433 τῆς
1277 5364 1550 5430 εὐτελείας
1575 5367 1668 5419 τοῦ
1702 5368 2000 5439 ἐνδύματος

321 5446 546 5511 δεικνὺς
589 5447 770 5514 αὐτοῖς
812 5449 938 5503 οἵων
973 5451 1196 5514 ἑαυτοὺς
1243 5452 1583 5523 κατέστησαν
1623 5453 1806 5519 ἀξίους
1850 5458 2000 5512 ἐνδυ-

327 5550 540 5603 μάτων.

397 5702 543 5772 ἐοχ
584 5707 940 5772 ηιςμριδιινίι.
989 5711 1037 5758 ἐν
1075 5709 1246 5772 νόμῳη
1289 5708 1317 5772 ιι
1360 5710 1562 5772 ρυὶεἰιιιη
1607 5724 1716 5758 mss.
1765 5713 1988 5762 elSavil.

333 5764 696 5820 ὐποστήσονται.
767 5771 788 5800 ⁸
825 5773 1042 5827 Quatuor
1060 5764 1396 5827 ωδὲ.ἐύειδῆ.’
1445 5769 1472 5806 τι
1498 5772 1591 5817 Alii
1618 5776 1994 5829 κατασκευάζον-

331 5839 427 5890 τος.
499 5842 521 5867 ο
549 5829 695 5898 βοτη,
725 5836 776 5876 el
796 5831 876 5879 alii
975 5849 1018 5878 τι
1039 5834 1118 5906 καὶ
1137 5830 1404 5906 ,πράξουσα
1442 5829 1657 5906 Τοιαῦτξ
1681 5832 1769 5906 γὰρ
1789 5835 1846 5882 τὰ
1870 5836 1996 5898 ποιρά

329 5883 439 5941 τοῦ,
467 5889 657 5936 οωίεςίε
682 5891 1001 5942 inlcrmcdiis.
1076 5891 1094 5932 ῐ
1123 5883 1326 5953 Αιῖτμιοι
1352 5905 1462 5941 mss.
1505 5883 1798 5940 καταϐαλών.

1093 281 1150 336 S.
1192 281 1478 337 JO.\NNIS
1516 277 1996 338 ειιιιϊεοετυιιι

2101 278 2364 336 RCHIEP.
2406 281 2953 340 CONSTANTIX’OP.

3638 286 3745 343 150

2069 451 2076 455 ,
2159 395 2268 448 Καὶ
2300 397 2552 465 ἐποίησε
2590 400 2804 465 Κύριος
2834 401 2867 452 ό
2907 398 3049 465 Θεὸς
3080 399 3160 466 τῷ
3206 399 3387 469 Ἀδὰμ
3418 400 3517 454 καί
3545 400 3618 469 τῇ
3647 420 3750 472 τυ-

2085 483 2244 536 ναικὶ
2276 484 2462 538 αὐτοῦ
2488 483 2746 552 χιτῶνας
2768 485 3181 556 δερματίνους,
3212 487 3311 540 καί
3341 486 3635 542 ἐνέδυσεν
3648 490 3760 542 αὐ-

2087 569 2249 635 τούς.
2295 571 2438 642 Ὅρα
2467 571 2607 641 πόση
2636 571 2736 641 τῆς
2775 571 2927 635 θείας
2977 573 3199 643 Γραφῆς
3243 574 3277 644 ἡ
3322 575 3754 642 συγκατάϐασις.

2101 655 2237 708 Ἀλλ’
2266 656 2402 728 ὅπερ
2455 657 2713 721 πολλάκις
2753 653 2929 722 εἷπον,
2962 659 3056 714 καὶ
3094 659 3188 714 νῦν
3231 661 3403 730 λέγωο
3435 661 3758 738 θεοπρεπῶς

2091 743 2306 798 ἅπαντα
2339 743 2565 814 νοῶμεν,
2608 745 2699 798 καὶ
2737 747 2818 810 τὸ,
2873 745 3216 814 Ἐποίησεν,
3251 749 3371 802 ἀντὶ
3415 748 3530 813 τοῦ,
3575 751 3757 820 Προσο

2090 828 2296 894 έταξεν,
2322 831 2550 902 νοῶμεν.
2595 831 2878 886 Ἐκέλευσε
2911 833 3144 902 χιτῶνας
3179 834 3532 907 δερματίνους
3560 837 3756 907 αὐτοὺς

2089 915 2475 986 περιϐαλέσθαι
2501 920 2528 958 ⁸
2562 917 2862 989 ὑπόμνημα
2896 919 3140 989 διηνεκὲς
3168 921 3266 993 τῆς
3297 923 3600 994 παρακοῆς.

2163 1005 2227 1074 β’.
2259 1006 2632 1062 Ἀκουέτωσαν
2669 1010 2718 1062 οἰ
2752 1009 3130 1075 πλουτοῦντες,
3161 1014 3210 1066 οἰ
3244 1014 3620 1084 ἐντρυφῶντες
3641 1017 3757 1081 τοῖς

2088 1091 2195 1144 τῶν
2224 1093 2521 1163 σκωλήκων
2555 1097 2778 1166 νήμασι,
2816 1098 2911 1151 καὶ
2943 1097 3014 1151 τά
3042 1100 3247 1170 σηρικά
3278 1101 3755 1172 περιϐαλλόμενοι,

2091 1179 2185 1231 καὶ
2220 1179 2642 1260 μανθανέτωσαν
2662 1183 2780 1246 πῶς
2802 1183 2860 1246 ἐξ
2884 1185 3056 1256 ἀρχῆς
3082 1186 3176 1239 καὶ
3203 1189 3267 1240 ἐκ
3297 1190 3598 1260 προοιμίων
3625 1209 3760 1246 παι-

2089 1264 2258 1318 δεύων
2287 1266 2385 1337 τὴν
2413 1254 2760 1340 ἀνθρωπίνην
2788 1254 2949 1341 φύσιν
2980 1254 3020 1325 6
3042 1254 3423 1346 φιλάνθρωπος
3456 1254 3756 1350 Ᾰεσπότης,

2092 1353 2280 1423 ἐπειδὴ
2328 1353 2415 1407 διὰ
2459 1355 2557 1426 τὴν
2608 1358 2920 1428 παράϐασιν
2953 1360 3032 1430 τῷ
3082 1360 3348 1434 ἐπιτιμίῳ
3378 1365 3474 1419 τοῦ
3525 1366 3756 1422 θανάτου

2093 1440 2314 1509 γέγονεν
2350 1443 2652 1506 ὑπεύθυνος
2685 1447 2713 1498 6
2751 1447 3194 1517 πρωτόπλαστος,
3233 1452 3401 1523 ἐχρῆν
3439 1454 3496 1508 δὲ
3543 1456 3760 1525 ἱμάτιον

2092 1527 2242 1598 αὐτῷ
2276 1529 2627 1600 περιτεθῆναι
2659 1531 2719 1585 τὺ
2736 1533 2836 1604 τὴν
2866 1534 3130 1606 αἰσχύνην
3159 1537 3454 1604 καλύπτον,
3496 1541 3759 1612 δερματί-

2091 1630 2215 1677 νους
2241 1615 2422 1679 αὐτοῖς
2441 1617 2665 1688 ἐποίησε
2694 1619 2947 1689 χιτῶνας,
2965 1622 3232 1678 διδάσκων
3255 1627 3400 1697 ἡμᾶς
3423 1628 3645 1697 φεύγειν
3667 1630 3760 1684 τδν

2095 1701 2259 1773 ὑγρὸν
2289 1703 2382 1756 καὶ
2411 1703 2789 1776 διαλελυμένον
2812 1707 2945 1777 βίον,
2986 1709 3080 1763 καὶ
3117 1712 3193 1782 μὴ
3221 1712 3314 1765 τὸν
3343 1715 3626 1785 ἀνειμένον
3661 1720 3756 1771 καὶ

2095 1787 2354 1858 βλακείας
2385 1790 2622 1862 γέμοντα
2648 1793 3026 1864 μεταδιώκειν,
3050 1797 3186 1852 ἀλλά
3205 1800 3296 1853 τὸν
3323 1800 3594 1874 αὐστηρὸν
3623 1805 3758 1874 μᾶλ-

2093 1874 2184 1962 λον
2225 1875 2382 1948 [152]
2407 1878 2769 1943 ἀσπάζεσθαι.
2818 1882 2958 1936 Ἀλλ’
3012 1885 3144 1948 ἴσως
3182 1887 3475 1959 ἀχθόμενοι
3512 1893 3647 1962 πρὸς
3689 1893 3759 1947 τά

2094 1960 2366 2034 λεγόμενα
2403 1966 2455 2018 οἰ
2492 1966 2851 2035 πλουτοῦντες
2889 1972 3074 2043 ἐροῦσι
3095 1989 3109 2001 ·
3139 1974 3206 2027 Τί
3251 1971 3380 2042 οὖν;
3407 1960 3760 2048 δερματίνους

2096 2050 2245 2118 ἡμᾶς
2281 2052 2514 2122 χιτῶνας
2543 2055 2788 2121 κελεύεις
2820 2058 3244 2129 περιϐαλέσθαι;
3281 2064 3356 2117 Οὐ
3387 2062 3546 2118 τοῦτο
3583 2066 3754 2135 λέγω·

2096 2136 2218 2190 οὑδέ
2246 2137 2356 2210 γὰρ
2404 2141 2600 2195 ἐκεῖνοι
2639 2144 2719 2207 εἰς
2750 2144 2812 2197 τὸ
2839 2145 3085 2218 διηνεκὲς
3127 2149 3357 2214 ἐκείνοις
3392 2155 3506 2216 τοῖς
3537 2153 3762 2223 χιτῶσιν

2099 2223 2394 2313 ἐκέχρηντο
2418 2242 2432 2256 ’
2467 2230 2498 2283 6
2526 2229 2636 2301 γάρ
2661 2231 3043 2304 φιλάνθρωπος
3074 2236 3354 2309 Δεσπότης
3383 2239 3472 2293 ἀεὶ
3493 2243 3614 2304 ταῖς
3638 2259 3765 2313 προ-

2097 2309 2386 2401 λαϐούσαις
2419 2313 2760 2384 εὐεργεσίαις
2779 2319 2973 2392 ἐτέρας
3001 2323 3376 2394 προστίθησιν.
3414 2327 3632 2399 Ἐπειδὴ
3655 2309 3763 2401 γάρ

2097 2397 2282 2452 λοιπὸν
2305 2401 2638 2468 ὑπευθύνους
2664 2407 2888 2472 ἑαυτοὺς
2917 2410 3262 2482 κατέστησαν
3287 2416 3408 2478 ταῖς
3424 2397 3765 2486 σωματικαῖς

2099 2483 2386 2573 ἀνάγκαις,
2420 2489 2518 2558 τῆς
2557 2490 2824 2557 ἀπαθείας
2856 2494 3069 2566 ἐκείνης
3103 2500 3198 2551 καὶ
3233 2501 3331 2569 τῆς
3368 2483 3662 2573 ἀγγελικῆς
3689 2503 3770 2556 δι-

2099 2572 2319 2659 αγωγῆς
2363 2574 2848 2648 ἀποστερηθέντες,
2888 2582 3028 2650 μετά
3057 2583 3230 2639 ταῦτα
3259 2572 3629 2659 ᾠκονόμησεν,
3657 2590 3770 2644 ἀπδ

2098 2657 2206 2710 τῶν
2249 2659 2412 2731 ἐρίων
2445 2664 2551 2717 τῶν
2581 2665 2867 2736 προϐάτων
2905 2669 2974 2724 τὰ
3003 2670 3278 2742 ἐνδύματα
3315 2657 3768 2747 τοῖς-ἀνθρώποις

2101 2749 2632 2817 κατασκευάζεσθαι,
2661 2754 2874 2819 οὐδενὸς
2889 2757 3075 2828 ἐτέρου
3099 2759 3308 2827 ἕνεκεν,
3333 2761 3366 2833 ἢ
3386 2762 3526 2817 ὥστε
3558 2763 3770 2836 σκέπην

2101 2833 2376 2900 γενέσθαι,
2413 2837 2509 2890 καὶ
2544 2839 2619 2911 μὴ
2658 2841 2720 2893 τὸ
2743 2841 2960 2912 λογικὸν
2992 2845 3151 2901 τοῦτο
3179 2847 3316 2912 ζῶον
3353 2850 3496 2904 κατὰ
3539 2851 3601 2905 τὸ
3636 2833 3770 2906 αὐτὸ

2101 2926 2215 2986 τοῖς
2247 2925 2461 3014 ἀλόγοις
2501 2930 2558 2982 ἐν
2591 2933 2891 3004 γυμνότητι
2925 2938 3019 2990 καὶ
3046 2939 3401 3014 ἀσχημοσύνῃ
3432 2942 3659 3013 διάγειν.
3703 2945 3770 2998 Ἦ

2101 3013 2429 3100 τοίνυνλτῶν
2473 3017 2701 3087 ἱματίων
2735 3023 2996 3095 περιϐολὴ
3039 3026 3344 3099 ὑπόμνησις
3370 3013 3501 3100 ημῖν
3529 3031 3772 3100 γενέσθω

2103 3097 2355 3189 διηνεκὴς
2378 3101 2477 3172 τῆς
2501 3104 2608 3156 τῶν
2637 3107 2860 3175 ἀγαθῶν
2881 3111 3061 3166 ἐκπτὼ
3072 3130 3226 3178 σεως,
3244 3097 3348 3170 καὶ
3495 3097 3771 3189 τιμωρίας

2103 3183 2441 3278 διδασκαλία,
2477 3193 2542 3260 ἣν
2567 3191 2656 3245 διὰ
2687 3194 2786 3266 τὴν
2819 3199 3108 3270 παρακοὴν
3133 3201 3194 3254 τὸ
3214 3201 3328 3278 τῶν
3353 3183 3657 3274 ἀνθρώπων
3676 3206 3769 3276 γέ-

2104 3289 2193 3366 νος
2235 3273 2473 3340 ἐδέξατο.
2505 3279 2831 3349 Λεγέτωσαν
2864 3286 3042 3340 τοίνυν
3065 3290 3199 3360 ἡμῖν
3215 3273 3274 3344 ὀί
3304 3273 3542 3365 τοσαύτῃ
3566 3273 3772 3366 κεχρη-

2108 3361 2259 3430 μένοι
2289 3367 2356 3435 τῇ
2391 3370 2683 3442 φαντασία,
2713 3371 2789 3436 ὡς
2821 3375 2955 3444 μηδὲ
2985 3376 3186 3431 εἰδέναι
3212 3378 3397 3434 λοιπὸν
3438 3361 3770 3436 τάν-ἀπδτῶ

2106 3448 2265 3543 ἐρίου.
2287 3450 2394 3504 τῶν
2430 3456 2717 3543 προϐάτων
2762 3460 3054 3532 ἐνδύματα,
3088 3465 3224 3520 ἀλλά
3261 3467 3330 3521 τά
3367 3468 3569 3540 σηρικά
3617 3489 3772 3543 περι·

2105 3533 2424 3624 ϐαλλόμενοι
2450 3540 2544 3594 καὶ
2567 3544 2647 3607 εἰς
2671 3545 2925 3601 τοσοῦτον
2950 3549 3318 3617 ἐξοκείλαντες
3347 3533 3564 3624 μανίας,
3581 3557 3656 3620 ῶς
3676 3533 3774 3610 καὶ

2105 3623 2336 3713 χρυσίον
2351 3629 2696 3696 συνυφαίνειν
2718 3635 2830 3697 τοῖς
2855 3635 3116 3707 ἐνδύμασι
3137 3655 3152 3669 ο
3181 3623 3413 3710 μάλιστα
3444 3642 3555 3713 γάρ
3582 3644 3643 3697 τὸ
3662 3645 3772 3696 τῶν

2106 3711 2379 3800 γυναικῶν
2399 3714 2556 3781 γένος
2578 3717 2783 3788 ταύτην
2806 3722 2935 3791 ἡμῖν
2958 3723 3327 3780 ἐπιδείκνυται
3351 3729 3450 3800 τὴν
3482 3711 3737 3799 βλακείαν
3754 3750 3769 3763 ο

2104 3796 2250 3887 τίνος
2286 3800 2397 3871 γάρ
2429 3802 2636 3867 ἐνεκεν,
2670 3807 2791 3861 είπέ
2825 3826 2936 3878 μοι,
2967 3811 3178 3877 τούτοις
3218 3815 3279 3868 τὸ
3311 3796 3771 3887 σῶμα-καλλωπί-

2107 3883 2241 3972 ςεις,
2278 3887 2374 3941 καὶ
2404 3890 2616 3961 χαίρεις
2640 3897 2707 3964 τῇ
2733 3895 2984 3951 ἐντεῦθεν
3011 3900 3294 3972 περιϐολῇ,
3323 3883 3417 3957 καῖ
3449 3905 3550 3959 οὐκ
3569 3907 3770 3971 ἐννοεῖς

2104 3969 2188 4066 ὅτι
2222 3973 2342 4066 ἀντὶ
2374 3976 2640 4066 μεγίστης
2665 3983 2938 4066 τιμωρίας
2966 3969 3175 4058 διὰ
3197 3969 3507 4059 παράϐασιν
3531 3993 3563 4064 ἡ
3589 3969 3770 4066 σκέπη

2105 4057 2246 4148 αὕτη
2279 4062 2548 4136 ἐπενοήθη
2567 4082 2581 4130 ;
2601 4065 2700 4120 Διά
2721 4068 2773 4122 τί
2799 4069 2907 4141 γὰρ
2933 4071 3007 4143 μὴ
3031 4057 3247 4140 ἀκούεις
3263 4057 3476 4132 Παύλου
3495 4057 3768 4148 λέγοντοςί

2112 4146 2391 4214 Ἔχοντες
2413 4150 2734 4232 διατροφὰς
2762 4156 2863 4210 καί
2897 4159 3315 4230 σκεπάσματα,
3338 4146 3578 4231 τούτοις
3599 4166 3772 4234 ἀρκε-

2106 4237 2489 4322 σθησόμεθα;
2529 4241 2691 4311 Ὁρᾷς
2717 4242 2800 4296 ὅτι
2847 4244 2965 4309 ἐνὸς
3001 4247 3164 4317 μόνου
3203 4249 3285 4302 δεῖ
3314 4252 3642 4322 φροντίζειν,
3674 4255 3769 4307 τοῦ

2110 4320 2185 4412 μῂ
2212 4321 2584 4412 γυμνὸνγεῖναι
2613 4327 2674 4380 τὸ
2703 4329 2880 4400 σῶμα,
2913 4331 3008 4386 τοῦ
3040 4335 3339 4390 σκέπεσθαι
3359 4320 3530 4408 μόνον
3560 4341 3612 4404 h,
3666 4357 3770 4412 μηο

2107 4407 2224 4460 κέτι
2256 4409 2314 4461 δὲ
2357 4411 2452 4464 καὶ
2481 4415 2607 4484 περὶ
2638 4415 2898 4488 διαφορᾶς
2925 4419 3152 4490 ἐσθῆτος
3177 4407 3431 4493 φροντίδα
3455 4407 3766 4492 ποιεῖσθαιξ

2119 4495 2258 4581 ξΑλλξ
2288 4498 2381 4551 ἐπὶ
2415 4499 2510 4570 τὴν
2538 4501 2857 4560 ἀκολουθίαν
2883 4505 3146 4578 ἔλθωμεν·
3180 4511 3291 4565 Kal
3321 4508 3493 4567 εἷπεν
3528 4515 3561 4568 ὁ
3591 4516 3735 4581 Θεὸς
3753 4533 3768 4548 ο

2119 4577 2273 4634 Ἰδοὺ
2317 4581 2490 4652 Ἀδὰμ
2525 4583 2768 4654 γέγονεν
2796 4588 2876 4653 ὠς
2900 4583 2988 4654 εἷς
3009 4577 3080 4655 ἐξ
3098 4590 3288 4660 ήμῶν,
3317 4594 3423 4650 τοῦ
3451 4577 3770 4665 γινώσκεὶν

2105 4665 2298 4719 καλὸν
2339 4667 2435 4720 καὶ
2471 4672 2759 4738 πονηρόν.
2804 4673 2915 4728 Καὶ
2946 4676 3063 4730 νῦν
3101 4674 3335 4746 μήποτε
3369 4680 3607 4751 ἐπιτείνῃ
3657 4683 3771 4751 τὴν

2103 4751 2274 4820 χεῖρα
2298 4755 2506 4820 αὐτοῦ,
2541 4758 2637 4810 καί
2668 4758 2822 4828 λάϐῃ
2851 4761 2969 4816 ἀπὸ
2999 4764 3104 4819 τοῦ
3128 4764 3321 4830 ξύλου
3349 4768 3460 4836 τῆς
3475 4767 3645 4838 ζωῆς,
3671 4771 3768 4823 καί

2103 4839 2264 4911 φάγῃ
2299 4842 2398 4896 καί
2429 4842 2667 4912 ζήσεται
2699 4849 2786 4912 εἰς
2813 4848 2921 4902 τόν
2959 4848 3164 4905 αἰῶνα.
3200 4853 3310 4908 Καὶ
3338 4854 3769 4920 ἐξαπέστειλεν

2103 4927 2290 4982 αὐτὸν
2313 4931 2527 4998 Κύριος
2552 4934 2587 4988 ὁ
2614 4933 2757 5000 Θεὸς
2777 4935 2846 4989 ἐκ
2877 4937 2981 4991 τοῦ
3002 4939 3371 5008 παραδείσου
3386 4942 3497 5011 τῆς
3515 4943 3768 5012 τρυφῆς,

2101 5013 2444 5083 ἐργάζεσθαι
2474 5017 2588 5087 τὴν
2624 5019 2743 5089 γῆν
2779 5021 2848 5086 ἐξ
2877 5017 2953 5094 ἧς
2983 5023 3236 5096 ἐλήφθη.
3271 5029 3414 5101 Ὅρα
3441 5030 3603 5084 πάλιν
3633 5031 3769 5084 Θεοῦ

2105 5103 2534 5170 συγκατάϐασιν.
2564 5107 2676 5160 Kal
2701 5109 2850 5172 εἷπε,
2885 5110 3040 5181 φησί,
3083 5115 3300 5182 Κύριος
3325 5119 3360 5171 ό
3394 5118 3572 5184 Θεόςο
3611 5118 3768 5172 Ἰδοὺ

2117 5189 2286 5259 Ἀδὰμ
2314 5191 2560 5261 γέγονεν
2578 5194 2659 5258 ὡς
2691 5191 2778 5261 εἷς
2804 5196 2874 5261 ἐξ
2893 5198 3081 5267 ἡμῶν,
3111 5201 3217 5254 τοῦ
3239 5203 3556 5272 γινώσκειν
3578 5207 3771 5260 καλὸν

2103 5275 2201 5329 καὶ
2247 5280 2537 5346 πονηρόν.
2570 5277 2724 5344 Εἶδες
2765 5285 2905 5354 πόση
2948 5286 3048 5356 τῆς
3093 5287 3290 5355 λέξεως
3334 5291 3368 5347 ή
3406 5291 3768 5358 ταπείνωσις;

2103 5360 2373 5452 Ταῦταῗδὲ
2402 5365 2616 5422 ἅπαντα
2646 5368 2966 5436 θεοπρεπῶς
2999 5373 3231 5444 νοῶμεν.
3263 5376 3522 5432 Βούλεται
3550 5379 3661 5452 γάρ
3686 5381 3769 5434 ἐν-

2100 5449 2271 5538 ταῦθα
2295 5451 2382 5506 διὰ
2413 5455 2520 5508 τῶν
2555 5456 2815 5527 ῥημάτων
2840 5459 3046 5514 τούτων
3072 5464 3173 5533 τῆς
3209 5465 3427 5536 ἀπάτης
3462 5449 3769 5538 ήμάςὺπφ

2105 5535 2328 5606 μνῆσαι,
2360 5540 2426 5609 ἣν
2445 5542 2806 5613 ἠπατήθησαν
2825 5545 2931 5598 ὑπὸ
2959 5546 3050 5600 τοῦ
3079 5547 3326 5604 διαϐόλου
3346 5535 3434 5604 διά
3450 5535 3545 5605 τοῦ
3567 5552 3764 5623 ὄφεως.

2115 5625 2331 5698 Ἐπειδὴ
2363 5629 2470 5700 γὰρ
2501 5630 2685 5701 ἔλεγεν
2715 5636 2943 5702 ἐκεῖνος,
2979 5637 3061 5691 ὅτι
3099 5639 3241 5694 Ἐὰν
3264 5639 3520 5711 φάγητε,
3549 5640 3770 5698 ἔσεσθε

2173 5902 2197 5940 8
2219 5897 2318 5951 Alii
2339 5903 2715 5963 περιϐεϐλῆσθαι.
2786 5905 2812 5944 ³
2836 5907 2984 5959 Savu.
3014 5913 3065 5960 et
3091 5911 3178 5966 alii
3193 5911 3306 5962 αὐτο
3335 5911 3493 5974 μόνον.
