4074 6134
258 324 362 379 ΜΟ

257 434 406 487 orbis
440 429 658 484 doctore
695 425 1087 497 sapientissimo
1112 466 1126 491 ,
1174 424 1329 478 beato
1379 420 1544 475 Paulo
1588 419 1799 488 inquam
1824 459 1841 485 ,

257 526 469 579 discere
502 538 783 591 possumus
808 563 820 587 ,
864 522 952 591 qui
992 520 1122 575 dicit
1163 538 1176 573 :
1222 519 1532 588 Quicumque
1567 516 1700 569 enim
1739 514 1848 567 sine

261 618 372 686 lege
400 629 730 685 peccaverunt
751 654 766 679 ,
809 614 916 667 sine
944 613 1051 682 lege
1079 612 1227 664 etiam
1253 609 1481 679 peribunt
1504 622 1523 661 :
1549 618 1595 661 et
1622 607 1848 675 quicum-

254 725 353 779 que
382 708 436 761 in
465 708 570 776 lege
594 719 803 777 peccave
834 714 920 757 unt
946 743 958 766 ,
992 720 1081 771 per
1101 704 1256 772 legem
1274 698 1643 770 judicabuntur
1667 696 1843 758 (Rom.

254 797 455 868 2.12).
491 796 582 851 llis
620 796 795 850 verbis
837 794 1139 863 significat,
1185 806 1290 846 non
1333 788 1575 844 eamdem
1625 787 1847 840 luituros

264 903 476 955 pinnam
526 902 621 942 eos
664 887 754 955 qui
793 894 918 940 ante
961 885 1129 953 legem
1163 924 1177 947 ,
1209 890 1262 937 et
1289 896 1381 935 eos
1408 880 1496 949 qui
1527 889 1647 947 post
1674 877 1845 947 legem

260 987 636 1046 peccaverunt.
669 974 896 1031 Gravius
919 975 1059 1027 enim
1095 973 1380 1042 punientur
1406 969 1495 1039 qui
1525 976 1646 1037 post
1675 967 1845 1036 legem

259 1068 437 1121 datam
465 1068 821 1136 peccaverint.
851 1066 984 1119 Nam
1010 1064 1317 1132 Quicumque
1335 1062 1442 1115 sine
1470 1061 1576 1130 lege
1604 1076 1844 1130 peccave-

259 1168 401 1223 runt,
434 1159 585 1211 etiam
613 1157 721 1210 sine
746 1156 854 1226 lege
891 1154 1119 1224 peribunt
1149 1170 1166 1207 :
1194 1151 1431 1221 proﬁciet
1454 1151 1558 1205 illis
1583 1151 1648 1203 ad
1679 1150 1847 1203 levio-

261 1262 376 1301 rem
412 1262 629 1316 pcenam
654 1288 669 1311 ,
697 1246 838 1316 quod
874 1246 1003 1314 legis
1042 1244 1281 1299 doctrina
1311 1252 1365 1297 et
1392 1241 1715 1296 adminiculo
1753 1256 1844 1295 ca-

264 1339 494 1392 ruerint.
524 1337 590 1392 Et
612 1338 912 1406 quicumque
947 1338 1035 1389 sub
1062 1335 1167 1405 lege
1192 1341 1541 1404 peccaverunt,
1575 1348 1662 1401 per
1686 1332 1845 1401 legem

259 1438 307 1483 et
327 1428 716 1498 judicabuntur.
745 1428 832 1482 isti
863 1468 879 1494 ,
910 1427 1098 1495 inquit,
1128 1426 1248 1494 quia
1276 1434 1328 1479 et
1349 1423 1521 1493 legem
1548 1421 1847 1475 habuerunt

262 1519 572 1588 magistram
599 1558 614 1584 ,
649 1526 702 1572 et
728 1532 900 1586 neque
926 1517 1004 1571 sic
1041 1514 1309 1570 emendati
1348 1522 1471 1567 sunt
1497 1553 1513 1577 ,
1536 1511 1629 1566 sed
1659 1510 1842 1564 eadem

261 1626 383 1677 quae
414 1609 488 1661 illi
520 1615 872 1677 peccaverunt
902 1648 918 1674 ,
949 1607 1246 1677 graviorem
1274 1617 1485 1673 quoque
1511 1615 1722 1671 pcenam
1748 1599 1845 1654 da-

263 1701 415 1753 bunt.
455 1699 561 1755 Sed
604 1698 881 1753 audiamus
927 1712 1045 1767 quae
1086 1696 1242 1751 hodie
1284 1704 1408 1750 sunt
1440 1695 1595 1749 lecta.
1641 1692 1731 1748 20.
1779 1690 1845 1744 Et

263 1794 476 1859 vocavit,
508 1792 699 1862 inquit,
732 1791 894 1844 Adam
921 1806 1100 1844 nomen
1118 1789 1291 1842 uxoris
1316 1802 1441 1853 sure,
1472 1785 1598 1850 Eua,
1629 1785 1685 1837 id
1711 1782 1847 1853 quod

264 1895 337 1939 est
362 1886 483 1951 vita,
515 1885 635 1954 quia
653 1884 765 1955 ipsa
789 1892 949 1937 mater
976 1882 1200 1936 omnium
1224 1880 1513 1933 viventium.
1542 1876 1677 1931 Vide
1706 1875 1845 1931 divi-

267 1992 349 2030 nae
391 1977 682 2045 Scriptura:
710 1975 1059 2045 diligentiam,
1083 1971 1351 2044 quomodo
1382 1986 1555 2042 neque
1584 1969 1686 2024 hoc
1707 1985 1845 2039 prae.

270 2069 413 2132 terit,
441 2068 537 2122 sed
564 2068 721 2123 docet
743 2082 865 2129 nos,
891 2065 1153 2121 Adamum
1194 2066 1357 2119 etiam
1395 2063 1606 2118 mulieri
1650 2078 1845 2116 nomen

268 2159 606 2227 imposuisse.
687 2157 890 2213 Vocauit
919 2198 934 2223 ,
993 2158 1199 2227 inquit,
1245 2173 1424 2211 nomen
1497 2156 1673 2210 uxoris
1743 2138 1850 2209 sine

269 2248 416 2312 Eva,
462 2249 516 2302 id
571 2257 645 2303 est
692 2250 793 2303 vita
823 2264 841 2302 :
872 2249 990 2318 quia
1022 2249 1134 2317 ipsa
1185 2257 1346 2301 mater
1395 2256 1466 2301 est
1509 2247 1731 2301 omnium
1768 2247 1846 2300 vi-

268 2340 532 2393 ventium:
567 2342 666 2393 hoc
702 2348 823 2405 est,
867 2338 981 2409 ipsa
1015 2348 1098 2393 est
1121 2339 1270 2407 origo
1294 2352 1479 2392 eorum
1527 2337 1617 2407 qui
1652 2352 1717 2393 ex
1760 2336 1849 2391 illa

268 2440 393 2484 sunt
434 2429 594 2484 futuri
614 2470 628 2494 ,
656 2428 912 2499 radixque
947 2438 1001 2484 et
1027 2428 1425 2484 fundamentum
1454 2427 1727 2498 sequentis
1751 2442 1846 2497 ge-

269 2520 580 2574 nerationis.
617 2520 746 2573 Dein
778 2528 1056 2589 postquam
1091 2518 1270 2574 docuit
1309 2534 1407 2573 nos
1434 2517 1703 2587 quomodo
1734 2532 1850 2570 mu-

269 2609 384 2665 lieri
402 2609 705 2678 impositum
719 2625 909 2665 nomen
927 2608 1107 2677 fuerit,
1123 2610 1313 2664 iterum
1324 2608 1558 2664 ostendit
1580 2609 1734 2662 nobis
1756 2607 1849 2662 Dei

218 2715 222 2717 ‘
272 2700 588 2766 bonitatem,
613 2716 733 2770 quae
757 2715 861 2755 non
880 2700 1122 2770 despexit
1137 2714 1231 2755 eos
1246 2701 1337 2770 qui
1360 2714 1389 2753 a
1410 2714 1474 2756 se
1491 2700 1654 2755 creati
1675 2706 1848 2765 erant,

270 2790 327 2844 in
352 2798 495 2844 tanta
524 2790 762 2846 nuditate
788 2799 843 2846 et
868 2791 1154 2861 ignominia
1176 2799 1469 2846 versantes.
1496 2791 1588 2845 2i.
1614 2790 1681 2843 Et
1710 2790 1848 2860 fecit,

271 2882 443 2951 inquit
468 2922 484 2947 ,
514 2880 765 2936 Dominus
791 2880 930 2935 Deus
967 2883 1091 2936 Adae
1116 2892 1159 2936 et
1178 2882 1327 2936 uxori
1350 2882 1489 2936 illius
1516 2891 1671 2937 uestes
1701 2881 1854 2951 pelli-

270 2987 384 3024 ceas
415 3011 432 3037 ,
466 2981 512 3025 et
536 2973 701 3026 induit
725 2973 859 3026 illos.
892 2972 1040 3027 Sicut
1067 2971 1367 3027 misericors
1396 2980 1546 3042 pater
1565 2971 1729 3026 filium
1757 2971 1853 3025 ha-
1895 2967 1907 2978 ’

272 3061 405 3117 hens
432 3063 568 3117 bona
591 3063 767 3118 indole
786 3066 802 3095 ¹
825 3064 1123 3133 praeditum,
1152 3073 1205 3120 et
1230 3063 1375 3119 omni
1394 3078 1521 3118 cura
1548 3064 1851 3127 educatum,

274 3162 328 3205 et
356 3152 621 3207 fruentem
647 3154 893 3209 omnibus
923 3154 1125 3209 deliciis
1149 3195 1165 3220 ,
1215 3162 1364 3209 veste
1394 3153 1556 3207 nitida
1581 3170 1644 3208 ac
1667 3155 1854 3209 sericis

273 3242 526 3297 amictum
552 3284 567 3308 ,
601 3247 942 3316 paternisque
979 3246 1167 3316 opibus
1194 3260 1382 3301 secure
1421 3248 1702 3311 utentem,
1731 3261 1852 3300 cum

275 3335 469 3390 viderit
493 3350 613 3391 cum
642 3338 800 3391 nimia
825 3338 1175 3407 prosperitate
1196 3339 1247 3392 in
1270 3338 1484 3392 malitia:
1502 3338 1851 3409 prmcipitium

274 3430 601 3500 prolapsum,
625 3432 798 3501 privat
821 3432 924 3486 illis
948 3432 1213 3496 omnibus,
1233 3441 1287 3486 et
1313 3446 1422 3486 sua:
1447 3431 1696 3500 potestati
1725 3431 1855 3486 sub-

278 3519 410 3589 iicit,
443 3527 591 3575 veste
612 3521 835 3590 spoliat,
863 3535 926 3575 ac
946 3522 1035 3575 vili
1063 3522 1348 3591 servilique
1367 3522 1560 3577 amictu
1589 3521 1738 3576 illum
1768 3522 1848 3575 in-

275 3611 411 3675 duit,
441 3627 509 3665 ne
534 3612 751 3666 omnino
779 3612 950 3666 nudus
981 3612 1143 3667 sit'et
1175 3614 1343 3681 turpis
1374 3631 1387 3666 :
1421 3612 1492 3666 ita
1522 3620 1575 3666 et
1598 3612 1856 3681 benignus

279 3702 452 3769 Deus,
480 3704 728 3772 quoniam
758 3702 929 3758 Adam
956 3712 1011 3759 et
1039 3704 1146 3757 Eva
1170 3700 1421 3773 indignos
1449 3717 1569 3757 sese
1596 3702 1858 3757 exhibue-

278 3803 403 3848 runt
425 3793 736 3847 indumento
760 3795 989 3864 glorioso
1014 3794 1104 3848 illo
1120 3802 1174 3849 et
1194 3793 1381 3859 nitido,
1405 3808 1511 3864 quo
1536 3793 1860 3848 amicieban-

280 3892 367 3936 tur
396 3923 411 3949 ,
460 3891 517 3938 et
563 3883 705 3951 quod
735 3884 893 3938 nullis
933 3884 1301 3954 corporalibus
1327 3898 1421 3939 eos
1448 3884 1859 3938 necessitatibus

278 3973 540 4030 obnoxios
584 3988 705 4030 esse
732 3976 937 4030 sinebat
966 4017 981 4039 ,
1016 3975 1233 4030 nudavit
1264 3975 1382 4030 illos
1401 3976 1546 4029 omni
1576 3975 1664 4029 illa
1690 3975 1858 4045 gloria

280 4078 335 4121 et
356 4066 627 4134 fruittone,
650 4082 753 4136 qua
773 4078 894 4123 ante
913 4082 1125 4138 gravem
1154 4066 1292 4121 hanc
1313 4067 1518 4121 ruinam
1537 4066 1858 4136 gaudebant:

283 4161 609 4227 multamque
630 4173 752 4228 erga
779 4159 897 4212 illos
924 4160 975 4212 in
1007 4166 1203 4213 tantam
1237 4156 1525 4227 perniciem
1562 4157 1740 4226 lapsos
1768 4172 1863 4211 ex-

284 4247 474 4305 hibens
515 4249 908 4304 miserationem
940 4289 954 4315 ,
1000 4248 1288 4317 vidensque
1318 4262 1508 4317 magno
1537 4246 1737 4317 pudore
1761 4248 1864 4302 cir-

286 4340 557 4395 cumfusos
589 4380 606 4407 ,
637 4340 952 4410 consiliique
997 4335 1184 4409 inopes
1214 4381 1229 4406 ,
1262 4354 1330 4394 ne
1379 4338 1507 4393 nudi
1560 4348 1739 4393 essent
1765 4380 1780 4405 ,
1810 4345 1865 4393 et

290 4429 541 4484 indecore
569 4444 628 4484 se
650 4441 918 4499 gererent,
946 4440 1123 4485 vestes
1149 4429 1277 4498 ipsis
1307 4430 1556 4498 pelliceas
1576 4430 1721 4495 facit,
1752 4443 1864 4484 eos-

284 4535 389 4590 que
412 4519 666 4598 contegit.
689 4519 845 4573 Tales
865 4520 1173 4575 enimsunt’
1190 4520 1386 4574 diaboli
1409 4520 1859 4575 machinationes:

285 4614 332 4668 si
361 4612 573 4681 quando
593 4612 733 4667 enim
755 4610 961 4682 aliquos
984 4612 1245 4666 invenerit
1268 4610 1357 4681 qui
1379 4611 1478 4665 sibi
1503 4618 1743 4680 pareant,
1772 4625 1865 4667 eos

288 4702 558 4771 voluptate
573 4702 799 4771 quadam
821 4701 1029 4757 modica
1057 4701 1447 4771 supplantatos,
1476 4710 1533 4757 et
1560 4702 1613 4755 in
1644 4703 1864 4770 profun-

286 4793 413 4848 dum
438 4793 655 4848 malitiae
683 4793 950 4864 projectos
974 4832 989 4857 ,
1022 4793 1272 4861 omnique
1299 4791 1613 4848 confusione
1641 4800 1695 4845 et
1719 4792 1868 4860 igno-

290 4884 452 4938 minia
480 4885 687 4952 plenos,
710 4885 891 4953 jacere
930 4884 1219 4953 relinquit,
1270 4882 1573 4937 miserabile
1619 4883 1867 4953 omnibus

290 4973 380 5043 qui
410 4974 557 5026 illum
589 4972 772 5027 vident
816 4974 1200 5043 spectaculum.
1231 4975 1299 5027 At
1326 4973 1621 5026 animarum
1654 4980 1866 5026 nostra-

290 5081 407 5120 rum
429 5065 658 5118 Curator
693 5105 708 5130 ,
737 5064 924 5118 videns
949 5065 1068 5120 illos
1093 5066 1145 5119 in
1173 5064 1334 5119 tantis
1357 5062 1779 5128 difficultatibus,
1813 5063 1868 5117 in

294 5158 397 5213 hoc
419 5165 560 5212 statu
593 5156 793 5226 positos
816 5172 918 5210 non
949 5156 1172 5226 despicit
1203 5198 1218 5223 ,
1251 5156 1346 5209 sed
1383 5156 1737 5210 velamentum
1766 5154 1869 5209 illis

292 5248 557 5317 excogitat
589 5289 605 5314 ,
638 5263 734 5316 per
758 5255 959 5300 vestem
1001 5247 1161 5301 vilem
1206 5247 1496 5302 ostendens
1524 5248 1769 5316 qualibus
1811 5261 1870 5301 se

295 5337 623 5394 vestimentis
652 5338 840 5408 dignos
866 5336 1107 5391 fecerint.

363 5541 377 5570 ί
411 5544 619 5596 Quatuor
642 5544 768 5596 Mss,
796 5537 989 5593 decore,
1015 5548 1119 5597 pro,
1142 5532 1264 5597 bona
1282 5532 1463 5597 indole.

361 5601 381 5631 ²
413 5592 574 5657 savil.,
598 5592 885 5661 multumque
908 5592 1027 5661 erga'
1046 5596 1153 5646 illos
1174 5594 1387 5661 eq/iibttit
1410 5592 1776 5661 miserationem,
1813 5593 1874 5661 ri-

301 5661 414 5709 dens
438 5654 608 5724 "mgna
645 5654 827 5724 pudore
848 5654 1074 5724 sume-os,
1094 5655 1372 5720 consiliique
1394 5667 1574 5720 inopes.
1599 5655 1727 5704 Tales
1748 5654 1872 5704 enim

302 5728 421 5775 sunt.
450 5721 566 5781 etc),
591 5726 780 5774 omissis
802 5721 1121 5784 interpositis.

1328 311 1390 366 IN
1429 308 1579 363 CAP.
1613 306 1698 361 Ill.
1727 304 1967 362 GENES.
2006 303 2229 359 lIOMIL.
2272 302 2460 358 XVIII.

3434 308 3534 361 150

2029 417 2289 484 Quomodo
2315 427 2469 472 vestes
2488 416 2721 487 pelliceas
2751 417 2914 487 primo
2963 418 3157 487 parenti
3182 427 3228 471 et
3247 417 3391 471 uxori
3417 421 3535 489 fecit

1957 505 2116 563 Deus.
2172 508 2347 563 Luxus
2388 510 2441 561 in
2467 509 2679 563 vestibus
2721 518 2940 580 tempore
2978 507 3345 578 Chrysostomi.
3370 540 3442 551 —
3469 510 3533 565 Et

1955 598 2075 663 fecit
2101 599 2350 653 Dominus
2377 597 2514 653 Deus
2535 599 2659 653 Alite
2691 608 2737 652 et
2767 600 2913 653 uxori
2932 600 3068 653 illius
3088 608 3245 653 vestes
3270 600 3527 670 pelliceas,

1953 697 2000 743 et
2042 689 2206 743 induit
2251 689 2388 743 illos.
2442 689 2594 756 Vide,
2616 705 2817 759 quaeso,
2858 699 3108 761 quantam
3139 694 3404 747 sermonis
3434 693 3534 746 lin»

1953 780 2229 835 militatem
2293 782 2446 837 nobis
2495 791 2814 851 attemperat
2862 783 3038 837 divina
3094 783 3387 852 Scriptura.
3428 784 3531 841 Sed

1951 868 2091 940 quod
2115 887 2269 941 saepe.
2288 872 2418 940 dixi,
2453 873 2503 927 id
2534 883 2587 927 et
2614 889 2755 927 nunc
2775 873 2895 928 dico
2924 877 3139 929 :omnia
3169 877 3238 929 ita
3268 876 3530 945 intelliga-

1953 978 2071 1017 mus
2103 1004 2116 1026 ,
2147 964 2283 1018 sicut
2323 979 2419 1033 par
2460 965 2637 1036 estde
2683 965 2792 1020 Deo
2828 965 3071 1036 intelligi.
3119 966 3349 1021 Verbum
3391 967 3534 1023 Fecit

1948 1054 2131 1122 accipe
2176 1069 2272 1123 pro
2319 1069 2384 1109 eo
2408 1053 2549 1121 quod
2577 1064 2661 1109 cst
2694 1095 2710 1120 ,
2752 1056 3036 1124 imperavit
3062 1065 3121 1110 ut
3145 1065 3345 1111 essent.
3368 1057 3535 1112 Jussit

1946 1144 2089 1198 enim
2133 1145 2322 1201 tunicis
2363 1146 2600 1214 pelliceis
2642 1147 2824 1201 vestiri
2865 1148 2917 1200 in
2967 1156 3275 1217 perpetuam
3317 1148 3531 1203 inobse-

1949 1235 2179 1304 quentia:
2207 1235 2539 1289 memoriam.

2016 1326 2068 1379 2.
2086 1327 2579 1397 Audiantopulenti,
2596 1337 2651 1383 et
2666 1328 2755 1398 qui
2774 1328 3039 1383 luxuriant
3064 1328 3114 1382 in
3133 1329 3391 1384 vermium
3418 1340 3533 1383 tex-

1951 1416 2147 1485 tilibus,
2169 1431 2232 1472 ac
2258 1418 2555 1473 vestiuntur
2582 1418 2767 1473 sericis
2791 1459 2806 1486 ,
2828 1417 3143 1488 discantque
3170 1419 3439 1488 quomodo
3464 1421 3531 1473 ab

1950 1510 2102 1565 initio
2133 1510 2417 1564 humanam
2442 1510 2642 1565 docens
2663 1517 2907 1565 naturam
2933 1509 3193 1580 benignus
3236 1510 3492 1564 Dominus
3519 1551 3532 1573 ,

1950 1602 2069 1670 quia
2107 1609 2324 1671 propter
2345 1601 2824 1671 transgressionem
2854 1614 3025 1670 poema
3054 1599 3240 1653 mortis
3267 1614 3389 1653 reus
3418 1607 3533 1653 erat

1952 1693 2152 1764 primus
2181 1693 2344 1747 homo
2365 1732 2380 1759 ,
2408 1708 2649 1763 opusque
2675 1691 2904 1746 habebat
2932 1699 3082 1745 veste
3107 1706 3225 1760 quae
3268 1690 3528 1760 pudorem

1951 1790 2186 1853 tegeret,
2217 1782 2464 1852 pelliceas
2508 1783 2605 1851 ipsi
2630 1781 2754 1836 fecit
2780 1789 2956 1835 vestes
2987 1798 3000 1832 :
3034 1795 3140 1849 quo
3176 1780 3359 1834 docuit
3384 1796 3483 1834 nos
3504 1820 3521 1846 ,

1950 1883 2009 1929 ut
2038 1874 2254 1929 mollem
2277 1883 2330 1929 et
2359 1872 2666 1928 dissolutam
2685 1873 2847 1927 vitam
2876 1870 3163 1942 fugiamus,
3187 1885 3358 1940 neque
3384 1871 3530 1924 iner-

1954 1973 2057 2017 tcm
2085 1971 2140 2017 et
2164 1963 2440 2018 remissam
2473 1971 2740 2018 sectemur
2758 2004 2773 2026 ,
2807 1961 2899 2016 sed
2928 1961 3095 2030 magis
3125 1968 3392 2015 austeram
3418 1974 3534 2013 am-

1952 2055 2243 2124 plcxemur.
2276 2052 2380 2108 Sed
2405 2052 2539 2108 forte
2561 2052 2819 2122 gravatim
2853 2050 3083 2106 ferentes
3102 2051 3214 2105 haec
3231 2050 3440 2115 divites,
3457 2050 3538 2103 di-

1950 2156 2070 2200 cent
2101 2163 2113 2199 :
2144 2145 2279 2213 Quid
2306 2144 2495 2216 igitur?
2520 2159 2587 2198 an
2616 2143 2838 2213 pellibus
2864 2142 3044 2197 vestiri
3075 2155 3173 2215 nos
3191 2140 3346 2210 jnbes
3365 2140 3388 2193 ‘l
3407 2139 3525 2193 Non

1953 2237 2055 2292 hoc
2078 2236 2198 2292 dico
2232 2254 2245 2292 :
2278 2251 2400 2290 nam
2432 2251 2605 2305 neque
2649 2234 2723 2288 illi
2771 2242 3031 2302 perpetuo
3074 2230 3155 2286 usi
3199 2230 3411 2284 fuerunt
3452 2228 3534 2283 his

1952 2329 2222 2394 vestibus;
2251 2328 2512 2398 benignus
2543 2328 2686 2383 enim
2735 2327 2991 2382 Dominus
3032 2324 3299 2395 prioribus
3323 2337 3538 2391 semper

1953 2421 2226 2476 beneﬁciis
2255 2422 2553 2475 recentiora
2576 2418 2819 2489 quaedam
2854 2416 3181 2487 superaddit.
3214 2415 3344 2469 Nam
3386 2423 3536 2483 post-

1953 2526 2110 2581 quam
2127 2525 2247 2566 sese
2262 2510 2631 2581 corporalibus
2644 2508 3046 2564 necessitatibus
3062 2506 3320 2560 obnoxios
3337 2503 3533 2568 fecere,

1954 2611 2008 2656 et
2035 2616 2064 2655 a
2089 2602 2274 2657 dolore
2302 2616 2465 2656 vacua
2494 2608 2549 2656 et
2567 2600 2803 2668 angelica
2829 2598 2935 2652 vita
2956 2596 3288 2660 exciderunt,
3315 2594 3534 2663 dispen-

1954 2695 2091 2749 savit
2142 2694 2321 2758 Deus,
2355 2699 2413 2746 ut
2440 2707 2507 2747 ex
2554 2691 2731 2745 ovium
2774 2690 3061 2744 velleribus
3102 2687 3345 2741 homines
3392 2684 3541 2739 induo

1956 2793 2133 2839 menta
2162 2783 2263 2838 sibi
2294 2789 2562 2852 pararent,
2595 2796 2698 2835 non
2726 2780 2830 2834 alia
2871 2779 2939 2833 de
2967 2792 3124 2834 causa
3146 2819 3161 2843 ,
3188 2791 3346 2847 quam
3379 2786 3433 2830 ut
3458 2784 3535 2830 te.

1956 2883 2263 2947 gumentqu
2296 2874 2525 2937 habeant
2549 2914 2563 2936 ,
2595 2881 2650 2927 et
2677 2889 2744 2927 ne
2775 2872 3032 2926 rationale
3060 2870 3257 2924 animal
3298 2869 3401 2923 hoc
3429 2884 3536 2923 non

1956 2981 2112 3022 secus
2140 2981 2203 3021 ac
2228 2966 2382 3019 bruta
2422 2966 2474 3019 in
2504 2963 2745 3018 nuditate
2771 2972 2825 3017 et
2862 2961 3130 3016 dedecore
3167 2961 3327 3015 vitam
3358 2960 3536 3030 degat.

1957 3058 2138 3127 Itaque
2173 3056 2402 3111 vestium
2445 3053 2669 3107 amictus
2697 3052 3008 3107 continuum
3058 3050 3212 3104 nobis
3257 3050 3327 3102 sit
3369 3049 3533 3103 moui-

1960 3156 2194 3202 mentum
2220 3188 2235 3213 ,
2264 3160 2368 3215 quo
2400 3157 2665 3199 memores
2709 3142 2876 3197 simus
2900 3182 2915 3208 ,
2946 3140 3159 3210 quantis
3205 3139 3359 3194 bonis
3385 3140 3541 3194 exci-

1959 3238 2217 3304 derimus,
2242 3248 2295 3292 et
2323 3236 2592 3290 discamus
2616 3241 2817 3303 quanto
2841 3231 3102 3302 supplicio
3132 3229 3418 3284 humanum
3443 3245 3539 3298 ge-

1960 3343 2058 3382 nus
2076 3327 2145 3382 ob
2171 3325 2583 3382 inohedientiam
2610 3324 2679 3378 sit
2703 3321 2974 3377 affectum.
2995 3320 3179 3375 Dicant
3200 3318 3358 3390 igitur
3383 3318 3537 3374 nobis

1958 3418 2047 3487 qui
2082 3427 2226 3471 tanto
2251 3424 2470 3471 utuntur
2486 3422 2761 3485 apparatu,
2780 3421 2839 3467 ut
2856 3412 2966 3481 jam
2990 3426 3143 3466 usum
3158 3410 3294 3464 lanze
3324 3424 3542 3480 prorsus

1960 3523 2118 3564 nosse
2149 3509 2359 3574 nolint,
2391 3506 2486 3561 sed
2539 3506 2713 3561 serico
2756 3505 3071 3569 vestiantur,
3101 3515 3275 3571 eoque
3321 3500 3541 3554 insaniae

1960 3614 2287 3670 pervenere,
2320 3608 2378 3652 ut
2428 3611 2615 3651 aurum
2661 3594 2896 3649 vestibus
2942 3593 3184 3647 intexunt
3212 3607 3225 3643 :
3257 3590 3309 3643 in
3357 3590 3541 3658 primis

1961 3693 2101 3747 enim
2148 3691 2399 3746 mulieres
2444 3690 2567 3743 huic
2605 3686 2843 3741 mollitiei
2893 3684 3086 3738 deditae
3133 3692 3295 3737 sunt:
3324 3683 3537 3749 Quare,

1962 3783 2069 3848 dic,
2098 3783 2320 3836 obsecro
2339 3821 2352 3846 ,
2388 3793 2581 3848 corpus
2603 3779 2672 3831 ita
2701 3790 2879 3837 ornas,
2910 3782 2965 3829 et
2988 3773 3186 3843 gaudes
3213 3770 3537 3840 ejuscemodi

1964 3874 2207 3929 amictu?
2235 3887 2341 3927 non
2375 3870 2577 3940 cogitas
2623 3882 2719 3937 pro
2764 3879 2954 3935 magno
2993 3862 3284 3932 supplicio,
3328 3869 3546 3931 propter
3612 3917 3615 3919 ί

1966 3963 2441 4034 tranSgressionem
2462 4002 2477 4026 ,
2512 3962 2720 4030 tegmen
2768 3956 2869 4011 hoc
2916 3955 3269 4024 excogitatum
3291 3966 3411 4006 esse
3431 3951 3454 4004 ’ἒ
3483 3952 3546 4004 Et

1965 4071 2131 4127 quare
2156 4070 2259 4109 non
2299 4054 2450 4108 audis
2478 4052 2694 4105 Paulum
2726 4049 2990 4103 dicentem
3018 4063 3030 4098 :
3068 4045 3321 4101 [labentes
3359 4044 3545 4095 victum

1967 4160 2012 4203 et
2039 4148 2275 4202 amictum
2301 4186 2316 4211 ,
2339 4143 2443 4198 illis
2472 4142 2690 4196 contenti
2715 4142 2901 4193 erimus
2929 4139 3003 4208 (Ι.
3033 4136 3169 4190 Tim.
3194 4136 3245 4190 6.
3274 4135 3351 4205 8).
3386 4134 3548 4188 Vides

1970 4241 2124 4294 unius
2151 4237 2429 4292 dumtaxat
2464 4234 2543 4289 rei
2596 4230 2896 4287 habendam
2942 4242 3063 4283 csse
3088 4241 3269 4282 curam
3308 4242 3322 4278 :
3352 4223 3549 4279 videli-

1969 4342 2075 4399 cet,
2098 4347 2164 4385 ne
2187 4344 2382 4397 corpus
2405 4326 2604 4381 nudum
2631 4324 2719 4387 sit,
2749 4322 2841 4377 sed
2866 4330 2921 4374 ut
2953 4328 3177 4389 tegatur,
3199 4332 3296 4373 nec
3320 4316 3550 4385 amplius

1969 4424 2038 4479 de
2066 4423 2319 4479 varietate
2344 4419 2574 4473 vesnum
2613 4430 2734 4470 esse
2765 4429 2862 4468 nos
2890 4411 3149 4466 sollicitos
3175 4417 3406 4479 oportet.
3436 4406 3545 4460 Cae-

1971 4525 2138 4569 terum
2166 4512 2232 4566 ad
2268 4508 2542 4578 sequentia
2572 4505 2868 4560 veniamus.
2908 4500 3000 4554 22.
3040 4499 3106 4552 Et
3141 4499 3269 4551 dixit
3299 4497 3549 4551 Dominus

1969 4606 2109 4662 Deus
2139 4620 2158 4658 :
2184 4601 2316 4656 Ecce
2343 4600 2508 4653 Adam
2536 4598 2700 4667 {actus
2740 4603 2809 4648 est
2848 4594 2974 4647 sicut
3013 4606 3142 4644 unus
3182 4605 3244 4642 ea:
3280 4588 3422 4641 nobis
3441 4625 3455 4646 ,
3485 4584 3557 4636 nd

1968 4694 2227 4754 sciendum
2253 4692 2437 4746 bonum
2482 4697 2528 4743 et
2555 4685 2765 4740 ntalum.
2798 4683 2866 4737 Et
2894 4697 3025 4736 nunc
3067 4696 3129 4733 ne
3160 4681 3288 4749 forte
3323 4676 3556 4730 extendat

1969 4801 2178 4841 manum
2202 4798 2347 4838 suam
2366 4822 2381 4846 ,
2405 4789 2450 4833 et
2470 4777 2685 4845 accipiat
2719 4775 2781 4828 de
2807 4774 2943 4844 ligno
2964 4772 3078 4825 vita:
3098 4810 3113 4833 ,
3141 4778 3189 4822 et
3216 4772 3478 4827 comedat,
3508 4771 3554 4814 et

1969 4878 2103 4933 uiuat
2127 4877 2180 4929 in
2206 4873 2467 4928 sarculum.
2491 4870 2584 4924 25.
2613 4868 2680 4922 Et
2701 4866 2867 4921 emisit
2888 4863 3035 4917 illum
3063 4859 3314 4912 Dominus
3336 4854 3471 4907 Deus
3492 4868 3556 4908 ea;

1973 4965 2212 5038 paradiso
2235 4962 2508 5032 voluptatis
2524 5002 2539 5027 ,
2567 4967 2623 5011 ut
2641 4964 2935 5026 aperaretur
2962 4961 3178 5009 terram,
3202 4945 3268 5038 de
3286 4959 3385 5038 qua
3412 4957 3554 5038 sunt?

1974 5032 2089 5127 plus
2129 5064 2257 5110 erat.
2286 5052 2384 5108 Hic
2405 5063 2616 5121 quoque
2648 5047 2768 5100 vide
2811 5056 2969 5112 quam
3016 5035 3219 5092 idoneis
3257 5032 3549 5127 infirmitati

1972 5123 2170 5204 nostrae
2200 5146 2383 5202 verbis
2406 5151 2582 5197 utatur
2604 5140 2763 5192 Deus.
2798 5135 2866 5187 Et
2895 5131 3023 5185 dixit
3042 5171 3059 5196 ,
3088 5128 3277 5197 inquit,
3306 5123 3554 5178 Dominus

1976 5241 2116 5296 Deus
2149 5254 2167 5292 :
2195 5238 2327 5292 Ecce
2352 5234 2518 5288 Adam
2548 5232 2713 5301 factus
2762 5234 2834 5280 est
2869 5221 3015 5293 quasi
3047 5235 3180 5273 unus
3205 5234 3267 5270 ex
3290 5215 3430 5269 nobis
3450 5255 3465 5279 ,
3489 5213 3555 5268 ad

1974 5330 2235 5388 sciendum
2276 5332 2459 5383 bonum
2508 5333 2554 5378 et
2591 5321 2802 5376 malum.
2834 5315 3022 5370 Vidisti
3061 5319 3257 5381 quanta
3304 5307 3552 5363 dictionis

1976 5422 2289 5481 humilitas?
2319 5420 2442 5474 Hrec
2468 5426 2665 5480 autem,
2700 5421 2755 5465 ut
2782 5410 2953 5474 decet,
2979 5407 3136 5476 digne
3155 5404 3221 5458 de
3250 5403 3362 5457 Deo
3393 5399 3553 5454 intel-

1977 5521 2223 5589 ligamus.
2258 5513 2381 5568 Vult
2407 5511 2548 5565 enim
2576 5523 2669 5577 per
2695 5506 2809 5559 hmc
2833 5500 2990 5557 verba
3013 5500 3064 5553 in
3105 5494 3417 5550 memoriam
3463 5506 3552 5543 re-

1980 5588 2139 5675 ferre,
2163 5601 2431 5676 quomodo
2466 5596 2675 5667 decepti
2703 5595 2898 5651 fuerint
2920 5606 2948 5648 a
2978 5588 3191 5646 diabolo
3216 5599 3310 5676 per
3332 5595 3553 5676 serpen-v

1980 5712 2105 5758 tem.
2125 5669 2565 5767 Quandoquidem
2594 5687 2678 5747 ille
2704 5688 2914 5744 diccbat
2935 5727 2949 5753 ,
2978 5682 3038 5738 Si
3056 5669 3555 5741 comederitis,critis
