4074 6134
459 270 549 327 IS!

460 399 511 440 ut
549 388 641 452 a'it,
673 393 728 441 et
757 399 850 454 spe
897 381 1158 452 potiendte
1189 381 1506 452 acquaiitatis
1555 395 1676 434 cum
1723 380 1835 433 Deo
1863 379 2040 433 cibum

467 478 606 531 hunc
635 489 848 529 sumere
877 472 990 526 ausi
1017 480 1160 526 sunt.
1194 473 1364 542 Atque
1386 469 1486 524 hac
1513 469 1582 525 de
1608 484 1766 524 causa
1797 469 1936 522 Deus
1956 467 2048 522 ite-

463 583 582 620 rum
614 566 728 619 illos
759 577 980 618 monere
1000 563 1186 617 volens
1206 603 1221 624 ,
1252 569 1307 615 ιιι
1338 561 1599 615 sentirent
1633 574 1790 629 quam
1817 558 2049 629 graviter

465 665 646 712 essent
691 657 824 725 lapsi
856 671 954 726 per
997 654 1414 712 inobedientiam
1455 661 1510 706 ct
1534 651 1903 721 deccptionem
1925 691 1940 717 ,
1969 650 2052 704 in-

464 747 579 817 qttit
612 765 628 798 :
659 745 788 800 Ecce
825 745 990 799 Adam
1019 749 1183 815 factus
1229 752 1300 798 est
1327 743 1473 812 quasi
1519 757 1652 795 unus
1676 757 1741 794 ea:
1778 739 1940 794 nobis.
1996 737 2050 792 In

467 849 674 894 tantum
705 837 955 892 ruborem
985 835 1088 891 hoc
1125 835 1344 890 verbum
1377 834 1578 902 injicit,
1609 841 1669 887 ut
1696 841 2056 901 transgresso-

469 945 582 984 rem
631 928 864 998 graviter
891 936 1108 996 tangere
1154 925 1351 980 valeat.
1397 924 1553 990 Ideo,
1585 923 1789 994 inquit,
1817 930 2059 977 contem-

471 1020 625 1089 psisti
668 1016 973 1072 mandatum
1023 1013 1369 1085 meumquod
1407 1013 1663 1084 aequalem
1709 1021 1761 1066 te
1791 1012 1901 1066 Deo
1945 1010 2059 1066 fore

480 1120 692 1182 putares
726 1111 781 1164 ’?
813 1109 951 1165 Ecce
976 1108 1146 1164 factus
1173 1123 1233 1163 es
1258 1107 1397 1175 quod
1423 1106 1741 1175 exspectasti
1769 1123 1782 1159 :
1814 1105 1920 1158 imo
1950 1117 2056 1157 non

477 1200 618 1270 quod
645 1199 1000 1269 exspectasti,
1033 1199 1126 1254 sed
1167 1197 1377 1267 qualem
1419 1205 1472 1250 te
1524 1196 1636 1250 ﬁeri
1664 1195 1883 1265 dignum
1920 1202 2055 1248 erat.

478 1290 633 1354 Ecce,
667 1289 855 1358 inquit,
888 1288 1052 1341 Adam
1088 1288 1248 1358 factus
1269 1297 1340 1340 est
1376 1287 1520 1355 quasi
1543 1301 1671 1338 unus
1702 1301 1765 1338 ex
1789 1284 1931 1337 nobis
1952 1324 1965 1345 ,
1992 1282 2060 1335 ad

477 1381 734 1435 sciendum
757 1380 942 1433 bonum
968 1388 1013 1433 et
1037 1380 1241 1433 malum.
1275 1378 1387 1433 l‘loc
1424 1377 1568 1431 enim
1617 1375 1773 1430 fallax
1819 1375 2062 1432 diabolus

479 1471 690 1526 diccbat
717 1487 808 1541 per
834 1479 1154 1540 serpentem,
1185 1469 1488 1538 Aperiantur
1521 1469 1654 1521 oculi
1699 1468 1879 1533 vestri,
1903 1467 2066 1520 eritis-

479 1579 578 1630 gue
613 1562 738 1615 sicut
767 1561 872 1626 dii,
921 1561 1130 1614 scientes
1166 1559 1353 1612 bonum
1383 1568 1428 1612 et
1472 1558 1682 1611 malum.
1728 1555 1795 1609 Et
1829 1573 1960 1610 nunc
2004 1572 2068 1610 ne

489 1658 619 1721 forte
641 1652 875 1706 extendat
929 1666 1138 1704 manum
1180 1658 1228 1702 et
1256 1656 1428 1715 tangat
1456 1648 1646 1717 lignum
1680 1647 1793 1700 vitae
1811 1688 1825 1712 ,
1859 1655 1904 1699 et
1931 1662 2070 1702 cout-

483 1741 620 1804 edat,
645 1751 691 1794 et
720 1741 848 1793 vivat
864 1740 916 1791 in
936 1749 1200 1792 retentum.
1216 1735 1368 1799 Vide,
1390 1751 1507 1802 oro,
1537 1735 1622 1789 hic
1645 1734 2067 1790 misericordiam

486 1833 714 1887 Domini.
769 1830 990 1900 Oportet
1036 1831 1177 1885 enim
1221 1827 1363 1898 quod
1407 1828 1608 1882 dictum
1657 1836 1738 1881 est
1788 1827 2071 1896 diligenter

485 1923 710 1978 scrutari
732 1964 747 1990 ,
781 1930 838 1976 ut
873 1922 1004 1976 ttibil
1030 1936 1214 1976 eorum
1244 1935 1363 1989 qua:
1409 1919 1464 1974 in
1503 1918 1664 1973 fundo
1697 1927 1820 1972 sunt
1845 1917 2073 1973 abscon-

486 2013 618 2080 dita,
643 2013 810 2068 latere
837 2027 935 2067 nos
972 2019 1152 2083 queat.
1177 2011 1313 2066 Cum
1361 2012 1504 2066 Deus
1533 2011 1738 2066 Adamo
1763 2010 2071 2064 mandatum

487 2106 640 2160 daret
663 2147 678 2171 ,
707 2121 736 2159 a
764 2105 907 2159 nullo
930 2105 1034 2158 alio
1053 2105 1322 2159 abstinere
1347 2103 1619 2174 praecepit,
1647 2117 1806 2172 quam
1827 2102 1894 2157 ab
1915 2101 2074 2156 unico

489 2197 656 2266 ligno,
683 2196 751 2250 de
782 2210 888 2266 quo
919 2196 1039 2265 quia
1061 2195 1222 2250 edere
1250 2194 1348 2248 fuit
1372 2208 1556 2261 ausus,
1580 2208 1735 2262 paena
1759 2191 1948 2246 mortis
1977 2191 2075 2260 ipsi

490 2287 721 2356 irrogata
767 2295 849 2341 est
878 2284 1056 2356 :quod
1086 2300 1205 2340 cum
1257 2284 1574 2354 prmciperet
1617 2284 1688 2336 illi
1720 2282 1959 2336 deﬁnivit
1981 2323 1996 2345 ,
2028 2279 2076 2334 si

493 2377 970 2445 l‘imv'aricaretttr,
1034 2375 1103 2429 de
1159 2375 1302 2444 ligno
1361 2375 1484 2428 vitae
1553 2373 1685 2428 nihil
1741 2371 2074 2441 praecipiens.

491 2466 933 2535 Quandoquidem
962 2466 1105 2520 enim
1126 2507 1141 2530 ,
1166 2473 1225 2519 ut
1245 2465 1494 2518 existimo
1518 2503 1534 2528 ,
1557 2471 1612 2518 et
1642 2462 1936 2531 intelligere
1960 2469 2076 2526 est,

495 2555 849 2610 immortalem
879 2556 1029 2610 illum
1059 2555 1293 2620 creavit,
1326 2554 1608 2623 potuisset
1632 2553 1774 2622 ipse,
1804 2552 1848 2606 si
1876 2551 2076 2606 voluis-

493 2655 595 2714 θυι,
619 2661 740 2701 cum
769 2647 886 2702 aliis
914 2647 1074 2701 etiam
1101 2645 1169 2700 de
1196 2645 1298 2700 hoc
1323 2645 1463 2700 vesci
1487 2643 1626 2714 quod
1659 2649 1968 2713 perpetuam
1997 2641 2075 2696 illi

493 2737 807 2794 contulisset
843 2740 1004 2792 vitam
1037 2751 1240 2807 :quare
1279 2735 1484 2791 nullum
1530 2733 1840 2790 mandatum
1869 2732 1938 2788 de
1984 2733 2079 2788 illo

495 2830 721 2898 accepit.
1607 2889 1614 2896 _

572 2923 624 2977 5.
654 2922 709 2977 Si
744 2929 923 2976 autem
952 2920 1198 2976 curiosus
1230 2918 1422 2990 aliquis
1449 2926 1638 2990 rogat,
1667 2931 1833 2988 quare
1882 2915 2084 2986 lignum

497 3013 621 3066 vitae
668 3012 740 3065 sit
789 3011 1108 3079 appellatum
1137 3028 1149 3062 :
1177 3009 1346 3074 sciat,
1403 3023 1508 3063 non
1565 3021 1724 3078 posse
1773 3005 2083 3072 hominem,

497 3104 608 3157 suis
639 3103 878 3156 innixum
908 3101 1201 3154 ratiociniis
1222 3141 1237 3165 ,
1268 3099 1448 3154 omnia
1479 3098 1573 3154 Dei
1611 3111 1775 3168 opera
1816 3096 2082 3153 contueri.

500 3193 682 3247 Visum
709 3191 852 3245 enim
877 3189 975 3243 fuit
997 3190 1241 3257 Domino,
1260 3198 1318 3243 ut
1341 3188 1774 3244 exercitationem
1795 3187 2082 3258 quamdam

499 3283 820 3337 obodientia:
849 3290 904 3334 et
928 3279 1300 3335 inobedicntiae
1316 3280 1538 3335 haberet
1566 3280 1726 3335 homo
1754 3296 1785 3334 a
1812 3296 1872 3337 se
1893 3280 2083 3347 factus,

500 3384 559 3430 et
588 3374 640 3426 in
691 3371 938 3442 paradiso
968 3371 1200 3441 degens,
1233 3380 1291 3426 ut
1327 3371 1435 3426 duo
1463 3371 1562 3426 ista
1601 3371 1738 3441 ligna
1769 3372 1840 3426 ibi
1885 3375 2086 3427 consti-

502 3474 676 3519 tueret
698 3504 714 3531 ,
745 3463 970 3517 alterum
1013 3461 1230 3531 quidem
1258 3463 1380 3517 vita:
1400 3502 1416 3530 ,
1453 3463 1680 3517 alterum
1708 3478 1836 3517 vero
1854 3502 1872 3522 .
1925 3473 1982 3517 ut
2011 3462 2089 3517 sic

503 3555 558 3610 lo
578 3570 706 3622 juar,
734 3554 939 3608 mortis.
964 3552 1096 3607 Nam
1117 3553 1234 3622 ejus
1265 3568 1390 3609 esus
1410 3561 1463 3608 et
1481 3554 1830 3624 transgressio
1857 3555 2087 3608 mandati

505 3656 734 3702 mortem
766 3644 841 3699 illi
899 3645 1094 3699 attulit.
1129 3643 1350 3713 Quando
1372 3646 1551 3716 igitur,
1582 3645 1671 3699 ubi
1718 3644 1786 3700 de
1811 3643 1912 3699 hoc
1937 3659 2090 3699 com-

501 3737 635 3800 edit,
665 3734 906 3790 mortalis
929 3733 1098 3790 facttts
1140 3744 1255 3800 est,
1291 3736 1636 3807 corporisque
1683 3735 2090 3791 necessitatibus

500 3827 799 3895 obnoxius,
825 3834 879 3880 et
902 3825 1074 3895 primo
1098 3835 1372 3894 peceatum
1404 3826 1696 3895 ingressum
1722 3835 1804 3880 est
1829 3867 1844 3892 ,
1877 3835 2091 3895 propter

505 3919 649 3990 quod
687 3926 742 3973 et
767 3932 916 3972 mors
945 3933 975 3972 a
1017 3918 1244 3972 Domino
1269 3918 1470 3972 tttilitcr
1504 3917 1807 3986 dispensata
1838 3925 1922 3973 cst
1943 3956 1958 3983 ,
1983 3931 2090 3971 non

504 4011 728 4081 posthac
755 4011 806 4065 in
840 4009 1086 4080 paradiso
1128 4009 1382 4078 relinquit
1427 4007 1630 4075 Adam,
1661 4007 1754 4063 sed
1781 4009 1929 4064 exire
1970 4007 2093 4063 inde

499 4103 674 4171 jubet,
706 4109 1012 4156 monstrans
1059 4115 1116 4154 se
1147 4107 1365 4168 propter
1398 4099 1527 4152 nihil
1554 4099 1697 4153 aliud
1743 4099 1844 4154 hoc
1874 4100 2050 4155 facere
2072 4141 2089 4167 ,

507 4207 668 4259 quam
695 4199 912 4259 propter
940 4189 1319 4259 benignitatem
1341 4203 1444 4258 qua
1475 4189 1622 4244 illum
1652 4190 2088 4259 prosequebatur.

510 4283 578 4335 Et
630 4290 686 4334 ut
734 4281 837 4334 hoc
861 4290 1107 4334 accurate
1130 4280 1398 4335 discamus
1419 4321 1434 4345 ,
1477 4295 1653 4350 operae
1680 4281 1904 4348 pretium
1935 4280 2093 4336 fuerit

511 4371 669 4426 verba
686 4368 880 4424 divina:
900 4369 1186 4439 Scriptura:
1212 4371 1388 4426 denuo
1414 4371 1606 4442 legere.
1632 4368 1700 4424 Et
1717 4387 1869 4438 nunc,
1899 4372 2088 4442 inquit,

509 4479 571 4516 ne
613 4462 814 4531 quando
839 4463 1072 4516 extendat
1100 4479 1343 4530 manum,
1376 4471 1425 4516 et
1445 4462 1660 4531 accipiat
1683 4462 1746 4516 de
1771 4461 1908 4531 ligno
1937 4463 2052 4516 vita:
2074 4502 2091 4529 ,

513 4564 564 4610 et
596 4553 846 4619 comedat,
869 4563 916 4608 et
937 4555 1065 4609 vivat
1104 4557 1157 4608 in
1200 4564 1460 4609 atternum.
1491 4554 1622 4608 Nam
1648 4554 1772 4623 quia
1796 4568 1984 4625 magna
2011 4554 2096 4608 in-

509 4644 899 4716 temperantius,
932 4645 1118 4714 inquit,
1153 4645 1344 4699 indicia
1365 4644 1640 4712 exhibuit,
1665 4645 2094 4713 prtevaricando-

509 4750 612 4806 quc
632 4732 940 4789 mandatum
965 4733 1205 4787 mortalis
1228 4733 1396 4788 factus
1414 4741 1518 4798 est,
1541 4747 1607 4788 ne
1625 4748 1765 4788 nunc
1784 4743 1838 4789 et
1868 4735 2092 4804 lignum,

506 4825 646 4896 quod
675 4824 835 4878 vitam
876 4823 1078 4894 przebet
1096 4824 1421 4888 continuam,
1451 4822 1711 4890 attingere
1732 4824 1945 4891 audeat,
1975 4838 2099 4893 pec-

506 4927 726 4972 saturus
753 4924 1017 4986 perpetuo
1037 4954 1053 4980 ,
1082 4913 1250 4967 satius
1295 4912 1456 4968 fuerit
1494 4911 1619 4966 hinc
1640 4913 1810 4981 ipsum
1839 4915 1992 4983 ejici;
2022 4917 2091 4971 ita

507 5019 565 5064 ut
590 5008 761 5078 magis
787 5005 1163 5076 providentite,
1192 5020 1351 5076 quam
1382 5004 1759 5075 indignationis
1803 5006 1962 5062 fuerit
2003 5008 2093 5062 illa

505 5099 716 5166 ejectio.
751 5097 849 5152 llic
871 5097 1014 5153 enim
1061 5112 1180 5151 mos
1206 5106 1289 5152 est
1314 5097 1522 5152 Domini
1553 5096 1751 5160 nostri,
1782 5105 1840 5151 ut
1869 5098 2095 5166 puniens

506 5207 611 5245 non
635 5191 811 5245 minus
837 5204 994 5260 quam
1023 5189 1366 5245 benefaciens
1403 5203 1553 5244 suam
1581 5203 1706 5259 erga
1733 5204 1829 5244 nos
1855 5189 2096 5245 declaret

511 5283 899 5351 providentiam
921 5323 938 5349 ,
965 5285 1161 5354 quippe
1197 5291 1252 5339 et
1282 5284 1420 5338 hanc
1472 5297 1683 5353 ptenam
1713 5281 2093 5337 admonitionis

506 5375 674 5442 gratia
699 5375 853 5429 nobis
879 5375 1148 5444 irrogavit.
1180 5374 1312 5443 Quia
1341 5375 1520 5444 utique
1554 5373 1602 5428 si
1627 5373 1816 5429 scisset
1857 5388 1954 5426 nos
1984 5388 2088 5426 non

506 5463 720 5535 pejores
749 5465 864 5522 ﬁeri
907 5467 1125 5537 impune
1153 5464 1422 5536 peccando
1441 5504 1455 5531 ,
1486 5465 1793 5534 neutiquam
1821 5463 1958 5516 ultra
1992 5478 2091 5530 pu-

581 5561 595 5588 ¹
620 5559 717 5624 lia;
729 5571 891 5624 voces,
913 5555 1292 5624 (fu_0d_t_1?qttttletlt
1316 5561 1362 5624 te
1385 5556 1482 5624 _De_o
1503 5559 1698 5624 putares
1722 5555 2094 5624 (icofisiavpatv-

519 5619 746 5730 facilitati),
769 5616 953 5670 destitit
971 5621 1020 5668 in
1045 5616 1241 5679 Morel”
1270 5616 1356 5667 scd
1385 5616 1631 5666 habentur
1653 5617 1702 5664 in
1734 5617 1885 5665 Savil.
1921 5622 1975 5666 et
1998 5617 2090 5666 ali-

519 5696 621 5742 quo
713 5695 782 5731 ss.

1180 268 1237 325 S.
1279 264 1554 323 JO.\NNIS
1594 263 2070 322 CIIRYSOSTOMI
2103 263 2414 321 ARClllEP.
2457 264 2990 322 CONSTANTINOP.

3632 269 3732 326 152

2152 380 2338 434 niisset
2369 397 2383 436 :
2412 380 2504 435 sed
2535 390 2592 434 ut
2641 381 2896 449 reprimat
2937 389 3176 436 nostrum
3206 379 3272 436 ad
3317 380 3581 436 deteriora
3607 398 3737 452 pro-

2149 485 2390 539 gressum
2415 509 2431 535 ,
2477 480 2533 526 et
2591 471 2742 526 tollat
2780 470 3036 525 malitiam
3089 471 3313 526 ulterius
3353 480 3684 542 grassantem
3717 511 3738 540 ,

2153 577 2302 617 suam
2351 562 2616 618 servando
2642 561 3082 618 misericordiam
3111 602 3126 626 ,
3169 561 3322 631 puttit
3350 579 3366 616 :
3398 562 3450 615 id
3493 561 3633 632 quod
3683 571 3742 618 et

2156 669 2298 709 nunc
2337 653 2480 710 fecit.
2511 652 2705 709 Curam
2749 654 2891 708 enim
2936 669 3098 724 agens
3142 654 3441 724 primigenii
3471 653 3740 716 hominis.

2156 745 2276 814 ejici
2307 746 2476 814 ipSum
2524 761 2556 801 e
2581 745 2830 814 paradiso
2856 747 3126 815 praecepit.
3173 746 3263 800 23.
3294 745 3361 798 Et
3388 746 3548 800 emisit
3594 746 3745 800 illum

2160 835 2408 891 Dominus
2452 835 2588 890 Deus
2632 853 2695 890 ex
2733 837 2971 905 paradiso
3007 837 3304 907 voluptatis,
3351 846 3405 891 ut
3450 846 3747 907 operaretur

2160 933 2344 977 terram
2370 925 2433 978 de
2455 942 2555 995 qua
2600 936 2829 996 sumptus
2857 933 2947 979 est.
2981 925 3172 982 lterum
3203 941 3320 991 oro,
3352 936 3411 980 ut
3439 926 3524 980 hic
3549 926 3747 980 divina:

2161 1013 2448 1083 Scriptura:
2471 1013 2795 1084 diligentiam
2812 1014 3012 1069 videas.
3041 1015 3220 1069 Emisit
3240 1015 3405 1080 illum,
3433 1015 3621 1086 inquit,
3649 1013 3751 1069 Do-

2163 1106 2332 1160 minus
2357 1104 2495 1160 Deus
2525 1122 2588 1159 ea:
2629 1105 2871 1174 paradiso
2913 1107 3186 1176 voluptatis
3205 1148 3220 1171 ,
3245 1116 3298 1159 ut
3326 1116 3618 1173 operaretur
3643 1115 3747 1159 ter-

2164 1213 2272 1250 ram
2299 1195 2360 1249 de
2375 1212 2477 1265 qua
2515 1206 2746 1266 sumptus
2767 1207 2858 1250 est.
2891 1197 3029 1250 Ecce
3059 1197 3375 1250 sententiam
3398 1210 3548 1250 suam
3575 1197 3748 1263 reipsa

2167 1287 2508 1357 exsequitur;
2558 1296 2613 1342 et
2654 1303 2726 1342 ex
2756 1287 3004 1357 paradiso
3028 1289 3315 1358 voluptatis
3354 1288 3602 1357 ejectum,
3638 1298 3752 1343 ter-

2167 1392 2280 1431 ram
2309 1377 2375 1431 de
2399 1393 2501 1447 qua
2541 1386 2784 1446 sumptus
2807 1385 2924 1432 erat
2949 1379 3158 1447 operari
3201 1377 3372 1446 jubet.
3399 1375 3507 1432 Nec
3547 1386 3750 1432 temere

2167 1470 2334 1536 dixit,
2362 1470 2435 1524 De
2472 1486 2570 1540 qua
2592 1479 2820 1539 sumptus
2847 1480 2920 1523 est
2949 1485 2968 1522 :
2996 1469 3089 1523 sed
3134 1478 3191 1522 ut
3223 1476 3477 1538 perpetuo
3505 1481 3745 1521 commo-

2171 1563 2392 1617 netieret
2436 1561 2750 1616 humilitatis
2793 1561 2932 1614 inter
2959 1559 3319 1628 nperandum.
3347 1554 3591 1627 scireque
3631 1571 3755 1626 pos-

2172 1660 2254 1708 sct
2276 1667 2335 1707 se
2361 1650 2483 1706 inde
2507 1665 2627 1706 esse
2653 1650 3025 1715 constitutum,
3055 1657 3110 1702 ct
3133 1647 3482 1702 substantiam
3512 1646 3756 1716 corporis

2173 1760 2239 1800 ex
2285 1752 2426 1798 terra
2478 1742 2675 1798 habere
2717 1742 2784 1797 ab
2813 1741 2964 1796 initio
2995 1759 3009 1796 :
3041 1749 3099 1794 ut
3137 1740 3281 1792 illam
3323 1739 3521 1809 ipsam,
3549 1737 3752 1806 inquit,

2174 1846 2425 1908 operetur
2454 1844 2674 1898 terram,
2703 1849 2768 1889 ex
2794 1850 2895 1905 qua
2923 1843 2977 1888 et
2997 1835 3111 1902 ipse
3143 1831 3464 1887 constitutus
3492 1840 3594 1885 est.
3624 1829 3755 1884 Nam

2175 1930 2278 1984 hoe
2302 1927 2441 1999 quod
2471 1929 2526 1983 in
2559 1926 2819 1982 sententia
2868 1925 3118 1989 dicebat,
3166 1922 3234 1977 In
3269 1922 3454 1977 sudore
3483 1922 3628 1992 faciei
3659 1930 3762 1973 tua:

2175 2021 2382 2076 vesceris
2432 2035 2562 2088 pane
2598 2028 2683 2072 tuo
2724 2033 2744 2071 :
2775 2016 3002 2085 idipsum
3057 2022 3113 2069 et
3157 2027 3298 2070 nunc
3341 2011 3501 2076 dicit,
3548 2009 3760 2080 quando

2179 2111 2366 2182 inquit,
2395 2109 2464 2165 Ut
2488 2118 2781 2180 operaretur
2816 2116 3002 2161 terram
3027 2105 3089 2158 de
3107 2120 3207 2175 qua
3231 2113 3458 2172 sumptus
3487 2110 3578 2155 est.
3611 2100 3763 2154 Post-

2180 2203 2296 2269 hac,
2331 2212 2388 2256 ut
2407 2201 2677 2256 discamus
2704 2208 2902 2270 quanto
2923 2197 3096 2266 spatio
3113 2197 3283 2265 ipsum
3311 2209 3341 2246 a
3369 2191 3614 2262 paradiso
3643 2189 3760 2244 col-

2180 2291 2411 2357 locavit,
2454 2292 2612 2346 etiam
2655 2287 2783 2344 illud
2811 2289 2982 2356 ipsum
3007 2284 3283 2354 Scriptura
3327 2282 3506 2336 divina
3538 2295 3636 2334 nos
3660 2278 3762 2334 do-

2179 2391 2266 2438 cet
2287 2400 2300 2436 :
2324 2381 2415 2436 24.
2447 2381 2705 2451 Ejecitque
2747 2378 2994 2431 Dominus
3034 2375 3171 2430 Deus
3197 2373 3392 2440 Adam,
3418 2380 3463 2426 et
3502 2369 3767 2424 collocavit

2179 2490 2295 2528 eum
2320 2489 2347 2527 e
2365 2473 2566 2543 regione
2590 2470 2814 2542 paradisi
2840 2467 3131 2539 voluptatis.
3592 2459 3596 2464 ’

2255 2562 2357 2616 Cur
2374 2577 2436 2615 ex
2450 2561 2656 2614 adverso
2674 2559 2899 2630 paradisi
2923 2560 3117 2628 positus
3130 2552 3615 2610 Adam.-Animad
3622 2559 3771 2606 verte

2181 2666 2520 2708 communem
2539 2651 2820 2704 Dominum
2836 2657 3076 2702 nostrum
3095 2647 3150 2700 in
3169 2643 3391 2715 singulis
3405 2642 3655 2713 Operibus
3677 2641 3770 2695 be-

2184 2744 2455 2813 nignitatis
2471 2753 2838 2813 argumentum
2860 2739 3136 2803 exhibere,
3155 2747 3212 2793 et
3237 2735 3470 2806 singulas
3489 2749 3769 2804 pinnarum

2183 2837 2392 2906 species
2421 2834 2657 2889 bonitate
2682 2833 2864 2903 plenas
2889 2846 3029 2887 esse.
3057 2829 3172 2884 Non
3199 2829 3341 2883 enim
3362 2827 3466 2881 hoc
3479 2826 3650 2881 solum
3669 2823 3773 2877 mi-

2186 2926 2492 2983 sericordize
2505 2934 2560 2980 et
2577 2923 2918 2995 benignitatis
2929 2928 3298 2992 argumentum
3317 2925 3451 2983 erat,
3469 2915 3609 2986 quod
3623 2914 3775 2968 emit-

2188 3027 2323 3072 teret
2345 3029 2398 3071 et
2425 3015 2674 3086 cjiceret;
2699 3015 2791 3069 sed
2813 3024 2866 3069 et
2905 3012 3046 3083 quod
3072 3011 3219 3066 illum
3257 3017 3441 3064 contra
3467 3004 3771 3076 paradisum

2186 3109 2490 3172 collocaret,
2512 3117 2568 3161 ut
2591 3107 2771 3177 jugem
2788 3105 3026 3160 dolorem
3046 3102 3260 3156 haberet
3277 3097 3513 3170 quotidie
3533 3097 3774 3167 cogitans

2190 3199 2331 3255 unde
2354 3199 2627 3255 exciderat
2644 3240 2674 3266 ,.
2691 3207 2746 3252 et
2789 3198 2842 3252 in
2863 3210 3019 3267 quem
3049 3203 3247 3249 statum
3273 3207 3331 3247 se
3353 3191 3675 3261 conjecerat.
3707 3189 3776 3243 Et

2188 3290 2431 3360 quamvis
2475 3288 2774 3358 gravissimi
2818 3284 3022 3342 doloris
3073 3283 3437 3354 spectaculum
3480 3290 3659 3345 esset,
3690 3287 3772 3333 ta-

2190 3398 2311 3438 men
2340 3396 2544 3452 magna:
2565 3379 2804 3435 utilitatis
2827 3389 2943 3434 erat
2966 3377 3198 3443 occasio,
3223 3385 3279 3430 ut
3307 3374 3500 3429 dolens
3520 3372 3776 3427 continuo

2190 3483 2429 3545 aspectu,
2463 3473 2720 3528 munitior
2745 3480 2799 3526 et
2825 3471 3031 3526 cautior
3053 3476 3198 3524 esset
3227 3467 3278 3521 in
3307 3465 3426 3519 aliis
3447 3507 3462 3533 ,
3486 3479 3554 3519 ne
3583 3464 3774 3517 iterum

2193 3567 2244 3619 in
2270 3563 2456 3618 eadem
2481 3573 2691 3634 peccata
2722 3561 3002 3616 incideret’.
3040 3557 3171 3613 Nam
3197 3557 3450 3627 quoniam
3487 3554 3574 3609 hic
3599 3552 3776 3606 homi-

2193 3658 2277 3712 nis
2303 3665 2360 3711 ut
2384 3656 2669 3726 plurimum
2695 3669 2811 3709 mos
2830 3661 2933 3720 est,
2966 3660 3023 3706 ut
3049 3652 3174 3706 dum
3196 3649 3350 3704 bonis
3379 3647 3624 3712 fruimur,
3648 3645 3778 3715 ipsis

2193 3756 2252 3801 ut
2287 3754 2497 3816 oportet
2532 3747 2606 3801 uti
2634 3745 2936 3800 nesciamus
2959 3783 2973 3808 ,
3002 3743 3214 3796 illorum
3254 3738 3550 3809 privatione
3588 3750 3777 3790 cmen-

2194 3837 2402 3902 damur,
2434 3846 2488 3891 et
2527 3845 2654 3890 tunc
2677 3835 3000 3905 experientia
3026 3832 3168 3886 docti
3194 3829 3396 3885 sentire
3422 3835 3657 3882 nostram
3681 3824 3778 3879 de-

2194 3929 2382 3984 sidiam
2411 3929 2691 3998 incipimus
2713 3968 2726 3990 ,
2757 3935 2916 3995 atque
2962 3926 3036 3979 ita
3083 3932 3228 3977 tanta
3279 3935 3460 3976 rerum
3487 3918 3779 3974 mulatione

2195 4021 2470 4083 docemur,
2496 4029 2550 4074 et
2574 4033 2604 4072 a
2629 4017 2822 4088 quibus
2842 4015 3168 4080 excidimus,
3194 4024 3246 4068 et
3275 4012 3467 4082 quibus
3509 4024 3608 4064 nos
3634 4009 3780 4077 ipsos

2196 4112 2350 4167 malis
2370 4109 2836 4166 circumdedimus.
2860 4107 3042 4176 Itaque
3069 4106 3210 4176 quod
3243 4119 3406 4174 prope
3429 4109 3486 4158 et
3508 4117 3540 4158 e
3560 4101 3781 4170 regione

2198 4203 2426 4272 paradisi
2465 4216 2588 4256 eum
2633 4200 2724 4270 qui
2769 4199 2913 4253 illinc
2965 4197 3236 4252 exciderat
3282 4194 3521 4249 habitare
3584 4192 3775 4262 jussit,

2199 4295 2443 4349 maxima:
2486 4291 2832 4362 providentia:
2857 4299 2912 4345 et
2948 4303 3090 4345 cura:
3134 4287 3345 4357 signum
3390 4285 3488 4338 fuit
3512 4325 3529 4348 ,
3555 4292 3614 4337 ut
3653 4297 3782 4351 spe-

2197 4385 2394 4440 ctando
2421 4398 2627 4438 memor
2647 4391 2792 4438 esset
2819 4391 2875 4437 et
2898 4379 3021 4435 inde
3045 4380 3250 4434 lucrum
3272 4377 3491 4442 faceret,
3518 4389 3582 4429 ac
3608 4387 3783 4441 neque

2199 4477 2482 4531 immodica
2502 4474 2712 4530 vivendi
2736 4471 3189 4542 concupiscentia,
3220 4469 3305 4523 vel
3333 4467 3463 4522 foris
3490 4465 3777 4528 exsistens,

2198 4568 2266 4622 de
2294 4567 2435 4637 ligno
2455 4565 2736 4620 comedere
2757 4569 3123 4634 prresumeret.
3145 4559 3326 4614 Divina
3347 4557 3486 4612 enim
3509 4554 3781 4622 Scriptura

2199 4661 2375 4716 omnia
2405 4659 2578 4724 nobis,
2598 4666 2754 4728 prout
2781 4664 2978 4711 nostra:
3005 4652 3296 4708 infirmitati
3317 4654 3635 4717 congruunt,
3659 4660 3786 4698 nar-

2201 4763 2304 4806 rat.
2333 4751 2401 4804 Et
2425 4750 2686 4804 collocavit
2729 4748 2995 4802 Cherubim
3023 4756 3068 4799 et
3096 4746 3385 4814 ﬂammeum
3410 4738 3640 4811 gladium
3669 4754 3784 4791 ver-

2200 4844 2395 4898 satitem
2422 4843 2488 4895 ad
2525 4839 2906 4896 custodiendam
2939 4839 3071 4892 viam
3103 4837 3228 4907 tigni
3260 4835 3392 4889 vitta.
3422 4829 3783 4903 Negligentia,

2200 4951 2357 5006 quam
2395 4935 2504 5004 jam
2547 4933 2690 4988 circa
2735 4930 2984 4986 traditum
3033 4936 3354 4999 prmceptum
3395 4923 3784 4985 exhibuerant,

2202 5030 2254 5082 in
2284 5042 2441 5082 causa
2473 5025 2650 5080 fuitut
2694 5033 2834 5079 tanta
2879 5024 3128 5078 cautione
3169 5021 3345 5076 aditus
3372 5020 3500 5089 ipsis
3530 5017 3784 5072 interclu-

2201 5122 2436 5178 dcretur.
2454 5120 2835 5175 Animadverte
2849 5118 2936 5172 hic
2951 5117 3239 5187 benignum
3257 5114 3421 5168 Deum
3442 5126 3545 5166 non
3563 5119 3787 5164 conterr-

2209 5221 2319 5266 tum
2353 5211 2516 5266 fuisse
2541 5209 2811 5264 hominem
2840 5223 2872 5263 e
2900 5205 3118 5277 regione
3145 5203 3377 5276 paradisi
3402 5202 3664 5265 habitare,
3692 5198 3787 5253 sed

2203 5303 2522 5375 praecepisse
2547 5302 2705 5357 etiam
2726 5341 2741 5366 ,
2769 5309 2829 5354 ut
2855 5301 3076 5354 virtutes
3104 5298 3207 5352 illa:
3236 5292 3522 5350 Cherubim
3553 5298 3608 5345 et
3632 5287 3788 5343 llam~

2205 5410 2354 5451 meus
2382 5394 2590 5465 gladius
2621 5393 2712 5447 ille
2738 5391 3004 5446 versatilis
3034 5387 3367 5444 custodirent
3385 5385 3552 5444 viam,
3583 5395 3701 5451 qua:
3728 5379 3789 5432 il-

2205 5488 2290 5542 lue
2321 5487 2622 5540 inducebat.
2657 5483 2765 5538 Nec
2791 5482 2994 5552 absque
3016 5494 3175 5535 causa
3207 5477 3427 5543 addidit,
3461 5471 3793 5532 Vcrsatilem,

2203 5577 2294 5632 sed
2325 5576 2583 5630 utdoceat
2627 5588 2725 5627 nos
2744 5615 2757 5637 ,
2791 5587 3006 5626 omnem
3035 5571 3173 5623 viam
3205 5567 3297 5622 illo
3338 5565 3621 5620 ducentem
3649 5573 3789 5628 prac-

2205 5667 2408 5722 clusam
2455 5665 2615 5720 fuisse
2639 5703 2655 5732 ,
2687 5678 2752 5719 eo
2771 5661 2910 5733 quod
2946 5659 3151 5733 gladius
3191 5657 3280 5714 ille
3303 5657 3431 5713 dum
3464 5659 3786 5710 versaretur.
