4074 6134
181 232 277 286 131

211 348 296 414 ὡς
317 347 462 414 θεοὶ,
483 347 577 402 καὶ
603 348 838 412 ίσοθεῖας
865 348 1038 401 ἐλπίδι
1060 348 1160 418 τῆς
1177 347 1432 420 βρώσεως
1454 350 1890 421 κατετόλμησαν·

208 435 309 502 διά
331 437 493 490 τοῦτο
523 437 619 490 καὶ⁵
643 436 676 487 6
705 436 838 499 Θεὸς
865 436 1030 489 πάλιν
1051 436 1309 507 ἐντρέψαι
1325 438 1523 501 αὐτοὺς
1549 437 1895 507 βουλόμενος,

216 525 316 577 καὶ
340 525 421 586 είς
450 523 703 593 αἴσθησιν
730 523 961 590 ἀγαγεῖν
975 522 1085 577 τῶν
1109 523 1511 594 ἐπταισμένων,
1539 524 1632 578 καὶ
1662 523 1762 593 τῆς
1795 541 1898 576 πα-

219 611 426 680 ρακοῆς
451 609 514 662 τὸ
558 609 787 680 μέγεθος
811 609 1002 676 δεῖξαι,
1032 611 1128 664 καὶ
1162 611 1261 681 τῆς
1290 611 1506 682 ἀπάτης
1534 610 1634 681 τὴν
1661 608 1896 681 ὑπερϐο-

214 697 342 768 λὴν,
372 696 563 767 φησίν·
615 695 773 751 Ἰδοὺ
798 696 1047 766 γέγονεν
1079 697 1251 767 Ἀδὰμ
1273 699 1354 765 ὡς
1375 693 1464 765 εἷς
1488 698 1558 762 ἐξ
1579 695 1767 767 ἡμῶν.
1794 699 1899 750 Με-

219 784 366 854 γάλη
395 782 486 836 τοῦ
526 783 770 854 ῥήματος
802 785 837 854 ή
876 783 1132 856 ἐντροπὴ,
1157 784 1478 839 καθικέσθαι
1503 784 1775 854 δυναμένη
1802 781 1896 834 τοῦ

221 871 594 942 παραϐάντος.
631 870 731 924 Διά
761 870 942 937 τοῦτο,
993 871 1148 942 φησὶ,
1181 873 1594 943 κατεφρόνησας
1625 871 1724 941 τῆς
1753 871 1898 923 ἐντο-

219 957 324 1028 λῆς
374 958 474 1027 τῆς
512 958 656 1027 ἐμῆς
705 957 942 1010 ίσοθεῖαν
990 958 1353 1026 φαντασθείς;
1410 958 1541 1011 Ἰδοὺ
1595 957 1824 1025 γέγονας
1871 955 1900 1008 δ

219 1047 666 1117 προσεδόκησας·
702 1044 854 1116 [155]
905 1045 1107 1115 μᾶλλον
1156 1046 1213 1098 66
1254 1046 1353 1116 οὐχ
1395 1045 1424 1098 6
1473 1044 1896 1115 προσεδόκησας,

217 1132 337 1185 ἀλλ’
356 1134 494 1202 ὅπερ
514 1128 582 1204 ἧς
598 1131 747 1199 ἄξιος
771 1131 1045 1199 γενέσθαι.
1080 1131 1257 1196 Ἰδοὺ,
1273 1133 1426 1203 φησι,
1442 1131 1690 1202 γέγονεν
1717 1130 1899 1200 Ἀδὰμ

216 1219 302 1284 ὠς
330 1215 420 1285 εἷς
451 1219 520 1284 ἐξ
551 1219 744 1288 ἡμῶν,
777 1220 884 1274 τοῦ
914 1219 1235 1290 γινώσκειν
1255 1220 1449 1274 καλὸν
1481 1218 1581 1273 καὶ
1610 1219 1895 1287 πονηρόν.

219 1305 398 1359 Τοῦτο
439 1306 549 1377 γὰρ
582 1308 610 1359 6
638 1306 893 1359 ἀπατεὼν
936 1307 1182 1372 διάϐολος
1228 1308 1412 1371 αὐτοῖς
1465 1308 1618 1376 ἔλεγε
1665 1305 1754 1359 διὰ
1802 1304 1896 1358 τοῦ

217 1393 420 1461 δφεως,
444 1394 528 1446 ὅτι
568 1393 1100 1464 Διανοιχθήσονται
1139 1394 1306 1464 ὑμῶν
1349 1397 1403 1448 οἱ
1445 1393 1764 1464 ὀφθαλμοὶ,
1797 1393 1896 1446 καὶ

218 1480 448 1533 ἔσεσθε
473 1481 552 1546 ὡς
593 1480 738 1546 θεοὶ,
779 1479 1182 1550 γινώσκοντες
1225 1483 1416 1536 καλὸν
1457 1482 1554 1535 καὶ
1605 1480 1894 1549 πονηρόν.

218 1569 332 1623 Καὶ
355 1569 474 1623 νῦν
505 1569 590 1638 μή
622 1585 766 1623 ποτε
793 1569 1031 1638 ἐκτείνῃ
1052 1570 1168 1638 τὴν
1198 1569 1386 1639 χεῷα,
1410 1569 1509 1622 καὶ
1538 1569 1760 1638 ἅψηται
1789 1566 1897 1621 τοῦ

220 1657 420 1721 ξύλου
443 1655 552 1724 τῆς
569 1657 738 1725 ζωῆς,
757 1657 852 1710 καὶ
879 1657 1061 1726 φάγῃ,
1088 1657 1184 1710 καὶ
1210 1656 1446 1722 ζήσεται
1467 1659 1553 1722 εἰς
1569 1657 1676 1710 τὸν
1689 1655 1894 1710 αἰῶνα.

223 1746 375 1816 Ὅρα
404 1762 492 1815 μοι
521 1744 754 1799 ἐνταῦθα
776 1744 1183 1816 φιλανθρωπίαν
1201 1745 1491 1797 Δεσπότου.
1517 1746 1609 1797 Δεῖ
1627 1745 1736 1815 γὰρ
1761 1743 1898 1815 μετά

217 1831 511 1904 ἀκριϐείας
547 1831 887 1902 διερευνῆσαι
925 1845 952 1872 ι
984 1831 1044 1884 τὸ
1083 1831 1392 1902 εἰρημένον,
1433 1831 1520 1884 ἵνα
1561 1831 1726 1901 μηδὲν
1751 1831 1898 1901 ἡμᾶς

219 1917 409 1972 λαθεῖν
444 1918 647 1990 δυνηθῇ
692 1918 801 1972 τῶν
845 1919 902 1970 ἐν
947 1917 1027 1988 τῷ
1079 1917 1232 1988 βάθει
1257 1918 1431 1988 τούτῳ
1478 1916 1894 1991 κεκρυμμένων.

233 2004 433 2058 Ἦνίκα
470 2005 568 2076 τὴν
605 2004 826 2075 ἐντολὴν
869 2005 1040 2058 ἐδίδου
1094 2005 1172 2076 τῷ
1212 2004 1382 2075 Ἀδὰμ
1431 2005 1461 2057 6
1489 2005 1642 2068 Θεὸς,
1685 2003 1898 2066 οὐδενὸς

224 2092 415 2163 ἐτέρου
441 2092 775 2162 ἀποσχέσθαι
796 2093 958 2147 αὐτὸν
982 2092 1334 2164 προσέταξεν,
1358 2093 1391 2164 ἢ
1423 2095 1582 2162 μόνον
1603 2091 1696 2145 τοῦ
1717 2090 1895 2158 ξύλου,

220 2173 286 2233 οὗ
318 2179 420 2249 τῆς
453 2179 708 2251 βρώσεως
745 2181 1166 2252 κατατολμήσας
1197 2179 1259 2234 τὸ
1294 2180 1569 2252 ἐπιτίμιον
1612 2178 1708 2233 τοῦ
1737 2179 1900 2234 θανά-

219 2283 319 2320 του
347 2267 596 2333 ἐδέξατοο
625 2267 763 2338 ὅπερ
794 2268 1178 2337 ἐντελλόμενος
1205 2267 1354 2338 αὐτῷ
1389 2267 1608 2338 ὥρισεν,
1645 2269 1692 2320 εἰ
1720 2283 1899 2338 παρα-

219 2353 546 2425 ϐαίημπερὶ
587 2353 680 2406 τοῦ
721 2355 822 2424 τῆς
865 2353 1013 2426 ζωῆς
1048 2355 1205 2421 ξύλου
1245 2355 1395 2408 οὐδὲν
1434 2353 1895 2425 διαστειλάμενος.

231 2442 456 2514 Ἐπειδὴ
488 2442 620 2514 γὰρ,
651 2443 727 2507 ὡς
770 2443 1012 2514 ήγοῦμαι
1055 2445 1150 2497 κα)⁸
1186 2443 1301 2497 ἐστι
1347 2443 1596 2505 συνιδεῖν,
1629 2442 1897 2496 ἀθάνατον

217 2529 386 2582 αὑτὸν
415 2529 867 2600 ἐδημιούργησεν,
903 2530 1031 2601 ἐξῆν
1056 2529 1225 2602 αὐτῷ,
1265 2529 1425 2599 εἴπερ
1460 2528 1731 2595 ἐϐούλετο,
1761 2528 1900 2599 μετὰ

217 2615 335 2668 τῶν
361 2615 537 2670 ἀλλων
577 2617 674 2670 καὶ
712 2616 922 2670 ἐκείνου
969 2616 1428 2687 μεταλαμϐάνειν,
1474 2616 1772 2686 δυναμένου
1822 2617 1899 2668 δι-

217 2704 396 2774 ηνεκῆ
419 2701 518 2774 τῆν
546 2701 692 2774 ζωὴν
724 2703 875 2773 αὐτῷ
904 2701 1216 2774 προξενεῖν
1251 2703 1438 2775 διόπερ
1469 2703 1726 2775 οὐδεμίαν
1751 2705 1899 2756 ἐντο-

219 2789 322 2860 λήν
353 2791 483 2860 περὶ
511 2791 722 2844 ἐκείνου
752 2791 986 2860 δέχεται.

296 2885 370 2945 γ’.
390 2876 453 2930 Εἰ
473 2878 530 2930 δέ
547 2895 631 2940 τις
655 2878 895 2947 βούλοιτο
914 2877 1205 2948 περίεργος
1225 2877 1299 2930 ὣν
1326 2875 1528 2948 ζητεῖν,
1548 2877 1635 2931 διά
1661 2878 1713 2931 τί
1744 2876 1898 2942 ξύλον

221 2964 371 3034 ζωῆς
395 2965 660 3030 ἐκαλεῖτο,
687 2965 1006 3036 μανθανέτω
1029 2965 1103 3036 μὴ
1124 2964 1301 3018 πάντα
1326 2965 1463 3035 μετά
1482 2965 1768 3035 ἀκριϐείας
1785 2967 1898 3029 τοῖς

219 3051 444 3113 οἰκείοις
469 3051 749 3121 λογισμοῖς
771 3051 1167 3104 ἀκολουθοῦντα
1193 3051 1453 3106 δύνασθαι
1489 3051 1581 3107 τὸν
1614 3051 1898 3122 ἄνθρωπον

220 3138 320 3191 καὶ
349 3137 419 3192 τά
458 3137 554 3191 τοῦ
579 3137 714 3191 Θεοῦ
742 3137 878 3209 ἐργα
910 3139 1481 3204 κατοπτεύειν.Ἕδοξε
1528 3139 1638 3210 γὰρ
1681 3139 1758 3209 τῷ
1803 3142 1900 3192 Δε-

221 3225 422 3296 σπότῃ,
455 3225 543 3278 ἵνα
567 3226 876 3296 γυμνασίαν
905 3225 1005 3297 ἔχῃ
1032 3227 1282 3298 ὑπακοῆς
1311 3226 1406 3281 καὶ
1436 3227 1720 3296 παρακοῆς
1755 3228 1784 3278 6
1805 3226 1897 3279 ὑπ’

219 3311 391 3364 αὐτοῦ
416 3311 843 3384 δημιουργηθεὶς
867 3312 962 3366 ἄνθ
971 3330 1152 3384 ρωπος
1171 3315 1227 3366 ἐν
1242 3312 1320 3383 τῷ
1342 3314 1653 3384 παραδείσῳ
1673 3313 1895 3382 διάγων,

223 3400 320 3454 καὶ
341 3399 410 3452 τά
435 3398 528 3452 δύο
557 3398 733 3453 ταῦτα
760 3399 888 3464 ξύλα
917 3403 1034 3453 ἐκεῖ
1059 3399 1352 3466 ἀναδεῖξαι,
1376 3401 1438 3454 τὸ
1475 3401 1574 3470 μέν
1599 3401 1700 3470 τῆς
1729 3400 1897 3470 ζωῆς,

219 3489 286 3542 τὺ
314 3488 394 3555 66,
434 3487 510 3552 ὡς
547 3490 742 3547 εἰπεῖν.
777 3489 870 3540 τοῦ
905 3487 1156 3542 θανάτου.
1212 3490 1274 3542 Ἠ
1321 3489 1428 3559 γάρ
1474 3489 1663 3541 τούτου
1696 3487 1898 3559 βρῶσις

220 3577 320 3631 καὶ
417 3577 732 3648 παράϐασις
759 3576 858 3648 τῆς
884 3576 1102 3646 ἐντολῆς
1134 3576 1226 3630 τὸν
1255 3578 1482 3631 θάνατον
1511 3576 1660 3646 αὐτῷ
1689 3578 1900 3647 ἐπήγα-

221 3679 342 3732 γεν.
384 3662 538 3716 Ἐπεὶ
566 3657 658 3717 οὖν
679 3663 871 3716 τούτου
907 3662 1190 3734 μετασχὼν
1217 3663 1406 3733 θνητὸς
1428 3665 1640 3733 γέγονε,
1671 3665 1762 3717 καὶ
1781 3666 1899 3727 ταῖς

221 3753 322 3808 τοῦ
372 3754 621 3824 σώματος
673 3755 942 3823 ἀνάγκαις
985 3755 1171 3808 λοιπὸν
1215 3755 1532 3818 ὑπεύθυνος,
1583 3754 1675 3807 καὶ
1727 3754 1900 3824 ἀρχὴν

221 3840 387 3893 ἔλαϐε
418 3841 519 3911 τῆς
557 3841 828 3912 ἁμαρτίας
855 3840 1132 3911 ήεῖσοδος,
1165 3841 1234 3895 δι’
1263 3842 1328 3912 ἢν
1363 3843 1456 3894 καὶ
1487 3842 1516 3893 6
1538 3840 1767 3904 θάνατος
1796 3841 1900 3894 ὑπὸ

221 3927 320 3981 τοῦ
359 3929 634 3982 Δεσπότου
680 3929 1069 3999 συμφερόντως
1103 3929 1448 4000 ᾠκονομήθη,
1487 3929 1669 3982 οὐκέτι
1715 3928 1899 3982 λοιπὸν

222 4015 453 4086 ἀφίησιν
481 4018 538 4068 ἐν
556 4015 635 4086 τῷ
666 4016 978 4086 παραδείσῳ
1003 4015 1096 4070 τὸν
1135 4016 1325 4086 Ἀδὰμ,
1358 4017 1474 4070 ἀλλ’
1501 4015 1734 4082 ἐξελθεῖν
1757 4018 1900 4069 ἐκεῖ·

223 4101 318 4155 θεν
346 4101 695 4171 προστάττει,
720 4103 953 4167 δεικνὺς,
985 4104 1067 4156 ὅτι
1084 4103 1150 4156 δι’
1169 4103 1322 4156 οὐδὲν
1345 4102 1531 4174 ἓτερον
1551 4102 1712 4155 τοῦτο
1732 4105 1895 4167 ποιεῖ,

221 4188 257 4258 ἢ
289 4188 319 4228 b
352 4188 442 4241 διά
473 4189 572 4259 τὴν
597 4188 1010 4260 φιλανθρωπίαν
1035 4191 1135 4261 τὴν
1165 4191 1296 4261 περὶ
1325 4190 1508 4243 αὐτόν.
1538 4191 1648 4244 Καὶ
1681 4190 1768 4244 ἵνα
1798 4191 1900 4260 μά-

223 4275 413 4347 θωμεν
447 4275 713 4346 ἀκριϐῶς,
745 4277 1043 4343 ἀναγκαῖον
1089 4276 1230 4330 αὐτὰ
1280 4276 1444 4330 πάλιν
1493 4277 1800 4345 ἀναγνῶναι
1831 4278 1898 4331 τά

224 4363 452 4434 ῥήματα
473 4362 575 4432 τῆς
604 4361 756 4426 θείας
787 4351 1031 4434 Γραφῆς.
1059 4363 1170 4418 Καὶ
1190 4364 1325 4428 νῦν,
1352 4364 1506 4433 φησὶ,
1526 4363 1610 4432 μή
1629 4377 1772 4418 ποτε
1802 4364 1899 4418 ἐκ-

223 4450 394 4518 τείνῃ
425 4448 542 4518 τὴν
569 4449 761 4518 χεῖρα,
792 4449 891 4503 καὶ
921 4449 1076 4519 λάϐῃ
1097 4450 1213 4504 ἀπὸ
1231 4451 1340 4504 τοῦ
1363 4450 1555 4515 ξύλου
1583 4449 1694 4517 τῆς
1727 4449 1895 4519 ζωῆς,

224 4537 325 4590 καί
371 4536 555 4607 φάγῃ,
594 4537 694 4591 καί
729 4535 968 4605 ζήσεται
1005 4539 1095 4604 εις
1127 4537 1234 4590 τὸν
1273 4537 1479 4591 αἰῶνα.
1516 4537 1734 4608 Ἐπειδὴ
1766 4536 1897 4608 γάρ,

225 4625 384 4693 φησι,
419 4623 622 4695 πολλῆς
648 4624 922 4695 ἀκρασίας
967 4625 1236 4694 δείγματα
1270 4623 1511 4694 παρέσχε
1539 4623 1628 4676 διὰ
1655 4623 1755 4694 τῆς
1796 4623 1898 4695 ήδη

224 4708 477 4782 δοθείσης
531 4711 771 4782 ἐντολῆς,
814 4713 911 4764 καὶ
953 4710 1148 4780 θνητὸς
1184 4709 1426 4778 γέγονεν,
1461 4710 1550 4763 ἵνα
1593 4709 1668 4780 μὴ
1711 4709 1896 4772 πάλιν,

227 4797 385 4866 φησὶ,
408 4797 798 4871 κατατολμήσῃ
821 4799 924 4852 καὶ
943 4798 1136 4852 τούτου
1159 4796 1256 4851 τοῦ
1284 4796 1441 4861 ξύλου
1465 4797 1772 4865 ἐφάψασθαι
1805 4797 1897 4850 τοῦ

222 4882 326 4952 τὴν
355 4881 501 4954 ζωὴν
539 4885 871 4956 παρέχοντος
909 4886 1009 4956 τὴν
1036 4885 1282 4956 διηνεκῆ,
1324 4885 1420 4939 καὶ
1456 4884 1624 4956 μέλλῃ
1655 4883 1898 4948 ἀθάνατα

224 4971 602 5040 ἁμαρτάνειν,
653 4970 860 5040 βέλτιον
907 4973 1068 5026 αὑτὸν
1113 4971 1365 5026 ἐντεῦθεν
1403 4971 1811 5053 ἐξω⁴βληθῆναι
1837 4983 1896 5008 ε·

224 5057 371 5111 ὥστε
415 5057 741 5129 κηδεμονίας
775 5059 974 5129 μᾶλλον
1002 5055 1068 5130 ἦν
1098 5062 1132 5131 ἢ
1175 5061 1601 5130 ἀγανακτήσεως
1630 5062 1663 5131 ή
1702 5059 1899 5130 ἐκϐολὴ

221 5143 320 5198 τοῦ
355 5144 710 5215 παραδείσου.
743 5145 994 5209 Τοιοῦτος
1037 5147 1146 5218 γὰρ
1179 5150 1207 5200 6
1236 5149 1511 5219 Δεσπότης
1543 5153 1571 5202 6
1599 5149 1897 5218 ἡμέτερος·

221 5233 324 5286 καὶ
366 5232 782 5304 τιμωρούμενος
809 5233 910 5285 οὐκ
935 5233 1156 5288 ἔλαττον
1194 5235 1228 5304 ἢ
1281 5235 1586 5307 εὐεργετῶν
1628 5235 1726 5305 τὴν
1773 5236 1901 5305 περὶ

221 5321 378 5392 ἡμᾶς
407 5321 737 5392 κηδεμονίαν
763 5320 1122 5384 ἐνδείκνυται,
1144 5321 1249 5376 ,καὶ
1275 5321 1374 5391 τὴν
1409 5323 1678 5392 τιμωρίαν
1708 5322 1765 5375 66
1793 5323 1903 5375 ἐνε-

223 5425 324 5461 κεν
341 5407 624 5472 νουθεσίας
647 5409 779 5480 ἡμῖν
803 5407 1020 5477 ἐπάγει.
1049 5407 1136 5470 Ὠς
1153 5406 1268 5474 εῐγε
1284 5407 1400 5478 ᾔδει
1422 5408 1570 5478 ἡμᾶς
1595 5409 1670 5480 μὴ
1688 5409 1903 5480 χείρους

225 5495 558 5565 γενομένους
588 5495 666 5567 τῷ
691 5495 1001 5568 ἀτιμωρητὶ
1029 5493 1390 5566 ἁμαρτάνειν,
1421 5496 1521 5548 οὐκ
1552 5495 1618 5550 ἂν
1647 5495 1768 5548 ούδέ
1795 5495 1903 5547 ἐτι-

226 5605 317 5657 μω
327 5583 528 5656 ρήσατο
549 5601 564 5616 ο
589 5585 724 5638 ἀλλά
746 5585 1194 5656 προαναστέλλων
1222 5583 1377 5654 ἡμῶν
1409 5582 1506 5655 τὴν
1529 5583 1622 5636 ἐπὶ
1643 5583 1705 5637 τὸ
1725 5587 1904 5656 χεῖρον

226 5673 479 5744 πρόοδον,
503 5672 599 5726 καὶ
620 5671 717 5743 τὴν
745 5673 1010 5743 πονηρίαν
1040 5671 1324 5726 ἐκκόπτων
1356 5674 1454 5744 τὴν
1483 5672 1575 5726 ἐπὶ
1607 5672 1669 5725 τὸ
1694 5671 1901 5746 πρόσω,

227 5753 386 5825 [154]
410 5768 508 5824 την
521 5753 730 5806 οἰκείαν
759 5755 951 5819 φιλανθ
961 5751 1170 5822 ρωπίαν
1189 5751 1522 5823 μιμούμενος
1541 5754 1865 5823 τιμωρεῖται
1881 5766 1895 5780 '

293 5846 320 5873 ⁸
353 5845 552 5910 Coislln.
587 5846 934 5910 όιερμηνεῦσαι.
998 5843 1030 5885 δ
1065 5845 1189 5897 Tres
1226 5859 1342 5895 mss.
1388 5845 1491 5895 ἀλλ’
1536 5845 1585 5903 ἦ.
1654 5847 1676 5876 ο
1725 5843 1900 5894 Morel.

232 5907 508 5967 ἐξωσθῆναι.

1392 231 1459 288 ΙΝ
1498 232 1652 290 CAP.
1695 231 1759 288 111
1791 229 2036 288 GENES.
2070 229 2302 288 HOMIL.
2341 230 2526 287 XVIII.

3573 239 3591 291 1
3605 238 3670 292 ἶἱῖ

1993 345 2023 399 δ
2053 345 2116 417 δὴ
2144 346 2239 399 καὶ
2269 346 2362 398 νῦν
2398 345 2688 415 πεποίηκε.
2725 346 3038 418 Κηδόμενος
3083 348 3192 420 γὰρ
3225 350 3318 403 τοῦ
3349 353 3669 420 πρωτοπλά-

1997 450 2148 496 στου,
2182 432 2516 504 ἐκϐληθῆναι
2546 432 2640 486 τοῦ
2671 435 3002 503 παραδείσου
3024 437 3185 489 αὐτὸν
3208 437 3528 507 προσέταξε.
3561 440 3670 492 Καὶ

1993 519 2430 583 ἐξαπέστειλεν
2450 519 2657 583 αὐτόν,
2685 521 2838 590 φησὶ,
2871 523 3088 589 Κύριος
3107 526 3140 576 ό
3163 524 3305 588 Θεὸς
3336 525 3404 576 ἐκ
3432 525 3539 578 τοῦ
3561 539 3672 578 πα-

1986 605 2278 673 ραδείσου
2329 604 2439 674 τῆς
2477 606 2731 674 τρυφῆς,
2782 607 3126 676 ἐργάζεσθαι
3173 608 3289 677 τὴν
3327 610 3443 679 γῆν
3481 611 3550 675 ἐξ
3592 607 3672 681 ἧς

1993 693 2250 762 ἐλήφθη.
2287 694 2429 764 Ὅρα
2457 712 2546 764 μοι
2573 694 2732 748 πάλιν
2761 695 2997 748 ἐνταῦθα
3030 697 3129 767 τῆς
3151 697 3300 760 θείας
3332 697 3550 768 Γραφῆς
3568 700 3670 769 τὴν

1994 781 2302 851 ἀκρίϐειαν.
2345 781 2800 845 Ἐξαπέστειλεν
2824 782 3031 845 αὐτὸν,
3053 784 3208 851 φησὶ,
3240 783 3456 850 Κύριος
3475 787 3507 837 ό
3528 785 3671 850 Θεὸς

1993 868 2062 921 ἐκ
2078 867 2184 921 τοῦ
2201 868 2568 935 παραδείσου
2589 866 2698 936 τῆς
2713 868 2965 936 τρυφῆς,
2977 869 3317 938 ἐργάζεσθαι
3340 870 3455 937 τὴν
3471 871 3588 939 γῆν
3602 871 3671 934 ἐξ

1993 948 2068 1022 ἧς
2097 954 2357 1023 ἐλήφθη.
2407 953 2538 1007 Ἰδοὺ
2567 955 2666 1017 τὰς
2693 953 2998 1023 ἀποφάσεις
3027 956 3192 1009 αὑτοῦ
3220 958 3299 1019 είς
3338 957 3497 1027 ἔργον
3526 957 3668 1026 ἀγει,

1996 1041 2090 1092 καὶ
2106 1041 2170 1093 ἐκ
2197 1041 2290 1093 τοῦ
2324 1040 2656 1111 παραδείσου
2675 1041 2776 1110 τῆς
2800 1042 3013 1112 τρυφῆς
3038 1039 3322 1110 ἐξαγαγὼν
3342 1044 3671 1114 ἐργάζεσθαι

1994 1127 2094 1197 τὴν
2131 1127 2235 1198 γῆν
2271 1126 2433 1179 αὑτὸν
2469 1130 2634 1191 ποιεῖ,
2666 1128 2725 1194 ἐξ
2756 1123 2824 1198 ἦς
2851 1127 3079 1199 ἐλήφθη.
3116 1129 3225 1182 Καὶ
3252 1129 3351 1199 οὐχ
3382 1129 3566 1193 ἁπλῶς
3590 1128 3668 1183 εἷ-

1995 1229 2118 1278 πεν,
2162 1212 2258 1278 Ἐξ
2285 1209 2360 1283 ἧς
2392 1213 2648 1282 ἐλήφθη·
2693 1214 2807 1267 ἀλλ’
2843 1214 2932 1267 ἴνα
2964 1215 3188 1285 διηνεκῆ
3231 1216 3331 1286 τὴν
3364 1215 3672 1287 ὑπόμνησιν

1994 1295 2092 1370 ἔχῃ
2121 1295 2225 1366 τῆς
2251 1295 2756 1364 ταπεινοφροσύνης
2785 1296 2882 1367 τὴν
2914 1297 3198 1367 ἐργασίαν,
3230 1297 3325 1351 καὶ
3347 1299 3548 1351 εἰδέναι
3571 1298 3673 1370 ἔχῃ

1993 1369 2074 1446 ὡς
2101 1383 2310 1436 ἐκεῖθεν
2343 1381 2491 1451 αὐτῷ
2529 1383 2562 1452 ή
2602 1381 2881 1446 σύστασις,
2918 1384 3010 1436 καὶ
3037 1385 3070 1453 ή
3099 1383 3257 1436 οὐσία
3294 1382 3388 1436 τοῦ
3419 1369 3672 1454 σώματος

1993 1469 2059 1520 ἐκ
2084 1469 2182 1537 τῆς
2208 1468 2310 1538 γῆς
2341 1467 2399 1533 ἐξ
2426 1467 2602 1538 ἀρχῆς
2630 1468 2954 1539 γεγένηται·
2997 1470 3233 1540 ἐκείνην,
3271 1471 3455 1540 φησὶν,
3502 1470 3670 1541 ἐργά-

1995 1552 2184 1617 ζεσθαι
2205 1555 2306 1623 τὴν
2333 1554 2460 1622 γῆν,
2477 1553 2537 1620 ἐξ
2561 1548 2628 1625 ἧς
2660 1554 2756 1607 καὶ
2785 1555 2946 1618 αὐτὸς
2969 1555 3222 1625 συνέστη.
3253 1555 3424 1608 Τοῦτο
3450 1555 3560 1626 γάρ
3577 1557 3672 1609 καὶ

1993 1641 2051 1693 ἐν
2079 1643 2143 1712 τῇ
2179 1639 2454 1708 ἀποφάσει
2484 1640 2690 1708 ἔλεγεν,
2721 1643 2816 1696 Ἑν
2844 1641 3038 1711 ἱδρῶτι
3070 1643 3176 1696 τοῦ
3213 1642 3535 1711 προσώπου
3553 1658 3670 1696 σου

1993 1727 2153 1798 φάγῃ
2183 1728 2288 1781 τὸν
2302 1727 2485 1795 ἄρτον
2505 1743 2642 1781 σου.
2679 1729 2754 1780 Τὸ
2781 1730 2913 1782 αὐτὸ
2936 1730 3114 1782 τοίνυν
3143 1731 3236 1782 καὶ
3262 1729 3356 1783 νῦν
3397 1730 3543 1798 λέγει
3583 1730 3672 1784 διά

1993 1813 2087 1866 τοῦ
2138 1815 2334 1880 εἰπεῖν,
2379 1813 2759 1884 Ἐργάζεσθαι
2782 1815 2896 1883 τὴν
2920 1815 3038 1884 γῆν
3052 1815 3120 1880 ἐξ
3136 1812 3204 1885 ἧς
3229 1815 3481 1884 ἐλήφθη.
3516 1812 3668 1881 Εἶτα,

1995 1900 2085 1955 ἵνα
2124 1901 2386 1972 μάθωμεν
2417 1902 2568 1972 πόσῳ
2600 1901 2934 1972 διαστήματι
2971 1903 3134 1956 αὐτὸν
3161 1902 3408 1973 ἀπῴκισε
3439 1903 3532 1956 τοῦ
3563 1921 3666 1956 πα-

1998 1988 2269 2059 ραδείσου,
2285 1990 2379 2042 καὶ
2397 1989 2554 2042 τοῦτο
2571 1988 2811 2042 διδάσκει
2833 1991 3028 2060 ήμᾶςή
3058 1989 3177 2042 θεία
3200 1990 3390 2061 Γραφὴ
3415 1989 3666 2058 λέγουσαο

1993 2074 2104 2129 Καὶ
2124 2075 2371 2139 ἐξέϐαλε
2398 2077 2613 2143 Κύριος
2633 2079 2664 2129 ό
2689 2075 2834 2140 Θεὸς
2852 2076 2960 2129 τὸν
2990 2075 3188 2146 Ἀδὰμ,
3211 2077 3308 2130 καὶ
3340 2076 3671 2142 κατῴκισεν

1993 2163 2182 2216 αὐτὸν
2196 2162 2483 2217 ἀπέναντι
2505 2162 2612 2216 τοῦ
2631 2162 3002 2230 παραδείσου
3017 2162 3127 2231 τῆς
3151 2163 3400 2232 τρυφῆς.

2066 2249 2268 2303 Σκόπει
2310 2249 2428 2312 πῶς
2460 2249 2691 2302 ἕκαστον
2721 2248 2830 2303 τῶν
2861 2250 3161 2319 γινομένων
3207 2250 3310 2303 ὑπὸ
3353 2250 3448 2304 τοῦ
3489 2250 3670 2304 κοινοῦ

1996 2337 2268 2390 Δεσπότου
2290 2335 2702 2406 φιλανθρωπίας
2729 2337 2986 2400 ὑπόθεσις
3007 2333 3096 2408 ἦν,
3127 2337 3219 2390 καὶ
3241 2338 3469 2391 ἕκαστον
3501 2355 3667 2410 τιμω-

1999 2424 2118 2496 ρίας
2143 2421 2281 2487 εἶδος
2307 2423 2641 2493 ἀγαθότητος
2666 2425 2827 2494 γέμει
2859 2424 3078 2495 πολλῆς.
3101 2426 3177 2477 Οὐ
3199 2425 3308 2496 γὰρ
3328 2425 3389 2478 τὸ
3417 2425 3671 2478 ἐκϐαλεῖν

1998 2513 2159 2582 μόνον
2199 2509 2612 2581 φιλανθρωπίας
2651 2511 2746 2563 καὶ
2791 2510 3130 2582 ἀγαθότητος
3168 2506 3270 2582 ἦν’
3317 2512 3453 2566 ἀλλά
3483 2515 3578 2566 καὶ
3609 2514 3672 2566 τὸ

1995 2597 2258 2652 ἀπέναντι
2294 2597 2386 2650 τοῦ
2413 2596 2744 2667 παραδείσου
2777 2598 3154 2666 ἐγκατοικίσαι
3190 2599 3376 2663 αὐτὸν,
3409 2601 3494 2653 ἵνα
3519 2602 3672 2655 ἀδιά-

1995 2686 2211 2740 λειπτον
2236 2683 2428 2754 ὀδύνην
2461 2683 2582 2756 ἔχῃ,
2617 2684 2740 2738 καθ’
2774 2685 3011 2757 ἑκάστην
3038 2687 3254 2756 ἡμέραν
3283 2688 3670 2759 ἀναλογιζόμεο

1997 2791 2109 2839 νος,
2139 2772 2266 2824 οἴων
2296 2771 2680 2833 ἐκπεπτωκὼς
2710 2774 2790 2835 είς
2821 2772 2940 2825 οἵαν
2969 2773 3160 2826 ἐαυτὸν
3190 2774 3524 2829 κατάστασιν
3543 2777 3674 2846 ήγα-

1995 2877 2112 2928 γεν.
2152 2858 2292 2910 Ἀλλ’
2336 2857 2488 2928 ὅμως
2530 2859 2578 2910 εί
2630 2859 2721 2913 καὶ
2753 2858 2946 2930 ὀδύνην
2984 2861 3256 2931 ἀφόρητον
3293 2864 3327 2932 ή
3367 2861 3466 2916 θέα
3501 2859 3668 2933 εἶχεν,

1994 2948 2108 3002 ἀλλ’
2129 2947 2191 3000 οὐ
2217 2947 2419 3017 μικρᾶς
2443 2945 2708 3016 ὠφελείας
2741 2946 2994 3010 ὑπόθεσίς
3018 2950 3154 3012 ἐστι,
3183 2949 3276 3002 καὶ
3299 2949 3436 3020 πρὸς
3454 2949 3514 3002 τὸ
3544 2951 3671 3020 ἑξῆς

1995 3032 2270 3103 ἀσφάλεια
2289 3032 2367 3102 τῷ
2396 3031 2719 3104 ὀδυνωμένῳ
2742 3033 2773 3103 ἡ
2809 3033 3036 3104 συνεχὴς
3061 3033 3158 3086 θέα
3183 3034 3410 3103 ἐγίνετο,
3448 3035 3586 3106 πρὸς
3609 3036 3672 3089 τὸ

1997 3123 2073 3194 μὴ
2111 3124 2223 3184 τοῖς
2263 3121 2444 3184 αὐτοῖς
2473 3120 2636 3174 πάλιν
2662 3121 2825 3173 αὑτὸν
2854 3124 3191 3192 περιπεσεῖν.
3216 3122 3326 3174 Καὶ
3351 3123 3458 3192 γάρ
3483 3122 3559 3185 ὼς
3581 3123 3672 3176 ἐπὶ⁸

1994 3213 2055 3266 τὺ
2085 3211 2334 3264 πλεῖστον
2370 3213 2470 3281 τῆς
2516 3209 2866 3280 ἀνθρωπίνης
2899 3210 3116 3277 φύσεως
3148 3209 3388 3263 τοιοῦτον
3425 3210 3485 3263 τὸ
3516 3209 3668 3272 ἐθοςο

1994 3299 2216 3353 ἐπειδὰν
2243 3298 2352 3368 γὰρ
2382 3298 2441 3349 ἐν
2473 3295 2772 3351 ἀπολαύσει
2803 3296 2912 3349 τῶν
2949 3294 3170 3364 ἀγαθῶν
3210 3296 3362 3360 ὄντες
3408 3298 3482 3368 μὴ
3517 3298 3672 3351 εἰδῶ-

1996 3385 2140 3456 μενδ
2181 3387 2363 3446 αὐτοῖς
2402 3383 2706 3454 κεχρῆσθαι
2754 3383 3018 3448 δεόντως,
3064 3385 3130 3453 τῇ
3175 3385 3426 3454 στερήσει
3461 3385 3672 3438 τούτων

1997 3472 2463 3543 σωφρονιζόμεθα,
2491 3471 2586 3524 καὶ
2609 3472 2730 3524 τότε
2759 3470 2848 3524 διά
2877 3471 2976 3542 τῆς
3008 3473 3204 3541 πείρας
3237 3471 3500 3541 μαθόντες
3529 3485 3552 3512 ο
3584 3474 3672 3527 αῖ-

1997 3559 2188 3629 σθησιν
2219 3559 2568 3628 λαμϐάνομεν
2594 3557 2692 3627 τῆς
2719 3556 2927 3618 οἰκείας
2953 3555 3246 3627 ῥᾳθυμίας,
3285 3558 3376 3611 καὶ
3411 3557 3552 3610 οὕτω
3581 3562 3670 3612 διά

1993 3647 2094 3715 τῆς
2127 3645 2232 3698 τῶν
2272 3645 2614 3716 πραγμάτων
2647 3643 2950 3713 μεταϐολῆς
2983 3642 3346 3712 διδασκόμεθα
3377 3643 3538 3698 τίνων
3573 3647 3674 3715 μὲν

1994 3732 2353 3802 ἐξεπέσαμεν,
2377 3731 2486 3783 τίσι
2505 3730 2561 3783 66
2579 3732 2770 3792 κακοῖς
2797 3729 3021 3792 ἑαυτοὺς
3038 3730 3358 3801 περιεπείρα
3366 3747 3488 3800 μεν.
3509 3731 3671 3784 Ὥστε

1995 3822 2090 3874 καὶ
2123 3819 2183 3872 τὸ
2215 3818 2450 3886 πλησίον
2491 3818 2583 3870 καὶ
2604 3816 2866 3870 ἀπέναντι
2892 3817 2986 3869 τοῦ
3012 3807 3344 3887 παραδείσου
3370 3818 3671 3887 προστάξαι

1996 3907 2270 3961 κατοικεῖν
2289 3904 2380 3958 τὸν
2403 3902 2611 3956 ἐκεῖθεν
2635 3903 3030 3956 ἐκπεπτωκότα
3055 3902 3318 3973 μεγίστης
3344 3903 3671 3974 κηδεμονίας

1996 3995 2222 4064 σημεῖον
2251 3987 2340 4062 ἦν,
2373 3990 2459 4043 ἵνα
2480 3990 2575 4044 καὶ
2601 3989 2701 4060 τὴν
2728 3991 2794 4042 ἐκ
2823 3989 2923 4058 τῆς
2946 3988 3074 4052 θέας
3097 3988 3400 4060 ὑπόμνησιν
3431 3988 3550 4060 ἔχῃ,
3577 3991 3672 4042 καὶ

1993 4080 2087 4133 τοῦ
2123 4077 2373 4131 ἐντεῦθεν
2402 4076 2627 4148 κέρδους
2659 4074 2928 4148 ἀπολαύῃ,
2962 4075 3056 4128 καὶ⁵
3093 4074 3228 4146 μηδέ
3253 4074 3549 4144 ἐπιθυμίαν
3569 4076 3670 4146 τῆς

1995 4163 2290 4234 φιλοζωῖας
2335 4162 2495 4234 έχων,
2536 4162 2632 4216 καὶ
2665 4161 2771 4226 ἐξω
2802 4162 3108 4232 τυγχάνων,
3147 4161 3534 4232 κατατολμήσῃ
3567 4160 3671 4230 τῆς

1993 4252 2088 4306 τοῦ
2114 4251 2272 4318 ξύλου
2299 4249 2576 4322 βρώσεως.
2611 4249 2698 4313 Ὠς
2719 4247 2826 4320 γὰρ
2860 4249 2992 4320 πρὸς
3018 4249 3118 4320 τὴν
3137 4246 3484 4318 ἀνθρωπίνην
3507 4247 3669 4301 ἀσθέο

1995 4356 2142 4394 νειαν
2176 4337 2686 4407 συγκαταϐαίνουσα
2717 4337 2934 4391 ἅπαντα
2962 4335 3267 4404 διαλέγεται
3301 4337 3432 4406 ἡμῖν
3475 4337 3507 4406 ή
3551 4335 3670 4388 θεία

1995 4427 2208 4498 Γραφή.
2239 4425 2354 4480 Καὶ
2394 4424 2572 4489 ἔταξε
2625 4424 2696 4478 τὰ
2741 4425 3031 4491 Χερουϐὶμ
3074 4421 3173 4475 καί
3219 4420 3334 4488 τὴν
3373 4421 3672 4490 φλογίνην

1987 4514 2294 4584 ῥομφαίαν
2320 4511 2435 4580 τὴν
2455 4509 2873 4579 στρεφομένην
2887 4507 3235 4578 φυλάσσειν
3255 4507 3368 4575 τὴν
3387 4505 3668 4562 εἷσοδονί

1993 4602 2102 4656 τοῦ
2148 4600 2340 4666 ξύλου
2372 4598 2486 4667 τῆς
2527 4596 2696 4666 ζωῆς.
2725 4597 2790 4649 Ἠ
2827 4595 3068 4668 ῥᾳθυμία
3096 4595 3302 4658 αὐτοῖς,
3324 4595 3390 4665 ἧν
3416 4594 3514 4666 ήδη
3543 4594 3672 4665 περὶ

1993 4690 2094 4759 τὴν
2119 4687 2360 4741 δοθεῖσαν
2381 4685 2599 4756 ἐντολὴν
2619 4683 2979 4749 ἐπεδείξαντο,
3006 4683 3176 4736 αττιον
3204 4681 3392 4750 γέγονε
3413 4681 3507 4734 τοῦ
3532 4681 3673 4751 μετά

1995 4773 2261 4844 τοσαύτης
2287 4771 2585 4841 ἀσφαλείας
2621 4769 3063 4840 ἀποτειχισθῆναι
3097 4769 3278 4830 αὐτοῖς
3309 4769 3408 4838 τὴν
3443 4767 3666 4821 εῐσοδον.

1995 4862 2152 4936 r£55]
2196 4863 2477 4931 Ἐννόησον
2507 4859 2616 4930 γάρ
2651 4877 2740 4929 μοι
2767 4860 2850 4911 ὅτι
2882 4857 3003 4910 οὐδὲ
3043 4861 3109 4927 τῇ
3140 4857 3401 4910 ἀπέναντι
3445 4851 3540 4907 τοῦ
3567 4870 3671 4905 παι

1999 4951 2248 5023 ραδείσου
2274 4950 2484 5020 οίκήσει
2504 4946 2748 5017 ἠρκέσθη
2773 4948 2800 4998 6
2817 4943 3220 5013 φιλάνθρωπος,
3244 4940 3359 4993 ἀλλ’
3384 4939 3540 5006 ἔταξε
3572 4940 3672 5005 τὰς

1925 5063 1928 5065 λ
1996 5037 2254 5109 δυνάμεις
2266 5037 2467 5098 ταύτας
2483 5034 2551 5086 τά
2568 5035 2641 5086 Χε
2652 5031 2871 5102 ρουϐὶμ,
2897 5031 2994 5083 καὶ
3003 5031 3102 5100 τὴν
3120 5027 3376 5100 φλογίνην
3394 5028 3672 5098 ῥομφαίαν

1996 5126 2096 5194 τὴν
2131 5123 2508 5194 στρεφομένην
2553 5118 2849 5187 φυλάσσειν
2889 5117 2990 5188 τὴν
3029 5116 3148 5169 ὁδὸν
3191 5115 3290 5186 τὴν
3336 5116 3515 5168 ἐκεῖσε
3560 5117 3672 5168 είσ-

1999 5207 2254 5275 άγουσαν.
2280 5206 2392 5274 Οὐχ
2422 5202 2609 5265 ἁπλῶς
2628 5200 2685 5254 66
2719 5199 3050 5270 προσέθηκε,
3089 5198 3207 5264 Τὴν
3229 5199 3671 5269 στρεφομένην,

1998 5291 2115 5345 ἀλλ’
2133 5290 2219 5342 ἵνα
2240 5289 2429 5360 διδάξῃ
2444 5288 2615 5358 ἡμᾶς,
2637 5287 2718 5339 ὅτι
2745 5287 2896 5338 πᾶσα
2916 5284 3035 5347 ὁδὸς
3057 5282 3207 5354 αύτῷ
3239 5283 3670 5353 ἀππετείχιστο,

2062 5411 2090 5451 ἆ
2116 5413 2268 5462 Savll.
2297 5413 2361 5474 μὴ
2383 5413 2595 5475 ᾔδειμεν.

1967 5481 1970 5484 ’
2069 5487 2092 5514 θ
2113 5474 2263 5524 Savil.
2287 5467 2558 5534 ét'séptém
2581 5485 2698 5534 mss.
2730 5469 3050 5534 μανθάνοντες.
3079 5469 3256 5534 Totum
3282 5481 3406 5534 γετό
3426 5469 3582 5518 locum
3599 5467 3675 5534 σία

2001 5536 2149 5585 eﬂ'ert
2190 5528 2547 5597 Regiusu'nug
2571 5528 2763 5597 codeg':
2801 5533 2896 5597 666.
2928 5538 3016 5597 τῆς
3057 5532 3220 5594 πείρας
3262 5528 3673 5597 μανθάνωμεν

2002 5597 2189 5662 οίκείαν.
2222 5585 2616 5662 ῥᾷθυμίανη-Μρκ
2662 5594 2838 5662 a]iqn_i_
2857 5585 3040 5648 ἑαυτοῖς
3078 5585 3455 5662 περιεπείραμεεν.
3484 5585 3493 5590 ’
3524 5585 3672 5662 ξΔὶιίὶ

2001 5659 2087 5714 τήν
2111 5648 2236 5705 6δὸνῖ
2263 5648 2448 5705 Ibidem
2470 5655 2621 5703 Savil.
2649 5661 2702 5716 εί
2722 5648 2918 5714 ιιύἱάδιιι
2957 5667 3073 5701 mss.
3115 5648 3200 5716 τῆς
3223 5648 3446 5716 meum;
3485 5648 3674 5716 αύτοὺς,

2001 5711 2059 5776 ἣν
2079 5720 2346 5778 ἧδη,(ιυιιω
2373 5717 2635 5779 Ιεαὶοοεω
2648 5711 3328 5779 jlle'jurgsuspgcgamhébql
3344 5718 3394 5779 eg
3405 5711 3672 5779 regliugqre

2002 5765 2284 5840 Eonilill'lvrlili
2304 5765 2466 5840 rnotjs.
2490 5775 2680 5840 μοι-ει.
2727 5765 2776 5840 9]
2805 5773 2888 5822 alii
2932 5765 2987 5831 ἡ’
3011 5773 3210 5840 ῥαθυμία
3258 5769 3435 5840 αὐτοῖς,
3463 5765 3670 5840 fat-E65,

2002 5841 2210 5900 optime.
2236 5838 2364 5888 Infra
2388 5838 2541 5890 Sam.
2581 5843 2635 5887 et
2656 5835 2854 5899 quidam
2879 5830 2994 5884 mss.
3013 5830 3411 5894 ’ἀποτειχισθῆναι
3434 5830 3564 5888 αὕτῷ
3585 5830 3676 5882 τήν

2003 5901 2208 5952 εἴσοδον.
