4074 6134
312 269 415 327 153

306 384 587 439 ohtnraret
630 386 685 435 et
725 373 1070 449 praemuniret
1106 386 1296 428 omnes
1330 370 1441 426 vias
1471 385 1587 439 quae
1619 369 1709 424 illo
1737 367 1894 422 diiec-

313 484 474 541 rent,
506 483 561 528 et
590 481 649 527 ut
683 471 990 526 continuam
1019 466 1334 523 memoriam
1373 474 1427 520 et
1453 465 1701 519 timerem
1752 461 1900 516 incu-

315 577 431 620 tere
458 564 531 618 illi
559 569 739 631 posset
771 561 812 613 ⁸.
1653 603 1661 610 ,

385 655 439 709 4.
481 651 647 706 Adam
671 659 841 703 autem
865 646 1093 718 cognouit
1122 644 1285 699 Evam
1310 658 1519 698 uxorem
1535 657 1685 697 suam
1722 638 1741 713 (
1769 638 1897 710 Cap.

316 747 367 799 4.
403 761 449 797 υ.
484 743 560 813 1).
590 740 881 796 Considera
927 736 1140 808 quando
1180 738 1281 790 hoc
1312 734 1504 789 factum
1546 734 1635 787 sil.
1664 732 1789 787 Post
1818 733 1903 786 in-

316 832 697 894 ohedicntiam,
719 836 837 898 post
867 825 1097 897 paradisi
1123 823 1489 888 amissionem,
1511 832 1638 877 tunc
1674 820 1903 891 primum

320 938 447 976 usus
478 921 554 976 rei
587 934 831 975 venereae
884 916 1067 986 coepit.
1113 916 1253 969 Ante
1297 912 1711 968 inobedienliam
1760 911 1903 966 enim

320 1011 618 1082 angelicam
651 1012 811 1064 vitam
844 1008 1207 1073 imitabantur,
1238 1014 1293 1061 et
1313 1005 1490 1061 nullus
1514 1004 1580 1059 de
1598 1019 1656 1059 re
1678 1016 1903 1057 venerea

322 1118 501 1159 sermo
529 1111 657 1157 erat.
692 1100 791 1167 Qui
814 1099 954 1154 enim
978 1098 1167 1168 potuit,
1190 1111 1310 1151 cum
1341 1111 1514 1165 neque
1539 1093 1907 1161 corporalibus

325 1190 727 1247 necessitatibus
749 1189 960 1244 obnoxii
980 1187 1215 1242 fuerint?
1245 1186 1425 1255 Itaque
1449 1186 1516 1239 ab
1547 1184 1698 1238 initio
1746 1182 1909 1251 virgi—

329 1284 466 1337 nitas
490 1283 718 1352 palmam
744 1280 1066 1351 principatus
1096 1280 1298 1348 aceepit
1332 1296 1346 1333 :
1374 1278 1467 1332 sed
1492 1286 1769 1348 postquam
1817 1289 1911 1345 per

331 1376 587 1430 desidiam
612 1374 824 1428 intravit
849 1372 1227 1435 inobedientia,
1280 1378 1336 1425 et
1384 1369 1559 1424 aditus
1615 1367 1911 1439 patefactus

329 1479 413 1526 est
443 1478 681 1539 peccato,
712 1467 799 1520 illa
827 1465 1039 1535 quidem
1062 1463 1313 1529 avolavit,
1362 1471 1550 1532 utpote
1604 1461 1673 1516 ab
1718 1460 1782 1515 iis
1823 1458 1913 1528 qui

334 1560 533 1630 indigni
563 1568 721 1613 tanta:
748 1556 959 1611 virtutis
988 1555 1353 1625 magnitudine
1390 1553 1513 1607 facti
1561 1560 1713 1607 erant
1741 1566 1756 1605 :
1785 1550 1914 1604 sub-

337 1652 553 1707 intravit
575 1658 751 1703 autem
799 1648 882 1701 lex
923 1660 1259 1715 congressus.
1291 1644 1470 1714 Cogita
1498 1643 1673 1712 igitur,
1700 1640 1916 1707 dilecte,

336 1751 532 1812 quanta
555 1740 875 1811 virginitatis
896 1738 1144 1808 dignitas,
1180 1752 1338 1806 quam
1371 1733 1612 1789 sublimis
1642 1740 1697 1787 et
1725 1744 1918 1799 magna

337 1832 626 1902 posseSsio,
654 1846 771 1900 qua:
793 1830 863 1884 sit
890 1844 1048 1898 supra
1073 1829 1356 1882 humanam
1389 1835 1632 1881 naturam
1656 1864 1673 1888 ,
1720 1832 1775 1879 et
1801 1838 1920 1892 qua:

339 1936 474 1992 opus
504 1921 698 1976 habeat
726 1936 885 1974 manu
906 1922 926 1951 ’
956 1934 1207 1989 superna.
1235 1918 1385 1986 Quod
1408 1917 1552 1971 enim
1576 1916 1610 1970 ii
1640 1914 1727 1985 qui
1755 1914 1917 1984 virgi-

342 2013 559 2066 nitatem
588 2012 834 2066 alacriter
858 2009 1139 2080 arripiunt,
1170 2010 1221 2063 in
1247 2022 1472 2076 corpore
1500 2022 1564 2061 ea
1607 2014 1765 2075 agant
1801 2018 1918 2074 qua:

346 2101 778 2171 incorporearum
801 2109 928 2155 sunt
954 2100 1232 2167 virtutum,
1262 2099 1384 2153 andi
1411 2097 1682 2152 Christum
1711 2095 1922 2151 Saddu-

343 2197 469 2247 emis
498 2192 803 2247 dicentem:
837 2206 959 2245 nam
1012 2190 1079 2245 de
1130 2189 1524 2245 resurrectione
1574 2185 1923 2258 qua-stionem

346 2290 647 2350 moventes,
669 2282 1000 2338 sciscitantes
1020 2281 1265 2337 dicebant
1289 2297 1304 2334 :
1328 2279 1591 2349 Magister,
1622 2287 1763 2332 erant
1783 2276 1922 2347 apud

346 2390 438 2427 nos
461 2383 647 2443 septem
668 2378 871 2445 fratres,
899 2382 944 2427 et
972 2375 1167 2443 primus
1188 2388 1343 2426 uxore
1367 2372 1518 2425 ducta
1538 2370 1805 2439 defunctus
1832 2377 1924 2434 est,

347 2482 448 2519 non
476 2466 659 2520 habens
688 2466 891 2533 liberos,
919 2474 967 2519 et
993 2464 1181 2518 dimisit
1219 2479 1427 2517 uxorem
1466 2478 1613 2516 suam
1636 2454 1787 2530 fratri
1813 2476 1927 2514 suo.

351 2554 597 2610 Similiter
614 2564 663 2608 et
689 2555 962 2622 secundus,
995 2564 1041 2609 et
1067 2555 1259 2619 tertius,
1292 2562 1338 2606 et
1360 2562 1593 2622 quartus,
1623 2560 1669 2604 et
1694 2551 1924 2620 quintus,

352 2653 397 2698 et
423 2654 615 2710 sextus,
635 2654 683 2698 et
709 2647 967 2715 septimus.
1000 2643 1065 2698 In
1094 2644 1458 2698 resurrectione
1503 2659 1620 2712 ergo
1639 2644 1784 2713 cujus
1807 2658 1832 2695 e
1854 2658 1934 2696 se-

355 2745 488 2803 ptem
512 2735 614 2788 illis
639 2735 733 2788 erit
754 2751 881 2789 uxor
898 2734 924 2787 .9
954 2733 1137 2788 Omnes
1162 2734 1293 2787 enim
1308 2732 1583 2786 habuerunt
1603 2731 1762 2784 illam.
1796 2730 1932 2797 Quid

355 2824 515 2894 igitur
552 2826 681 2880 dicit
707 2825 809 2881 illis
828 2823 1112 2881 Christus?
1140 2825 1361 2887 Erratis,
1392 2824 1665 2877 nescientes
1695 2821 1935 2889 Scriptu-

356 2931 459 2977 ras,
486 2933 644 2985 neque
662 2917 892 2970 virtutem
920 2914 1035 2970 Dei.
1080 2915 1147 2969 In
1193 2914 1553 2969 resurrectione
1593 2914 1727 2966 enim
1778 2927 1936 2980 neque

358 3022 539 3060 uxores
559 3007 767 3071 ducunt,
823 3022 981 3074 neque
1023 3004 1240 3072 nubunt,
1294 3004 1381 3058 sed
1428 3012 1541 3057 sunt
1601 3004 1729 3056 sicut
1773 3004 1939 3070 angeli

361 3100 590 3167 (Matth.
645 3100 735 3154 22.
792 3100 983 3156 25-50.
1052 3099 1179 3153 Luc.
1243 3099 1335 3153 20.
1401 3098 1591 3153 28-56.
1663 3106 1709 3151 et
1769 3096 1935 3150 Marc.

363 3192 449 3246 l2.
484 3191 693 3262 19-25).
724 3192 909 3247 Vidisti
938 3191 1205 3261 quomodo
1255 3192 1307 3245 in
1333 3199 1470 3245 terra
1501 3188 1857 3254 ambulantes,
1885 3197 1940 3242 et

363 3280 584 3353 corpore
621 3284 932 3339 circumdati
961 3284 1253 3354 angelicam
1314 3284 1474 3337 vitam
1528 3282 1801 3336 imitantur
1852 3280 1938 3350 qui

363 3373 559 3427 Christi
598 3388 782 3427 amore
808 3372 1126 3442 virginitatis
1181 3381 1377 3427 sortem
1423 3372 1783 3441 acceperunt?
1809 3370 1940 3424 Nam

366 3474 562 3533 quanto
584 3463 697 3519 haec
721 3464 893 3533 major
933 3473 1017 3518 est
1066 3472 1123 3518 et
1168 3463 1467 3531 sublimior,
1518 3470 1664 3517 tanto
1712 3463 1945 3530 majores

365 3565 489 3612 sunt
528 3567 577 3613 et
606 3572 841 3623 cuream,
869 3568 923 3613 et
952 3558 1347 3624 retributiones,
1396 3566 1452 3613 et
1480 3557 1802 3627 reproniissa
1845 3557 1945 3612 bo—

369 3663 433 3701 na
461 3662 643 3702 eorum
661 3649 748 3718 qui
769 3663 890 3704 cum
921 3647 1021 3702 hac
1046 3648 1098 3701 in
1128 3647 1246 3702 aliis
1274 3647 1426 3702 bonis
1448 3648 1699 3717 operibus
1714 3662 1772 3702 se
1792 3663 1947 3702 exer-

367 3750 508 3795 cent.
534 3741 695 3794 Adam
712 3751 905 3808 uiuens,
926 3740 1114 3811 inquit,
1137 3741 1364 3812 cognouit
1379 3738 1539 3793 Evam
1561 3755 1947 3807 moremsuam,

367 3843 417 3885 et
432 3834 690 3899 concepit,
722 3842 768 3886 et
798 3833 993 3903 peperit
1016 3830 1163 3887 Cain.
1196 3831 1481 3901 Postquam
1510 3845 1605 3900 per
1631 3829 1944 3884 inobedien-

373 3924 499 3979 tiam
532 3924 749 3978 intravit
771 3935 1071 3993 peccatum,
1095 3933 1150 3978 et
1170 3921 1431 3977 sententia
1462 3922 1715 3976 mortales
1738 3920 1855 3975 illos
1877 3920 1950 3974 fe-

371 4015 465 4079 cit,
494 4022 883 4081 consequenter
911 4013 1248 4081 omnipotens
1288 4012 1428 4065 Deus
1456 4009 1746 4065 secundum
1801 4026 1951 4067 suam

377 4102 689 4172 sapientiam
713 4102 929 4157 humani
973 4102 1189 4173 generis
1212 4100 1576 4172 propagationi
1616 4099 1899 4154 consulens
1932 4138 1948 4162 ,

371 4196 636 4249 concessit
681 4209 777 4263 per
802 4193 997 4248 coitum
1027 4201 1238 4247 auctqu
1269 4193 1332 4247 iri
1362 4199 1601 4245 nostrum
1646 4205 1833 4261 genus.
1884 4188 1952 4243 Et

374 4283 523 4347 dixit,
557 4282 765 4339 Possedi
795 4284 1043 4337 hominem
1071 4299 1158 4352 per
1186 4281 1370 4337 Deum.
1400 4281 1531 4337 Vide
1552 4280 1820 4351 quomodo
1837 4295 1954 4351 pte-

375 4392 442 4430 na
474 4375 670 4430 inflicta
701 4376 976 4430 mulierem
1000 4375 1384 4441 emendaverit,
1416 4374 1800 4445 melioremque
1831 4374 1956 4430 red-

375 4469 597 4526 diderit.
622 4468 751 4524 Nam
782 4470 1013 4539 puellum
1057 4476 1238 4523 natum
1283 4484 1387 4522 non
1432 4475 1637 4522 natura
1659 4507 1673 4529 ,
1700 4466 1794 4523 sed
1846 4466 1956 4520 Deo

375 4570 650 4631 acceptum
674 4559 858 4627 refert,
888 4567 1200 4629 gratumque
1227 4560 1464 4613 animum
1488 4557 1743 4613 declarat.
1766 4555 1956 4612 Vidisti

377 4652 646 4721 quomodo
669 4666 824 4721 paena
852 4651 1231 4707 admonitionis
1255 4650 1374 4705 loco
1395 4649 1499 4704 illis
1526 4648 1720 4703 fuerit?
1748 4646 1959 4702 Possedi

378 4744 542 4807 enim,
563 4743 753 4814 inquit,
777 4743 1030 4797 hominem
1059 4758 1146 4813 per
1170 4739 1356 4795 Deum.
1382 4739 1497 4795 Non
1528 4752 1740 4804 natura,
1764 4738 1955 4807 inquit,

380 4833 654 4902 puerulum
683 4834 813 4889 mihi
834 4832 1007 4899 dedit,
1038 4832 1131 4888 sed
1161 4832 1338 4886 divina
1360 4831 1547 4901 gratia.
1574 4828 1629 4883 2.
1664 4828 1727 4882 Et
1773 4829 1959 4899 adjecit

380 4936 433 4977 ut
460 4934 653 4994 pareret
674 4928 882 4994 fratrem
909 4924 1048 4978 illius
1076 4921 1219 4976 Abel.
1248 4922 1379 4988 Quia
1410 4935 1509 4991 pro
1535 4929 1659 4974 nato
1688 4919 1796 4974 ﬁlio
1810 4930 1955 4988 grata

379 5016 498 5083 fuit,
530 5015 757 5084 etprius
786 5014 1105 5069 beneficium
1142 5013 1379 5085 agnovit,
1434 5020 1723 5082 assequuta
1764 5020 1848 5066 est
1906 5020 1961 5069 et

444 5149 461 5180 ι
499 5152 607 5196 Post
629 5146 718 5194 has
744 5158 904 5209 voces,
927 5144 1140 5209 incutere
1161 5140 1241 5196 illi
1254 5150 1425 5209 posset,
1466 5146 1537 5195 sic
1554 5143 1785 5209 claudunt
1806 5141 1960 5209 horni-

382 5208 497 5258 liam
511 5209 610 5257 duo
633 5215 739 5277 Mss.
764 5217 777 5254 :
808 5207 958 5275 Igitur
974 5206 1241 5277 gratiarum
1254 5203 1470 5277 actiones
1490 5208 1745 5277 offeramus
1775 5203 1963 5277 cltristo

383 5284 493 5319 vero
519 5279 615 5319 Deo
637 5276 798 5317 nostro
812 5264 961 5329 {quia
976 5264 1139 5329 ipsum
1161 5268 1296 5317 decet
1331 5267 1502 5329 gloria,
1519 5264 1796 5329 imperium,
1813 5264 1961 5329 (tortor

381 5339 425 5380 et
455 5330 689 5388 udoratio,
714 5342 839 5379 nunc
861 5326 906 5377 et
930 5326 1139 5390 semper,
1162 5335 1256 5378 etc.
1283 5326 1523 5390 tit—postca
1546 5326 1789 5376 humilium
1814 5326 1870 5374 19
1892 5326 1962 5374 sic

381 5394 633 5442 ordiuntur
668 5406 681 5441 :

817 5448 1026 5502 Homilia
1060 5449 1136 5497 19.

449 5514 596 5563 Adam
612 5520 770 5563 autem
802 5512 1015 5575 cognovit
1041 5520 1208 5575 Evam
1225 5521 1429 5575 uxorem
1452 5522 1672 5575 suam...
1698 5516 1749 5557 et
1770 5514 1963 5575 textum

387 5584 758 5638 metuuntur,
785 5567 1113 5638 claudumque
1130 5575 1179 5622 in
1197 5572 1301 5619 haec
1323 5574 1490 5632 verba,
1506 5578 1553 5622 et
1586 5568 1706 5621 Cain
1728 5567 1960 5633 agricola.

448 5637 469 5668 ⁸
503 5637 700 5695 Quidam
723 5646 848 5695 διεδ..
867 5635 1045 5695 gratia,
1073 5647 1178 5695 pro,
1204 5645 1365 5686 mtmu.

574 5637 700 5685 idam
723 5646 848 5697 Μέθη
867 5637 1045 5700 gratia,
1073 5647 1178 5699 pro,
1204 5645 1365 5686 mtmu.

1495 256 1559 313 ια
1596 255 1750 312 (ΓΜ).
1791 252 1878 309 iV.
1919 252 2163 309 CENES.
2205 253 2433 310 1101111..
2478 251 2660 309 XVIII.

3482 258 3584 313 151

2003 370 2170 424 aliud.
2198 371 2341 426 Talis
2364 371 2506 427 enim
2535 380 2618 427 est
2640 371 2893 427 Dominus
2921 384 3141 427 noster:
3171 371 3381 443 quando
3403 373 3454 427 in
3478 376 3585 444 pri-

2005 461 2107 515 mis
2150 470 2354 530 gratum
2396 462 2630 515 animum
2679 461 3046 524 declaramus,
3092 472 3145 516 et
3186 460 3582 517 benefactoretn

2004 554 2363 623 agnoscimus,
2407 554 2604 624 largius
2633 568 2728 607 sua
2758 554 2896 608 dona
2946 555 3097 607 nobis
3142 564 3346 624 erogat.
3407 554 3587 623 Itaque

2006 648 2125 715 quia
2149 657 2200 699 et
2229 646 2323 699 ista
2355 647 2461 701 Deo
2492 655 2695 715 partum
2726 646 3024 716 adscripsit,
3058 655 3336 718 propterea
3358 656 3409 701 et
3425 646 3586 701 alium

2007 736 2512 807 accipitpuerulum.
2546 736 2761 791 Summa
2791 737 2953 799 enim,
3010 746 3355 806 posteaquam
3401 738 3588 792 subin-

2013 828 2172 883 travit
2212 830 2527 893 mortalitas,
2555 827 2851 882 consolatio
2890 837 3004 881 erat
3043 828 3268 882 filiorum
3295 843 3589 882 successio.

2014 922 2079 975 Et
2109 920 2306 975 idcirco
2332 920 2591 990 benignus
2626 919 2765 973 Deus
2793 918 2972 972 statim
3020 917 3086 972 ab
3139 918 3289 972 initio
3336 917 3590 987 puniendi

2010 1013 2351 1067 severitatem
2376 1012 2716 1073 imminuens,
2746 1018 2800 1063 et
2827 1008 3117 1064 terribilem
3151 1010 3167 1040 ¹
3196 1010 3385 1063 mortis
3405 1023 3591 1077 perso-
3653 1018 3656 1021 '

2010 1119 2134 1158 nam
2156 1104 2424 1169 auferens,
2468 1102 2759 1157 liberorum
2786 1100 3177 1156 successionem
3211 1099 3432 1169 largitus
3460 1109 3539 1153 est
3565 1140 3580 1162 ,

2013 1193 2409 1263 quodammodo
2435 1193 2721 1263 imaginem
2751 1190 3158 1246 resurrectionis
3189 1205 3284 1259 per
3324 1190 3425 1243 hoc
3469 1188 3597 1243 sub-

2014 1285 2272 1349 iudicans,
2305 1292 2359 1338 ct
2378 1284 2714 1353 dispensans,
2743 1291 2800 1336 ut
2826 1297 2923 1352 pro
2942 1280 3255 1336 cadentibus
3297 1282 3386 1334 alii
3415 1296 3597 1334 resur-

2016 1385 2163 1447 gant.
2194 1376 2261 1429 Et
2289 1379 2455 1447 factus
2473 1384 2568 1441 est,
2602 1374 2794 1445 inquit,
2828 1373 2950 1427 Abel
2976 1381 3148 1442 pastor
3168 1372 3334 1425 ouium
3358 1387 3380 1436 ;.
3398 1380 3448 1423 et
3467 1369 3595 1423 Cain

2016 1468 2320 1537 operabatur
2340 1476 2541 1520 terram.
2565 1467 2749 1520 Docuit
2770 1481 2866 1520 nos
2892 1464 3066 1519 divina
3095 1462 3391 1532 Scriptura,
3440 1477 3602 1531 quam

2026 1569 2249 1629 uterque
2276 1567 2520 1613 natorum
2546 1567 2713 1612 artem
2735 1556 3054 1622 exercuerit,
3094 1565 3151 1610 et
3193 1563 3251 1608 ut
3274 1555 3409 1609 alter
3439 1553 3607 1606 vitam

2018 1651 2361 1722 pastoralem,
2389 1650 2527 1705 alter
2553 1648 2931 1719 agriculturam
2957 1646 3172 1715 delegit.
3205 1646 3263 1703 3,
3295 1644 3361 1698 Et
3411 1644 3603 1712 factum

2021 1753 2092 1796 est
2114 1752 2225 1812 post
2254 1742 2381 1806 dies,
2404 1740 2580 1794 obtulit
2610 1739 2736 1794 Cain
2762 1738 2824 1791 de
2851 1737 3094 1808 fructibus
3120 1745 3267 1789 terra:
3302 1734 3606 1802 sacri/icium

2022 1833 2262 1888 Domino.
2294 1832 2584 1886 Considera
2614 1830 2881 1900 quomodo
2908 1838 3110 1883 naturae
3150 1827 3408 1881 Conditor
3434 1825 3608 1878 scien-

2028 1926 2152 1979 tiam
2177 1923 2522 1978 conscientia:
2552 1920 2762 1975 indidit.
2788 1919 2917 1986 Quis
2938 1920 3079 1973 enim
3106 1917 3276 1982 illum,
3310 1917 3395 1970 dic
3423 1955 3444 1981 ,.
3466 1927 3563 1968 oro
3590 1954 3606 1978 ,

2025 2015 2092 2070 ad
2120 2015 2257 2069 banc
2284 2013 2644 2083 cognitionem
2677 2010 3050 2080 perduxisset?
3081 2008 3267 2062 Nullus
3295 2006 3430 2059 alius
3449 2018 3608 2075 quam

2025 2126 2144 2180 qua:
2171 2110 2222 2164 in
2252 2109 2431 2162 animo
2460 2106 2676 2162 conscio
2700 2106 2944 2160 scientia.
2979 2103 3171 2158 Obtulit
3200 2104 3244 2169 ³,
3282 2102 3451 2173 inquit
3475 2143 3490 2167 ,
3546 2100 3609 2153 de

2030 2200 2273 2274 fructibus
2296 2210 2443 2253 terra:
2466 2198 2772 2266 sacri/icium
2820 2196 3057 2250 Domino.
3112 2193 3327 2250 Sciebat
3370 2192 3512 2247 enim
3560 2199 3616 2243 et

2028 2290 2385 2360 cognoscebat
2398 2302 2689 2358 congruum
2716 2302 2835 2341 esse
2851 2302 2917 2341 ex
2940 2286 3048 2339 suis
3068 2283 3494 2354 possessionibus
3515 2281 3615 2334 ali-

2030 2383 2157 2453 quid
2190 2382 2454 2437 fructuum
2484 2381 2593 2434 Deo
2619 2378 2815 2433 offerre
2846 2396 2858 2431 :
2893 2392 2997 2430 non
3026 2376 3166 2445 quod
3202 2374 3268 2429 iis
3298 2375 3436 2429 Deus
3481 2372 3617 2426 indi-

2031 2483 2174 2544 geat,
2204 2472 2297 2528 sed
2327 2481 2382 2526 ut
2407 2480 2613 2542 gratum
2637 2469 2877 2523 animum
2910 2482 3065 2521 suum
3110 2465 3350 2520 declaret
3395 2465 3485 2534 qui
3527 2464 3619 2517 tali

2035 2564 2296 2619 beneficio
2318 2562 2532 2616 fruitur.
2557 2560 2711 2616 Nulla
2733 2560 2875 2615 enim
2906 2574 2966 2612 re
2990 2558 3190 2627 indiget
3213 2557 3376 2621 Deus,
3429 2555 3621 2609 nullis-

2037 2670 2141 2729 que.
2169 2654 2367 2707 nostris
2388 2667 2521 2721 epus
2553 2651 2750 2714 habet;
2783 2657 3035 2702 caeterum
3066 2648 3135 2702 oh
3161 2646 3479 2701 ineffabilem
3529 2645 3626 2699 be-

2037 2745 2351 2815 nignitatem
2386 2742 2456 2795 ita
2502 2751 2699 2803 nostra;
2746 2738 3040 2793 infirmitati
3086 2752 3142 2791 se
3186 2745 3524 2805 attemperat,
3571 2744 3626 2789 et

2039 2843 2258 2907 propter
2284 2833 2512 2888 salutem
2533 2839 2771 2886 nostram
2807 2830 2920 2883 haec
2954 2827 3071 2883 fieri
3102 2827 3249 2891 sinit,
3275 2837 3333 2880 ut
3358 2827 3449 2880 Dei
3478 2825 3629 2894 agni-

2045 2926 2118 2980 tio
2147 2926 2392 2979 humana:
2416 2929 2619 2976 natura:
2636 2918 2847 2974 virtutis
2868 2918 2940 2972 sit
2960 2916 3161 2972 schola.
3182 2916 3236 2971 ιι.
3253 2914 3320 2969 Ει
3343 2915 3463 2969 Abel
3478 2917 3627 2968 etiam

2041 3018 2149 3089 ipse
2166 3016 2342 3070 obtulit
2366 3014 2427 3067 de
2452 3012 2799 3084 primogenitis
2828 3024 3038 3065 suarum
3068 3008 3254 3061 ovium.
3284 3007 3398 3061 Non
3426 3006 3629 3076 absque

2042 3126 2201 3165 causa
2230 3109 2313 3163 vel
2342 3106 2534 3161 frustra
2564 3104 2614 3158 in
2637 3103 2802 3175 priori
2832 3115 3080 3157 sermone
3106 3108 3338 3154 vestram
3366 3098 3519 3153 docui
3541 3114 3631 3152 ca-

2043 3205 2275 3266 ritatem,
2311 3198 2592 3253 Dominum
2641 3194 2878 3250 nostrum
2934 3192 3245 3247 varietatem
3286 3205 3630 3259 personarum

2047 3294 2326 3364 ignorare:
2352 3289 2449 3345 scd
2476 3289 2802 3342 voluntatem
2826 3285 3073 3347 scrutari,
3104 3296 3167 3335 ac
3194 3292 3426 3336 mentem
3453 3281 3632 3334 inlen-

2048 3389 2355 3456 tionemque
2383 3395 2666 3439 coronare.
2697 3380 2763 3434 Et
2808 3391 2950 3432 nunc
2977 3390 3192 3448 quoque
3244 3374 3387 3431 idem
3435 3373 3632 3428 factum

2047 3478 2433 3534 animadverte.

2122 3571 2389 3641 Scriptura
2412 3583 2558 3621 sacra
2579 3564 2706 3619 nihil
2734 3563 2923 3633 frustra
2944 3558 3085 3615 dicit.
3101 3558 3341 3614 —Dictis
3354 3557 3637 3628 diligenter

2049 3662 2441 3724 auscultemus,
2474 3666 2528 3712 et
2554 3655 2826 3709 videamus
2850 3650 2975 3721 quid
3000 3649 3067 3705 de
3101 3650 3230 3703 Cain
3280 3659 3461 3703 narret
3486 3648 3635 3704 Scri-

2052 3764 2239 3825 ptura,
2271 3747 2472 3818 etquid
2505 3746 2574 3801 de
2595 3744 2758 3807 Abel,
2791 3750 2846 3797 et
2874 3757 2941 3796 ne
2969 3738 3429 3794 inconsideranter
3458 3748 3635 3792 trans-

2052 3858 2255 3900 eamus.
2288 3841 2427 3896 Nihil
2456 3838 2598 3893 enim
2631 3845 2831 3891 temere
2856 3833 2939 3887 vel
2965 3830 3183 3886 fortuito
3209 3830 3440 3900 loquitur
3460 3830 3636 3885 divina

2054 3928 2353 4003 Scriptura,
2387 3929 2481 3984 sed
2514 3937 2569 3983 et
2594 3925 2793 3998 syllaba
2814 3963 2828 3990 ,
2858 3931 2913 3979 et
2951 3922 3191 3993 apiculus
3222 3922 3408 3975 unicus
3442 3936 3640 3977 recon-

2055 4028 2223 4081 ditum
2272 4024 2433 4078 habet
2475 4020 2823 4075 thesaurum:
2873 4030 2995 4070 nam
3037 4014 3090 4068 in
3140 4012 3281 4068 hunc
3320 4012 3536 4069 modum
3581 4028 3647 4067 se

2058 4120 2253 4175 habent
2277 4114 2568 4186 spiritualia
2586 4109 2783 4164 omnia.
2799 4107 2935 4175 Quid
2962 4105 3119 4176 igitur
3136 4104 3329 4173 inquit?
3351 4102 3415 4156 Et
3442 4107 3633 4173 factum

2057 4222 2127 4266 est
2158 4219 2268 4281 post
2289 4208 2425 4272 dies,
2449 4202 2625 4259 obtulit
2646 4200 2773 4255 Cain
2796 4200 2857 4252 de
2892 4196 3134 4269 fructibus
3164 4205 3311 4249 terra:
3337 4195 3651 4264 sacriﬁcium

2063 4303 2276 4356 Domino
2293 4342 2310 4368 ,
2342 4308 2387 4353 et
2405 4295 2527 4350 Abel
2546 4294 2720 4348 obtulit
2742 4293 2890 4346 etiam
2910 4291 3017 4360 ipse
3036 4288 3098 4342 de
3112 4288 3457 4359 primogenitis
3477 4289 3647 4342 ovium

2060 4408 2286 4458 suarum,
2304 4401 2349 4443 et
2372 4388 2433 4441 de
2450 4386 2685 4462 adipibus
2703 4384 2926 4437 illarum.

2132 4487 2187 4541 5.
2229 4484 2296 4538 lis
2322 4481 2411 4550 qui
2453 4477 2659 4533 acutius
2706 4474 2886 4528 valent
2932 4470 3160 4536 intueri,
3186 4467 3298 4540 jam
3326 4484 3389 4523 ex
3417 4466 3656 4523 lectione

2062 4579 2175 4648 ipsa
2205 4572 2464 4644 liquidum
2491 4577 2573 4624 cst
2598 4564 2723 4636 quid
2749 4565 2952 4618 dicatur
2983 4580 2995 4615 :
3028 4576 3212 4616 verum
3256 4560 3378 4629 quia
3409 4558 3654 4613 omnium

2061 4667 2214 4723 simul
2244 4659 2483 4717 habenda
2512 4668 2595 4714 est
2623 4671 2746 4712 cura
2767 4698 2782 4722 ,
2806 4663 2860 4708 et
2899 4651 3253 4708 differentiam
3299 4663 3657 4721 personarum

2062 4762 2231 4817 nescit
2249 4752 2537 4826 spiritualis
2560 4748 2802 4805 doctrina
2832 4765 2846 4801 :
2872 4760 2968 4816 age
2986 4741 3315 4799 manifestius
3332 4740 3480 4794 vobis
3498 4737 3653 4793 detev

2063 4867 2246 4924 gamus
2262 4865 2377 4917 quw
2391 4845 2528 4899 dicta
2545 4840 2883 4907 sunt,iterum
2897 4851 2959 4891 ea
2974 4828 3650 4924 rcpetentes.Cain,inquit,

2063 4916 2241 4998 obtulit
2262 4916 2324 4993 de
2357 4936 2599 5007 fructibus
2637 4943 2783 4985 terrm
2805 4927 3111 4995 sacri/icium
3150 4922 3368 4974 Domino
3397 4935 3417 4973 :
3453 4916 3657 4973 deinde

2063 5037 2248 5092 volens
2271 5043 2324 5088 et
2354 5031 2421 5086 de
2465 5027 2597 5083 Abel
2624 5024 2817 5079 docere
2839 5032 2937 5073 nos
2969 5015 3240 5084 Scriptura
3271 5010 3447 5066 divina
3484 5008 3658 5074 dicit,

2129 5194 2149 5226 ³
2169 5192 2293 5248 Vox,
2315 5182 2581 5238 terribilem
2607 5176 2869 5248 (potiepbv),
2889 5171 2937 5220 in
2960 5167 3472 5248 quibusdamdee‘sti:

2128 5257 2149 5286 ι
2183 5227 2655 5305 assumas:
2689 5254 2717 5289 a
2747 5227 3024 5305 ’γοέίιδυθνί
3048 5227 3660 5305 φδξιιιέι’,νν..έψιεῇι,εξίέ

2064 5287 2535 5380 [νηί-ίὶῐὶῖιεῖἶνξῗ,
2547 5287 2715 5373 tis—(ine
2730 5299 2787 5347 ad
2807 5287 2968 5380 voces,
2985 5312 3013 5380 ,ε
3028 5295 3157 5380 ει..ιέ

2085 5348 2555 5438 mammas
2577 5348 3046 5438 piginarnnabsglvit;
3066 5355 3503 5438 Pfonlnlgqﬂiftltlﬁ'}
3514 5348 3663 5438 mo:-

2085 5394 2328 5438 nusquam
2347 5394 2553 5420 lucum":
2579 5394 2800 5427 palan-au-
2815 5394 2947 5428 Ille
2960 5394 3019 5430 ..νυ
3033 5394 3046 5417 ,
3067 5394 3149 5417 ιν...
3170 5394 3275 5411 ..νη
3294 5394 3503 5413 ---Ψ----η
3550 5394 3651 5417 -.-Ἰ

2064 5394 2187 5495 inec,
2213 5434 2377 5485 multis
2395 5430 2604 5495 omissis,
2629 5425 2773 5495 effert
2796 5416 3397 5495 Corsltnta'ntgtsutlod‘eiﬂtif
3414 5410 3655 5495 penulam

2064 5467 2187 5495 nam,
2213 5467 2377 5485 ιιιυιιιο
2396 5467 2604 5486 υ.....,.....,⁷
2633 5467 2772 5473 -..,--
2805 5467 2895 5470 ,μή
2976 5481 2985 5489 .
3061 5479 3070 5489 1
3325 5474 3334 5482 .

2064 5499 2236 5562 aqua.
2263 5516 2285 5542 «
2306 5495 2368 5562 με
2402 5488 2635 5562 traditam
2676 5478 3448 5562 ίὲἴῖἶίέδηὲἔξέτξεῖἓέῗίθὶἾέἔὲθέ.
3470 5467 3666 5562 ειεξῇέέ

2251 5529 2953 5616 ἕτῖἆῖιίέρἆᾞῖριίῦὶιὸῇωἰίὶίε
2973 5529 3141 5594 bviam
3165 5549 3378 5590 suarum.
3401 5529 3448 5586 et
3469 5532 3530 5583 de
3545 5529 3656 5581 ad?

2066 5624 2206 5688 pitius
2226 5620 2441 5671 illarum
