4074 6134
406 221 506 275 155

399 337 540 404 quod
569 346 622 392 et
667 337 778 409 ipse
819 338 886 394 de
933 351 1028 394 sua
1053 350 1197 406 arte,
1246 356 1439 410 nempe
1478 341 1788 411 pastor-ilia,
1829 356 1981 396 suum

402 423 639 485 attulerit
671 431 1005 486 sacriﬁcium.
1040 430 1232 485 Obtulit
1256 432 1396 487 enim
1419 474 1435 500 ,
1481 432 1676 502 inquit,
1707 443 1753 486 et
1788 434 1894 502 ipse
1929 434 1990 486 de

401 521 753 592 primogenitis
789 521 956 575 ovium
995 538 1206 576 suarum
1241 564 1255 588 ,
1308 533 1356 578 et
1398 524 1459 578 de
1503 523 1736 594 adipibus
1763 525 1986 578 illarum.

403 611 638 666 Observa
668 612 935 681 quomodo
956 613 1108 669 nobis
1136 615 1460 683 pientiSsima
1492 616 1630 671 illius
1652 631 1802 670 mens
1830 616 1992 686 signi-

407 701 620 764 ficetur,
653 709 707 756 et
735 716 839 755 non
887 711 1090 756 tantum
1123 703 1192 759 de
1227 705 1414 759 ovibus
1443 705 1728 770 obtulerit,
1760 704 1883 770 sed,
1914 704 1992 758 De

408 791 756 862 primogenitis
775 833 790 858 ,
833 792 936 847 hoc
960 800 1042 848 est
1061 835 1077 862 ,
1109 793 1176 848 de
1217 794 1611 864 pretiosissimis
1632 836 1648 860 ,
1680 803 1732 849 et
1762 795 1991 850 maxime

402 881 614 936 eximiis
647 900 660 936 :
689 881 881 938 deinde
909 893 962 939 et
991 900 1057 938 ex
1087 884 1192 940 illis
1231 885 1360 961 ipsis
1387 886 1750 956 primogenitis
1790 887 1990 955 pretio-

403 972 613 1026 sissima
658 989 917 1044 qumque:
966 974 1030 1028 Et
1079 976 1143 1030 de
1191 977 1462 1047 adipibus,
1511 977 1708 1048 inquit,
1751 979 1989 1045 illarum,

408 1062 511 1118 hoc
538 1073 639 1130 est,
659 1065 726 1120 de
747 1067 1111 1136 pinguissimis
1131 1078 1184 1123 et
1210 1069 1443 1138 eptimis.
1475 1069 1550 1124 De
1578 1070 1704 1126 Cain
1732 1070 1860 1124 nihil
1889 1073 1992 1127 tale

407 1153 717 1211 adnotatum
737 1166 818 1212 est
847 1174 862 1214 :
889 1157 984 1213 sed
1011 1158 1263 1214 obtulisse
1287 1159 1402 1215 ‘De
1425 1161 1656 1232 frugibus
1681 1172 1827 1215 terrae
1844 1161 1996 1215 sacri-

410 1246 584 1313 ﬁcium
608 1263 628 1299 :
667 1249 822 1316 quasi
883 1248 1117 1316 diceret,
1167 1252 1573 1322 qualiacumque
1595 1252 1949 1308 obveniebant
1976 1294 1992 1320 ,

413 1335 554 1390 nulla
602 1336 670 1391 ad
697 1337 963 1393 delectqu
1007 1340 1240 1396 adhibita
1268 1357 1428 1412 opera
1459 1343 1541 1397 vel
1569 1342 1863 1414 diligentia.
1892 1343 1993 1400 lte-

413 1441 534 1480 rum
555 1427 692 1493 dico,
718 1437 772 1483 et
791 1429 968 1485 dicere
990 1446 1094 1484 non
1121 1433 1340 1487 cessabo
1364 1451 1378 1486 :
1405 1448 1507 1488 non
1533 1435 1655 1504 quia
1680 1435 1816 1490 Deus
1837 1436 1998 1492 rebus

414 1518 609 1570 nostris
637 1517 864 1588 indiget,
908 1520 1080 1575 oblata
1110 1522 1364 1590 suscipit,
1413 1525 1506 1577 sed
1544 1525 1653 1578 vult
1677 1533 1732 1579 et
1754 1541 1846 1595 per
1884 1526 1998 1583 lucc

412 1605 619 1659 ostendi
649 1615 855 1676 gratum
885 1617 1127 1664 nostrum
1155 1611 1413 1667 animum.
1444 1611 1574 1666 Nam
1615 1628 1736 1668 eum
1761 1616 1848 1684 qui
1887 1615 1998 1670 Deo

413 1697 697 1765 offerebat,
730 1708 783 1754 et
807 1700 1065 1756 offerebat
1099 1703 1255 1758 exiis
1289 1719 1407 1772 quae
1437 1703 1529 1759 Dei
1577 1713 1732 1771 sunt,
1765 1721 1884 1760 cum
1915 1705 1998 1760 in-

417 1787 677 1858 telligeret
722 1801 976 1860 quantum
1003 1792 1241 1848 differret
1280 1803 1467 1850 natura
1490 1836 1506 1862 ,
1539 1804 1593 1851 et
1618 1812 1677 1852 se
1720 1798 1993 1853 hominem

418 1885 621 1933 tantum
671 1879 889 1937 honoris
931 1884 1175 1938 sortitum
1223 1899 1376 1951 esse,
1408 1887 1716 1956 oportebat,
1746 1898 1999 1958 quantum

417 1969 530 2022 ﬁeri
563 1979 797 2039 poterat,
829 1988 981 2027 suum
1013 1975 1198 2029 testari
1227 1976 1458 2031 ofﬁcium
1479 2018 1495 2044 ,
1525 1987 1580 2033 et
1620 1979 2001 2048 pretiosissima

412 2060 628 2116 offerre.
657 2062 763 2117 Sed
795 2065 914 2120 vide
933 2108 948 2132 ,
977 2066 1204 2122 obsecro
1227 2109 1243 2134 ,
1271 2069 1482 2126 dilecte.
1518 2070 1692 2126 Habes
1722 2071 1809 2127 hic
1847 2087 2002 2126 occa-

419 2151 596 2205 siones
623 2162 681 2205 ut
719 2154 860 2222 quod
892 2165 1102 2225 oportet
1140 2160 1546 2229 contempleris,
1593 2162 1785 2216 merito
1815 2176 2000 2230 pmnas

418 2238 563 2304 luerr.
610 2256 730 2295 eum
786 2243 874 2312 qui
921 2259 1069 2298 suam
1116 2245 1186 2300 ob
1227 2246 1488 2316 ignaviam
1538 2249 1716 2317 prodit
1756 2251 1998 2304 salutem.

417 2329 597 2399 Neque
626 2332 768 2386 enim
799 2333 885 2388 ille
913 2334 1187 2390 doctorem
1218 2339 1442 2408 aliquem
1469 2339 1681 2408 habuit,
1722 2357 1894 2412 neque
1920 2343 2004 2398 hic

418 2431 789 2489 suggerentem
819 2430 873 2476 et
911 2425 1303 2494 consiliarium,
1351 2429 1446 2483 sed
1476 2439 1694 2499 uterque
1723 2433 2003 2486 conscien-

421 2511 508 2564 lizc
535 2526 647 2566 sua:
676 2514 1011 2584 magisterio,
1055 2527 1110 2572 et
1161 2519 1417 2588 sapientia
1466 2520 1723 2578 divinitus
1767 2525 1999 2580 humano

421 2602 604 2670 generi
642 2605 1008 2673 suppeditata,
1053 2607 1120 2660 ad
1165 2607 1303 2663 hanc
1346 2609 1669 2666 oblationem
1713 2614 2001 2669 incitatur:

421 2695 514 2748 sed
545 2695 857 2750 excellentia
876 2699 1129 2766 propositi
1156 2707 1210 2754 et
1236 2701 1524 2774 voluntatis
1564 2705 1816 2774 segnities
1860 2703 2002 2760 illius

419 2783 632 2853 quidem
662 2787 1085 2857 aceeptissimam
1116 2788 1239 2843 fecit
1260 2773 1620 2860 oblationem,
1651 2793 1806 2864 hujus
1825 2805 2005 2850 autem

425 2874 774 2944 repudiatam.
805 2876 872 2930 Et
898 2879 1092 2948 aspexit
1107 2877 1242 2935 Deus
1255 2881 1323 2934 ad
1335 2880 1476 2948 Abel,
1497 2891 1544 2936 et
1567 2883 1634 2937 ad
1657 2883 1791 2938 dona
1821 2887 2003 2955 ipsius.

432 2965 561 3022 Vide
601 2967 870 3036 quomodo
908 2969 1158 3039 impletur
1200 2970 1287 3025 hic
1325 2971 1466 3041 quod
1512 2972 1564 3027 in
1607 2975 1882 3044 evangelio
1924 2989 2007 3032 est

419 3055 618 3110 dictum
643 3075 656 3110 :
690 3057 851 3112 Primi
880 3068 1036 3113 erunt
1065 3060 1265 3125 ultimi,
1294 3071 1349 3116 et.
1394 3063 1561 3116 ultimi
1609 3065 1762 3133 primi
1789 3063 2004 3137 (Matth.

423 3148 508 3202 l9.
541 3148 629 3202 so.
661 3147 823 3202 Marc.
861 3151 945 3203 10.
977 3150 1065 3204 51.
1094 3149 1220 3204 Luc.
1259 3152 1343 3206 15.
1379 3153 1446 3206 50
1555 3154 1691 3209 Ecce
1735 3156 1876 3210 enim
1915 3157 2005 3226 qui

421 3239 490 3292 ob
536 3238 1002 3307 primogenituram
1044 3240 1374 3309 privilegium
1421 3241 1678 3308 habebat,
1707 3253 1760 3298 et
1785 3245 2005 3313 proinde

423 3327 570 3396 prior
613 3327 902 3392 offerebat,
934 3329 1109 3383 minor
1155 3330 1302 3384 visus
1335 3339 1416 3384 est
1442 3329 1624 3397 fratre,
1656 3341 1713 3386 ut
1737 3335 1826 3403 qui
1852 3350 2006 3391 secus

423 3419 638 3474 offerret
657 3435 814 3488 quam
837 3421 1130 3488 oportebat.
1153 3420 1284 3475 Nam
1302 3436 1421 3476 cum
1448 3431 1669 3493 uterque
1691 3423 2000 3491 obtulisset,

425 3509 554 3562 dicit
581 3508 756 3563 divina
777 3509 1045 3579 Scriptura
1074 3527 1086 3562 :
1119 3510 1185 3564 Et
1213 3513 1408 3581 aspexit
1438 3511 1574 3566 Deus
1593 3513 1661 3565 ad
1684 3513 1836 3581 Abel,
1867 3525 1914 3568 et
1939 3515 2007 3569 ad

422 3601 557 3654 dona
593 3602 722 3670 ejus.
766 3600 902 3669 Quid
933 3609 1049 3666 est,
1081 3601 1148 3656 Et
1168 3603 1360 3674 aspexit
1383 3603 1409 3656 ?
1435 3603 1488 3658 ld
1516 3613 1630 3669 est,
1657 3607 2000 3676 approbavit,

425 3691 658 3747 laudavit
699 3703 966 3759 mentem,
1019 3696 1292 3751 coronavit
1347 3696 1704 3764 voluntatem,
1753 3709 1806 3753 et
1856 3701 2005 3770 quasi

421 3784 540 3852 quis
581 3783 755 3852 dicat,
798 3787 935 3839 facto
975 3796 1258 3842 contentus
1299 3787 1415 3842 fuit.
1459 3788 1589 3843 Nam
1621 3799 1675 3844 et
1717 3790 1761 3844 si
1801 3790 1870 3846 de
1897 3791 2006 3847 Deo

424 3873 720 3942 loquimur,
766 3882 819 3928 et
862 3874 929 3929 de
955 3875 1238 3931 immortali
1270 3885 1457 3931 natura
1487 3879 1696 3948 aperire
1739 3893 1800 3933 os
1841 3881 2006 3937 aude-

428 3979 579 4030 mus,
609 3965 735 4032 scd,
764 3980 884 4020 cum
928 3966 1172 4023 homines
1201 3969 1396 4031 simus,
1429 3983 1534 4021 nor.-
1577 3983 1856 4038 possumas
1891 3971 2006 4027 ham

423 4056 575 4110 aliter
585 4071 740 4126 quam
760 4072 854 4127 per
868 4057 1094 4126 linguam
1111 4058 1403 4126 percipere.
1420 4058 1646 4113 Attende
1665 4075 1774 4114 rem
1794 4062 2000 4115 miram.

426 4145 663 4214 Aspexit,
684 4147 871 4216 inquit,
898 4145 1034 4200 Deus
1059 4147 1127 4199 ad
1150 4145 1294 4213 Abel,
1311 4147 1436 4201 etad
1455 4147 1588 4201 dona
1613 4150 1787 4219 ipsius.
1818 4150 2006 4206 Ovium

424 4237 748 4292 oblationem
774 4237 910 4292 dona
944 4238 1186 4292 vocavit:
1229 4239 1349 4308 quia
1391 4241 1652 4308 pretiosa,
1697 4240 1922 4307 eximia,
1953 4251 2008 4297 et

430 4329 767 4382 inunaculata
795 4329 1080 4384 obtulerat.
1127 4331 1350 4400 Aspexit
1376 4330 1532 4401 igitur
1560 4333 1624 4385 ad
1650 4331 1820 4402 ipsum
1839 4374 1854 4398 ,
1885 4333 2007 4402 quia

428 4437 561 4477 sano
590 4431 643 4476 et
668 4421 876 4477 sincero
901 4423 1080 4479 animo
1110 4424 1410 4492 obtulerat;
1449 4434 1504 4481 et
1531 4425 1596 4480 ad
1626 4425 1765 4482 dona
1795 4428 1968 4482 oblata
1988 4469 2004 4495 ,

426 4530 531 4570 non
566 4515 707 4584 quod
736 4516 894 4572 nullis
935 4517 1154 4572 maculis
1199 4533 1414 4589 aspersa
1461 4527 1700 4586 tantum,
1745 4517 1839 4574 sed
1865 4519 2008 4590 quod

427 4607 572 4663 omni
603 4623 670 4662 ex
715 4617 863 4677 parte
906 4609 1136 4678 pretiosa
1167 4593 1351 4672 erant,
1385 4618 1494 4663 tum
1537 4611 1607 4665 ob
1637 4618 1870 4665 mentem
1893 4609 2009 4679 ejus

425 4701 514 4770 qui
562 4701 856 4766 obtulerat,
901 4710 1010 4754 tum
1048 4701 1188 4770 quod
1239 4700 1585 4770 primogenita
1634 4709 1819 4767 erant,
1847 4710 1902 4755 et
1943 4715 2007 4754 ex

432 4793 535 4846 illis
574 4791 927 4853 electissima,
975 4798 1029 4843 et
1056 4805 1122 4843 ex
1169 4782 1412 4858 adipibus
1456 4789 1619 4858 ipsis,
1652 4790 1754 4844 hoc
1799 4799 1913 4856 est,
1943 4805 2010 4843 ex

430 4885 642 4953 optimis
671 4883 888 4952 optima.
917 4880 984 4934 Et
1026 4880 1219 4949 aspexit
1246 4878 1383 4932 Deus
1425 4881 1492 4932 ad
1521 4880 1678 4946 Abel,
1717 4891 1762 4934 et
1787 4881 1854 4933 ad
1878 4881 2012 4934 (leua

430 4975 586 5042 ipsius
608 4991 627 5029 :
657 4976 708 5030 5.
736 4975 804 5028 ad
845 4974 970 5028 Cain
1006 4980 1173 5026 autem
1201 5012 1215 5035 ,
1255 4981 1302 5024 ct
1330 4974 1401 5024 ad
1423 4971 1677 5040 sacriﬁcia
1713 4973 1871 5040 ipsius
1910 4989 2011 5026 non

433 5067 660 5118 attendit.
686 5065 823 5131 Quid
847 5074 988 5118 recta
1013 5062 1304 5116 intentione
1321 5104 1334 5126 ,
1361 5071 1413 5116 et
1443 5061 1648 5115 sincera
1672 5070 1846 5116 mente
1866 5063 2010 5117 obtu-

433 5159 568 5212 lerat
613 5158 780 5224 Abel,
811 5157 1053 5228 Aspexit,
1097 5155 1295 5224 inquit,
1322 5153 1496 5219 Deus,
1555 5154 1656 5208 hoc
1696 5165 1815 5220 est,
1852 5171 2008 5213 accc-

432 5249 508 5318 pit
528 5290 542 5313 ,
574 5255 781 5317 gratum
804 5247 1019 5312 habuit,
1050 5243 1282 5300 laudavit
1308 5260 1323 5310 ;
1351 5254 1603 5298 caeterum
1624 5245 1822 5301 -cblata
1851 5259 2010 5299 voca-

437 5341 510 5394 vit
557 5341 731 5407 dona,
801 5348 858 5394 ut
910 5354 1003 5409 per
1049 5338 1155 5393 hoc
1212 5336 1486 5394 offerentis
1528 5337 1708 5391 animo
1756 5336 2008 5403 majorem

1113 223 1170 280 S.
1215 225 1493 282 JOANNIS
1526 223 1996 282 CIIRYSOSTUMI
2035 225 2352 283 ARClllEP.
2395 230 2930 290 CONSTANTINOP.

3571 238 3674 294 156

2102 346 2228 400 tiam
2257 348 2295 399 ‘.
2322 346 2454 401 Cum
2483 347 2633 410 dixit,
2667 348 2786 402 Non
2808 349 3039 414 attendit,
3076 349 3388 404 monstravit
3426 351 3676 419 reproba-

2097 438 2294 491 tionem
2321 437 2618 492 oblatorum
2643 455 2656 491 :
2687 447 2739 493 et
2762 455 2882 493 cum
2905 439 3203 494 oblationes
3233 439 3498 494 fructuum
3519 450 3681 496 terra:

2095 529 2351 585 sacrificia
2401 539 2591 596 vocat,
2639 530 2784 584 aliud
2838 545 2934 585 nos
2989 529 3162 586 docet.
3220 529 3354 586 Vide
3409 532 3682 601 quomodo

2099 636 2192 690 per
2235 619 2371 675 facta
2410 631 2466 676 et
2513 621 2675 676 verba
2705 621 2818 691 ipsa
2869 621 3062 676 doceat
3114 621 3410 685 Dominus,
3457 637 3518 676 se
3565 622 3682 677 hzec

2103 711 2280 764 omnia
2325 727 2356 765 a
2404 711 2558 766 nobis
2590 712 2726 766 velle
2757 711 3033 781 praestari,
3083 721 3140 765 ut
3181 711 3346 766 animi
3372 713 3541 768 nostri
3587 730 3683 783 per

2098 817 2158 856 ea
2201 816 2320 872 qua:
2357 816 2385 855 a
2433 801 2584 856 nobis
2628 801 2799 866 ﬁunt,
2849 800 3114 856 manifesti
3159 801 3487 868 reddantur,
3533 811 3588 858 et
3627 814 3684 858 ut

2097 894 2328 946 sciamus
2365 904 2464 947 nos
2509 892 2786 947 Dominum
2842 891 3041 948 habere
3072 901 3128 947 et
3169 891 3510 948 Conditorem
3558 910 3680 949 eum

2097 983 2188 1052 qui
2218 997 2281 1037 ex
2332 981 2498 1036 nihilo
2528 996 2625 1037 nos
2649 990 2708 1037 ut
2753 996 2994 1037 essemus
3042 982 3308 1052 produxit.
3355 981 3496 1038 Oves
3537 984 3681 1039 enim

2101 1087 2321 1128 munera
2371 1071 2691 1127 nominando
2739 1072 2917 1127 divina
2958 1071 3265 1141 Scriptura,
3300 1081 3453 1128 terra:
3505 1082 3680 1128 autem

2102 1162 2303 1218 fruetus
2337 1161 2594 1219 sacriﬁcia
2648 1161 3005 1232 appellando,
3059 1162 3214 1216 docet
3237 1176 3335 1216 nos
3399 1163 3681 1218 Dominum

2103 1269 2275 1323 neque
2304 1261 2359 1308 ut
2401 1253 2554 1308 bruta
2579 1252 2936 1316 adducantur,
2981 1267 3153 1322 neque
3195 1262 3253 1307 ut
3280 1262 3438 1307 terra:
3486 1253 3686 1308 fructus

2102 1345 2395 1401 offerantur
2416 1387 2431 1411 ,
2463 1345 2556 1400 sed
2587 1353 2791 1400 tantum
2834 1344 3028 1399 mentis
3063 1343 3396 1398 affectionem
3425 1359 3684 1413 quaerere.

2103 1437 2256 1493 Unde
2283 1445 2338 1490 et
2365 1451 2507 1491 nunc
2535 1445 2750 1506 propter
2778 1434 2972 1490 mentis
2993 1433 3327 1489 affectionem
3353 1434 3444 1490 ille
3467 1435 3682 1504 quidem

2103 1543 2222 1583 cum
2253 1527 2408 1583 donis
2453 1528 2774 1597 approbatus
2803 1534 2921 1593 est,
2948 1535 3002 1580 et
3041 1534 3225 1596 gratus
3255 1525 3353 1580 fuit
3378 1541 3398 1580 :
3429 1525 3529 1581 iSte
3558 1541 3690 1581 vero

2101 1635 2221 1675 cum
2249 1619 2512 1676 sacriﬁcio
2531 1634 2629 1674 suo
2649 1619 2880 1689 rejectus
2895 1627 2995 1672 est.
3017 1617 3147 1672 [llud
3168 1624 3344 1671 autem
3360 1658 3376 1684 ,
3398 1618 3599 1688 Aspexit
3621 1618 3691 1671 ad

2103 1712 2257 1778 Abel,
2285 1721 2331 1764 et
2352 1711 2419 1764 ad
2440 1725 2648 1763 munera
2669 1710 2826 1778 ipsius
2850 1749 2865 1775 ,
2890 1708 2957 1761 ad
2982 1706 3110 1763 Cain
3131 1717 3330 1772 autem,
3352 1714 3397 1761 et
3417 1706 3491 1760 ad
3536 1707 3689 1760 sacri-

2105 1805 2224 1873 ﬁcia
2266 1804 2404 1857 illius
2446 1819 2548 1856 non
2595 1800 2841 1868 attendit,
2892 1801 2965 1854 ita
3013 1799 3373 1869 intelligamus
3420 1806 3480 1852 ut
3523 1799 3688 1854 Deum

2105 1894 2279 1950 decet.
2312 1893 2439 1947 Vult
2467 1893 2610 1948 enim
2655 1892 2870 1958 dicere,
2905 1891 3071 1945 Deum
3103 1889 3204 1945 illis
3234 1899 3418 1944 notum
3465 1889 3687 1956 fecisse,

2105 2003 2164 2044 se
2186 1989 2325 2044 illius
2341 1988 2636 2058 approbare
2657 1987 3002 2051 voluntatem,
3034 1984 3188 2053 hujus
3224 1991 3400 2038 autem
3430 1983 3691 2053 repellere

2107 2080 2369 2150 ingratum
2399 2078 2654 2133 animum.
2683 2075 2995 2146 Hujusmodi
3016 2085 3140 2129 sunt
3163 2089 3224 2129 ea
3241 2089 3362 2144 quae
3389 2088 3418 2127 a
3438 2074 3546 2129 Deo
3569 2081 3687 2128 acta

2108 2171 2286 2226 fuere:
2319 2169 2593 2226 videamus
2620 2179 2797 2223 autem
2839 2167 3134 2236 sequentia.
3157 2166 3226 2220 Et
3270 2166 3476 2220 tristitia
3519 2165 3688 2232 aﬁ'ecit

2107 2263 2232 2316 Cain
2255 2261 2401 2315 valde
2427 2259 2500 2331 (a)
2521 2302 2535 2327 ,
2564 2269 2609 2314 et
2639 2259 2856 2314 concidit
2872 2259 3034 2312 vultus
3058 2259 3184 2326 ejus.
3203 2255 3354 2324 Quid
3387 2266 3488 2321 est,
3517 2255 3576 2309 Et
3603 2256 3692 2310 tri-

2107 2355 2244 2410 stitia
2285 2353 2454 2420 aﬂ'ecit
2499 2353 2626 2408 Cain
2669 2353 2856 2406 ualde?
2881 2350 3088 2420 Duplex
3112 2349 3187 2403 illi
3224 2349 3435 2403 tristitia
3474 2347 3686 2412 accidit,

2107 2460 2213 2499 non
2241 2453 2446 2498 tantum
2493 2443 2634 2513 quod
2678 2443 2825 2496 solus
2867 2442 2981 2512 ipse
3027 2440 3373 2510 repudiatus,
3401 2438 3495 2494 sed
3551 2438 3692 2506 quod

2112 2534 2290 2589 fratris
2345 2533 2543 2587 donum
2606 2539 2883 2600 acceptum
2935 2529 3112 2583 fuerit.
3164 2527 3234 2581 Et
3281 2528 3482 2581 tristitia
3525 2527 3694 2592 affecit

2107 2622 2234 2678 Cain
2261 2625 2425 2688 ualde,
2454 2633 2502 2677 et
2527 2622 2743 2676 concidit
2769 2621 2934 2677 vultus
2975 2621 3132 2674 illius.
3164 2619 3300 2686 Quid
3343 2618 3518 2673 affecit
3545 2619 3693 2672 illum

2109 2715 2356 2771 tristitia?
2400 2715 2631 2784 Utraque
2673 2713 2786 2768 hinc
2810 2711 2965 2767 valde
3015 2711 3226 2766 tristitia
3271 2711 3592 2775 affecerunt,
3640 2718 3696 2764 et

2108 2805 2250 2876 quod
2290 2804 2544 2859 Dominus
2587 2818 2691 2857 non
2737 2802 3024 2858 attenderit
3067 2800 3382 2857 sacriﬁcium
3427 2801 3612 2871 ipsius,
3640 2810 3694 2854 ct

2107 2894 2247 2966 quod
2291 2894 2488 2948 donum
2533 2892 2710 2947 fratris
2750 2899 3026 2961 acceptum
3069 2891 3118 2945 ei
3158 2889 3336 2944 fuerit.
3367 2889 3497 2944 Cum
3537 2890 3695 2958 igitur

2108 3000 2242 3057 Opus
2269 2994 2411 3040 esset
2439 2985 2498 3039 ut
2524 2985 2589 3048 is,
2619 2984 2707 3054 qui
2754 2982 3006 3038 delictum
3035 2981 3342 3047 admiserat,
3374 2982 3500 3036 illud
3526 2984 3694 3036 corri-

2109 3087 2294 3148 geret:
2329 3075 2582 3130 Dominus
2627 3074 2769 3129 enim
2798 3072 3034 3127 clemens
3063 3087 3183 3126 cum
3207 3071 3298 3137 sit,
3331 3086 3436 3125 non
3465 3079 3568 3124 tam
3597 3086 3693 3126 nos

2108 3177 2383 3223 aversatur
2411 3166 2454 3220 si
2485 3164 2876 3234 delinquamus,
2910 3176 3068 3232 quam
3104 3161 3147 3215 si
3178 3161 3232 3215 in
3259 3160 3453 3215 delicto
3481 3175 3692 3230 perma-

2109 3273 2330 3316 neamus
2361 3274 2377 3309 :
2409 3257 2498 3312 ille
2525 3263 2708 3310 contra
2735 3254 2932 3308 nullam
2955 3251 3068 3322 ejus
3085 3253 3341 3306 rationem
3369 3249 3577 3304 habuit.

2161 3351 2234 3405 .6.
2264 3348 2473 3402 Bonitas
2501 3345 2596 3400 Dei
2655 3361 2775 3415 erga
2817 3343 3050 3397 Cainum.
3099 3341 3165 3394 In
3209 3340 3540 3394 oblationibus
3573 3339 3694 3408 quid

2107 3442 2489 3498 obseruandum.
2517 3468 2588 3478 —
2627 3438 2694 3492 Et
2717 3445 2776 3491 ut
2800 3436 2902 3491 hoc
2940 3434 3212 3490 evidenter
3247 3431 3406 3498 scias,
3436 3440 3492 3487 et
3540 3431 3693 3486 beni-

2108 3533 2328 3605 gnitatis
2384 3530 2551 3601 ipsius
2608 3526 3023 3599 magnitudinem
3081 3523 3402 3580 ineffabilem
3464 3523 3645 3578 videas
3673 3564 3693 3589 ,

2113 3625 2231 3679 vide
2294 3637 2361 3678 ex
2419 3621 2502 3675 his
2557 3634 2676 3690 quae
2733 3632 2875 3672 nunc
2924 3615 3056 3669 ﬁunt
3103 3615 3356 3669 bonitatis
3405 3613 3544 3668 illius
3597 3629 3694 3668 ex-

2109 3715 2442 3779 cellentiam,
2487 3721 2542 3766 et
2579 3709 2844 3780 patientiae
2886 3707 3324 3776 magnitudinem.
3373 3705 3504 3764 Nam
3551 3715 3694 3775 post-

2108 3821 2266 3877 quam
2318 3803 2449 3860 vidit
2489 3803 2635 3857 illum
2689 3814 2849 3869 supra
2899 3798 3113 3854 modum
3169 3805 3445 3862 maestum,
3489 3805 3572 3858 et,
3637 3804 3696 3848 ut

2110 3901 2182 3953 ita
2206 3899 2400 3962 dicam,
2426 3910 2456 3948 a
2483 3892 2710 3949 tristitiae
2733 3891 2980 3946 fluctibus
3007 3889 3340 3944 submersum
3373 3889 3458 3954 iri,
3479 3903 3581 3940 non
3598 3887 3692 3940 de-

2109 3989 2303 4058 spexit,
2323 3987 2418 4043 sed
2445 4000 2601 4057 quam
2629 4000 2752 4055 erga
2776 3991 2978 4053 patrem
3002 3981 3166 4050 ipsius
3190 3980 3569 4046 benignitatem
3593 3977 3691 4031 de-

2109 4080 2404 4135 claraverat
2423 4119 2438 4142 ,
2455 4075 2590 4130 dans
2613 4074 2688 4129 illi
2707 4071 3067 4130 satisfaciendi
3086 4069 3394 4125 occasiones
3424 4077 3542 4138 post
3567 4082 3688 4138 gra-

2110 4187 2231 4228 vem
2268 4171 2415 4226 illum
2454 4170 2694 4238 lapsum,
2735 4181 2798 4221 ac
2841 4164 3047 4219 ﬁducia:
3085 4163 3300 4233 januam
3330 4161 3572 4231 aperiens
3594 4201 3608 4226 ,
3635 4168 3691 4214 et

2109 4265 2328 4322 dicens:
2359 4262 2456 4319 Ubi
2481 4263 2568 4316 es?
2587 4260 2828 4316 eamdem
2858 4270 2910 4314 et
2939 4271 3081 4313 nunc
3101 4271 3226 4327 erga
3253 4257 3517 4326 ingratum
3544 4253 3688 4307 illum

2111 4357 2380 4421 declarat,
2427 4368 2643 4408 manum
2690 4351 2763 4406 illi
2803 4349 2953 4420 quasi
2990 4349 3041 4403 in
3078 4361 3318 4418 praeceps
3347 4345 3491 4400 eunti
3520 4343 3688 4413 porri-

2115 4462 2288 4518 gens;
2334 4456 2390 4502 et
2425 4445 2758 4500 occasionem
2801 4440 3039 4510 praebere
3080 4437 3300 4501 volens,
3344 4445 3403 4490 ut
3442 4434 3692 4489 delictum

2113 4539 2380 4608 corrigat,
2429 4536 2502 4590 illi
2549 4535 2680 4590 dicit
2724 4549 2738 4584 :
2787 4532 2842 4586 6.
2889 4530 3059 4594 Quare
3097 4537 3298 4582 ntmstus
3335 4535 3500 4596 [actus
3528 4523 3622 4578 es?
3645 4532 3694 4576 et

2110 4645 2267 4700 quare
2297 4627 2511 4682 concidit
2545 4626 2710 4679 vultus
2749 4632 2863 4676 tuus
2883 4621 2910 4674 2
2947 4621 2999 4674 7.
3040 4619 3255 4683 Nonne,
3280 4618 3323 4670 si
3346 4625 3474 4669 recte
3497 4614 3693 4668 obtule-

2113 4722 2203 4786 ris,
2229 4728 2362 4773 recte
2393 4727 2560 4772 autem
2588 4733 2687 4770 non
2717 4715 2966 4777 diriseris,
3000 4712 3215 4781 peccasti
3232 4711 3258 4763 2
3280 4709 3505 4776 Quiesce.
3540 4707 3620 4759 Ad
3648 4716 3695 4759 te

2113 4811 2362 4867 conversio
2385 4809 2522 4861 illius
2541 4849 2556 4871 ,
2583 4816 2629 4860 et
2652 4815 2704 4860 tu
2729 4805 2866 4858 illius
2891 4802 3246 4856 dominaberis.
3281 4795 3691 4859 Animadverte,

2113 4901 2327 4962 dilecte,
2354 4895 2673 4950 ineffabilem
2728 4892 3074 4964 providentia:
3115 4887 3516 4960 indulgentiam.
3561 4885 3691 4952 Quia

2111 4991 2257 5046 enim
2285 4986 2417 5040 vidit
2451 4985 2600 5039 illum
2626 4984 2694 5038 ab
2719 4982 3024 5037 invidentia:
3053 4980 3272 5046 morbo,
3305 4987 3364 5033 ut
3387 4978 3459 5031 ita
3485 4976 3652 5029 dicam
3675 5014 3689 5029 .

2107 5067 2400 5138 Oppuguari
2421 5107 2437 5133 ,
2465 5065 2587 5120 vide
2614 5064 2884 5134 quomodo
2908 5078 3005 5133 pro
3025 5079 3118 5117 sua
3137 5063 3373 5119 bonitate
3401 5080 3693 5136 coagmen-

2109 5170 2178 5215 tta
2205 5173 2308 5228 Ipsi
2331 5156 2563 5213 remedia
2586 5156 2805 5226 apponit
2829 5197 2844 5220 ,
2879 5164 2939 5210 ut
2961 5157 3142 5210 statim
3173 5157 3448 5224 educatur,
3471 5167 3524 5211 et
3543 5158 3694 5227 aquis

2107 5267 2212 5308 non
2244 5252 2517 5306 obruatur.
2551 5250 2721 5316 Quare
2741 5257 2944 5302 mwstus
2970 5249 3134 5318 factus
3160 5265 3210 5303 es
3227 5249 3254 5302 ?
3279 5259 3324 5303 et
3343 5267 3498 5319 quare
3523 5251 3692 5303 conci-

2107 5345 2179 5398 dit
2203 5343 2365 5397 vultus
2409 5352 2520 5396 tuus
2541 5343 2566 5396 2
2589 5341 2763 5408 Quare
2792 5350 2934 5395 tanta
2956 5341 3214 5396 detineris
3237 5342 3468 5406 tristitia,
3488 5353 3542 5395 ut
3565 5350 3618 5395 et
3639 5342 3689 5395 in

432 5435 694 5485 honorem
735 5429 1012 5499 praeberet.
1057 5428 1139 5482 Ad
1175 5427 1300 5483 Cain
1347 5438 1544 5492 autem,
1591 5437 1636 5480 et
1673 5427 1740 5478 ad
1765 5426 2001 5495 sacri/icio

2107 5437 2236 5495 facie
2263 5435 2510 5492 maeroris
2527 5433 2942 5504 magnitudinem
2960 5433 3251 5490 ostendas?
3280 5434 3450 5502 Quare
3471 5432 3690 5488 coucidit

429 5523 570 5577 itlius
617 5537 716 5576 non
754 5521 984 5575 attendit.
1034 5520 1409 5575 Animadverte
1451 5517 1742 5588 Scriptura:
1791 5516 2010 5586 diligen—

496 5659 513 5690 ⁸
549 5656 686 5708 savil.
715 5664 762 5708 et
785 5658 999 5720 quinque
1020 5661 1149 5716 3155.,
1183 5655 1270 5706 sed
1301 5649 1418 5718 quid
1442 5651 1468 5703 2

2187 5585 2204 5618 ι
2238 5579 2428 5632 Ccislin.
2444 5614 2457 5634 ,
2487 5575 2741 5626 veritatem,

2189 5626 2568 5706 (afﬂuebant.
2595 5634 2733 5697 hujus
2753 5627 2934 5690 bomi,§
2960 5626 3036 5676 IV.
