4074 6134
283 263 393 321 157
1069 265 1126 321 S.
1162 262 1446 325 JOANNIS
1477 265 1962 327 CIIIWS‘OSTOMI
2003 264 2317 329 ABCHIEP.
2359 276 2907 342 CONSTANTINOP.
3628 291 3728 353 13!

293 378 437 444 τίνος
476 381 660 434 ἐνεκεν
689 382 786 433 οὑκ
823 380 914 449 ἀφ’
935 379 1127 433 ἐαυτοῦ
1167 382 1401 445 συνεῖδες
1444 382 1505 436 τὸ
1540 383 1686 448 δέον;
1726 385 1816 457 Μὴ
1853 392 1961 457 γὰρ

293 466 568 539 ἀνθρώπῳ
613 467 945 538 προσέφερες
994 467 1454 537 παραλογισθῆναι
1506 470 1818 541 δυναμένῳ;
1866 474 1963 525 οὑκ

294 553 444 625 ᾔδεις
457 565 483 594 ι
505 555 585 607 ὅτι
606 553 725 623 οὑχὶ
741 551 850 605 τῶν
869 553 1290 624 προσαγομένων
1310 554 1559 626 ἐδεόμην,
1581 556 1714 609 ἀλλὰ
1732 557 1831 627 τῆς
1856 558 1965 610 τῶν

295 640 676 711 προσαγόντων
713 637 898 709 ὑγιοῦς
935 639 1188 711 γνώμης;
1215 641 1338 695 Ἵνα
1375 641 1434 694 τί
1473 643 1799 711 περίλυπος
1837 643 1963 713 ἐγέ-

295 743 408 780 νου
424 743 444 790 ;
461 726 559 780 καί
577 727 680 801 ἵνα
697 726 755 778 τί
772 725 1077 780 συνέπεσε
1094 727 1162 781 τὸ
1184 727 1512 794 πρόσωπόν
1538 744 1687 791 σου;
1710 733 1852 793 οὐκ,
1887 729 1964 784 ἂν

297 812 482 883 ὀρθῶς
523 811 952 881 προσενέγκῃς,
974 811 1158 880 ὀρθῶς
1202 812 1271 865 δὲ
1297 812 1384 882 μὴ
1424 812 1648 882 Man
1669 814 1962 884 ἥμαρτεςς

296 901 369 955 Τὸ
390 900 488 970 μὲν
507 898 614 968 γὰρ
630 900 711 963 είς
729 897 937 952 ἔννοιαν
956 898 1130 953 ἐλθεῖν
1146 898 1239 953 τοῦ
1262 902 1643 969 προσενεγκεῖν
1659 901 1959 966 ἐπαινετὸν,

291 988 354 1042 τὸ
369 988 425 1041 δέ
448 988 523 1059 μὴ
540 986 715 1058 ὀρθῶς
732 985 944 1050 διελεῖν,
964 985 1122 1039 τοῦτο
1140 986 1237 1057 τὴν
1256 986 1522 1059 ἀποϐολὴν
1542 988 1830 1057 εἰργάσατο
1865 987 1958 1042 τοῦ

294 1075 760 1148 προσενεχθέντος.
789 1072 936 1126 Ἔδει
962 1072 1070 1144 γάρ
1094 1073 1212 1144 Θεῷ
1248 1071 1588 1144 προσάγοντα
1625 1073 1822 1145 πολλὴν
1840 1075 1958 1128 ἐπιο

292 1162 566 1229 δείξασθαι
601 1161 731 1233 περὶ
754 1159 851 1232 τήν
869 1160 1130 1231 διαίρεσιν
1148 1160 1245 1232 τὴν
1264 1161 1568 1232 ἀκρίϐειαν,
1592 1162 1683 1214 καὶ
1702 1163 1824 1216 ὅσον
1844 1161 1960 1214 ἐστὶ

289 1250 352 1303 τὸ
394 1249 556 1320 μέσον
590 1248 686 1301 τοῦ
724 1248 1009 1319 δεχομένου
1048 1247 1142 1300 καὶ
1172 1245 1266 1299 τοῦ
1288 1246 1672 1318 προσάγοντος,
1692 1247 1959 1319 τοσαύτην

284 1335 619 1408 ’ποιήσασθαι
656 1336 749 1389 καλ⁸
786 1335 844 1389 ἐν
878 1337 944 1406 τῇ
965 1334 1223 1404 διαιρέσει
1241 1333 1339 1404 τὴν
1358 1334 1641 1406 διαφοράν.
1660 1333 1820 1388 Ἀλλά
1836 1334 1959 1387 106-

289 1440 398 1477 των
434 1422 583 1477 οὐδὲν
623 1422 876 1492 ἐννοήσας
916 1423 980 1475 σὺ
1015 1420 1198 1484 ἁπλῶς
1239 1420 1306 1473 τὰ
1341 1421 1569 1491 τυχόντα
1587 1422 1952 1491 προσήγαγες.

286 1510 390 1563 Διά
407 1509 561 1563 τοῦτο
578 1508 698 1562 οὑδὲ
715 1508 877 1562 δεκτά
906 1507 1157 1576 γενέσθαι
1175 1507 1435 1579 ⁴ήδυνήθη.
1476 1508 1687 1579 Ὥσπερ
1706 1507 1814 1578 γὰρ
1832 1510 1864 1579 ή
1889 1507 1954 1579 σὴ

289 1598 503 1668 γνώμη,
528 1596 647 1666 μεθ’
675 1591 744 1669 ἦς
769 1597 867 1666 τὴν
887 1594 1247 1666 προσαγωγὴν
1267 1596 1523 1665 ἐποιήσω,
1546 1596 1697 1650 οὐδὲν
1714 1595 1774 1648 τὸ
1795 1596 1955 1666 μέσον

288 1681 1051 1755 λογισάμενος,άπο6ληθῆναι
1090 1682 1310 1752 ἐποίησε
1347 1681 1445 1753 τὴν
1485 1682 1635 1754 παρά
1674 1682 1766 1735 σοῦ
1788 1698 1956 1752 προσ-

287 1773 597 1843 ἐνεχθεῖσαν
618 1770 808 1825 Θυσίαν
826 1786 840 1801 ο
862 1769 1033 1833 οὕτως
1071 1771 1105 1840 ή
1148 1768 1240 1822 τοῦ
1280 1768 1507 1838 ἀδελφοῦ
1537 1768 1726 1840 γνώμη
1745 1768 1877 1840 όρθή
1896 1786 1955 1822 τε

287 1864 648 1935 τυγχάνουσα,
687 1860 782 1915 καὶ
828 1860 1026 1929 πολλὴν
1068 1857 1452 1931 ἐπιδειξαμένη
1497 1859 1555 1911 ἐν
1595 1861 1660 1930 τῇ
1699 1858 1955 1929 διαιρέσει

280 1952 387 2025 ⁴τὴν
436 1950 754 2023 ἀκρίϐειαν,
796 1948 1165 2019 εὐπρόσδεκτα
1212 1946 1376 1999 αὑτοῦ
1428 1945 1496 1999 τά
1544 1944 1693 2018 δῶρα
1730 1944 1956 2015 πεποίη-

289 2058 405 2095 κεν.
424 2041 613 2110 Ὅμως
647 2038 767 2092 οὐδὲ
802 2035 943 2091 οὑτω
978 2037 1133 2107 δίκην
1170 2035 1384 2089 ἀπαιτῶ
1420 2036 1513 2089 τοῦ
1552 2036 1956 2108 πλημμελήμα-

287 2145 412 2191 τος,
452 2126 588 2181 ἀλλά
624 2125 870 2195 δείκνυμι
911 2125 1068 2195 μόνον
1103 2123 1163 2177 τὸ
1200 2122 1549 2194 ἀμαρτηθὲν,
1589 2123 1684 2176 καὶ
1722 2123 1953 2191 συμδου-

287 2215 386 2287 λὴν
422 2214 624 2283 εἰσάγω
663 2230 766 2277 σοι,
785 2212 853 2282 ἢν
889 2213 937 2264 εί
958 2209 1268 2281 βουληθείης
1288 2209 1558 2274 δέξασθαι,
1579 2208 1675 2262 καὶ
1691 2208 1752 2261 τὸ
1771 2210 1942 2280 ἀμαρ-

264 2301 446 2373 ⁸ντηθέν
485 2299 771 2370 διορθώσῃ,
792 2300 887 2352 καὶ
923 2297 1158 2369 χείροσιν
1197 2298 1258 2350 06
1299 2295 1609 2369 περιδαλεῖς
1643 2296 1834 2349 σαυτὸν
1855 2312 1951 2348 κα-

287 2393 424 2451 κοῖς.
462 2387 612 2460 [160]
651 2388 716 2440 Τί
752 2381 1205 2456 οὗν;”Ημαρτες,
1228 2383 1507 2453 καὶμέγα
1545 2384 1806 2453 ἥμαρτες,
1837 2382 1948 2435 ἀλλ’

264 2477 347 2529 οὑ
378 2472 593 2537 κολάζω
642 2472 727 2525 διὰ
754 2472 817 2524 τὸ
869 2469 1204 2541 ἀμαρτηθέν·
1236 2469 1612 2541 φιλάνθρωπος
1647 2470 1755 2539 γάρ
1805 2470 1947 2539 εἰμι,

286 2565 382 2617 καὶ
416 2561 808 2628 Οὺβούλομαι
832 2558 940 2612 τὸν
959 2557 1217 2612 θάνατον
1249 2556 1354 2610 τοῦ
1390 2555 1757 2624 ἀμαρτωλοῦ,
1779 2556 1857 2621 ὡς
1885 2555 1950 2609 τὸ

263 2648 638 2717 ρέπιστρὲψαι
670 2647 768 2701 καί
802 2644 909 2714 ζῇν
940 2645 1143 2699 αὐτόν.
1187 2644 1336 2697 Ἐπεὶ
1364 2639 1455 2697 οὖν
1486 2644 1746 2714 ἥμαρτες,
1782 2644 1949 2697 Ἠσύ-

285 2752 502 2808 ludor,
531 2734 771 2807 γαλήνην
800 2731 1031 2805 ἐργασαί
1066 2748 1156 2785 σου
1187 2733 1296 2795 τοῖς
1326 2730 1621 2801 λογισμοῖς,
1652 2731 1745 2784 καὶ
1775 2732 1950 2785 ἀπαλ-

267 2824 478 2895 θλάγηθι
497 2823 599 2894 τῆς
628 2822 735 2875 τῶν
765 2820 1024 2892 κυμάτων
1059 2818 1433 2890 σφοδρότητος,
1462 2816 1573 2870 τῶν
1601 2816 1946 2889 πολιορκούν-

282 2930 391 2967 των
440 2927 534 2964 σου
556 2909 653 2982 τὴν
699 2909 957 2969 διάνοιαν,
989 2905 1334 2960 κατάστειλον
1365 2904 1463 2976 τὴν
1485 2906 1745 2976 ταραχὴν,
1771 2905 1844 2976 μὴ
1869 2904 1948 2975 τῷ

280 2999 607 3072 προλαϐόντι
639 2997 997 3068 ἁμαρτήματι
1052 2994 1237 3066 ἕτερον
1277 2991 1653 3064 χαλεπώτερον
1684 2992 1942 3064 προσθῇς,

282 3087 417 3160 μηδέ
443 3084 704 3158 βουλεύσῃ
753 3084 916 3155 μηδὲν
951 3082 1058 3135 τῶν
1108 3081 1438 3152 ἀνηκέστων.
1470 3080 1563 3151 Μὴ
1605 3079 1945 3150 αἰχμάλωτον

280 3178 478 3230 σαυτὸν
499 3172 670 3243 ἐκδῷς
697 3170 776 3240 τῷ
814 3166 1032 3239 πονηρῷ
1064 3167 1296 3239 δαίμονι.
1360 3167 1664 3236 Ἦμαρτες,
1715 3169 1946 3238 Ino-ﬁxa-

265 3274 418 3312 «σον.
443 3256 600 3326 ᾜδει
620 3254 714 3307 v.01
743 3254 806 3305 ἐκ
834 3250 1131 3322 προοιμίων
1160 3249 1258 3319 τὴν
1287 3247 1583 3317 μέλλουσαν
1608 3249 1945 3322 ἐπιχείρησιν

279 3345 424 3400 κατὰ
462 3343 558 3397 τοῦ
587 3338 817 3406 ἀδελφοῦ
846 3337 1110 3406 γίνεσθαι,
1141 3336 1235 3389 κα)⁸
1267 3336 1354 3389 διὰ
1378 3334 1580 3389 τούτων
1610 3336 1776 3408 αὑτὴν
1812 3355 1946 3408 προ-

276 3428 595 3486 αναστέλλει
621 3424 730 3479 τῶν
756 3422 1035 3495 ῥημάτων.
1062 3419 1279 3492 Ἐπειδὴ
1307 3421 1415 3492 γάρ
1442 3421 1517 3485 ὡς
1549 3421 1679 3484 Θεὸς
1712 3422 1740 3461 b
1763 3424 1858 3476 καὶ
1876 3423 1943 3477 τά

274 3517 567 3590 ἀπόρρητα
600 3512 702 3584 τῆς
724 3510 961 3573 διανοίας
1005 3509 1363 3579 ἐπιστάμενος
1415 3508 1528 3579 ᾔδει
1577 3508 1674 3579 τῆς
1719 3510 1943 3581 καρδίας

277 3604 444 3658 αὑτοῦ
489 3602 558 3656 τά
601 3601 898 3672 κινήματα,
954 3599 1018 3668 τῇ
1073 3596 1239 3667 πολλῇ
1270 3596 1587 3665 παραινέσει
1620 3597 1714 3650 καὶ
1738 3600 1801 3668 τῇ
1834 3598 1941 3653 τῶν

280 3691 540 3764 ῥημάτων
570 3685 973 3757 συγκαταϐάσει
1010 3682 1341 3753 κατάλληλον
1378 3683 1525 3754 αὑτῷ
1572 3683 1669 3755 τὴν
1697 3684 1941 3755 ίατρείαν

276 3779 538 3850 εἰσφέρει,
569 3777 639 3831 τὰ
668 3775 796 3846 παρ’
823 3772 1013 3826 ἐαυτοῦ
1042 3772 1258 3826 ἅπαντα
1286 3771 1529 3843 πληρῶν,
1559 3772 1606 3823 εί
1644 3772 1736 3825 καὶ
1785 3764 1940 3836 οὗτος

276 3870 336 3922 τὸ
367 3869 654 3939 φάρμακον
688 3863 1047 3932 ἀπωσάμενος
1076 3863 1153 3925 είς
1182 3860 1243 3914 τὸ
1266 3860 1365 3930 τῆς
1397 3858 1813 3927 ἀδελφοκτονίας
1843 3858 1939 3930 βά·

279 3956 475 4029 ραθρον
503 3953 694 4009 ἐαυτὸν
753 3951 1206 4022 κατεκρήμνισεν.
1241 3949 1559 4015 Ἥμαρτες,
1595 3948 1937 4017 ἡσύχασον.

274 4044 366 4113 Μὴ
395 4042 641 4113 νομίσῃς,
675 4039 859 4110 φησὶν,
892 4040 942 4091 εί
974 4036 1070 4089 καὶ
1099 4034 1456 4104 ἀπεστράφην
1504 4049 1595 4088 σου
1624 4033 1720 4105 τὴν
1751 4034 1939 4089 θυσίαν

272 4131 360 4185 διά
388 4131 486 4200 τὴν
522 4130 622 4183 οὑκ
649 4127 815 4198 ὀρθὴν
839 4124 1083 4195 γνώμην,
1139 4121 1234 4176 καὶ
1278 4122 1327 4173 εί
1358 4122 1418 4174 τὸ
1448 4121 1541 4174 τοῦ
1573 4121 1797 4191 ἀδελφοῦ
1835 4122 1937 4175 δῶ-

275 4233 368 4290 ρον
402 4217 802 4291 προσεδεξάμην
827 4214 913 4267 διὰ
937 4213 1035 4282 τὴν
1057 4211 1184 4280 ὑγιῆ
1206 4209 1546 4281 προαίρεσιν,
1561 4209 1643 4262 ὅτι
1666 4210 1773 4263 τῶν
1799 4228 1940 4282 πρω-

270 4309 431 4361 τείων
466 4322 527 4357 σε
581 4300 886 4370 ἀποστερῶ,
943 4299 1037 4352 καὶ
1080 4298 1179 4369 τῆς
1227 4294 1383 4361 ἀξίας
1426 4295 1534 4349 τῶν
1581 4297 1939 4367 πρωτοτόκων

272 4392 568 4449 ἐκϐάλλωο.
608 4390 976 4459 Ἠσύχασον·
1012 4388 1059 4439 εί
1079 4385 1184 4459 γὰρ
1218 4383 1431 4455 καὶτῆς
1456 4385 1584 4456 παρ’
1614 4383 1746 4454 ἐμοῦ
1774 4383 1938 4454 τιμῆς

272 4485 520 4556 ἠξίωται,
550 4483 643 4537 καὶ
667 4480 1033 4551 εὑπρόσδεκτα
1077 4474 1240 4531 αὑτοῦ
1292 4475 1483 4545 γέγονε
1515 4472 1583 4527 τά
1609 4472 1773 4544 δῶρα,
1805 4473 1938 4527 ἀλλὰ

273 4572 428 4641 Πρὸς
455 4569 530 4624 σὲ
553 4572 591 4638 ἠ
621 4566 973 4636 ἀποστροφὴ
1006 4562 1215 4624 αὑτοῦ.
1249 4562 1345 4616 καὶ
1377 4561 1458 4615 σὺ
1490 4559 1691 4630 ἄρξεις
1725 4560 1932 4615 αὐτοῦ.

268 4661 434 4712 ’Ὥστε
464 4657 556 4712 καὶ
587 4655 724 4728 μετά
750 4655 848 4721 τὴν
878 4652 1149 4723 ἁμαρτίαν
1184 4650 1385 4719 ταύτην
1407 4648 1550 4718 ἐχειν
1580 4665 1640 4701 σε
1670 4648 1936 4720 συγχωρῶ

271 4748 339 4803 τὰ
358 4742 596 4819 τῖροτερή
607 4760 749 4815 ματα
780 4744 876 4813 τῆς
908 4738 1295 4810 πρωτοτοκίας,
1320 4737 1570 4789 κάκεῖνον
1593 4734 1699 4788 ὑπὸ
1719 4735 1816 4806 τὴν
1839 4735 1937 4806 σήν

270 4834 516 4901 ἐξουσίαν
538 4828 678 4887 εἶναι
706 4828 928 4893 κελεύω,
969 4826 1065 4879 καὶ
1093 4824 1198 4878 ὑπὸ
1218 4824 1316 4892 τὴν
1343 4822 1514 4893 ἀρχὴν
1538 4821 1636 4892 τὴν
1672 4822 1937 4892 σήν,⁶⁹ορα

270 4922 676 4995 φιλανθρωπίαν
706 4917 994 4977 Δεσπότου,
1042 4912 1159 4974 πῶς
1177 4907 1340 4963 αὑτοῦ
1374 4907 1614 4995 βούλεται
1637 4908 1729 4960 τὸν
1769 4907 1937 4977 θυμὸν

269 5011 364 5063 καὶ
396 5011 492 5080 τὴν
517 5008 713 5080 μανίαν
733 5000 1102 5063 καταστεῖλαι,
1135 4998 1227 5052 καὶ
1247 4995 1344 5067 τὴν
1379 4994 1556 5065 ὁρμὴν
1584 4995 1813 5061 ἐκκόψαι
1852 4995 1936 5048 διὰ

267 5095 377 5149 τῶν
409 5096 667 5166 ῥημάτων
717 5092 942 5146 τούτων.
981 5086 1061 5140 Τά
1106 5086 1214 5157 γὰρ
1248 5085 1520 5154 κινήματα
1573 5081 1674 5151 τῆς
1704 5082 1937 5144 διανοίας

270 5182 434 5238 αὑτοῦ
464 5178 833 5241 κατοπτεύων,
864 5177 957 5231 καὶ
989 5176 1089 5245 τῆς
1126 5171 1347 5242 φονικῆς
1378 5168 1542 5223 αὑτοῦ
1571 5168 1796 5238 γνώμης
1816 5171 1937 5222 ἐπι-

270 5269 534 5339 στάμενος
562 5266 621 5320 τὸ
646 5264 873 5336 ἀπηνὲς,
908 5262 1008 5333 ήδη
1048 5259 1341 5332 προλεᾶναι
1368 5255 1531 5310 αὑτοῦ
1564 5254 1809 5325 βούλεται
1848 5256 1937 5310 τὴν

267 5352 545 5425 λογισμὸν,
586 5353 680 5407 καλ⁸
709 5352 947 5421 γαλήνην
1008 5344 1343 5420 ἐργάσασθαι
1402 5342 1565 5396 αὑτοῦ
1593 5345 1657 5413 τῇ
1710 5343 1936 5414 διανοίᾳ,

270 5443 583 5497 ὑποτάττων
641 5438 790 5510 αὑτῷ
816 5438 906 5492 τὸν
933 5435 1177 5505 ἀδελφὸν,
1206 5433 1301 5487 καὶ
1354 5430 1451 5501 τὴν
1489 5428 1734 5495 ἐξουσίαν
1777 5430 1938 5484 αὑτοῦ

272 5530 348 5601 μὴ
379 5526 833 5597 ὑποτεμνόμενος.
876 5522 1036 5579 Ἀλλά
1079 5522 1173 5575 καλ⁸
1212 5519 1350 5591 μετὰ
1390 5517 1488 5587 τὴν
1519 5515 1784 5586 τοσαύτην
1818 5518 1941 5571 ἐπι-

272 5600 488 5686 μέλειαν
517 5614 611 5667 καὶ⁵
643 5611 781 5684 μετά
834 5610 1071 5665 τοσαῦτα
1120 5609 1190 5661 τά
1218 5606 1485 5676 φάρμακα
1538 5600 1693 5655 οὐδὲν
1721 5601 1885 5654 πλέον
1908 5604 1937 5656 ό

332 5832 356 5862 ⁸
385 5829 480 5882 Alii
525 5833 579 5880 οὗ
623 5830 850 5889 σύνοιδας.
920 5827 1145 5877 δΜοι-εῑ.
1190 5830 1244 5876 ει
1281 5823 1478 5887 quidam
1518 5822 1601 5873 alii
1637 5822 1767 5887 γὰρό
1802 5823 1937 5882 Θεός.

268 5896 290 5924 ⁸
316 5895 412 5943 Alii
444 5894 776 5955 πρωιοτοιίων
796 5911 851 5943 σε
877 5892 1084 5944 ἐκϐαλῶ.

2071 392 2208 480 Κάῖν
2243 393 2512 451 ἀπώνατο.
2546 396 2811 456 Τοσοῦτόν
2842 403 2957 457 ἐστι
2982 405 3203 477 γνώμης
3231 407 3479 480 διαφορὰ,
3510 409 3603 463 καὶ
3640 427 3730 464 κα-

2073 478 2190 541 κίας
2222 481 2515 556 ὑπερὸολή.

2133 573 2199 636 η’.
2224 568 2359 621 Ἀλλ’
2392 570 2476 624 ἵνα
2496 574 2569 645 μὴ
2596 575 2688 629 ἐπῖ¹
2713 574 2872 630 πλέον
2900 577 3235 644 ἐκτείναντες
3264 581 3354 635 τὸν
3382 582 3538 652 λόγον
3569 584 3730 652 δόξω·

2066 667 2164 742 μεν
2191 657 2539 728 παρενοχλεῖν
2571 658 2669 730 τὴν
2690 661 2961 735 ὑμετέραν
2995 664 3235 738 ἀγάπην,
3283 668 3378 721 καὶ
3421 672 3729 742 προσκορής

2063 737 2190 827 ὑμῖν
2236 744 2460 816 νομισθῇ
2491 746 2524 816 ή
2558 748 2686 818 παρ’
2719 748 2877 819 ήμῶν
2934 750 3118 821 ὁμιλία
3157 753 3186 790 ει
3220 753 3319 818 τὰς
3348 737 3514 818 ἀκοάς
3573 737 3727 827 ὑμῶν

2062 824 2450 896 ἀποκναίουσα,
2486 834 2720 888 ἐνταῦθα
2746 837 3194 903 καταπαύσαντες
3225 841 3314 895 τὸν
3344 841 3523 910 λόγον,
3554 845 3725 897 ἐκεῖνο

2062 916 2528 989 παρακαλέσωμεν
2562 920 2716 990 ὑμῶν
2756 923 2823 992 τῇ
2855 922 3132 996 φιληκοΐᾳ,
3165 927 3391 998 μισῆσαι
3417 928 3516 1000 τὴν
3548 930 3725 983 τοιαύ-

2060 1013 2160 1068 την
2181 1001 2428 1087 μίμησιν,
2453 1004 2546 1057 καὶ
2572 1009 2637 1077 τῇ
2678 1006 2850 1078 κακίᾳ
2894 1020 2918 1048 ο
2951 1011 3121 1066 πολλὰ
3169 1014 3380 1084 χαίρειν
3409 1018 3725 1087 προσειπόν-

2058 1100 2178 1172 τας,
2203 1086 2300 1150 τάς
2326 1087 2419 1142 τοῦ
2448 1091 2651 1160 Κυρίου
2683 1092 2900 1156 ἐντολάς
2924 1095 3041 1165 μετ’
3062 1098 3377 1168 ἐπιμελείας
3399 1086 3596 1172 πολλῆς
3631 1104 3723 1157 καὶ

2060 1170 2118 1236 ἐξ
2144 1173 2272 1243 ὅλης
2294 1175 2519 1246 καρδίας
2572 1178 2946 1250 μετέρχεσθαι,
2981 1184 3075 1236 καὶ
3103 1184 3334 1252 μάλιστα
3369 1188 3506 1257 μετὰ
3540 1170 3721 1243 τοσού-

2056 1274 2164 1346 των
2225 1260 2319 1313 καὶ
2380 1261 2711 1331 τηλικούτων
2765 1266 3241 1338 παραδειγμάτων.
3294 1272 3428 1326 Οὑδέ
3481 1274 3588 1346 γάρ
3641 1279 3720 1342 εἰς

2059 1345 2276 1433 ἄγνοιαν
2301 1346 2484 1401 λοιπὸν
2512 1349 2667 1420 ήμῶν
2698 1368 2782 1417 τις
2812 1358 3145 1423 καταφυγεῖν
3172 1356 3473 1427 δυνήσεται.
3507 1345 3567 1414 Εί
3617 1363 3722 1433 γὰρ

2058 1425 2230 1495 οὗτος,
2259 1433 2401 1501 λέγω
2427 1434 2489 1505 δὴ
2523 1438 2551 1489 ό
2583 1437 2740 1497 Κάῖν,
2777 1439 2980 1508 μηδένα
3010 1440 3150 1511 ἔχων
3182 1425 3296 1496 τῶν
3318 1444 3425 1514 πρὸ
3450 1425 3722 1515 06106

2057 1519 2288 1606 γονότων
2318 1521 2499 1592 εὑρεῖν
2557 1522 2794 1578 τοιοῦτόν
2840 1542 2894 1578 τι
2947 1526 3398 1599 διαπραξάμενον,
3424 1532 3595 1602 ὅμως,
3624 1534 3720 1606 τὴν

2056 1605 2376 1660 ἀνύποιστον
2419 1607 2634 1681 ἐκείνην
2665 1609 2812 1684 [161]
2871 1612 2964 1667 καὶ
2995 1614 3521 1687 χαλεπὴψὺπέμεινε
3551 1636 3719 1691 τιμω·

2060 1692 2202 1762 ρίαν,
2237 1695 2312 1758 ὠς
2371 1695 2668 1763 μετέπειτα
2713 1699 3118 1770 γνωσθήσεται,
3170 1704 3224 1755 τί
3263 1704 3542 1760 πείσεσθαι
3575 1710 3720 1778 ἡμᾶς

2055 1780 2218 1842 εἰκὸς,
2256 1780 2323 1834 τά
2354 1781 2546 1852 αὑτάἢ
2576 1782 2668 1835 καὶ
2705 1784 2922 1856 χείρονα
2973 1787 3404 1860 ἁμαρτάνοντας,
3442 1792 3577 1861 μετὰ
3622 1794 3718 1863 τὴν

2054 1867 2320 1937 τοσαύτην
2353 1868 2451 1938 τῆς
2489 1869 2712 1941 χάριτος
2757 1871 3065 1941 δαψίλειαν;
3097 1876 3130 1947 ἢ
3168 1877 3385 1941 πάντως
3421 1878 3481 1932 τδ
3509 1879 3618 1949 πῦρ
3658 1881 3718 1935 τὸ

2054 1954 2289 2019 αἰώνιον,
2343 1956 2434 2010 τὸν
2473 1957 2728 2028 σκώληκα
2780 1961 2872 2015 τὸν
2923 1962 3298 2035 ἀτελεύτητον,
3329 1966 3419 2020 τὸν
3481 1966 3715 2038 βρυγμὸν

2052 2042 2160 2097 τῶν
2191 2043 2438 2105 ὀδόντων,
2483 2045 2544 2098 τὸ
2583 2047 2770 2110 σκότος
2801 2048 2862 2101 τὸ
2916 2047 3197 2120 ἐξώτερον,
3228 2051 3324 2123 τὴν
3349 2052 3568 2121 γέενναν
3623 2055 3715 2108 τοῦ

2053 2132 2243 2203 πυρὸς,
2270 2134 2361 2185 καὶ
2384 2132 2483 2196 τὰς
2519 2133 2682 2199 ἄλλας
2709 2136 2807 2198 τὰς
2854 2138 3257 2210 ἀπαραιτήτους
3285 2141 3550 2213 τιμωρίας
3571 2145 3716 2213 ἡμᾶς

2053 2218 2439 2285 ὑποδέξασθαι;
2470 2221 2602 2275 Οὑδέ
2621 2221 2729 2294 γὰρ
2752 2223 3015 2294 ἀπολογία
3043 2242 3127 2290 τις
3144 2227 3327 2281 λοιπὸν
3350 2229 3714 2297 ὑπολείπεται,

2050 2306 2192 2359 οὕτω
2221 2307 2479 2380 ῥαθύμως
2508 2309 2663 2379 ἡμῶν
2717 2311 3074 2383 διακειμένων
3103 2316 3195 2369 καὶ
3228 2316 3713 2380 ἀναπεπτωκότων.

2051 2393 2142 2464 Μὴ
2181 2394 2289 2465 γὰρ
2329 2395 2428 2448 οὑκ
2467 2395 2623 2462 ἴσμεν
2667 2397 2903 2462 ἅπαντες
2962 2399 3030 2453 τά
3088 2403 3355 2473 πρακτέα,
3410 2405 3503 2457 καὶ
3542 2405 3608 2458 τά
3640 2407 3715 2477 μὴ

2050 2481 2305 2547 τοιαῦτα;
2340 2482 2433 2535 καὶ
2454 2482 2600 2535 ὄτιοί
2637 2483 2733 2554 μέν
2769 2485 2837 2537 τά
2871 2486 3062 2557 πρῶτα
3091 2490 3434 2559 πράττοντες.
3459 2492 3525 2545 τά
3564 2509 3715 2563 πρω-

2048 2569 2166 2621 τεῖα
2186 2567 2293 2620 τῶν
2336 2568 2614 2636 στεφάνων
2649 2567 2878 2636 ἕξουσιν,
2914 2573 2964 2625 οἱ
3010 2574 3065 2626 δὲ
3097 2577 3208 2639 τοῖς
3233 2576 3479 2647 ἐσχάτοις
3510 2579 3713 2630 ὑποπε-

2051 2653 2236 2717 σόντες
2261 2654 2368 2708 τῶν
2398 2655 2641 2725 ἐσχάτων
2673 2657 3063 2729 ὑποστήσονται
3095 2662 3465 2733 κολαστηρίων
3497 2665 3592 2737 τὴν
3625 2685 3716 2721 κα-

2046 2741 2311 2813 ταδίκην;
2358 2742 2449 2795 Διὸ
2491 2744 2791 2815 παρακαλῶ
2831 2747 2925 2799 καὶ
2967 2747 3152 2819 δέομαι
3193 2751 3285 2805 καὶ
3315 2751 3594 2818 ἀντιϐολῶ,
3639 2754 3713 2825 μὴ

2046 2826 2300 2898 ἀνόνητος
2325 2829 2481 2899 ήμῶν
2513 2831 2547 2900 ἠ
2588 2830 2822 2885 ἐνταῦθα
2859 2833 3164 2898 συνέλευσις
3193 2837 3451 2906 γενέσθω,
3476 2840 3608 2894 ἀλλὰ
3646 2846 3740 2913 τῇ

2045 2915 2153 2970 τῶν
2190 2916 2364 2985 λόγων
2405 2918 2665 2989 ἀκροάσει
2694 2920 2789 2973 καὶ
2831 2919 2901 2973 τά
2924 2921 3060 2992 ἔργα
3088 2924 3518 2981 ἐπακολουθείτω
3552 2927 3597 2993 τ,
3627 2930 3713 2983 ἵνα

2043 3003 2143 3075 τὴν
2192 3004 2299 3058 ἀπὸ
2329 3004 2422 3059 τοῦ
2458 3006 2753 3070 συνειδότος
2787 3006 2998 3079 ἔχοντες
3049 3010 3420 3084 πληροφορίαν
3473 3016 3565 3069 x01
3595 3020 3713 3081 ταῖς

2045 3093 2307 3161 χρησταῖς
2339 3091 2549 3146 ἐλπίσιν
2576 3092 2824 3147 ἐντεῦθεν
2850 3094 2951 3167 ήδη
3003 3098 3343 3168 τρεφόμενοι,
3399 3101 3712 3173 δυνηθῶμεν

2044 3176 2151 3231 τῶν
2199 3177 2473 3250 δυσχερῶν
2499 3179 2592 3233 τοῦ
2624 3181 2888 3252 παρόντος
2940 3181 3056 3252 βίου
3092 3185 3347 3255 εὐμαρῶς
3391 3185 3453 3239 τὸ
3481 3188 3712 3258 πέλαγος

2041 3263 2480 3332 διαπλεύσαντες,
2518 3268 2598 3331 είς
2620 3269 2711 3322 τὸν
2740 3268 2934 3339 λιμένα
2967 3271 3304 3340 καταντῆσαι
3334 3273 3434 3343 τῆς
3460 3274 3554 3328 τοῦ
3575 3276 3710 3329 Θεοῦ

2043 3352 2471 3425 φιλανθρωπίας,
2501 3355 2597 3408 καὶ
2624 3356 2731 3408 τῶν
2755 3357 3080 3428 ἀπορρήτων
3100 3357 3320 3411 ἐκείνων
3350 3360 3571 3429 ἀγαθῶν
3600 3364 3712 3416 ἐπι-

2042 3445 2244 3511 τυχεῖν,
2281 3435 2355 3495 ὧν
2379 3442 2742 3513 ἐπηγγείλατο
2772 3441 2976 3514 Κύριος
3029 3446 3143 3507 τοῖς
3191 3444 3477 3513 ἀγαπῶσιν
3525 3449 3707 3508 αὑτέν.

2043 3530 2225 3601 χάριτι
2253 3531 2347 3583 καὶ
2371 3531 2672 3600 οίκτιρμοῖς
2712 3528 2810 3583 τοῦ
2840 3530 3160 3600 μονογενοῦς
3189 3530 3353 3584 αὑτοῦ
3398 3532 3547 3597 Υίοῦ,
3590 3535 3707 3604 μεθ’

2042 3610 2103 3670 οὑ
2120 3614 2198 3686 τῷ
2227 3616 2366 3687 ἀγίῳ
2403 3617 2495 3669 καὶ
2522 3616 2880 3687 προσκυνητῷ
2905 3616 3068 3670 αὑτοῦ
3104 3616 3379 3688 Πνεύματι
3400 3618 3543 3684 δόξα.
3574 3623 3708 3692 κρά-

2040 3719 2150 3767 τος,
2189 3702 2342 3774 τιμὴ,
2372 3703 2466 3757 νῦν
2493 3704 2586 3756 καὶ
2610 3704 2716 3770 ἀεὶ,
2774 3705 2868 3757 καὶ
2893 3705 2974 3768 είς
3024 3705 3151 3768 τοὺς
3178 3705 3382 3770 αίῶνας
3427 3708 3535 3762 τῶν
3576 3709 3706 3762 αίώ-

2040 3807 2167 3845 νων.
2206 3792 2395 3862 Ἀμήν.

2687 3861 2928 3915 ΟΜΙΛῙΑ
2953 3859 3053 3914 ῘΘ’.

2109 3964 2217 4020 Καὶ
2250 3960 2379 4020 εἶπε
2417 3964 2565 4036 Κάῖν
2601 3964 2749 4032 πρὸς
2781 3966 2949 4036 Ἅϐελ
2981 3965 3087 4036 τόν
3123 3966 3391 4036 ἀδελφὸν
3426 3969 3629 4025 αὐτοῦ’

2424 4033 2755 4101 Διέλθωμεν
2780 4033 2857 4103 δὴ
2881 4036 2968 4099 εἰς
2994 4035 3061 4088 τὸ
3090 4033 3318 4092 πεδίοις.

2108 4162 2179 4210 0'.
2195 4154 2460 4226 Καθάπερ
2480 4155 2547 4208 τὰ
2560 4155 2751 4209 ἀνίατα
2772 4154 2876 4210 τῶν
2894 4153 3219 4226 τραυμάτων
3229 4155 3348 4209 οὐδὲ
3370 4158 3483 4220 τοῖς
3504 4159 3569 4211 06
3580 4177 3707 4231 στη-

2043 4246 2152 4314 ροῖς
2185 4242 2293 4296 τῶν
2352 4244 2660 4313 φαρμάκιον
2708 4243 2867 4305 εἴκει,
2925 4241 3046 4295 οὑδέ
3091 4245 3204 4305 τοῖς
3230 4244 3539 4311 γλυκαίνειν
3565 4248 3705 4302 αὐτὰ

2037 4326 2371 4397 δυναμένοις·
2399 4324 2540 4378 οὑτω
2565 4326 2712 4396 καὶὴ
2760 4325 2903 4395 ψυχὴ
2923 4324 3138 4379 ἐπειδάν
3188 4327 3334 4391 διπαξ
3366 4330 3703 4399 αἰχμάλωτος

2037 4410 2279 4480 γένηται,
2321 4408 2415 4463 καὶ
2448 4409 2647 4479 ἑαυτὴν
2681 4407 2819 4478 ἐκδῷ
2845 4401 2994 4475 ᾧτινι
3025 4409 3220 4479 δήποτε
3254 4410 3699 4483 πλημμελήματι,

2038 4493 2132 4547 καὶ
2153 4493 2226 4564 μὴ
2255 4492 2507 4564 βούληται
2530 4493 2591 4546 τὸ
2614 4492 2810 4561 ἑαυτῆς
2837 4490 3113 4562 συμφέρον
3141 4492 3392 4560 συνιδεῖν,
3416 4493 3517 4548 κᾶν
3537 4496 3703 4567 μυρία

2039 4593 2120 4639 τις
2144 4577 2333 4645 ἐνηχῇ,
2363 4574 2514 4628 οὑδέν
2541 4573 2830 4645 κερδαίνει,
2863 4573 2998 4626 ἀλλά
3037 4574 3286 4644 καθάπερ
3317 4575 3514 4646 νεκρὰς
3534 4579 3702 4642 ἀκοάς

2038 4657 2369 4727 κεκτημένη,
2406 4656 2660 4727 οὐδεμίαν
2688 4656 2795 4709 ἀπὸ
2818 4656 2915 4725 τῆς
2940 4657 3311 4726 παραινέσεως
3351 4655 3564 4726 δέχεται
3605 4660 3703 4730 τὴν

2037 4740 2324 4809 ὠφέλειαν,
2351 4741 2451 4792 οὑκ
2479 4738 2666 4809 ἐπειδὴ
2719 4739 2792 4808 μὴ
2820 4738 3065 4802 δύναται,
3119 4739 3235 4791 ἀλλ’
3266 4738 3450 4809 ἐπειδὴ
3480 4739 3555 4811 μὴ
3582 4739 3705 4809 βού-

2038 4822 2186 4875 λεται
2208 4823 2255 4877 8.
2291 4820 2423 4875 Οὑδέ
2448 4821 2558 4889 γάρ
2606 4818 2856 4889 καθάπερ
2905 4820 2996 4872 ἐπὶ
3025 4820 3133 4873 τῶν
3185 4821 3510 4890 σωματικῶν
3537 4839 3703 4893 τραυ-

2042 4905 2226 4975 μάτων
2252 4905 2398 4957 έστιν
2425 4904 2570 4968 ἰδεῖν,
2594 4902 2733 4955 οὑτω
2760 4902 2855 4954 καὶ
2878 4901 2972 4953 ἐπὶ
3005 4901 3104 4971 τῆς
3150 4903 3537 4972 προαιρέσεως.
3583 4905 3701 4957 Ἐπὶ

2041 4988 2137 5057 μὲν
2163 4988 2266 5059 γὰρ
2297 4987 2405 5040 τῶν
2446 4984 2770 5054 σωματικῶν
2796 4985 3028 5054 ἀκίνητά
3053 4986 3170 5038 ἐστι
3199 4984 3455 5048 πολλάκις
3507 4986 3576 5039 τά
3605 4986 3703 5056 τῆς

2038 5068 2252 5137 φύσεως
2285 5067 2451 5138 πάθη·
2478 5068 2568 5120 ἐπὶ
2598 5068 2656 5120 δέ
2697 5067 2795 5137 τῆς
2826 5068 3197 5139 προαιρέσεως
3232 5067 3385 5121 οὑδέν
3440 5067 3696 5121 τοιοῦτον*

2038 5150 2150 5204 ἀλλ’
2190 5151 2302 5203 ἐστι
2327 5149 2583 5213 πολλάκις
2613 5150 2708 5202 καὶ
2736 5148 2828 5202 τὸν
2852 5148 3053 5217 φαῦλον
3075 5149 3379 5220 θελήσαντα
3411 5148 3707 5220 μεταϐαλέ-

2039 5232 2184 5298 σθαι,
2213 5233 2305 5286 καὶ
2334 5230 2580 5300 γενέσθαι
2614 5230 2797 5293 καλὸν,
2849 5230 3058 5285 καὶτὸν
3110 5231 3271 5285 καλὸν
3316 5231 3705 5302 ρᾳθυμήσαντα

2040 5317 2175 5388 πρὸς
2205 5315 2302 5386 τὴν
2350 5314 2546 5367 κακίαν
2576 5313 2916 5384 ἐξολισθῆσαι
2963 5315 3013 5368 ιι.
3052 5314 3206 5367 Ἐπεὶ
3233 5309 3328 5368 οὖν
3366 5314 3706 5380 αὐτεξούσιον

2039 5400 2195 5473 ήμῶν
2214 5400 2311 5470 τήν
2340 5397 2500 5467 φύσιν
2537 5396 2870 5468 είργάσατοό
2896 5397 3002 5451 τῶν
3031 5397 3166 5451 ὅλων
3191 5396 3340 5460 Θεός·
3372 5396 3440 5449 τά
3479 5396 3578 5466 μὲν
3599 5397 3704 5467 γὰρ

2041 5482 2232 5538 ἐαυτοῦ
2260 5484 2473 5537 ἅπαντα
2530 5479 2891 5533 ἐπιδείκνυται
2952 5480 2994 5545 ἱ,
3028 5480 3120 5532 καὶ
3149 5478 3247 5550 τὴν
3287 5479 3491 5532 οἰκείαν
3523 5480 3707 5546 φιλαν-

2042 5564 2285 5638 θρωπίαν
2333 5560 2684 5635 μιμούμενος,
2737 5564 2832 5615 καὶ
2883 5560 2953 5615 τὰ
2987 5563 3273 5633 ἀπόρρητα
3301 5562 3394 5615 καὶ
3429 5559 3497 5613 τά
3543 5564 3601 5613 ἐν
3629 5560 3707 5630 τῷ

2108 5703 2137 5743 δ
2160 5704 2257 5754 Alii
2296 5701 2593 5752 διδασκαλία.
2664 5713 2687 5742 ο
2716 5700 2837 5761 Reg.
2861 5701 2941 5749 καὶ
2962 5702 3047 5758 τὴν
3068 5701 3256 5749 κακίαν.
3328 5700 3349 5739 ί
3373 5699 3519 5749 Savil.
3547 5706 3597 5745 Ν
3620 5698 3706 5761 alii-

1989 5802 2000 5809 .
2042 5772 2164 5828 quot
2200 5779 2323 5828 mss._
2337 5762 2685 5828 7611035010660);
2700 5760 2902 5828 ἕποιντο.
2971 5762 3310 5828 S‘Rgg.__unus
3449 5761 3607 5828 ἐπειδὴ
3640 5760 3710 5828 μὴ

2045 5819 2279 5889 ᾁαίνηται,
2303 5825 2405 5889 άλλξ
2440 5825 2599 5889 ἐπειδή
2632 5823 2695 5884 μή
2728 5822 2943 5889 δύνηται..
2994 5821 3031 5889 Ἰι
3053 5819 3281 5889 S_;ivil._el
3303 5823 3498 5883 quidam
3520 5819 3602 5869 alii
3621 5821 3702 5866 06-

2043 5882 2324 5950 τομο).ῆσαι.
2393 5885 2407 5924 ί
2438 5884 2558 5946 Reg.
2596 5882 2722 5933 unus
2741 5889 2792 5931 el
2814 5882 2963 5933 Savil.
2991 5882 3375 5946 ἐπιδεικνύμενος.
