4074 6134
427 295 532 351 15⁸1

423 407 594 460 cauus
629 414 745 457 tuus
764 402 792 458 1
821 416 917 457 cur
944 414 1012 456 ex
1045 399 1144 454 hac
1170 412 1230 454 re
1258 397 1628 453 conturbaris’
1655 411 1820 466 quare
1846 411 1950 450 non
1975 411 2005 450 a

426 509 479 551 te
503 498 621 565 ipso
647 492 789 564 quod
813 490 1093 561 oportebat
1122 488 1238 544 fieri
1259 528 1275 555 ,
1314 486 1704 544 considerasti?
1730 486 1867 541 Num
1907 486 2008 539 ho-

429 586 560 640 mini
603 583 923 639 sacrificium
965 578 1220 644 obtulisti,
1248 579 1340 650 qui
1374 578 1487 633 falli
1529 577 1738 648 possit?
1771 577 2003 648 ignoras,

424 678 557 733 mihi
596 692 701 732 non
742 689 864 731 esse
900 689 1037 744 opus
1063 680 1122 728 ut
1148 672 1345 743 aliquid
1373 670 1658 739 offeratur,
1690 670 1785 727 sed
1814 686 1900 726 me
1923 684 2012 724 sa-

424 784 547 824 nam
589 765 923 822 offerentium
955 772 1187 819 mentem
1215 761 1395 817 velle?
1424 761 1593 828 Quare
1614 770 1818 816 incestus
1845 763 2010 832 factus

424 877 475 914 cs
498 861 524 913 .9
549 868 598 913 et
621 873 777 927 quare
799 854 1019 910 concidit
1047 852 1213 908 vultus
1241 854 1398 908 tuus?
1425 851 1610 907 Nonne
1635 854 1680 907 si
1703 863 1835 908 recte
1862 853 2011 908 obtu-

427 948 572 1013 lm‘s,
612 962 715 1000 nan
747 955 913 999 autem
942 952 1072 998 recte
1096 943 1325 1009 dividas,
1354 943 1606 1012 peccasti?
1628 942 1780 1009 Quod
1807 942 1862 997 in
1891 943 2012 998 ani-

429 1055 574 1093 mum
609 1037 863 1092 iuduxisti
883 1076 899 1102 ,
925 1049 1045 1089 esse
1074 1032 1400 1089 offerendum
1419 1072 1437 1095 ,
1468 1032 1622 1088 laude
1645 1033 1859 1103 dignum
1888 1044 2010 1102 est;

426 1131 568 1202 quod
598 1145 727 1186 vero
748 1144 852 1184 non
892 1135 1041 1183 recte
1067 1125 1274 1181 dividas
1291 1164 1309 1192 ,
1337 1125 1389 1181 id
1417 1134 1477 1179 ut
1498 1124 1732 1180 oblatum
1763 1125 2011 1194 repudia-

427 1232 579 1277 retur
601 1221 795 1276 effecit.
835 1218 1127 1289 Oportebat
1147 1218 1288 1272 enim
1319 1216 1630 1273 offerentem
1656 1218 1796 1285 Deo,
1825 1217 1878 1272 in
1905 1217 2014 1273 dis-

426 1313 694 1370 cernendo
723 1325 965 1381 magnam
1007 1309 1259 1365 adhibere
1296 1308 1620 1377 diligentiam
1648 1315 1739 1363 :et
1760 1318 2013 1378 quantum

433 1388 688 1459 differunt
715 1403 803 1472 qui
831 1399 987 1455 offert
1023 1408 1078 1454 et
1110 1399 1198 1469 qui
1224 1398 1415 1468 accipit
1438 1440 1452 1465 ,
1473 1388 1629 1452 tanta
1652 1407 1706 1453 et
1737 1399 1787 1453 in
1813 1399 2015 1455 discre-

431 1497 573 1548 tione
595 1490 829 1547 facienda
866 1489 1168 1557 diversitas.
1195 1488 1265 1542 At
1290 1488 1478 1543 horum
1506 1487 1636 1541 nihil
1664 1496 1720 1542 tu
1741 1488 2012 1558 cogitasti,

428 1585 522 1638 sed
571 1592 631 1637 ut
684 1581 897 1637 fortuito
923 1579 1176 1649 contigit,
1199 1577 1456 1633 obtulisti.
1489 1578 1661 1648 Atque
1686 1578 1882 1634 idcirco
1907 1595 2013 1634 non

432 1683 720 1745 potuerunt
758 1687 878 1729 esse
902 1679 1138 1741 accepta.
1168 1669 1303 1725 Nam
1331 1669 1468 1724 sicut
1492 1670 1701 1724 animus
1731 1679 1883 1737 tuus,
1909 1687 2016 1742 quo

432 1765 758 1821 oblationem
804 1761 995 1825 fecisti,
1026 1760 1156 1815 nihil
1182 1759 1484 1815 intermedii
1525 1773 1646 1816 esse
1671 1761 2013 1829 existimans,

432 1858 607 1913 effecit
652 1864 711 1910 ut
752 1853 1098 1924 rejicerentur
1138 1867 1202 1907 ea
1236 1866 1355 1922 qua:
1397 1865 1429 1905 a
1467 1857 1521 1906 te
1546 1861 1668 1905 sunt
1692 1850 1864 1907 oblata
1897 1870 1909 1906 :
1938 1854 2017 1908 sic

434 1948 616 2003 fratris
644 1947 718 2001 tui
748 1945 989 2009 animus,
1022 1943 1111 2013 qui
1136 1951 1313 1997 rectus
1338 1940 1466 2004 fuit,
1497 1950 1551 1995 et
1577 1940 1801 1995 multum
1831 1943 1883 1996 in
1910 1942 2017 1997 dis-

433 2036 700 2093 cernendo
742 2035 973 2090 studium
1014 2032 1226 2098 habuit,
1265 2042 1480 2101 accepta
1524 2031 1667 2086 illius
1704 2032 1841 2087 dona
1870 2032 2015 2089 fecit.

437 2132 810 2186 Verumtamen
858 2141 1029 2197 neque
1072 2126 1151 2180 sic
1195 2139 1405 2194 poenam
1445 2122 1624 2178 delicti
1670 2133 1888 2195 repeto,
1919 2124 2013 2180 scd

431 2224 661 2279 ostendo
717 2222 993 2276 dumtaxat
1041 2218 1336 2284 delictum,
1380 2223 1436 2270 et
1484 2216 1761 2271 consilium
1805 2216 2013 2286 affero,

431 2314 573 2385 quod
614 2314 659 2368 si
701 2311 943 2381 accipere
982 2308 1242 2374 volueris’,
1279 2314 1334 2361 et
1360 2316 1635 2376 peccatum
1665 2307 1975 2361 emendabis
1998 2348 2013 2373 ,

432 2415 489 2462 et
525 2408 752 2476 tcipsum
787 2402 1120 2475 gravioribus
1147 2400 1302 2455 malis
1331 2416 1436 2455 non
1467 2399 1724 2454 involves.
1753 2399 1888 2469 Quid
1915 2401 2016 2471 igi-

434 2499 557 2553 tur?
583 2497 843 2563 Peccasti,
868 2503 923 2551 et
941 2495 1172 2565 graviter
1190 2492 1440 2563 peccasti,
1466 2491 1559 2547 sed
1580 2507 1686 2546 non
1710 2493 1867 2560 punio
1891 2507 2017 2562 pro-

432 2597 552 2658 pter
578 2589 825 2643 delictum
856 2605 870 2640 :
898 2586 1157 2654 benignus
1184 2585 1327 2640 enim
1357 2598 1474 2637 sum
1495 2622 1512 2650 ,
1545 2592 1599 2638 et
1629 2580 1767 2638 Nolo
1811 2593 2017 2638 mortem

434 2680 710 2750 peccatoris
729 2719 743 2744 ,
780 2678 868 2733 sed
892 2687 945 2732 ut
972 2684 1286 2731 convertatur
1311 2683 1356 2728 et
1384 2674 1514 2728 vivat
1541 2672 1749 2744 (Ezech.
1781 2674 1869 2729 18.
1895 2673 2012 2745 2'5).

431 2772 594 2841 Igitur
611 2770 734 2841 quia
762 2768 1010 2840 peccasti,
1039 2767 1268 2832 Quiesce,
1298 2764 1732 2835 tranquillitatem
1761 2779 1891 2835 para
1920 2779 2016 2818 co-

429 2863 774 2933 gitationibus
805 2860 941 2925 tuis,
983 2871 1039 2914 et
1073 2858 1238 2913 libera
1280 2865 1513 2911 mentem
1552 2870 1584 2909 a
1627 2854 1877 2925 procellis
1912 2853 2015 2910 flu-

430 2963 612 3009 ctuum
657 2951 1060 3016 inundantium,
1105 2946 1297 3005 cohibe
1343 2945 1797 3016 pcrturbationem
1836 2945 2012 3013 illam,

431 3062 502 3102 ne
548 3045 713 3101 addas
757 3042 921 3114 priori
950 3051 1168 3113 peccato
1193 3039 1406 3110 gravius
1434 3037 1605 3102 aliud.
1644 3052 1816 3108 neque
1841 3037 2017 3092 consi-

432 3139 561 3193 lium
586 3134 802 3207 aliquod
828 3131 1215 3189 immedicabile
1240 3130 1483 3201 arripias.
1507 3128 1585 3185 Ne
1614 3129 1837 3198 tcipsum
1863 3129 2016 3182 mali-

429 3244 538 3299 gno
562 3226 791 3283 dzemoni
817 3226 1080 3294 captivum
1110 3222 1308 3277 tradas.
1340 3220 1586 3286 Peccasti,
1616 3222 1830 3291 quiesce.
1864 3219 2013 3275 Scie-

432 3321 527 3375 bat
561 3321 628 3374 ah
668 3319 820 3373 initio
857 3316 998 3387 quod
1043 3315 1261 3369 fratrem
1306 3312 1392 3367 hic
1428 3310 1730 3366 adoriturus
1758 3319 1934 3375 esset,
1962 3319 2017 3366 et

432 3412 553 3468 ideo
575 3420 732 3465 antea
765 3407 939 3463 verbis
969 3406 1225 3476 reprimit.
1255 3403 1387 3459 Nam
1410 3403 1531 3473 quia
1560 3410 1827 3472 tamquam
1853 3401 2013 3466 Deus,

431 3502 516 3557 cui
554 3502 714 3556 etiam
756 3512 948 3553 arcana
986 3505 1114 3551 sunt
1158 3493 1398 3565 cognita,
1437 3491 1639 3548 sciebat
1671 3491 1848 3546 cordis
1875 3490 2016 3546 illius

432 3600 641 3658 motus,
684 3590 908 3645 multum
952 3584 1317 3651 admonendo,
1355 3591 1411 3638 et
1437 3583 1595 3638 verba
1623 3582 1762 3636 illius
1788 3581 2016 3637 infirmi-

435 3683 526 3737 tati
564 3681 904 3738 accommoda
926 3676 1245 3750 proferendo
1269 3682 1649 3746 congruentem
1674 3672 1774 3743 ipsi
1795 3673 2016 3729 medici-

436 3790 555 3829 nam
596 3773 848 3842 protulit,
879 3784 998 3841 quae
1040 3769 1093 3823 in
1133 3782 1193 3822 se
1220 3772 1376 3821 erant
1402 3763 1580 3819 omnia
1606 3762 1804 3818 faciens
1826 3803 1842 3831 ,
1876 3771 2013 3817 tam-

434 3866 532 3921 etsi
577 3865 668 3919 ille
708 3862 921 3932 repulso
961 3858 1380 3924 medicamento,
1418 3856 1470 3909 in
1496 3854 1771 3909 fratricidii
1801 3854 2017 3923 profano

434 3956 558 4012 dum
600 3969 660 4011 se
690 3950 1049 4024 praecipitarit.
1076 3946 1305 4002 Peccain
1327 3984 1341 4010 ,
1368 3946 1581 4015 quiesce.
1608 3943 1685 3998 Ne
1716 3952 1866 4013 putes
1889 3983 1905 4008 ,
1937 3944 2015 3997 in-

435 4049 580 4117 quit,
611 4046 734 4101 licet
766 4054 911 4099 tuum
938 4049 1217 4097 aversatus
1239 4038 1339 4092 sim
1360 4034 1677 4091 sacrificium
1698 4033 1769 4089 ob
1796 4048 2010 4104 pravmn

437 4147 699 4203 mentem,
745 4134 1026 4205 fratrisque
1063 4131 1383 4187 oblationem
1429 4133 1697 4197 acceptam
1739 4124 2011 4179 habuerim

436 4232 505 4287 ob
530 4245 714 4286 sanam
742 4227 1111 4290 intentionem,
1136 4236 1223 4277 me
1243 4220 1363 4276 ideo
1384 4218 1610 4289 primatu
1632 4225 1683 4271 te
1702 4214 2009 4281 destituere,

435 4332 489 4377 et
528 4319 962 4391 primogenitum
1003 4314 1313 4386 dignitatem
1352 4324 1383 4364 a
1415 4319 1466 4365 te
1504 4306 1736 4363 auferre.
1763 4304 2012 4372 Quiesce;

436 4428 558 4468 nam
602 4411 726 4467 licet
752 4409 955 4464 honore
978 4422 1077 4477 ego
1106 4405 1253 4459 illum
1284 4408 1636 4473 prosequutus
1660 4397 1849 4455 fuerim
1871 4440 1886 4465 ,
1917 4413 2013 4452 ae—

436 4513 692 4574 ceptaque
719 4500 910 4556 fuerint
937 4498 1077 4552 illius
1100 4496 1238 4550 dona
1271 4512 1284 4550 :
1315 4500 1680 4549 verumtamen
1707 4491 1787 4544 Ad
1816 4499 1864 4544 te
1891 4505 2012 4543 con-

435 4597 592 4649 versio
611 4595 771 4660 illius,
811 4602 856 4645 et
885 4602 939 4645 tu
967 4590 1127 4661 ipsius
1156 4585 1514 4641 dominaberis.
1536 4583 1717 4653 Itaque
1743 4590 1862 4654 post
1890 4597 2012 4653 pec-

438 4696 613 4741 catum
658 4685 760 4739 hoc
802 4682 1051 4753 permitto
1079 4721 1094 4747 ,
1139 4686 1200 4733 ut
1244 4675 1678 4749 primogenitum
1723 4672 2011 4743 privilegiis

432 4778 664 4847 gaudeas
685 4818 700 4843 ,
732 4776 984 4845 illumque
1009 4772 1110 4828 sub
1140 4780 1224 4826 tua
1258 4776 1519 4839 potestate
1546 4776 1601 4823 et
1627 4766 1865 4821 dominio
1891 4780 2013 4821 esse

429 4870 610 4940 jubeo.
639 4869 772 4924 Vide
811 4866 1190 4937 benignitatem
1220 4861 1463 4929 Domini,
1488 4858 1756 4930 quomodo
1779 4858 2010 4915 furorem

433 4972 488 5019 et
529 4962 784 5017 insaniam
829 4961 964 5016 illius
1002 4957 1341 5021 demulcere,
1369 4962 1424 5009 et
1451 4952 1625 5007 verbis
1654 4951 1737 5007 bis
1757 4953 2011 5021 impetum

431 5051 644 5108 auferre
682 5052 887 5107 nititur.
918 5048 1125 5118 Quippe
1154 5054 1330 5101 motus
1354 5043 1547 5098 mentis
1571 5041 1709 5096 illius
1733 5041 1936 5107 videns,
1959 5050 2013 5095 et

431 5141 698 5200 crudelem
736 5155 802 5196 ac
835 5138 1226 5209 sanguinariam
1269 5133 1412 5204 illius
1433 5133 1758 5207 voluntatem
1799 5130 2012 5201 sciens,

433 5246 573 5288 nunc
615 5230 976 5302 praemitigare
1011 5227 1126 5297 ejus
1167 5226 1425 5280 rationem
1451 5222 1562 5277 vult
1589 5230 1644 5276 et
1667 5221 2008 5277 serenitatem

432 5325 599 5380 menti
623 5323 877 5379 inducere
900 5360 916 5387 ,
944 5315 1273 5387 subjicienda
1298 5314 1399 5383 ipsi
1425 5314 1639 5368 fratrem
1664 5351 1680 5378 ,
1706 5320 1761 5366 et
1788 5318 2010 5380 potesta-

432 5424 540 5472 tem
587 5414 752 5485 ipsius
777 5410 910 5468 nihil
932 5406 1238 5465 minuendo.
1266 5403 1639 5459 Verumtamen
1671 5409 1790 5470 post
1812 5407 2008 5454 tantam

432 5521 616 5562 curam
654 5513 709 5560 et
734 5512 874 5559 tanta
900 5499 1137 5559 remedia
1162 5497 1293 5553 nihil
1320 5494 1586 5552 commodi
1611 5493 1740 5548 Cain
1769 5491 1891 5547 inde
1920 5507 2009 5546 rc-

434 5597 574 5652 tulit.
617 5596 845 5652 Tantum
888 5593 1026 5651 valet
1068 5587 1263 5648 mentis
1287 5586 1567 5644 diversitas
1590 5592 1644 5642 et
1669 5583 1884 5640 malitiae
1917 5595 2012 5639 ex-

433 5702 639 5746 εεεδυδ.

1454 285 1517 341 ΙΝ
1553 284 1704 341 CAP.
1746 284 1836 340 IV.
1877 279 2115 340 GENES.
2156 281 2381 338 IIOMIL.
2422 282 2566 339 XIX.

3592 284 3688 342 l5!

2189 396 2241 450 7.
2287 396 2502 453 Marciis
2541 397 2788 468 epilogus.
2814 427 2884 437 --
2923 396 3028 453 Sed
3072 411 3142 453 ne
3178 397 3384 468 longius
3429 407 3697 466 protracta

2112 488 2285 542 oratio
2326 498 2504 543 nostra
2550 489 2756 543 caritati
2792 498 2985 544 vestra:
3012 489 3310 544 molestiam
3338 485 3592 545 exhibere
3618 492 3691 542 vi—

2111 575 2299 632 deatur
2321 617 2337 644 ,
2383 593 2517 634 neve
2566 579 2777 633 ttedium
2807 578 2955 634 vobis
2976 577 3167 635 afferre
3191 578 3279 634 hic
3304 594 3483 635 sermo
3509 589 3691 635 noster

2112 678 2426 735 censeatur,
2476 678 2531 724 et
2565 684 2723 725 aures
2767 680 2973 726 vestras
3001 671 3278 737 obtundat,
3313 671 3400 726 hic
3426 671 3584 726 finem
3612 671 3692 725 di-

2113 760 2267 817 cendi
2296 760 2550 817 facientes
2576 801 2589 826 ,
2620 771 2854 817 vestrum
2896 761 3147 817 audiendi
3182 762 3411 818 studium
3443 761 3692 817 cohorte-

2116 869 2273 920 mur,
2322 863 2379 909 ut
2419 855 2649 911 caveatis
2689 871 2758 911 ne
2804 855 2963 910 istum
3009 855 3318 917 imitemini,
3350 862 3485 911 etut
3512 855 3692 910 relicta

2115 945 2259 999 Omni
2306 946 2501 1001 malitia
2524 986 2539 1014 ,
2585 946 2832 1002 mandata
2866 946 3074 1002 Domini
3101 955 3301 1002 attente
3326 961 3388 1002 ac
3410 936 3694 1017 diligenter

2116 1036 2439 1105 perficiatis,
2472 1038 2764 1106 prmscrtim
2808 1046 2927 1107 post
2970 1045 3112 1091 tanta
3159 1038 3389 1107 taliaque
3426 1037 3693 1106 exempla.

2115 1125 2296 1198 Neque
2337 1127 2479 1181 cnim
2522 1126 2588 1181 ad
2631 1126 2978 1198 ignorantiam
3009 1127 3262 1196 deinceps
3291 1126 3570 1197 quisquam
3599 1141 3695 1181 no-

2116 1227 2284 1273 strum
2324 1217 2612 1289 confugere
2649 1221 2860 1289 poterit.
2903 1218 3033 1273 Nam
3074 1219 3120 1273 si
3146 1218 3417 1284 hic,Cain
3444 1218 3692 1289 inquam,

2118 1312 2318 1366 nullum
2335 1322 2458 1366 ante
2477 1327 2537 1368 se
2553 1313 2771 1377 invenit,
2792 1312 2878 1381 qui
2904 1312 3006 1367 tale
3021 1310 3271 1382 quiddam
3292 1312 3480 1381 egerit,
3505 1310 3700 1365 nihilo-

2117 1402 2294 1458 minus
2343 1412 2518 1458 tamen
2560 1400 2943 1459 intolerabilem
2980 1411 3035 1458 et
3071 1417 3283 1473 gravem
3337 1403 3478 1456 illam
3535 1402 3698 1457 susti-

2119 1494 2233 1548 nuit
2261 1510 2495 1565 paanam,
2524 1509 2681 1564 quam
2709 1502 2764 1549 et
2785 1509 2877 1549 vos
2901 1502 3085 1563 postea
3110 1494 3289 1549 scietis
3312 1535 3327 1560 ,
3354 1493 3482 1563 quid
3510 1494 3699 1548 verisi-

2121 1588 2244 1643 mile
2265 1596 2348 1643 est
2375 1600 2473 1641 nos
2496 1599 2748 1657 passuros
2766 1626 2782 1652 ,
2808 1585 2897 1655 qui
2917 1583 3103 1640 eadem
3123 1626 3138 1652 ,
3161 1585 3243 1640 vel
3271 1585 3433 1639 etiam
3456 1584 3699 1653 graviora

2120 1695 2422 1751 peccamus,
2441 1678 2599 1750 idque
2618 1688 2739 1749 post
2756 1688 2951 1733 tantam
2974 1679 3156 1748 gratiae
3176 1675 3505 1747 largitatem?
3526 1691 3702 1730 nonne

2121 1774 2294 1843 ignem
2323 1781 2604 1839 :cternum,
2626 1783 2860 1825 vermem
2883 1769 2973 1840 qui
2999 1784 3106 1824 non
3137 1769 3391 1833 interibit,
3416 1768 3698 1822 stridorem

2119 1867 2379 1932 dentium,
2403 1863 2648 1920 tenebras
2668 1864 2979 1928 exteriores,
3003 1862 3300 1932 gehennam
3316 1861 3472 1931 ignis,
3495 1868 3546 1916 et
3567 1860 3700 1913 alias

2121 1956 2451 2012 inevitabiles
2491 1969 2676 2025 poenas
2713 1968 2831 2024 quae
2870 1968 2968 2007 nos
3007 1961 3309 2022 excepturus
3346 1953 3507 2006 sunt?
3544 1951 3697 2006 Nulla

2120 2051 2262 2106 enim
2309 2047 2548 2103 defensio
2586 2045 2740 2101 nobis
2766 2045 2951 2101 relicta
2980 2054 3096 2110 est,
3126 2043 3173 2100 si
3200 2044 3271 2098 ita
3296 2044 3626 2114 negligentes
3649 2053 3704 2097 et

2118 2142 2294 2212 ignavi
2335 2140 2607 2195 fuerimus.
2653 2137 2842 2193 Nonne
2885 2137 3086 2192 scimus
3127 2149 3315 2191 omnes
3345 2151 3462 2205 qua:
3488 2134 3596 2189 sint
3624 2134 3702 2187 fa-

2121 2232 2307 2289 cienda
2328 2273 2343 2298 ,
2375 2246 2494 2302 quae
2522 2246 2627 2286 non
2656 2228 2892 2286 facienda
2913 2229 2937 2283 ?
2956 2238 3009 2283 et
3033 2242 3126 2284 eos
3146 2228 3235 2298 qui
3268 2227 3441 2297 priora
3465 2226 3702 2291 faciunt,

2122 2323 2440 2394 principtles
2489 2336 2715 2376 coronas
2760 2329 3138 2390 assequuturos
3181 2333 3334 2385 esse,
3379 2331 3477 2373 eos
3526 2325 3701 2371 autem

2121 2416 2210 2487 qui
2246 2416 2300 2470 in
2330 2424 2575 2470 extrema
2599 2411 2860 2476 incidunt,
2888 2410 3144 2466 extremis
3171 2409 3444 2479 suppliciis
3464 2421 3585 2463 csse
3610 2423 3706 2477 pu-

2122 2507 2379 2563 niendos?
2404 2506 2529 2561 Ideo
2559 2519 2746 2575 precor
2763 2513 2922 2574 atque
2941 2503 3184 2568 obsecro,
3209 2518 3276 2558 ne
3291 2511 3585 2558 conventus
3607 2506 3707 2558 iste

2122 2610 2304 2654 noster
2346 2597 2544 2653 inutilis
2580 2595 2688 2662 sit,
2716 2595 2812 2650 sed
2852 2603 2909 2649 ut
2936 2609 3056 2665 qua:
3080 2593 3295 2649 auribus
3322 2593 3509 2648 hausta
3538 2603 3702 2660 sunt,

2121 2690 2305 2745 eadem
2350 2698 2406 2743 ct
2438 2686 2591 2742 factis
2613 2692 3028 2754 expromantur,
3060 2693 3118 2738 ut
3143 2683 3298 2738 nobis
3322 2683 3459 2738 bene
3483 2683 3703 2749 conscii,

2121 2792 2280 2851 atque
2315 2778 2527 2834 interim
2569 2777 2707 2833 bona
2743 2792 2840 2847 spe
2877 2775 3034 2841 freti,
3067 2775 3281 2831 difficile
3306 2775 3407 2831 hoc
3430 2775 3706 2846 praesentis

2122 2873 2246 2927 vitae
2276 2871 2492 2943 pelagus
2524 2868 2680 2924 facile
2711 2867 3056 2937 trajicicntes,
3085 2867 3138 2921 in
3169 2874 3377 2937 portum
3406 2867 3707 2937 benignita-

2122 2963 2191 3017 tis
2217 2962 2310 3016 Dei
2340 2961 2642 3031 pcrvenire,
2672 2968 2728 3014 et
2752 2956 3037 3012 ineffabilia
3059 2957 3193 3012 bona
3225 2958 3311 3011 illa
3341 2958 3595 3028 consequi
3622 2972 3707 3010 va-

2121 3057 2344 3121 leamus,
2377 3069 2497 3125 quae
2522 3052 2764 3124 promisit
2794 3051 3050 3106 Dominus
3069 3049 3410 3120 diligentibus
3435 3066 3512 3115 se,
3539 3051 3705 3120 gratia

2122 3157 2176 3203 et
2194 3144 2557 3202 misericordia
2587 3143 2841 3214 unigeniti
2869 3142 2984 3213 ejus
3006 3141 3146 3209 Filii,
3178 3157 3299 3197 eum
3323 3158 3428 3213 quo
3448 3150 3633 3197 sancto
3655 3154 3708 3197 et

2121 3235 2393 3294 adorando
2434 3239 2551 3311 ejus
2584 3233 2804 3308 Spiritui
2830 3233 2994 3304 gloria
3019 3273 3033 3299 ,
3059 3231 3232 3288 honor
3254 3272 3270 3299 ,
3302 3239 3356 3287 et
3383 3232 3663 3301 imperium
3689 3272 3703 3295 ,

2122 3344 2263 3385 nunc
2287 3338 2343 3385 et
2366 3343 2599 3399 semper,
2622 3337 2677 3383 et
2701 3327 2756 3383 in
2777 3326 2968 3382 sazcula
2992 3326 3328 3381 saeculorum.
3356 3327 3545 3378 Amen.

2692 3462 2965 3519 IIOMILIA
2998 3462 3137 3516 XIX.

2122 3578 2189 3633 Et
2221 3579 2348 3633 dixit
2392 3577 2517 3633 Cain
2551 3575 2619 3629 ad
2660 3575 2782 3628 Abel
2822 3577 3031 3647 fratrem
3065 3590 3211 3626 suum
3248 3589 3266 3626 :
3297 3572 3631 3643 Egredianmr
3653 3573 3704 3625 iu

2622 3681 2855 3734 campum
2876 3663 3025 3737 (Gen.
3050 3666 3101 3718 4.
3128 3661 3206 3734 8).

2194 3785 2250 3838 1.
2287 3781 2474 3836 Misera
2524 3779 2711 3852 peccati
2754 3778 2983 3833 servitus.
3032 3776 3200 3831 Homo
3243 3775 3467 3830 libertate
3510 3775 3706 3829 arbitrii

2121 3876 2354 3930 donatus.
2398 3872 2536 3927 Deus
2588 3870 2926 3925 necessitatem
2963 3883 3063 3922 non
3102 3869 3332 3938 imponit.
3385 3896 3455 3908 —
3503 3866 3703 3936 Quem-

2121 3966 2408 4021 admodum
2463 3962 2774 4019 incurabilia
2820 3961 3039 4015 vulnera
3095 3974 3269 4028 neque
3314 3959 3542 4014 austeris
3592 3972 3710 4013 me-

2120 4056 2434 4112 dicamentis
2459 4055 2692 4121 cedunt,
2735 4066 2908 4123 neque
2934 4050 3255 4107 lenientibus
3289 4068 3302 4104 :
3334 4051 3404 4105 ita
3434 4058 3489 4105 et
3527 4049 3701 4103 anima

2121 4148 2287 4205 semel
2311 4149 2539 4218 captiva,
2564 4147 2691 4202 sise
2730 4155 2950 4217 peccato
2989 4143 3217 4214 cuipiam
3250 4142 3533 4198 obnoxiam
3564 4140 3702 4197 fece-

2121 4241 2222 4308 rit,
2268 4247 2324 4295 et
2363 4238 2702 4294 considerare
2760 4235 2991 4291 noluerit
3030 4249 3149 4304 quae
3191 4232 3292 4288 sibi
3335 4239 3462 4287 sunt
3504 4232 3651 4286 utilia
3682 4272 3699 4296 ,

2120 4337 2280 4391 etiam
2318 4333 2363 4387 si
2397 4331 2518 4404 quis
2553 4334 2831 4385 innumera
2868 4326 3092 4382 inculcet
3125 4325 3268 4380 illius
3300 4325 3536 4389 auribus,
3569 4323 3701 4379 nihil

2120 4426 2389 4499 proficiet:
2408 4422 2502 4479 sed
2514 4421 2664 4492 quasi
2677 4428 2900 4475 mortua:
2915 4425 3092 4473 essent
3110 4431 3288 4481 aures,
3308 4415 3507 4469 nullam
3527 4428 3597 4469 ex
3615 4413 3706 4467 ad-

2119 4516 2412 4573 monitione
2433 4512 2654 4580 suscipit
2674 4509 2957 4565 utilitatcm
2981 4524 2994 4560 :
3019 4521 3127 4561 non
3148 4506 3268 4576 quia
3286 4520 3389 4560 non
3403 4505 3699 4576 potest,sed

2118 4610 2240 4681 quia
2267 4622 2373 4663 non
2393 4607 2505 4660 vult
2531 4604 2570 4658 ί.
2595 4602 2711 4658 Non
2740 4601 2883 4658 enim
2903 4599 3036 4654 sicut
3051 4598 3172 4654 etin
3188 4595 3555 4668 corporalibus
3581 4594 3702 4650 vul-

2120 4699 2337 4757 neribus
2370 4695 2539 4752 videri
2579 4693 2749 4760 solet,
2795 4691 2865 4746 ita
2895 4698 2948 4744 et
2976 4690 3029 4744 in
3057 4689 3331 4744 voluntate
3357 4695 3460 4743 est.
3490 4685 3622 4740 Nam
3651 4685 3702 4738 in

2119 4788 2491 4862 corporalibus
2514 4792 2718 4840 natura:
2741 4782 3048 4838 affectiones
3072 4792 3214 4849 stepe
3233 4778 3531 4834 immobiles
3551 4788 3697 4838 sunt,

2120 4885 2173 4940 in
2200 4882 2467 4938 voluntate
2495 4886 2673 4933 autem
2703 4889 2810 4930 non
2850 4874 2920 4928 ita
2948 4885 3008 4926 se
3035 4884 3124 4925 res
3151 4869 3313 4923 habet
3341 4885 3355 4922 :
3384 4881 3528 4934 saepe
3555 4865 3696 4920 enim

2120 4976 2164 5031 si
2193 4972 2418 5029 voluerit
2445 4970 2603 5026 etiam
2629 4967 2717 5036 qui
2744 4965 2913 5019 malus
2937 4969 3039 5025 est,
3064 4966 3316 5022 mutatur,
3339 4965 3389 5011 et
3413 4955 3471 5008 fit
3488 4954 3660 5011 bonus
3684 4972 3695 5007 :

2121 5077 2175 5125 et
2203 5068 2290 5139 qui
2319 5066 2511 5127 bonus,
2541 5075 2636 5132 per
2658 5056 2917 5128 ignaviam
2943 5050 3158 5113 excidit,
3184 5057 3238 5103 et
3265 5048 3323 5102 fit
3344 5046 3532 5101 malus.
3566 5045 3700 5112 Quia

2120 5135 2247 5230 ergo
2269 5155 2421 5212 liberi
2441 5149 2642 5208 arbitrii
2664 5161 2785 5202 esse
2802 5151 3035 5199 nostram
3053 5146 3296 5194 naturam
3316 5136 3439 5192 fecit
3457 5135 3696 5191 omnium

2120 5248 2375 5306 Dominus
2395 5246 2438 5312 ³,
2477 5244 2591 5313 ipse
2618 5237 2830 5310 quidem
2859 5249 2979 5305 quae
3004 5246 3098 5287 sua
3127 5241 3254 5285 sunt
3276 5230 3455 5285 omnia
3480 5241 3579 5299 pro
3603 5241 3696 5282 sua

2118 5336 2481 5396 misericordia
2506 5345 2719 5402 semper
2746 5325 2962 5385 exhibet
2989 5340 3004 5381 :
3031 5331 3088 5380 et
3109 5322 3284 5379 sciens
3309 5319 3616 5377 abscondita
3643 5319 3697 5374 in

2181 5498 2198 5531 ι
2236 5504 2353 5558 Reg.
2387 5502 2534 5552 unus,
2578 5499 2672 5539 non
2708 5480 2839 5550 quod
2869 5478 3108 5539 evidentia
3142 5477 3287 5539 absit,
3316 5475 3403 5530 sed
3424 5475 3555 5540 quod
3571 5471 3694 5525 absit

2116 5564 2342 5624 potentia.
2645 5610 2656 5620 _
2893 5604 2905 5615 .
3131 5604 3156 5616 ..

2183 5624 2203 5655 ι
2228 5624 2327 5673 Has
2346 5631 2506 5677 \oces,
2527 5622 2741 5677 omnium
2764 5610 2998 5677 Dopumts
3020 5604 3068 5677 (ρ
3097 5619 3191 5652 των
3214 5601 3541 5677 659196;).
3574 5604 3687 5656 σιυε

2123 5662 2567 5736 ὀθδιῖίῆυἱιῖᾖῦτέἱξ
2576 5662 2640 5725 et
2660 5671 2879 5731 Μοιιιθΐ.,
2910 5666 3181 5717 addidimus
3200 5676 3229 5713 e
3247 5662 3444 5712 Savilio.
