4074 6134
406 266 516 320 159

413 378 677 449 profundo
705 373 896 430 mentis
922 380 976 426 et
1002 383 1215 433 arcana,
1246 368 1507 430 hortatur,
1535 362 1784 421 consulit.
1820 376 1981 416 cona-

412 483 604 539 tusque
628 474 840 521 nostros
865 462 1031 516 malos
1062 459 1391 530 praeveniens
1417 454 1676 525 reprimit.
1706 450 1776 506 Et
1799 466 1989 507 neces-

414 562 621 615 sitatem
650 556 829 626 utique
854 566 958 608 non
987 551 1231 621 imponit,
1257 549 1351 604 sed
1376 545 1789 618 congruentibus
1812 557 1991 598 reme-

414 650 515 705 diis
563 647 854 718 appositis,
884 652 1051 698 totum
1100 643 1260 696 situm
1303 640 1355 694 in
1399 637 1705 709 aegrotantis
1732 633 1992 690 sententia

416 741 651 796 dimittit.
699 738 813 795 Hoc
838 738 996 808 igitur
1022 745 1075 791 et
1100 735 1153 790 in
1178 734 1306 790 Cain
1337 748 1478 788 nunc
1506 731 1699 787 factum
1729 737 1829 784 est.
1862 726 1994 782 Vide

415 833 559 888 enim
605 838 724 901 post
772 838 969 884 tantam
1020 825 1404 897 providentiam
1451 831 1503 878 et
1546 821 1625 876 sui
1669 833 1849 875 curam
1877 859 1892 883 ,
1940 818 1992 871 in

416 930 667 991 quantam
689 918 933 975 inciderit
953 915 1232 972 insaniam.
1255 912 1544 984 Oportebat
1558 911 1698 966 enim
1719 907 1993 964 conscium

455 1010 622 1068 eccati
655 1011 739 1066 sui
767 1009 821 1063 in
851 1005 1182 1064 emendando
1213 1013 1394 1075 postea
1419 1009 1731 1070 occupatum
1759 1012 1912 1062 esse;
1943 1004 1994 1052 at

415 1104 508 1158 ille
549 1101 701 1171 quasi
758 1101 975 1164 ebrius,
1024 1096 1232 1153 allectui
1282 1103 1336 1150 et
1380 1092 1587 1149 vulneri
1641 1091 1805 1162 priori
1857 1089 1996 1144 aliud

422 1195 572 1249 ulcus
609 1193 938 1262 conjungens
959 1231 975 1256 ,
1003 1198 1056 1245 et
1085 1187 1398 1243 medicinam
1431 1192 1575 1239 tanta
1601 1181 1867 1253 diligentia
1895 1180 1995 1237 ad-

422 1285 644 1341 hibitam
686 1299 793 1339 non
837 1283 1151 1346 admittens,
1194 1278 1288 1334 sed
1336 1276 1654 1332 destinatam
1698 1273 1895 1329 caedem
1944 1272 1998 1329 in

424 1391 559 1447 opus
582 1375 872 1445 perducere
894 1372 1164 1434 festinans,
1188 1385 1216 1423 a
1238 1368 1360 1423 dolo
1381 1375 1435 1422 et
1452 1366 1682 1422 versutia
1703 1362 1994 1425 exorditur,

424 1476 479 1522 et
515 1465 791 1521 fallacibus
816 1464 991 1519 verbis
1020 1461 1234 1516 fratrem
1262 1459 1476 1530 decipit.
1526 1457 1653 1511 Tam
1684 1454 1878 1512 eﬂ‘erus
1921 1464 2003 1510 est

426 1557 605 1621 homo,
627 1556 716 1627 qui
741 1556 791 1609 in
814 1554 1101 1624 nequitiam
1123 1548 1423 1606 declinavit.
1448 1547 1578 1603 Nam
1600 1547 1738 1601 sicut
1756 1560 2001 1615 maguum

422 1654 478 1701 et
507 1645 864 1700 venerandum
890 1649 976 1698 est
1010 1640 1268 1697 rationale
1298 1638 1401 1693 hoc
1436 1635 1631 1691 animal
1654 1677 1670 1701 ,
1696 1644 1749 1690 et
1775 1635 2003 1689 maxime

423 1735 636 1807 quando
681 1735 734 1789 in
775 1732 988 1788 virtutis
1028 1731 1165 1785 viam
1209 1726 1484 1784 contendit
1526 1742 1540 1780 :
1585 1725 1656 1779 ita
1700 1722 1910 1794 quando
1949 1723 2002 1777 in

423 1829 620 1884 malum
667 1826 935 1892 declinat,
981 1822 1398 1879 truculentarum
1441 1818 1728 1873 bestiarum
1768 1816 2005 1870 imitatur

423 1917 812 1974 crudelitatem.
871 1915 1008 1982 Quin
1052 1921 1108 1968 et
1147 1926 1268 1966 cum
1315 1910 1517 1965 feroces
1562 1907 1770 1962 illarum
1821 1918 2000 1960 mores

427 2007 796 2078 assumpserit,
820 2005 1060 2076 quamvis
1086 2001 1342 2058 rationale
1367 2010 1422 2056 et
1453 2008 1782 2053 mansuetum
1810 1996 2006 2050 animal

427 2101 515 2159 sit.
536 2098 719 2154 multis
739 2105 914 2151 tamen
938 2094 1241 2151 nominibus
1266 2092 1476 2147 illarum
1500 2099 1714 2159 superat
1738 2087 2004 2142 ferociam.

431 2192 712 2246 Videamus
754 2189 911 2259 igitur
951 2195 1006 2242 et
1041 2186 1160 2241 istic
1198 2183 1323 2255 quid
1362 2181 1634 2237 acciderit.
1677 2179 1730 2234 8.
1773 2178 1840 2231 Et
1881 2177 2009 2232 dixit

428 2282 553 2336 Cain
579 2320 597 2346 ,
628 2282 831 2350 inquit,
860 2278 927 2331 ad
957 2277 1079 2330 Abel
1120 2278 1327 2346 fratrem
1364 2288 1512 2327 suum
1540 2286 1558 2326 .'
1591 2268 1930 2340 Egrediamur
1958 2268 2010 2321 in

438 2387 692 2441 cuiupum.
727 2369 900 2424 Verba
927 2366 1138 2436 quidem
1166 2363 1366 2429 fratris,
1398 2377 1550 2417 mens
1579 2368 1755 2416 autem
1784 2359 2009 2415 homici-

431 2462 535 2518 (ιω.
567 2460 702 2529 Quid
728 2460 877 2525 facis,
908 2474 940 2512 ο
966 2456 1131 2513 Cain?
1162 2454 1333 2510 nescis
1358 2454 1442 2508 cui
1470 2452 1739 2523 loqueris?
1784 2467 1888 2505 non
1916 2468 2005 2507 co-

430 2555 569 2625 gitas
610 2552 699 2607 tibi
732 2567 853 2607 cum
894 2549 1057 2604 fratre
1086 2545 1405 2615 colloquium
1435 2543 1594 2598 esse?
1621 2557 1727 2597 non
1754 2550 1967 2612 reputas
1995 2583 2009 2609 ,

434 2645 620 2702 eodem
651 2658 758 2715 quo
785 2651 839 2698 tu
867 2651 1018 2697 utero
1049 2649 1229 2697 natum
1260 2636 1413 2694 esse?
1439 2651 1542 2692 non
1574 2635 1753 2690 animo
1779 2635 2015 2704 concipis

435 2735 818 2793 abominabiles
863 2730 1125 2788 conatus?
1168 2744 1273 2784 non
1317 2728 1472 2783 times
1503 2725 1735 2797 judieem
1774 2726 1862 2796 qui
1908 2724 2013 2780 falli

437 2827 659 2899 nequit?
690 2841 794 2882 n0u
821 2825 1006 2880 horret
1027 2835 1179 2878 mens
1205 2831 1287 2876 tua
1310 2818 1549 2874 facinus?
1569 2817 1676 2872 Cur
1696 2817 1748 2870 iu
1768 2831 2013 2886 campum

434 2935 593 2975 vocas
624 2918 858 2984 fratrem,
881 2925 935 2972 et
964 2913 1106 2970 foras
1126 2928 1155 2966 a
1175 2911 1412 2982 paternis
1437 2910 1577 2964 ulnis
1601 2906 1856 2962 abducis?
1885 2921 2015 2976 qua-

434 3028 493 3068 re
521 3012 690 3082 ipsum
719 3021 941 3079 paterno
965 3005 1161 3061 auxilio
1187 3000 1468 3058 destituis?
1493 2999 1629 3067 Quid
1655 2999 1774 3053 novi
1802 2998 2011 3065 accidit,

433 3102 576 3174 quod
604 3115 743 3155 nunc
762 3099 975 3153 fratrem
999 3097 1053 3150 in
1072 3107 1316 3162 campum
1341 3090 1525 3157 trabis,
1548 3097 1602 3144 et
1626 3089 1676 3143 id
1703 3088 1842 3159 quod
1869 3088 2015 3158 prius

436 3211 543 3250 non
572 3193 761 3257 fecisti,
790 3203 931 3244 nunc
956 3187 1130 3242 facere
1153 3193 1405 3251 attentas,
1430 3190 1483 3239 et
1503 3181 1748 3237 amicitia:
1773 3181 2014 3237 occasio-

435 3301 505 3341 ne
567 3283 853 3338 fraternam
904 3275 1327 3334 benevolentiam
1378 3270 1716 3343 prmtexendo
1742 3310 1757 3335 ,
1805 3269 2015 3325 hostilia

434 3387 659 3447 qumque
684 3377 989 3441 perpetrare
1018 3363 1321 3421 deliberas?
1345 3363 1473 3430 Qua:
1508 3360 1747 3415 insania?
1782 3375 1900 3429 quae
1927 3376 2015 3414 ra-

438 3463 590 3520 bics?
638 3462 804 3527 Esto,
846 3464 1140 3514 excmcalus
1183 3461 1361 3509 mente
1421 3449 1669 3505 fraternae
1718 3450 2015 3505 affectionis

439 3557 641 3612 nullam
685 3554 942 3609 rationem
970 3549 1200 3613 habeas,
1232 3560 1405 3616 neque
1433 3552 1674 3599 naturam
1714 3558 1969 3614 agnoscas
2000 3562 2011 3597 :

436 3663 532 3703 cur
559 3645 813 3700 adversus
840 3642 988 3697 illum
1018 3639 1083 3694 ad
1111 3638 1308 3694 bellum
1341 3645 1391 3692 te
1417 3635 1655 3700 instruis,
1682 3635 1768 3704 qui
1796 3635 1939 3688 nulla
1966 3645 2017 3689 te

437 3738 628 3809 injuria
657 3735 869 3792 affecit?
915 3731 1040 3805 quid
1070 3732 1193 3786 item
1225 3727 1390 3784 habes
1418 3726 1557 3797 quod
1588 3724 1893 3795 parentibus
1917 3724 2017 3779 ob-

431 3832 585 3902 jicias
604 3872 619 3897 ,
642 3843 777 3899 quos
803 3834 945 3882 tanta
973 3822 1221 3881 maestitia
1242 3820 1477 3891 affligere
1503 3817 1771 3873 deliberas
1794 3858 1809 3883 ,
1836 3824 1894 3871 et
1917 3830 2016 3870 au-

437 3938 554 3983 ctor
579 3940 699 3982 esse
722 3923 974 3981 terribilis
1003 3919 1296 3992 tragmdiae,
1325 3926 1381 3972 ut
1407 3916 1607 3986 primus
1631 3917 1709 3971 eis
1730 3915 2014 3971 violentam

436 4017 574 4073 hanc
618 4024 843 4071 mortem
885 4011 1177 4069 ostendas?
1225 4008 1337 4063 llas
1378 4006 1481 4060 illis
1519 4005 1793 4061 mercedes
1837 4004 2017 4059 reddis

436 4120 543 4165 tua:
570 4105 897 4164 educationis
916 4104 941 4156 τ
970 4103 1100 4171 Quae
1133 4098 1328 4155 diaboli
1352 4111 1440 4152 ars
1468 4097 1519 4151 in
1552 4096 1652 4151 boc
1681 4105 1733 4152 te
1760 4095 2015 4168 ﬂagitium

437 4199 681 4269 impulit?
707 4200 789 4251 An
815 4195 994 4250 dicere
1020 4200 1169 4263 potes
1197 4188 1621 4246 benevolentiam
1651 4188 1862 4242 Domini
1890 4202 2014 4259 erga

437 4290 624 4352 illum,
658 4287 829 4356 ipsum
876 4282 1157 4339 adversum
1204 4288 1258 4335 te
1299 4289 1633 4349 arrogantem
1674 4278 2017 4334 reddidisse?

439 4379 628 4435 Nonne
647 4387 950 4446 prmcavens
969 4372 1038 4427 ob
1059 4371 1193 4427 banc
1212 4368 1597 4439 sanguinariam
1621 4377 1761 4423 tuam
1784 4378 2015 4423 mentem

436 4468 664 4539 subjecit
694 4467 840 4522 illum
868 4465 979 4531 tibi,
1007 4473 1062 4520 et
1094 4472 1196 4519 tua;
1223 4460 1467 4533 potestati
1495 4461 1746 4523 subdidit,
1774 4469 1828 4517 et
1854 4459 2011 4527 dixit,

439 4562 576 4630 Quia
613 4558 681 4612 ad
722 4567 769 4612 te
804 4557 1058 4612 conversio
1082 4556 1219 4609 illius
1241 4594 1257 4620 ,
1286 4562 1335 4608 et
1364 4560 1417 4605 tu
1446 4552 1604 4622 ipsius
1631 4547 1964 4606 dominaberia
1992 4552 2018 4605 ?

439 4654 573 4711 Nam
597 4651 698 4705 hoc
717 4650 782 4706 de
804 4649 979 4704 fratris
1003 4647 1329 4717 subjectioue
1355 4643 1717 4714 accipiendum
1747 4651 1848 4698 est.
1882 4642 2014 4699 Sunt

441 4747 585 4804 enim
610 4745 770 4817 aliqui
797 4743 1054 4808 dicentes,
1081 4739 1149 4795 de
1177 4736 1436 4794 sacrificio
1464 4734 1531 4790 ab
1558 4750 1621 4790 eo
1646 4735 1824 4790 oblato
1850 4735 2015 4791 Deum

440 4840 566 4896 talia
606 4837 804 4893 dixisse
833 4850 847 4887 :
876 4830 956 4885 Ad
989 4839 1036 4884 te
1074 4828 1328 4883 conversio
1352 4867 1368 4893 ,
1399 4825 1616 4895 inquit,
1661 4826 1861 4881 scilicet
1889 4825 2015 4881 doni

435 4933 575 4987 illius
598 4972 612 4992 ,
642 4939 689 4983 et
716 4937 769 4983 tu
794 4926 954 4997 ipsius
984 4918 1318 4977 dominaberis
1347 4915 1440 4971 :id
1467 4925 1547 4972 est
1570 4957 1585 4984 ,
1614 4931 1680 4971 eo
1708 4916 1916 4973 frueris.
1950 4916 2017 4973 Et

435 5023 557 5079 ideo
574 5030 855 5090 utrumque
874 5027 1089 5073 sensum
1104 5010 1233 5078 dixi,
1252 5008 1555 5080 relinquens
1576 5016 1764 5063 vestrm
1786 5008 2016 5079 pruden-

437 5116 524 5170 tia:
546 5153 564 5179 ,
593 5112 645 5167 id
674 5109 816 5181 quod
841 5107 1000 5164 dictis
1028 5105 1195 5176 magis
1219 5116 1510 5173 congruum
1539 5100 1748 5155 videtur
1770 5140 1785 5164 ,
1814 5099 2015 5170 eligen-

437 5205 585 5261 dum.
634 5201 756 5257 Mihi
805 5199 947 5257 enim
988 5196 1198 5253 videtur
1239 5193 1306 5249 de
1352 5192 1511 5248 fratre
1550 5206 1670 5248 esse
1698 5190 1914 5246 dictum.
1949 5190 2017 5245 Et

435 5299 628 5365 factum
667 5302 740 5348 est
768 5333 782 5358 ,
823 5306 939 5345 cum
974 5296 1133 5344 essent
1168 5283 1266 5357 ipsi
1301 5286 1355 5340 in
1389 5300 1597 5354 campo,
1635 5283 1851 5337 surrexit
1892 5280 2017 5336 Cain

435 5394 612 5441 contra
637 5382 759 5437 Abel
786 5385 993 5452 fratrem
1019 5395 1183 5444 surint,
1211 5385 1257 5431 et
1281 5374 1460 5431 occidit
1486 5373 1650 5428 illum.
1680 5371 2013 5426 Ilorrendum

436 5476 661 5540 facinus,
693 5470 972 5546 periculosi
1001 5483 1181 5535 ausus,
1204 5464 1561 5523 abominabile
1587 5478 1748 5533 opus,
1775 5460 2015 5518 irremis-

434 5568 591 5625 aibile
615 5573 889 5638 peccatum
914 5605 928 5629 ,
958 5559 1193 5618 etlerata:
1215 5558 1409 5614 anima:
1438 5556 1789 5627 propositum.
1828 5552 2015 5608 Surre~

426 5660 647 5733 xit,-inq
661 5653 758 5723 “il,
783 5667 958 5712 contra
988 5653 1111 5709 Abel
1136 5654 1344 5725 fratrem
1373 5666 1540 5717 suum,
1573 5665 1618 5703 et
1646 5647 1823 5702 Occidit
1847 5646 2012 5701 illum.

1146 257 1200 310 S.
1242 251 1517 310 JO.\N.\'IS
1555 247 2024 307 ειιῑιῑεοδτωιι
2066 243 2378 302 ARClllEP.
2421 241 2951 301 CONSTANTINOP.

3562 246 3664 304 160

2099 360 2144 415 Ο
2176 360 2577 416 abominabilem
2609 362 2856 415 manum!
2897 376 2931 415 o
2958 361 3228 417 dexteram
3273 364 3623 420 miserabilem
3658 375 3672 425 ε

2099 453 2205 507 imo
2232 468 2338 506 non
2369 467 2580 508 manum
2613 461 2821 519 oportet
2839 467 3033 510 vocare
3054 455 3466 511 abominabilem
3493 468 3547 513 et
3572 460 3662 513 nii-

2098 546 2411 612 scrabilem,
2437 546 2531 601 sed
2560 555 2792 603 mentem
2821 548 2906 604 cui
2932 549 3228 603 membrum
3257 551 3491 605 servivit.
3522 551 3674 606 Dica-

2100 650 2217 690 mus
2244 636 2400 705 igitur
2424 636 2521 699 sic.
2549 652 2584 692 o
2605 637 2856 693 audacem
2882 648 3117 694 mentem
3145 680 3160 704 ,
3188 649 3243 695 et
3264 640 3674 698 abominabilem

2099 737 2154 783 et
2198 727 2596 783 miserabilem!
2643 737 2696 783 et
2732 727 2985 799 quidquid
3024 729 3127 784 dici
3157 739 3331 799 potest
3353 772 3369 793 ,
3398 747 3503 787 non
3547 734 3679 788 satis

2100 820 2324 877 dicetur.
2370 822 2646 890 Quomodo
2681 839 2785 877 non
2828 824 3096 894 obtorpuit
3123 826 3238 895 ejus
3267 830 3491 883 manus?
3540 846 3677 901 quo-

2103 912 2262 968 modo
2292 914 2461 983 potuit
2504 922 2686 968 tenere
2725 913 2956 984 gladium
2984 917 3000 947 ί
3025 958 3041 983 ,
3072 925 3127 972 et
3152 917 3389 988 indigere
3430 921 3680 992 plagam?

2100 1005 2368 1075 quomodo
2414 1019 2518 1060 non
2554 1006 2782 1060 avolavit
2822 1022 2854 1061 a
2897 1022 3122 1077 corpore
3151 1009 3369 1065 anima?
3414 1012 3680 1080 quomodo

2102 1096 2262 1150 valuit
2290 1094 2502 1164 operari
2539 1104 2645 1150 tam
2673 1095 2958 1151 nefandum
2986 1096 3232 1154 facinus?
3278 1102 3545 1170 quomodo
3574 1119 3677 1159 non

2104 1184 2294 1239 inflexa
2323 1194 2426 1249 est,
2455 1196 2509 1240 et
2531 1183 2659 1240 Cain
2692 1200 2796 1241 non
2822 1189 3043 1241 mutavit
3070 1191 3384 1245 sententiam
3408 1190 3432 1243 ?
3461 1208 3681 1262 quomo—

2103 1276 2174 1330 do
2194 1291 2297 1330 non
2318 1276 2566 1345 cogitavit
2587 1277 2868 1330 naturam?
2889 1278 3156 1347 quomodo
3176 1293 3281 1334 non
3302 1281 3676 1349 consideravit,

2104 1377 2384 1436 antequam
2422 1366 2722 1421 adoriretur
2752 1366 2899 1422 nefas
2924 1408 2938 1432 ,
2973 1368 3150 1437 operis
3174 1369 3377 1424 linem?
3417 1373 3682 1442 quomodo

2107 1457 2353 1511 sustinuit
2381 1466 2500 1527 post
2530 1457 2735 1513 facinus
2760 1499 2775 1525 ,
2807 1458 2988 1514 videre
3021 1474 3214 1529 corpus
3239 1462 3412 1517 fratris
3439 1463 3683 1532 spiritum

2107 1547 2338 1604 efflantis
2365 1558 2418 1603 et
2443 1549 2745 1619 palpitantis
2770 1565 2929 1620 super
2959 1552 3198 1606 terram?
3223 1554 3489 1623 quomodo
3515 1557 3685 1624 potuit

2107 1639 2288 1695 videre
2316 1648 2583 1695 mortuum
2624 1650 2679 1696 et
2707 1641 2853 1696 humi
2883 1644 3174 1712 projectum
3197 1684 3213 1712 ,
3242 1653 3295 1699 et
3330 1659 3360 1699 a
3386 1647 3685 1716 spectacqu

2110 1747 2216 1786 non
2246 1732 2421 1787 statim
2449 1732 2740 1789 dissolutus
2765 1734 2884 1789 est?
2907 1734 3040 1789 Nam
3069 1750 3189 1790 cum
3220 1750 3319 1790 nos
3348 1744 3466 1807 post
3491 1747 3568 1792 tot
3592 1752 3685 1792 auo

2110 1840 2298 1879 norum
2331 1840 2609 1880 numerum
2634 1867 2649 1893 ,
2681 1842 2802 1881 cum
2829 1827 3064 1896 quotidie
3098 1829 3388 1883 morientes
3410 1829 3646 1884 videmus
3666 1869 3683 1894 ,

2110 1917 2349 1987 quamvis
2374 1917 2601 1971 naturali
2629 1926 2798 1973 morte
2823 1958 2837 1983 ,
2874 1927 2929 1972 et
2956 1919 3210 1988 sanguine
3233 1919 3363 1974 nihil
3391 1920 3542 1975 nobis
3561 1920 3687 1990 jun-

2110 2017 2246 2073 ctos,
2278 2008 2476 2064 viribus
2503 2007 2870 2075 destituimur,
2901 2019 2956 2065 et
2980 2009 3026 2064 si
3054 2011 3299 2066 inimicus
3324 2013 3430 2077 sit,
3457 2011 3685 2067 inimici.

2114 2100 2304 2155 tiarum
2340 2101 2497 2155 finem
2537 2099 2758 2156 facimus
2791 2120 2805 2154 :
2834 2110 3030 2170 quanto
3068 2104 3235 2173 magis
3265 2103 3404 2159 hunc
3432 2104 3689 2174 disperire

2112 2205 2208 2260 par
2247 2199 2400 2257 erat,
2428 2199 2482 2246 et
2521 2195 2700 2246 statim
2745 2193 2987 2248 emittere
3026 2195 3294 2260 animam,
3335 2210 3455 2250 cum
3491 2196 3692 2250 videret

2115 2277 2330 2334 fratrem
2355 2321 2370 2346 ,
2406 2280 2495 2350 qui
2538 2281 2693 2350 paulo
2730 2291 2885 2336 antea
2916 2282 3230 2352 loquebatur
3255 2324 3270 2347 ,
3302 2283 3488 2339 eadem
3519 2294 3689 2340 matre

2115 2380 2293 2424 natum
2323 2409 2334 2433 .
2363 2371 2551 2427 eodem
2596 2382 2745 2439 patre
2783 2374 3020 2443 genitum
3045 2414 3061 2441 ,
3092 2374 3332 2445 ejusdem
3373 2378 3508 2432 uteri
3539 2387 3691 2447 partu

2114 2461 2338 2529 editum,
2367 2460 2478 2516 Deo
2506 2462 2757 2533 singulari
2787 2463 3154 2520 benevolentia
3179 2475 3450 2536 acceptum
3472 2509 3487 2533 ,
3516 2468 3691 2522 subito

2114 2554 2313 2624 absque
2335 2554 2521 2624 spiritu
2543 2562 2592 2609 et
2615 2555 2922 2624 operatione
2938 2555 3222 2626 jacentem,
3246 2568 3298 2613 et
3315 2574 3475 2629 super
3495 2568 3690 2615 terram

2118 2645 2456 2714 palpitantem
2479 2644 2502 2698 ?

2185 2734 2240 2789 2.
2272 2736 2340 2789 At
2365 2736 2636 2790 videamus
2660 2744 2778 2804 post
2807 2737 3063 2792 nefarium
3090 2737 3217 2793 illud
3246 2737 3467 2804 facinus,
3492 2747 3545 2794 et
3571 2748 3689 2808 post

2116 2824 2374 2896 flagitium
2397 2826 2540 2881 nulla
2570 2827 2723 2881 venia
2743 2827 2959 2897 dignum
2986 2836 3183 2897 quanta
3204 2829 3395 2884 iterum
3419 2829 3693 2899 indulgen-

2119 2917 2190 2970 tia
2235 2927 2534 2987 quantaque
2577 2918 2897 2988 benignitate
2940 2919 3176 2974 omnium
3227 2919 3365 2975 Deus
3408 2920 3590 2975 utitur.
3635 2920 3692 2974 9.

2119 3004 2188 3058 Et
2217 3005 2343 3059 dixit
2371 3005 2510 3060 Deus
2535 3007 2602 3060 ad
2626 3007 2768 3061 Cain.
2800 3006 3028 3077 ldipsum
3060 3009 3141 3063 vel
3168 3009 3339 3063 solum
3366 3020 3576 3079 quanta:
3601 3009 3695 3063 bo-

2118 3096 2298 3151 nitatis
2319 3096 2494 3163 fuerit,
2513 3097 2653 3167 quod
2674 3112 2793 3152 eum
2816 3099 2902 3167 qui
2926 3108 3069 3154 tanta
3091 3099 3323 3154 facinora
3344 3100 3689 3167 commiserit,

2116 3188 2383 3257 colloquio
2430 3188 2716 3257 dignetur?
2760 3188 2893 3243 Nam
2950 3205 3069 3244 cum
3120 3205 3216 3246 nos
3257 3207 3402 3262 sepe
3444 3203 3698 3263 cognatos

2118 3288 2331 3334 nostros
2375 3280 2741 3336 abominemur
2763 3322 2779 3346 ,
2821 3282 2864 3335 si
2905 3282 3114 3352 quando
3143 3284 3430 3341 viderimus
3463 3302 3556 3341 eos
3592 3288 3697 3343 tale

2119 3368 2384 3438 quoddam
2420 3368 2624 3424 facinus
2668 3379 3039 3440 perpetrasse:
3074 3374 3240 3428 multo
3285 3375 3452 3444 magis
3497 3377 3695 3431 bonum

2120 3458 2287 3513 Deum
2335 3458 2515 3514 mirari
2563 3475 2660 3529 par
2701 3470 2780 3515 est
2828 3470 2973 3515 tanta
3018 3472 3250 3519 utentem
3294 3465 3568 3520 tolerantia
3603 3477 3697 3522 :et

2115 3549 2236 3619 jure
2264 3552 2473 3607 meriio.
2506 3552 2741 3608 Medicus
2762 3554 2903 3608 enim
2929 3563 3029 3622 est,
3057 3566 3114 3610 et
3139 3556 3585 3614 clementissimus
3610 3576 3695 3629 pa-

2120 3649 2202 3696 ter
2242 3658 2258 3697 :
2300 3651 2354 3696 et
2395 3643 2536 3697 sicut
2583 3644 2818 3700 medicus
2870 3644 3001 3699 nihil
3045 3661 3148 3700 non
3200 3649 3322 3702 facit
3356 3651 3524 3720 utqui
3549 3653 3697 3721 gravi

2120 3733 2308 3788 morbo
2332 3734 2573 3789 laborant
2598 3777 2614 3803 ,
2642 3736 2710 3791 ad
2747 3737 3026 3795 sanitatem
3072 3740 3391 3797 reducantur
3422 3760 3435 3796 :
3468 3753 3520 3798 et
3560 3744 3697 3799 sicut

2118 3823 2564 3881 clementissimus
2593 3838 2742 3897 pater
2770 3828 2926 3895 ﬁlios,
2956 3831 3042 3899 qui
3072 3831 3395 3888 nobilitatem
3422 3848 3570 3888 suam
3603 3851 3697 3905 per

2120 3914 2382 3985 ignaviam
2411 3916 2641 3971 amisere
2666 3956 2680 3984 ,
2713 3926 2931 3987 paterna
2967 3919 3286 3990 indulgentia
3316 3923 3381 3976 ad
3420 3923 3694 3993 pristinam

2120 4004 2424 4061 felicitatem
2469 4007 2751 4063 restituere
2794 4010 2958 4078 copit.
3005 4010 3236 4067 Proinde
3259 4013 3380 4082 quia
3421 4013 3694 4069 immensa:

2122 4094 2374 4150 bonitatis
2395 4104 2496 4161 est,
2522 4097 2710 4153 iterum
2742 4097 3117 4165 benignitatem
3145 4117 3294 4156 suam
3322 4103 3395 4156 illi
3418 4145 3430 4165 .
3456 4105 3543 4173 qui
3571 4105 3693 4158 talia

2122 4185 2294 4242 fuerat
2319 4202 2499 4252 ausus,
2530 4189 2817 4245 ostendere
2842 4191 2972 4244 vult.
3010 4191 3146 4247 Dicit
3172 4193 3314 4246 enim
3346 4193 3422 4247 illi
3452 4212 3465 4248 :
3498 4194 3593 4249 Ubi
3621 4205 3696 4248 est

2124 4279 2243 4333 Abel
2268 4279 2426 4349 frater
2456 4289 2569 4334 tuus
2587 4281 2612 4333 ?
2636 4280 2793 4335 Multa
2821 4291 2875 4336 et
2904 4282 3160 4338 immensa
3186 4283 3281 4338 Dei
3311 4285 3561 4353 patientia
3588 4296 3691 4342 est.

2120 4369 2235 4425 Non
2261 4372 2401 4424 enim
2430 4371 2719 4442 interrogat
2744 4373 2891 4442 quasi
2919 4372 3143 4443 ignoret,
3178 4375 3269 4429 sed
3297 4376 3521 4445 idipsum
3549 4379 3691 4445 agit,

2120 4459 2260 4530 quod
2289 4468 2344 4515 et
2368 4462 2503 4530 patri
2534 4461 2677 4517 illius
2704 4461 2905 4518 fecerat
2935 4478 2949 4515 :
2981 4464 3110 4517 uibil
3152 4465 3294 4518 enim
3328 4466 3538 4531 obstat,
3566 4467 3693 4535 quin
3738 4452 3787 4479 ”

2121 4554 2261 4609 idem
2291 4552 2464 4608 denuo
2483 4552 2712 4609 dicatur.
2743 4554 2873 4609 Nam
2903 4555 3344 4625 quemadmodum
3369 4556 3539 4622 illum,
3572 4571 3694 4611 cum

2120 4659 2180 4699 se
2226 4658 2338 4714 pra:
2381 4643 2582 4713 pudore
2624 4645 2876 4700 nuditatis
2923 4654 3156 4715 tegeret,
3202 4645 3461 4712 rogabat:
3498 4645 3594 4700 Ubi
3640 4663 3695 4700 es

2121 4734 2274 4804 (Gen.
2305 4736 2357 4791 5.
2386 4736 2486 4805 9)?
2514 4750 2619 4790 non
2643 4737 2912 4806 ignorans.
2941 4738 3032 4792 sed
3061 4737 3264 4792 fiducia:
3288 4739 3594 4793 occasiones
3620 4738 3694 4793 itii

2123 4826 2384 4894 praebens,
2413 4834 2469 4880 ut
2493 4841 2586 4894 per
2609 4826 2997 4881 confessionem
3024 4828 3493 4896 peccati-delictum
3516 4829 3696 4883 ablue-

2120 4926 2203 4972 ret
2238 4916 2422 4985 (hunc
2460 4918 2601 4972 enim
2651 4932 2853 4972 morem
2882 4918 3074 4982 habet,
3105 4928 3164 4973 ut
3204 4920 3273 4974 ab
3311 4919 3463 4975 initio
3487 4936 3515 4973 a
3545 4920 3697 4976 nobis

2122 5017 2455 5077 peccatOt-um
2476 5010 2650 5079 exigat
2669 5008 3079 5073 confessionem,
3103 5019 3158 5065 et
3175 5012 3382 5065 veniam
3402 5009 3653 5083 praebeat)
3674 5050 3693 5077 ,

2122 5099 2193 5152 ita
2216 5106 2271 5152 et
2296 5114 2436 5152 nunc
2464 5107 2609 5169 rogat
2637 5097 2767 5154 Cain
2794 5140 2809 5165 ,
2842 5108 2892 5153 et
2924 5100 3093 5169 inquit
3119 5117 3132 5152 :
3171 5099 3264 5159 Ubi
3295 5110 3366 5155 est
3392 5100 3518 5156 Abel
3541 5105 3696 5170 frater

2123 5190 2283 5243 tuus?
2331 5188 2685 5259 lgnorautiam
2732 5188 2950 5244 simulat
2987 5189 3246 5260 benignus
3277 5191 3526 5245 Dominus
3553 5232 3567 5255 ,
3601 5190 3699 5245 hac

2123 5280 2533 5351 interrogatione
2551 5295 2696 5346 eum,
2723 5280 2814 5350 qui
2838 5281 2959 5335 talia
2984 5283 3344 5346 commiserat,
3372 5294 3698 5350 prmparaus,

2124 5379 2181 5427 ut
2219 5370 2284 5426 ad
2324 5372 2527 5441 peccati
2564 5369 2954 5426 confessionem
2982 5371 3371 5437 adduceretur,
3418 5381 3701 5439 possetque

2121 5464 2330 5519 veniam
2374 5463 2510 5519 forte
2534 5471 2590 5518 et
2624 5462 3043 5519 miscricordiam
3081 5463 3312 5532 assequi.
3356 5459 3454 5517 Ubi
3480 5470 3551 5515 est
3580 5456 3703 5515 Abel

2197 5648 2215 5681 ί
2252 5647 2425 5711 Regius
2444 5656 2586 5707 unus,
2610 5642 2846 5711 quomodo
2864 5644 3008 5706 pauit
3024 5641 3221 5708 adigere
3240 5639 3472 5705 gladium.
