4074 6134
321 323 424 378 15‘.)

322 441 477 511 βάθει
521 437 618 509 τῆς
665 436 902 498 διανοίας
956 435 1247 505 κινούμενα
1300 436 1656 505 ἐπιστάμενος
1705 437 1980 506 παραινεῖ,

322 526 699 596 συμϐουλεύει,
745 522 1162 593 προαναστέλλει
1192 522 1291 591 τῆς
1341 521 1515 591 κακῆς
1569 522 1977 592 ἐπιχειρήσεως·

316 616 381 667 οὑ
409 614 514 683 μὴν
549 613 794 681 ἀνάγκην
831 608 1156 677 ἐπιτίθησιν,
1208 607 1343 660 ἀλλά
1374 608 1440 661 τὰ
1490 608 1749 676 φάρμακα
1783 606 1982 660 κατάλ-

318 699 455 766 ληλα
489 696 714 758 ἐπιθεὶς,
749 694 971 764 ἀφίησιν
999 697 1052 748 ἐν
1084 693 1148 760 τῇ
1172 691 1363 762 γνώμῃ
1396 691 1489 742 τοῦ
1540 689 1836 758 κάμνοντος
1866 691 1980 740 κεῖ-

321 786 444 837 σθαι
487 783 546 836 τὸ
563 782 865 836 πᾶν.Τοῦτο
885 781 1061 833 τοίνυν
1086 781 1180 834 καὶ
1207 781 1297 832 ἐπὶ
1317 778 1410 831 τοῦ
1445 777 1582 830 Κάῖν
1607 776 1700 831 νῦν
1734 776 1979 845 γέγονεν.

321 874 461 943 Ὅρα
493 871 598 940 γάρ
637 870 772 939 μετὰ
799 868 1063 935 τοσαύτην
1096 867 1414 937 κηδεμονίαν
1445 859 1590 936 [162]
1622 866 1700 926 είς
1723 864 1853 933 ὅσην
1879 863 1979 934 ἤδη

321 960 518 1028 μανίαν
541 957 811 1021 ἐξώκειλε.
842 955 967 1007 Δέον
995 953 1102 1024 γὰρ
1133 953 1404 1006 συνειδότα
1435 953 1532 1021 τὴν
1559 952 1829 1020 ἁμαρτίαν
1852 949 1980 1020 περὶ⁸

316 1047 414 1114 τὴν
440 1044 642 1114 ταύτης
671 1041 951 1111 διόρθωσιν
981 1041 1164 1094 λοιπὸν
1192 1039 1571 1110 ἀσχοληθῆναι’
1597 1041 1624 1090 ὁ
1653 1039 1706 1091 δέ
1727 1037 1978 1106 καθάπερ

317 1132 555 1201 μεθύων,
616 1130 691 1199 τῷ
743 1129 900 1182 πάθει
940 1129 1034 1181 καὶ
1060 1128 1136 1198 τῷ
1186 1127 1456 1196 τραύματι
1501 1125 1579 1196 τῷ
1607 1126 1975 1195 προλαϐόντια

313 1225 470 1284 ἕλκος
498 1223 683 1292 ἕτερον
715 1221 997 1273 συνάπτων
1027 1219 1118 1271 καὶ
1138 1218 1236 1288 τὴν
1270 1216 1508 1286 ἰατρείαν
1531 1217 1588 1268 οὑ
1623 1217 1977 1287 προσιέμενος

312 1311 410 1381 τὴν
443 1310 578 1379 μετά
598 1306 863 1377 τοσαύτης
888 1305 1200 1375 ἐπιμελείας
1223 1304 1618 1374 προσαχθεῖσαν
1640 1301 1805 1372 αὑτῷ,
1840 1301 1973 1355 ἀλλὰ

311 1399 401 1451 τὸν
427 1399 624 1450 οἰκεῖον
675 1397 831 1464 φόνον
869 1395 948 1457 εἰς
992 1392 1149 1463 ἔργον
1196 1394 1421 1460 ἀγαγεῖν
1453 1389 1818 1458 ἐπειγόμενος,
1866 1390 1972 1442 ἀπὸ

309 1487 464 1540 δόλου
495 1487 590 1537 καὶ
638 1480 968 1552 πανουργίας
996 1479 1092 1550 τὴν
1124 1479 1296 1548 ἀρχὴν
1328 1482 1578 1539 ποιεῖται,
1623 1478 1713 1540 καὶ
1745 1480 1856 1540 τοῖς
1886 1495 1974 1530 πεο

311 1573 672 1643 πλανημένοις
702 1570 937 1640 ῥήμασιν
966 1568 1149 1637 ἀπατᾷ
1172 1567 1260 1618 τὸν
1289 1566 1532 1633 ἀδελφόν.
1565 1567 1824 1618 Τοσοῦτον
1873 1565 1970 1636 θη-

311 1660 509 1730 ριώδης
555 1659 700 1713 ἐστὶν
737 1656 1019 1726 ἄνθρωπος
1070 1655 1148 1716 είς
1187 1655 1381 1708 κακίαν
1422 1653 1732 1714 ἀποκλίνας.
1765 1653 1970 1722 ’Ὠσπερ

307 1748 418 1817 γάρ
449 1747 589 1817 μέγα
616 1746 709 1798 καὶ
735 1743 912 1814 τίμιον
936 1743 995 1796 τὸ
1023 1743 1235 1810 λογικὸν
1262 1743 1416 1794 τοῦτο
1450 1742 1605 1806 ζῶον,
1630 1741 1721 1794 καί
1739 1741 1970 1810 μάλιστα

307 1835 527 1886 ἐπειδὰν
552 1834 642 1885 ἐπὶ
692 1832 791 1902 τὴν
823 1831 920 1900 τῆς
958 1830 1156 1900 ἀρετῆς
1187 1831 1447 1899 ἐργασίαν
1503 1830 1738 1898 ὁρμήσῃ,
1800 1829 1967 1892 οὕτως

306 1923 435 1974 ὅταν
461 1921 593 1991 πρὸς
619 1920 816 1971 κακίαν
846 1917 1128 1988 ἀποκλίνῃ,
1190 1916 1298 1968 τῶν
1345 1915 1630 1984 ἀνημέρων
1657 1916 1856 1985 θηρίων
1882 1936 1968 1986 μι-

311 2012 489 2079 μεῖται
518 2007 615 2076 τὴν
643 2006 917 2076 ὠμότητα.
989 2003 1145 2057 Ἀλλά
1183 2003 1276 2055 καὶ
1309 2005 1386 2065 εἰς
1423 2003 1518 2072 τὴν
1552 2002 1773 2056 ἐκείνων
1808 2001 1966 2057 πάλιν

310 2089 630 2161 μεταπεσὼν
687 2089 1020 2158 ἀγριότητα,
1073 2087 1133 2139 τὸ
1187 2087 1391 2156 ἥμερον
1425 2085 1582 2138 τοῦτο
1616 2085 1707 2138 καὶ
1753 2085 1964 2152 λογικὸν

307 2179 444 2242 ζῶον
472 2179 533 2229 ἐκ
563 2175 756 2229 πολλοῦ
794 2175 884 2228 τοῦ
909 2174 1186 2245 περιόντος
1212 2175 1339 2244 νικᾷ
1365 2173 1460 2243 τὴν
1494 2172 1714 2226 ἐκείνων
1768 2172 1965 2243 θηριω-

303 2265 441 2319 δίαν,
478 2265 702 2334 Ἰδωμεν
756 2259 846 2316 οῦν
897 2263 988 2315 καὶ
1029 2260 1260 2313 ἐνταῦθα
1311 2261 1364 2312 τί
1403 2260 1629 2328 γίνεται.
1664 2260 1771 2314 Καὶ
1814 2257 1959 2323 εἷπε,

305 2356 455 2425 φησι,
489 2354 635 2406 Κίίτν
663 2353 808 2421 πρὸς
845 2353 1009 2404 Ἅϐελ
1041 2351 1146 2404 τὸν
1183 2350 1448 2418 ἀδελφὸν
1472 2351 1674 2413 αὐτοῦ,
1727 2351 1962 2406 διέλθω-

301 2461 413 2512 μεν
440 2442 514 2510 δὴ
549 2444 631 2506 εἱς
674 2444 734 2494 τύ
769 2441 993 2493 πεδίον.
1023 2440 1104 2492 Τὰ
1149 2440 1244 2509 μὲν
1293 2441 1356 2510 ρή
1369 2457 1510 2508 ματα
1555 2439 1802 2507 ἀδελφοῦ,
1839 2441 1870 2508 ἡ
1907 2439 1962 2491 δὲ

301 2531 494 2601 γνώμη
521 2532 733 2600 φονικὴ.
765 2531 828 2581 Τί
856 2531 1047 2591 ποιεῖς,
1069 2524 1111 2579 ὧ
1138 2528 1274 2580 Κάῖν
1299 2544 1311 2592 ;
1338 2529 1436 2580 οὑκ
1483 2522 1625 2588 οἶδας
1651 2527 1784 2596 πρὸς
1841 2527 1964 2580 τίνα

298 2619 521 2688 διαλέγῃ
546 2637 560 2683 ;
592 2617 690 2670 οὑκ
711 2618 906 2674 ἐννοεῖς
937 2617 1015 2668 ὅτι
1041 2616 1173 2685 πρὸς
1200 2614 1423 2682 ἀδελφόν
1456 2631 1533 2666 σοι
1565 2614 1814 2684 γίνεταιὴ
1845 2615 1961 2668 διά-

298 2707 476 2769 λεξις;
508 2707 567 2758 οὑ
589 2703 774 2775 λογίζῃ
827 2704 908 2756 ὅτι
940 2701 1035 2766 τὰς
1070 2702 1236 2764 αὑτάς
1273 2718 1354 2754 σοι
1395 2699 1582 2753 ἔλυσεν
1613 2700 1805 2764 ὠδῖνας
1834 2718 1848 2766 ;
1899 2702 1958 2754 οὑ

297 2792 595 2862 λαμϐάνεις
625 2793 704 2854 είς
734 2792 939 2844 ἔννοιαν
965 2790 1023 2842 τὸ
1052 2789 1290 2859 μυσαρὸν
1315 2789 1413 2858 τῆς
1444 2791 1865 2859 ἐπιχειρήσεωςς
1898 2791 1956 2841 οὑ

302 2881 438 2950 φοϐῇ
464 2881 549 2932 τὸν
576 2879 1006 2949 ἀπαραλόγιστον
1043 2877 1299 2947 δικαστήν
1326 2893 1339 2939 ;
1394 2877 1452 2927 οὑ
1503 2876 1740 2945 φρίττεις
1766 2877 1862 2946 τὴν
1886 2876 1961 2929 ἐν·

301 2985 443 3020 νοιαν
473 2967 564 3018 τοῦ
593 2966 970 3035 τολμήματο;;
1021 2963 1175 3027 Τίνος
1224 2961 1332 3032 γάρ
1361 2963 1542 3014 ἕνεκεν
1573 2965 1650 3024 εἰς
1691 2963 1750 3014 τὸ
1783 2963 1959 3016 πεδίον

297 3055 474 3118 ἕλκεις
500 3055 588 3106 τὸν
618 3054 864 3122 ἀδελφὸν,
897 3053 989 3105 καὶ
1023 3052 1125 3118 ἔξω
1140 3051 1246 3104 τῶν
1275 3049 1525 3118 ἀγκαλῶν
1543 3049 1647 3102 τῶν
1678 3049 1957 3119 πατρικῶν

295 3142 545 3208 ἐξάγεις;
578 3143 718 3202 τίνος
744 3140 924 3192 ἕνεκεν
952 3138 1154 3210 ἔρημον
1178 3141 1349 3199 ποιεῖς
1374 3137 1466 3206 τῆς
1493 3141 1760 3207 πατρικῆς
1797 3137 1956 3190 αὑτὸν

298 3227 579 3296 βοηθείας;
611 3228 673 3279 Τί
700 3226 759 3278 τὸ
788 3226 954 3292 ξένον,
983 3227 1062 3278 ὅτι
1107 3225 1199 3277 νῦν
1238 3226 1315 3286 είς
1338 3223 1397 3276 τὸ
1448 3225 1626 3276 πεδίον
1663 3224 1838 3286 ἕλκεις
1866 3225 1956 3277 τὸν

294 3315 542 3384 ἀδελφὸν,
595 3315 685 3366 καὶ
713 3315 847 3383 ὅπερ
890 3313 1149 3383 πρότερον
1201 3312 1300 3364 οὑκ
1334 3311 1611 3381 ἐποίησας,
1662 3309 1754 3362 νῦν
1786 3313 1957 3364 ποιεῖν

295 3404 609 3471 ἐπιχειρεῖς,
665 3400 756 3453 καὶ
799 3400 1060 3470 προφάσει
1095 3397 1487 3467 φιλοφροσύνης
1506 3399 1719 3452 εὑνοιαν
1746 3398 1958 3464 ἀδελφι-

296 3492 400 3560 κὴν
430 3489 884 3560 προϐαλλόμενος,
923 3487 992 3540 τὰ
1027 3486 1134 3539 τῶν
1177 3486 1448 3555 πολεμίων
1501 3485 1649 3556 αύτῷ
1694 3486 1954 3539 διαθεῖναι

298 3578 522 3648 βουλεύῃ
545 3577 573 3616 ὶ)
594 3594 607 3641 ;
632 3576 728 3639 Τίς
758 3578 789 3644 ἡ
821 3573 1018 3644 μανία;
1051 3575 1137 3635 τίς
1171 3576 1196 3641 i}
1225 3573 1422 3638 λύσσα;
1451 3574 1649 3634 Ἔστω,
1682 3574 1954 3641 πηρωθεὶς

293 3667 385 3718 τὸν
430 3663 687 3733 λογισμὸν
713 3663 904 3715 οὐδένα
933 3661 1087 3727 λόγον
1131 3663 1257 3729 ποιῇ
1288 3659 1386 3728 τῆς
1436 3659 1725 3727 ἀδελφικῆς
1779 3658 1955 3710 διαθέ-

297 3769 454 3813 σεως,
485 3749 606 3804 οὔτε
633 3750 730 3817 τὴν
758 3749 916 3816 φύσιν
942 3746 1108 3816 αὑτὴν
1153 3744 1530 3812 ἐπιγνώσκειςθ
1576 3744 1710 3797 ἀλλὰ
1741 3746 1793 3796 τί
1820 3745 1953 3814 πρὸς

293 3839 383 3890 τὴν
415 3837 566 3888 οὐδὲν
589 3835 882 3906 ἠδικηκότα
904 3832 1075 3895 οὕτως
1120 3830 1562 3902 ἐξεπολεμώθηςς
1621 3831 1673 3882 τί
1706 3833 1799 3884 καὶ
1843 3835 1953 3895 τοῖς

293 3925 537 3992 γονεῦσιν
569 3924 704 3993 έχων
732 3921 978 3989 ἐγκαλεῖν
1003 3919 1265 3989 τοσαύτην
1287 3919 1469 3980 αὑτοῖς
1494 3919 1795 3988 κατήφειαν
1818 3929 1840 3955 ε
1867 3935 1954 3970 πε-

295 4012 533 4076 ριϐαλεῖν
588 4009 832 4080 βουλεύῃ,
880 4009 971 4060 καὶ¹
1017 4007 1254 4078 ἀρχηγὸς
1306 4004 1552 4072 γενέσθαι
1597 4003 1691 4056 τοῦ
1723 4004 1952 4075 φοϐεροῦ

294 4099 482 4152 τούτου
514 4098 806 4169 δράματος,
845 4095 940 4148 καὶ
1001 4094 1213 4164 πρῶτος
1245 4091 1335 4144 τὸν
1370 4091 1540 4160 βίαιον
1569 4091 1756 4144 τοῦτον
1791 4092 1954 4144 θάνα-

294 4204 382 4238 τον
406 4186 587 4248 αὑτοῖς
616 4183 918 4248 ὑποδεῖξαι;
974 4181 1187 4243 Ταύτας
1209 4179 1388 4239 αὑτοῖς
1419 4178 1663 4241 ἀποδίδος
1684 4179 1780 4241 τὰς
1804 4180 1955 4248 ἀμοι-

293 4274 391 4335 ϐὰς
415 4273 513 4342 τῆς
535 4271 877 4341 ἀνατροφῆςς
908 4270 1042 4322 Ποία
1068 4267 1161 4321 τοῦ
1206 4266 1449 4320 διαϐόλου
1485 4264 1698 4336 μηχανὴ
1722 4268 1800 4328 είς
1831 4265 1955 4318 ταύ-

291 4379 389 4430 την
421 4377 476 4412 σε
507 4361 603 4430 τὴν
630 4359 826 4428 πρᾶξιν
876 4356 1240 4427 παρώρμησε;
1276 4353 1367 4425 Μὴ
1402 4354 1508 4423 γὰρ
1556 4353 1697 4422 ἔχεις
1743 4355 1948 4418 εἰπεῖν,

292 4450 373 4501 ὃτι
398 4450 430 4517 ἡ
458 4447 638 4500 εὔνοια
663 4446 755 4498 τοῦ
789 4443 966 4499 κοινοῦ
990 4445 1204 4498 πάντων
1233 4442 1519 4508 Δεσπότου,
1560 4443 1592 4510 ἡ
1619 4441 1744 4511 περὶ
1767 4441 1947 4503 αὑτὸν,

293 4534 592 4605 ἐπαρθῆναι
618 4531 777 4586 αὑτὸν
800 4532 1020 4603 ἐποίησε
1047 4530 1187 4584 κατά
1223 4528 1347 4595 σοῦ;
1385 4528 1518 4597 Οὑχὶ
1543 4526 1822 4598 προλαϐὼν
1863 4527 1952 4580 διὰ

291 4620 493 4692 ταύτην
540 4638 631 4673 σου
658 4621 754 4690 τὴν
804 4620 1024 4690 φονικὴν
1059 4619 1282 4687 γνώμην
1329 4614 1592 4681 ὑπέταξεν
1644 4616 1822 4678 α’ὑτὸν,
1857 4616 1951 4667 καὶ

293 4709 397 4760 ὑπὸ
416 4710 513 4778 τὴν
533 4709 624 4779 σὴν
645 4707 890 4771 ἐξουσίαν
910 4701 1047 4760 εἶναι
1070 4704 1354 4776 πεποίηκε,
1389 4703 1480 4756 καὶ
1507 4697 1676 4768 εἶπεν,
1693 4702 1772 4754 ὅτι
1795 4703 1949 4769 Πρὸς

291 4795 366 4847 σὲ
399 4796 435 4861 ἠ
475 4794 829 4863 ἀποστροφὴ
861 4793 1072 4858 αὐτοῦ,
1110 4791 1209 4844 καὶ
1243 4792 1322 4844 σὺ
1360 4789 1544 4843 αὑτοῦ
1577 4787 1812 4856 ἂρξεις;
1840 4789 1949 4842 Καὶ

289 4883 398 4952 γὰρ
437 4884 559 4951 περὶ
587 4883 683 4951 τῆς
716 4880 808 4932 τοῦ
836 4880 1061 4948 ἀδελφοῦ
1107 4881 1380 4949 ὑποταγῆς
1405 4877 1558 4930 τοῦτο
1591 4876 1948 4946 ἐκλαμϐάνειν

287 4973 387 5024 δεῖ.
423 4970 542 5024 Εἰσὶ
568 4971 674 5041 γάρ
702 4987 844 5031 τινες
881 4969 1149 5037 λέγοντες,
1202 4968 1283 5019 ὅτι
1336 4965 1586 5039 περὶτῆς
1611 4963 1800 5024 θυσίας
1850 4963 1948 5032 τῆς

291 5059 742 5130 προσενεχθείσης
777 5059 904 5129 παρ’
936 5057 1102 5110 αὑτοῦ
1127 5058 1154 5109 ὁ
1179 5056 1309 5118 Θεὸς
1335 5053 1470 5125 πρὸς
1515 5052 1676 5107 αὑτὸν
1703 5048 1946 5120 διελέχθη

287 5148 354 5199 τὰ
376 5147 621 5209 τοιαῦτα,
652 5146 732 5198 ὅτι
756 5145 912 5212 Πρὸς
940 5145 1034 5206 σὲ,
1098 5144 1248 5212 φησὶ,
1284 5142 1323 5208 ἡ
1355 5139 1702 5208 ἀποστροφὴ
1736 5136 1944 5200 αὐτοῦ,

285 5235 380 5286 τοῦ
404 5233 599 5305 δώρου,
630 5234 728 5286 καί
763 5232 844 5287 σὺ
892 5229 1090 5297 ἄρξεις
1119 5229 1322 5292 αὐτοῦ,
1358 5229 1477 5281 ἀντὶ
1531 5225 1647 5289 τοῦ,
1679 5227 1743 5278 σὺ
1782 5224 1945 5278 αὑτοῦ

285 5321 441 5393 [165]
475 5320 825 5380 ἀπολαύσεις.
863 5315 960 5369 Διά
989 5316 1145 5368 τοῦτο
1170 5311 1261 5366 οῦν
1289 5315 1569 5383 ἀμφότερα
1597 5312 1763 5365 εἰπὼν
1788 5327 1947 5364 κατα-

285 5411 540 5479 λιμπάνω
569 5411 636 5478 τῇ
667 5406 910 5476 ὑμετέρᾳ
946 5403 1174 5463 συνέσει,
1211 5401 1276 5453 ἵν’
1312 5403 1447 5471 ὅπερ
1477 5399 1542 5452 ἂν
1571 5401 1698 5468 ὑμῖν
1727 5397 1946 5451 ἀκολου-

285 5496 508 5566 θότερον
548 5497 711 5562 φανῇ,
768 5490 990 5562 δέξησθε
1038 5489 1127 5541 καὶ
1171 5488 1322 5539 αὑτοὶ
1368 5486 1542 5540 τοῦτο.
1585 5483 1736 5552 Ἐμοὶ
1768 5482 1794 5520 ά
1839 5482 1946 5552 γὰρ

284 5583 432 5635 δοκεῖ
461 5581 588 5650 περὶ
616 5579 710 5631 τοῦ
756 5574 983 5646 ἀδελφοῦ
1027 5572 1275 5645 εἰρῆσθαι
1317 5571 1492 5624 τοῦτο.
1544 5570 1650 5624 Καὶ
1690 5567 1942 5636 ἐγένετο,
1985 5645 1988 5648 γ

349 5760 373 5785 α
398 5757 625 5815 Quinque
649 5765 762 5799 mss.
788 5757 837 5797 et
863 5749 1012 5798 Savil.
1031 5746 1260 5815 προτέρῳ.
1332 5744 1358 5783 b
1381 5744 1604 5815 Quinqpe
1624 5753 1748 5812 _mss.
1775 5746 1827 5786 et
1855 5740 1941 5813 ξει-

291 5819 370 5868 νιι.
396 5804 595 5878 βοὺλείη
642 5818 661 5843 θ
688 5815 809 5878 ἦρε.
836 5825 959 5878 ψιυε
983 5804 1252 5878 ρι-(ξρὶβέὶῐὶ.
1279 5805 1484 5878 τοσαύτῃ
1509 5804 1664 5878 αὐτοῖς
1691 5804 1937 5872 κατηφείᾳ.

287 5865 544 5933 (Divisa,
572 5876 686 5937 ὅπερ
709 5865 893 5933 ἆννὺμῖν
925 5870 1244 5937 καταλλήλομς
1273 5865 1693 5937 ξοῖςὶείρημνοις.
1715 5865 1937 5937 φανεῖται·

422 5925 560 5987 τοῦτο
578 5925 806 5986 καὶάὑτοὶ
820 5925 878 5980 ’τὸ
897 5930 1106 5980 τοιοῦτον
1133 5929 1336 5983 δέξασθε.
1353 5925 1501 5987 Ἐμοί.
1518 5925 1595 5975 Sic
1611 5925 1804 5986 quidam
1826 5936 1937 5970 mss.

1532 319 1596 374 IN
1635 320 1784 374 CAP.
1819 319 1882 373 IV
1919 317 2162 375 GENES.
2195 319 2426 377 HOMiL.
2469 325 2608 378 XIX.

3642 338 3759 394 160*

2089 452 2160 504 φη
2171 437 2271 497 εῖν,
2303 438 2372 490 ἐν
2402 439 2481 503 τῷ
2508 436 2655 493 εἶναι
2683 441 2903 506 αὐτοὺς
2924 442 2994 496 ἐν
3015 442 3091 508 τῷ
3116 443 3298 512 πεδίῳ
3317 488 3330 510 ,
3355 445 3576 516 ἀνέστη
3595 449 3740 506 Κάῒν

2087 525 2180 577 ἐπὶ
2216 526 2383 578 Ἅϐελ
2410 529 2513 580 τὸν
2544 527 2806 597 ἀδελφὸν
2825 529 3031 593 αὑτοῦ,
3056 533 3150 586 καὶ
3169 533 3516 589 ἀπέκτεινεν
3533 539 3735 593 αὐτόν.

2082 611 2350 683 Φοϐεράή
2387 615 2602 684 πρᾶξις,
2657 617 2990 671 ἐπικίνδυνον
3029 620 3088 672 τὸ
3139 622 3410 693 τόλμημα,
3461 626 3678 697 μυσαρά
3704 631 3738 695 ὴ

2082 699 2442 784 ἐπιχείρησις,
2481 702 2859 770 ἀσύγγνωστον
2888 705 2946 758 τὸ
2983 707 3302 778 ἁμάρτημα,
3335 710 3739 784 τεθηριωμένης

2080 781 2254 854 ψυχῆς
2271 787 2302 854 ἡ
2321 785 2531 856 γνώμη.
2549 787 2811 855 Ἀνέστη,
2833 791 3014 859 φησὶν,
3034 791 3131 843 ἐπὶ
3160 794 3328 846 Ἅϐελ
3346 795 3452 848 τὸν
3471 781 3739 866 ἀδελφόν

2081 872 2287 937 αὑτοῦ,
2311 875 2406 926 καὶ
2431 874 2782 929 ἀπέκτεινεν
2809 879 3014 930 αὐτόν.
3043 881 3105 930 Ὢ
3138 883 3335 950 μιαρᾶς
3357 885 3556 953 χειρός·
3583 884 3628 937 ὣ
3648 886 3734 938 δε-

2081 955 2198 1022 ξιᾶς
2219 958 2478 1029 ἐλεεινῆςο
2534 961 2730 1031 μᾶλλον
2763 963 2818 1016 δέ
2847 965 2905 1016 οὑ
2929 963 3027 1032 τὴν
3087 967 3241 1034 χεῖρα
3273 966 3510 1038 ἐλεεινὴν
3539 969 3618 1022 δεῖ
3645 987 3737 1023 καρ

2078 1045 2189 1097 λεῖν
2215 1048 2306 1100 καὶ
2337 1048 2557 1118 μιαρὰν,
2590 1049 2721 1103 ἀλλὰ
2743 1051 2839 1120 τὴν
2859 1052 3101 1122 γνώμην,
3182 1053 3274 1105 καὶ
3298 1053 3355 1106 τὸ
3384 1055 3541 1124 μέλος
3569 1057 3738 1128 ὑπηρο

2078 1134 2325 1200 ετήσατο.
2372 1135 2628 1205 Εἰ’πωμεν
2671 1138 2847 1188 τοίνυν
2889 1137 3079 1200 οὕτως·
3112 1138 3157 1190 ὣ
3186 1138 3404 1210 γνώμης
3437 1141 3731 1212 τολμηρᾶς,

2078 1219 2171 1271 καὶ
2209 1223 2431 1290 μιαρᾶς,
2465 1222 2557 1277 καὶ
2585 1223 2840 1294 ἐλεεινῆς,
2877 1224 2970 1277 καὶ
2999 1227 3133 1295 ὅπερ
3170 1227 3236 1280 ἂν
3265 1228 3406 1280 εἴποι
3435 1245 3542 1292 τις,
3585 1229 3734 1284 οὑδέν

2075 1304 2222 1371 ἄξιον
2245 1308 2374 1377 ἐρεῖ.
2396 1308 2519 1371 Πῶς
2550 1309 2648 1361 οὑκ
2673 1311 2969 1382 ἐνάρκησεν
2992 1313 3154 1365 αὑτοῦ
3189 1315 3222 1384 ή
3249 1315 3400 1385 χείρ;
3457 1316 3572 1380 πῶς
3608 1317 3734 1387 ἠδυ-

2075 1390 2210 1462 νήθη
2241 1397 2530 1463 κατασχεῖν
2565 1407 2588 1434 θ
2619 1395 2678 1448 τὸ
2706 1396 2874 1463 ξίφος,
2908 1399 3000 1452 καὶ
3028 1399 3124 1470 τὴν
3163 1400 3374 1472 πληγὴν
3403 1404 3730 1473 ἐπαγαγεῖν;

2075 1479 2191 1543 πῶς
2210 1481 2309 1534 οὑκ
2335 1481 2550 1552 ἀπέπτη
2575 1483 2667 1536 τοῦ
2702 1482 2957 1554 σώματος
2993 1487 3026 1555 ἡ
3058 1487 3236 1557 ψυχή;
3262 1489 3377 1551 πῶς
3412 1489 3629 1560 ἴσχυσεν
3653 1495 3731 1557 είς

2072 1566 2230 1636 ἔργον
2250 1569 2474 1637 ἀγαγεῖν
2495 1569 2554 1622 τὸ
2601 1571 2812 1626 ἀνόσιον
2827 1570 2983 1624 τοῦτο
3019 1573 3188 1644 τόλμῃ
3199 1591 3303 1644 μα;
3335 1576 3450 1639 πῶς
3475 1578 3573 1629 οὑκ
3603 1579 3730 1631 ἐπε-

2073 1655 2317 1726 κάμφθη,
2352 1658 2445 1709 καὶ
2487 1657 2747 1726 μετέϐαλε
2803 1657 2900 1728 τὴν
2953 1662 3214 1731 γνώμην;
3272 1662 3388 1726 πῶς
3419 1665 3518 1717 οὑκ
3541 1665 3730 1720 ἐλαϐεν

2071 1741 2276 1794 ἔννοιαν
2301 1743 2398 1811 τῆς
2421 1742 2662 1810 φύσεως;
2696 1744 2812 1806 πῶς
2831 1745 2929 1797 οὑκ
2952 1745 3231 1813 ἐλογίσατο
3269 1748 3370 1818 πρὸ
3401 1750 3500 1818 τῆς
3527 1752 3729 1821 ἐπιχει-

2073 1830 2279 1898 ρήσεως
2300 1831 2358 1882 τὸ
2400 1829 2549 1892 τέλος
2569 1829 2661 1882 τοῦ
2696 1831 3019 1900 γινομένους
3070 1833 3185 1896 πῶς
3225 1834 3421 1905 ῆνεγκε
3455 1837 3590 1906 μετά
3631 1838 3728 1910 τὴν

2069 1916 2344 1987 ἀναίρεσιν
2385 1915 2510 1969 ίδεῖν
2553 1917 2613 1968 τὸ
2639 1917 2798 1986 σῶμα
2827 1919 2922 1970 106
2954 1918 3179 1988 ἀδελφοῦ
3225 1923 3454 1992 σπαῖρον
3497 1923 3590 1976 ἐπὶ
3631 1925 3728 1994 τῆς

2069 2004 2198 2074 γῆς;
2241 2002 2353 2066 πῶς
2385 2002 2568 2072 ἴσχυσε
2598 2003 2896 2058 θεάσασθαι
2940 2006 3096 2076 σῶμα
3139 2011 3330 2078 νεκρὸν
3371 2009 3462 2062 ἐπὶ
3481 2010 3726 2080 τῆς,γῆς

2068 2092 2417 2161 ἐρριμμένον,
2448 2093 2541 2144 καὶ
2576 2093 2634 2144 οὑ
2663 2091 2874 2163 διελύθη
2921 2093 3080 2156 εὐθὺς
3138 2095 3242 2146 ἀπὸ
3289 2095 3386 2166 τῆς
3437 2095 3595 2161 θέας;
3661 2097 3724 2151 EE

2068 2179 2174 2249 γὰρ
2223 2181 2382 2249 ἡμεῖς
2431 2179 2569 2249 μετά
2600 2179 2864 2234 τοσούτων
2902 2179 3035 2233 ἐτῶν
3066 2181 3315 2252 ἀριθμὸν,
3342 2183 3460 2236 καθ’
3489 2185 3722 2255 ἐκάστην

2068 2266 2280 2336 ἡμέραν
2306 2267 2539 2338 ὁρῶντες
2583 2269 2705 2331 τοὺς
2754 2268 3134 2333 τελευτῶντας,
3187 2271 3278 2323 καὶ
3329 2270 3500 2325 ταῦτα
3551 2273 3724 2343 οἰκείᾳ

2063 2353 2286 2423 τελευτῇ
2323 2354 2422 2424 τῆς
2455 2352 2598 2424 ζωῆς
2640 2353 3092 2425 μεθισταμένους,
3147 2359 3239 2410 καὶ
3271 2359 3560 2428 οὐδαμόθεν
3593 2362 3722 2431 ἡμῖν

2065 2440 2456 2510 προσήκοντας,
2487 2440 2903 2510 κατακλώμεθα⁸
2939 2441 3041 2494 κᾶν
3068 2442 3256 2512 ἐχθρὸς
3288 2439 3343 2516 ᾖ,
3382 2445 3722 2516 καταλύομεν

2062 2528 2161 2596 τὴν
2188 2528 2405 2600 ἕχθραψ
2444 2528 2620 2598 πολλῷ
2673 2529 2736 2598 δὴ
2762 2529 2958 2598 μᾶλλον
2989 2529 3174 2584 τοῦτον
3213 2532 3355 2596 εἰκὸς
3383 2529 3449 2604 ἦν
3475 2534 3722 2607 διαλυθῆ-

2062 2632 2170 2679 ναι,
2225 2617 2318 2669 καὶ
2365 2615 2556 2686 ἀθρόον
2595 2617 2808 2683 ἀφεῖναι
2855 2617 2952 2688 τὴν
3009 2617 3204 2688 ψυχὴν,
3253 2619 3463 2690 ὁρῶντα
3493 2621 3580 2674 τὸν
3617 2622 3722 2693 πρὸ

2066 2701 2259 2772 μικροῦ
2290 2701 2685 2772 διαλεγόμενον,
2734 2702 2958 2771 ἀδελφὸν
2986 2703 3074 2755 τὸν
3100 2704 3449 2777 ὁμομήτριον,
3471 2707 3562 2760 τὸν
3589 2709 3719 2777 ὁμο-

2063 2788 2306 2858 πάτριον,
2336 2788 2426 2840 τὸν
2448 2789 2545 2850 τὰς
2575 2789 2743 2854 αὑτάς
2791 2789 2937 2858 αὑτῷ
2973 2789 3210 2844 λύσαντα
3240 2793 3450 2857 ὠδῖνας,
3488 2794 3578 2848 τὸν
3622 2795 3720 2866 τὴν

2062 2868 2212 2936 παρά
2245 2868 2376 2920 Θεοῦ
2406 2867 2616 2921 εὑνοιαν
2639 2869 3097 2938 ἐπισπασάμενον,
3129 2868 3381 2941 ἐξαίφνης
3407 2875 3607 2927 ἄπνουν
3627 2875 3719 2928 καὶ

2061 2955 2416 3026 ἀνενέργητον
2445 2955 2712 3025 κείμενον,
2755 2957 2846 3010 καὶ
2879 2956 2971 3009 ἐπὶ
2997 2957 3094 3026 τῆς
3124 2957 3228 3026 γῆς
3258 2959 3572 3028 σπαίροντα.

2133 3061 2198 3129 β’.
2249 3058 2383 3110 Ἀλλ’
2411 3058 2607 3129 ἴδωμεν
2643 3059 2804 3111 πάλιν
2834 3061 2926 3112 καὶ
2960 3060 3096 3129 μετά
3119 3061 3217 3130 τὴν
3265 3062 3485 3116 ἀνοσίαν
3508 3063 3716 3134 ταύτην

2062 3146 2280 3216 πρᾶξιν,
2295 3147 2385 3198 καὶ
2415 3146 2551 3215 μετά
2574 3147 2631 3198 τὸ
2647 3147 2912 3216 τολμῆσαι
2933 3147 3087 3199 τοῦτο
3103 3148 3162 3200 τὸ
3195 3148 3373 3219 πάσης
3390 3150 3718 3222 συγγνώμης,

2057 3233 2514 3304 ἀπεστερημένον,
2556 3233 2696 3306 πόσῃ
2724 3235 2984 3304 κέχρηνται
3033 3235 3436 3299 συγκαταϐἀσει
3465 3238 3557 3290 καὶ
3589 3239 3712 3307 φιλο

2059 3320 2339 3390 ανθρωπίᾳ
2363 3323 2390 3372 ὁ
2421 3321 2527 3372 τῶν
2563 3322 2813 3374 ἁπάντων
2833 3321 2982 3384 Θεός.
3019 3321 3128 3375 Καὶ
3159 3318 3327 3375 εἶπεν
3355 3326 3386 3376 ό
3406 3324 3547 3390 Θεὸς
3567 3325 3716 3392 πρὸς

2057 3407 2220 3461 Κάϊν.
2249 3408 2389 3459 Λύτὸ
2413 3407 2570 3460 τοῦτο
2596 3407 2752 3478 μόνον
2776 3407 2946 3478 πόσης
2973 3409 3118 3462 ἐστὶν
3146 3409 3478 3480 ἀγαθότητος
3498 3451 3511 3475 ,
3537 3411 3626 3464 τὸν
3649 3412 3715 3466 τὰ

2057 3495 2276 3548 τοιαῦτα
2298 3495 2669 3566 ἐργασάμενον
2692 3495 3032 3564 ἀποκρίσεως
3053 3494 3281 3558 ἀξιῶσαι
3301 3512 3316 3558 ;
3347 3497 3408 3548 Εἰ
3429 3495 3536 3566 γὰρ
3557 3498 3715 3568 ἡμεῖς

2060 3582 2316 3644 πολλάκις
2357 3583 2481 3644 τοὺς
2505 3582 2782 3650 ὁμογενεῖς
2814 3581 3230 3652 βδελυττόμεθα,
3262 3583 3479 3636 ἐπειδὰν
3517 3583 3717 3654 ἴδωμεν

2058 3669 2294 3722 τοιοῦτόν
2319 3685 2370 3720 τι
2399 3668 2653 3737 τόλμημα
2683 3669 3124 3738 ἐργασαμένους·
3163 3669 3340 3738 πολλῷ
3374 3670 3572 3739 μᾶλλον
3621 3670 3713 3724 τὸν

2057 3755 2258 3824 ἀγαθὸν
2287 3755 2416 3808 Θεὸν
2447 3753 2840 3824 ἐκπλήττεσθαι
2883 3754 2962 3806 δεῖ
2986 3753 3219 3825 τοσαύτῃ
3275 3758 3341 3826 τῇ
3396 3757 3713 3827 ἀνεξικακίᾳ.

2055 3843 2410 3913 κεχρημένον,
2442 3842 2534 3894 καὶ
2585 3841 2728 3910 μάλα
2763 3841 3004 3904 εἰκότως.
3054 3841 3258 3912 Ἰατρὸς
3300 3841 3407 3912 γάρ
3449 3843 3584 3904 ἐστι,
3619 3845 3712 3898 καὶ

2056 3929 2239 3999 πατὴρ
2272 3927 2619 4000 φιλόστοργος
2641 3944 2654 3956 ·
2697 3925 2789 3980 καὶ
2813 3927 2888 3991 ὡς
2917 3927 3014 3997 μὲν
3041 3927 3222 3998 ἰατρὸς
3244 3928 3422 3982 πάντα
3450 3933 3594 3981 ποιεῖ
3620 3931 3711 3983 καὶ

2057 4017 2520 4086 πραγματεύεται,
2539 4015 2678 4068 ὥστε
2707 4015 2832 4078 τοὺς
2860 4015 2918 4067 ἐν
2942 4013 3202 4084 χαλεπαῖς
3224 4016 3553 4087 ἀρρωστίαις
3578 4033 3710 4084 τυγ-

2055 4105 2312 4174 χάνοντας
2341 4103 2473 4175 πρὸς
2502 4102 2708 4171 ὑγίειαν
2738 4103 3103 4170 ἐπαναγαγεῖν
3123 4117 3136 4132 '
3171 4101 3246 4164 ὡς
3270 4101 3326 4154 δὲ
3359 4104 3541 4174 πατὴρ
3572 4103 3709 4171 φιλὸ·

2057 4206 2280 4260 στοργος
2299 4191 2420 4252 τοὺς
2440 4189 2536 4259 τὴν
2567 4189 2769 4244 οίκείαν
2794 4189 3071 4256 εὐγένειαν
3105 4187 3190 4241 διὰ
3217 4187 3486 4259 ρᾳθυμίαν
3519 4189 3712 4260 προδε-

2053 4277 2290 4338 δωκότας
2309 4275 2554 4346 βούλεται
2577 4275 2664 4328 διὰ
2685 4275 2784 4344 τῆς
2814 4274 3083 4344 πατρικῆς
3107 4274 3485 4345 φιλοστοργίας
3503 4276 3583 4336 είς
3611 4276 3709 4345 τὴν

2056 4365 2321 4435 προτέραν
2346 4365 2568 4431 ἀγαγεῖν
2593 4363 2911 4432 εὐημερίαν.
2943 4362 3096 4414 Ἐπεὶ
3120 4357 3212 4414 οὖν
3242 4362 3372 4416 πολὺ
3395 4363 3493 4431 τῆς
3513 4363 3710 4432 ἀγαθό·

2052 4452 2208 4520 τητός
2231 4452 2375 4502 ἐστιν
2401 4449 2564 4502 αὑτοῦ
2590 4449 2650 4503 τὸ
2675 4448 2923 4518 μέγεθος,
2961 4448 3206 4518 βούλεται
3235 4449 3328 4502 καὶ
3355 4449 3489 4520 πρὸς
3521 4449 3610 4502 τὸν
3639 4449 3709 4502 τὰ

2050 4537 2274 4591 τοιαῦτα
2299 4535 2666 4605 τετολμηκότα
2699 4534 2898 4605 πολλὴν
2933 4537 3030 4605 τὴν
3069 4535 3262 4587 ἐαυτοῦ
3299 4535 3706 4607 φιλανθρωπίαν

2051 4625 2436 4689 ἐπιδείξασθαι.
2471 4624 2607 4693 Φησὶ
2636 4623 2744 4694 γὰρ
2773 4623 2906 4694 πρὸς
2950 4623 3141 4677 αὐτόν’
3176 4622 3328 4696 [164]
3373 4625 3496 4678 Ποῦ
3535 4625 3707 4679 ἔστιν

2056 4714 2224 4766 Ἅϐελ
2247 4715 2279 4765 ὀ
2305 4711 2563 4779 ἀδελφός
2584 4726 2736 4774 σου;
2764 4710 2936 4779 Πολλὴ
2968 4712 3060 4765 καὶ
3091 4712 3314 4782 ἄπειρος
3335 4714 3367 4781 ὴ
3390 4712 3707 4776 ἀνεξικακία

2049 4800 2141 4854 τοῦ
2174 4799 2328 4852 Θεοῦ.
2365 4801 2438 4853 Οὑ
2460 4798 2566 4869 γὰρ
2595 4798 2778 4869 ἐπειδὴ
2813 4799 2997 4868 ἠγνόει
3021 4799 3206 4869 ἠρώτα
3229 4837 3241 4860 ,
3285 4797 3398 4850 ἀλλ’
3433 4799 3568 4866 ὅπερ
3613 4797 3708 4850 ἐπὶ⁸

2049 4887 2140 4940 τοῦ
2169 4893 2371 4956 πατρὸς
2395 4887 2556 4940 αὑτοῦ
2581 4886 2898 4956 πεποίηκεν·
2927 4887 3076 4938 οὐδὲν
3100 4886 3206 4954 γὰρ
3232 4883 3428 4936 κωλύει
3459 4883 3617 4935 πάλιν
3645 4883 3707 4936 τὸ

2049 4975 2179 5028 αὑτὸ
2204 4975 2393 5027 εἰπεῖν.
2424 4974 2687 5044 Καθάπερ
2712 4971 2820 5040 γὰρ
2845 4973 3048 5023 ἐκεῖνον
3075 4969 3214 5039 ὁρῶν
3260 4969 3346 5022 διὰ
3387 4969 3482 5039 τὴν
3515 4968 3705 5039 αἰσχύ-

2049 5082 2144 5136 νην
2175 5063 2274 5133 τῆς
2308 5062 2641 5130 γυμνότητος
2696 5059 3068 5130 κρυπτόμενον
3103 5055 3308 5126 ἠρώτα,
3343 5057 3463 5109 Ποῦ
3485 5053 3576 5120 εἷ;
3607 5057 3706 5111 οὑκ

2049 5152 2277 5219 ἀγνοῶν,
2310 5150 2444 5202 ἀλλά
2476 5147 2784 5217 παρρησίας
2843 5145 2990 5214 αὑτῷ
3040 5144 3292 5214 ἀφορμὰς
3341 5143 3535 5209 διδοὺς,
3565 5144 3704 5199 ὥστε

2046 5239 2134 5291 διὰ
2158 5238 2256 5305 τῆς
2279 5235 2563 5305 ὁμολογίας
2583 5233 2672 5286 τοῦ
2695 5233 3028 5302 πταίσματος
3056 5231 3420 5294 ἀπονίψασθαι
3449 5232 3510 5285 τὸ
3533 5233 3708 5303 πλημ-

2052 5324 2266 5394 μέλημα
2294 5320 2478 5389 (τοῦτο
2528 5319 2635 5390 γὰρ
2691 5317 2809 5378 ἐθος
2865 5316 3034 5385 αὑτῷ,
3069 5316 3272 5370 ἄνωθεν
3312 5317 3402 5370 καὶ
3436 5317 3496 5382 ἐξ
3533 5321 3706 5389 ἀρχῆς

2048 5409 2144 5479 τὴν
2171 5406 2461 5477 ὁμολογίαν
2496 5407 2744 5459 ἀπαιτεῖν
2787 5403 2915 5475 παρ’
2949 5403 3103 5473 ⁹ἡμῶν
3135 5401 3241 5454 τῶν
3282 5403 3745 5473 ήμαρτημένιυν,,

2049 5495 2142 5550 καὶ
2178 5493 2522 5563 συγχώρησιν
2577 5491 2904 5561 παρέχειν)·
2947 5491 3128 5561 ἐρωτᾷ
3157 5491 3248 5543 καὶ
3280 5488 3374 5544 νῦν
3404 5489 3493 5542 τὸν
3543 5489 3702 5549 Κάῖν,

2046 5583 2138 5635 καί
2171 5599 2302 5650 φησι
2325 5620 2336 5639 ,
2364 5579 2488 5632 Ποῦ
2521 5577 2692 5630 ἔστιν
2723 5579 2942 5631 Ἀϐελό
2970 5577 3231 5645 ἀδελφός
3263 5592 3415 5636 σου;
3453 5575 3706 5640 ’Δγνοιαν

1999 5649 2020 5669 ⁸
2051 5670 2421 5741 προσποιεῖται
2455 5669 2482 5718 ὁ
2511 5664 2888 5733 φιλάνθρωπος
2908 5663 3206 5732 Δεσπότης,
3235 5663 3321 5714 ἵνα
3341 5661 3426 5712 διὰ
3455 5660 3550 5726 τῆς
3573 5661 3706 5728 ἐρω-

2049 5759 2258 5826 τήσεως
2278 5752 2670 5824 παρασκευάσῃ
2699 5751 2788 5804 τὸν
2816 5751 2881 5804 τὰ
2912 5750 3137 5803 τοιαῦτα
3166 5744 3517 5816 εἰργασμένον
3553 5744 3702 5795 ἐπει-

2115 5931 2137 5957 ε
2162 5915 2343 5975 Regius
2366 5925 2490 5961 unus
2529 5909 2829 5971 καταγαγεῖν.
