4074 6134
514 288 609 343 ibi
1563 279 1628 334 1N
1667 279 1818 336 CAP.
1861 277 1948 332 IV.
1993 277 2235 339 GENES.
2272 275 2503 334 llOMlL.
2546 278 2685 334 XIX.

510 404 662 470 frater
678 409 791 453 tuus
805 399 829 451 ?
845 385 978 463 Quid
998 395 1154 466 igitur
1164 394 1231 448 ad
1250 394 1359 447 hrcc
1374 393 1626 463 ingratus,
1643 391 1902 462 stupidus,
1924 399 2095 446 teme-~

512 492 681 546 rarius
701 497 753 544 et
777 487 1090 558 impudens?
1116 487 1245 542 Cum
1269 483 1606 556 cogitandum
1629 492 1771 537 esset
1797 483 1962 538 Deum
1987 497 2092 536 non

511 585 749 650 ignarum
802 580 876 634 rei
926 581 1253 648 interrogare
1277 616 1292 641 ,
1331 575 1423 631 sed
1451 576 1516 631 ab
1549 576 1664 644 ipso
1701 573 2092 629 confessionem

509 673 746 727 criminis
777 671 1009 740 exigere,
1036 679 1089 723 et
1117 683 1215 722 nos
1241 667 1455 730 docere,
1487 680 1773 735 numquam
1799 679 1956 719 causa
1988 679 2093 718 non

510 764 808 818 examinata
849 761 1166 815 sententiam
1199 767 1379 813 contra
1423 758 1609 811 fratres
1636 767 1846 810 nostros
1871 770 1988 811 esse
2014 755 2092 810 fe-

510 855 727 911 rendam
755 897 768 917 ,
797 864 851 908 et
891 855 942 908 in
974 862 1203 908 mentem
1244 865 1494 905 revocare
1533 849 1810 904 consilium
1841 848 2046 901 Domini
2076 889 2089 911 ,

508 948 595 1016 qui
630 947 771 1001 hunc
801 946 940 999 illius
965 953 1211 998 conatuum
1239 942 1552 1010 reprimens,
1583 948 1636 994 et
1664 939 1908 994 conscius
1933 937 2089 990 etiam

507 1047 790 1105 antequam
835 1052 921 1091 res
955 1035 1226 1099 eveniret,
1257 1033 1380 1102 quid
1412 1032 1500 1086 ille
1540 1029 1758 1084 haberet
1787 1029 1838 1081 in
1869 1028 2047 1081 animo
2073 1067 2088 1092 ,

511 1129 760 1183 remediis
789 1127 852 1180 ad
881 1125 1310 1194 praeveniendum
1340 1139 1464 1178 usus
1487 1130 1569 1176 est
1591 1139 1603 1174 :
1625 1137 1744 1175 cum
1771 1121 2092 1190 Oportuissct

511 1223 591 1275 his
632 1222 879 1275 clunibus
919 1219 1162 1288 cogitatis
1189 1261 1202 1284 ,
1234 1219 1388 1272 linem
1423 1215 1595 1270 facere
1627 1215 1844 1269 insaniae
1867 1256 1880 1278 ,
1913 1214 2090 1268 dicere

508 1313 632 1381 quid
663 1311 876 1374 factum,
908 1308 1191 1363 ostendere
1221 1307 1426 1362 medico
1457 1307 1605 1360 ulcus
1627 1347 1641 1370 ,
1675 1314 1729 1361 et
1753 1305 1995 1374 accipere
2023 1304 2090 1358 ab

510 1405 600 1456 illo
627 1401 909 1472 pharmaca
937 1419 948 1453 :
971 1400 1061 1453 ille
1089 1399 1280 1452 iterum
1307 1407 1462 1466 anget
1489 1397 1692 1459 vulnus,
1719 1403 1772 1449 et
1797 1395 1946 1450 ulcus
1972 1410 2093 1464 gra-

509 1494 623 1547 vius
668 1491 856 1546 reddit.
908 1489 973 1543 Et
1000 1488 1125 1542 dixit
1149 1529 1165 1554 ,
1197 1489 1402 1558 inquit,
1439 1486 1646 1541 Nescio.
1682 1486 1813 1541 Vide
1849 1487 2088 1555 responsi

509 1582 906 1651 impudentiam.
935 1579 1070 1633 Num
1099 1578 1300 1634 homini
1332 1578 1584 1648 loqueris,
1609 1593 1765 1647 quem
1794 1576 1927 1632 forte
1948 1576 2090 1631 deci-

510 1689 634 1742 pere
661 1671 882 1742 posses?
907 1671 1109 1736 Nescis,
1139 1670 1316 1724 infelix
1340 1679 1393 1724 ct
1418 1670 1601 1734 miser,
1629 1670 1747 1738 quis
1772 1677 1852 1724 est
1878 1668 1965 1738 qui
1994 1667 2088 1722 tibi

507 1763 776 1832 loquitur?
815 1777 917 1816 non
960 1762 1160 1830 cogitas
1185 1802 1199 1827 ,
1230 1761 1400 1830 ipsum
1428 1760 1497 1814 ob
1526 1760 1812 1814 bonitatem
1843 1773 2086 1828 magnam

508 1854 854 1922 interrogare,
897 1852 1228 1906 occasionem
1268 1849 1550 1920 quamdam
1593 1849 1831 1904 invenire
1866 1849 2087 1918 cupien-

509 1954 634 2010 tem,
665 1959 757 2012 per
784 1958 941 2013 quam
963 1957 1114 1997 suam
1145 1942 1237 1996 tibi
1263 1942 1499 1996 declaret
1527 1940 1928 2007 humanitatem,
1954 1951 2006 1996 et
2032 1948 2088 1996 ut

510 2043 688 2103 postea
713 2035 927 2089 tentatis
949 2049 978 2088 a
1000 2049 1056 2088 se
1079 2033 1348 2097 omnibus,
1378 2033 1573 2087 nullam
1597 2032 1794 2086 habeas
1814 2032 2053 2088 defensio
2069 2064 2085 2076 -

507 2143 649 2191 nem,
671 2136 851 2196 utpote
873 2127 962 2196 qui
983 2141 1152 2197 paenae
1179 2125 1404 2196 teipsum
1433 2125 1720 2180 obnoxium
1743 2126 2036 2181 constituas
2063 2126 2086 2180 ?

600 2220 865 2273 Accusatio
921 2218 1234 2272 conscientia:
1273 2235 1425 2288 quam
1467 2218 1648 2288 gravis.
1685 2247 1758 2257 —
1806 2217 1872 2270 Et
1911 2218 2039 2272 dixit
2066 2259 2082 2284 ,

506 2314 692 2383 inquit,
730 2311 932 2366 Nescio.
968 2310 1110 2364 Num
1133 2321 1299 2365 castos
1324 2312 1495 2381 fratris
1522 2311 1618 2364 mei
1664 2327 1778 2364 sum
1819 2313 1946 2382 ego?
1984 2310 2087 2365 Co-

502 2406 606 2473 gita
651 2403 735 2458 hic
777 2403 1115 2457 conscientiae
1159 2404 1550 2457 accusationem
1590 2411 1644 2457 et
1686 2403 1951 2472 quomodo
1993 2404 2082 2473 qui

503 2495 827 2551 conscientia
851 2495 1221 2564 impellebatur
1239 2537 1254 2562 ,
1283 2505 1340 2548 ut
1365 2496 1432 2549 ita
1456 2495 1624 2550 dicam
1648 2536 1662 2560 ,
1694 2511 1790 2550 nec
1807 2505 2082 2566 postquam

502 2589 654 2653 dixit,
687 2587 889 2652 Nescio,
925 2587 1084 2642 finem
1111 2587 1322 2642 dicendi
1349 2587 1490 2653 fecit,
1521 2587 1611 2641 sed
1638 2587 1873 2642 subdidit
1901 2604 1914 2638 :
1942 2585 2084 2640 Nam

501 2689 664 2733 custos
689 2681 859 2748 fratris
885 2680 980 2732 mei
1007 2696 1118 2734 sunt
1155 2695 1244 2750 ego
1263 2679 1288 2731 ?
1338 2687 1539 2733 tantum
1567 2694 1670 2733 non
1697 2680 1928 2750 scipsum
1959 2680 2083 2735 red-

502 2785 746 2841 arguens.
788 2770 998 2824 Atcnim
1030 2770 1072 2823 si
1103 2786 1167 2825 ex
1189 2769 1536 2840 consequenti
1562 2771 1658 2825 abs
1704 2779 1752 2824 te
1793 2780 2078 2841 ageretur,

501 2861 788 2917 secundum
830 2871 1032 2916 naturae
1064 2863 1203 2932 leges
1231 2861 1505 2917 custodem
1547 2861 1794 2917 fraterna:
1820 2863 2004 2917 salutis
2032 2871 2084 2918 te

503 2971 620 3009 esse
643 2955 940 3025 oportebat.
971 2955 1081 3009 [loc
1108 2955 1249 3009 enim
1289 2963 1472 3009 natura
1500 2953 1766 3020 decrevit,
1795 2964 1848 3010 et
1873 2964 2083 3025 oportet

499 3061 591 3100 eos
613 3047 700 3116 qui
725 3063 789 3100 ex
811 3046 997 3100 eodem
1021 3053 1172 3102 utero
1195 3046 1305 3099 nati
1325 3055 1448 3100 sunt
1469 3055 1652 3101 mutuo
1672 3061 1790 3102 esse
1810 3047 2078 3102 custodes.

498 3137 648 3206 Quod
678 3137 722 3192 si
762 3137 864 3192 hoc
889 3138 1105 3192 nolebas
1129 3179 1142 3203 ,
1172 3147 1225 3192 et
1253 3137 1470 3192 noluisti
1496 3146 1677 3193 custos
1706 3152 1824 3193 esse
1855 3138 2034 3194 fratris
2063 3156 2077 3194 :

498 3245 661 3299 quare
689 3244 816 3299 ergo
847 3229 984 3284 illius
1012 3229 1322 3285 interfector
1347 3243 1408 3285 es
1442 3229 1610 3285 factus
1634 3271 1649 3295 ,
1678 3239 1731 3285 et
1757 3245 1876 3286 eum
1909 3233 1995 3301 qui
2031 3238 2081 3286 te

499 3321 641 3376 nulla
679 3320 852 3376 affecit
895 3322 1082 3392 injuria
1115 3322 1392 3388 occidisti,
1422 3330 1476 3377 et
1505 3323 1696 3392 putasti
1734 3323 1932 3376 nullum
1965 3323 2081 3378 fore

495 3414 582 3483 qui
617 3423 668 3468 te
706 3413 774 3467 de
805 3414 907 3468 hoc
935 3413 1359 3483 reprehensurus
1383 3414 1562 3468 esset?
1587 3413 1690 3468 Sed
1717 3423 1962 3484 exspecta
1985 3455 1997 3478 ,
2027 3424 2081 3469 ct

497 3505 703 3560 videbis
728 3513 1092 3560 accusatorem
1120 3513 1266 3560 tuum
1295 3504 1407 3561 fore
1433 3521 1552 3561 eum
1581 3507 1668 3576 qui
1696 3506 2000 3562 interfectus
2026 3515 2080 3562 et

494 3605 792 3668 prostratus
814 3598 975 3667 jacet,
1000 3607 1053 3652 et
1080 3606 1132 3653 te
1157 3600 1419 3653 viventem
1449 3607 1503 3654 et
1529 3598 1906 3662 ambulantem,
1935 3600 2077 3653 clara

495 3703 630 3742 voce
650 3697 1038 3742 accusaturum.
1068 3687 1152 3743 l0.
1178 3687 1246 3741 Et
1270 3689 1389 3742 dicit
1415 3688 1553 3743 Deus
1575 3704 1593 3742 :
1618 3688 1752 3754 Quid
1765 3689 1929 3760 fecisti
1949 3689 2080 3744 hoc?

494 3777 680 3848 Magna
725 3777 882 3849 hujus
929 3780 1074 3834 verbi
1121 3779 1390 3834 recondita
1437 3781 1516 3834 vis
1559 3787 1672 3844 est,
1705 3789 1758 3834 et
1785 3780 2076 3850 emphasis.

494 3868 668 3934 Quare
687 3909 701 3934 ,
737 3869 936 3939 inquit,
970 3869 1073 3924 hoc
1101 3879 1349 3940 operatus
1371 3871 1468 3924 es?
1495 3885 1658 3940 quare
1683 3871 1944 3926 admisisti
1973 3887 2067 3928 ne-

494 3960 682 4014 farium
717 3961 817 4015 hoc
847 3960 1050 4016 facinus
1074 4003 1087 4027 ,
1115 3961 1469 4016 abominabile
1497 3976 1632 4030 Opus
1657 4001 1672 4028 ,
1701 3961 1896 4017 factum
1923 3963 2076 4019 inex-

493 4051 685 4120 piabile
713 4093 728 4117 ,
776 4052 1034 4106 insaniam
1084 4052 1468 4106 intolerabilem
1495 4091 1510 4118 ,
1553 4052 1754 4107 caedem
1793 4068 1983 4108 novam
2023 4065 2077 4111 et

492 4144 806 4212 stupendam
827 4184 841 4207 ,
869 4146 976 4213 jam
1009 4146 1235 4214 primum
1263 4145 1314 4198 in
1344 4143 1615 4198 hominum
1649 4145 1808 4198 vitam
1836 4155 1920 4199 tua
1947 4145 2077 4201 dex-

494 4244 605 4289 tera
653 4237 957 4290 invectam?
1002 4252 1096 4291 cur
1139 4236 1306 4292 fecisti
1351 4235 1454 4292 hoc
1498 4243 1604 4290 tam
1644 4252 1925 4306 magnum,
1967 4247 2075 4298 tam

494 4326 730 4380 terribile
751 4367 764 4390 ,
797 4341 902 4396 quo
933 4341 1036 4381 non
1081 4337 1161 4381 est
1198 4335 1472 4396 peccatum
1501 4326 1642 4381 aliud
1672 4328 1924 4397 gravius?
1966 4328 2077 4384 νοτε

490 4418 751 4488 sanguinis
776 4419 947 4489 fratris
972 4420 1046 4472 tui
1071 4420 1255 4472 clamat
1284 4419 1353 4472 ad
1377 4435 1454 4472 me
1478 4418 1540 4473 de
1567 4428 1717 4473 terra.
1753 4419 1886 4474 Num
1915 4419 2075 4476 homo

491 4525 631 4574 sum,
661 4510 850 4579 inquit,
877 4511 964 4579 qui
992 4512 1157 4565 solam
1187 4511 1326 4565 illam
1357 4527 1540 4568 vocem
1569 4512 1802 4577 audiam,
1834 4527 1954 4582 qua:
1981 4527 2074 4583 per

493 4601 722 4670 linguam
763 4600 1069 4670 profertur?
1117 4601 1256 4661 Deus
1295 4617 1410 4657 sum
1437 4645 1452 4670 ,
1492 4603 1580 4674 qui
1629 4619 1841 4675 possum
1882 4614 1938 4659 et
1979 4619 2075 4673 per

490 4693 800 4760 sanguinein
839 4693 1024 4748 audire
1061 4694 1376 4749 clamantem
1402 4737 1415 4760 ,
1450 4702 1505 4750 et
1541 4695 1686 4750 lmmi
1727 4705 2069 4766 prostratum.

494 4781 631 4834 Ecce
659 4797 935 4852 quousque
974 4784 1115 4838 volat
1155 4800 1253 4838 vox
1282 4785 1554 4854 sanguinis
1595 4786 1750 4854 hujus
1773 4828 1787 4853 ,
1814 4802 1981 4856 usque
2017 4787 2072 4842 in

492 4869 678 4923 crelum
705 4887 734 4923 a
759 4882 896 4926 terra
923 4875 1182 4943 ascendit,
1211 4885 1265 4930 et
1291 4885 1706 4945 praetercurrens
1735 4877 1945 4941 ezelum,
1968 4892 2072 4932 eaa-

491 4962 649 5031 loque
671 4965 975 5030 superiores
1001 4966 1244 5032 virtutes,
1277 4967 1423 5036 regio
1448 4967 1582 5022 solio
1606 4968 1823 5034 assistit,
1847 4978 1899 5022 et
1925 4977 2068 5022 tuum

491 5055 736 5124 deplorat
758 5053 1118 5123 homicidium,
1146 5074 1208 5112 ac
1231 5059 1486 5113 nefarium
1515 5060 1613 5115 hoc
1635 5061 1808 5115 scelus
1831 5070 2065 5116 accusat.

504 5146 616 5202 νοτε
640 5149 903 5218 sanguinis
933 5149 1104 5218 fratris
1133 5151 1201 5203 tui
1227 5153 1409 5204 clamat
1434 5152 1502 5204 ad
1527 5169 1605 5206 mc
1630 5153 1692 5207 de
1719 5165 1871 5206 terra.
1902 5153 2034 5207 Num
2051 5195 2066 5218 ,

493 5239 680 5310 inquit,
709 5240 761 5293 in
786 5239 1017 5293 alienum
1039 5249 1091 5294 et
1110 5239 1368 5310 hospitem
1391 5244 1716 5314 iniquitatem
1738 5245 1872 5298 hanc
1897 5256 2070 5315 patra-

494 5332 599 5385 sti?
629 5331 686 5386 ln
712 5329 932 5386 fratrem
966 5341 1110 5384 tuum
1133 5373 1148 5397 ,
1183 5333 1328 5386 illum
1354 5335 1442 5404 qui
1467 5337 1608 5390 nulla
1641 5348 1689 5391 te
1719 5337 1908 5406 injuria
1937 5339 2066 5395 affe-

491 5430 667 5489 cerat,
698 5422 915 5476 saevisti.
953 5421 1059 5476 Sed
1091 5422 1225 5476 forte
1265 5423 1628 5498 benevolentia
1659 5443 1774 5481 mea
1816 5428 1951 5485 hanc
1995 5430 2066 5486 illi

490 5514 688 5568 caedem
720 5514 955 5585 peperit.
989 5522 1041 5568 et
1071 5530 1189 5568 cum
1219 5530 1322 5569 non
1353 5531 1537 5585 posses
1564 5532 1768 5572 mecum
1797 5535 2062 5588 pugnare,

491 5603 543 5657 in
577 5602 723 5659 illum
753 5604 984 5659 effudisti
1025 5603 1260 5660 furorem
1295 5615 1440 5661 tuum
1481 5607 1812 5664 indomitum.
1861 5609 2066 5680 Eapro-

494 5705 608 5766 pter
632 5691 792 5750 talem
816 5693 907 5751 tibi
933 5709 1140 5764 pennam
1165 5696 1407 5770 inferam,
1433 5706 1490 5755 ut
1512 5699 1681 5755 audax
1705 5700 1842 5756 istud
1865 5701 2066 5760 facinus

3684 273 3797 329 162·

2204 389 2450 444 oblivioni
2475 390 2609 446 tradi
2638 407 2741 446 non
2773 392 2958 462 possit,
2983 402 3034 448 et
3059 410 3176 464 qua:
3202 396 3252 450 in
3285 407 3335 453 te
3362 398 3514 468 fiunt,
3535 404 3788 461 omnibus

2201 481 2422 548 posthac
2465 484 2768 552 sequuturis
2810 485 3086 555 castigatio
3121 498 3174 542 et
3217 489 3508 548 admonitio
3549 495 3676 551 sint.
3716 497 3783 551 Et

2200 586 2330 622 nime
2350 612 2362 632 ,
2394 573 2513 640 quia
2545 571 2644 627 hoc
2672 573 2877 639 fecisti,
2905 584 2957 629 et
2985 577 3173 631 malam
3203 573 3526 637 voluntatem
3553 584 3618 640 ad
3649 586 3778 642 effe-

2198 671 2340 715 ctum
2372 663 2630 720 deduxisti
2658 706 2672 730 ,
2703 675 2755 720 et
2785 682 2875 735 per
2903 668 3151 725 invidiam
3187 673 3388 729 etedem
3423 679 3738 734 commisisti
3765 720 3780 746 ,

2201 753 2498 810 Maledictus
2526 768 2577 810 tu
2607 759 2670 811 de
2696 769 2847 811 terra.

2268 845 2317 898 5.
2345 846 2500 901 Vides
2531 848 2919 902 maledictionis
2945 851 3316 922 differentiam,
3339 857 3570 914 dilecte?
3593 861 3668 916 Ne
3695 864 3792 932 igi-

2199 945 2282 989 tur
2321 937 2776 993 inconsideranter
2807 939 2929 994 hinc
2972 950 3230 1009 transeas,
3272 947 3365 1001 sed
3403 964 3466 1003 ex
3513 953 3778 1008 maledicti

2196 1031 2556 1099 magnitudine
2628 1031 2808 1101 flagitii
2886 1033 3266 1090 immanitatem
3340 1043 3603 1108 expende.
3646 1044 3777 1098 Nam

2195 1132 2393 1190 quanto
2422 1123 2588 1192 tnajus
2619 1125 2682 1177 sit
2717 1134 2988 1193 peccatum
3028 1127 3130 1181 hoc
3159 1131 3592 1197 praivarieationc
3626 1137 3781 1204 primi

2197 1212 2444 1278 hominis,
2468 1229 2530 1266 ex
2557 1216 2946 1270 maledictionis
2964 1219 3220 1274 varietate
3249 1221 3386 1277 scire
3415 1225 3606 1279 volenti
3633 1227 3776 1282 licet.

2197 1301 2306 1356 Illic
2357 1306 2497 1358 enim
2544 1307 2704 1375 inquit
2746 1324 2758 1360 :
2799 1307 3074 1363 Maledicta
3131 1322 3263 1364 terra
3315 1315 3374 1366 in.
3405 1316 3635 1385 aperibus
3684 1322 3781 1374 tuis

2195 1392 2364 1464 (Gen.
2397 1395 2447 1448 5.
2483 1396 2569 1464 l7)
2597 1415 2610 1450 :
2639 1406 2692 1451 et
2735 1397 2785 1451 in
2839 1411 3033 1454 terram
3086 1402 3249 1456 cll'usa
3298 1414 3378 1459 est
3435 1409 3779 1477 maledictio,

2193 1493 2405 1539 ostensa
2448 1502 2542 1541 sua
2583 1489 2631 1541 in
2677 1489 2947 1546 hominem
2983 1508 3110 1548 cura
3143 1513 3154 1547 :
3189 1494 3275 1550 hic
3314 1513 3441 1552 vero
3482 1502 3612 1567 quia.
3647 1518 3782 1570 Opus

2194 1576 2588 1644 perniciosum,
2631 1579 2836 1636 facinus
2881 1585 3147 1654 iniquum,
3173 1599 3226 1641 et
3271 1588 3590 1659 inexpiabile
3628 1593 3781 1665 flagi.

2194 1669 2344 1730 tium,
2367 1668 2478 1736 ipse
2500 1671 2834 1726 maledictum
2854 1673 3082 1742 excipit:
3110 1677 3168 1730 ll
3183 1715 3196 1728 .
3221 1675 3285 1730 Et
3307 1695 3440 1733 nunc
3460 1681 3777 1749 natledictns,

2193 1757 2379 1827 inquit,
2415 1769 2466 1813 tu
2493 1761 2556 1814 de
2583 1771 2732 1814 terra.
2763 1763 2891 1818 Nam
2922 1765 3044 1834 quia
3084 1765 3248 1821 ferme
3279 1770 3464 1825 eadem
3509 1774 3616 1841 egit
3659 1792 3778 1844 qua:

2190 1861 2431 1919 serpens,
2461 1859 2514 1905 et
2538 1853 2688 1920 quasi
2711 1868 2966 1923 organum
2992 1856 3207 1911 servivit
3245 1859 3440 1914 diaboli
3476 1865 3776 1931 sentcntize,

2193 1946 2246 1992 et
2276 1940 2413 1995 sicut
2464 1940 2554 1996 ille
2593 1942 2777 1999 fraude
2821 1946 3194 2001 mortalitatem
3231 1948 3567 2006 introduxit:
3599 1955 3676 2009 sic
3723 1965 3778 2012 et

2191 2029 2275 2084 hic
2303 2029 2584 2101 deceptum
2617 2032 2832 2090 fratrem
2861 2044 2914 2090 et
2943 2037 2994 2090 in
3018 2051 3263 2107 campum
3294 2041 3542 2096 eductum
3572 2057 3775 2102 armata

2191 2124 2242 2177 in
2276 2123 2420 2178 illum
2449 2141 2606 2180 manu
2647 2127 2859 2182 occidit.
2885 2129 3174 2200 Propterea
3198 2133 3334 2187 sicut
3367 2135 3439 2188 illi
3471 2135 3622 2202 dixit,
3653 2137 3774 2191 illa-

2189 2214 2398 2268 ledictus
2441 2225 2495 2269 tu
2528 2217 2657 2271 inter
2698 2234 2869 2273 omnes
2896 2221 3073 2275 bestias
3094 2231 3239 2277 terra:
3261 2222 3420 2296 (Ibid.
3459 2243 3504 2279 υ.
3535 2227 3661 2296 is):
3693 2229 3773 2284 sic

2189 2315 2242 2359 et
2267 2305 2410 2371 huic,
2443 2307 2529 2376 qui
2557 2307 2742 2364 eadem
2771 2326 2890 2379 quze
2927 2311 3017 2367 ille
3053 2323 3302 2383 operatus
3332 2315 3444 2370 fuit.
3474 2316 3606 2371 Nam
3639 2319 3777 2374 sicut

2188 2397 2453 2465 diabolus,
2482 2401 2604 2455 odio
2624 2410 2678 2457 et
2708 2402 2902 2458 invidia
2930 2414 3125 2470 motus,
3155 2421 3260 2460 non
3285 2407 3459 2464 ferens
3491 2421 3565 2464 tot
3589 2411 3774 2468 ineffa-

2187 2491 2310 2545 bilia
2359 2493 2614 2548 beneficia
2645 2535 2658 2557 ,
2687 2511 2805 2564 qua:
2855 2496 2906 2550 in
2955 2495 3225 2553 hominem
3272 2503 3339 2553 ab
3387 2501 3538 2556 initio
3582 2504 3773 2558 collata

2187 2590 2329 2648 sunt,
2364 2582 2558 2638 invidia
2587 2584 2654 2638 ad
2682 2584 3050 2652 deceptionem
3091 2587 3463 2644 exstimulatus
3491 2601 3574 2646 est
3594 2632 3611 2654 ,
3656 2609 3776 2663 qua:

2187 2682 2412 2727 mortem
2442 2675 2710 2731 induceret
2744 2693 2759 2730 :
2793 2679 2861 2730 ita
2905 2686 2960 2732 et
2997 2677 3081 2732 hic
3113 2678 3205 2733 Dei
3234 2695 3356 2750 erga
3383 2680 3598 2737 fratrem
3621 2698 3773 2738 suum

2186 2763 2613 2820 benevolentiam
2637 2783 2879 2838 magnam
2914 2769 3119 2833 videns,
3144 2787 3208 2825 ex
3236 2772 3429 2826 invidia
3457 2773 3522 2828 ad
3554 2776 3774 2831 homici-

2185 2855 2330 2911 dium
2363 2859 2606 2928 prosiliit.
2652 2859 2851 2915 ldcirco
2891 2860 3017 2915 dicit
3047 2863 3118 2915 illi
3151 2879 3164 2915 :
3199 2862 3265 2915 Et
3305 2881 3438 2917 inme
3479 2866 3775 2922 maledictus

2185 2957 2239 3002 tu
2266 2949 2329 3002 de
2356 2959 2508 3004 terra.
2539 2950 2866 3017 Maledictus,
2896 2953 3082 3023 inquit,
3107 2955 3233 3018 eris,
3257 2965 3311 3009 et
3342 2965 3497 3011 terra:
3527 2959 3620 3024 illi,
3648 2961 3774 3024 Quae

2184 3039 2379 3108 aperuit
2401 3055 2456 3094 os
2478 3057 2644 3107 suum,
2675 3050 2729 3094 ut
2754 3042 3047 3113 sanguinem
3074 3044 3246 3113 fratris
3292 3047 3364 3099 tui
3403 3047 3466 3101 de
3495 3065 3648 3103 manu
3687 3061 3773 3105 tua

2184 3128 2451 3196 exciperet.
2487 3129 2548 3183 Et
2576 3140 2730 3185 terra:
2772 3131 2880 3196 illi,
2915 3133 3110 3202 inquit,
3145 3136 3246 3188 erit
3274 3136 3621 3204 maledictus,
3653 3157 3771 3211 qua:

2183 3221 2431 3274 sustinuit
2463 3222 2550 3275 tali
2580 3223 2834 3292 sanguine
2862 3225 3100 3293 irrigari,
3123 3227 3209 3296 qui
3241 3241 3361 3281 eum
3395 3237 3538 3284 tanta
3567 3232 3772 3288 abomi-

2185 3314 2396 3368 natione
2422 3328 2452 3368 a
2477 3321 2580 3367 tam
2609 3315 2768 3384 impia
2797 3331 2954 3370 manu
2979 3314 3177 3372 effusus
3207 3328 3306 3373 est.
3339 3320 3468 3376 Dein
3499 3321 3770 3393 Scriptura

2183 3405 2358 3458 divina
2401 3406 2827 3462 maledictionem
2877 3408 3273 3479 interpretans,
3318 3415 3650 3473 manifestius
3686 3419 3769 3474 dis

2183 3495 2255 3550 cit
2281 3513 2292 3547 :
2319 3495 2405 3550 19..
2433 3495 2648 3562 Quando
2672 3507 2906 3567 operatus
2934 3500 3089 3570 fueris
3121 3511 3324 3567 terram,
3358 3521 3457 3559 non
3483 3507 3686 3576 adjiciet
3715 3519 3769 3562 ut

2181 3587 2264 3640 det
2302 3587 2390 3639 tibi
2430 3587 2582 3640 robur
2605 3605 2771 3642 suum.
2803 3588 2989 3659 Magna
3021 3606 3194 3660 ptena:
3237 3595 3443 3662 species
3464 3639 3478 3662 ,
3509 3608 3562 3653 et
3603 3614 3771 3669 grave

2183 3676 2559 3746 indignationis
2589 3678 2812 3747 pondus.
2845 3677 3104 3735 Laborem
3127 3683 3362 3750 quidem,
3391 3687 3579 3755 inquit,
3609 3691 3769 3746 susti-

2184 3769 2352 3834 nebi<,
2379 3777 2434 3824 et
2459 3785 2575 3839 qua:
2604 3779 2660 3824 tu
2681 3769 2858 3826 facere
2889 3782 3062 3840 potes,
3091 3773 3267 3827 omnia
3291 3774 3473 3842 facies,
3501 3786 3554 3833 et
3578 3795 3773 3849 opera-

2183 3858 2322 3913 beris
2358 3867 2552 3914 terram
2593 3860 2682 3915 tali
2730 3861 2986 3930 sanguine
3031 3862 3356 3932 inquinatam
3389 3885 3403 3920 :
3435 3868 3634 3923 nullum
3672 3886 3773 3926 au-

2181 3958 2292 4006 tem
2347 3963 2513 4008 metes
2566 3951 2792 4008 fructum
2847 3962 2951 4008 tam
3005 3955 3291 4011 multorum
3342 3958 3624 4028 laborum,
3676 3966 3770 4020 sed

2182 4045 2380 4100 inutilis
2417 4046 2520 4100 erit
2546 4047 2638 4100 tibi
2664 4047 2838 4102 omnis
2870 4049 3018 4103 labor
3041 4065 3198 4119 quem
3229 4050 3438 4107 feceris.
3471 4054 3654 4128 Neque
3680 4057 3766 4113 hic

2182 4135 2302 4190 finis
2327 4137 2424 4191 erit
2463 4153 2654 4207 pcenze,
2683 4139 2776 4194 sed
2821 4147 2875 4193 et
2915 4139 3128 4195 Gemens
3160 4151 3206 4195 et
3250 4151 3464 4198 tremens
3499 4146 3597 4200 eris
3622 4164 3773 4217 super

2180 4237 2384 4282 terram.
2415 4229 2618 4285 Rursus
2643 4240 2696 4285 et
2731 4230 2834 4286 hoc
2867 4232 3153 4288 maximum
3178 4243 3258 4289 est
3293 4237 3537 4306 supplicii
3572 4255 3762 4310 genus,

2182 4329 2434 4390 perpetuo
2455 4337 2666 4390 gemere
2692 4337 2755 4377 ac
2783 4331 3030 4380 tremere.
3058 4325 3189 4392 Quia
3217 4327 3381 4394 enim,
3415 4328 3601 4398 inquit.
3634 4331 3767 4386 abu-

2179 4423 2271 4463 sus
2296 4424 2354 4465 es
2384 4409 2574 4465 robore
2616 4413 2873 4480 corporis,
2908 4423 2960 4468 et
2989 4414 3347 4471 membrorum
3379 4419 3608 4486 viribus,
3640 4436 3767 4490 pro-

2180 4512 2297 4568 pter
2340 4501 2441 4556 hoc
2479 4501 2786 4556 continuum
2836 4504 2973 4558 lnmc
3014 4513 3298 4561 tremorem
3337 4516 3389 4563 et
3429 4519 3632 4567 motum
3676 4513 3767 4566 tibi

2180 4591 2372 4657 infero,
2405 4601 2459 4648 ut
2506 4607 2611 4648 non
2659 4593 2830 4648 solum
2873 4594 2985 4665 ipse
3023 4594 3220 4652 habeas
3241 4598 3424 4668 jugetn
3449 4600 3768 4658 admonitio-

2179 4702 2301 4740 nem
2332 4694 2386 4741 et
2431 4686 2744 4741 memoriam
2784 4685 2943 4756 hujus
2979 4688 3170 4746 nefasti
3211 4692 3428 4747 sceleris
3460 4711 3474 4748 :
3507 4694 3601 4748 sed
3631 4703 3686 4749 ut
3714 4705 3767 4750 et

2179 4795 2367 4834 omnes
2392 4779 2480 4850 qui
2524 4787 2576 4834 te
2603 4779 2851 4848 viderint,
2886 4781 2999 4835 viso
3032 4792 3112 4848 te,
3140 4783 3290 4851 quasi
3331 4784 3472 4839 clara
3505 4785 3610 4840 illis
3633 4801 3766 4843 voce

2177 4881 2524 4942 personante,
2562 4871 2770 4927 discant
2812 4887 2881 4927 ne
2921 4873 3042 4926 talia
3069 4873 3326 4938 audeant,
3362 4883 3418 4926 ut
3457 4890 3524 4930 ne
3571 4876 3763 4933 similia

2180 4965 2449 5034 patiantur
2477 4983 2491 5019 :
2523 4973 2576 5019 et
2604 4979 2760 5033 poena
2786 4972 2874 5018 tua
2905 4964 3037 5016 alios
3065 4963 3256 5018 doceat
3280 4979 3466 5021 omnes
3488 5009 3501 5029 ,
3533 4985 3600 5022 ne
3629 4969 3763 5025 ultra

2180 5057 2268 5109 tali
2293 5055 2546 5125 sanguine
2573 5064 2767 5109 terram
2796 5055 3054 5123 polluant.
3079 5053 3367 5123 Pr0pterea
3399 5071 3502 5112 non
3536 5058 3684 5116 brevi
3711 5071 3763 5117 te

2179 5158 2350 5203 morte
2374 5148 2602 5218 plectam
2624 5188 2636 5210 ,
2671 5155 2728 5200 ut
2765 5160 2832 5200 ne
2861 5145 3054 5199 factum
3083 5145 3335 5201 oblivioni
3361 5149 3636 5207 tradatur:
3665 5154 3760 5209 sed

2176 5241 2338 5294 vitam
2379 5248 2548 5294 morte
2584 5239 2881 5308 graviorem
2921 5237 3185 5293 sustinere
3222 5249 3272 5294 te
3308 5241 3537 5309 curabo,
3571 5254 3629 5300 ut
3673 5261 3766 5314 per

2180 5331 2295 5386 inec
2318 5330 2494 5385 discas
2515 5330 2688 5400 qualia
2717 5330 3123 5398 perpetraveris.
3149 5331 3235 5386 i3.
3269 5331 3331 5384 Et
3359 5334 3488 5388 dixit
3516 5335 3640 5390 Cain
3669 5335 3766 5390 Do-

2178 5423 2313 5476 mino
2333 5439 2353 5475 :
2382 5421 2555 5492 Major
2581 5431 2655 5475 est
2680 5436 2834 5474 causa
2862 5437 2991 5489 mea,
3013 5437 3164 5488 quam
3194 5431 3247 5476 ut
3277 5424 3505 5478 dimittar
3524 5442 3633 5496 ego.
3658 5426 3764 5478 Ma-

2176 5533 2335 5588 gnum
2363 5515 2581 5587 aliquid,
2612 5523 2666 5570 et
2692 5514 2846 5570 saluti
2877 5524 3072 5570 nostra:
3101 5516 3386 5586 plurimum
3415 5517 3545 5572 uti!e
3576 5516 3683 5582 hic,
3716 5517 3760 5572 si

2174 5610 2360 5665 attenti
2405 5609 2700 5675 fuerimus,
2734 5607 2914 5664 licebit
2951 5608 3244 5664 addiscere.
3300 5609 3368 5663 Et
3409 5607 3538 5662 dixit
3586 5606 3761 5663 Cain:

2177 5705 2350 5780 Major
2381 5715 2452 5761 est
2481 5721 2634 5761 causa
2673 5721 2802 5771 mea,
2841 5719 2990 5774 quam
3027 5712 3076 5756 ut
3115 5701 3338 5756 dimittar
3357 5717 3467 5769 ego.
3504 5699 3638 5757 Ecce
3668 5701 3760 5764 εδ·
