4074 6134
346 288 447 346 163

334 400 509 458 soiuta
533 394 815 457 confessio.
842 396 970 453 Tale
998 405 1309 466 tantumque
1350 401 1433 451 est
1452 436 1468 461 ,
1500 394 1697 465 inquit,
1727 408 1912 465 peccas

341 503 450 549 tum
480 492 621 564 quod
655 490 897 547 commisi
918 530 932 556 ,
964 496 1022 542 ut
1050 499 1158 543 non
1182 487 1380 556 possim
1417 486 1660 555 accipere
1687 485 1914 540 veniam.

348 583 506 651 Ecce,
534 583 673 637 dicet
709 576 919 649 aliquis,
949 579 1224 634 confessus
1252 582 1353 643 est,
1384 586 1440 632 et
1467 591 1586 632 cum
1614 588 1800 645 magna
1830 589 1917 629 ac.

338 676 611 733 curatione
634 670 910 727 confessus
931 680 1012 726 est
1035 687 1049 724 :
1082 669 1177 725 sed
1199 668 1331 724 nihil
1357 668 1479 723 inde
1506 667 1661 732 lucri,
1692 666 1914 721 dilecte:

337 766 707 836 intempestiva
758 764 900 818 enim
941 760 1209 818 confessio
1246 770 1349 816 est.
1393 760 1505 815 Hoc
1552 760 1696 813 enim
1743 759 1920 813 facere

337 857 615 928 oportebat
659 865 898 924 tempore
926 854 1257 924 cnngruenti,
1282 851 1492 921 quando
1530 850 1705 904 adhuc
1746 849 1917 917 impe-

337 949 466 1004 trari
511 955 720 1018 poterat
760 960 789 1000 a
829 945 1017 1002 iudice
1064 942 1447 999 misericordia.
1475 941 1738 996 Memores
1780 953 1920 993 nunc

333 1047 505 1095 estote
538 1037 654 1108 ejus
679 1036 819 1107 quod
859 1036 1015 1105 paulo
1047 1042 1169 1089 ante
1202 1033 1345 1099 dixi,
1392 1046 1582 1102 nempe
1617 1032 1670 1085 in
1699 1030 1918 1085 terribili

335 1131 428 1186 illo
453 1131 541 1185 die
565 1137 620 1185 et
658 1130 710 1183 in
742 1128 1010 1191 tribunali,
1041 1127 1093 1182 in
1123 1142 1227 1197 quo
1267 1125 1409 1179 milia
1453 1137 1798 1193 personarum
1824 1137 1917 1177 ac-

333 1221 531 1291 ceptio,
559 1221 674 1273 fore
695 1228 753 1273 ut
773 1218 1133 1287 unusquisque
1158 1226 1394 1270 nostrum
1416 1216 1486 1269 ob
1508 1222 1724 1284 peccata
1749 1212 1919 1283 paeni-

336 1311 500 1366 tentia
532 1309 775 1376 ducatur,
806 1309 993 1363 videns
1017 1316 1071 1362 et
1108 1315 1229 1359 ante
1259 1305 1442 1359 oculos
1472 1304 1676 1359 habens
1705 1302 1917 1358 terribi-

337 1402 406 1456 lia
435 1402 524 1456 illa
553 1407 813 1455 tormenta
835 1439 851 1463 ,
876 1409 932 1453 et
970 1397 1300 1453 inevitabiles
1336 1410 1521 1465 poenas
1541 1434 1556 1459 ,
1588 1394 1685 1449 sed
1723 1394 1916 1447 nullam

335 1496 460 1550 inde
487 1493 763 1548 habiturus
792 1491 1096 1554 utilitatem,
1129 1502 1372 1558 tempore
1396 1487 1704 1542 destitutus.

404 1584 709 1639 Pueniteutia
737 1591 853 1637 ante
882 1597 1081 1652 pinnam
1109 1582 1266 1633 utilis.
1298 1608 1369 1618 —
1398 1577 1715 1633 Pwnitentia
1738 1577 1879 1630 enim
1902 1618 1914 1639 ,

336 1675 644 1744 priusquam
674 1685 828 1743 paena
859 1671 1135 1737 inferatur,
1160 1679 1369 1738 tempus
1397 1668 1576 1734 habet,
1602 1676 1657 1722 et
1678 1666 1918 1722 ineffabi-

336 1767 439 1819 lem
469 1765 594 1817 vim.
625 1762 854 1818 Proinde
882 1763 1125 1827 obsecro,
1153 1774 1273 1815 cum
1303 1759 1475 1814 adhuc
1499 1758 1689 1814 efficax
1719 1766 1800 1812 est
1828 1758 1918 1811 mi-

336 1856 542 1909 rificum
569 1854 672 1909 hoc
706 1853 1050 1924 pharmacum
1077 1893 1091 1918 ,
1117 1850 1395 1908 commoda
1438 1861 1493 1905 et
1530 1852 1754 1906 fructum
1796 1850 1919 1905 inde

336 1945 690 2016 percipiamus
711 1984 726 2010 ,
762 1952 817 1999 et
843 1958 963 1999 cum
998 1944 1172 1999 adhuc
1215 1956 1399 1997 sumus
1424 1942 1476 1997 in
1504 1942 1751 2012 praesenti
1779 1942 1879 1995 vita
1900 1981 1914 2004 ,

336 2036 664 2103 paenitentiae
716 2035 1046 2090 medicamen
1085 2030 1238 2089 nobis
1286 2046 1618 2102 appenninus
1642 2073 1656 2097 ,
1687 2033 1919 2086 scientes

337 2130 570 2200 liquido,
605 2128 733 2182 nihil
779 2137 905 2181 tunc
939 2126 1095 2182 nobis
1142 2125 1503 2195 paenitentiam
1549 2123 1915 2194 profuturam,

336 2237 456 2277 cum
501 2222 732 2277 solutum
766 2216 1328 2290 fueritspectaculum,
1351 2227 1409 2273 et
1439 2229 1645 2287 tempus
1668 2215 1916 2271 certami-

337 2327 465 2368 num
490 2313 744 2367 ablatum.

409 2405 461 2459 ι.
492 2404 690 2459 Verum
729 2402 797 2457 ad
834 2402 1129 2456 institutum
1157 2401 1454 2455 redeamus.
1482 2399 1770 2469 Oportebat
1796 2407 1919 2454 tunc

335 2510 456 2549 cum
482 2495 897 2563 interrogaretur
919 2506 949 2546 a
971 2493 1214 2556 Domino,
1236 2487 1333 2546 Ubi
1352 2500 1424 2546 est
1445 2490 1567 2544 Abel
1590 2494 1745 2560 frater
1761 2498 1875 2543 tuus
1893 2490 1919 2543 .7

336 2586 576 2640 confiteri
603 2593 879 2654 peccatum
903 2591 959 2637 et
988 2583 1263 2652 procidere
1281 2624 1299 2647 ,
1326 2591 1382 2636 et
1407 2596 1562 2636 orare
1585 2618 1601 2647 ,
1633 2589 1684 2636 et
1711 2582 1916 2635 veniam

336 2684 559 2748 petere;
597 2677 712 2747 ipse
751 2688 879 2731 vero
906 2684 1033 2729 tunc
1062 2674 1280 2744 quidem
1326 2673 1641 2728 medicinam
1691 2673 1873 2742 reiecit
1899 2712 1914 2740 ,

335 2779 480 2821 nunc
521 2776 726 2830 autem,
771 2774 893 2835 post
934 2768 1249 2819 sententiam
1276 2804 1290 2829 ,
1321 2774 1440 2833 post
1479 2764 1635 2818 linem
1674 2765 1919 2818 omnibus

336 2857 661 2926 impositmn,
683 2865 963 2926 postquam
1003 2855 1147 2909 clara
1166 2869 1297 2910 voce
1321 2864 1599 2909 accusatus
1622 2863 1706 2910 est
1743 2870 1771 2907 a
1796 2869 1919 2908 san~

335 2952 493 3018 guine
521 2949 572 3003 in
603 2958 743 3005 terra
784 2949 1013 3018 jacentis
1033 2990 1047 3015 ,
1078 2947 1361 3003 confitetur
1380 2986 1394 3013 ,
1427 2947 1658 3018 nihilque
1685 2948 1810 3002 inde
1840 2947 1918 3001 ιυ-

333 3040 557 3095 crifacit.
601 3039 753 3096 Unde
790 3039 1045 3109 prepheta
1070 3039 1277 3093 dicebat
1306 3056 1318 3091 :
1350 3038 1526 3092 Justus
1548 3040 1631 3092 sui
1650 3040 1809 3109 ipsius
1829 3055 1918 3092 aea

335 3140 538 3184 “sator
578 3131 630 3184 in
682 3130 928 3199 principio
974 3130 1216 3183 sermonis
1250 3127 1444 3199 (Prov.
1476 3130 1559 3184 18.
1593 3128 1713 3198 l7).
1743 3129 1807 3183 Et
1832 3129 1918 3184 hic

338 3236 547 3292 quoque
578 3262 594 3288 ,
649 3223 692 3276 si
748 3222 1090 3290 prmvcnisset
1141 3218 1349 3274 Domini
1407 3222 1914 3290 reprehensionem,

337 3315 559 3367 omnino
605 3311 1021 3366 misericordiam
1065 3322 1423 3381 consequutus
1464 3312 1674 3377 fuisset,
1704 3323 1919 3381 propter

338 3407 653 3459 immensam
697 3403 904 3456 Domini
963 3402 1359 3473 benignitatem.
1405 3402 1614 3457 Nullum
1658 3406 1797 3458 enim
1836 3412 1919 3458 est

338 3504 638 3564 peccatum,
665 3502 1148 3564 quantumcumque
1175 3507 1337 3564 grave
1359 3495 1450 3560 sit,
1480 3494 1620 3564 quod
1649 3495 1788 3550 illius
1817 3497 1918 3549 mi~

337 3585 681 3641 serieordiam
727 3585 901 3639 vincat
930 3600 944 3637 :
976 3585 1137 3639 modo
1168 3595 1405 3653 tempore
1430 3584 1612 3640 debito
1648 3586 1916 3655 paeniten-

336 3678 463 3733 tiam
491 3691 726 3748 agamus,
743 3688 799 3732 et
821 3676 1023 3732 veniam
1042 3684 1302 3746 petamus.
1327 3675 1393 3730 Et
1414 3676 1540 3731 dixit
1560 3675 1683 3731 Cain
1708 3675 1918 3746 :dlajor

336 3778 408 3827 est
437 3784 590 3825 causa
615 3784 727 3823 mea
751 3811 764 3837 ,
788 3784 943 3840 quam
969 3777 1023 3823 ut
1050 3769 1277 3822 dimittar
1314 3785 1424 3839 ego.
1469 3768 1751 3823 Sufficiens
1782 3780 1916 3822 cun-

337 3864 497 3920 fessio
517 3905 532 3931 ,
565 3862 658 3919 sed
695 3863 1083 3932 intempestiva.
1110 3862 1175 3916 Et
1198 3860 1334 3916 dixit
1363 3878 1376 3913 :
1407 3861 1491 3915 14.
1518 3861 1579 3916 Si
1607 3862 1810 3931 elateri}
1839 3876 1919 3915 me

335 3957 484 4011 hodie
512 3971 546 4009 α
572 3957 702 4027 facie
727 3965 890 4023 teme,
920 3965 966 4009 et
989 3971 1021 4008 α
1049 3955 1178 4025 facie
1206 3962 1293 4006 tua
1319 3952 1621 4020 abscondar,
1649 3963 1695 4008 et
1724 3970 1807 4008 ero
1826 3970 1918 4025 ge~

334 4063 475 4103 mens
511 4056 560 4101 et
586 4056 799 4100 tremens
827 4061 978 4113 super
1002 4053 1222 4109 terram;
1247 4053 1295 4096 et
1322 4043 1413 4096 erit
1433 4083 1447 4109 ,
1476 4043 1637 4096 omnis
1664 4044 1748 4113 qui
1776 4044 1917 4098 inve-

334 4139 462 4192 tuerit
496 4153 576 4190 me
597 4178 612 4202 ,
638 4136 827 4190 occidet
860 4150 958 4188 me.
991 4132 1124 4188 Vide
1162 4146 1321 4203 quam
1360 4133 1684 4188 miserabilia
1722 4134 1913 4200 verba,

337 4240 447 4281 tum
468 4226 591 4295 quia
631 4224 1020 4293 intempestiva,
1051 4232 1161 4276 tum
1183 4223 1306 4293 quia
1334 4230 1575 4292 tempore
1599 4223 1779 4292 elapso
1799 4226 1917 4279 nut-

337 4322 443 4374 lmn
494 4317 719 4372 fructum
746 4314 1020 4371 afferrent.
1052 4314 1118 4369 Et
1146 4314 1279 4370 dixit
1305 4331 1319 4368 :
1352 4315 1414 4370 Si
1439 4317 1640 4387 ejeceris
1667 4332 1745 4370 me
1769 4316 1917 4371 hodie

335 4428 367 4464 tt
391 4408 521 4482 facie
542 4416 704 4471 terra,
732 4416 780 4461 et
809 4422 842 4460 a
870 4406 1000 4477 [acie
1023 4415 1110 4460 tua
1142 4405 1442 4474 absrondar,
1475 4418 1521 4461 et
1546 4425 1631 4462 ero
1650 4424 1847 4479 gemens
1869 4418 1915 4462 et

333 4512 546 4556 (renuens
576 4516 728 4570 super
758 4511 981 4565 terram;
1011 4509 1057 4555 et
1085 4502 1208 4567 erit,
1230 4501 1394 4555 omnis
1419 4501 1502 4571 qui
1536 4517 1615 4557 me
1642 4502 1880 4557 invenerit
1895 4541 1910 4568 ,

332 4593 593 4661 interﬁcis!
614 4608 712 4646 me.
735 4592 791 4647 Si
816 4592 869 4646 in
891 4602 1053 4659 terra,
1085 4594 1274 4662 inquit,
1303 4594 1647 4650 maledictum
1676 4611 1763 4652 me
1783 4596 1915 4650 feci-

330 4687 398 4742 sti
426 4693 482 4741 et
525 4684 641 4754 ipse
682 4696 769 4738 me
813 4683 1072 4737 aversaris
1100 4724 1114 4748 ,
1140 4691 1406 4753 tantaeque
1450 4700 1623 4753 pinna:
1654 4687 1911 4742 tradidisti

334 4792 441 4843 tne,
474 4778 545 4831 ita
568 4782 627 4831 ut
652 4786 860 4845 gemam
881 4781 934 4828 et
955 4782 1198 4835 tramam,
1222 4772 1355 4827 nihil
1381 4774 1678 4841 prohibebit
1704 4785 1909 4845 pauca,

330 4868 460 4937 quia
485 4868 726 4938 quisquis
754 4866 807 4921 in
851 4879 939 4919 me
968 4863 1057 4918 vel
1096 4863 1309 4918 fortuito
1336 4862 1579 4918 inciderit
1604 4906 1618 4928 ,
1650 4882 1734 4921 me
1760 4883 1828 4923 eo
1858 4869 1912 4923 in

326 4971 471 5015 statu
508 4959 744 5030 positum
779 4966 837 5014 et
864 4966 950 5012 tua
978 4968 1085 5025 ope
1126 4954 1381 5009 nudatum
1410 4955 1708 5010 interficiat.
1738 4957 1914 5013 Facile

334 5052 586 5106 invadere
621 5066 710 5106 me
739 5051 953 5120 poterit,
980 5047 1166 5117 inquit,
1201 5047 1247 5102 si
1276 5047 1394 5117 quis
1418 5047 1722 5104 interﬁcere
1748 5051 1908 5105 volet.

329 5145 509 5216 Neque
533 5144 675 5198 enim
695 5144 808 5212 ipse
824 5138 1083 5196 obluctari
1109 5147 1314 5210 potero,
1337 5148 1444 5195 tam
1463 5140 1716 5196 dissoluta
1746 5156 1914 5198 mem-

331 5241 421 5291 bra
448 5236 829 5291 circumferens
850 5274 865 5300 ,
893 5240 946 5287 et
989 5232 1224 5303 undique
1244 5241 1545 5289 commotus
1567 5250 1579 5284 :
1604 5233 1820 5303 insuper
1858 5245 1912 5290 ct

330 5330 451 5394 hoc,
477 5325 622 5396 quod
649 5326 820 5380 sciant
858 5337 1045 5379 omnes
1070 5330 1157 5379 tua
1185 5338 1271 5379 me
1297 5337 1399 5393 ope
1426 5322 1755 5390 destitutum,
1785 5339 1907 5380 eum

309 5420 417 5491 qui
442 5418 581 5483 velit,
613 5426 671 5471 ut
694 5416 759 5470 ad
793 5413 993 5471 eadem
1019 5429 1190 5470 meam
1209 5415 1465 5485 prosiliat,
1499 5414 1909 5482 incitabit.Quid

326 5524 454 5584 ergo
486 5510 791 5566 misericors
832 5516 889 5563 et
933 5505 1107 5563 bonus
1130 5506 1539 5562 nominastis.
1568 5505 1635 5561 Et
1662 5506 1789 5560 dixit
1835 5505 1910 5559 illi

336 5600 580 5656 Dominus
606 5598 741 5655 Deus
770 5616 787 5654 :
825 5598 945 5652 Non
983 5598 1077 5652 sic.
1108 5594 1186 5653 Ne
1223 5607 1377 5668 putes
1399 5637 1415 5662 ,
1445 5596 1617 5666 inquit
1638 5637 1651 5660 ,
1681 5596 1796 5652 hac
1839 5597 1909 5651 ita

330 5694 461 5755 tieri.
488 5694 671 5764 Neque
716 5692 858 5749 enim
897 5691 1077 5749 licebit
1108 5692 1298 5762 cuique
1324 5689 1519 5747 volenti
1544 5699 1595 5745 te
1624 5691 1864 5749 occidere
1891 5733 1904 5756 ,

1052 284 1106 340 S.
1148 283 1422 338 JOANNIS
1457 278 1931 339 CHRYSOSTOMI
1969 279 2285 337 ARCIIIEP.
2325 279 2854 339 CONSTANTINOP.

3500 288 3601 348 liii

2027 395 2121 450 sed
2146 408 2215 449 ex
2246 395 2575 451 diuturniore
2621 396 2724 449 vita
2755 405 2844 451 tua
2874 405 2927 450 ct
2964 396 3133 466 major
3160 398 3284 455 inde
3324 400 3417 456 tibi
3446 403 3601 460 dolor

2026 486 2146 550 erit,
2177 495 2234 541 et
2280 486 2574 556 relinquam
2619 494 2671 541 te
2712 487 2936 556 posteris
2962 491 3392 558 generationibus
3432 497 3599 564 magi-

2024 586 2216 642 strum,
2248 585 2305 630 ut
2333 577 2408 630 tui
2433 576 2791 644 spectaculum
2820 575 2930 631 illis
2947 577 3017 633 sit
3038 578 3328 635 admonitio
3356 593 3410 637 et
3436 587 3599 639 casti-

2023 668 2196 733 gatio,
2241 664 2520 735 nullusque
2546 667 2848 735 exemplum
2874 676 3022 722 tuum
3064 680 3334 740 sequatur.
3364 672 3429 727 Et
3475 676 3602 729 dixit

2024 754 2271 810 Dominus
2315 755 2451 811 Deus
2478 773 2497 811 :
2526 756 2647 811 Non
2691 758 2782 813 sic.
2817 757 2999 815 Omnis
3036 764 3119 831 qui
3162 764 3400 819 occiderit
3437 765 3562 821 Cain
3583 810 3600 835 ,

2023 855 2214 915 septem
2237 847 2450 901 ultiones
2480 847 2651 902 solvet.
2678 848 2942 904 Fortassis
2978 848 3139 906 multa
3165 861 3290 909 sunt
3316 871 3435 926 qua:
3460 857 3565 911 dixi
3583 899 3599 925 ,

2024 948 2077 993 et
2103 938 2326 993 multam
2350 941 2560 1008 corpori
2589 942 2882 997 molestiam
2913 943 3201 999 attulimus.
3231 945 3337 1001 Sed
3364 949 3489 1017 quid
3521 950 3599 1003 fa-

2024 1032 2201 1087 ciam?
2223 1032 2355 1101 Quia
2380 1033 2536 1087 video
2563 1044 2790 1089 vestram
2815 1034 2868 1089 in
2896 1036 3158 1091 audiendo
3194 1038 3518 1106 atiditatem,
3548 1052 3601 1096 ct

2026 1125 2213 1194 ingens
2250 1125 2606 1193 desiderium,
2636 1126 2836 1196 reliqua
2875 1128 3032 1182 etiam
3070 1143 3379 1200 persequar,
3416 1142 3469 1187 et
3506 1150 3603 1203 pro

2023 1215 2223 1270 viribus
2248 1215 2381 1271 meis
2410 1216 2813 1285 interpretabor.
2842 1218 2978 1286 Quid
3002 1227 3121 1286 est,
3151 1220 3358 1291 Septem
3389 1225 3601 1280 ultiones

2023 1306 2221 1360 solvet?
2245 1306 2354 1361 Sed
2397 1307 2586 1362 iterum
2639 1322 2827 1363 vereor
2867 1324 2933 1363 ne
2962 1293 3221 1365 dictorum
3266 1313 3601 1371 multitudine

2025 1397 2332 1452 memoriam
2361 1413 2546 1453 eorum
2572 1414 2690 1469 quae
2721 1399 2863 1453 dicta
2902 1409 3026 1455 sunt
3053 1402 3272 1458 obruam
3293 1445 3307 1467 ,
3338 1416 3391 1459 et
3422 1407 3601 1462 videar

2026 1487 2174 1542 Vobis
2200 1487 2465 1542 fastidium
2493 1488 2684 1544 afferre
2715 1508 2728 1544 :
2758 1490 2854 1545 sed
2883 1491 2931 1545 si
2957 1507 3061 1547 non
3090 1493 3395 1564 fatigamini,
3432 1498 3597 1553 susti-

2026 1588 2166 1640 nete,
2198 1587 2254 1631 et
2297 1578 2399 1633 hoc
2426 1579 2669 1635 absoluto
2693 1591 2965 1649 contextu,
2994 1597 3292 1640 sermonem
3335 1587 3596 1645 ﬁniemus.

2024 1666 2090 1721 Et
2120 1668 2249 1722 dixit
2278 1668 2355 1721 illi
2374 1667 2627 1724 Dominus
2658 1670 2794 1725 Deus
2816 1688 2836 1725 :
2861 1671 2984 1726 Non
3011 1675 3105 1728 sic.
3140 1673 3314 1730 Omnis
3341 1678 3424 1745 qui
3465 1680 3599 1732 occi-

2023 1757 2152 1811 derit
2177 1757 2303 1811 Cain
2323 1798 2342 1824 ,
2373 1760 2554 1828 septies
2580 1760 2796 1815 ultiones
2833 1762 3006 1816 solvet.
3037 1762 3105 1816 Et
3149 1772 3315 1832 posuit
3354 1766 3603 1823 Dominus

2023 1846 2164 1903 Deus
2184 1850 2385 1919 signum
2408 1852 2461 1905 in
2480 1850 2625 1919 Cain,
2651 1868 2713 1907 ne
2736 1855 2898 1908 omnis
2924 1857 3012 1925 qui
3036 1856 3276 1911 inveniret
3300 1860 3448 1914 illum
3474 1867 3604 1915 occi-

2023 1941 2179 1996 deret.
2200 1941 2311 1996 Hoc
2330 1942 2569 2009 timuisti,
2589 1943 2777 2013 inquit,
2802 1960 2869 2000 ne
2884 1947 3192 2004 occiderere
3208 1950 3486 2018 itionlide,
3504 1952 3607 2011 hoc

2025 2050 2128 2089 non
2155 2035 2279 2090 erit.
2304 2034 2435 2091 Nam
2455 2036 2694 2105 quisquis
2720 2036 2820 2092 hoc
2844 2037 3018 2093 facere
3044 2043 3603 2112 attentaverit,septu-

2024 2125 2146 2193 plici
2176 2140 2348 2195 poenae
2390 2141 2451 2181 se
2498 2125 2657 2182 faciet
2695 2128 2979 2183 obnoxium
3011 2147 3026 2183 :
3056 2139 3113 2185 et
3154 2132 3352 2187 idcirco
3396 2134 3603 2203 signum

2026 2218 2118 2273 tibi
2146 2219 2382 2288 impono,
2410 2227 2468 2273 ut
2512 2220 2687 2275 nullus
2729 2223 2978 2290 ignorans
3016 2222 3294 2279 interfecto
3319 2234 3405 2292 te,
3432 2229 3604 2295 pinnis

2024 2311 2129 2364 illis
2155 2323 2212 2366 sc
2238 2312 2527 2366 obnoxium
2555 2311 2730 2367 faciat.

2094 2402 2147 2456 5.
2191 2400 2396 2471 Septem
2424 2404 2637 2457 ultiones
2662 2405 2713 2457 in
2736 2402 2895 2458 Caino
2917 2420 3030 2476 qua:
3046 2407 3072 2458 .9
3088 2435 3158 2444 —
3182 2403 3287 2461 Sed
3316 2421 3411 2475 par
3435 2415 3519 2461 est
3543 2414 3599 2464 ut

2024 2492 2356 2548 manifestius
2393 2508 2489 2548 vos
2531 2493 2749 2549 doceam
2774 2534 2789 2561 ,
2816 2495 3082 2565 quomodo
3116 2496 3204 2566 qui
3238 2496 3367 2552 Cain
3405 2499 3599 2555 occidit

2022 2591 2231 2650 septem
2273 2595 2545 2652 poenarum
2583 2599 2706 2639 reus
2757 2586 2844 2639 sit.
2898 2585 3001 2640 Vos
3049 2601 3273 2655 precor,
3318 2590 3595 2644 attendite.

2021 2671 2153 2726 Nam
2180 2673 2226 2728 si
2250 2688 2410 2737 nunc,
2436 2674 2646 2729 sicutet
2674 2675 2727 2730 in
2753 2675 3115 2744 superioribus
3134 2676 3323 2731 diebus
3347 2693 3487 2748 sape
3513 2696 3598 2735 ca-

2023 2766 2161 2821 ritati
2190 2773 2378 2820 vestrae
2397 2765 2649 2833 diximus,
2672 2781 2791 2821 cum
2814 2766 2999 2836 jejunii
3028 2775 3235 2862 tempuls
3260 2778 3360 2833 est,
3383 2778 3437 2823 et
3460 2780 3598 2829 tanta

2021 2858 2404 2926 tranquillitate
2429 2858 2690 2924 fruimur,
2721 2867 2773 2913 et
2811 2857 3017 2913 liberati
3048 2857 3232 2913 sumus
3260 2875 3293 2914 a
3321 2861 3599 2931 cogitatio-

2022 2949 2180 3003 nibus
2214 2964 2334 3017 quin
2371 2955 2603 3003 mentem
2649 2960 2881 3004 nostram
2908 2950 3237 3019 perturbant,
3264 2967 3370 3006 non
3394 2968 3599 3008 sunnna

2023 3039 2290 3110 diligentia
2319 3038 2640 3095 addiscimus
2657 3054 2780 3109 qua:
2813 3042 2864 3093 in
2890 3040 3086 3094 divinis
3110 3041 3397 3111 Scripturis
3426 3044 3598 3098 conti-

2022 3139 2233 3196 nentur,
2257 3130 2466 3199 quando
2482 3146 2544 3185 ea
2570 3130 2686 3185 aliis
2706 3130 3028 3199 temporibus
3048 3131 3256 3186 discere
3275 3133 3561 3201 poterimus
3578 3135 3601 3188 ἵ

2024 3221 2149 3277 ideo
2174 3238 2292 3286 oro,
2323 3230 2379 3276 ct
2424 3236 2642 3291 precor,
2670 3230 2725 3276 et
2748 3222 2985 3291 supplico
3006 3261 3022 3286 ,
3052 3231 3105 3276 et
3129 3223 3280 3291 quasi
3315 3237 3486 3293 genua
3514 3240 3601 3279 ve-

2021 3322 2131 3368 stra
2161 3313 2432 3382 contingo,
2456 3312 2659 3367 intenta
2686 3320 2862 3366 mente
2883 3311 2965 3366 bis
2987 3326 3105 3381 qua:
3126 3312 3373 3367 dicuntur
3396 3313 3601 3368 auscul-

2022 3411 2195 3458 temus
2213 3443 2229 3469 ,
2259 3413 2316 3458 ut
2345 3402 2518 3457 fructu
2546 3402 2722 3471 aliquo
2757 3401 2920 3456 nobili
2964 3409 3018 3456 et
3049 3402 3315 3471 praecipuo
3345 3414 3559 3473 accepto
3580 3445 3596 3472 ,

2022 3496 2243 3550 domum
2270 3504 2452 3564 postea
2481 3493 2785 3549 redeamus.
2813 3492 2946 3561 Quid
2977 3493 3131 3563 igitur
3157 3502 3260 3558 est,
3295 3493 3500 3564 Septem
3526 3495 3600 3547 ιιι·

2021 3587 2182 3641 tiones
2208 3584 2668 3641 solret?Primum
2709 3583 2924 3654 quidem
2970 3583 3302 3653 septenarius
3349 3599 3601 3639 numerus

2019 3679 2090 3734 de
2126 3678 2461 3734 multitudine
2491 3677 2685 3733 dicitur
2720 3677 2775 3731 in
2812 3676 2989 3730 divina
3036 3676 3307 3745 Scriptura
3343 3693 3360 3727 -.
3389 3677 3439 3731 id
3461 3676 3599 3746 quod

2022 3786 2166 3841 sazpe
2191 3772 2243 3826 in
2273 3771 2559 3840 Scripturis
2587 3771 2835 3839 occurrit,
2860 3779 2937 3833 ut.
2955 3768 3161 3824 Sterilis
3201 3771 3389 3840 peperit
3416 3778 3600 3839 septem

2021 3864 2101 3933 (ί.
2131 3863 2261 3934 Reg.
2290 3863 2347 3918 2.
2374 3864 2463 3934 5):
2493 3872 2547 3917 et
2574 3863 2786 3918 similia.
2816 3861 3126 3932 Conjectare
3150 3871 3328 3916 autem
3360 3862 3446 3917 hic
3478 3861 3601 3916 licet

2022 3954 2225 4020 peccati
2252 3953 2691 4024 magnitudinem,
2722 3961 2777 4007 et
2798 3952 2973 4021 ipsum
3003 3966 3108 4006 non
3131 3967 3292 4005 unum
3325 3961 3595 4021 peccatum

2016 4044 2373 4110 commisisse,
2403 4044 2497 4099 sed
2520 4053 2748 4113 septem,
2774 4058 2999 4111 quorum
3028 4041 3249 4112 quodvis
3278 4057 3371 4111 per
3398 4055 3457 4095 se
3484 4056 3598 4094 ina-

2020 4150 2123 4208 gua
2151 4150 2307 4206 pinna
2349 4135 2620 4191 luendum.
2654 4134 2816 4204 Igitur
2842 4133 3110 4203 quomodo
3138 4134 3250 4188 haec
3296 4133 3599 4188 numerabi-

2023 4229 2180 4283 mus?
2221 4228 2456 4283 Primum
2496 4226 2693 4281 invidet
2737 4225 2916 4289 fratri,
2947 4224 3085 4294 quod
3127 4225 3235 4279 Deo
3277 4226 3345 4278 sit
3373 4232 3594 4293 gratus:

2017 4317 2161 4389 quod
2187 4318 2233 4373 si
2271 4318 2445 4373 solum
2475 4316 2749 4384 adfuisset,
2778 4315 2843 4370 ad
2864 4315 3240 4376 accersendum
3270 4314 3346 4368 illi
3379 4315 3595 4370 exitium

2019 4409 2347 4475 suffecisset;
2377 4408 2632 4473 secundo,
2659 4407 2822 4464 frater
2849 4408 2995 4462 fratri
3022 4424 3119 4462 suo
3149 4406 3388 4473 invidet;
3419 4407 3592 4472 tertio,

2018 4501 2230 4557 fraudes
2260 4501 2502 4565 censuit;
2544 4511 2755 4571 quarto,
2783 4501 2983 4555 easdem
3008 4515 3173 4570 opere
3199 4500 3380 4568 implet
3406 4516 3420 4565 ;
3444 4501 3594 4569 quin-

2018 4600 2076 4648 to
2098 4633 2112 4658 ,
2140 4592 2355 4647 fratrem
2388 4593 2613 4658 occidit;
2641 4601 2792 4647 sexto
2810 4634 2825 4658 ,
2858 4591 3061 4661 primus
3097 4598 3319 4645 mortem
3348 4601 3593 4659 cperatus

2021 4692 2134 4750 est;
2162 4682 2392 4752 septimo
2410 4722 2429 4747 ,
2460 4683 2568 4736 Deo
2596 4682 2848 4736 mentitus
2877 4670 2983 4736 est.
3007 4680 3142 4736 Num
3171 4681 3437 4749 assequuti
3472 4681 3599 4737 estis

2020 4776 2161 4831 dicta
2183 4815 2198 4842 ,
2224 4789 2291 4829 an
2317 4789 2444 4831 vero
2471 4774 2631 4828 vultis
2660 4782 2717 4827 ut
2753 4787 2813 4826 ea
2840 4774 3029 4826 iterum
3057 4784 3425 4827 recenseamus
3448 4812 3463 4837 ,
3490 4786 3595 4840 quo

2020 4867 2199 4923 sciatis
2236 4865 2501 4937 quomodo
2532 4863 2939 4933 unumquodque
2967 4878 3061 4932 per
3085 4878 3143 4918 se
3186 4861 3512 4929 sufficiebat,
3543 4875 3597 4916 ut

2021 4957 2248 5012 inanima
2273 4956 2593 5026 plecteretur
2620 4955 2807 5024 pinna?
2827 4953 2958 5008 Nam
2986 4954 3104 5023 quis
3129 4954 3212 5009 vel
3238 4954 3389 5008 venia
3416 4953 3595 5023 digna-

2020 5057 2167 5103 retur
2192 5047 2344 5102 alteri
2373 5047 2695 5102 invidentem
2717 5088 2732 5114 ,
2762 5046 2906 5116 quod
2940 5045 3034 5100 Dei
3058 5045 3429 5101 benevolentia
3459 5044 3593 5100 fruc-

2021 5139 2197 5193 retur?
2218 5138 2358 5193 Ecce
2383 5152 2545 5192 unum
2571 5136 2860 5191 maximum
2881 5144 2935 5191 ct
2961 5136 3279 5205 inexpiabile
3300 5146 3593 5206 peccatum.

2018 5230 2219 5285 Deinde
2248 5230 2347 5285 hoc
2376 5231 2545 5299 majus
2570 5228 2885 5294 ostenditur,
2907 5228 3030 5298 quia
3070 5226 3234 5282 frater
3267 5237 3378 5281 erat
3402 5229 3487 5282 cui
3520 5227 3596 5280 in-

2018 5321 2246 5385 videbat,
2278 5328 2332 5375 et
2351 5320 2492 5375 nulla
2522 5320 2669 5374 illum
2703 5332 2921 5390 prorsus
2946 5318 3136 5387 injuria
3168 5317 3434 5372 affecerat.
3464 5318 3598 5372 Ecce

2016 5423 2069 5469 et
2101 5415 2199 5470 hoc
2238 5428 2451 5483 quoque
2491 5428 2599 5467 non
2637 5412 2852 5483 vulgare
2881 5420 3157 5481 peccatum
3196 5419 3297 5464 est.
3325 5408 3443 5463 Jam
3489 5417 3597 5464 ter-

2019 5505 2146 5559 tium
2171 5544 2188 5570 ,
2216 5503 2358 5574 quod
2387 5497 2540 5559 dolos
2568 5503 2770 5569 nexuit,
2799 5501 3020 5572 decepto
3042 5511 3095 5556 et
3123 5502 3174 5555 in
3201 5515 3446 5570 campum
3472 5499 3597 5553 alle-

2017 5606 2103 5651 cto
2131 5597 2328 5658 fratre.
2361 5609 2532 5664 neque
2558 5595 2725 5664 ipsam
2756 5604 2998 5649 naturaet
3027 5592 3310 5648 reveritus.
3341 5591 3595 5658 Quartum

2022 5699 2294 5759 peccatum
2326 5689 2435 5758 ipsa
2465 5697 2579 5744 erat
2623 5688 2830 5755 caedes,
2865 5702 3021 5760 quam
3058 5684 3397 5757 perpetravit.
3429 5681 3593 5754 Quin-
