4074 6134
323 284 431 348 165

318 403 574 474 τισμένη.
605 404 858 460 Τοιοῦτον
885 406 993 478 γάρ
1014 407 1150 472 ἐστι,
1179 409 1334 481 φησὶ,
1360 413 1422 466 τὸ
1447 415 1752 487 ἁμάρτημα
1771 416 1831 470 τὸ
1858 420 1988 489 παρ’

321 491 462 560 ὲμοῦ
487 492 728 562 γεγονὸς,
774 491 852 558 ῶς
899 493 1262 566 μὴδύνασθαι
1317 500 1664 573 συγχώρησιν
1713 504 1988 571 δέξασθαι.

335 578 493 641 Ἰδοὺ,
517 579 702 651 φησὶν,
733 580 1206 656 ἐξωμολογήσατο,
1246 589 1338 640 καὶ
1371 588 1822 660 έξωμολογήσατο
1854 590 1994 660 μετά

323 666 531 739 πολλῆς
558 667 657 738 τῆς
684 669 970 741 ἀκριϐείας
987 688 1001 701 ’
1055 672 1170 727 ἀλλ’
1202 662 1360 728 οὐδὲν
1373 676 1434 728 τὸ
1463 677 1674 748 κέρδος,
1706 677 1956 748 ἀγαπητέ
1975 692 1989 709 ο

323 752 556 823 ἄκαιρος
581 755 691 826 γὰρ
727 757 760 827 ή
805 755 1208 832 ἐξομολόγησις.
1239 759 1408 814 Τοῦτο
1435 761 1545 834 γάρ
1575 763 1741 834 ὲχρῆν
1767 765 1992 836 ποιῆσαι

326 839 387 892 ἐν
406 839 486 910 τῷ
517 842 696 913 καιρῷ
727 843 806 914 τῷ
853 845 1044 912 δέοντι,
1093 847 1181 900 ὅτε
1213 847 1436 903 δυνατὸν
1485 845 1554 920 ἦν
1587 851 1680 904 καὶ
1707 851 1806 920 τῆς
1840 851 1992 922 παρά

325 927 423 980 τοῦ
457 927 710 1010 δικαστοῦ
739 935 921 1003 τυχεῖν
959 934 1387 1008 φιλανθρωπίας.
1435 937 1864 1009 Μνημονεύσατέ
1899 955 1991 1010 μοι

328 1012 426 1068 νῦν
447 1007 522 1068 ὧν
549 1015 653 1086 πρὸ
682 1017 879 1087 μικροῦ
909 1018 1112 1088 ἔλεγον,
1141 1007 1225 1075 ὅτι
1249 1021 1388 1076 κατὰ
1410 1022 1510 1095 τήν
1535 1007 1748 1095 ἡμέραν
1776 1007 1991 1095 εκείνην

327 1101 430 1168 τήν
455 1101 714 1174 φοϐερὰν,
748 1105 842 1158 καὶ
868 1104 929 1158 τὸ
955 1108 1236 1178 κριτήριον
1266 1110 1442 1163 έκεῖνο
1468 1109 1529 1164 τὸ
1555 1109 1870 1174 ἀδέκαστον,
1899 1112 1992 1165 καὶ

326 1187 488 1258 ἡμῶν
521 1189 750 1254 ἕκαστος
793 1193 1200 1262 μεταγνώσεται
1257 1196 1351 1249 ἐπὶ
1395 1199 1508 1257 τοῖς
1561 1197 1988 1268 ἡμαρτημένοις,

327 1273 475 1344 ὁρῶν
505 1276 610 1346 πρὸ
637 1275 746 1332 τῶν
765 1278 1058 1350 ὀφθαλμῶν
1087 1281 1156 1334 τά
1179 1282 1386 1354 φοϐερά
1412 1284 1596 1337 ἐκεῖνα
1637 1284 1989 1355 κολαστήρια,

329 1361 538 1426 καὶτὰς
564 1363 795 1428 εὐθύνας
839 1365 940 1430 τὰς
975 1369 1380 1440 ἀπαραιτήτους
1405 1386 1421 1402 ο
1445 1370 1560 1423 ἀλλ’
1594 1371 1848 1442 οὐδεμίαν
1880 1371 1991 1436 ἕξει

327 1446 431 1516 τήν
459 1447 664 1518 ὄνησιν,
691 1451 1078 1522 προδεδομένος
1108 1453 1212 1506 ὑπὸ
1231 1454 1325 1507 τοῦ
1355 1454 1564 1526 καιροῦ.

417 1533 480 1587 Ἥ
505 1536 614 1608 γάρ
649 1538 904 1607 μετάνοια
932 1540 1064 1610 πρὶν
1093 1539 1192 1612 τήν
1217 1542 1488 1612 τιμωρίαν
1539 1543 1840 1615 ἐπαχθῆναι
1873 1559 1992 1598 και-

331 1621 426 1691 ρὸν
453 1620 588 1691 ἔχει,
615 1624 708 1676 καὶ
736 1625 886 1694 ἰσχὺν
914 1624 1137 1694 ἄφατον.
1167 1626 1258 1681 Διὸ
1287 1629 1586 1699 παρακαλῶ
1613 1670 1626 1694 ,
1654 1632 1742 1684 ὅτε
1771 1631 1993 1684 δυνατὸν

332 1707 622 1778 ἐνεργῆσαι
662 1707 812 1780 [167]
861 1711 922 1764 τὸ
971 1710 1284 1783 θαυμαστὸν
1332 1713 1493 1768 τοῦτο
1531 1716 1839 1787 φάρμακον,
1871 1717 1994 1770 τότε

329 1792 430 1864 τὴν
448 1795 576 1864 παρ’
595 1795 756 1849 αὐτοῦ
773 1797 1037 1866 ὠφέλειαν
1059 1798 1502 1870 καρπωσώμεθα,
1522 1803 1615 1855 καὶ
1629 1802 1704 1864 ὡς
1725 1802 1805 1856 ἔτι
1828 1803 1993 1873 ἐσμὲν

333 1881 390 1934 ὲν
417 1881 496 1952 τῷ
521 1883 743 1953 παρόντι
767 1883 888 1956 βίῳ,
911 1883 1009 1956 τὴν
1027 1885 1135 1939 ἀπὸ
1163 1887 1260 1958 τῆς
1284 1888 1570 1957 μετανοίας
1597 1889 1836 1960 ἰατρείαν
1865 1892 1994 1943 ἑαυο

336 1971 448 2032 τοῖς
475 1971 785 2042 ἐπάγωμεν,
817 1971 1078 2044 μαθόντες
1103 1974 1343 2046 ἀκριϐῶς
1363 1975 1438 2039 ὡς
1469 1976 1620 2030 οὐδὲν
1647 1979 1778 2048 ἡμῖν
1805 1976 1995 2046 ὄφελος

336 2055 490 2110 ἔσται
519 2057 640 2110 τότε
655 2058 1142 2128 μεταγινώσκουσι,
1161 2061 1300 2131 μετά
1326 2063 1388 2115 τὸ
1410 2062 1632 2134 λυθῆναι
1657 2063 1718 2117 τὸ
1746 2063 1991 2135 θέατρον,

334 2147 428 2200 καὶ
457 2143 547 2200 τὸν
581 2147 686 2202 τῶν
723 2149 1112 2222 παλαισμάτων
1155 2153 1346 2224 καιρὸν
1366 2153 1741 2224 ἀναιρεθῆναι.

401 2251 464 2306 δ’.
501 2253 638 2306 Ἀλλ’
667 2254 759 2308 ἐπὶ
809 2255 872 2308 τὺ
909 2256 1265 2328 προκείμενον
1300 2258 1702 2329 ἐπανέλθωμεν.
1733 2259 1860 2314 Δέον
1884 2258 1992 2330 γάρ

332 2339 492 2409 ἡνίκα
514 2342 763 2412 ἠρωτᾶτο
785 2341 933 2413 παρὰ
957 2343 1050 2396 τοῦ
1077 2345 1368 2412 Δεσπότου,
1399 2347 1524 2401 Ποῦ
1555 2347 1728 2402 Ἅϐελ
1759 2348 1792 2400 ὁ
1817 2347 1995 2402 ἀδελ·-

331 2426 444 2495 εεός·
467 2443 615 2492 σου;
660 2429 780 2482 τότε
811 2429 1144 2501 ὁμολογῆσαι
1179 2432 1241 2484 τὸ
1267 2432 1663 2504 πλημμέλημα,
1705 2435 1798 2488 καί
1827 2451 1995 2506 προσ-

332 2517 535 2579 πεσεῖν,
565 2517 655 2568 καὶ
682 2515 958 2587 δεηθῆναι,
989 2518 1081 2571 καὶ
1098 2517 1430 2590 συγγνώμην
1457 2521 1677 2590 αἰτῆσαι
1701 2537 1714 2552 ·
1742 2523 1770 2574 ὁ
1790 2521 1847 2574 δὲ
1871 2521 1992 2574 τότε

333 2598 433 2668 μὲν
466 2597 560 2668 τήν
597 2600 839 2670 ἰατρείαν
867 2601 1251 2672 ἀπεπέμψατο,
1291 2605 1408 2658 νυνὶ
1439 2605 1517 2669 δὲ,
1551 2604 1692 2676 μετά
1727 2605 1825 2675 τήν
1859 2606 1994 2659 ἀπό-

333 2701 516 2752 φασιν,
545 2685 682 2756 μετά
705 2686 767 2738 τὸ
794 2687 977 2740 λαϐεῖν
1015 2687 1166 2752 τέλος
1209 2688 1445 2756 ἅπαντα,
1485 2692 1628 2762 μετά
1677 2693 1738 2745 τὸ
1765 2693 1993 2764 λαμπρᾷ

329 2774 397 2843 τῇ
425 2777 573 2844 φωνῇ
602 2772 699 2844 τὴν
732 2775 1064 2848 κατηγορίαν
1093 2777 1193 2830 ὑπὸ
1225 2777 1318 2830 τοῦ
1349 2779 1582 2850 αἵματος
1609 2781 1861 2849 γενέσθαι
1899 2781 2020 2834 τοῦ.

333 2862 605 2930 κειμένου,
656 2863 1076 2934 ὲξομολογεῖται,
1107 2865 1200 2919 καὶ
1228 2865 1380 2920 οὐδὲν
1431 2866 1676 2921 ἐντεῦθεν
1705 2868 1989 2939 κερδαίνει.

333 2947 422 3001 Διὸ
452 2948 544 3002 καὶ
569 2951 596 3002 ὁ
625 2955 907 3022 προφήτης
933 2951 1085 3020 ἔλεγε
1108 2969 1120 2982 ·
1151 2952 1386 3018 Δίκαιος
1419 2953 1636 3008 ἑαυτοῦ
1665 2954 1994 3023 κατήγορος

331 3035 402 3088 ἐν
426 3039 814 3106 πρωτολογίᾳ.
845 3039 952 3092 Καὶ
975 3031 1128 3103 οὗτος
1151 3039 1353 3104 τοίνυν,
1392 3042 1440 3092 εί
1475 3041 1740 3114 προέλαϐε
1775 3043 1864 3096 τὸν
1896 3043 1992 3096 τοῦ

334 3126 602 3178 Δεσπότου
635 3125 872 3196 ἔλεγχον,
901 3125 1029 3190 ἴσως
1075 3127 1140 3180 ἂν
1167 3127 1372 3198 ἠξιώθη
1411 3130 1552 3192 τινὸς
1587 3129 1994 3201 φιλανθρωπίας

333 3213 422 3266 δια
473 3213 568 3286 τὴν
594 3213 818 3286 ἄπειρον
865 3215 957 3268 τοῦ
985 3216 1254 3270 Δεσπότω
1293 3217 1622 3288 ἀγαθότητα.
1685 3219 1851 3272 Οὐδὲν
1884 3221 1993 3292 γάρ

335 3301 482 3354 ἐστιν
505 3301 826 3372 ἁμάρτημα,
859 3303 962 3356 κᾶν
989 3304 1192 3374 σφόδρα
1233 3303 1376 3374 μέγα
1409 3301 1478 3376 ᾖ,
1513 3303 1677 3359 νικῶν
1701 3306 1866 3360 αὑτοῦ
1895 3309 1994 3378 τήν

336 3388 760 3458 φιλανθρωπίαν,
789 3389 882 3442 ὲὶιν
902 3390 1060 3460 ἡμεῖς
1089 3390 1146 3440 έν
1185 3389 1361 3460 καιρῷ
1391 3391 1468 3461 τῷ
1494 3391 1664 3445 δέοντι
1694 3392 1793 3462 μὲν
1831 3395 1994 3463 μετά-

334 3495 482 3529 νοιαν
503 3475 916 3546 ἐπιδειξώμεθα,
951 3477 1041 3530 καὶ
1073 3478 1170 3548 τήν
1206 3479 1532 3551 συγγνώμην
1570 3479 1829 3550 αἰτῶμεν.
1885 3483 1994 3535 Καὶ

333 3560 462 3619 εἶπε
498 3563 644 3618 Κὰτν
669 3581 684 3596 ο
725 3563 944 3625 Memor
978 3565 1016 3633 ἡ
1050 3566 1206 3618 αἰτία
1237 3584 1356 3635 μου
1408 3567 1512 3620 τοῦ
1565 3567 1856 3636 ἀφεθῆναί
1894 3585 1991 3638 με.

347 3652 526 3724 Ἱκανὴ
555 3650 956 3723 ἐξομολόγησις,
993 3651 1108 3705 ἀλλ’
1139 3654 1384 3727 ἄκαιρος.
1421 3655 1530 3707 Καὶ
1568 3651 1742 3721 εἷπεν,
1785 3657 1853 3710 El
1903 3655 1996 3709 ἐκ·

336 3741 576 3806 ϐάλλεις
627 3757 704 3810 με
761 3739 1024 3808 σήμερον
1068 3741 1184 3794 ἀπὸ
1231 3741 1556 3809 προσώπου
1589 3740 1701 3810 τῆς
1738 3740 1866 3812 γῆς,
1897 3743 1997 3798 καὶ

335 3827 450 3882 ἀπὸ
477 3827 582 3882 τοῦ
607 3826 928 3894 προσώπου
945 3843 1060 3881 σου
1087 3826 1478 3897 προϐήσομαι,
1499 3828 1596 3882 καί
1625 3828 1836 3899 ἔσομαι
1862 3828 1996 3883 στέ-

338 3931 459 3968 νων
488 3915 586 3970 καί
619 3913 840 3984 τρέμων
866 3914 964 3968 ἐπὶ
986 3914 1094 3982 τῆς
1123 3913 1260 3984 γῆς·
1293 3915 1388 3969 καί
1415 3916 1605 3979 ἕσται,
1627 3913 1746 3982 πᾶς
1782 3919 1814 3969 o'
1839 3917 1998 3985 εὑρί-

336 4018 504 4056 σκων
527 4018 626 4071 με,
655 4000 970 4055 ἁπολτενεῒ
987 4015 1082 4071 με.
1125 4001 1264 4072 Ὅρα
1287 4001 1402 4064 πῶς
1431 4001 1636 4054 ἐλεεινά
1659 4003 1726 4056 τὰ
1753 4003 1992 4074 ῥήματα,

337 4091 432 4142 καὶ
463 4089 550 4144 διὰ
572 4089 670 4161 τὴν
698 4089 974 4161 ἀκαιρίαν,
1004 4097 1098 4142 καί
1137 4087 1225 4142 διὰ
1273 4089 1336 4142 τὸ
1387 4087 1739 4159 προδεδόσθαι
1764 4089 1868 4143 ὑπὸ
1900 4091 1996 4144 τοῦ

339 4176 532 4246 καιροῦ
559 4174 810 4247 οὐδεμίαν
841 4175 940 4247 τὴν
991 4177 1142 4246 ἰσχὺν
1183 4176 1518 4246 κεκτημένα.
1576 4176 1688 4230 Καὶ
1719 4172 1892 4244 εἶπεν,
1929 4181 1998 4234 Εἰ

337 4261 648 4330 ἐκϐάλλεις
681 4279 756 4332 με
814 4262 1079 4332 σήμερον
1107 4264 1224 4317 ἀπὸ
1255 4261 1576 4332 προσώπου
1599 4262 1708 4332 τῆς
1730 4263 1864 4333 γῆς,
1897 4267 1996 4321 καί

339 4350 455 4405 ἀπὸ
481 4351 584 4405 τοῦ
605 4350 924 4420 προσώπου
947 4364 1062 4404 σου
1087 4347 1477 4418 προϐήσομαι,
1508 4350 1606 4404 καὶ
1625 4353 1836 4420 ἔσομαι
1863 4353 1998 4407 στέ-

337 4458 458 4495 νων
483 4439 582 4494 καὶ
605 4439 827 4508 τρέμων
847 4437 946 4491 ἐπὶ
973 4437 1081 4506 τῆς
1110 4436 1224 4506 γῆς
1243 4454 1258 4470 °
1279 4439 1376 4491 καὶ
1399 4437 1590 4504 ἔσται,
1629 4437 1748 4504 πᾶς
1779 4442 1811 4494 ό
1843 4441 2000 4509 852p!-

336 4543 502 4582 σκων
522 4542 618 4596 με,
643 4523 962 4582 ἀποκτενεῖ
973 4541 1068 4593 με.
1101 4525 1162 4576 Εἰ
1181 4526 1246 4594 τῇ
1263 4527 1354 4595 γῇ,
1383 4525 1566 4594 φησὶν,
1593 4527 1997 4600 ἑπικατάρατόν

340 4631 408 4685 με
439 4614 696 4685 ἐποίησας
721 4651 738 4676 ,
779 4611 873 4664 καὶ
905 4609 1066 4672 αὐτός
1101 4626 1167 4680 με
1217 4613 1594 4682 ἀπεστράφης,
1630 4613 1724 4666 καὶ
1760 4614 1996 4688 τοσαύτῃ

335 4703 574 4774 τιμωρία
631 4699 977 4772 παρέδωκας,
1026 4696 1166 4750 ὥστε
1203 4697 1409 4751 στένειν
1442 4701 1536 4751 καὶ
1579 4699 1820 4771 τρέμειν,
1847 4703 1998 4758 οὐδὲν

335 4795 396 4846 τὸ
423 4791 630 4845 κωλύον
666 4790 850 4844 λοιπὸν
878 4791 966 4843 τὸν
999 4790 1057 4842 ὲν
1100 4787 1305 4852 τούτοις
1331 4789 1479 4855 ὄντα,
1509 4790 1603 4844 καὶ
1643 4792 1999 4862 γυμνωθέντα

335 4881 436 4950 τῆς
482 4877 634 4948 παρᾶ
687 4876 779 4929 σοῦ
824 4877 996 4948 ῥοπῆς
1035 4876 1140 4930 ὑπὸ
1183 4875 1277 4929 τοῦ
1328 4876 1584 4946 τυχόντος
1623 4878 1994 4951 ἀναιρεθῆναι,

335 4963 783 5034 Εὑεπιχείρητος,
821 4963 1004 5031 φησὶν,
1045 4961 1240 5033 ἔσομαι
1273 4963 1436 5017 παντὶ
1460 4961 1537 5034 τῷ
1571 4963 1878 5037 βουλομένῳ
1931 4983 1998 5036 με

337 5051 566 5108 ἀνελεῖν.
589 5047 728 5103 Οὔτε
757 5048 867 5119 γὰρ
895 5049 1056 5112 αὐτὸς
1093 5049 1260 5120 ίσχύω
1281 5051 1595 5122 ἀντιστῆναι
1641 5052 1998 5124 διαλελυμένα

336 5143 406 5195 τὰ
435 5139 573 5210 μέλη
603 5137 934 5210 περιφέρων,
978 5137 1073 5190 καὶ
1101 5137 1433 5208 πανταχόθεν
1479 5139 1838 5209 σαλευόμενος
1860 5155 1876 5172 ο
1905 5142 2000 5194 καὶ

339 5230 399 5283 τὺ
426 5227 622 5282 εἰδέναι
649 5226 916 5288 ἅπαντας,
939 5225 1020 5277 ὅτι
1047 5225 1146 5295 τῆς
1179 5225 1275 5295 σῆς
1303 5224 1624 5296 ἐγυμνώθην
1669 5225 1860 5297 ῥοπῆς,
1895 5243 1996 5280 πα.

342 5314 665 5388 ρασκευάσει
695 5313 787 5367 τὸν
823 5311 1141 5383 βουλόμενον
1169 5312 1260 5364 ἐπὶ
1294 5311 1391 5384 τήν
1427 5312 1704 5380 ἀναίρεσιν
1730 5311 1829 5384 τὴν
1860 5313 1999 5386 ἐμὴν

338 5403 596 5476 ὁρμῆσαι.
624 5402 689 5456 Τί
735 5395 828 5456 οὖν
855 5401 884 5452 ὁ
913 5397 1292 5469 φιλάνθρωπος
1333 5399 1426 5452 καὶ
1459 5398 1662 5466 ἀγαθὸς
1689 5401 1997 5472 Δεσπότης;

338 5489 449 5545 Καὶ
476 5485 644 5543 εἶπεν
669 5485 828 5554 αὐτῷ
855 5484 1073 5555 Κύριος
1109 5487 1142 5539 ό
1171 5485 1314 5550 Θεός
1333 5501 1346 5515 ·
1375 5486 1498 5552 οὐχ
1527 5485 1697 5538 οὕτω.
1741 5485 1833 5556 Μή
1857 5487 2002 5556 νομί-

341 5593 461 5648 σῃς,
494 5575 647 5648 φησὶ,
687 5574 861 5630 ταῦτα
914 5572 1057 5626 οὔτω
1087 5570 1352 5640 γίνεσθαι.
1403 5571 1536 5624 Οὐδὲ
1580 5571 1688 5642 γάρ
1718 5569 1892 5634 ἔξεστι
1923 5572 2000 5644 τῷ

343 5665 645 5736 βουλομένῳ
673 5679 733 5716 σε
759 5661 989 5726 ἀνελεῖν,
1017 5659 1152 5714 ἀλλά
1176 5661 1240 5731 τῇ
1270 5658 1573 5730 παρατάσει
1613 5657 1712 5728 τῆς
1735 5658 1878 5729 ζωῆς
1897 5661 1998 5731 τῆς

343 5753 442 5822 σῆς
471 5751 566 5806 καὶ
592 5751 676 5804 σοὶ
698 5749 915 5804 πλείονα
935 5748 1034 5819 τήν
1062 5747 1256 5816 ὀδύνην
1285 5747 1610 5818 ἐργάσομαι,
1628 5745 1722 5798 καὶ
1746 5744 1996 5800 διδάσκα-

341 5835 431 5896 λον
459 5836 764 5904 καταλείψω
795 5838 912 5901 ταῖς
940 5836 1019 5899 εἰς
1043 5834 1106 5889 τὸ
1139 5833 1266 5906 ἑξῆς
1315 5837 1545 5903 γενεαῖς,
1601 5833 1686 5886 ἵνα
1714 5833 1748 5904 ἡ
1781 5831 1848 5902 σὴ
1899 5833 1994 5888 θέα

1483 299 1551 355 ΙΝ
1589 302 1742 358 CAP.
1780 301 1846 358 ιν
1886 303 2132 360 GENES.
2171 305 2405 366 HOMIL.
2441 311 2582 367 XIX.

3649 309 3752 366 161

2097 424 2476 494 σωφρονισμὸς
2521 416 2703 486 αὑτοῖς
2745 422 2988 494 γένηται,
3021 422 3113 478 καὶ
3153 425 3340 494 μηδεὶς
3359 424 3424 495 τῇ
3455 426 3520 496 σῇ
3557 424 3750 501 γνώμῃ

2093 504 2558 577 κατακολουθήσῃ.
2597 505 2708 560 Καὶ
2735 501 2864 559 εἰπε
2893 506 3109 576 Κύριος
3135 509 3170 562 d
3211 507 3356 572 Θεός
3375 523 3390 536 ”
3423 509 3546 577 Οὐκ
3573 509 3748 566 οὕτω.

2088 584 2212 651 ΙΙᾶς
2247 589 2280 640 ὀ
2308 588 2667 656 ἀποκτείνας
2707 589 2857 644 Κάῒν
2875 591 3024 646 ἑπτὰ
3056 591 3451 661 ἐκδικοὺμενα
3481 598 3750 662 παραλύ-

2088 682 2204 748 σει.
2237 669 2388 740 Τάχα
2421 671 2590 726 πολλά
2633 673 2702 728 τὰ
2740 675 3025 746 εἰρημένα,
3077 675 3171 728 καὶ
3225 675 3394 729 πολὺν
3420 675 3499 746 τῷ
3537 677 3750 748 σώματι

2087 747 2179 834 τὸν
2210 751 2484 834 ῌκάματον
2525 755 2981 826 προεξενήσαμεν.
3046 755 3206 810 Ἀλλά
3265 757 3320 810 τί
3353 757 3538 824 πάθω;
3598 747 3747 834 [ίϐδ]

2101 829 2274 902 ὐρῶν
2301 836 2410 906 γὰρ
2429 837 2584 906 ὑμῶν
2609 835 2707 908 τὴν
2733 838 3020 908 φιληκοΐαν
3051 839 3146 893 καὶ
3173 840 3490 911 ἀκμάζοντα
3530 829 3622 897 τὸν
3659 829 3750 897 πόῖ
3803 832 3810 839 ’

2089 912 2180 966 θον
2207 915 2672 990 ἐπιδεικνυμένην,
2700 918 2959 991 βούλομαι
2975 921 3068 974 καὶ
3097 925 3211 984 τοῖς
3231 922 3501 991 λειψάνοις
3530 923 3750 989 ἐπεξελ-

2090 993 2222 1059 θεῖν,
2272 999 2366 1051 καὶ
2422 1001 2562 1055 κατὰ
2589 1001 2818 1072 δύναμιν
2845 1003 2945 1075 τὴν
2972 1002 3108 1074 ἐμήν
3148 1005 3500 1075 ἑρμηνεῦσαι.
3537 1005 3601 1056 Τί
3630 1006 3750 1058 ἐστι

2087 1075 2168 1138 τὸ,
2211 1075 2396 1134 Ἑπτὰ
2421 1081 2812 1152 ἐκδικούμενα
2837 1085 3171 1152 παραλύσει
3188 1103 3209 1151 ;
3249 1083 3409 1138 Ἀλλά
3454 1085 3613 1138 πάλιν
3659 1085 3748 1140 δέ·

2089 1155 2242 1214 δοικα
2271 1161 2444 1234 μὴτῷ
2463 1163 2654 1236 πλήθει
2689 1165 2797 1218 τῶν
2821 1165 3128 1236 λεγομένων
3156 1168 3250 1220 καὶ
3275 1167 3372 1240 τὴν
3405 1167 3624 1239 μνήμην
3650 1185 3750 1222 κα-

2089 1241 2424 1322 ταχώσωμεν
2458 1246 2566 1299 τῶν
2603 1248 2929 1319 εἰρημένων,
2959 1249 3052 1302 καὶ
3080 1252 3404 1322 προσκορεῖς
3438 1252 3566 1322 ὑμῖν
3593 1267 3750 1321 νομι-

2091 1321 2240 1394 σθείη
2251 1341 2349 1395 μεν
2381 1338 2427 1382 α.
2476 1327 2614 1380 Ἀλλ’
2645 1330 2693 1382 εἰ
2717 1329 2793 1400 μὴ
2817 1330 3152 1401 ἀπεκάμετε,
3174 1321 3492 1401 ἀνάσχεσθε,
3520 1331 3612 1384 καὶ
3639 1331 3752 1385 διαι-

2088 1402 2346 1470 λύσαντες
2375 1408 2436 1461 τὸ
2454 1409 2810 1482 προκείμενον
2830 1411 2972 1465 οὕτω
2995 1413 3432 1484 καταπαύσωμεν
3463 1413 3553 1467 τὸν
3568 1413 3748 1481 λόγον.

2088 1487 2198 1540 Καὶ
2235 1489 2404 1543 εἶπεν
2447 1489 2606 1556 αὐτῷ
2633 1495 2848 1562 Κύριος
2875 1496 2908 1548 ό
2936 1495 3080 1560 Θεός
3101 1509 3116 1523 ·
3167 1496 3288 1564 Οὐχ
3317 1495 3486 1549 οὕτω.
3537 1493 3664 1560 Πᾶς
3717 1497 3750 1549 ό

2088 1571 2444 1640 ἀποκτείνας
2479 1576 2630 1628 Κάτν
2659 1577 2811 1630 ἑπτὰ
2833 1576 3224 1647 ἐκδικούμενα
3257 1579 3613 1647 παραλύσει.
3637 1580 3750 1636 Καὶ

2089 1653 2254 1709 ἔθετο
2277 1657 2492 1724 Κύριος
2513 1662 2545 1712 ό
2569 1658 2715 1725 Θεὸς
2750 1659 3002 1730 σημεῖον
3037 1659 3118 1726 τῷ
3154 1659 3324 1725 Κὰϊν,
3363 1662 3470 1716 τοῦ
3503 1660 3590 1730 μὴ
3619 1661 3753 1716 ἀνευ

2089 1735 2222 1790 λεῖν
2241 1738 2430 1793 αὐτὸν
2461 1738 2658 1795 πάντα
2700 1743 2808 1796 τὸν
2832 1726 3196 1810 εὑρίσκοντα
3233 1745 3438 1797 αὐτόν.
3461 1743 3630 1797 Τοῦτο
3667 1743 3752 1796 δέ-

2089 1816 2291 1883 δοικας,
2311 1823 2462 1892 φησὶ,
2491 1821 2586 1874 τοῦ
2610 1822 2684 1894 μή
2713 1823 3092 1895 ἀναιρεθῆναι;
3123 1824 3345 1896 Θάρσει,
3375 1826 3455 1879 ὅτι
3483 1825 3582 1878 οὐκ
3599 1824 3752 1878 ἔσται

2089 1899 2264 1954 τοῦτο.
2293 1903 2401 1955 Καὶ
2433 1902 2540 1975 γάρ
2569 1904 2600 1956 ὁ
2627 1905 2783 1958 τοῦτο
2806 1905 3122 1976 πεποιηκὼς
3149 1906 3288 1960 ἐπτά
3319 1907 3606 1977 τιμωρίαις
3629 1909 3753 1959 έαυ-

2089 1983 2180 2036 τὸν
2212 1983 2508 2038 ὑπεύθυνον
2563 1987 2924 2056 καταστήσειε
2957 1987 3044 2042 διά
3074 2005 3152 2040 τοι
3187 1987 3345 2040 τοῦτο
3393 1989 3486 2042 καὶ
3525 1990 3751 2058 σημεῖον

2090 2064 2372 2136 ἐπιτίθημί
2407 2083 2507 2132 σοι,
2539 2067 2680 2121 ὥστε
2712 2068 2916 2139 μηδένα
2947 2069 3308 2140 ἀγνοήσαντα,
3355 2070 3450 2122 καὶ
3496 2068 3752 2123 ἀνελόντα

2093 2164 2174 2206 σε.
2222 2147 2519 2204 ὑπεύθυνον
2567 2149 2760 2204 ἑαυτὸν
2797 2153 2916 2214 ταῖς
2937 2150 3209 2215 τοιαύταις
3234 2151 3526 2223 τιμωρίαις
3578 2166 3750 2206 κατα-

2093 2245 2304 2300 στησαι.

2163 2387 2228 2434 ε’.
2247 2379 2405 2436 Ἀλλὰ
2435 2383 2764 2454 σαφέστερον
2779 2385 2923 2455 ὑμᾶς
2947 2386 3213 2456 προσήκει
3238 2382 3463 2449 διδάξαι,
3484 2383 3599 2447 πῶς
3615 2381 3756 2437 ἑτιτά

2090 2465 2379 2534 τιμωρίαις
2409 2467 2706 2530 ὑπεύθυνος
2731 2466 2938 2534 γίνεται
2973 2469 3001 2520 ὀ
3043 2467 3138 2520 τὸν
3169 2468 3308 2520 Κάῖν
3335 2465 3558 2520 ἀνελών.
3595 2463 3756 2519 Ἀλλά

2091 2547 2406 2616 προσέχετε,
2437 2548 2760 2620 παρακαλῶ.
2791 2548 2855 2602 Εἰ
2885 2549 2992 2621 γάρ
3025 2549 3098 2622 μὴ
3132 2549 3247 2612 νῦν,
3277 2549 3528 2620 καθάπερ
3561 2551 3617 2602 ἐν
3636 2551 3753 2612 ταῖς

2092 2629 2490 2700 προλαϐούσαις
2543 2632 2782 2706 ἡμέραις
2815 2633 3117 2704 εἰρήκαμεν
3175 2631 3434 2695 πολλάκις
3482 2631 3620 2703 πρὸς
3651 2631 3754 2702 τὴν

2092 2713 2358 2784 ὑμετέραν
2381 2713 2626 2782 ἀγάπην,
2646 2715 2738 2766 ὅτε
2765 2714 3020 2785 νηστείας
3061 2715 3252 2785 καιρὸς
3272 2755 3288 2780 ,
3339 2715 3434 2768 καὶ
3487 2713 3756 2784 τοσαύτης

2091 2794 2330 2865 γαλήνης
2360 2795 2727 2866 ἀπολαύομεν,
2762 2797 2858 2850 καὶ
2897 2797 3306 2868 ἀπηλλαγμένοι
3338 2796 3449 2850 τῶν
3478 2796 3756 2867 λογισμῶν

2091 2876 2198 2930 τῶν
2223 2879 2598 2950 ταραττόντων
2625 2879 2784 2949 ἡμῶν
2816 2878 2916 2950 τὴν
2948 2881 3217 2944 διάνοιαν,
3247 2881 3316 2935 τά
3349 2883 3406 2935 ὲν
3433 2883 3555 2944 ταῖς
3581 2881 3756 2944 θείαις

2093 2958 2338 3030 Γραφαῖς
2361 2961 2655 3030 ὲγκείμενα
2677 2963 3101 3032 κατανοήσωμεν
3133 2963 3272 3032 μετά
3299 2963 3606 3034 ἀκριϐείας,
3625 2963 3754 3016 πότε

2092 3039 2432 3110 δυνησόμεθα
2481 3041 2652 3097 ταῦτα
2687 3043 2878 3114 μαθεῖν
2915 3044 2972 3096 ἐν
3003 3043 3174 3115 ἑτέρῳ
3209 3043 3416 3114 καιρῷ;
3451 3045 3542 3098 Διὸ
3577 3062 3756 3116 παρα-

2093 3122 2264 3186 καλῶ,
2290 3125 2384 3176 καὶ
2413 3123 2624 3194 δέομαι,
2662 3125 2756 3178 καὶ
2785 3124 3070 3189 ἀντιϐολῶ,
3102 3128 3383 3197 μονονουχὶ
3410 3128 3502 3181 καὶ
3526 3127 3632 3180 τῶν
3663 3145 3756 3197 γο-

2091 3205 2266 3258 νάτων
2297 3205 2449 3274 ὑμῶν
2473 3206 2842 3278 καθάπτομαι,
2893 3208 3033 3278 μετὰ
3079 3210 3480 3280 συντεταμένης
3519 3210 3754 3274 διανοίας
3785 3267 3789 3270 ,

2091 3290 2202 3350 τοῖς
2227 3287 2538 3358 λεγομένοις
2576 3291 2950 3361 προσέχωμεν,
2988 3291 3072 3342 ἵνα
3105 3291 3530 3362 καρπωσάμενοί
3557 3309 3609 3345 τι
3633 3308 3755 3359 γεν-

2093 3374 2238 3424 ναῖον
2273 3371 2366 3424 καὶ
2397 3369 2620 3442 ὑψηλὸν,
2654 3369 2825 3434 οὕτως
2879 3371 3061 3424 οἴκαδε
3109 3371 3512 3442 ἐπανέλθωμεν.
3535 3387 3544 3397 ‘
3571 3373 3636 3426 Τί
3660 3369 3757 3426 οὖν

2093 3453 2210 3506 ἐστι
2237 3453 2316 3516 τὸ,
2365 3451 2549 3506 Ἑπτὰ
2573 3452 2962 3522 ἐκδικούμενα
2993 3455 3330 3522 παραλύσει
3347 3470 3368 3520 ;
3398 3455 3620 3527 Πρῶτον
3656 3451 3755 3520 μὲν

2093 3537 2121 3590 ὀ
2145 3537 2252 3590 τῶν
2278 3536 2419 3590 ἑπτά
2439 3537 2668 3607 ἀριθμὸς
2697 3537 2790 3589 ἐπὶ
2822 3536 3059 3607 πλήθους
3083 3536 3416 3608 λαμϐάνεται
3451 3540 3510 3592 ὲν
3535 3541 3602 3610 τῇ
3636 3538 3757 3608 θείᾳ

2093 3621 2236 3691 Γρας
2251 3621 2307 3690 ᾖ.
2327 3617 2596 3672 καὶτοῦτο
2617 3618 2884 3688 πολλαχοῦ
2905 3617 3054 3689 εὖροι
3068 3635 3151 3682 τις
3173 3619 3237 3672 ἂν
3257 3619 3398 3673 οὓτω
3428 3621 3675 3690 κείμενον
3704 3622 3754 3685 δ,

2093 3701 2170 3764 ώς
2199 3701 2280 3764 τὸ,
2313 3701 2522 3767 Στείρα
2553 3699 2759 3753 ἔτεκεν*
2789 3700 2958 3762 ἑπτὰ,
2995 3699 3090 3752 καὶ
3115 3699 3216 3752 ὅσα
3243 3700 3482 3752 τοιαῦτα.
3518 3701 3759 3754 Αἰνίττε-

2093 3800 2182 3838 ται
2212 3783 2269 3836 δὲ
2298 3785 2429 3854 ήμῖν
2452 3781 2684 3836 ἐνταῦθα
2709 3781 2801 3834 τοῦ
2824 3781 3175 3852 τολμήματος
3197 3783 3256 3834 τὸ
3282 3781 3527 3852 μέγεθος,
3558 3783 3653 3836 καὶ
3674 3784 3757 3836 ὅτι

2094 3868 2192 3936 οὐχ
2215 3866 2274 3920 ἓν
2305 3869 2420 3918 ἐστι
2449 3865 2508 3918 τὸ
2545 3865 2844 3934 ἁμάρτημα
2887 3863 2946 3916 τὺ
2979 3866 3110 3934 παρ’
3136 3865 3343 3916 ἐκείνου
3369 3864 3608 3934 γεγονὸς,
3639 3865 3757 3918 ἀλλ’

2096 3949 2235 4004 έπτά
2269 3949 2642 4019 ἁμαρτήματα
2669 3987 2684 4010 ,
2743 3947 2836 4000 καὶ
2871 3948 3112 4016 μεγάλην
3147 3947 3234 4015 ἐφ’
3269 3947 3484 4018 ἑκάστῳ
3513 3948 3758 4018 ἀμαρτήο

2099 4051 2228 4104 ματι
2281 4031 2379 4103 τὴν
2411 4029 2678 4102 τιμωρίαν
2738 4028 2966 4100 ὤφειλεν
2997 4031 3273 4100 ὑποσχεῖν.
3333 4029 3452 4094 Πῶς
3481 4027 3574 4083 οὖν
3619 4029 3760 4083 αὐτά

2095 4116 2624 4188 ἀπαρισμησόμεθας
2679 4115 2740 4168 Εἰ
2788 4112 2948 4168 τοῦτο
2997 4111 3346 4183 λογισόμεθα⁹
3396 4113 3630 4184 πρῶτον,
3674 4113 3760 4166 ὅτι

2094 4198 2364 4269 ἐϐάσκηνε
2386 4196 2464 4268 τῷ
2488 4195 2704 4266 ἀδελφῷ
2726 4195 2816 4248 διὰ
2837 4193 2935 4265 τὴν
2956 4191 3169 4248 εὔνοιαν
3192 4193 3288 4264 τὴν
3309 4193 3459 4264 παρά
3481 4192 3572 4246 τοῦ
3595 4192 3755 4246 Θεοῦ·

2095 4283 2232 4352 ὅπερ
2278 4281 2372 4334 καὶ
2433 4279 2591 4350 μόνον
2637 4277 2838 4350 προσὸν
2889 4277 3072 4330 ἰκανὸν
3118 4271 3186 4346 ἦν
3218 4275 3366 4346 αὑτῷ
3397 4275 3488 4328 τὸν
3537 4273 3760 4345 ὄλεθρον

2097 4364 2428 4432 ὲπαγαγείνο
2460 4361 2734 4433 δεύτερον,
2757 4363 2840 4415 ὅτι
2873 4361 2964 4414 τὸν
2999 4361 3129 4414 ἴδιον
3163 4359 3390 4428 ἀδελφόν
3413 4377 3424 4389 υ
3451 4359 3654 4428 τρίτον,
3676 4359 3761 4412 ὅτι

2094 4447 2245 4501 δόλον
2273 4445 2477 4516 ἔρραψε
2495 4460 2506 4474 ·
2529 4443 2808 4514 τέταρτον,
2826 4444 2909 4496 ὅτι
2927 4443 3016 4494 τὸν
3044 4441 3202 4511 φόνον
3231 4440 3432 4512 ἔπραξε
3449 4458 3464 4470 ·
3487 4441 3760 4510 πέμπτον,

2097 4531 2179 4583 ὅτι
2215 4529 2306 4582 τὸν
2339 4525 2566 4595 ἀδελφὸν
2597 4527 2884 4594 ἐφόνευσεν
2905 4543 2918 4556 ·
2952 4525 3129 4586 ἕκτον,
3163 4525 3244 4576 ὅτι
3292 4523 3506 4594 πρῶτος
3535 4523 3627 4577 τὸν
3661 4523 3760 4592 φό-

2097 4626 2187 4666 νον
2221 4621 2243 4648 ο
2272 4608 2595 4680 είργάσατοο
2620 4607 2867 4676 ἕϐδομον,
2887 4607 2967 4659 ὅτι
2990 4605 3080 4658 τὸν
3107 4604 3238 4657 Θεὸν
3255 4604 3544 4674 ἐψεύσατο.
3573 4607 3761 4676 Παρηο

2099 4691 2462 4760 κολουθήσατε
2494 4693 2608 4753 τοῖς
2663 4689 2928 4760 ῥηθεῖσιν,
2981 4687 3014 4757 ἢ
3070 4685 3321 4757 βούλεσθε
3359 4685 3566 4740 ἀνωθεν
3619 4684 3760 4738 αὑτά

2099 4775 2259 4830 πάλιν
2291 4770 2821 4843 ἀπαριθμησώμεθα,
2843 4769 2930 4822 ἵνα
2959 4769 3134 4841 εἰδῆτε
3160 4767 3276 4830 πῶς
3303 4768 3528 4820 ἕκαστον
3556 4765 3760 4818 τούτων

2099 4861 2194 4912 καὶ
2230 4857 2388 4928 μόνον
2427 4855 2608 4908 ἱκανὸν
2637 4849 2704 4924 ἦν
2730 4853 2829 4924 τῆς
2858 4852 3120 4923 μεγίστης
3152 4851 3310 4903 αὐτὸν
3336 4848 3563 4910 ἀξιῶσαι
3591 4864 3762 4917 τιμω-

2102 4941 2258 5012 ρίας;
2289 4939 2382 5002 Τίς
2415 4938 2523 5008 γὰρ
2554 4937 2620 4990 ἂν
2641 4935 2902 5000 οάξιώσειε
2935 4932 3262 5001 συγγνώμης
3297 4931 3388 4983 τὸν
3415 4929 3760 5002 βασκήναντα

2098 5025 2178 5094 τῷ
2205 5021 2528 5076 ἀπολαύοντι
2557 5019 2658 5086 τῆς
2692 5016 2842 5088 παρά
2873 5015 2967 5068 τοῦ
2997 5015 3133 5068 Θεοῦ
3176 5012 3419 5078 εὐνοίας;
3473 5013 3604 5066 Ἰδοὺ
3660 5014 3762 5084 μία

2100 5109 2193 5160 καὶ
2212 5105 2438 5176 μεγίστη
2461 5103 2555 5156 καὶ
2582 5099 2958 5167 ἀσύγγνωστος
2989 5096 3250 5168 ἀμαρτία.
3279 5095 3446 5148 Πάλιν
3473 5095 3611 5164 αὕτη
3643 5095 3763 5168 μεί-

2101 5190 2209 5254 ζων
2242 5189 2555 5252 δείκνυται,
2589 5185 2716 5236 ὅταν
2771 5181 2995 5249 ἀδελφὸς
3046 5176 3135 5253 ᾗό
3189 5178 3630 5248 βασκαινόμενος.
3670 5180 3762 5234 καὶ

2102 5271 2270 5343 μηδὲν
2324 5266 2614 5339 ἠδικηκώς.
2659 5265 2788 5318 Ἰδοὺ
2822 5263 2916 5316 καὶ
2971 5261 3108 5332 αὕτη
3139 5261 3298 5314 πάλιν
3335 5261 3486 5331 οὐχή
3523 5261 3760 5332 τυχοῦσα

2103 5351 2366 5422 ἁμαρτία.
2393 5349 2560 5418 Τρίτη
2579 5347 2855 5410 πάλιν,ὃτι
2879 5344 3025 5398 δόλον
3047 5343 3280 5414 ἐρραψεν
3307 5344 3589 5416 ἀπατήσας
3605 5343 3758 5416 [169]

2099 5441 2193 5494 τὸν
2225 5437 2472 5506 ἀδελφὸν,
2493 5437 2586 5489 καὶ
2613 5433 2842 5496 ἑλκύσας
2875 5435 2953 5496 εἰς
2979 5431 3038 5486 τὸ
3069 5431 3264 5496 πεδίον,
3291 5433 3384 5486 καὶ
3434 5431 3554 5485 οὐδὲ
3582 5430 3753 5500 αὐτὴν

2101 5528 2198 5600 τὴν
2220 5527 2381 5597 φύσιν
2407 5521 2688 5584 αἰδεσθείς.
2717 5522 2985 5592 Τέταρτον
2999 5521 3303 5591 ἁμάρτημα
3335 5519 3494 5580 αὐτὸς
3514 5519 3542 5569 ὁ
3574 5517 3748 5584 φόνος,
3815 5514 3819 5519 ’

2170 5721 2194 5748 ⁸
2221 5716 2355 5765 L'nus
2373 5714 2454 5762 καὶ
2476 5711 2744 5780 προσκορὴς
2763 5708 2872 5780 ύμῖν
2890 5709 3118 5780 γένωμαι.
3182 5706 3212 5744 Β
3237 5707 3357 5780 ξῖθε.
3381 5702 3754 5780 ιιηυςπίῖοιίιειί.

2105 5791 2230 5826 unus
2270 5783 2325 5825 et
2361 5771 2526 5824 Savill
2555 5771 2704 5825 οὕτως
2737 5772 2994 5832 εἰρημένον.
3025 5771 3165 5818 Alius
3203 5771 3350 5819 οὕτως
3375 5771 3754 5826 ἑρμηνευόμενον.

2106 5844 2127 5869 ε
2153 5839 2260 5887 Duo
2293 5851 2406 5886 mss.
2429 5844 2482 5884 οι
2505 5833 2654 5884 Savil.
2677 5833 2757 5880 τὸν
2788 5832 2998 5877 θάνατον.
