4074 6134
340 279 445 336 165

338 391 399 445 ὃν
430 392 720 463 εἰργάσατο
750 406 793 442 α.
830 392 1102 462 Πέμπτον,
1131 393 1212 469 6;:
1241 393 1465 461 ἀδελφὺν
1491 393 1746 463 ἐφόνευσε
1778 392 1867 446 τὸν
1905 393 2004 456 τὰς

346 482 518 545 αὑτάς
538 482 684 551 αύτῷ
721 481 955 534 λύσαντα
1000 481 1215 545 ὠδῖνας.
1270 483 1490 545 Ἕκτον,
1516 483 1596 535 ὅτι
1646 482 1860 553 πρῶτος
1914 483 2005 535 τοῦ

344 568 504 637 φόνου
540 570 600 621 τὸ
648 565 785 631 είδος
818 570 1152 639 εἰσήνεγκεν.
1184 569 1469 639 Ἕϐδομον,
1525 569 1606 622 ὅτι
1656 569 2008 640 ἐρωτώμενος

343 655 493 725 παρά
528 656 621 708 τοῦ
651 654 1128 724 Θεοῦ,ψεύσασθαι
1162 656 1481 725 ἐτόλμησεν.
1515 656 1574 709 'O
1607 655 1803 720 τοίνυν,
1821 655 2006 725 φησὶν,

343 743 552 795 ἀνελεῖν
583 759 642 795 σε
668 744 1042 815 ἐπιχειρήσας,
1071 743 1210 796 ἑπτὰ
1234 743 1524 814 τιμωρίαις
1553 742 1742 796 ἑαυτὸν
1776 742 2011 795 ὑπεύθυ-

343 846 433 881 νον
464 830 818 900 καταστήσει.
852 830 943 901 Μὴ
976 830 1155 883 τοίνυν
1190 829 1376 882 δείδιθι
1408 830 1583 883 τοῦτο.
1618 831 1748 883 Ἰδοὺ
1778 830 1884 901 γάρ
1917 829 2012 882 καὶ

345 918 570 985 σημεῖον
602 916 887 986 ἐπιτίθημι
912 934 1014 980 σοι,
1038 916 1177 969 ῶστε
1204 916 1403 987 μηδένα
1421 918 1529 970 τῶν
1560 917 1918 987 εὑρισκόντων
1953 932 2011 969 σε

344 1002 631 1072 ἀγνοῆσαι.
671 1005 734 1056 Ἡ
767 1005 878 1074 γὰρ
914 1004 1093 1073 πάσης
1121 1006 1220 1075 τῆς
1264 1001 1410 1075 ζωῆς
1443 1022 1533 1057 σου
1570 1005 1820 1076 πάρεσις,
1858 1005 2011 1057 λυσιο

344 1090 506 1160 τελὴς
549 1089 703 1143 ἔσται
753 1095 874 1154 ταῖς
906 1092 1045 1161 μετὰ
1082 1091 1251 1144 ταῦτα
1281 1095 1513 1160 γενεαῖς,
1564 1093 1656 1145 καὶ
1689 1093 1823 1163 ὅπερ
1856 1092 2015 1163 μόνος

351 1176 576 1245 μηδενὸς
626 1178 892 1249 παρόντος
947 1176 1208 1249 ἔπραξας,
1254 1177 1410 1231 τοῦτο
1436 1179 1764 1249 μαθήσονται
1818 1179 2015 1241 πάντες

348 1260 670 1332 ὁρῶντέςσε
698 1264 950 1319 στένοντα
967 1265 1060 1317 καὶ
1082 1266 1371 1335 τρέμοντα.
1393 1268 1484 1319 καὶ
1508 1266 1788 1337 μονονουχὶ
1814 1265 2017 1335 βοῶντα

350 1349 439 1403 διὰ
472 1349 567 1402 τοῦ
594 1350 802 1422 τρόμου
832 1351 923 1404 τοῦ
949 1352 1282 1421 σωματικοῦ,
1314 1354 1406 1407 καὶ
1437 1355 1572 1407 πᾶσι
1613 1353 2017 1422 διαλεγόμενον,

352 1435 449 1489 καὶ
471 1436 698 1505 λέγοντα
728 1438 754 1477 δ
781 1454 793 1466 ’
829 1437 1013 1509 μηδεὶς
1039 1438 1221 1507 ἕτερος
1246 1439 1471 1493 τοιαῦτα
1496 1441 1741 1512 τολμήσῃ
1760 1479 1775 1502 ,
1819 1436 2017 1510 οἷάπερ

360 1521 493 1591 ἐγὼ,
532 1524 621 1578 ἵνα
654 1523 726 1596 μὴ
755 1524 1011 1595 τοιαύτην
1043 1524 1258 1594 δέξηται
1283 1527 1552 1598 τιμωρίαν
1584 1538 1630 1581 ο.

428 1650 504 1707 ς’.
524 1642 709 1697 Ταῦτα
732 1644 1037 1710 ἀκούοντες,
1074 1646 1363 1717 ἀγαπητοὶ,
1384 1647 1457 1719 μὴ
1474 1647 1656 1711 ἁπλῶς
1676 1665 1750 1700 πα
1757 1664 1855 1719 ρατ
1864 1647 2025 1718 ρέχω·

359 1745 459 1799 μεν
485 1729 552 1783 τά
598 1732 882 1801 εἰρημένα,
916 1732 1050 1803 μηδὲ
1080 1733 1235 1787 τοῦτο
1289 1734 1447 1804 μόνον
1484 1734 1792 1805 σκοπῶμεν,
1821 1736 1868 1786 εἰ
1901 1732 2022 1785 καθ’

353 1815 589 1885 ἐκάετςν
631 1817 861 1871 ἐνταῦθα
914 1820 1293 1890 συνερχόμενοι
1339 1821 1713 1891 πνευματικῆς
1749 1818 2025 1891 τραπέζης

355 1900 736 1973 ἀπολαύομεν·
780 1904 932 1959 οὐδὲν
981 1906 1089 1976 γὰρ
1145 1906 1334 1975 διρελος
1361 1907 1462 1975 τῆς
1508 1907 1822 1977 ἀκροάσεως
1857 1904 2025 1974 μόνης

357 1987 487 2041 ἄνευ
516 1988 612 2059 τῆς
631 1989 717 2042 διὰ
743 1991 851 2043 τῶν
878 1990 1053 2062 ἔργων
1081 1992 1343 2063 ὑπακοῆς.
1386 1992 1525 2045 ’Λλλ⁹
1543 1992 1845 2055 ἐννοοῦντες
1863 1991 2026 2044 πόθεν

359 2076 441 2137 εἰς
466 2076 671 2146 ταύτην
688 2077 787 2149 τὴν
816 2077 1199 2146 ἀσύγγνωστον
1226 2081 1321 2133 καὶ
1350 2079 1587 2152 χαλεπὴν
1614 2079 1886 2151 ἁμαρτίαν
1910 2095 2029 2131 συνο

360 2163 581 2233 ήλασεν)
610 2166 798 2220 ἐαυτὸν
853 2170 881 2221 6
932 2167 1089 2232 Κάῖν,
1136 2170 1230 2222 καὶ
1262 2170 1342 2222 ὅτι
1378 2169 1484 2221 ἀπὸ
1513 2167 1603 2220 τοῦ
1643 2166 1909 2236 φθονῆσαι
1937 2168 2027 2221 τὸν

364 2250 485 2320 μηδ’
519 2250 653 2314 ὅλως
680 2253 843 2306 αὑτὸν
878 2254 1131 2323 ἀδικῆσαί
1162 2272 1292 2307 ποτε
1319 2255 1758 2325 ἐπιχειρήσαντα,
1794 2254 1892 2324 τὴν
1914 2271 2027 2305 τοι-

366 2334 534 2407 αύτην
590 2338 895 2407 εἴσπραξιν,
957 2340 1154 2409 μᾶλλον
1206 2340 1261 2392 δὲ
1314 2340 1592 2410 ἀναίρεσιν
1636 2342 1715 2404 εἰς
1757 2338 1847 2391 τὸν
1901 2337 2028 2390 ἰδιον

363 2422 592 2490 ἀδελφὸν
620 2425 942 2497 τετόλμηκε,
988 2426 1062 2497 μὴ
1095 2425 1156 2479 τὸ
1189 2425 1372 2488 κακῶς
1398 2426 1707 2496 φεύγωμεν,
1735 2426 1871 2478 ἀλλά
1905 2426 2033 2494 μᾶλ-

365 2508 457 2565 λον
500 2511 561 2563 τὸ
609 2511 795 2574 κακῶς
848 2513 1053 2584 ἐτέροις
1098 2513 1426 2583 διατεθῆναι.
1467 2512 1699 2573 Ἐκεῖνος
1731 2510 1839 2582 γάρ
1884 2512 2031 2563 ἐστιν

366 2596 535 2660 ὅντως
566 2599 594 2651 6
626 2597 810 2661 κακῶς
839 2597 1140 2664 πεπονθὼς,
1174 2600 1203 2651 6
1232 2600 1323 2652 τὸν
1357 2597 1581 2670 πλησίον
1616 2598 1809 2652 ἑαυτοῦ
1839 2616 2034 2669 κατερ-

367 2683 628 2751 γάζεσθαι
674 2684 1011 2756 βουλόμενος.
1067 2687 1175 2739 Καὶ
1229 2686 1314 2739 ἵνα
1358 2685 1535 2756 μάθῃς
1568 2687 1649 2739 ὃτι
1699 2684 1855 2739 τοῦτό
1886 2687 2033 2738 ἐστιν

367 2771 586 2839 ἀληθὲς,
616 2772 717 2843 ὅρα
768 2789 855 2843 μοι
887 2772 1138 2839 ἐνταῦθα,
1170 2774 1255 2837 τίς
1288 2775 1433 2827 ἐστιν
1457 2775 1485 2827 ό
1515 2773 1699 2837 κακῶς
1729 2772 2031 2837 πεπονθὼς,

367 2860 396 2910 6
427 2857 650 2922 ἀνελὼν,
692 2860 725 2930 ἢ
762 2861 790 2912 6
835 2860 1173 2931 ἀναιρεθείς;
1207 2861 1376 2932 Δῆλον
1404 2862 1486 2915 ότι
1523 2861 1551 2912 ὁ
1574 2860 1800 2914 ἀνελών.
1826 2861 1924 2914 Διά
1943 2862 1993 2913 τί
2019 2876 2034 2925 ;

369 2943 491 2998 Ὅτι
536 2946 566 2998 6
606 2946 705 3017 μὲν
756 2947 1060 3018 ἀναιρεθεὶς
1099 2948 1382 3020 καὶμέχρι
1420 2948 1511 3002 τοῦ
1546 2949 1640 3003 νῦν
1670 2949 1854 3020 ᾄδεται
1885 2947 2037 3018 παρά

366 3037 477 3096 τοῖ,
501 3034 753 3089 ἁπάντων
776 3035 1025 3106 στόμασι,
1049 3037 1141 3089 καὶ
1157 3037 1609 3109 άνακηρύττεται,
1630 3038 1723 3090 καὶ
1752 3034 2039 3105 στεφανοῦ-

367 3137 478 3182 ται,
508 3122 583 3185 ὼς
611 3122 708 3193 τῆς
758 3122 1010 3191 ἀληθείας
1043 3125 1459 3194 πρωτόμαρτυς,
1494 3123 1742 3193 καθάπερ
1776 3123 1908 3194 φησί
1945 3124 2039 3176 καὶ

319 3198 329 3210 ’
369 3209 400 3261 6
443 3208 706 3277 μακάριος
749 3208 991 3272 Παῦλος·
1036 3210 1369 3263 Ἀποθανὼν
1410 3211 1580 3264 Ἅϐελ
1620 3210 1707 3264 ἔτι
1745 3210 1936 3264 λαλεῖ.
1979 3210 2039 3262 Ὀ

370 3294 429 3347 δὲ
456 3293 658 3347 ἀνελὼν
688 3297 782 3347 καὶ
815 3295 935 3348 τότε
973 3295 1070 3366 μὲν
1108 3296 1462 3369 ἐλεεινότερον
1493 3297 1707 3351 πάντων
1739 3296 2039 3369 ἀνθρώπων

375 3379 491 3451 βίον
522 3381 581 3444 ἐξ
590 3398 638 3451 η,
672 3382 809 3451 μετά
832 3382 886 3435 δὲ
915 3382 1086 3435 ταῦτα
1119 3384 1267 3454 παρὰ
1294 3385 1509 3438 πάντων
1537 3387 1654 3447 ταῖς
1685 3385 2041 3455 κατηγορίαις

377 3468 651 3538 βάλλεται,
683 3470 776 3522 καὶ
812 3469 886 3532 ὡς
922 3469 1201 3539 βδελυκτὸς
1241 3471 1391 3541 παρά
1421 3471 1496 3542 τῷ
1528 3471 1645 3542 Θεῷ
1675 3473 1766 3524 καί¹
1797 3489 2040 3541 κατηρα-

380 3557 538 3626 μένος
569 3555 673 3608 61:6
714 3556 815 3625 τῆς
852 3557 1001 3620 θείας
1061 3556 1281 3628 Γραφῆς
1323 3558 1879 3629 παραδειγματίζεται
1902 3576 1913 3587 ³
1949 3558 2043 3611 καὶ

374 3645 545 3697 ταῦτα
579 3643 679 3715 μὲν
708 3645 765 3698 ἐν
794 3643 869 3715 τῷ
921 3645 1145 3716 παρόντι
1174 3646 1266 3698 καὶ
1306 3646 1795 3717 συγκαταλυομένῳ
1820 3645 1918 3716 βίῳ
1936 3663 1951 3676 ·
1975 3647 2043 3701 τὰ

374 3732 433 3785 δὲ
461 3734 517 3785 ἐν
537 3731 613 3802 τῷ
638 3732 883 3803 μέλλοντι
903 3732 1056 3786 αἰῶνι
1076 3733 1380 3804 ἀπαντῆσαι
1402 3733 2041 3805 ἀμφοτέροιςόφείλοντα,

378 3820 473 3873 καὶ
499 3819 847 3891 καταλλήλως
867 3818 1080 3892 ἑκάστῳ
1107 3821 1206 3891 τῆς
1239 3820 1433 3874 ἐαυτοῦ
1469 3821 1720 3892 πράξεως
1748 3820 2043 3875 ἀπολαϐεῖν

378 3905 530 3977 παρά
558 3906 651 3959 τοῦ
679 3907 886 3960 δικαίου
917 3906 1125 3976 κριτοῦ,
1152 3908 1235 3970 τίς
1266 3907 1422 3975 λόγος
1451 3908 1798 3979 παραστῆσαι
1828 3909 2048 3979 δυνήσε-

376 4011 493 4059 ται,
525 3994 559 4067 ἢ
589 3994 657 4048 τά
692 3995 891 4064 ἀγαθὰ,
926 3995 960 4066 ἢ
998 3996 1067 4049 τά
1100 3995 1351 4059 ἐναντία;
1387 3995 1499 4047 Ούκ
1526 3995 1670 4048 ἐστιν
1693 3996 1886 4059 οὑδείς,
1922 3994 2044 4049 οὔτε

379 4083 449 4136 τά
473 4085 704 4155 χρηστά,
729 4084 853 4137 οὑτε
887 4085 956 4137 τά
979 4083 1218 4154 λυπηρά.
1249 4082 1357 4135 Καὶ
1394 4082 1502 4153 γάρ
1533 4085 1737 4138 ἐκεῖνον
1766 4085 1863 4155 μὲν
1892 4087 1924 4156 ή
1956 4085 2049 4156 βα-

383 4172 556 4223 σιλεία
606 4171 715 4223 τῶν
756 4170 1018 4241 οὐρανῶν,
1052 4169 1145 4223 καὶ
1195 4168 1403 4222 αἰώνιοι
1436 4170 1653 4239 σκηναὶ,
1699 4171 1793 4223 καὶ
1821 4173 1868 4224 οἰ
1899 4174 2048 4243 χοροὶ

384 4256 757 4327 πατριαρχῶν,
790 4255 1086 4326 προφητῶν
1129 4273 1188 4309 τε
1224 4257 1317 4309 καὶ
1343 4255 1674 4322 ἀποστόλων,
1711 4257 1803 4310 καὶ
1833 4260 2047 4312 πάντων

381 4344 491 4396 τῶν
535 4342 705 4410 ἁγίων
758 4341 787 4381 ἀ
839 4342 1026 4412 ὅμιλος
1054 4340 1399 4405 ὑποδέξονται
1442 4343 1935 4411 συμϐασιλεύσοντα
1971 4348 2049 4407 εἰς

382 4429 586 4493 αἰῶνας
616 4427 1002 4499 ἀτελευτήτους
1028 4428 1109 4498 τῷ
1147 4428 1356 4499 βασιλεῖ
1384 4430 1601 4502 Χριστῷ
1636 4430 1829 4501 Ἰησοῦ,
1857 4431 1935 4501 τῷ
1953 4431 2048 4484 τοῦ

384 4516 536 4590 ἰιῖθ]
570 4516 705 4570 Θεοῦ
739 4520 1016 4587 μονογενεῖ
1049 4517 1160 4589 Υἰῷ
1198 4518 1289 4571 καὶ
1321 4517 1439 4589 Θεῷ
1464 4536 1478 4549 ·
1502 4519 1689 4572 τοῦτον
1719 4518 1773 4571 δέ
1799 4521 1832 4589 ἡ
1859 4520 2050 4587 γέεννα

383 4610 479 4664 τοῦ
519 4609 687 4680 πυρὸς
720 4610 813 4663 καὶ
854 4610 923 4663 τὰ
962 4610 1094 4664 ἀλλα
1135 4611 1347 4664 ἅπαντα
1388 4611 1626 4663 ἀθάνατα
1659 4610 2051 4681 βασανιστήρια

383 4697 713 4764 διαδέξονται
735 4698 813 4761 εἰς
844 4696 1045 4760 αἰῶνας
1092 4696 1427 4767 ἀπεράντους
1449 4697 1879 4767 τιμωρούμενον,
1912 4697 2049 4765 μετά

386 4787 481 4840 καὶ
506 4786 722 4840 πάντων
744 4784 848 4839 τῶν
878 4783 945 4837 τά
978 4785 1332 4854 παραπλήσια
1365 4782 1510 4852 αὑτῷ
1554 4784 1928 4853 πεπραχότων,
1958 4784 2052 4837 καὶ

391 4875 622 4945 μάλιστα
644 4876 766 4938 τοὺς
805 4874 942 4944 μετά
976 4871 1147 4925 ταῦτα
1170 4874 1283 4934 τοῖς
1312 4868 1607 4940 αἰσχίστοις
1639 4869 1863 4923 πάθεσιν
1900 4870 2051 4922 ἀλόνο

387 4980 506 5027 τας,
568 4963 677 5034 ὅσῳ
725 4962 819 5015 καὶ
854 4961 1057 5033 μείζων
1096 4961 1128 5028 ἡ
1169 4957 1407 5029 τιμωρία
1436 4957 1586 5028 παρά
1616 4956 1709 5009 τοῦ
1742 4957 1919 5010 κοινοῦ
1957 4959 2050 5009 Δε-

390 5050 587 5103 σπότου
648 5050 958 5120 ἐκφέρεται.
997 5048 1192 5099 ’Λκουε
1242 5045 1347 5114 γὰρ
1389 5044 1482 5097 τοῦ
1538 5044 1805 5115 μακαρίου
1841 5043 2052 5097 Παύλου

387 5137 635 5205 λέγοντος
657 5155 669 5170 ·
718 5138 887 5191 Ὅσοι
912 5135 1020 5205 γὰρ
1081 5134 1314 5201 ἀνόμως
1359 5132 1642 5202 ἥμαρτον,
1692 5132 1927 5201 ἀνόμως
1956 5130 2054 5185 καί

388 5225 759 5279 ἀπολοῦνται
781 5241 794 5254 ·
817 5223 1114 5287 τουτέστιν,
1144 5221 1510 5294 ἐλαφροτέραν
1539 5220 1932 5291 ὑποστήσονται
1956 5217 2053 5289 τὴν

453 5389 701 5459 "Coislip.
728 5391 755 5441 6
778 5392 1047 5459 εἰργάσατο,
1075 5392 1156 5459 καὶ
1178 5394 1208 5449 ἠ
1234 5390 1376 5459 μανία
1396 5389 1459 5459 εἰς
1483 5386 1703 5459 τὸνιίδιον
1725 5383 1940 5459 ἀδελφόν.
1973 5382 2053 5459 II:-

390 5453 460 5518 [ha
481 5456 608 5503 idem
626 5454 703 5518 ,ὅτι
722 5450 907 5517 πρῶτος
931 5450 1176 5518 τὸνςφόνον
1202 5450 1378 5518 καὶτὸν
1399 5450 1549 5518 βίαιον
1571 5450 1764 5518 θάνατον
1783 5450 2049 5518 εἰσῄγριγεν,

388 5516 606 5581 ἕϐδομον.
624 5513 651 5551 δ
664 5516 727 5581 εξ
734 5508 865 5577 piem
880 5527 994 5581 mss.
1010 5508 1338 5581 διαλεγομένου
1444 5508 1676 5581 λέγοντος.
1691 5511 1715 5541 ο
1728 5508 2053 5581 Cgisiiniaugs

389 5563 543 5641 ὡέιὲκ
569 5577 646 5641 ἵνα
673 5563 991 5641 μήἶτοιαὺτηνᾲ
1016 5563 1209 5641 δέξητξιί
1228 5573 1491 5641 τιμωρίαν.-
1508 5563 2052 5641 ’ἒξ-ὑχαξριστησωμενὶοῦν

389 5640 471 5700 καὶ
490 5638 627 5700 ἡμεῖς
642 5630 710 5700 τῷ
727 5630 896 5700 ’ἀγαθῷ
918 5630 998 5685 καὶ
1019 5630 1325 5700 φιλανθρώπὶρ
1468 5630 1621 5700 ἡμῶν,
1645 5630 1865 5700 ὃτι-αύτῷ
1885 5630 2049 5700 πρέπει

391 5689 960 5775 ξάεαςήἀτόεο,τὶμή’κςιι
983 5689 1317 5775 προσιύὲηοτςὶ
1338 5689 1524 5775 ιῑινιεά
1658 5693 1738 5775 “'3‘l
1762 5689 2052 5775 ξὲξέῑοίτῑξξὲς

394 5750 519 5821 ὦναξ
546 5750 640 5806 :Eiw
672 5750 860 5807 αἰῶνὼν
914 5750 1077 5821 Ἀμήν.
1116 5750 1410 5811 ιυιοηιιοάἰα
1436 5755 1629 5802 desunt.
1696 5750 1724 5789 ά
1762 5750 1897 5802 Colb.
1924 5762 2048 5800 unus

394 5820 474 5865 καὶ
503 5825 592 5875 πᾶς
623 5822 649 5868 6
671 5824 764 5869 τῶν
793 5822 954 5882 ἁγίων.

1117 278 1175 333 S.
1206 277 1490 334 JOANNIS
1524 275 1661 331 ΕΗΒ
1676 277 2017 334 YSOSTOMI
2059 277 2374 335 ARCHIEP.
2406 277 2951 337 CONSTANTINOP.

3667 279 3779 335 1σῦ

2107 395 2396 467 τιμωρίαν,
2449 396 2536 450 διὰ
2570 398 2631 450 τὸ
2667 398 2742 470 μὴ
2784 397 2928 467 ἔχειν
2973 395 3194 464 ἔλεγχον
3227 394 3323 466 τὴν
3352 406 3377 434 ο
3404 395 3466 447 ἐκ
3493 394 3585 448 τοῦ
3610 394 3781 464 νόμου

2112 481 2331 552 απειλήν
2367 500 2426 536 τε
2466 484 2558 537 καὶ
2582 483 2863 553 διόρθωσιν
2881 500 2893 513 ·
2927 482 3033 536 Κιιί
3063 480 3195 535 ὅσοι
3210 481 3280 534 ἐν
3304 482 3468 550 νόμῳ
3490 481 3781 550 ἥμαρτον,

2105 567 2202 619 διὰ
2226 572 2411 637 νόμου
2456 570 2859 637 κριθήσονται.
2904 562 3064 621 Οὗτοι
3108 567 3185 634 δὲ,
3219 568 3402 636 φησὶν,
3438 569 3489 622 οἰ
3518 569 3612 621 καὶ
3642 567 3785 638 μετά

2104 654 2202 724 τὴν
2224 658 2287 709 ἐκ
2306 655 2398 709 τοῦ
2428 658 2590 726 νόμου
2614 657 2862 728 βοήθειαν
2885 656 2955 709 τά
2980 655 3121 709 αὑτά
3148 655 3379 718 ἐκείνοις
3412 655 3782 728 πεπραχότες.

2111 742 2413 815 βαρυτέρας
2444 744 2536 797 καὶ
2568 745 2974 816 ἀφορητοτέρας
3008 742 3339 813 ὑπομένουσι
3373 742 3469 795 καὶ
3497 741 3595 804 τάς
3622 742 3785 796 κολά-

2111 847 2243 893 σεις,
2283 833 2393 884 Καὶ
2434 832 2577 901 μάλα
2614 832 2837 895 εἰκότως
2860 845 2873 860 ·
2909 833 2991 885 ὅτι
3027 829 3149 882 οὔτε
3175 831 3202 882 6
3223 829 3405 900 νόμος,
3429 826 3552 881 οὔτε
3582 828 3643 881 τὸ
3668 828 3786 881 ἐτέ-

2115 934 2239 987 ρους
2271 919 2399 972 ίδεῖν
2445 918 2719 983 τοσούτοις
2755 920 2943 982 κακοῖς
2974 917 3376 988 ὑποϐληθέντας
3413 916 3786 986 σωφρονεστέ-

2114 1022 2239 1075 ρους
2270 1008 2464 1071 αὐτοὺς
2497 1007 2530 1077 ἢ
2585 1007 3023 1076 ἐπιεικεστέρους
3052 1005 3445 1076 ἀπειργάσατο.
3479 1003 3568 1057 Διὸ
3606 1019 3787 1075 παρα-

2113 1093 2280 1155 καλῶ,
2305 1093 2407 1147 κᾶν
2440 1094 2568 1163 γοῦν
2598 1095 2705 1148 ἀπὸ
2750 1093 2842 1147 τοῦ
2896 1093 2990 1146 νῦν
3048 1095 3162 1156 τοῖς
3206 1092 3407 1161 ἐτέρων
3452 1090 3787 1161 παιδεύμασι

2117 1181 2535 1252 σωφρονίσωμεν
2595 1182 2840 1245 ἑαυτοὺς,
2870 1181 2964 1234 καί
2992 1181 3080 1233 τὸν
3110 1180 3223 1250 βίον
3247 1180 3337 1231 τὸν
3362 1178 3568 1232 ἑαυτῶν
3595 1177 3789 1232 ἰθύνω-

2120 1285 2217 1338 μεν
2240 1267 2376 1339 πρὸς
2402 1268 2500 1339 τὴν
2527 1269 2619 1321 τοῦ
2653 1267 2851 1340 Κυρίου
2875 1267 3175 1338 ὑποταγὴν,
3209 1268 3320 1329 τοῖς
3346 1263 3510 1319 αὑτοῦ
3536 1264 3788 1317 ὑπείκον-

2115 1373 2207 1417 τες
2240 1356 2456 1427 νόμοις·
2494 1356 2587 1410 καὶ
2630 1358 2767 1428 μήτε
2830 1356 3044 1426 φθόνος,
3089 1357 3222 1426 μήτε
3265 1354 3551 1425 βασκανία,
3590 1355 3727 1425 μήτε
3756 1354 3789 1406 6

2116 1442 2224 1495 τῶν
2277 1443 2544 1512 σωμάτων
2576 1442 2735 1514 ἔρως,
2786 1445 2923 1513 μήτε
2958 1446 2991 1513 ἡ
3018 1442 3110 1495 τοῦ
3143 1441 3403 1513 παρόντος
3425 1441 3543 1511 βίου
3574 1440 3700 1506 δόξα
3725 1456 3789 1492 τε

2120 1529 2213 1582 καὶ
2236 1529 2540 1594 δυναστεία,
2589 1531 2724 1601 μήτε
2781 1533 2814 1602 ή
2848 1530 2946 1601 τῆς
2993 1529 3224 1599 γαστρὸς
3259 1528 3439 1599 ἡδονὴ,
3473 1528 3610 1597 μήτε
3646 1527 3787 1596 ἄλλη

2119 1636 2202 1683 τις
2254 1619 2451 1683 ἄτοπος
2487 1619 2748 1689 ἐπιθυμία
2804 1617 3243 1689 κατακυριευέτω
3286 1615 3441 1686 ἡμῶν
3479 1615 3586 1667 τῶν
3627 1617 3685 1666 ἐν
3716 1617 3787 1684 τῇ

2120 1705 2265 1776 ψυχῇ
2288 1704 2559 1775 λογισμῶν
2585 1720 2598 1735 ⁸
2630 1706 2744 1759 ἀλλ’
2771 1705 3174 1776 ἐκκαθάραντες
3208 1703 3431 1766 ἑαυτοὺς
3475 1701 3580 1754 ἀπὸ
3608 1702 3791 1770 πάσης

2126 1792 2269 1856 ἰλύος
2295 1793 2387 1846 καὶ
2422 1792 2628 1864 τύρϐης
2664 1792 2943 1862 βιωτικῆς,
2969 1792 3063 1845 καὶ
3108 1790 3276 1843 πολλά
3303 1790 3510 1861 χαίρειν
3546 1788 3791 1850 εἰπόντες

2121 1883 2233 1944 τοῖς
2271 1880 2570 1950 αἰσχίστοις
2597 1881 2691 1933 καὶ
2717 1878 3083 1941 ἀτοπωτάτοις
3106 1877 3300 1932 πάθεσι
3329 1876 3465 1947 πρὸς
3493 1875 3590 1946 τὴν
3615 1866 3793 1945 μακα-

2127 1968 2248 2038 ρίαν
2265 1967 2479 2038 ἐκείνην
2499 1965 2642 2037 ζωὴν
2663 1966 3023 2037 ἐπειχθῶμεν,
3049 1967 3141 2019 καὶ
3159 1965 3177 2002 ί
3210 1964 3277 2017 τά
3300 1965 3585 2035 ἀπόρρητα
3610 1964 3793 2031 ἀγαθά

2123 2055 2159 2109 ἃ
2194 2056 2489 2127 ἡτοίμασεν
2532 2056 2561 2108 6
2619 2054 2751 2117 Θεὸς
2782 2057 2892 2119 τοῖς
2926 2053 3213 2123 ἀγαπῶσιν
3246 2052 3408 2105 αὑτόν
3431 2069 3443 2081 ·
3481 2044 3557 2104 ὧν
3583 2051 3797 2119 γένοιτο

2125 2145 2333 2209 πάντας
2368 2145 2516 2216 ἡμᾶς
2565 2142 2883 2213 ἀξιωθῆναι,
2932 2144 3116 2213 χάριτι
3170 2142 3264 2193 καὶ
3294 2138 3671 2209 φιλανθρωπίᾳ
3696 2138 3799 2191 τοῦ

2126 2233 2333 2302 Κυρίου
2377 2231 2534 2302 ἡμῶν
2576 2230 2749 2301 Ἰησοῦ
2800 2229 3059 2300 Χριστοῦ,
3101 2229 3221 2299 μεθ’
3247 2221 3310 2281 οὑ
3347 2226 3425 2298 τῷ
3451 2228 3644 2297 Πατρὶ,
3674 2226 3796 2295 ἀμα

2126 2317 2205 2388 τῷ
2231 2318 2371 2388 ἁγίῳ
2408 2317 2686 2388 Πνεύματι
2708 2315 2856 2381 δόξα,
2883 2315 3106 2385 κράτος,
3138 2314 3293 2386 τιμὴ,
3324 2314 3418 2366 νῦν
3455 2317 3545 2366 καὶ
3576 2310 3799 2378 ἀεὶ,καὶ

2128 2402 2206 2470 εἰς
2232 2408 2357 2470 τοὺς
2378 2405 2579 2469 αἰῶνας
2609 2402 2719 2457 τῶν
2748 2402 2977 2458 αἰώνων.
3014 2403 3209 2472 Ἀμήν.

2780 2512 3020 2567 OMIAIA
3060 2515 3142 2565 κ’.

2145 2619 2397 2688 Ἐξῆλθε
2466 2619 2535 2672 δὲ
2596 2618 2747 2688 Κὰτν
2805 2617 2923 2688 ἀπὸ
2965 2617 3291 2688 προσώπου
3332 2616 3437 2671 τοῦ
3490 2614 3803 2688 Θεοῦμξαί

2204 2684 2444 2757 ᾤκησεν
2468 2691 2538 2743 ἐν
2580 2687 2658 2756 γῇ
2690 2687 2839 2742 Ναῒδ
2867 2688 3177 2741 κατέναντι
3208 2687 3399 2756 Ἐδὲμ,
3423 2686 3514 2740 καὶ
3540 2685 3607 2740 τά
3644 2684 3798 2753 ἑξῆς.

2202 2801 2269 2847 α’.
2284 2794 2419 2864 Φέρε
2436 2793 2596 2847 πάλιν
2623 2792 2723 2863 τῆς
2751 2791 3069 2856 ἀκολουθίας
3086 2792 3151 2861 σή
3162 2808 3223 2861 με
3232 2808 3321 2861 ρον
3339 2789 3445 2842 τῶν
3460 2787 3802 2857 ἀνεγνωσμέ-

2134 2904 2240 2939 νων
2283 2886 2566 2955 ἀψάμενοι,
2618 2881 2865 2935 ἐντεῦθεν
2896 2882 3023 2951 ὑμῖν
3054 2880 3151 2949 τὴν
3170 2877 3514 2933 διδασκαλίαν
3540 2875 3803 2946 παραθῶ-

2139 2990 2258 3043 μεν,
2309 2973 2401 3026 καὶ
2439 2974 2501 3024 ἐκ
2546 2972 2644 3041 τῆς
2694 2970 2878 3040 βίϐλου
2927 2967 3021 3021 τοῦ
3065 2967 3332 3038 μακαρίου
3382 2965 3657 3026 Μωῦσέως
3701 2965 3802 3034 τὴν

2138 3059 2339 3131 συνήθη
2369 3057 2599 3122 διάλεξιν
2639 3055 2775 3128 πρὸς
2821 3056 2963 3126 ὑμᾶς
3001 3052 3375 3124 ποιησώμεθα,
3419 3053 3618 3122 μᾶλλον
3647 3050 3701 3103 δέ
3736 3052 3802 3103 ἐκ

2134 3147 2243 3201 τῶν
2273 3146 2366 3200 τοῦ
2409 3146 2724 3216 Πνεύματος
2763 3143 2980 3211 λογίων,
3009 3140 3153 3212 ἆπερ
3181 3140 3270 3193 διὰ
3289 3142 3389 3211 τῆς
3422 3140 3606 3192 τούτου
3628 3138 3801 3205 γλώτ-

2137 3253 2234 3306 της
2267 3235 2411 3305 ήμᾶς
2459 3231 2693 3297 ἐδίδαξεν
2725 3232 2758 3301 ἡ
2797 3229 2913 3282 θεία
2957 3228 3134 3299 χάρις.
3185 3226 3323 3280 Ἀλλ’
3349 3227 3435 3278 ἴνα
3477 3225 3802 3295 σανρέστερος

2139 3322 2265 3393 ὑμῖν
2290 3320 2512 3389 γένηται
2545 3321 2573 3371 ό
2601 3318 2776 3385 λόγος,
2826 3317 3117 3384 ἀναγκαῖον
3146 3312 3458 3384 ὑπομνῆσαι
3491 3313 3586 3381 τὴν
3611 3312 3803 3381 ὑμετέ-

2143 3427 2239 3480 ραν
2270 3410 2493 3478 ἀγάπην
2520 3407 2629 3459 τῶν
2662 3405 2763 3476 ἤδη
2807 3404 3099 3475 ῥηθέντων,
3136 3402 3233 3454 καὶ
3261 3402 3393 3455 ὅπου
3426 3400 3519 3470 τὴν
3544 3399 3798 3451 διδασκα-

2138 3497 2257 3550 λίαν
2313 3493 2707 3564 κατελύσαμεν,
2756 3492 2842 3543 ἴνα
2899 3490 3107 3543 ἐκεῖθεν
3141 3488 3311 3558 αὑτὴν
3338 3488 3572 3557 σήμερον
3604 3484 3802 3539 ἀναλα-

2141 3584 2343 3645 ϐόντες,
2367 3580 2508 3633 οὑτω
2541 3580 2637 3649 τῆς
2658 3578 2829 3649 ἀρχῆς
2862 3576 2970 3629 τῶν
3003 3574 3429 3644 ἀνεγνωσμένων
3458 3570 3722 3642 ἁψώμεθα
3753 3575 3802 3625 ⁸.

2144 3670 2286 3723 ἰστε
2313 3668 2421 3739 γάρ
2446 3668 2526 3721 ὅτι
2577 3666 2675 3736 τὴν
2706 3664 2845 3719 κατά
2883 3664 2973 3717 τὸν
3004 3662 3170 3715 ’Ἅϐελ
3204 3660 3455 3714 ὑπόθεσιν
3489 3660 3807 3729 κινήσαντες

2142 3757 2455 3826 ἐδείκνυμεν
2474 3753 2532 3818 ἐξ
2548 3751 2724 3806 αὐτῶν
2744 3752 2851 3803 τῶν
2872 3750 3271 3820 γεγενημένων,
3299 3749 3393 3802 καὶ
3413 3748 3469 3814 ἐξ
3494 3741 3568 3800 ὧν
3580 3747 3808 3809 ἐκαστες

2142 3846 2238 3909 τὰς
2262 3845 2450 3907 θυσίας
2485 3841 2669 3896 αὑτῶν
2700 3840 3043 3911 προσήνεγκε
3070 3836 3148 3907 τῷ
3184 3835 3335 3908 [171]
3370 3836 3633 3905 Δεσπότῃ,
3663 3835 3809 3897 ὅπως

2144 3933 2384 4001 ἔγκειται
2409 3932 2475 4001 τῇ
2504 3928 2747 4000 ἡμετέρᾳ
2776 3925 2932 3995 φύσει
2969 3927 2999 3995 ἡ
3041 3923 3241 3992 γνῶσις
3263 3923 3371 3977 τῶν
3401 3921 3686 3993 πρακτέων
3716 3921 3813 3973 καί⁵

2142 4020 2251 4072 τῶν
2286 4019 2359 4089 μὴ
2386 4015 2691 4089 πρακτέων,
2722 4014 2815 4066 καὶ
2842 4015 2923 4066 ὅτι
2951 4011 3329 4075 αὑτεξουσίους
3351 4010 3495 4079 ημᾶς
3518 4009 3814 4079 είργάσατο

2141 4110 2170 4160 6
2210 4106 2319 4160 τῶν
2340 4107 2591 4160 ἁπάντων
2612 4101 2961 4174 δημιουργὸς,
2997 4100 3091 4153 καὶ
3114 4096 3384 4167 πανταχοῦ
3411 4096 3518 4149 ἀπὸ
3546 4098 3644 4166 τῆς
3673 4094 3815 4163 γνὼ-

2149 4213 2254 4266 μης
2305 4196 2403 4264 τῆς
2433 4191 2707 4263 ἡμετέρας
2746 4188 2779 4260 ἢ
2820 4187 3155 4258 κατακρίνει,
3198 4185 3231 4255 ἢ
3276 4184 3527 4252 στεφανοῖ
3557 4183 3683 4251 (ἀπὸ
3703 4182 3814 4253 γάρ

2143 4278 2346 4348 ταύτης
2378 4276 2472 4329 τοῦ
2526 4275 2623 4345 μὲν
2683 4272 2985 4343 ἀπόϐλητος
3011 4270 3231 4338 γέγονεν
3261 4270 3293 4340 ὴ
3322 4267 3503 4330 θυσία,
3530 4266 3625 4318 τοῦ
3656 4266 3713 4318 δὲ
3745 4268 3816 4320 τὰ

2146 4366 2293 4437 δῶρα
2315 4362 2607 4435 προσεδέχθ
2618 4361 2692 4431 η),
2726 4359 2819 4411 καί¹
2839 4359 2920 4411 ὃτι
2943 4356 3189 4411 ἐντεῦθεν
3212 4355 3316 4407 ὑπὸ
3339 4353 3637 4425 βασκανίας
3665 4369 3817 4422 κινη-

2147 4452 2258 4515 θεὶς
2316 4453 2345 4503 6
2393 4449 2533 4503 Κάῖν
2588 4446 2681 4499 ἐπὶ
2725 4447 2817 4498 τὸν
2842 4443 2936 4498 τοῦ
2983 4441 3212 4511 ἀδελφοῦ
3243 4442 3401 4510 φόνον
3437 4440 3683 4510 ὥρμησε,
3717 4439 3817 4493 καὶ

2151 4538 2290 4609 μετὰ
2330 4536 2427 4607 τὴν
2470 4534 2686 4588 ἀνοσίαν
2717 4531 2921 4603 ταύτην
2954 4530 3171 4600 πρᾶξιν,
3215 4527 3533 4596 βουλομένου
3559 4525 3652 4578 τοῦ
3677 4525 3814 4577 Θεοῦ

2149 4620 2547 4679 ἐκκαλέσασθαι
2570 4620 2728 4673 αὑτὸν
2750 4620 2827 4682 εἰς
2852 4616 3234 4687 ἐξομολόγησιν
3259 4615 3366 4664 τῶν
3387 4611 3813 4681 ἡμαρτημένων,

2147 4713 2268 4766 οὑδέ
2309 4709 2451 4763 οὑτω
2483 4708 2545 4773 :6
2594 4706 2882 4776 φάρμακον
2912 4704 3011 4772 τῆς
3043 4701 3279 4772 ἰατρείας
3311 4698 3545 4763 ἐδέξατο,
3572 4697 3708 4751 ἀλλὰ
3735 4697 3815 4768 τῷ

2153 4798 2382 4872 μυσαρῷ
2435 4796 2627 4866 ἐκείνῳ
2662 4795 2807 4863 φόνῳ
2844 4793 2904 4846 τὸ
2930 4791 3124 4861 ψεῦδος
3177 4788 3414 4857 συνάψας
3439 4787 3539 4857 τὴν
3571 4786 3816 4857 χαλεπὴν

2149 4888 2364 4955 ἐκείνην
2414 4881 2683 4953 τιμωρίαν
2732 4878 3101 4942 ἐπεσπάσατο,
3131 4877 3223 4930 καὶ⁹
3256 4874 3460 4944 γυμνὸν
3492 4874 3585 4927 καὶ
3612 4872 3816 4944 ἔρημον

2150 4974 2340 5028 ἐαυτὸν
2368 4971 2669 5039 κατέστησε
2699 4968 2797 5038 τῆς
2824 4965 3028 5019 ἀνωθεν
3053 4964 3247 5033 ῥοπῆς,
3267 4963 3572 5032 ὑπόδειγμα
3602 4977 3810 5032 σωφρο-

2150 5059 2344 5132 νισμοῦ
2382 5060 2513 5111 πᾶσι
2560 5059 2672 5118 τοῖς
2700 5055 2838 5125 μετά
2871 5051 3043 5105 ταῦτα
3068 5050 3446 5121 προκείμενος,
3474 5050 3569 5101 καὶ
3605 5049 3691 5101 διά
3718 5048 3819 5117 τῆς

2153 5146 2501 5214 ἀποφάσεως,
2525 5139 2590 5215 ἦς
2620 5141 2860 5205 ἐδέξατο,
2910 5140 3073 5192 παντὶ
3108 5136 3186 5207 τῷ
3214 5137 3322 5191 τῶν
3348 5135 3649 5207 ἀνθρώπων
3671 5134 3819 5202 γένει

2151 5233 2547 5303 διαλεγόμενος,
2598 5230 2692 5282 καὶ
2742 5226 3024 5297 μονονουχὶ
3078 5223 3215 5294 βοῶν
3264 5225 3355 5276 καὶ
3391 5222 3561 5289 λέγων
3581 5239 3595 5253 ο
3629 5223 3820 5292 μηδεὶς

2154 5322 2304 5394 ὑμῶν
2353 5318 2589 5373 τοιοῦτόν
2635 5333 2687 5368 τι
2718 5315 2965 5385 τολμήσῃ
2999 5313 3150 5376 ποτὲ,
3185 5313 3273 5364 ῖνα
3307 5310 3381 5380 μὴ
3416 5311 3525 5372 τοῖς
3558 5309 3820 5373 τοιούτοις

2153 5408 2444 5481 περιπέσῃ.
2480 5404 2658 5459 Είδετε
2680 5401 2948 5455 Δεσπότου
2982 5399 3408 5471 φιλανθρωπίαν,
3436 5397 3585 5461 ὅπως
3608 5396 3694 5449 διὰ
3720 5397 3819 5465 τῆς

2152 5501 2229 5555 εἰς
2253 5498 2459 5551 ἐκεῖνον
2477 5490 2747 5561 τιμωρίας
2768 5489 2868 5542 οὑκ
2894 5490 3101 5542 ἐκεῖνον
3124 5488 3283 5558 μόνον
3307 5484 3635 5555 σωφρονίσαι
3658 5483 3817 5553 ἠϐου-

2213 5692 2235 5718 ε
2258 5686 2357 5735 Sex
2391 5696 2506 5733 mss.
2541 5686 2594 5730 ct
2622 5681 2771 5730 Savil.
2799 5680 2921 5742 ἔχειν
2943 5677 3241 5742 ἐλεγχονᾳτήν
3258 5674 3431 5742 Morel.
3452 5674 3729 5742 ἐλέγχοντα.

2219 5748 2233 5784 ί
2277 5748 2398 5803 Reg.
2434 5756 2563 5793 unus
2594 5744 2676 5789 καὶ
2706 5735 3101 5800 ἀπολάϐωμεντά
3122 5737 3401 5803 6.36661111-
3448 5735 3476 5775 Β
3521 5735 3646 5795 πρε.
3690 5745 3818 5783 unus

2152 5811 2237 5867 τήν
2264 5796 2411 5875 ἀρχῆν
2437 5822 2480 5854 τ.
2504 5805 2577 5853 ἀν.
2602 5804 2896 5862 ποιήσωμεν,
2923 5796 2976 5848 ει
2996 5810 3104 5847 mox
3135 5796 3282 5850 ’Δϐελ
3313 5796 3592 5856 ὑπόμνησιν.
