4074 6134
447 318 548 378 165

451 468 565 510 tum
587 453 604 484 ⁸
622 487 640 514 ,
663 445 804 516 quod
833 446 1050 504 fratrem
1074 447 1267 503 occidit
1295 445 1481 503 eodem
1527 461 1594 502 ex
1634 456 1785 501 utero
1813 461 2040 515 progna-

449 553 582 598 tum.
601 537 840 603 Sextum,
866 539 1005 610 qttod
1033 539 1232 609 primus
1260 537 1421 593 czedis
1446 537 1713 608 specimen
1735 535 2045 590 introduxit.

450 627 766 702 Septimum,
790 629 930 699 quod
959 638 1172 700 rogatus
1201 643 1228 681 a
1257 629 1386 693 Deo,
1413 627 1624 681 mentiri
1654 626 1726 680 illi
1755 640 1916 679 ausus
1941 633 2044 680 est.

453 719 589 776 Dicit
618 719 780 788 igitur
815 736 827 772 :
860 719 960 786 Qui
991 727 1042 774 te
1071 719 1316 774 occidere
1349 718 1660 784 tentaverit,
1693 729 1899 786 septem
1931 731 2046 769 ma-

457 813 612 872 ximis
641 812 812 880 pmnis
841 813 1074 882 seipsum
1107 828 1256 866 reum
1287 811 1464 866 faciet.
1497 810 1574 866 Ne
1602 812 1760 880 igitur
1799 810 1899 864 hoc
1930 824 2047 864 me-

455 912 598 957 tuas.
631 903 767 956 Ecce
800 903 941 956 enim
979 913 1033 956 et
1075 902 1283 971 signum
1310 902 1362 956 in
1395 911 1444 956 te
1475 916 1614 971 pono
1638 942 1653 967 ,
1687 901 1756 955 ita
1783 909 1842 955 ut
1871 900 2046 954 nullus

451 993 541 1062 qui
576 1000 628 1047 te
657 993 921 1047 invenerit
949 993 1174 1063 ignoret.
1203 992 1336 1047 Nam
1376 995 1474 1046 ista
1519 993 1571 1046 in
1619 1001 1730 1046 toto
1774 991 1895 1045 vita:
1943 999 2046 1045 tua:

379 1105 386 1111 ο
451 1085 678 1138 decursu
728 1099 1010 1139 nervorum
1060 1084 1319 1138 resolutio
1383 1082 1571 1138 futuris
1615 1082 2046 1152 generationibus

454 1175 599 1229 utilis
626 1175 728 1230 erit
756 1191 769 1227 :
802 1185 855 1228 et
883 1175 932 1229 id
962 1174 1102 1245 quod
1143 1173 1288 1230 solus
1333 1174 1475 1228 nullo
1505 1181 1768 1243 praesente
1797 1180 2046 1242 cperatus

455 1281 510 1321 es
531 1309 545 1332 ,
590 1267 691 1322 hoc
738 1267 944 1322 discent
975 1282 1162 1323 omnes
1190 1268 1278 1337 qui
1313 1276 1362 1321 te
1400 1276 1696 1337 gementem
1725 1275 1778 1321 et
1809 1274 2046 1320 tremen-

457 1369 559 1413 tem
589 1359 876 1424 videbunt,
913 1368 968 1414 et
1007 1360 1155 1430 quasi
1202 1376 1294 1429 per
1321 1360 1560 1430 corporis
1605 1369 1888 1413 tremorem
1933 1359 2044 1412 cla-

454 1458 686 1504 mantem
713 1491 728 1515 ,
761 1459 812 1504 ct
841 1451 1089 1505 omnibus
1129 1451 1390 1506 dicentem
1421 1467 1436 1504 :
1468 1449 1654 1505 Nullus
1686 1450 1807 1504 talia
1852 1451 2046 1504 audeat

453 1542 625 1610 qualia
656 1556 775 1611 ego,
806 1551 860 1595 ut
893 1557 957 1595 ne
988 1542 1041 1595 in
1068 1542 1310 1596 eamdem
1342 1529 1549 1611 pmnam
1578 1541 1775 1595 incidat
1795 1542 1838 1594 ³.

525 1633 578 1687 6.
612 1632 824 1688 Moralis
851 1635 1096 1705 epilogus.
1127 1664 1199 1674 -
1242 1634 1368 1689 llaec
1394 1634 1688 1698 audientes,
1713 1632 2043 1703 dilecti,qn:e

454 1724 593 1779 dicta
633 1733 755 1777 sunt
801 1739 903 1778 non
936 1725 1396 1781 inconsideranter
1427 1735 1917 1795 praetercurramus,
1945 1740 2045 1780 ne-

455 1832 556 1886 que
603 1815 702 1870 hoc
748 1816 919 1870 solum
972 1826 1298 1885 spectemus,
1350 1826 1407 1872 ut
1437 1818 1539 1871 huc
1564 1818 1802 1887 quotidie
1841 1831 2042 1873 conve-

457 1909 652 1962 niundo
683 1908 943 1978 Spirituali
991 1925 1174 1964 mensa
1202 1909 1440 1964 fruamur
1470 1927 1484 1964 :
1517 1911 1658 1965 nulla
1689 1911 1831 1964 enim
1875 1910 2042 1965 solius

454 1998 666 2052 auditus
710 1999 906 2053 utilitas
952 1999 1157 2067 fuerit,
1211 2001 1310 2056 nisi
1362 2001 1498 2056 adsit
1547 2001 1890 2071 obsequentia
1951 2017 2045 2071 per

456 2104 639 2158 opera.
688 2088 793 2146 Sed
847 2091 1141 2158 cogitantes
1181 2092 1321 2146 unde
1373 2093 1426 2146 in
1474 2091 1576 2146 hoc
1615 2091 1936 2162 inexpiabile
1991 2101 2042 2146 ct

455 2196 616 2250 grave
646 2193 919 2251 peceatum
951 2183 1080 2238 Cain
1111 2184 1348 2254 seipsum
1375 2185 1667 2255 impulerit,
1701 2193 1759 2238 ut
1787 2201 1882 2255 per
1907 2185 2042 2239 invi-

456 2276 596 2328 diam
625 2276 677 2330 in
711 2278 980 2346 proprium
1009 2279 1246 2344 fratrem,
1280 2280 1368 2350 qui
1396 2280 1526 2334 nihil
1555 2281 1652 2349 ipsi
1693 2279 1814 2333 mali
1846 2279 2041 2334 intule-

461 2377 560 2433 rat,
593 2369 663 2423 ita
707 2371 938 2436 smvirct,
987 2371 1093 2425 imo
1139 2375 1311 2441 ipsum
1357 2372 1644 2439 occideret,
1677 2387 1743 2426 ne
1785 2370 2044 2442 fugiamus

457 2461 679 2516 adversa
731 2472 784 2516 et
832 2462 970 2516 mala
1001 2463 1129 2532 pati,
1171 2464 1265 2519 sed
1290 2464 1463 2534 potius
1507 2479 1789 2519 caveamus
1815 2478 1882 2518 ne
1925 2463 2043 2518 aliis

461 2554 596 2608 mala
621 2568 713 2623 per
741 2569 839 2608 nos
867 2554 1177 2609 inferantur.
1205 2556 1295 2610 llle
1321 2556 1460 2610 enim
1482 2571 1607 2611 vere
1631 2555 1771 2609 malo
1790 2554 2040 2619 al'licitur,

459 2646 548 2713 qui
575 2645 817 2715 proximo
844 2660 941 2700 suo
973 2661 1164 2700 nocere
1191 2655 1375 2701 teutat.
1412 2647 1479 2701 Et
1504 2656 1560 2700 ut
1586 2661 1769 2702 verum
1797 2644 1897 2700 hoc
1924 2660 2044 2700 esse

459 2735 620 2802 Scias,
647 2736 764 2790 vide
792 2736 898 2803 hic,
921 2737 1167 2802 obsecro,
1192 2737 1310 2805 quis
1334 2746 1417 2791 est
1443 2737 1532 2806 qui
1552 2737 1690 2791 mala
1731 2736 1948 2806 patitur,
1975 2751 2040 2790 an

459 2825 548 2894 qui
592 2825 804 2890 occidit,
832 2827 913 2880 vel
959 2825 1046 2894 qui
1073 2826 1378 2881 occiditur?
1423 2826 1756 2881 Manifestum
1781 2825 1924 2895 quod
1954 2826 2044 2895 qui

458 2915 675 2971 occidit.
711 2916 922 2971 Etenim
954 2918 1164 2972 occisus
1187 2918 1274 2973 ille
1304 2933 1470 2987 usque
1496 2916 1563 2972 ad
1596 2927 1776 2973 nostra
1805 2927 2041 2989 tempora

459 3022 556 3063 ore
600 3009 837 3062 omnium
884 3008 1215 3075 deeantatur,
1251 3010 1567 3080 prmdicatur
1587 3019 1641 3064 ct
1671 3020 1960 3065 coronatur
1989 3020 2046 3064 ut

461 3099 699 3153 veritatis
721 3100 923 3169 primus
948 3101 1099 3155 testis
1140 3119 1153 3155 :
1183 3101 1321 3156 sicut
1359 3102 1485 3157 dicit
1511 3111 1563 3157 et
1589 3101 1774 3156 beatus
1800 3101 1992 3157 Paulus
2022 3121 2036 3158 :

464 3187 698 3244 Mortuus
735 3191 858 3244 Abel
905 3192 1074 3246 adhuc
1124 3193 1344 3259 loquitur
1371 3192 1554 3264 (Hebr.
1585 3194 1668 3248 ll.
1697 3194 1776 3262 4).
1809 3193 1910 3250 Sed
1953 3195 2043 3264 qui

463 3281 674 3348 occidit,
703 3282 1008 3338 etiamtunc
1029 3285 1188 3338 vitam
1211 3285 1399 3354 agebat
1424 3285 1865 3340 miserabiliorem
1885 3301 2042 3354 quam

465 3375 602 3428 ullus
656 3375 836 3442 homo,
880 3385 934 3431 et
987 3386 1169 3446 postea
1210 3379 1277 3432 ab
1316 3377 1562 3434 omnibus
1611 3378 1753 3433 male
1791 3379 1956 3445 attdit,
1989 3388 2047 3433 ut

463 3467 836 3522 abominabilis
861 3469 987 3534 Deo,
1021 3480 1073 3524 et
1100 3481 1155 3524 ut
1182 3471 1493 3526 maledicto:
1514 3486 1544 3526 a
1572 3471 1747 3526 divina
1770 3471 2042 3542 Scriptura

467 3559 757 3614 traducitur
783 3577 798 3625 ;
830 3570 883 3616 et
929 3561 1031 3616 hoc
1057 3563 1268 3632 quidem
1301 3563 1352 3616 in
1396 3565 1643 3633 praesenti
1665 3565 1791 3629 vita,
1822 3579 1938 3634 qua:
1967 3565 2044 3618 si—

463 3652 574 3705 mul
597 3651 876 3708 intercidet
908 3671 921 3707 :
951 3670 1069 3724 quae
1113 3665 1291 3710 autem
1320 3657 1368 3710 in
1400 3656 1576 3711 futuro
1600 3657 1798 3712 saeculo
1839 3657 2046 3727 utrique

464 3758 746 3798 occurrere
774 3745 1019 3812 debeant,
1053 3761 1172 3801 cum
1201 3748 1482 3818 unicuique
1501 3763 1596 3817 pro
1617 3762 1715 3802 suo
1740 3762 1903 3817 opere
1920 3748 2044 3803 recl-

464 3835 550 3889 dct
588 3836 763 3905 justus
787 3836 955 3892 Judex
987 3837 1162 3907 (Rom.
1193 3839 1266 3906 2;
1298 3841 1458 3910 Apoc.
1482 3841 1598 3908 ‘20),
1630 3841 1748 3910 quis
1766 3840 2044 3895 scrmodi-

465 3942 587 3984 cere
636 3939 837 3999 posset,
870 3933 954 3986 vel
983 3947 1102 4002 quae
1144 3933 1304 3998 bona,
1347 3933 1430 3988 vel
1457 3950 1573 4003 quae
1624 3934 1761 3987 mala
1787 3934 1811 3987 ?
1838 3933 2043 3997 Nullus,

466 4019 642 4073 nullus
663 4020 836 4090 plane,
866 4037 1038 4092 neque
1060 4022 1314 4093 jucunda,
1335 4039 1508 4093 neque
1534 4025 1702 4079 tristia
1730 4025 2038 4078 narraverit.

465 4108 752 4166 Enimvero
780 4112 1000 4168 Abelem
1030 4115 1241 4184 quidem
1267 4115 1323 4169 in
1352 4131 1515 4185 regno
1541 4115 1814 4183 c:elorum,
1843 4123 1897 4170 et
1923 4130 2045 4185 per-

463 4202 636 4269 petuis
680 4202 1013 4269 habitaculis,
1057 4207 1476 4275 patriarcharum
1503 4246 1517 4272 ,
1561 4206 1935 4276 prophetarum
1962 4214 2044 4259 at-

465 4307 569 4359 que
616 4295 978 4363 apostolorum
1027 4296 1172 4350 chori
1225 4306 1279 4352 et
1307 4298 1544 4352 onmium
1576 4307 1881 4352 sanctorum
1913 4311 2045 4350 con-

464 4385 700 4454 gregatio
727 4388 1017 4457 suscipient
1045 4390 1202 4444 simul
1248 4390 1298 4443 in
1331 4399 1643 4460 perpetuum
1675 4399 2042 4460 regnaturum,

465 4489 584 4529 cum
617 4476 761 4546 Rege
799 4476 1012 4534 Christo
1037 4479 1184 4548 Jesu,
1219 4482 1490 4552 unigenito
1518 4482 1610 4537 Dci
1643 4481 1779 4537 Filio
1808 4490 1863 4536 et
1887 4481 1998 4535 Deo
2029 4494 2044 4531 :

465 4565 603 4619 lmnc
625 4579 821 4633 autem,
850 4568 981 4624 Cain
1006 4571 1244 4640 inquam,
1274 4573 1516 4642 gehenna
1543 4575 1678 4644 ignis
1704 4575 1912 4644 aliaque
1943 4576 2047 4630 im-

464 4659 705 4712 mortalia
737 4661 916 4714 omnia
951 4671 1209 4717 tormenta
1262 4665 1547 4734 excipient,
1594 4675 1648 4719 ut
1697 4667 1965 4724 crucietur
1992 4672 2043 4725 in

464 4747 669 4802 inlinita
701 4753 895 4805 sarcula
925 4761 1118 4807 etcum
1144 4755 1234 4808 illo
1261 4769 1450 4810 omnes
1475 4760 1561 4826 qui
1587 4758 1776 4812 similia
1800 4771 2042 4829 egerunt,

463 4846 520 4890 et
548 4841 776 4895 maxime
805 4843 857 4895 in
889 4859 983 4899 eos
1003 4846 1090 4915 qui
1121 4848 1355 4915 posthaec
1393 4849 1711 4917 turpissimis
1750 4852 2044 4910 affectioni-

464 4926 567 4982 bus
607 4931 745 4999 capti
793 4943 936 5002 sunt,
968 4947 1166 5006 quanto
1214 4939 1382 5009 tnajor
1414 4955 1568 5009 pmna
1598 4957 1630 4996 a
1662 4943 1885 4999 Domino
1926 4963 2046 5001 om-

465 5019 610 5074 nium
665 5027 1051 5090 pronuntiatur.
1094 5033 1231 5086 Audi
1276 5034 1416 5087 enim
1471 5035 1682 5090 beatum
1715 5037 1932 5092 Paulum
1960 5040 2046 5094 di-

463 5121 672 5167 centem
702 5131 714 5166 :
751 5115 1061 5189 Quicumque
1103 5124 1234 5176 enim
1271 5126 1381 5179 sine
1418 5127 1524 5197 lege
1565 5141 1910 5198 peccaverunt,
1938 5134 2047 5188 sine

466 5200 573 5274 lege
601 5203 830 5274 peribunt
876 5207 1051 5277 (Rom.
1088 5212 1143 5266 2.
1179 5215 1270 5288 12)
1299 5233 1310 5268 :
1335 5217 1438 5272 hoc
1466 5229 1566 5286 est,
1598 5221 1847 5278 leviorem
1877 5223 2048 5281 ferent

460 5407 510 5458 in
528 5360 546 5391 ί
583 5359 793 5434 Coislin.,
919 5364 1027 5428 ipsa
1047 5375 1153 5439 era}
1176 5371 1333 5422 carries
1357 5387 1501 5435 quant
1517 5378 1822 5440 perpetrauit,
1847 5387 1893 5430 et
1905 5383 2046 5445 furor

533 5434 781 5458 ἤνοπι-ὀυκ
802 5425 1000 5458 fratrm:
1046 5437 1264 5458 manu"...
1309 5444 1385 5458 Α...

533 5425 781 5492 proprium
797 5425 1020 5492 fratrem.
1045 5429 1281 5492 Quintum,
1307 5425 1399 5484 etc.

530 5485 770 5558 fggoisliu.
795 5485 904 5538 Cod.
933 5490 981 5558 in
1022 5485 1127 5558 haec
1149 5485 1296 5543 verba
1321 5496 1563 5546 homiliam
1583 5497 1762 5550 claudit
1787 5515 1800 5549 :
1835 5511 1891 5553 Ut
1915 5517 1974 5556 ne
1997 5505 2051 5558 in

463 5544 918 5624 £9219?thme
956 5552 1158 5624 incidat.
1185 5563 1240 5624 ξι
1266 5544 1498 5624 nam;
1517 5544 2053 5624 gi'raiitis'iiqiuﬁid'bé'é

463 5611 886 5688 ggquggin‘toet
914 5613 1236 5688 misericordi,
1263 5620 1484 5680 quoniam
1517 5611 1674 5685 ipsum
1715 5611 1850 5674 decet
1872 5611 2045 5688 yid-iii:

461 5671 914 5752 ςξξιξςςὶιέριείιρηθι·
947 5685 994 5727 et
1013 5671 1252 5747 adoratio,
1275 5671 1401 5733 nunc
1423 5689 1469 5735 et
1507 5671 1696 5752 semper
1718 5671 1845 5736 ﬁcte.
1865 5671 2049 5741 Ciani-'5

462 5729 620 5777 omnia
641 5729 834 5784 desunt.

1558 330 1625 386 ΙΝ
1663 327 1818 386 CAP.
1861 326 1952 384 IV.
1993 322 2235 383 CENES.
2279 325 2508 384 IlOMiL.
2551 325 2672 385 XX.

3623 339 3725 394 liti

2152 457 2388 512 pcenam,
2420 459 2486 499 eo
2511 443 2650 514 quod
2681 459 2784 499 non
2817 444 3096 502 habuerint
3141 447 3310 520 legem
3341 463 3460 521 qua:
3503 450 3737 508 minare-

2154 543 2238 587 tur
2265 543 2316 588 et
2363 535 2654 604 corrigeret
2682 553 2695 589 :
2728 535 2793 589 Et
2819 538 3118 609 quicumque
3158 539 3209 594 iu
3239 539 3347 610 lege
3385 557 3733 612 peccaverunt,

2153 641 2241 693 per
2279 625 2437 695 legent
2460 643 2656 697 quoque
2675 627 3063 697 judicabuutur.
3096 630 3158 685 lli
3190 641 3390 701 autem,
3429 634 3616 705 inquit,
3644 637 3734 707 qui

2151 715 2336 771 eadem
2365 718 2562 772 iaciunt
2585 734 2704 787 qua:
2728 719 2822 782 illi,
2838 729 2893 773 et
2920 720 3051 790 legis
3071 722 3450 780 adminiculum
3477 728 3731 796 habuere,

2151 811 2420 880 graviores
2445 819 2500 866 et
2527 811 2974 868 intolerabiliores
2998 815 3330 872 sustinebunt
3356 819 3641 874 cruciatus.
3667 821 3734 877 Et

2153 903 2344 958 merito
2373 919 2390 958 :
2421 905 2542 974 quia
2576 920 2748 975 neque
2802 905 2908 971 lex,
2941 922 3115 977 neque
3143 909 3284 978 quod
3313 910 3445 965 alios
3476 919 3551 967 tot
3579 915 3734 968 malis

2150 993 2389 1064 objectos
2419 995 2670 1063 viderint,
2697 996 3046 1054 modestiores
3069 1008 3123 1054 et
3161 1001 3406 1058 meliores
3428 1018 3522 1058 eos
3552 1005 3734 1061 reddi-

2150 1086 2308 1142 derit.
2342 1088 2599 1155 Quocirca
2625 1089 2870 1156 obsecro,
2913 1100 2971 1144 ut
2996 1091 3078 1146 vel
3106 1091 3293 1147 saltem
3325 1109 3463 1149 nunc
3505 1095 3730 1151 aliormn

2150 1180 2576 1249 corrcptionibus
2625 1182 2870 1250 nosipsos
2910 1183 3293 1250 cmendemus,
3337 1195 3392 1241 et
3429 1187 3587 1242 vitam
3636 1205 3733 1245 no-

2148 1279 2312 1323 stram
2343 1286 2672 1340 corrigamus
2709 1274 2775 1328 ad
2808 1274 3014 1329 Domini
3045 1276 3432 1346 obedientiam,
3468 1279 3608 1335 illius
3637 1282 3734 1336 ob-

2151 1370 2509 1431 temperantes
2557 1364 2763 1434 legibus
2792 1382 2805 1417 :
2838 1374 2893 1420 ut
2927 1381 3100 1436 neque
3131 1367 3286 1436 livor,
3312 1384 3486 1440 neque
3512 1371 3731 1439 invidia,

2151 1468 2322 1522 neque
2364 1455 2657 1524 corporalis
2682 1471 2854 1522 amor,
2894 1472 3064 1526 neque
3106 1457 3263 1530 hujus
3309 1461 3427 1514 vita:
3466 1461 3634 1532 gloria
3680 1473 3734 1518 et

2150 1546 2407 1614 potentia,
2440 1561 2611 1616 neque
2637 1547 2841 1602 ventris
2865 1550 3130 1618 voluptas,
3157 1567 3327 1621 neque
3355 1552 3457 1606 alia
3486 1553 3732 1622 quaedam

2148 1637 2377 1692 absurda
2407 1640 2839 1710 concupiscentia
2870 1640 3180 1696 dominetur
3223 1643 3416 1698 anima:
3459 1653 3513 1698 ct
3542 1645 3733 1700 rationi

2150 1737 2347 1781 nostra:
2397 1745 2410 1780 :
2444 1728 2536 1783 sed
2565 1731 2842 1800 cxpurgati
2883 1731 2950 1786 ab
2976 1732 3120 1785 omni
3146 1747 3321 1798 coeno,
3353 1735 3733 1805 voluptateque

2152 1819 2453 1887 temporali,
2477 1830 2528 1874 et
2547 1820 2664 1873 vale
2686 1819 2830 1875 dicto
2848 1821 3095 1875 onmibus
3126 1820 3432 1877 fmdissimis
3461 1824 3733 1880 absurdis-

2150 1911 2406 1981 simisquc
2452 1912 2844 1982 affectionibus,
2899 1914 3219 1970 ad‘beatam
3266 1916 3406 1970 illam
3449 1917 3629 1981 vitam,
3680 1927 3732 1972 ct

2151 2001 2434 2057 ineffabilia
2487 2003 2575 2058 illa
2623 2004 2781 2073 bona,
2819 2021 2936 2076 qua:
2979 2006 3118 2061 Deus
3144 2020 3201 2060 se
3231 2006 3570 2076 diligentibus
3597 2024 3732 2077 pra}.

2151 2094 2375 2164 paravit,
2423 2094 2735 2152 festinemus
2775 2113 2789 2151 :
2840 2112 2958 2167 qua:
2983 2097 3231 2152 omnibus
3256 2099 3412 2154 nobis
3444 2099 3731 2154 concedant.

2152 2195 2254 2252 tur,
2281 2187 2448 2257 gratia
2475 2197 2528 2242 et
2549 2187 2867 2259 benignitate
2899 2190 3105 2243 Domini
3145 2191 3310 2245 nostri
3336 2190 3462 2246 Jesu
3511 2189 3730 2257 Christi,

2149 2292 2268 2329 cum
2295 2292 2401 2346 quo
2447 2277 2607 2346 Patri,
2655 2279 2813 2334 simul
2854 2289 2906 2334 et
2952 2280 3170 2349 Spiritui
3210 2291 3395 2336 sancto
3446 2282 3513 2336 sit
3543 2284 3730 2351 gloria,

2150 2367 2451 2435 imperium,
2487 2369 2673 2435 honor,
2705 2387 2843 2424 nunc
2873 2380 2927 2424 et
2953 2386 3182 2441 semper,
3213 2380 3267 2427 et
3297 2371 3346 2425 in
3385 2373 3574 2427 sarcula
3612 2388 3717 2428 sm-

2149 2459 2410 2513 culorum.
2441 2463 2629 2514 Amen.

2659 2574 2938 2629 llUMlLIA
2988 2575 3082 2630 xx
3117 2575 3212 2648 (ιι).

2153 2683 2398 2757 Egressus
2419 2697 2487 2740 est
2515 2697 2683 2741 autem
2704 2687 2829 2742 Cain
2858 2706 2888 2740 (ι
2913 2690 3045 2758 facie
3070 2689 3180 2751 Dei,
3211 2700 3256 2743 ct
3274 2692 3576 2746 Imbiluritin
3599 2704 3732 2748 terra

2259 2776 2421 2844 Naid,
2448 2792 2476 2830 e
2495 2777 2695 2848 regione
2724 2775 2883 2832 fidem
2917 2778 3068 2847 (Gen.
3099 2781 3151 2833 Ii.
3192 2781 3298 2849 l6),
3323 2792 3376 2835 et
3398 2783 3622 2853 reliqua.

2213 2912 2264 2965 l.
2317 2911 2430 2980 Age
2479 2911 2668 2966 iterum
2702 2911 2859 2967 hodie
2899 2913 2949 2966 in
2990 2927 3179 2967 manus
3220 2926 3491 2972 sumentes
3517 2933 3634 2987 qua:
3681 2920 3733 2974 in

2151 3003 2293 3057 serie
2322 3003 2457 3058 lecta
2484 3013 2628 3070 sunt,
2663 3004 2786 3059 inde
2806 3004 2958 3060 vobis
2983 3005 3279 3061 doctrinam
3302 3023 3650 3077 apponamus,
3676 3021 3731 3066 et

2148 3097 2364 3151 solitum
2404 3111 2470 3152 ex
2518 3097 2666 3152 libris
2696 3097 2834 3152 beati
2868 3097 3028 3152 lliosis
3055 3099 3375 3169 colloquium
3422 3099 3729 3170 habeamus,

2151 3189 2260 3244 imo
2274 3203 2337 3244 ex
2366 3189 2534 3244 sancti
2559 3187 2788 3258 Spiritus
2817 3187 3044 3258 eloquiis
3069 3205 3187 3258 qum
3216 3203 3311 3258 per
3333 3192 3601 3260 prophetre
3630 3194 3731 3246 lin-

2149 3297 2303 3354 guam
2335 3281 2510 3336 divina
2547 3281 2714 3352 gratia
2759 3295 2857 3336 nos
2887 3280 3089 3334 docuit.
3121 3279 3226 3336 Sed
3257 3298 3361 3350 qtto
3407 3283 3734 3339 manifestior

2150 3388 2329 3429 sermo
2355 3383 2537 3428 noster
2561 3373 2649 3438 sit,
2681 3387 2856 3442 operm
2893 3372 3118 3442 pretium
3153 3373 3330 3439 fuerit,
3363 3383 3418 3428 ut
3450 3375 3498 3428 in
3530 3389 3732 3430 memo-

2153 3466 2282 3520 riam
2312 3464 2462 3518 vobis
2504 3463 2817 3526 releramus,
2851 3463 2936 3517 ubi
2959 3463 3255 3517 doctrinam
3286 3480 3455 3534 nuper
3483 3465 3731 3520 absolve-

2152 3555 2337 3621 rimus,
2367 3565 2421 3608 ut
2443 3554 2628 3610 eadem
2657 3553 2817 3608 hodie
2845 3553 3090 3623 repetita,
3119 3553 3184 3608 de
3216 3570 3355 3609 nunc
3381 3556 3529 3610 lectis
3554 3557 3733 3612 dicere

2153 3646 2486 3716 incipiamus.
2518 3645 2677 3700 Scitis
2719 3645 2859 3699 enim
2905 3659 3004 3698 nos
3032 3647 3486 3713 argumcntmnde
3525 3648 3653 3702 Cain
3680 3660 3735 3704 et

2149 3735 2968 3802 Abclnarravissc,ostendentes
3001 3744 3188 3790 tamex
3222 3737 3564 3806 iisqurelacta
3585 3751 3732 3802 sunt,

2150 3843 2304 3898 quam
2320 3843 2383 3882 ex
2403 3827 2465 3882 iis
2481 3827 2547 3882 de
2559 3827 2748 3897 quibus
2760 3826 3064 3881 obtulerunt
3082 3825 3302 3880 Domino
3317 3827 3594 3895 sacrilicia,
3609 3844 3747 3900 quo.

2152 3919 2311 3974 tnodo
2334 3919 2692 3974 faciendorum
2712 3928 2766 3973 ct
2791 3933 2894 3972 non
2920 3917 3278 3972 faciendorum
3307 3919 3507 3988 agnitio
3531 3929 3732 3974 naturae

2152 4023 2346 4067 nostrre
2364 4013 2461 4067 insi
2471 4023 2518 4068 ta
2541 4013 2628 4078 sit,
2647 4021 2700 4067 et
2716 4011 2950 4066 omnium
2972 4011 3223 4080 Opiﬁcem
3241 4026 3337 4066 nos
3354 4013 3502 4068 liberi
3530 4014 3733 4069 arbitrii

2153 4107 2362 4171 fecisse,
2383 4116 2540 4176 atque
2563 4105 2757 4174 ubique
2775 4104 2858 4158 vel
2877 4117 3154 4168 coronare,
3170 4103 3250 4158 vel
3272 4103 3632 4160 condemnare
3651 4120 3735 4160 St!-

2151 4198 2384 4253 cundum
2403 4197 2564 4251 animi
2585 4195 2747 4251 nostri
2766 4194 3091 4266 prepositum
3114 4195 3208 4263 (ob
3232 4193 3332 4249 hoc
3357 4194 3498 4248 enim
3526 4195 3732 4249 sacrili-

2150 4292 2288 4346 cium
2307 4290 2437 4345 Cain
2462 4288 2791 4358 repudiatum
2807 4286 2922 4352 fuit,
2938 4286 3074 4341 dona
3093 4301 3217 4341 vero
3230 4285 3360 4340 Abel
3377 4285 3638 4359 accepta),
3657 4297 3725 4341 at-

2150 4398 2253 4454 que
2273 4381 2394 4437 huic
2408 4381 2656 4436 invidiam
2673 4390 2841 4434 ortam
2855 4377 3075 4432 Cainum
3095 4377 3144 4430 in
3163 4377 3359 4432 eaedem
3375 4377 3552 4432 fratris
3568 4379 3734 4432 exsti-

2152 4477 2405 4542 mulasse,
2455 4474 2543 4544 qui
2597 4483 2650 4528 ct
2689 4482 2805 4542 post
2854 4472 3072 4540 impium
3111 4470 3333 4536 facinus,
3380 4471 3593 4528 volente
3622 4472 3733 4528 Deo

2155 4570 2324 4638 ipsmn
2355 4579 2643 4636 provocare
2669 4564 2734 4618 ad
2760 4562 3151 4618 confessionem
3171 4563 3530 4632 peccaturum,
3560 4580 3733 4633 neque

2153 4661 2230 4714 sic
2259 4656 2559 4714 remcdimn
2591 4653 2832 4710 sanitatis
2861 4654 3084 4724 accepit,
3125 4653 3221 4709 sed
3250 4655 3478 4709 scelesto
3510 4655 3732 4709 homici-

2151 4755 2240 4808 dio
2286 4750 2621 4808 mendacium
2670 4750 2981 4821 conjunxit,
3014 4759 3067 4804 ct
3104 4765 3317 4820 gravem
3346 4749 3487 4803 illam
3521 4764 3731 4817 pmuam

2153 4845 2250 4899 sibi
2279 4843 2600 4906 conciliavit,
2630 4856 2960 4911 supernaquc
2981 4841 3148 4911 gratia
3170 4855 3228 4894 se
3258 4839 3472 4892 nudavit
3502 4841 3734 4908 posteris

2153 4939 2204 4990 in
2244 4936 2591 4991 correctionis
2622 4932 2923 5001 exemplum
2955 4931 3276 5000 propositus,
3303 4939 3462 4999 atque
3515 4929 3584 4984 ob
3609 4944 3734 4985 sen-

2154 5029 2373 5083 tentiam
2399 5028 2450 5082 in
2480 5042 2538 5081 se
2564 5033 2860 5093 acceptam,
2889 5021 3034 5075 omni
3060 5020 3330 5074 hominum
3355 5021 3537 5090 generi
3568 5021 3741 5092 loqui-

2153 5131 2253 5187 tur,
2288 5120 2438 5193 quasi
2467 5120 2704 5174 clamans
2724 5115 2978 5170 etdicens
3007 5131 3019 5167 :
3050 5112 3126 5168 Ne
3154 5112 3255 5166 tale
3284 5113 3409 5184 quid
3449 5115 3588 5169 ullus
3637 5131 3733 5170 ve-

2151 5225 2320 5270 strum
2352 5226 2600 5284 umquam
2645 5207 2858 5272 audeat,
2892 5222 2959 5261 ne
2991 5206 3040 5260 in
3067 5205 3268 5260 similes
3295 5205 3490 5260 incidat
3527 5222 3732 5276 pinnas.

2156 5307 2374 5362 Vidistis
2403 5303 2612 5360 Domini
2643 5299 3044 5370 benignitatem,
3076 5298 3342 5369 quomodo
3371 5314 3466 5354 sua
3497 5301 3548 5355 in
3581 5301 3728 5356 illum

2153 5416 2310 5472 poena
2337 5415 2443 5455 non
2481 5398 2654 5468 ipsum
2679 5395 2852 5450 solum
2882 5391 3161 5463 castigare,
3205 5391 3298 5447 sed
3329 5407 3424 5462 per
3454 5392 3627 5463 ipsum
3656 5407 3732 5446 51-

2214 5558 2286 5620 (a)
2321 5563 2431 5620 llaec
2445 5554 2645 5605 Homilia
2665 5551 2941 5620 totadeest
2969 5550 3018 5600 in
3033 5549 3244 5620 coibat.
3269 5548 3439 5620 codice
3453 5546 3732 5620 Διιιιιιιλεςϐεέτ.

2153 5607 2282 5669 Ihill.’
2295 5618 2481 5680 aliquot
2504 5624 2614 5667 Mss.
2636 5623 2690 5666 et
2703 5614 2893 5680 Coislin.
2929 5612 3058 5662 lnmc
3079 5607 3340 5680 Scriptum
3363 5615 3559 5680 textum
3576 5610 3734 5657 ηοωί-

2153 5684 2230 5732 Iize
2257 5688 2330 5731 xx
2357 5672 2610 5742 prtetlguut
2635 5691 2650 5742 _:
2669 5673 2890 5740 cognouit
2911 5685 3071 5742 autem
3091 5672 3428 5742 cuiu-umorem
3446 5679 3604 5732 suam,
3622 5681 3732 5733 qua:

2155 5731 2385 5807 concepit',
2409 5749 2454 5796 et
2477 5731 2661 5810 peperit
2685 5731 2826 5801 Eiios,
2841 5743 2885 5789 ct
2901 5731 3158 5800 mdiﬁmvit
3181 5733 3434 5787 civitaum.
