4074 6134
631 263 642 268 “
670 259 686 288 ι.

347 311 450 370 16⁸1

345 426 456 481 mul
485 431 725 495 posteros
756 430 940 472 omnes
981 413 1199 468 omnino
1229 406 1532 480 fugiendum
1562 419 1680 460 esse
1706 412 1811 459 tam
1845 410 1922 458 te-

347 513 632 571 merarium
665 509 867 565 facinus
887 507 1083 559 docere
1108 499 1318 556 voluit?

421 607 524 660 Cur
549 602 733 656 habitet
772 597 897 654 Cain
940 611 968 650 e
991 595 1193 664 regione
1215 589 1394 644 Edent.
1426 618 1497 629 -—
1529 588 1639 657 Age
1672 599 1812 641 nunc
1837 598 1927 638 se—

348 695 561 765 quentia
604 692 944 760 attingamus,
990 692 1044 740 et
1091 682 1370 737 videamus
1407 679 1534 750 quid
1564 677 1719 732 hodie
1774 673 1927 729 nobis

348 793 527 839 narret
568 784 755 838 beatus
783 779 875 834 ille
917 774 1197 846 prepheta,
1243 771 1473 840 Spiritus
1525 767 1697 824 sancti
1747 765 1927 820 al‘tlatu

349 875 607 932 eruditus.
639 871 769 926 Nam
799 877 1079 937 postquam
1111 879 1141 918 a
1178 861 1405 916 Domino
1433 859 1752 915 sententiam
1797 854 1926 908 Cain

348 963 575 1034 accepit,
611 961 697 1016 16.
729 959 976 1030 Egressus
1023 963 1116 1018 est,
1151 951 1341 1021 inquit,
1385 967 1416 1002 a
1471 948 1602 1016 facie
1645 946 1762 1000 Dei.
1793 945 1928 1012 Quid

347 1067 452 1122 est,
485 1052 624 1107 Exiit
648 1068 678 1104 a
715 1050 846 1123 [acie
883 1046 977 1101 Dei
1004 1045 1030 1098 7
1051 1043 1164 1099 Hoc
1191 1050 1293 1110 est,
1325 1039 1552 1095 nudatus
1576 1036 1930 1108 estpraesidio

352 1146 471 1210 Dei,
517 1150 736 1213 propter
759 1136 1116 1194 aborninabile
1138 1144 1189 1188 et
1225 1131 1580 1203 perniciosum
1609 1129 1826 1182 facinus.
1861 1124 1931 1179 Et

351 1235 590 1290 habitarit
619 1233 674 1286 in
699 1239 834 1284 terra
861 1215 1038 1293 Naid,
1057 1241 1084 1279 e
1111 1225 1313 1294 regione
1343 1221 1519 1276 Edent.
1552 1219 1744 1274 Narrat
1775 1217 1927 1271 nobis

351 1326 530 1381 divina
557 1322 828 1390 Scriptura
859 1319 1035 1372 locum
1054 1315 1106 1370 in
1128 1330 1232 1384 quo
1255 1321 1436 1381 postea
1462 1310 1736 1375 habitavit,
1764 1317 1818 1362 et
1838 1307 1932 1361 do-

353 1426 438 1472 cet
461 1413 729 1486 quomodo
757 1419 813 1465 et
842 1409 927 1463 hic
968 1423 1074 1462 non
1110 1404 1352 1476 procula
1396 1401 1641 1472 paradiso
1692 1406 1930 1453 versatus

353 1509 443 1566 sit.
466 1516 522 1560 ut
541 1521 570 1560 e
593 1505 808 1574 regione
828 1501 967 1554 illius
987 1497 1268 1560 exsistens,
1291 1495 1543 1549 continuo
1567 1505 1769 1545 memor
1791 1497 1934 1543 esset

352 1608 465 1652 tum
511 1609 694 1650 eorum
738 1607 854 1662 quae
883 1589 1017 1660 patri
1048 1602 1144 1640 suo
1183 1587 1252 1640 ob
1283 1584 1774 1654 praevaricationem
1805 1595 1931 1634 cono

355 1690 602 1758 tigerunt,
636 1693 741 1737 tum
770 1677 1148 1750 magnitudinis
1169 1691 1351 1732 eorum
1375 1691 1493 1744 qua:
1521 1675 1633 1742 ipse
1661 1680 1930 1742 perpetra-

351 1787 520 1842 verat,
574 1781 791 1844 promer
839 1785 958 1840 qua:
990 1776 1132 1822 tanta
1178 1765 1278 1820 sibi
1333 1779 1503 1834 neque
1544 1762 1709 1832 patris
1756 1775 1935 1815 corre-

356 1870 539 1940 ptione
587 1863 890 1928 emendato,
937 1876 1093 1930 poena
1124 1859 1354 1926 irrogata
1385 1864 1486 1910 est.
1531 1855 1596 1908 Et
1617 1868 1743 1908 vero
1787 1853 1934 1907 locus

356 1963 446 2016 ille
474 1961 526 2013 in
570 1973 676 2028 quo
702 1953 980 2020 habitavit,
1016 1959 1268 2022 perpetua
1295 1947 1548 2002 memoria
1577 1947 1692 2010 luit,
1722 1961 1826 1998 non
1861 1943 1934 1997 illi

354 2052 473 2117 soli,
495 2049 588 2105 sed
615 2057 668 2103 et
694 2047 903 2102 saeculis
929 2041 1330 2114 posterioribus,
1354 2041 1421 2094 ob
1449 2049 1730 2093 tremorem
1758 2049 1809 2092 et
1833 2052 1938 2089 mo:

355 2143 574 2195 tionem.
625 2137 830 2192 Nomen
881 2136 1023 2189 enim
1067 2132 1199 2187 Naid
1239 2131 1494 2186 llebraica
1527 2128 1689 2183 dictio
1736 2138 1838 2192 est,
1883 2135 1937 2180 tl.

353 2234 574 2286 vertitur
603 2229 907 2284 commotio.
942 2225 1123 2294 itaque
1165 2233 1222 2277 ut
1268 2222 1468 2276 crimen
1507 2220 1647 2274 illius
1680 2226 1937 2288 perpetuo

356 2337 539 2380 uelum
593 2331 735 2377 esset
785 2321 943 2374 etiam
987 2334 1017 2371 a
1062 2318 1198 2382 loco,
1237 2316 1386 2384 quasi
1419 2314 1472 2365 in
1507 2313 1750 2366 columna
1799 2325 1934 2363 aerea

357 2415 637 2484 scriptum,
670 2412 776 2464 illic
798 2425 917 2463 eum
941 2407 1240 2462 collocavit.
1271 2403 1471 2458 Deinde
1503 2404 1670 2471 inquit
1706 2419 1717 2452 :
1753 2402 1839 2454 17.
1873 2399 1938 2452 lt‘t

367 2506 596 2576 cognovit
622 2502 746 2556 Cain
774 2517 983 2554 uxorem
1009 2515 1152 2552 suam
1181 2514 1197 2550 :
1232 2506 1276 2550 et
1298 2512 1409 2550 eum
1436 2494 1761 2564 concepisset,
1789 2510 1936 2563 pepe-

357 2599 422 2651 rit
455 2596 652 2650 Enoch.
676 2592 923 2648 Mortales
950 2590 1200 2657 deinceps
1225 2587 1349 2641 facti
1375 2585 1635 2650 homines,
1661 2586 1850 2638 ruerito
1871 2585 1939 2639 de

359 2687 588 2745 tiliorurn
615 2684 957 2742 successione
982 2696 1162 2737 curam
1186 2679 1469 2734 habebant.
1495 2677 1601 2733 Sed
1633 2676 1768 2731 forte
1790 2677 1939 2730 dixe—

359 2783 428 2836 rit
451 2779 638 2848 aliquis
670 2792 684 2829 :
728 2772 1030 2841 Quomodo,
1052 2787 1174 2824 eum
1205 2770 1474 2838 Scriptura
1516 2783 1774 2836 nusquam
1805 2767 1939 2820 alte-

357 2872 472 2925 rius
521 2867 758 2922 mulieris
798 2863 1122 2926 rnemiuerit,
1167 2860 1296 2916 dicit
1347 2859 1487 2930 quod
1527 2859 1658 2914 Cain
1699 2858 1941 2911 habuerit

361 2957 632 3015 uxorem?
674 2957 750 3011 Ne
781 2954 1006 3018 mireris,
1032 2953 1243 3008 dilecte.
1272 2951 1540 3021 Nusquam
1573 2950 1713 3004 enim
1745 2950 1942 3004 catalo-

359 3067 482 3122 gum
515 3049 792 3102 mulierum
832 3046 1109 3116 diligenter
1140 3045 1300 3109 facit;
1332 3043 1424 3098 sed
1453 3043 1724 3111 Scriptura
1762 3042 1940 3096 divina

359 3156 554 3197 cavens
598 3157 664 3194 ne
707 3139 831 3209 quid
877 3137 1205 3205 superﬂuum
1248 3134 1500 3204 proferat,
1534 3135 1769 3202 singulos
1801 3135 1942 3187 viros

362 3238 766 3293 Commemorat,
814 3242 918 3281 non
971 3242 1156 3280 ornues
1182 3235 1380 3291 tamen,
1412 3225 1502 3278 sed
1551 3225 1763 3278 brevius
1790 3225 1943 3279 nobis

363 3332 544 3379 narrat
583 3323 786 3382 dicens,
833 3319 971 3389 quod
1015 3317 1386 3388 generaveriut
1435 3315 1574 3369 ﬁlios
1613 3325 1666 3370 et
1694 3316 1843 3382 tilias,
1892 3326 1944 3371 et

365 3416 556 3471 mortui
573 3416 698 3469 sint.
725 3413 1021 3468 Verisimile
1040 3412 1195 3483 igiur
1213 3421 1294 3466 e-t
1319 3412 1476 3464 Evam
1498 3412 1652 3464 liliarn
1679 3413 1944 3483 peperisse

368 3516 488 3578 post
526 3505 654 3558 Cain
681 3513 735 3558 et
761 3503 911 3569 Abel,
952 3519 1111 3572 quam
1158 3503 1208 3555 in
1249 3517 1465 3556 uxorem
1499 3503 1762 3572 acceperit
1792 3503 1940 3557 Cain.

365 3597 496 3652 Nam
537 3597 655 3666 quia
687 3594 832 3648 initia
871 3603 1042 3659 erant,
1075 3593 1406 3663 debebatque
1441 3594 1624 3663 augeri
1658 3595 1942 3648 humanum

362 3705 550 3760 genus,
600 3700 814 3741 sorores
857 3695 913 3738 ut
964 3684 1239 3750 ducerent,
1273 3684 1685 3739 concedebatur.
1720 3684 1785 3738 Et
1825 3685 1944 3740 ideo

367 3783 480 3836 haec
510 3780 661 3835 nobis
686 3776 1033 3853 conjectanda
1063 3777 1311 3847 relinquit
1331 3776 1626 3845 Scriptura,
1649 3785 1702 3830 et
1731 3776 1830 3832 hoc
1853 3791 1946 3830 so-

365 3872 472 3926 lum
505 3880 681 3924 narrat
707 3869 889 3923 dicens
923 3885 934 3920 :
971 3866 1035 3920 Et
1061 3868 1287 3937 cognovit
1313 3865 1435 3920 Cain
1461 3883 1673 3920 uxorem
1694 3883 1863 3931 suam,
1897 3875 1944 3919 et

365 3981 479 4019 cum
508 3962 830 4032 conrepisset,
851 3960 1044 4030 peperit
1081 3957 1274 4014 Enoelt.
1304 3957 1367 4010 Et
1396 3968 1500 4012 erat
1531 3959 1791 4025 mdi/ieans
1819 3957 1943 4009 rivi-

368 4067 517 4109 tatem
542 4057 592 4109 in
615 4055 812 4108 nomine
841 4052 934 4120 lilii
961 4053 1042 4103 sui
1070 4049 1265 4103 Enoclt.
1299 4049 1428 4102 Vide
1471 4048 1735 4119 quomodo
1769 4049 1948 4118 paula-

371 4150 464 4203 tim
489 4150 852 4200 instituuntur.
882 4143 1015 4208 Quia
1045 4143 1184 4195 enim
1233 4141 1487 4193 mortales
1517 4149 1818 4206 evaserant,
1849 4142 1950 4194 im-

373 4239 649 4294 mertalem
681 4251 830 4290 suam
859 4233 1171 4287 memoriam
1203 4230 1380 4286 facere
1405 4233 1685 4285 voluerunt
1711 4273 1724 4295 ,
1754 4232 1946 4303 partim

371 4347 437 4386 ex
468 4328 587 4381 liliis
614 4341 747 4397 quos
789 4324 1144 4395 generabant,
1178 4323 1366 4392 partim
1399 4337 1465 4377 ex
1499 4323 1625 4377 locis
1655 4323 1848 4393 quibus
1894 4322 1953 4375 li-

371 4423 561 4477 liorum
585 4419 797 4474 nomina
827 4417 1188 4486 imponebant.
1219 4415 1345 4470 Hice
1375 4417 1550 4470 omnia
1574 4417 1693 4486 jure
1720 4415 1839 4485 quis
1869 4415 1949 4468 ili-

370 4523 518 4569 ceret
550 4521 885 4580 peccatorum
914 4511 1234 4562 monimenta
1255 4551 1268 4575 ,
1306 4522 1512 4562 necnon
1558 4508 1735 4576 lapsus
1777 4522 1806 4560 a
1840 4506 1950 4574 pri-

375 4616 510 4661 stina
526 4601 715 4672 gloria,
737 4601 909 4670 inqua
924 4615 1040 4653 cum
1061 4611 1257 4664 essent,
1282 4599 1425 4652 nullo
1441 4598 1628 4652 horum
1649 4597 1953 4668 indigebant

375 4695 543 4749 Adam
575 4700 629 4747 et
655 4691 784 4755 Eva,
828 4701 1010 4759 utpote
1056 4689 1307 4743 omnibus
1357 4689 1680 4757 superiores,
1729 4699 1782 4741 et
1825 4687 1952 4742 nihil

374 4783 609 4838 obnoxii.
639 4781 726 4837 18.
761 4779 925 4834 Porro
959 4779 1132 4832 Enoch
1173 4779 1271 4847 ipsi
1313 4788 1459 4831 natus
1484 4787 1575 4842 est,
1614 4778 1803 4847 inquit,
1828 4778 1951 4831 Gat-

376 4876 499 4940 dud,
529 4885 574 4928 et
602 4871 802 4928 Gaidad
822 4871 990 4940 genuit
1023 4869 1276 4934 Maleleel,
1307 4879 1352 4922 et
1384 4867 1617 4921 Maleleel
1644 4871 1811 4938 genuit
1841 4869 1955 4922 Ma-

377 4967 597 5033 thusala,
626 4976 670 5019 et
696 4962 986 5018 Mathusala
1009 4964 1177 5032 genuit
1205 4961 1442 5014 Lamech.
1472 4960 1632 5016 Vides
1657 4976 1811 5030 quam
1832 4976 1954 5014 cur-

377 5058 476 5112 sim
514 5057 699 5110 transit
721 5055 1092 5125 genealogias;
1125 5053 1357 5108 virorum
1389 5062 1591 5106 tantum
1631 5053 1956 5109 mentionem

381 5147 506 5199 Iacit
535 5146 721 5199 beatus
757 5145 866 5208 ille,
919 5158 1177 5212 nuSquam
1203 5158 1327 5196 vero
1367 5141 1646 5197 mulierum
1693 5143 1952 5197 meminit.

379 5233 484 5289 Sed
537 5235 981 5305 quemadrnodnm
1031 5235 1098 5290 de
1141 5233 1270 5288 Cain
1324 5233 1521 5288 dictum
1570 5245 1672 5300 est,
1716 5234 1958 5305 Cognovit

381 5342 586 5381 uxorem
615 5342 780 5393 suam,
810 5341 928 5380 eum
957 5341 1214 5396 nusquam
1244 5339 1342 5378 nos
1393 5325 1654 5386 docuerit,
1687 5341 1856 5395 neque
1877 5325 1956 5379 di-

379 5417 518 5472 xerit
547 5417 685 5473 unde
711 5417 952 5474 habuerit
971 5432 1190 5472 uxorem
1219 5436 1232 5471 :
1257 5417 1332 5470 sic
1362 5431 1490 5471 sane
1515 5426 1568 5470 et
1593 5417 1677 5470 hic
1707 5417 1953 5486 loquitur:

381 5518 467 5577 19.
503 5519 566 5575 Et
607 5512 800 5581 accepit
831 5511 928 5566 sibi
969 5509 1190 5564 Lamech
1235 5509 1362 5563 duas
1403 5525 1604 5573 uxores,
1649 5525 1828 5562 nomen
1870 5510 1957 5563 uni

393 5610 590 5673 Atla,“
609 5628 791 5666 nomen
816 5602 1052 5658 secundm
1077 5599 1240 5655 Sella.
1268 5599 1358 5654 20.
1387 5599 1450 5652 Et
1481 5600 1672 5668 peperit
1705 5599 1838 5665 Ada,
1872 5599 1956 5652 in-

396 5699 958 5772 quit,Jobel:Iiic[uii
989 5704 1128 5765 pater
1151 5690 1482 5746 habitantium
1529 5689 1578 5743 in
1625 5690 1956 5744 tabernaculis

1073 301 1130 356 S.
1169 295 1442 355 JOANNIS
1476 286 1948 348 CHRYSOSTOMI
1989 283 2302 340 ARCIIIEP.
2342 281 2870 338 CONSTANTINUP.

3512 283 3618 340 ’168

2035 407 2313 468 pastorum.
2345 397 2436 451 21.
2477 396 2544 450 Et
2571 413 2748 450 nomen
2775 397 2924 466 fratri
2950 396 3085 450 illius
3118 395 3275 450 Juba!
3304 411 3316 448 :
3347 397 3427 450 hic
3455 397 3548 465 fuit
3573 401 3618 451 is

2035 489 2119 559 qui
2147 489 2498 542 demonstrauit
2526 487 2820 557 psalterium
2841 497 2886 540 et
2911 487 3181 540 citharam.

2103 578 2158 630 2.
2201 577 2334 632 Vide
2373 576 2660 646 Scripttrrze
2681 577 3034 646 diligentiam.
3070 577 3255 631 Docuit
3287 593 3384 631 nos
3428 586 3483 634 et
3523 595 3617 633 no-

2036 669 2176 721 mina
2209 683 2394 723 eorum
2426 668 2513 737 qui
2545 667 2651 720 nati
2675 677 2799 721 sunt
2835 682 2901 721 ex
2944 683 3109 721 uxore
3139 667 3392 731 Lamech,
3422 678 3474 723 et
3498 685 3618 738 quas

2037 759 2210 812 studia
2240 758 2452 812 illorum
2477 757 2675 813 fuerint
2704 775 2716 812 :
2751 773 2940 826 nempe
2965 758 3107 827 quod
3137 774 3274 811 unus
3300 759 3502 814 alendis
3530 777 3621 830 pe.

2036 850 2247 903 coribus
2283 849 2442 904 fuerit
2482 849 2712 915 deditus,
2742 859 2797 904 et
2835 850 2974 903 alter
2997 851 3382 920 excogitaverit
3424 853 3619 920 psalteo

2038 940 2172 993 rium
2217 947 2270 994 et
2309 939 2588 994 citharam.
2619 941 2708 993 ‘29..
2757 940 2899 994 Sella
2947 952 3133 1008 autem,
3179 941 3370 1012 inquit,
3415 953 3461 996 et
3509 944 3622 1013 ipsa

2039 1032 2227 1101 peperit
2255 1030 2466 1096 Thobel,
2489 1043 2533 1084 et
2559 1041 2668 1084 erat
2694 1032 2980 1094 malleator,
3002 1041 3047 1084 et
3079 1032 3218 1103 faber
3251 1034 3368 1086 teris
3397 1043 3442 1086 et
3474 1035 3615 1102 ferri.

2038 1120 2234 1176 lterum
2269 1132 2322 1176 et
2357 1133 2525 1176 artem
2553 1122 2695 1176 illius
2723 1125 2811 1191 qui
2839 1137 2905 1176 ex
2924 1122 3064 1176 Sella
3090 1135 3243 1176 natus
3264 1134 3378 1178 erat
3405 1123 3618 1189 indicat,

2037 1213 2178 1283 quod
2226 1228 2416 1283 nempe
2461 1213 2702 1268 fabrilem
2742 1214 2865 1268 aris
2918 1223 3087 1268 artem
3141 1225 3438 1268 exerceret.
3492 1215 3621 1269 Vide

2038 1305 2306 1374 quomodo
2334 1321 2450 1375 qua:
2477 1306 2541 1358 ad
2570 1321 2722 1360 usum
2742 1314 2796 1359 et
2814 1306 3152 1360 commodum
3178 1307 3389 1358 humani
3417 1310 3622 1374 generis

2039 1404 2280 1464 Spectartt
2330 1395 2582 1465 paulatim
2631 1397 2841 1464 provisa
2893 1395 3016 1450 sint.
3070 1396 3133 1449 lit
3164 1395 3388 1464 primum
3437 1397 3618 1449 Caiua

2044 1485 2152 1538 lilio
2173 1501 2270 1540 suo
2288 1486 2554 1540 civitatem
2577 1487 2644 1540 ab
2665 1502 2723 1540 se
2743 1485 3056 1540 mdiﬁeatam
3084 1488 3390 1541 nominavit.
3418 1488 3613 1542 Deinde

2040 1591 2226 1630 eorum
2257 1577 2347 1646 qui
2372 1592 2437 1631 ex
2479 1577 2732 1631 uxoribus
2769 1576 3000 1632 Lamech
3031 1578 3138 1631 nati
3177 1588 3319 1643 sunt,
3360 1594 3495 1632 unus
3530 1595 3613 1647 pa-

2041 1667 2252 1722 scendis
2292 1667 2570 1736 pecoribus
2614 1682 2672 1722 se
2700 1667 2923 1734 dedidit,
2952 1669 3087 1722 alius
3131 1669 3374 1722 aerariam
3404 1682 3617 1723 exerce-

2043 1760 2124 1813 bat
2153 1801 2167 1824 ,
2217 1760 2352 1814 alius
2406 1761 2564 1815 etiam
2613 1761 2919 1830 psalterium
2951 1770 3003 1816 et
3033 1760 3289 1816 citharam
3332 1761 3619 1816 adinvenit.

2044 1851 2207 1905 Soror
2234 1861 2417 1916 autem,
2454 1852 2643 1921 inquit,
2682 1851 2869 1905 T/tobel
2903 1850 3159 1905 Noeman.
3191 1851 3326 1919 Quid
3381 1853 3482 1906 hoc
3527 1868 3621 1906 nos

2042 1959 2163 1996 vum
2193 1953 2248 1998 et
2271 1942 2542 1998 insolitum
2565 1943 2586 1994 ?
2613 1942 2762 1996 Nunc
2787 1944 3016 2013 primum
3043 1944 3354 1996 nominatim
3385 1944 3625 1998 mulieris

2043 2038 2305 2092 meminit.
2353 2037 2472 2092 Non
2501 2039 2616 2093 sine
2646 2053 2826 2104 causa,
2857 2055 3028 2109 neque
3060 2049 3276 2104 temere,
3310 2040 3404 2094 sed
3435 2051 3492 2094 ut
3532 2059 3625 2094 cc-

2045 2130 2245 2183 cultum
2293 2130 2417 2198 quid
2467 2130 2618 2184 nobis
2668 2130 2754 2185 hie
2801 2131 3071 2197 declaret,
3123 2131 3225 2185 hoc
3271 2131 3397 2186 fecit
3441 2133 3625 2186 beatus

2046 2223 2337 2293 pr0pheta;
2384 2223 2434 2277 id
2457 2224 2596 2293 quod
2627 2224 2677 2277 in
2710 2223 2847 2278 aliud
2881 2233 3087 2294 tempus
3113 2224 3259 2278 vobis
3284 2239 3624 2294 reponemus,

2045 2333 2186 2371 nunc
2219 2318 2490 2370 historiam
2541 2334 2829 2386 sequamur
2867 2335 2879 2370 :
2923 2333 3096 2387 neque
3144 2318 3285 2370 enim
3326 2321 3470 2386 parvi
3513 2334 3625 2370 mo-

2047 2409 2210 2464 menti
2241 2409 2488 2478 quiddam
2519 2419 2600 2463 cst
2629 2409 2772 2478 quod
2801 2409 3065 2476 subditur,
3091 2419 3146 2463 et
3185 2410 3413 2477 plurimo
3445 2409 3626 2463 labore

2047 2499 2206 2553 habet
2228 2514 2382 2567 opus,
2413 2513 2474 2552 ac
2499 2498 2836 2568 diligentiore
2868 2499 3228 2569 inquisitione,
3260 2508 3315 2552 ut
3336 2501 3622 2569 possimus,

2046 2590 2290 2643 omnibus
2310 2589 2508 2658 liquido
2525 2591 2834 2657 exploratis,
2852 2591 3074 2644 multum
3105 2590 3228 2645 hinc
3257 2591 3496 2644 utilitatis
3530 2609 3626 2644 no-

2047 2680 2155 2764 bis‘
2181 2679 2389 2735 afferre.
2410 2680 2497 2735 ‘25.
2515 2680 2681 2747 Dixit,
2696 2682 2882 2750 inquit,
2898 2681 3118 2735 Lamech
3136 2683 3372 2736 uxoribus
3388 2683 3490 2737 suis
3503 2683 3625 2735 Athe

2046 2784 2092 2828 et
2125 2772 2279 2828 Sellw
2299 2790 2317 2826 :
2349 2774 2529 2827 Audite
2550 2790 2719 2828 vocem
2757 2791 2938 2839 meam,
2958 2791 3138 2828 uxores
3158 2773 3398 2837 Lamech,
3423 2775 3626 2828 auribus

2049 2865 2288 2935 percipite
2316 2881 2569 2918 sermones
2604 2882 2736 2918 meos
2768 2882 2786 2919 :
2816 2867 2938 2936 quia
2981 2868 3143 2919 virum
3172 2868 3332 2920 ocridi
3368 2870 3420 2919 in
3447 2868 3628 2920 uulnus

2049 2957 2192 3022 nti/ti,
2233 2967 2277 3008 et
2305 2958 2733 3012 adolescentulum
2760 2959 2811 3011 in
2859 2959 3141 3012 cicatricem
3192 2959 3334 3012 milii.
3367 2958 3457 3013 24.
3495 2960 3629 3025 Quia

2047 3049 2226 3118 septies
2253 3049 2374 3102 ultio
2421 3060 2623 3118 sumpta
2671 3059 2740 3103 est
2770 3049 2832 3102 de
2860 3048 3007 3116 Cain,
3037 3049 3099 3103 de
3127 3049 3347 3104 Lamech
3396 3067 3509 3104 vero
3551 3067 3630 3104 se-

2049 3139 2275 3209 ptuagiss
2321 3141 2519 3209 septies.
2565 3139 2825 3205 Obsecro,
2872 3149 3051 3195 mente
3095 3140 3295 3194 intenta
3344 3149 3534 3204 estote,
3577 3149 3630 3196 et

2051 3230 2224 3282 omnia
2269 3245 2387 3298 qu.e
2438 3230 2504 3285 ad
2535 3231 2816 3285 swculares
2846 3245 3000 3286 curas
3043 3233 3331 3302 pertinent,
3362 3247 3630 3303 seponen-

2052 3329 2149 3380 tes,
2177 3335 2297 3372 cum
2325 3320 2598 3390 diligentia
2647 3337 2766 3390 quae
2810 3320 3082 3387 dicuntur,
3130 3333 3546 3391 perscrutemur,
3577 3332 3633 3378 ut

2052 3410 2179 3463 nihil
2209 3425 2392 3463 eorum
2446 3426 2542 3465 nos
2594 3411 2777 3475 lateat,
2811 3412 2905 3467 sed
2953 3423 3206 3482 quantum
3256 3427 3536 3484 possumus
3565 3414 3633 3468 ad

2052 3500 2367 3570 profundum
2402 3503 2646 3572 ingressi,
2677 3505 2941 3558 occultum
2973 3505 3279 3558 thesaurum
3309 3507 3488 3560 venari
3515 3522 3635 3575 pos-

2052 3594 2215 3648 simus
2247 3594 2299 3647 in
2328 3595 2508 3662 paucis
2535 3595 2636 3648 illis
2663 3595 2838 3648 verbis
2869 3596 3140 3651 latentem.
3176 3595 3318 3650 Dixit
3342 3609 3526 3661 autem,
3555 3598 3635 3651 in.

2053 3686 2186 3755 quit,
2216 3684 2436 3738 Lamech
2480 3686 2720 3740 uxoribus
2747 3687 2851 3740 suis
2880 3687 3004 3741 Atla:
3030 3698 3076 3742 et
3106 3688 3263 3742 Sellae
3286 3704 3304 3741 :
3341 3688 3525 3742 Audite
3549 3705 3636 3743 tvo-

2053 3793 2159 3830 cem
2190 3793 2370 3839 meam,
2395 3793 2576 3831 uxores
2606 3775 2846 3843 Lamech,
2876 3777 3081 3832 auribus
3109 3780 3352 3848 percipite
3385 3796 3635 3834 sermones

2055 3883 2207 3920 meos.
2239 3867 2550 3931 Considera,
2590 3867 2832 3932 obsecro,
2863 3869 3041 3924 statim
3086 3870 3153 3924 ab
3181 3870 3350 3937 initio,
3379 3882 3634 3940 quantum

2057 3959 2128 4012 illi
2179 3959 2433 4028 profuerit
2483 3975 2636 4030 paena
2669 3960 2800 4014 Cain
2830 3961 3080 4031 irrogata.
3112 3960 3228 4016 Non
3274 3962 3447 4016 solum
3492 3963 3633 4016 enim

2059 4064 2161 4103 non
2195 4058 2472 4118 exspectat
2514 4059 2570 4103 ut
2595 4050 2662 4103 ab
2691 4051 2796 4105 alio
2821 4061 3094 4122 arguatur,
3127 4053 3266 4122 quod
3294 4052 3347 4107 in
3394 4051 3537 4106 idem
3581 4060 3636 4106 et

2057 4141 2268 4210 gravius
2297 4151 2572 4211 peccatum
2604 4141 2782 4210 lapsus
2825 4143 2913 4208 sit,
2945 4143 3037 4197 sed
3067 4143 3213 4197 nullo
3241 4143 3321 4196 vel
3351 4151 3635 4197 accusante

2060 4233 2141 4288 vel
2175 4233 2500 4303 increpante,
2531 4233 2644 4302 ipse
2679 4233 3019 4302 semetipsum
3047 4234 3384 4288 manifestum
3415 4233 3556 4301 facit,
3583 4243 3637 4289 et

2058 4323 2342 4377 conﬁtetur
2384 4339 2501 4392 qua:
2543 4322 2682 4377 facta
2729 4323 2855 4386 sint,
2889 4323 3306 4393 mulieribusque
3337 4332 3516 4377 narrat
3541 4323 3636 4378 de-

2061 4415 2168 4469 licti
2201 4415 2638 4485 magnitudinem,
2671 4415 2820 4484 quasi
2852 4414 2982 4468 illud
3006 4413 3146 4485 quod
3191 4429 3220 4467 a
3268 4415 3526 4485 prepheta
3552 4414 3637 4467 di-

2059 4515 2202 4561 ctum
2242 4515 2342 4571 est,
2372 4506 2599 4574 implens
2628 4522 2643 4560 :
2670 4503 2850 4559 Justus
2879 4507 2958 4558 sui
2983 4507 3140 4576 ipsius
3186 4517 3450 4560 accusator
3485 4517 3559 4560 est
3585 4507 3638 4558 in

2063 4598 2308 4667 principio
2338 4599 2580 4652 sermonis
2612 4595 2791 4666 (Prov.
2825 4598 2909 4651 18.
2946 4598 3058 4667 17).
3089 4598 3378 4652 Plurimum
3401 4598 3542 4652 enim
3570 4598 3636 4651 ad

2061 4687 2393 4742 emendanda
2424 4698 2636 4756 peccata
2661 4688 2800 4742 valet
2825 4689 3321 4758 conlessio.Utique
3350 4688 3490 4742 sicut
3513 4704 3640 4758 gra-

2059 4782 2182 4835 vius
2210 4789 2291 4837 est
2320 4782 2548 4850 peccatis
2594 4782 2741 4850 ipsis,
2774 4791 2893 4851 post
2939 4792 3150 4852 peccata
3177 4783 3486 4848 commissa,
3515 4798 3641 4852 pec-

2061 4882 2177 4926 cata
2224 4872 2447 4926 iuticiari
2480 4891 2492 4926 :
2529 4871 2579 4925 id
2609 4872 2749 4943 quod
2796 4873 3064 4927 fratricida
3095 4874 3185 4926 ille
3217 4873 3428 4944 agebat,
3455 4883 3511 4928 et
3558 4889 3644 4927 ro-

2061 4974 2215 5034 gatus
2247 4979 2276 5017 a
2306 4965 2649 5019 rnisericorde
2690 4965 2822 5032 Deo,
2853 4981 2958 5019 non
2989 4967 3195 5020 solum‘
3220 4983 3324 5021 non
3370 4965 3645 5021 confessus

2063 5065 2146 5110 est
2176 5055 2226 5109 id
2257 5055 2396 5125 quod
2421 5070 2583 5109 ausus
2624 5058 2791 5111 luerat
2825 5065 3035 5126 patrare
3073 5057 3297 5122 facinus,
3336 5058 3428 5112 sed
3459 5066 3513 5111 et
3539 5059 3646 5112 Deo

2064 5148 2275 5202 mentiri
2304 5162 2466 5202 ausus
2491 5157 2573 5202 est
2607 5165 2621 5200 :
2650 5155 2705 5200 et
2731 5147 2851 5202 ideo
2879 5158 2934 5203 ut
2967 5148 3372 5218 prolongaretur
3395 5148 3501 5200 vita
3526 5162 3649 5209 sua,

2066 5237 2210 5291 fecit.
2241 5238 2402 5308 Igitur
2429 5237 2658 5291 Lamech
2704 5239 2756 5292 in
2803 5238 2890 5292 illa
2938 5239 3050 5307 ipsa
3100 5247 3313 5308 peccata
3357 5237 3649 5292 inciderat:

2073 5323 2170 5379 sed
2199 5321 2382 5376 animo
2404 5329 2685 5389 reputans,
2711 5320 3061 5390 negationem
3083 5322 3304 5391 gravius
3321 5321 3398 5376 illi
3425 5332 3646 5388 parasse

2074 5411 2424 5481 supplicium,
2451 5409 2661 5465 vocatis
2685 5410 3010 5464 mulieribus
3025 5411 3164 5474 suis,
3183 5409 3335 5464 nullo
3353 5407 3650 5478 reprehen-

2140 5573 2153 5603 ί
2184 5573 2278 5617 Sex
2310 5570 2421 5618 Mss.
2451 5576 2496 5617 et
2523 5568 2694 5624 Savil.,
2717 5567 2866 5620 vobis.
3513 5623 3518 5629 η
3614 5622 3623 5630 ,

2138 5635 2156 5663 ⁸
2187 5633 2308 5691 Reg.
2335 5645 2458 5680 unus
2487 5637 2538 5678 et
2567 5630 2716 5679 Satil.
2747 5630 2820 5679 sic
2855 5631 3060 5688 habent,
3083 5633 3129 5678 et
3160 5633 3358 5689 rogatus
3387 5640 3417 5676 tt
3453 5637 3649 5676 mts‘ert-

2075 5696 2219 5744 conte
2248 5696 2362 5752 Deo,
2395 5707 2412 5739 ι
2439 5692 2518 5742 ubi
2540 5692 2655 5742 Abel
2671 5693 2822 5754 frater
2843 5699 2968 5754 tuus,
3000 5708 3018 5740 ›
3045 5704 3138 5740 non
3162 5691 3336 5741 solum.
