4074 6134
338 287 438 345 169

332 417 351 451 ι
373 403 431 456 αἰ
451 403 528 465 εἰς
566 399 778 469 ἐκείνην
805 396 971 451 ἐλθὼν
991 397 1086 468 τὴν
1105 397 1331 462 ἔννοιαν,
1352 398 1435 450 δτι
1463 399 1666 451 ἐκεῖνον
1698 396 1733 465 ή
1761 393 1987 464 ἄρνησις

335 487 721 557 χαλεπωτέραν
742 482 993 546 δέξασθαι
1040 482 1414 553 παρεσκεύασε
1441 484 1540 554 τὴν
1567 480 1857 552 τιμωρίαν,
1892 495 1991 531 κα-

336 572 500 635 λέσας
528 570 626 634 τὰς
684 569 875 622 ἐαυτοῦ
903 572 1185 638 γυναῖκας,
1223 567 1436 633 οὐδενὸς
1486 564 1992 634 καταναγκάζοντος

335 660 456 713 οὐδὲ
522 657 901 728 διελέγχοντος,
961 657 1119 721 αὐτὸς
1155 657 1242 710 διὰ
1268 658 1366 727 τῆς
1391 655 1594 718 οἰκείας
1628 653 1875 723 γλώττης
1900 651 1992 704 καὶ

336 746 436 816 τὴν
462 744 749 813 ὁμολογίαν
785 743 893 796 τῶν
931 743 1332 814 ἡμαρτημένων
1368 745 1616 802 ποιεῖται,
1650 740 1743 793 καὶ
1766 737 1991 810 συγκρί-

336 848 443 885 νων
481 830 549 884 τά
577 829 666 883 ὑπ’
695 830 860 883 αὑτοῦ
910 830 1244 900 εἰργασμένα
1278 832 1387 893 τοῖς
1432 827 1583 900 παρὰ
1608 826 1702 879 τοῦ
1736 827 1874 879 Κάῖν
1896 842 1993 877 πε-

336 918 689 989 πραγμένοις,
731 917 907 988 ἐαυτῷ
931 918 1028 989 τὴν
1052 918 1321 989 τιμωρίαν
1346 916 1533 989 ὁρίζει.

405 1090 557 1157 Εῐδες
606 1094 932 1165 κηδεμονίαν
982 1091 1273 1157 Δεσπότου,
1308 1091 1426 1155 πῶς
1476 1091 1569 1143 καὶ
1619 1090 1675 1143 αἰ
1732 1089 1991 1161 τιμωρίαι

334 1182 501 1236 αὐτοῦ
534 1181 939 1251 φιλανθρωπίας
963 1179 1244 1242 ὑποθέσεις
1264 1180 1389 1239 εἰσὶ,
1426 1177 1518 1231 καὶ
1545 1178 1705 1231 ὅτιού
1724 1177 1882 1247 μέχρι
1898 1176 1990 1229 τοῦ

333 1270 433 1340 τὴν
458 1267 725 1339 τιμωρίαν
762 1266 1049 1337 δεχομένου
1081 1265 1148 1319 τά
1185 1265 1284 1333 τῆς
1321 1263 1725 1335 φιλανθρωπίας
1758 1263 1989 1328 ἵσταται,

334 1353 467 1407 ἀλλά
496 1354 587 1407 καὶ
613 1355 724 1417 τοῖς
748 1353 949 1415 λοιποῖς
977 1353 1243 1423 χρήσιμον
1268 1347 1660 1413 κατασκευάζει
1689 1349 1749 1402 τὸ
1777 1349 1991 1419 φάρμα-

334 1457 449 1504 κον,
476 1440 525 1493 εἰ
562 1438 867 1508 βουληθεῖεν
888 1438 986 1508 τὴν
1009 1436 1247 1501 ἐξαύτοῦ
1271 1434 1535 1504 ὠφέλειαν
1562 1433 1988 1504 καρπώσασθαις
2044 1482 2047 1487 .

335 1526 507 1580 Πόθεν
527 1524 657 1597 γὰρ,
681 1525 804 1578 εἰπέ
835 1542 945 1595 μοι,
985 1525 1014 1577 6
1046 1524 1235 1593 Λάμεχ
1260 1522 1521 1593 ἑτέρωθεν
1555 1522 1646 1574 ἐπὶ
1676 1519 1771 1591 τὴν
1796 1519 1993 1572 τοσαύα

331 1629 434 1682 την
459 1610 840 1682 ἐξομολόγησιν
861 1609 1110 1682 ἐπείχθη,
1133 1612 1180 1663 εἰ
1201 1610 1274 1681 μὴ
1300 1608 1399 1679 τὴν
1424 1608 1486 1661 ἐκ
1516 1607 1625 1663 τῶν
1643 1607 1834 1677 ἐκείνῳ
1856 1624 1993 1678 συμ-

334 1698 541 1754 ϐάντων
592 1699 892 1769 ὑπόμνησιν
933 1694 1046 1768 εἶχε
1102 1696 1361 1768 διηνεκῶς
1410 1694 1570 1750 αὑτοῦ
1621 1695 1717 1755 τὴν
1755 1693 1989 1747 διάνοιαν

332 1783 721 1839 κατασείουσαν
736 1801 750 1843 :
764 1781 929 1849 Εἷπε,
944 1785 1125 1854 φησίν·
1155 1782 1477 1838 Ἀκούσατέ
1492 1799 1611 1850 μου
1633 1780 1741 1849 τῆς
1760 1779 1985 1849 φωνῆς,

331 1873 429 1926 καί
451 1870 816 1925 ἐνωτίσασθέ
833 1886 950 1939 μου
987 1871 1128 1936 τοὺς
1148 1872 1388 1940 λόγους.
1427 1871 1567 1938 Ὅρα
1602 1868 1716 1930 πῶς
1735 1866 1991 1922 καθ’έαυ-

330 1958 421 2012 τὸν
442 1958 783 2028 δικαστήριον
817 1957 1067 2021 καθίσας,
1110 1957 1250 2011 οὕτω
1277 1958 1375 2027 τὴν
1423 1957 1762 2028 παράκλησιν
1802 1957 1988 2019 αὐταῖς

330 2045 615 2112 προσάγει,
648 2043 786 2097 ῶστε
840 2044 914 2114 μὴ
962 2043 1252 2114 παρέργως
1296 2043 1549 2107 δέξασθαι
1592 2043 1661 2097 τά
1699 2042 1984 2112 λεγόμενα.

330 2134 405 2187 Τὸ
434 2135 539 2204 γὰρ
568 2136 761 2199 εἰπεῖν,
815 2131 1130 2187 Ἀκούσατέ
1151 2149 1271 2201 μου
1292 2130 1402 2199 τῆς
1420 2130 1645 2201 φωνῆς,
1671 2131 1769 2185 καί
1787 2130 1987 2184 ἐνωτί-

330 2221 525 2275 σασθέ
561 2239 680 2291 μου
720 2219 862 2287 τοὺς
895 2222 1135 2290 λόγους,
1173 2219 1329 2274 τοῦτο
1358 2219 1643 2290 δηλοῦντος
1673 2221 1816 2272 ἐστι·
1852 2220 1986 2271 Συν-

329 2307 539 2359 τείνατε
596 2306 768 2377 ὑμῶν,
804 2307 954 2375 φησί,
981 2306 1078 2377 τὴν
1109 2306 1360 2369 διάνοιαν,
1397 2306 1491 2359 καί⁵
1528 2304 1665 2375 μετὰ
1708 2305 1988 2375 ἀκριϐείας

331 2393 625 2463 προσέχετε
640 2387 720 2454 οἷς
738 2391 884 2463 [174]
903 2394 1045 2462 ἐρεῖν
1064 2392 1258 2461 μέλλω.
1276 2392 1412 2445 Οὐδὲ
1426 2393 1533 2462 γὰρ
1556 2391 1683 2461 περί
1695 2391 1801 2443 τῶν
1811 2391 1990 2461 τυχόν-

328 2495 436 2532 των
472 2478 597 2547 ὑμῖν
625 2476 954 2547 διαλέξομαι,
991 2476 1125 2529 ἀλλά
1154 2477 1452 2548 πράγματα
1485 2478 1614 2547 ὑμῖν
1649 2476 1989 2548 ἐξαγορεύσω

328 2564 674 2627 λανθάνοντα,
701 2564 794 2616 καὶ
818 2562 854 2615 ἃ
881 2562 1065 2632 μηδεὶς
1090 2563 1271 2633 ἕτερος
1296 2558 1451 2627 οἰδεν,
1474 2564 1586 2616 ἀλλ’
1615 2564 1647 2633 ἢ
1681 2563 1837 2633 μόνος
1857 2563 1985 2631 ἐγὼ,

328 2652 423 2705 καὶ
453 2653 482 2705 6
511 2651 806 2721 ἀκοίμητος
851 2652 1056 2714 ἐκεῖνος
1092 2649 1385 2721 ὀφθαλμὸς,
1411 2650 1469 2703 ὃν
1500 2650 1750 2714 δεδοικὼς
1776 2650 1988 2704 σπεύδω

328 2736 423 2790 καὶ
467 2737 755 2808 ἐπείγομαι
817 2736 1023 2807 φανερὰ
1081 2736 1208 2809 ὑμῖν
1244 2740 1580 2809 καταστῆσαι
1616 2737 1686 2791 τὰ
1733 2738 1823 2792 ὑπ’
1854 2736 1986 2808 ἐμοῦ

328 2823 707 2893 πεπραγμένα,
754 2824 850 2877 καί
898 2824 1048 2886 ὅσαις
1111 2824 1399 2893 τιμωρίαις
1452 2824 1642 2878 ἑαυτὸν
1690 2824 1987 2879 ὑπεύθυνον

328 2909 632 2980 κατέστησα
665 2908 751 2962 διά
776 2909 882 2962 τῶν
914 2909 1139 2963 ἀνοσίων
1171 2902 1438 2981 πράξεων.
1463 2911 1591 2964 Ὅτι
1617 2910 1806 2979 ἄνδρα
1841 2912 1986 2966 ἀπέο

326 3012 550 3061 metra,
604 2995 788 3065 φησὶν,
845 2997 930 3060 εἰς
968 2995 1197 3065 τραῦμα
1232 2996 1383 3065 ἐμοί,
1422 2997 1520 3051 καί
1557 2999 1882 3052 νεανίσκον
1902 3001 1985 3063 εἰς

325 3084 586 3152 μώλωπα
604 3083 752 3153 ἐμοί.
782 3084 911 3137 Ὀτι
938 3082 1183 3149 ἑπτάκις
1208 3082 1580 3150 ἐκδεδίκηται
1621 3084 1689 3137 ἐκ
1718 3083 1886 3148 Κάτν,
1920 3086 1987 3139 ἐκ

323 3172 396 3226 δὲ
414 3171 614 3242 Λάμεχ
661 3170 1164 3240 ἑϐδομηκοντάκις
1192 3170 1360 3225 ἑπτά.
1395 3171 1555 3240 Μέγα
1584 3171 1644 3225 τὸ
1677 3174 1985 3243 εἰρημένον,

327 3259 424 3313 καί
445 3259 648 3328 σφόδρα
682 3257 842 3328 μέγα,
877 3258 969 3310 καί
996 3257 1164 3327 πολλὴ
1189 3256 1279 3309 τοῦ
1300 3257 1491 3327 ἀνδρὸς
1519 3258 1553 3328 ή
1574 3259 1984 3329 εὐγνωμοσύνη.

325 3345 404 3399 οὐ
442 3344 600 3415 μόνον
627 3344 734 3415 γὰρ
761 3344 1011 3414 ὁμολογεῖ
1040 3343 1101 3395 τὸ
1128 3342 1366 3411 γεγονὸς,
1396 3344 1490 3397 καὶ
1537 3346 1660 3408 τοὺς
1695 3345 1886 3415 φόνους
1910 3350 1989 3412 εἰς

330 3429 494 3500 μέσον
520 3430 661 3498 ἄγει,
688 3428 780 3493 οὓς
812 3430 1122 3501 εἰργάσατο,
1153 3429 1287 3483 ἀλλά
1313 3430 1405 3483 καί
1418 3429 1505 3483 διὰ
1528 3432 1624 3502 τῆς
1652 3433 1988 3503 συγκρίσεως

327 3516 436 3569 τῶν
463 3517 553 3569 ὑπ’
583 3516 790 3571 ἐκείνου
844 3516 936 3570 καί
966 3516 1055 3568 ὑπ’
1081 3514 1245 3568 αὑτοῦ
1277 3516 1574 3584 γεγονότων
1615 3517 1674 3571 τὸ
1717 3519 1988 3590 ἐπιτίμιον

326 3603 504 3674 ἐαυτῷ
556 3602 847 3673 ἐπιτίθησι.
900 3602 1065 3667 Ποίας
1094 3602 1201 3673 γάρ
1245 3602 1311 3657 ἂν
1333 3602 1441 3675 εἴη,
1474 3606 1629 3674 φησί,
1659 3605 1988 3679 συγγνώμης

326 3689 474 3755 ἄξιος
500 3694 529 3745 ὁ
560 3691 692 3760 μηδὲ
723 3692 788 3761 τῇ
826 3690 1012 3761 ἐτέρου
1041 3691 1277 3762 τιμωρία
1303 3693 1710 3763 σωφρονισθείς,
1735 3694 1870 3747 ἀλλά
1896 3695 1989 3748 καὶ

326 3776 546 3831 ἔναυλον
574 3776 713 3847 ἔχων
733 3778 830 3848 τὴν
854 3779 1090 3848 μνήμην,
1122 3779 1215 3830 καὶ
1250 3778 1385 3849 πρὸς
1416 3780 1508 3832 ἐπὶ
1543 3779 1750 3843 τούτοις
1769 3780 1989 3835 διπλοῦν

327 3864 697 3935 ἐργασάμενος
727 3864 884 3933 φόνον
903 3880 918 3928 ;
940 3864 1068 3919 Ὅτι
1093 3864 1301 3931 ἄνδρα,
1345 3868 1527 3935 φησὶν,
1559 3868 1881 3921 ἀπέκτεινα
1902 3870 1989 3933 εἰς

326 3950 558 4019 τραῦμα
584 3950 733 4019 ἐμοὶ,
786 3950 883 4005 καὶ
936 3952 1262 4004 νεανίσκον
1310 3953 1396 4015 εἰς
1422 3952 1686 4020 μώλωπα
1730 3954 1879 4022 ἐμοί.
1911 3955 1985 4007 Ού

324 4036 575 4091 τοσοῦτον
609 4037 864 4106 ἠδίκησα,
913 4037 1098 4107 φησὶν,
1159 4036 1417 4099 ἐκείνους,
1461 4037 1552 4100 οὓς
1601 4039 1829 4101 ἀνεῖλον,
1864 4041 1987 4096 ὅσον

325 4122 581 4193 ἐμαυτόν.
614 4123 709 4185 Εἰς
759 4124 998 4189 ἄφυκτον
1039 4120 1147 4191 γάρ
1170 4120 1437 4192 τιμωρίαν
1487 4122 1676 4176 ἐαυτὸν
1715 4125 1984 4191 ἐνέϐαλον,

326 4209 695 4278 ἁμαρτήματα
730 4206 1098 4276 ἐργασάμενος
1127 4207 1453 4277 συγγνώμης
1487 4208 1760 4264 ἐπέκεινα.
1790 4214 1851 4264 Εἰ
1878 4212 1985 4285 γὰρ

326 4295 531 4357 ἐκεῖνος
553 4292 694 4363 ὑπὲρ
721 4291 814 4345 τοῦ
868 4292 985 4354 ἐνὸς
1018 4292 1178 4361 φόνου
1205 4293 1342 4347 ὲπτά
1375 4294 1666 4366 τιμωρίαις
1687 4297 1986 4364 ὑπεύθυνος

324 4378 565 4449 γέγονεν,
593 4378 702 4449 ἐγὼ
723 4379 929 4443 δίκαιος
955 4378 1019 4433 ἀν
1041 4380 1158 4450 εἰην
1176 4380 1629 4452 ὲὸδομηκοντάκις
1653 4384 1792 4437 έπτά
1817 4402 1982 4456 τιμω-

328 4471 449 4539 ρίας
479 4468 754 4539 ὑποσχεῖν.
777 4468 932 4532 Τίνος
961 4467 1145 4522 ἕνεκεν
1173 4470 1268 4523 καί
1296 4468 1384 4523 διὰ
1407 4470 1494 4536 τίς
1530 4469 1593 4524 Εἰ
1630 4464 1738 4543 γάρ
1765 4473 1860 4525 καὶ
1898 4473 1988 4542 φό-

324 4570 416 4609 νον
460 4554 665 4618 ὲκεῖνος
713 4556 1025 4625 εἰργάσατο,
1062 4556 1158 4609 καὶ
1181 4556 1409 4626 ἀδελφοῦ
1434 4557 1609 4627 φόνον,
1649 4558 1763 4612 ἀλλ’
1797 4559 1983 4614 οὐδένα

322 4641 575 4696 οὐδέποτε
619 4642 880 4714 πρότερον
924 4642 1254 4714 θεασάμενος
1280 4644 1438 4699 τοῦτο
1483 4647 1838 4717 πεποιηκότα,
1863 4649 1982 4701 οὐδὲ

322 4728 551 4783 κατιδὼν
577 4728 661 4782 ἒτε
671 4745 760 4801 ρον
782 4728 869 4782 διὰ
908 4729 1006 4799 τὴν
1030 4730 1225 4799 πρᾶξιν
1249 4731 1649 4800 τιμωρηθέντα,
1673 4735 1766 4786 καὶ
1795 4734 1985 4788 τοσαύ-

320 4831 421 4884 της
444 4815 771 4887 πειραθέντα
800 4816 896 4885 τῆς
925 4816 1362 4883 ἀγανακτήσεως,
1388 4815 1528 4884 άπερ
1545 4817 1827 4889 ἀμφότερα
1859 4820 1982 4889 ἐμοὶ

264 4917 269 4923 ·
322 4901 472 4966 αὔξει
498 4904 595 4968 τάς
628 4903 896 4976 τιμωρίας
916 4920 929 4933 ·
957 4904 1038 4955 ὅτι
1060 4902 1154 4955 καὶ
1181 4901 1286 4973 πρὸ
1314 4901 1421 4954 τῶν
1437 4902 1726 4974 ὀφθαλμῶν
1760 4904 1897 4975 έχων
1924 4905 1984 4958 τὸ

321 4988 412 5042 ὑπ’
449 4990 653 5044 ἐκείνου
704 4989 993 5061 τολμηθὲν,
1037 4990 1131 5042 καὶ
1171 4988 1268 5059 τὴν
1316 4989 1587 5062 τιμωρίαν
1627 4991 1769 5062 ὁρῶν
1812 4992 1983 5058 οὕτως

319 5075 613 5147 ἀνήκεστον
660 5076 845 5140 οὖσαν,
869 5078 990 5131 οὐδὲ
1017 5076 1189 5139 οὕτως
1216 5078 1641 5151 ἐσωφρονίσθην.
1676 5081 1775 5135 Διά
1823 5080 1982 5134 τοῦτο

319 5161 422 5216 κᾶν
467 5162 921 5233 ἑϐδομηκοντάκις
948 5162 1085 5216 ἐπτᾶ
1109 5164 1378 5233 τιμωρίας
1414 5165 1619 5220 ἐκείνου
1658 5168 1978 5240 ύποσταίην,

318 5255 442 5310 οὐδὲ
461 5253 604 5308 οὕτω
631 5257 728 5327 τὴν
756 5255 913 5323 ἀξίαν
946 5256 1101 5311 δώσω
1130 5257 1308 5328 δίκην.

385 5438 454 5500 γ’.
474 5430 658 5501 Ὁρᾷς,
675 5430 943 5503 ἀγαπητέ,
961 5431 1078 5497 πῶς
1109 5431 1450 5497 αὐτεξούσιον
1472 5432 1629 5504 ήμῶν
1645 5433 1739 5505 τὴν
1759 5433 1978 5507 γνώμην

311 5517 343 5572 ὁ
377 5516 510 5580 Θεὸς
541 5516 958 5589 ἐδημιούργησε,
996 5518 1089 5572 καί.
1125 5518 1312 5590 ῶσπερ
1344 5519 1711 5590 ῥᾳθυμοῦντες
1742 5523 1976 5575 ὑποσκε-

311 5603 589 5674 λιζόμεθα,
622 5604 764 5659 οὕτω
814 5607 907 5659 καὶ
952 5605 1116 5675 νῆψαι
1161 5606 1510 5677 βουληθέντες
1557 5608 1866 5680 συνορῶμεν
1915 5612 1975 5665 τὸ

312 5688 461 5756 ὃέονς
518 5691 615 5753 Τίς
670 5692 800 5763 γὰρ,
859 5693 977 5747 εἰπέ
1019 5711 1129 5764 μοι,
1181 5692 1368 5747 τοῦτον
1421 5694 1514 5747 ἐπὶ
1561 5696 1661 5768 τὴν
1704 5698 1971 5770 τοσαύτην

312 5776 693 5848 ἐξομολόγησιν
725 5782 1087 5851 κατήπειγεν;
1120 5780 1305 5843 Οὐδεὶς
1332 5781 1533 5852 ἕτερος,
1562 5784 1730 5852 ἀλλ’ἢ
1762 5786 1820 5838 τὸ
1850 5804 1971 5842 σνν-

1140 285 1197 341 8.
1238 283 1521 341 JOANNIS
1557 275 2043 338 CHRYSOSTOMI
2081 275 2399 333 ARCHIEP.
2439 271 2973 333 CONSTANTINOP.

3656 272 3761 326 ΓΝ)

2099 390 2237 455 ειδὸς
2275 392 2368 445 καὶ
2401 392 2430 444 6
2467 390 2726 461 δικαστὴς
2770 390 2973 449 ἐκεῖνος
2998 388 3026 438 6
3053 384 3364 449 ἀδέκαστος.
3403 382 3620 453 Ἐπειδὴ
3650 384 3757 453 γὰρ

2094 482 2173 542 εἰς
2232 479 2500 551 ρᾳθυμίαν
2544 477 2839 539 ἀποκλίνας
2886 477 2961 537 εἰς
3008 473 3164 544 ἔργον
3213 473 3388 543 ’ήγαγε
3439 472 3539 542 τὴν
3580 472 3757 540 κακὴν

2093 566 2453 638 ἐπιχείρησιν,
2483 564 2682 628 εὐθέως
2711 562 3074 629 κατεξανέστη
3096 559 3155 612 τὸ
3184 558 3419 621 συνειδὸς
3446 557 3755 617 καταϐοῶν,

2093 655 2186 706 καὶ
2215 652 2318 706 τῶν
2345 650 2768 723 ἁμαρτηθέντων
2796 649 2857 702 τὸ
2888 646 3134 719 μέγεθος,
3167 648 3260 699 καὶ
3289 646 3439 708 ὅσαις
3467 644 3756 715 τιμωρίαις

2092 741 2281 794 ἑαυτὸν
2313 741 2609 795 ὑπεύθυνον
2641 741 2951 812 εἰργάσατο.
2986 736 3235 790 Τοιοῦτον
3259 735 3369 806 γάρ
3400 735 3433 802 ἡ
3475 735 3753 806 ἀμαρτίω

2092 829 2220 898 πρὶν
2252 828 2283 899 ἢ
2319 829 2415 899 μὲν
2439 828 2547 898 γάρ
2575 826 2937 897 παραχθῆναι,
2975 825 3068 877 καὶ
3106 825 3184 887 εἰς
3221 822 3380 893 ἔργον
3402 821 3595 884 ἐλθεῖν,
3625 839 3755 876 σκο-

2091 919 2175 968 τοῖ
2194 915 2284 967 τὸν
2304 915 2581 985 λογισμὸν,
2618 916 2714 968 καὶ
2755 914 2939 983 ἀπατᾷ
2975 912 3072 982 τὴν
3098 911 3334 965 διάνοιαν
3355 927 3368 940 ⁸
3408 909 3546 963 ἐπάν
3581 908 3638 961 δὲ
3660 925 3755 961 τε-

2091 998 2309 1070 λειωθῇ,
2339 999 2460 1051 τότε
2491 998 2656 1068 δήλην
2681 999 2811 1067 ἡμῖν
2846 994 2945 1066 τὴν
2985 994 3152 1065 αὐτῆς
3182 994 3411 1047 ἀτοπίαν
3443 989 3753 1061 καθίστησι.

2092 1085 2184 1138 καὶ
2220 1086 2253 1155 ή
2303 1084 2526 1155 βραχεῖα
2571 1084 2751 1153 ἐκείνη
2808 1082 2903 1136 καὶ
2944 1082 3139 1146 ἄτοπος
3183 1079 3343 1151 ήδονὴ
3384 1076 3604 1149 διηνεκῆ
3654 1076 3756 1145 τὴν

2091 1172 2281 1242 ὀδύνην
2322 1174 2451 1243 ήμῖν
2497 1171 2764 1243 ἀντίθησι,
2814 1169 2910 1223 καί
2956 1168 3048 1222 τοῦ
3099 1167 3397 1229 συνειδότος
3441 1165 3752 1235 ἀφαιρεῖται

2090 1258 2187 1329 τὴν
2228 1258 2558 1331 παρρησίαν,
2589 1260 2678 1311 καὶ
2714 1255 2940 1327 αἰσχύνῃ
2966 1252 3277 1324 περιϐάλλει
3316 1253 3409 1306 τὸν
3439 1253 3652 1306 ἁλόντα.
3692 1251 3752 1302 ’0

2091 1346 2198 1416 γὰρ
2225 1345 2598 1417 φιλάνθρωπος
2638 1344 2913 1413 Δεσπότης
2941 1340 3180 1394 τοιοῦτον
3209 1340 3340 1409 ἡμῖν
3384 1338 3473 1392 τὸν
3518 1342 3753 1408 κατήγο-

2094 1450 2186 1504 ρον
2215 1432 2400 1487 τοῦτον
2446 1432 2760 1501 ἐπέστησεν,
2783 1430 2858 1493 ὡς
2892 1429 3155 1499 μηδέποτε
3185 1428 3428 1498 ὴρεμεῖν,
3458 1426 3572 1480 ἀλλ’
3600 1425 3753 1479 ἀδια-

2090 1519 2321 1583 λείπτως
2384 1519 2606 1573 συνόντα
2659 1516 2962 1588 καταϐοᾷν,
3002 1515 3095 1568 καὶ
3149 1514 3303 1583 δίκην
3349 1514 3596 1566 ἀπαιτεῖν
3639 1512 3750 1563 τῶν

2090 1608 2656 1679 πεπλημμελημένων.
2709 1608 2818 1663 Καὶ
2851 1606 3006 1662 τοῦτο
3060 1605 3125 1659 ἀν
3165 1621 3247 1668 τις
3302 1604 3400 1656 ἰδοι
3456 1601 3642 1673 σαφῶς
3687 1602 3751 1666 ἐξ

2088 1696 2267 1750 αὐτῶν
2298 1696 2406 1750 τῶν
2429 1695 2787 1767 πραγμάτων.
2835 1694 2892 1747 Ὀ
2920 1692 3027 1763 γὰρ
3067 1692 3281 1763 πόρνος,
3329 1690 3362 1760 ἢ
3404 1691 3432 1742 ὁ
3480 1689 3684 1760 μοιχὸς,
3711 1688 3746 1759 ἢ

2086 1785 2115 1836 6
2155 1783 2336 1854 ἕτερόν
2374 1800 2426 1836 τι
2465 1782 2700 1835 τοιοῦτον
2747 1778 3120 1851 εἰργασμένος,
3175 1775 3276 1830 κᾶν
3321 1777 3527 1838 πάντας
3566 1773 3749 1827 λαθεῖν

2086 1869 2308 1940 δυνηθῇ.
2336 1869 2455 1924 οὐδὲ
2485 1867 2656 1932 οὕτως
2692 1869 2749 1920 ἐν
2778 1865 2983 1937 ἠρεμία
3023 1863 3215 1932 διάγει,
3259 1863 3370 1916 ἀλλ’
3400 1862 3536 1932 ἔχων
3560 1860 3747 1915 τοῦτον

2086 1955 2177 2008 τὸν
2201 1954 2446 2026 σφοδρὸν,
2489 1955 2792 2024 κατήγορον
2817 1952 2915 2015 τὰς
2942 1950 3173 2018 ὑποψίας
3215 1948 3436 2011 δέδοικε,
3461 1947 3560 2011 τάς
3588 1945 3747 2009 σκιὰς

2085 2039 2297 2112 τρέμει,
2321 2043 2444 2103 τοὺς
2476 2041 2699 2106 εἰδότας,
2728 2041 2851 2104 τοὺς
2879 2040 2978 2093 οὐκ
3013 2038 3238 2102 εἰδότας,
3262 2036 3479 2106 διηνεκῆ
3503 2033 3748 2103 χειμῶνα

2086 2129 2224 2199 ἔχων
2256 2131 2314 2182 ἐν
2349 2130 2492 2201 ψυχῇ
2533 2130 2625 2182 καί
2666 2128 2883 2199 κύματα
2922 2125 3217 2195 ἐπάλληλα.
3265 2122 3377 2176 Καὶ
3420 2121 3542 2175 οὔτε
3577 2120 3746 2183 ῦπνος

2086 2217 2163 2287 τῷ
2196 2216 2420 2287 τοιούτῳ
2465 2216 2613 2287 ⁴ήδὺς,
2658 2216 2791 2269 ἀλλά
2826 2215 2987 2285 φόϐου
3022 2216 3117 2267 καὶ
3154 2211 3423 2283 δειμάτων
3455 2209 3747 2279 πεπληρω-

2089 2303 2274 2372 μένος·
2308 2302 2431 2356 ούτε
2458 2302 2630 2374 τροφὴ
2656 2302 2845 2373 ήδονὴν
2886 2301 3102 2372 ἔχουσα,
3139 2298 3261 2354 οὔτε
3300 2297 3531 2362 διάλεξις
3576 2296 3747 2365 φίλων

2085 2390 2176 2443 τὸν
2212 2388 2450 2443 τοιοῦτον
2494 2392 2820 2461 μεταγαγεῖν
2873 2389 3181 2458 δυνήσεται,
3221 2387 3254 2456 ἢ
3303 2383 3607 2449 ἀπαλλάξαι
3648 2380 3746 2434 τοῦ

2085 2477 2292 2543 ἀγῶνος
2318 2476 2411 2530 τοῦ
2461 2476 2835 2547 ἐπικειμένου·
2884 2475 3014 2529 άλλά
3061 2474 3307 2543 καθάπερ
3353 2472 3544 2542 δήμιον
3585 2486 3745 2538 περι-

2086 2565 2264 2635 φέρων
2309 2564 2695 2630 καταξαίνοντα
2744 2563 2903 2618 αὐτὸν
2950 2563 3045 2616 καὶ
3092 2561 3416 2631 μαστὶζοντα
3461 2557 3743 2629 διηνεκῶς,

2084 2649 2226 2704 οὕτω
2270 2650 2407 2721 μετά
2460 2650 2556 2718 τὴν
2604 2650 2801 2704 ἀτοπον
2860 2649 3055 2718 πρᾶξιν
3111 2647 3323 2715 ἐκείνην
3376 2645 3743 2716 περιέρχεται,

2086 2741 2293 2805 οὐδενὸς
2329 2739 2547 2806 εἰδότος,
2580 2739 2679 2802 τάς
2725 2740 3028 2810 ἀφορήτους
3071 2735 3280 2798 ἐκείνας
3328 2731 3595 2803 τιμωρίας
3642 2731 3747 2785 ὐπ-

2087 2827 2242 2898 έχων,
2278 2828 2371 2881 καὶ
2397 2828 2654 2897 δικαστὴς
2682 2826 2873 2880 ἐαυτοῦ
2902 2825 3182 2894 γινόμενος
3207 2822 3300 2876 καὶ
3324 2823 3643 2894 κατήγορος.

2168 2914 2305 2967 Ἀλλ’
2357 2918 2385 2968 6
2438 2914 2606 2968 ταῦτα
2660 2913 3016 2985 εἰργασμένος
3063 2911 3156 2965 ἐὰν
3211 2909 3441 2982 βουληθῇ
3497 2912 3574 2973 εἰς
3625 2908 3745 2962 δέον

2084 3001 2386 3071 χρήσασθαι
2413 3004 2478 3073 τῇ
2517 3001 2623 3056 ἀπὸ
2653 3001 2743 3053 τοῦ
2779 2999 3072 3062 συνειδότος
3108 2996 3346 3067 βοηθείᾳ,
3392 2995 3485 3049 καὶ
3519 2994 3612 3048 ἐπὶ
3645 2993 3744 3064 τὴν

2084 3087 2465 3159 ἐξομολόγησιν
2512 3088 2620 3142 τῶν
2669 3087 3066 3159 πεπραγμένων
3123 3084 3476 3155 ἐπειχθῆναι,
3522 3083 3616 3137 καὶ
3663 3081 3743 3151 τῷ

2088 3174 2252 3246 ἰατρῷ
2286 3175 2453 3242 δεῖξαι
2485 3176 2545 3229 τὸ
2569 3175 2744 3239 ἕλκος,
2778 3174 2855 3245 τῷ
2885 3172 3236 3244 θεραπεύοντι
3281 3172 3375 3224 καὶ
3427 3169 3501 3242 μὴ
3550 3167 3743 3223 ὁνειδί⁴

2086 3261 2250 3324 ζοντι,
2283 3263 2375 3315 καί
2406 3262 2473 3315 τά
2507 3263 2635 3333 παρ’
2661 3262 2868 3315 ἐκείνου
2902 3260 3164 3330 φάρμακα
3209 3257 3478 3322 δέξασθαι,
3515 3257 3610 3309 καὶ
3645 3255 3743 3325 μό-

2085 3364 2173 3411 νος
2196 3348 2343 3420 αύτῷ
2374 3349 2735 3420 διαλεχθῆναι,
2764 3348 2988 3419 μηδενὸς
3009 3346 3225 3410 εἰδότος,
3258 3345 3350 3398 καὶ
3375 3344 3551 3397 πάντα
3574 3344 3742 3395 εἰπεῖν

2089 3435 2226 3505 μετὰ
2270 3436 2573 3507 ἀκριϐείας,
2609 3437 2825 3505 ταχεῖαν
2873 3435 3154 3503 ποιήσεται
3196 3432 3295 3502 τὴν
3330 3429 3610 3502 διόρθωσιν
3635 3429 3743 3481 τῶν

2085 3523 2482 3593 ἐπταισμένων.
2524 3523 2589 3575 Ἦ
2626 3521 2734 3591 γὰρ
2753 3519 3009 3591 ὁμολογία
3049 3519 3154 3573 τῶν
3202 3517 3602 3589 ἡμαρτημένων
3636 3516 3743 3583 ἀφ-

2085 3598 2308 3678 ανισμὺς
2335 3608 2541 3675 γίνεται
2562 3607 2670 3661 τῶν
2700 3605 3203 3677 πλημμελημάτων.
3221 3602 3373 3676 [Πὸι
3403 3605 3465 3656 Εἰ
3493 3602 3602 3677 γὰρ
3622 3601 3685 3672 δὴ
3713 3603 3744 3655 6

2086 3694 2277 3765 Λάμεχ
2302 3689 2457 3757 οὗτος
2480 3697 2600 3757 ταῖς
2622 3692 2814 3746 ἑαυτοῦ
2840 3690 3051 3761 γυναιξὶ
3083 3693 3207 3754 τοὺς
3240 3690 3369 3761 παρ’
3395 3689 3558 3743 αὑτοῦ
3587 3704 3743 3757 γενο-

2089 3781 2281 3851 μένους
2320 3783 2512 3851 φόνους
2554 3779 2907 3849 ἐξαγορεῦσαι
2949 3780 3011 3832 ού
3063 3778 3433 3850 παρῃτήσατο,
3485 3775 3641 3838 ποίας
3675 3773 3743 3828 ἀν

2085 3870 2276 3938 εῗημεν
2310 3867 2637 3938 συγγνώμης
2679 3867 2840 3931 ἄξιοι,
2876 3865 2953 3936 τῷ
2980 3866 3157 3918 πάντα
3191 3864 3328 3933 μετά
3357 3861 3639 3933 ἀκριϐείας
3669 3862 3743 3913 εἰ⁴

2083 3953 2195 4007 δότι
2236 3954 2303 4007 τὰ
2341 3955 2580 4026 ἡμέτερα
2627 3952 3067 4023 πλημμελήματα
3109 3950 3181 4020 μὴ
3218 3949 3523 4019 βουλόμενοι
3555 3947 3746 4013 ἐξαγο-

2086 4039 2264 4110 ρεύειν
2304 4041 2373 4094 τά
2401 4039 2796 4111 ἡμαρτημένας
2836 4039 2926 4107 Μὴ
2962 4038 3068 4108 γὰρ
3097 4036 3285 4106 ἐπειδὴ
3324 4037 3524 4104 ἀγνοεῖ,
3553 4034 3744 4104 μαθεῖν

2086 4126 2328 4196 βούλεται
2355 4144 2370 4192 ;
2402 4128 2514 4181 Οὐκ
2541 4126 2726 4198 ἐπειδὴ
2752 4127 2951 4193 ἀγνοεῖ,
2985 4123 3077 4194 τὴν
3119 4125 3247 4193 παρ’
3275 4122 3428 4192 ήμῶν
3454 4120 3743 4191 ὁμολογίαν

2084 4213 2328 4284 ἐπιζητεῖ
2347 4216 2375 4267 ὁ
2403 4213 2577 4267 πάντα
2603 4212 2756 4275 εἰδὼς
2782 4211 2908 4281 πρὶν
2938 4210 3200 4277 γενέσεως
3232 4207 3431 4271 αὐτῶν,
3462 4206 3594 4259 ἀλλά
3622 4206 3745 4274 βους⁵

2083 4298 2304 4370 λόμενος
2332 4301 2478 4370 ἡμᾶς
2506 4299 2638 4371 ὁμοῦ
2679 4300 2772 4352 καὶ
2810 4296 3058 4368 αἴσθησιν
3092 4294 3275 4348 λαϐεῖν
3304 4294 3412 4346 τῶν
3443 4291 3743 4361 ἐπταισμέ-

2082 4402 2188 4440 νων
2215 4385 2304 4439 διὰ
2337 4388 2434 4457 τῆς
2456 4385 2760 4456 ὁμολογίας,
2792 4385 2884 4438 καὶ
2914 4386 3010 4455 τήν
3046 4380 3462 4451 εὐγνωμοσύνην
3485 4379 3583 4449 τὴν
3614 4379 3743 4448 παρ’

2085 4474 2289 4528 ἑαυτῶν
2317 4472 2699 4537 ἐπιδείξασθαι.
2732 4470 2824 4542 Μὴ
2858 4469 2964 4541 γὰρ
2993 4470 3246 4540 χρήματα
3268 4468 3484 4520 ἔπεστιν
3510 4465 3739 4519 ἐνταῦθα

2082 4560 2424 4629 δαπανῆσαι;
2468 4561 2541 4631 μὴ
2574 4559 2680 4630 γὰρ
2706 4558 2822 4611 ὁδὸν
2854 4556 3067 4628 μακράν
3116 4553 3461 4619 στείλασθαι;
3516 4552 3591 4623 μὴ
3632 4551 3741 4622 γὰρ

2081 4647 2272 4718 ὀδύνην
2318 4647 2410 4701 καὶ
2457 4647 2746 4717 ἀλγήματα
2797 4643 3024 4715 παρέχει
3062 4643 3094 4712 ή
3150 4641 3359 4711 ἰατρεία
3403 4638 3580 4709 αῦτη;
3633 4639 3743 4691 Καὶ

2081 4735 2350 4797 ἀδάπανός
2381 4735 2517 4797 ἐστι,
2554 4733 2648 4785 καί
2693 4730 2978 4793 ἀνώδυνος,
3027 4730 3120 4783 καὶ
3162 4729 3378 4797 ταχεῖαν
3425 4725 3743 4795 παρέχουσα

2080 4824 2177 4891 τήν
2216 4821 2527 4891 θεραπείαν.
2559 4820 2701 4892 Πρὸς
2730 4820 2840 4889 γὰρ
2871 4819 2961 4872 τὸν
3001 4818 3151 4872 τόνον
3196 4816 3293 4885 τῆς
3323 4814 3616 4876 διαθέσεως
3645 4812 3740 4866 τοῦ

2082 4910 2412 4980 προσιόντος,
2447 4893 2588 4962 οῦτω
2629 4907 2720 4961 καὶ
2749 4908 2817 4960 τὰ
2841 4907 3103 4977 φάρμακα
3139 4902 3246 4956 τῶν
3285 4902 3611 4973 τραυμάτων
3639 4918 3740 4971 χα-

2082 4997 2289 5067 ρίζεται
2314 4999 2341 5049 6
2364 4996 2655 5065 Δεσπότης.
2704 4996 2762 5047 '0
2804 4994 2980 5047 τοίνυν
3016 4992 3334 5062 βουλόμενος
3367 4990 3558 5044 θᾶττον
3606 4989 3741 5060 πρὸς

2080 5087 2288 5155 ὑγίειαν
2318 5086 2648 5147 ἐπανελθεῖν,
2681 5085 2775 5138 καὶ
2798 5083 2866 5137 τὰ
2894 5083 2994 5153 τῆς
3016 5082 3191 5152 ψυχῆς
3220 5082 3351 5151 ’έλκη
3385 5078 3740 5151 θεραπεῦσαι,

2082 5176 2218 5247 μετὰ
2247 5176 2458 5246 νήψεως
2489 5174 2776 5245 προσιέτω,
2808 5172 3023 5225 πάντων
3064 5170 3254 5224 ἐαυτὸν
3286 5171 3598 5239 ἀποστήσας
3633 5168 3741 5221 τῶν

2080 5262 2365 5332 βιωτικῶν,
2402 5260 2577 5333 θερμά
2623 5260 2832 5333 δάκρυα
2867 5259 3163 5330 προχεέτω,
3194 5257 3516 5328 προσεδρίαν
3544 5256 3741 5325 πολλὴν

2077 5350 2484 5415 ἐπιδεικνύσθω,
2514 5349 2693 5402 πίστιν
2742 5348 2943 5419 ἀκριϐῆ
2991 5346 3308 5417 εἰσφερέτω,
3339 5346 3434 5399 καὶ
3472 5345 3740 5417 θαρρείτω

2077 5436 2171 5490 τοῦ
2204 5435 2385 5507 ἰατροῦ
2416 5438 2481 5507 τῇ
2509 5436 2690 5507 τέχνῃ,
2720 5436 2812 5486 καὶ
2858 5433 3197 5505 παραχρῆμα
3226 5432 3326 5502 τῆς
3360 5430 3570 5498 ύγιείας
3601 5431 3740 5483 ἀπο-

2077 5524 2349 5578 λαύσεται.
2376 5517 2528 5585 Εἶδες
2563 5521 2745 5593 ἰατροῦ
2782 5520 3087 5590 φιλοτιμίαν
3117 5517 3316 5581 παντὸς
3350 5518 3556 5587 πατρὸς
3590 5518 3739 5586 φιλο-

2080 5611 2333 5681 στοργίαν
2367 5607 2801 5679 ἀποκρύπτοντος
2826 5624 2841 5672 ;
2871 5605 2963 5677 Μὴ
2991 5606 3100 5676 γὰρ
3130 5603 3268 5675 βαρύ
3306 5622 3357 5658 τι
3387 5605 3480 5658 καὶ
3506 5603 3739 5673 ἐπαχθὲς

2081 5699 2209 5768 παρ’
2229 5699 2262 5768 ή
2271 5696 2385 5767 μῶν
2404 5695 2681 5764 ἐπιζητεῖς
2713 5692 3005 5763 Συντριϐὴν
3026 5691 3271 5761 καρδίας,
3292 5690 3551 5761 λογισμοῦ
3581 5691 3740 5742 κατά-

2077 5786 2244 5851 νυξιν,
2275 5782 2559 5855 ὁμολογίαν
2579 5780 2931 5851 πταίσματος,
2961 5779 3287 5851 προσεδρίαν
3317 5776 3734 5849 συντεταμένηνο
