  <div class='ocr_page' id='page_1' title='image "/cluster/home/n/w/nwhite01/storage/ocr_20150623/53/mdp.39015028539479/170.png"; bbox 0 0 4074 6134; ppageno 0'>
   <div class='ocr_carea' id='block_1_1' title="bbox 364 274 467 333">
    <p class='ocr_par' dir='ltr' id='par_1_1' title="bbox 364 274 467 333">
     <span class='ocr_line' id='line_1_1' title="bbox 364 274 467 333; baseline -0.019 0"><span class='ocrx_word' id='word_1_1' title='bbox 364 274 467 333; x_wconf 78' lang='grc'><strong>169</strong></span> 
     </span>
    </p>
   </div>
   <div class='ocr_carea' id='block_1_2' title="bbox 364 383 1942 456">
    <p class='ocr_par' dir='ltr' id='par_1_2' title="bbox 364 383 1942 456">
     <span class='ocr_line' id='line_1_2' title="bbox 364 383 1942 456; baseline -0.005 -11"><span class='ocrx_word' id='word_1_2' title='bbox 364 391 525 445; x_wconf 91' lang='lat' dir='ltr'><strong>dente</strong></span> <span class='ocrx_word' id='word_1_3' title='bbox 552 386 632 441; x_wconf 86' lang='lat' dir='ltr'><strong>vel</strong></span> <span class='ocrx_word' id='word_1_4' title='bbox 661 393 936 456; x_wconf 79' lang='lat' dir='ltr'><strong>urguente,</strong></span> <span class='ocrx_word' id='word_1_5' title='bbox 969 384 1081 453; x_wconf 92' lang='lat' dir='ltr'><strong>ipse</strong></span> <span class='ocrx_word' id='word_1_6' title='bbox 1110 397 1204 438; x_wconf 89' lang='lat' dir='ltr'><strong>sua</strong></span> <span class='ocrx_word' id='word_1_7' title='bbox 1233 383 1410 454; x_wconf 87' lang='lat' dir='ltr'><strong>lingua</strong></span> <span class='ocrx_word' id='word_1_8' title='bbox 1454 397 1503 441; x_wconf 88' lang='lat' dir='ltr'><strong>ct</strong></span> <span class='ocrx_word' id='word_1_9' title='bbox 1554 384 1942 439; x_wconf 81' lang='lat' dir='ltr'><strong>confessionem</strong></span> 
     </span>
    </p>
   </div>
   <div class='ocr_carea' id='block_1_3' title="bbox 366 473 1943 551">
    <p class='ocr_par' dir='ltr' id='par_1_3' title="bbox 366 473 1943 551">
     <span class='ocr_line' id='line_1_3' title="bbox 366 473 1943 551; baseline -0.004 -18"><span class='ocrx_word' id='word_1_10' title='bbox 366 489 702 551; x_wconf 70' lang='lat' dir='ltr'><strong>pt-cmtorum</strong></span> <span class='ocrx_word' id='word_1_11' title='bbox 733 476 863 541; x_wconf 90' lang='lat' dir='ltr'><strong>edit,</strong></span> <span class='ocrx_word' id='word_1_12' title='bbox 894 484 948 531; x_wconf 93' lang='lat' dir='ltr'><strong>et</strong></span> <span class='ocrx_word' id='word_1_13' title='bbox 973 475 1254 530; x_wconf 87' lang='lat' dir='ltr'><strong>conferens</strong></span> <span class='ocrx_word' id='word_1_14' title='bbox 1297 490 1416 544; x_wconf 72' lang='lat' dir='ltr'><strong>qua:</strong></span> <span class='ocrx_word' id='word_1_15' title='bbox 1445 490 1473 528; x_wconf 89' lang='lat' dir='ltr'><strong>a</strong></span> <span class='ocrx_word' id='word_1_16' title='bbox 1518 488 1577 528; x_wconf 89' lang='lat' dir='ltr'><strong>se</strong></span> <span class='ocrx_word' id='word_1_17' title='bbox 1609 473 1743 528; x_wconf 89' lang='lat' dir='ltr'><strong>facta</strong></span> <span class='ocrx_word' id='word_1_18' title='bbox 1773 487 1943 543; x_wconf 85' lang='lat' dir='ltr'><strong>erant,</strong></span> 
     </span>
    </p>
   </div>
   <div class='ocr_carea' id='block_1_4' title="bbox 365 564 1666 639">
    <p class='ocr_par' dir='ltr' id='par_1_4' title="bbox 365 564 1666 639">
     <span class='ocr_line' id='line_1_4' title="bbox 365 564 1666 639; baseline -0.008 -12"><span class='ocrx_word' id='word_1_19' title='bbox 365 586 485 627; x_wconf 90' lang='lat' dir='ltr'><strong>cum</strong></span> <span class='ocrx_word' id='word_1_20' title='bbox 515 571 580 624; x_wconf 91' lang='lat' dir='ltr'><strong>iis</strong></span> <span class='ocrx_word' id='word_1_21' title='bbox 599 583 718 639; x_wconf 76' lang='lat' dir='ltr'><strong>qua:</strong></span> <span class='ocrx_word' id='word_1_22' title='bbox 747 583 775 620; x_wconf 88' lang='lat' dir='ltr'><strong>a</strong></span> <span class='ocrx_word' id='word_1_23' title='bbox 806 564 959 629; x_wconf 86' lang='lat' dir='ltr'><strong>Cain,</strong></span> <span class='ocrx_word' id='word_1_24' title='bbox 989 580 1198 636; x_wconf 78' lang='lat' dir='ltr'><strong>ptenam</strong></span> <span class='ocrx_word' id='word_1_25' title='bbox 1231 565 1435 635; x_wconf 87' lang='lat' dir='ltr'><strong>sibiipsi</strong></span> <span class='ocrx_word' id='word_1_26' title='bbox 1463 565 1666 619; x_wconf 85' lang='lat' dir='ltr'><strong>definit.</strong></span> 
     </span>
    </p>
   </div>
   <div class='ocr_carea' id='block_1_5' title="bbox 439 653 1946 723">
    <p class='ocr_par' dir='ltr' id='par_1_5' title="bbox 439 653 1946 723">
     <span class='ocr_line' id='line_1_5' title="bbox 439 653 1946 723; baseline -0.004 -11"><span class='ocrx_word' id='word_1_27' title='bbox 439 658 602 714; x_wconf 65' lang='lat' dir='ltr'><strong>Parua</strong></span> <span class='ocrx_word' id='word_1_28' title='bbox 650 657 845 711; x_wconf 80' lang='lat' dir='ltr'><strong>occasio</strong></span> <span class='ocrx_word' id='word_1_29' title='bbox 897 654 1277 712; x_wconf 64' lang='lat' dir='ltr'><strong>misericordiae.</strong></span> <span class='ocrx_word' id='word_1_30' title='bbox 1326 684 1399 694; x_wconf 98' lang='lat'><strong>â€”</strong></span> <span class='ocrx_word' id='word_1_31' title='bbox 1427 653 1610 709; x_wconf 77' lang='lat' dir='ltr'><strong>Vidisti</strong></span> <span class='ocrx_word' id='word_1_32' title='bbox 1657 653 1946 723; x_wconf 75' lang='lat' dir='ltr'><strong>provrdcn-</strong></span> 
     </span>
    </p>
   </div>
   <div class='ocr_carea' id='block_1_6' title="bbox 363 745 1947 818">
    <p class='ocr_par' dir='ltr' id='par_1_6' title="bbox 363 745 1947 818">
     <span class='ocr_line' id='line_1_6' title="bbox 363 745 1947 818; baseline -0.003 -14"><span class='ocrx_word' id='word_1_33' title='bbox 363 752 489 805; x_wconf 91' lang='lat' dir='ltr'><strong>tiam</strong></span> <span class='ocrx_word' id='word_1_34' title='bbox 539 749 782 816; x_wconf 87' lang='lat' dir='ltr'><strong>Domini,</strong></span> <span class='ocrx_word' id='word_1_35' title='bbox 844 745 1112 818; x_wconf 89' lang='lat' dir='ltr'><strong>quomodo</strong></span> <span class='ocrx_word' id='word_1_36' title='bbox 1156 761 1330 816; x_wconf 66' lang='lat' dir='ltr'><strong>pretia:</strong></span> <span class='ocrx_word' id='word_1_37' title='bbox 1373 746 1515 800; x_wconf 89' lang='lat' dir='ltr'><strong>illius</strong></span> <span class='ocrx_word' id='word_1_38' title='bbox 1560 746 1772 801; x_wconf 79' lang='lat' dir='ltr'><strong>occasio</strong></span> <span class='ocrx_word' id='word_1_39' title='bbox 1822 755 1947 801; x_wconf 90' lang='lat' dir='ltr'><strong>sunt</strong></span> 
     </span>
    </p>
   </div>
   <div class='ocr_carea' id='block_1_7' title="bbox 363 835 1944 905">
    <p class='ocr_par' dir='ltr' id='par_1_7' title="bbox 363 835 1944 905">
     <span class='ocr_line' id='line_1_7' title="bbox 363 835 1944 905; baseline -0.004 -10"><span class='ocrx_word' id='word_1_40' title='bbox 363 838 780 905; x_wconf 79' lang='lat' dir='ltr'><strong>misericordiae,</strong></span> <span class='ocrx_word' id='word_1_41' title='bbox 809 849 862 891; x_wconf 92' lang='lat' dir='ltr'><strong>et</strong></span> <span class='ocrx_word' id='word_1_42' title='bbox 906 835 1270 891; x_wconf 90' lang='lat' dir='ltr'><strong>misericordia</strong></span> <span class='ocrx_word' id='word_1_43' title='bbox 1320 851 1424 889; x_wconf 92' lang='lat' dir='ltr'><strong>non</strong></span> <span class='ocrx_word' id='word_1_44' title='bbox 1458 835 1631 889; x_wconf 87' lang='lat' dir='ltr'><strong>solum</strong></span> <span class='ocrx_word' id='word_1_45' title='bbox 1683 835 1749 889; x_wconf 91' lang='lat' dir='ltr'><strong>ad</strong></span> <span class='ocrx_word' id='word_1_46' title='bbox 1799 836 1944 890; x_wconf 91' lang='lat' dir='ltr'><strong>illum</strong></span> 
     </span>
    </p>
   </div>
   <div class='ocr_carea' id='block_1_8' title="bbox 364 926 1947 1002">
    <p class='ocr_par' dir='ltr' id='par_1_8' title="bbox 364 926 1947 1002">
     <span class='ocr_line' id='line_1_8' title="bbox 364 926 1947 1002; baseline -0.003 -16"><span class='ocrx_word' id='word_1_47' title='bbox 364 932 612 1002; x_wconf 89' lang='lat' dir='ltr'><strong>pertingit</strong></span> <span class='ocrx_word' id='word_1_48' title='bbox 634 930 720 1000; x_wconf 86' lang='lat' dir='ltr'><strong>qui</strong></span> <span class='ocrx_word' id='word_1_49' title='bbox 757 943 910 999; x_wconf 62' lang='lat' dir='ltr'><strong>paena</strong></span> <span class='ocrx_word' id='word_1_50' title='bbox 947 928 1212 998; x_wconf 87' lang='lat' dir='ltr'><strong>plectitur,</strong></span> <span class='ocrx_word' id='word_1_51' title='bbox 1244 926 1337 983; x_wconf 89' lang='lat' dir='ltr'><strong>sed</strong></span> <span class='ocrx_word' id='word_1_52' title='bbox 1364 935 1418 982; x_wconf 90' lang='lat' dir='ltr'><strong>et</strong></span> <span class='ocrx_word' id='word_1_53' title='bbox 1458 928 1638 982; x_wconf 89' lang='lat' dir='ltr'><strong>multis</strong></span> <span class='ocrx_word' id='word_1_54' title='bbox 1668 929 1785 982; x_wconf 90' lang='lat' dir='ltr'><strong>aliis</strong></span> <span class='ocrx_word' id='word_1_55' title='bbox 1820 929 1947 983; x_wconf 91' lang='lat' dir='ltr'><strong>utile</strong></span> 
     </span>
    </p>
   </div>
   <div class='ocr_carea' id='block_1_9' title="bbox 360 1018 1945 1083">
    <p class='ocr_par' dir='ltr' id='par_1_9' title="bbox 360 1018 1945 1083">
     <span class='ocr_line' id='line_1_9' title="bbox 360 1018 1945 1083; baseline -0.001 -6"><span class='ocrx_word' id='word_1_56' title='bbox 360 1021 525 1077; x_wconf 86' lang='lat' dir='ltr'><strong>efficit</strong></span> <span class='ocrx_word' id='word_1_57' title='bbox 569 1020 701 1075; x_wconf 91' lang='lat' dir='ltr'><strong>illud</strong></span> <span class='ocrx_word' id='word_1_58' title='bbox 757 1020 1074 1083; x_wconf 84' lang='lat' dir='ltr'><strong>remedium,</strong></span> <span class='ocrx_word' id='word_1_59' title='bbox 1118 1018 1277 1072; x_wconf 90' lang='lat' dir='ltr'><strong>modo</strong></span> <span class='ocrx_word' id='word_1_60' title='bbox 1332 1019 1497 1074; x_wconf 81' lang='lat' dir='ltr'><strong>velint</strong></span> <span class='ocrx_word' id='word_1_61' title='bbox 1543 1019 1667 1075; x_wconf 89' lang='lat' dir='ltr'><strong>inde</strong></span> <span class='ocrx_word' id='word_1_62' title='bbox 1717 1018 1945 1075; x_wconf 84' lang='lat' dir='ltr'><strong>fructum</strong></span> 
     </span>
    </p>
   </div>
   <div class='ocr_carea' id='block_1_10' title="bbox 364 1109 1949 1182">
    <p class='ocr_par' dir='ltr' id='par_1_10' title="bbox 364 1109 1949 1182">
     <span class='ocr_line' id='line_1_10' title="bbox 364 1109 1949 1182; baseline -0.001 -13"><span class='ocrx_word' id='word_1_63' title='bbox 364 1111 595 1182; x_wconf 82' lang='lat' dir='ltr'><strong>capere?</strong></span> <span class='ocrx_word' id='word_1_64' title='bbox 643 1109 798 1166; x_wconf 89' lang='lat' dir='ltr'><strong>Unde</strong></span> <span class='ocrx_word' id='word_1_65' title='bbox 846 1110 1009 1176; x_wconf 90' lang='lat' dir='ltr'><strong>enim,</strong></span> <span class='ocrx_word' id='word_1_66' title='bbox 1041 1110 1149 1177; x_wconf 90' lang='lat' dir='ltr'><strong>die,</strong></span> <span class='ocrx_word' id='word_1_67' title='bbox 1195 1123 1396 1178; x_wconf 68' lang='lat' dir='ltr'><strong>qumso,</strong></span> <span class='ocrx_word' id='word_1_68' title='bbox 1426 1109 1655 1164; x_wconf 89' lang='lat' dir='ltr'><strong>Lamcch</strong></span> <span class='ocrx_word' id='word_1_69' title='bbox 1698 1112 1763 1166; x_wconf 90' lang='lat' dir='ltr'><strong>ad</strong></span> <span class='ocrx_word' id='word_1_70' title='bbox 1813 1112 1949 1169; x_wconf 90' lang='lat' dir='ltr'><strong>hanc</strong></span> 
     </span>
    </p>
   </div>
   <div class='ocr_carea' id='block_1_11' title="bbox 361 1200 1946 1272">
    <p class='ocr_par' dir='ltr' id='par_1_11' title="bbox 361 1200 1946 1272">
     <span class='ocr_line' id='line_1_11' title="bbox 361 1200 1946 1272; baseline -0.003 -11"><span class='ocrx_word' id='word_1_71' title='bbox 361 1203 756 1261; x_wconf 79' lang='lat' dir='ltr'><strong>confessionem</strong></span> <span class='ocrx_word' id='word_1_72' title='bbox 806 1201 1068 1255; x_wconf 90' lang='lat' dir='ltr'><strong>adductus</strong></span> <span class='ocrx_word' id='word_1_73' title='bbox 1122 1210 1282 1266; x_wconf 87' lang='lat' dir='ltr'><strong>esset,</strong></span> <span class='ocrx_word' id='word_1_74' title='bbox 1331 1200 1431 1255; x_wconf 89' lang='lat' dir='ltr'><strong>nisi</strong></span> <span class='ocrx_word' id='word_1_75' title='bbox 1479 1216 1661 1255; x_wconf 89' lang='lat' dir='ltr'><strong>eorum</strong></span> <span class='ocrx_word' id='word_1_76' title='bbox 1709 1216 1826 1272; x_wconf 78' lang='lat' dir='ltr'><strong>qua:</strong></span> <span class='ocrx_word' id='word_1_77' title='bbox 1870 1203 1946 1257; x_wconf 88' lang='lat' dir='ltr'><strong>illi</strong></span> 
     </span>
    </p>
   </div>
   <div class='ocr_carea' id='block_1_12' title="bbox 362 1291 1943 1364">
    <p class='ocr_par' dir='ltr' id='par_1_12' title="bbox 362 1291 1943 1364">
     <span class='ocr_line' id='line_1_12' title="bbox 362 1291 1943 1364; baseline -0.001 -15"><span class='ocrx_word' id='word_1_78' title='bbox 362 1295 718 1364; x_wconf 83' lang='lat' dir='ltr'><strong>contigerunt,</strong></span> <span class='ocrx_word' id='word_1_79' title='bbox 749 1292 1063 1347; x_wconf 82' lang='lat' dir='ltr'><strong>memoriam</strong></span> <span class='ocrx_word' id='word_1_80' title='bbox 1108 1291 1403 1356; x_wconf 82' lang='lat' dir='ltr'><strong>habuisset,</strong></span> <span class='ocrx_word' id='word_1_81' title='bbox 1436 1306 1557 1361; x_wconf 74' lang='lat' dir='ltr'><strong>qua:</strong></span> <span class='ocrx_word' id='word_1_82' title='bbox 1600 1291 1744 1346; x_wconf 91' lang='lat' dir='ltr'><strong>illius</strong></span> <span class='ocrx_word' id='word_1_83' title='bbox 1769 1293 1943 1347; x_wconf 88' lang='lat' dir='ltr'><strong>conti-</strong></span> 
     </span>
    </p>
   </div>
   <div class='ocr_carea' id='block_1_13' title="bbox 363 1381 1949 1452">
    <p class='ocr_par' dir='ltr' id='par_1_13' title="bbox 363 1381 1949 1452">
     <span class='ocr_line' id='line_1_13' title="bbox 363 1381 1949 1452; baseline 0.001 -15"><span class='ocrx_word' id='word_1_84' title='bbox 363 1399 469 1439; x_wconf 92' lang='lat' dir='ltr'><strong>nuo</strong></span> <span class='ocrx_word' id='word_1_85' title='bbox 498 1394 731 1438; x_wconf 89' lang='lat' dir='ltr'><strong>mentem</strong></span> <span class='ocrx_word' id='word_1_86' title='bbox 772 1382 1148 1438; x_wconf 83' lang='lat' dir='ltr'><strong>concutiebat?</strong></span> <span class='ocrx_word' id='word_1_87' title='bbox 1185 1381 1352 1447; x_wconf 75' lang='lat' dir='ltr'><strong>Dixit,</strong></span> <span class='ocrx_word' id='word_1_88' title='bbox 1389 1382 1561 1452; x_wconf 91' lang='lat' dir='ltr'><strong>inquit</strong></span> <span class='ocrx_word' id='word_1_89' title='bbox 1592 1401 1605 1436; x_wconf 92' lang='lat'><strong>:</strong></span> <span class='ocrx_word' id='word_1_90' title='bbox 1652 1382 1836 1439; x_wconf 83' lang='lat' dir='ltr'><strong>Audite</strong></span> <span class='ocrx_word' id='word_1_91' title='bbox 1862 1400 1949 1438; x_wconf 82' lang='lat' dir='ltr'><strong>uo-</strong></span> 
     </span>
    </p>
   </div>
   <div class='ocr_carea' id='block_1_14' title="bbox 362 1474 1947 1544">
    <p class='ocr_par' dir='ltr' id='par_1_14' title="bbox 362 1474 1947 1544">
     <span class='ocr_line' id='line_1_14' title="bbox 362 1474 1947 1544; baseline 0.001 -15"><span class='ocrx_word' id='word_1_92' title='bbox 362 1492 469 1529; x_wconf 86' lang='lat' dir='ltr'><strong>cem</strong></span> <span class='ocrx_word' id='word_1_93' title='bbox 510 1492 693 1539; x_wconf 87' lang='lat' dir='ltr'><strong>meam,</strong></span> <span class='ocrx_word' id='word_1_94' title='bbox 720 1482 766 1529; x_wconf 80' lang='lat' dir='ltr'><strong>et</strong></span> <span class='ocrx_word' id='word_1_95' title='bbox 805 1474 1012 1528; x_wconf 79' lang='lat' dir='ltr'><strong>auribus</strong></span> <span class='ocrx_word' id='word_1_96' title='bbox 1055 1474 1297 1544; x_wconf 84' lang='lat' dir='ltr'><strong>percipite</strong></span> <span class='ocrx_word' id='word_1_97' title='bbox 1334 1490 1585 1528; x_wconf 75' lang='lat' dir='ltr'><strong>sermones</strong></span> <span class='ocrx_word' id='word_1_98' title='bbox 1626 1491 1782 1530; x_wconf 87' lang='lat' dir='ltr'><strong>meos.</strong></span> <span class='ocrx_word' id='word_1_99' title='bbox 1817 1475 1947 1531; x_wconf 89' lang='lat' dir='ltr'><strong>Vide</strong></span> 
     </span>
    </p>
   </div>
   <div class='ocr_carea' id='block_1_15' title="bbox 363 1563 1948 1636">
    <p class='ocr_par' dir='ltr' id='par_1_15' title="bbox 363 1563 1948 1636">
     <span class='ocr_line' id='line_1_15' title="bbox 363 1563 1948 1636; baseline 0.001 -15"><span class='ocrx_word' id='word_1_100' title='bbox 363 1565 631 1636; x_wconf 86' lang='lat' dir='ltr'><strong>quomodo</strong></span> <span class='ocrx_word' id='word_1_101' title='bbox 654 1575 841 1620; x_wconf 89' lang='lat' dir='ltr'><strong>contra</strong></span> <span class='ocrx_word' id='word_1_102' title='bbox 869 1563 1104 1633; x_wconf 86' lang='lat' dir='ltr'><strong>seipsum</strong></span> <span class='ocrx_word' id='word_1_103' title='bbox 1130 1563 1388 1632; x_wconf 86' lang='lat' dir='ltr'><strong>judicium</strong></span> <span class='ocrx_word' id='word_1_104' title='bbox 1421 1564 1702 1621; x_wconf 87' lang='lat' dir='ltr'><strong>considere</strong></span> <span class='ocrx_word' id='word_1_105' title='bbox 1731 1564 1871 1630; x_wconf 81' lang='lat' dir='ltr'><strong>facit,</strong></span> <span class='ocrx_word' id='word_1_106' title='bbox 1893 1576 1948 1622; x_wconf 92' lang='lat' dir='ltr'><strong>et</strong></span> 
     </span>
    </p>
   </div>
   <div class='ocr_carea' id='block_1_16' title="bbox 362 1656 1949 1729">
    <p class='ocr_par' dir='ltr' id='par_1_16' title="bbox 362 1656 1949 1729">
     <span class='ocr_line' id='line_1_16' title="bbox 362 1656 1949 1729; baseline 0.001 -16"><span class='ocrx_word' id='word_1_107' title='bbox 362 1673 454 1713; x_wconf 89' lang='lat' dir='ltr'><strong>eas</strong></span> <span class='ocrx_word' id='word_1_108' title='bbox 498 1658 602 1713; x_wconf 86' lang='lat' dir='ltr'><strong>hoc</strong></span> <span class='ocrx_word' id='word_1_109' title='bbox 632 1657 793 1712; x_wconf 90' lang='lat' dir='ltr'><strong>modo</strong></span> <span class='ocrx_word' id='word_1_110' title='bbox 819 1658 1081 1723; x_wconf 83' lang='lat' dir='ltr'><strong>hortatur,</strong></span> <span class='ocrx_word' id='word_1_111' title='bbox 1113 1672 1180 1710; x_wconf 90' lang='lat' dir='ltr'><strong>ne</strong></span> <span class='ocrx_word' id='word_1_112' title='bbox 1207 1656 1349 1712; x_wconf 88' lang='lat' dir='ltr'><strong>dicta</strong></span> <span class='ocrx_word' id='word_1_113' title='bbox 1389 1659 1718 1728; x_wconf 78' lang='lat' dir='ltr'><strong>negligenter</strong></span> <span class='ocrx_word' id='word_1_114' title='bbox 1738 1661 1949 1729; x_wconf 88' lang='lat' dir='ltr'><strong>accipe-</strong></span> 
     </span>
    </p>
   </div>
   <div class='ocr_carea' id='block_1_17' title="bbox 362 1745 1947 1816">
    <p class='ocr_par' dir='ltr' id='par_1_17' title="bbox 362 1745 1947 1816">
     <span class='ocr_line' id='line_1_17' title="bbox 362 1745 1947 1816; baseline 0.001 -14"><span class='ocrx_word' id='word_1_115' title='bbox 362 1758 505 1802; x_wconf 89' lang='lat' dir='ltr'><strong>rent.</strong></span> <span class='ocrx_word' id='word_1_116' title='bbox 555 1747 787 1802; x_wconf 90' lang='lat' dir='ltr'><strong>Dicendo</strong></span> <span class='ocrx_word' id='word_1_117' title='bbox 836 1747 1003 1811; x_wconf 90' lang='lat' dir='ltr'><strong>enim,</strong></span> <span class='ocrx_word' id='word_1_118' title='bbox 1036 1745 1220 1800; x_wconf 82' lang='lat' dir='ltr'><strong>Audite</strong></span> <span class='ocrx_word' id='word_1_119' title='bbox 1244 1764 1412 1801; x_wconf 83' lang='lat' dir='ltr'><strong>vocem</strong></span> <span class='ocrx_word' id='word_1_120' title='bbox 1458 1764 1644 1816; x_wconf 85' lang='lat' dir='ltr'><strong>meam,</strong></span> <span class='ocrx_word' id='word_1_121' title='bbox 1669 1758 1715 1803; x_wconf 83' lang='lat' dir='ltr'><strong>et</strong></span> <span class='ocrx_word' id='word_1_122' title='bbox 1741 1749 1947 1804; x_wconf 78' lang='lat' dir='ltr'><strong>auribus</strong></span> 
     </span>
    </p>
   </div>
   <div class='ocr_carea' id='block_1_18' title="bbox 365 1836 1946 1908">
    <p class='ocr_par' dir='ltr' id='par_1_18' title="bbox 365 1836 1946 1908">
     <span class='ocr_line' id='line_1_18' title="bbox 365 1836 1946 1908; baseline 0.003 -18"><span class='ocrx_word' id='word_1_123' title='bbox 365 1838 603 1906; x_wconf 82' lang='lat' dir='ltr'><strong>percipite</strong></span> <span class='ocrx_word' id='word_1_124' title='bbox 623 1854 877 1890; x_wconf 84' lang='lat' dir='ltr'><strong>sermones</strong></span> <span class='ocrx_word' id='word_1_125' title='bbox 904 1853 1060 1904; x_wconf 90' lang='lat' dir='ltr'><strong>meos,</strong></span> <span class='ocrx_word' id='word_1_126' title='bbox 1088 1836 1319 1892; x_wconf 82' lang='lat' dir='ltr'><strong>Mentem</strong></span> <span class='ocrx_word' id='word_1_127' title='bbox 1352 1845 1607 1904; x_wconf 84' lang='lat' dir='ltr'><strong>vestram,</strong></span> <span class='ocrx_word' id='word_1_128' title='bbox 1638 1838 1827 1908; x_wconf 91' lang='lat' dir='ltr'><strong>inquit,</strong></span> <span class='ocrx_word' id='word_1_129' title='bbox 1861 1839 1946 1894; x_wconf 91' lang='lat' dir='ltr'><strong>in-</strong></span> 
     </span>
    </p>
   </div>
   <div class='ocr_carea' id='block_1_19' title="bbox 365 1928 1946 2001">
    <p class='ocr_par' dir='ltr' id='par_1_19' title="bbox 365 1928 1946 2001">
     <span class='ocr_line' id='line_1_19' title="bbox 365 1928 1946 2001; baseline 0.003 -18"><span class='ocrx_word' id='word_1_130' title='bbox 365 1938 563 1984; x_wconf 88' lang='lat' dir='ltr'><strong>tentam</strong></span> <span class='ocrx_word' id='word_1_131' title='bbox 594 1930 845 1998; x_wconf 78' lang='lat' dir='ltr'><strong>praebete,</strong></span> <span class='ocrx_word' id='word_1_132' title='bbox 867 1938 921 1984; x_wconf 92' lang='lat' dir='ltr'><strong>et</strong></span> <span class='ocrx_word' id='word_1_133' title='bbox 949 1928 1232 1999; x_wconf 84' lang='lat' dir='ltr'><strong>diligenter</strong></span> <span class='ocrx_word' id='word_1_134' title='bbox 1256 1930 1552 1985; x_wconf 90' lang='lat' dir='ltr'><strong>auscultate</strong></span> <span class='ocrx_word' id='word_1_135' title='bbox 1570 1946 1689 2001; x_wconf 76' lang='lat' dir='ltr'><strong>qua:</strong></span> <span class='ocrx_word' id='word_1_136' title='bbox 1707 1930 1946 1988; x_wconf 90' lang='lat' dir='ltr'><strong>dicturus</strong></span> 
     </span>
    </p>
   </div>
   <div class='ocr_carea' id='block_1_20' title="bbox 362 2019 1943 2093">
    <p class='ocr_par' dir='ltr' id='par_1_20' title="bbox 362 2019 1943 2093">
     <span class='ocr_line' id='line_1_20' title="bbox 362 2019 1943 2093; baseline 0.003 -19"><span class='ocrx_word' id='word_1_137' title='bbox 362 2035 503 2074; x_wconf 90' lang='lat' dir='ltr'><strong>sum.</strong></span> <span class='ocrx_word' id='word_1_138' title='bbox 546 2020 660 2075; x_wconf 83' lang='lat' dir='ltr'><strong>Non</strong></span> <span class='ocrx_word' id='word_1_139' title='bbox 705 2021 847 2075; x_wconf 93' lang='lat' dir='ltr'><strong>enim</strong></span> <span class='ocrx_word' id='word_1_140' title='bbox 885 2019 954 2075; x_wconf 91' lang='lat' dir='ltr'><strong>de</strong></span> <span class='ocrx_word' id='word_1_141' title='bbox 993 2021 1154 2076; x_wconf 86' lang='lat' dir='ltr'><strong>rebus</strong></span> <span class='ocrx_word' id='word_1_142' title='bbox 1197 2021 1500 2091; x_wconf 86' lang='lat' dir='ltr'><strong>vulgaribus</strong></span> <span class='ocrx_word' id='word_1_143' title='bbox 1543 2021 1695 2078; x_wconf 84' lang='lat' dir='ltr'><strong>vobis</strong></span> <span class='ocrx_word' id='word_1_144' title='bbox 1738 2022 1943 2093; x_wconf 88' lang='lat' dir='ltr'><strong>loquar,</strong></span> 
     </span>
    </p>
   </div>
   <div class='ocr_carea' id='block_1_21' title="bbox 362 2112 1948 2183">
    <p class='ocr_par' dir='ltr' id='par_1_21' title="bbox 362 2112 1948 2183">
     <span class='ocr_line' id='line_1_21' title="bbox 362 2112 1948 2183; baseline 0.003 -17"><span class='ocrx_word' id='word_1_145' title='bbox 362 2112 454 2167; x_wconf 85' lang='lat' dir='ltr'><strong>sed</strong></span> <span class='ocrx_word' id='word_1_146' title='bbox 475 2114 707 2168; x_wconf 84' lang='lat' dir='ltr'><strong>occultas</strong></span> <span class='ocrx_word' id='word_1_147' title='bbox 727 2113 980 2183; x_wconf 89' lang='lat' dir='ltr'><strong>quasdam</strong></span> <span class='ocrx_word' id='word_1_148' title='bbox 1008 2128 1095 2168; x_wconf 91' lang='lat' dir='ltr'><strong>res</strong></span> <span class='ocrx_word' id='word_1_149' title='bbox 1116 2113 1268 2168; x_wconf 83' lang='lat' dir='ltr'><strong>vobis</strong></span> <span class='ocrx_word' id='word_1_150' title='bbox 1292 2115 1551 2182; x_wconf 86' lang='lat' dir='ltr'><strong>aperiam,</strong></span> <span class='ocrx_word' id='word_1_151' title='bbox 1574 2123 1630 2170; x_wconf 91' lang='lat' dir='ltr'><strong>et</strong></span> <span class='ocrx_word' id='word_1_152' title='bbox 1652 2115 1948 2171; x_wconf 88' lang='lat' dir='ltr'><strong>confitebor</strong></span> 
     </span>
    </p>
   </div>
   <div class='ocr_carea' id='block_1_22' title="bbox 363 2203 1947 2276">
    <p class='ocr_par' dir='ltr' id='par_1_22' title="bbox 363 2203 1947 2276">
     <span class='ocr_line' id='line_1_22' title="bbox 363 2203 1947 2276; baseline 0.005 -20"><span class='ocrx_word' id='word_1_153' title='bbox 363 2218 423 2256; x_wconf 82' lang='lat' dir='ltr'><strong>ea</strong></span> <span class='ocrx_word' id='word_1_154' title='bbox 447 2219 567 2273; x_wconf 67' lang='lat' dir='ltr'><strong>qua:</strong></span> <span class='ocrx_word' id='word_1_155' title='bbox 590 2203 766 2259; x_wconf 88' lang='lat' dir='ltr'><strong>nullus</strong></span> <span class='ocrx_word' id='word_1_156' title='bbox 791 2204 927 2259; x_wconf 86' lang='lat' dir='ltr'><strong>alius</strong></span> <span class='ocrx_word' id='word_1_157' title='bbox 957 2204 1076 2272; x_wconf 90' lang='lat' dir='ltr'><strong>scit,</strong></span> <span class='ocrx_word' id='word_1_158' title='bbox 1108 2204 1202 2259; x_wconf 93' lang='lat' dir='ltr'><strong>sed</strong></span> <span class='ocrx_word' id='word_1_159' title='bbox 1231 2205 1379 2260; x_wconf 91' lang='lat' dir='ltr'><strong>solus</strong></span> <span class='ocrx_word' id='word_1_160' title='bbox 1403 2220 1523 2276; x_wconf 85' lang='lat' dir='ltr'><strong>ego,</strong></span> <span class='ocrx_word' id='word_1_161' title='bbox 1553 2216 1608 2261; x_wconf 92' lang='lat' dir='ltr'><strong>et</strong></span> <span class='ocrx_word' id='word_1_162' title='bbox 1632 2207 1821 2263; x_wconf 91' lang='lat' dir='ltr'><strong>oculus</strong></span> <span class='ocrx_word' id='word_1_163' title='bbox 1856 2208 1947 2264; x_wconf 90' lang='lat' dir='ltr'><strong>ille</strong></span> 
     </span>
    </p>
   </div>
   <div class='ocr_carea' id='block_1_23' title="bbox 363 2294 1947 2366">
    <p class='ocr_par' dir='ltr' id='par_1_23' title="bbox 363 2294 1947 2366">
     <span class='ocr_line' id='line_1_23' title="bbox 363 2294 1947 2366; baseline 0.006 -21"><span class='ocrx_word' id='word_1_164' title='bbox 363 2295 452 2363; x_wconf 87' lang='lat' dir='ltr'><strong>qui</strong></span> <span class='ocrx_word' id='word_1_165' title='bbox 484 2295 646 2364; x_wconf 84' lang='lat' dir='ltr'><strong>sopiri</strong></span> <span class='ocrx_word' id='word_1_166' title='bbox 673 2294 866 2358; x_wconf 88' lang='lat' dir='ltr'><strong>nescit,</strong></span> <span class='ocrx_word' id='word_1_167' title='bbox 895 2311 1051 2365; x_wconf 86' lang='lat' dir='ltr'><strong>quem</strong></span> <span class='ocrx_word' id='word_1_168' title='bbox 1098 2295 1290 2350; x_wconf 87' lang='lat' dir='ltr'><strong>timens</strong></span> <span class='ocrx_word' id='word_1_169' title='bbox 1326 2295 1528 2352; x_wconf 80' lang='lat' dir='ltr'><strong>festino</strong></span> <span class='ocrx_word' id='word_1_170' title='bbox 1557 2305 1613 2351; x_wconf 91' lang='lat' dir='ltr'><strong>et</strong></span> <span class='ocrx_word' id='word_1_171' title='bbox 1649 2297 1864 2366; x_wconf 86' lang='lat' dir='ltr'><strong>anhelo,</strong></span> <span class='ocrx_word' id='word_1_172' title='bbox 1888 2308 1947 2355; x_wconf 92' lang='lat' dir='ltr'><strong>ut</strong></span> 
     </span>
    </p>
   </div>
   <div class='ocr_carea' id='block_1_24' title="bbox 360 2385 1946 2459">
    <p class='ocr_par' dir='ltr' id='par_1_24' title="bbox 360 2385 1946 2459">
     <span class='ocr_line' id='line_1_24' title="bbox 360 2385 1946 2459; baseline 0.004 -20"><span class='ocrx_word' id='word_1_173' title='bbox 360 2385 512 2439; x_wconf 81' lang='lat' dir='ltr'><strong>vobis</strong></span> <span class='ocrx_word' id='word_1_174' title='bbox 543 2385 716 2455; x_wconf 87' lang='lat' dir='ltr'><strong>palam</strong></span> <span class='ocrx_word' id='word_1_175' title='bbox 742 2385 926 2440; x_wconf 85' lang='lat' dir='ltr'><strong>faciam</strong></span> <span class='ocrx_word' id='word_1_176' title='bbox 952 2401 1011 2439; x_wconf 89' lang='lat' dir='ltr'><strong>ea</strong></span> <span class='ocrx_word' id='word_1_177' title='bbox 1035 2402 1152 2457; x_wconf 73' lang='lat' dir='ltr'><strong>qurc</strong></span> <span class='ocrx_word' id='word_1_178' title='bbox 1182 2402 1211 2440; x_wconf 89' lang='lat' dir='ltr'><strong>a</strong></span> <span class='ocrx_word' id='word_1_179' title='bbox 1240 2403 1326 2442; x_wconf 91' lang='lat' dir='ltr'><strong>me</strong></span> <span class='ocrx_word' id='word_1_180' title='bbox 1347 2395 1470 2442; x_wconf 88' lang='lat' dir='ltr'><strong>sunt</strong></span> <span class='ocrx_word' id='word_1_181' title='bbox 1491 2396 1630 2457; x_wconf 89' lang='lat' dir='ltr'><strong>acta,</strong></span> <span class='ocrx_word' id='word_1_182' title='bbox 1654 2398 1709 2444; x_wconf 90' lang='lat' dir='ltr'><strong>et</strong></span> <span class='ocrx_word' id='word_1_183' title='bbox 1733 2392 1946 2459; x_wconf 84' lang='lat' dir='ltr'><strong>quantis</strong></span> 
     </span>
    </p>
   </div>
   <div class='ocr_carea' id='block_1_25' title="bbox 361 2476 1943 2546">
    <p class='ocr_par' dir='ltr' id='par_1_25' title="bbox 361 2476 1943 2546">
     <span class='ocr_line' id='line_1_25' title="bbox 361 2476 1943 2546; baseline 0.004 -16"><span class='ocrx_word' id='word_1_184' title='bbox 361 2476 534 2545; x_wconf 76' lang='lat' dir='ltr'><strong>pmnis</strong></span> <span class='ocrx_word' id='word_1_185' title='bbox 562 2490 661 2545; x_wconf 86' lang='lat' dir='ltr'><strong>ego</strong></span> <span class='ocrx_word' id='word_1_186' title='bbox 708 2476 968 2545; x_wconf 90' lang='lat' dir='ltr'><strong>meipsum</strong></span> <span class='ocrx_word' id='word_1_187' title='bbox 1016 2477 1230 2531; x_wconf 86' lang='lat' dir='ltr'><strong>nefariis</strong></span> <span class='ocrx_word' id='word_1_188' title='bbox 1255 2477 1505 2546; x_wconf 83' lang='lat' dir='ltr'><strong>operibus</strong></span> <span class='ocrx_word' id='word_1_189' title='bbox 1535 2478 1823 2534; x_wconf 85' lang='lat' dir='ltr'><strong>obnoxium</strong></span> <span class='ocrx_word' id='word_1_190' title='bbox 1865 2480 1943 2536; x_wconf 53' lang='lat' dir='ltr'><strong>fe-</strong></span> 
     </span>
    </p>
   </div>
   <div class='ocr_carea' id='block_1_26' title="bbox 357 2565 1946 2633">
    <p class='ocr_par' dir='ltr' id='par_1_26' title="bbox 357 2565 1946 2633">
     <span class='ocr_line' id='line_1_26' title="bbox 357 2565 1946 2633; baseline 0.003 -14"><span class='ocrx_word' id='word_1_191' title='bbox 357 2565 544 2620; x_wconf 87' lang='lat' dir='ltr'><strong>ceritu.</strong></span> <span class='ocrx_word' id='word_1_192' title='bbox 591 2565 724 2633; x_wconf 87' lang='lat' dir='ltr'><strong>Quia</strong></span> <span class='ocrx_word' id='word_1_193' title='bbox 758 2565 918 2618; x_wconf 86' lang='lat' dir='ltr'><strong>virum</strong></span> <span class='ocrx_word' id='word_1_194' title='bbox 962 2567 1124 2619; x_wconf 85' lang='lat' dir='ltr'><strong>occidi</strong></span> <span class='ocrx_word' id='word_1_195' title='bbox 1172 2567 1225 2621; x_wconf 87' lang='lat' dir='ltr'><strong>in</strong></span> <span class='ocrx_word' id='word_1_196' title='bbox 1272 2568 1453 2623; x_wconf 85' lang='lat' dir='ltr'><strong>vulnus</strong></span> <span class='ocrx_word' id='word_1_197' title='bbox 1496 2568 1651 2633; x_wconf 80' lang='lat' dir='ltr'><strong>mihi,</strong></span> <span class='ocrx_word' id='word_1_198' title='bbox 1693 2578 1741 2623; x_wconf 83' lang='lat' dir='ltr'><strong>et</strong></span> <span class='ocrx_word' id='word_1_199' title='bbox 1770 2569 1946 2624; x_wconf 84' lang='lat' dir='ltr'><strong>adole-</strong></span> 
     </span>
    </p>
   </div>
   <div class='ocr_carea' id='block_1_27' title="bbox 358 2657 1943 2732">
    <p class='ocr_par' dir='ltr' id='par_1_27' title="bbox 358 2657 1943 2732">
     <span class='ocr_line' id='line_1_27' title="bbox 358 2657 1943 2732; baseline 0.006 -23"><span class='ocrx_word' id='word_1_200' title='bbox 358 2668 574 2710; x_wconf 87' lang='lat' dir='ltr'><strong>scentem</strong></span> <span class='ocrx_word' id='word_1_201' title='bbox 626 2657 678 2710; x_wconf 88' lang='lat' dir='ltr'><strong>in</strong></span> <span class='ocrx_word' id='word_1_202' title='bbox 730 2659 1016 2712; x_wconf 79' lang='lat' dir='ltr'><strong>cicatricem</strong></span> <span class='ocrx_word' id='word_1_203' title='bbox 1068 2659 1214 2712; x_wconf 84' lang='lat' dir='ltr'><strong>mihi.</strong></span> <span class='ocrx_word' id='word_1_204' title='bbox 1282 2660 1536 2727; x_wconf 83' lang='lat' dir='ltr'><strong>Quoniam</strong></span> <span class='ocrx_word' id='word_1_205' title='bbox 1586 2663 1767 2732; x_wconf 79' lang='lat' dir='ltr'><strong>septies</strong></span> <span class='ocrx_word' id='word_1_206' title='bbox 1817 2663 1943 2717; x_wconf 85' lang='lat' dir='ltr'><strong>ultio</strong></span> 
     </span>
    </p>
   </div>
   <div class='ocr_carea' id='block_1_28' title="bbox 356 2749 1943 2828">
    <p class='ocr_par' dir='ltr' id='par_1_28' title="bbox 356 2749 1943 2828">
     <span class='ocr_line' id='line_1_28' title="bbox 356 2749 1943 2828; baseline 0.006 -25"><span class='ocrx_word' id='word_1_207' title='bbox 356 2758 559 2820; x_wconf 79' lang='lat' dir='ltr'><strong>sumpta</strong></span> <span class='ocrx_word' id='word_1_208' title='bbox 587 2751 749 2805; x_wconf 82' lang='lat' dir='ltr'><strong>estde</strong></span> <span class='ocrx_word' id='word_1_209' title='bbox 773 2749 918 2814; x_wconf 88' lang='lat' dir='ltr'><strong>Cain,</strong></span> <span class='ocrx_word' id='word_1_210' title='bbox 947 2751 1011 2805; x_wconf 84' lang='lat' dir='ltr'><strong>de</strong></span> <span class='ocrx_word' id='word_1_211' title='bbox 1060 2751 1277 2806; x_wconf 79' lang='lat' dir='ltr'><strong>Lameclt</strong></span> <span class='ocrx_word' id='word_1_212' title='bbox 1323 2765 1491 2808; x_wconf 86' lang='lat' dir='ltr'><strong>autem</strong></span> <span class='ocrx_word' id='word_1_213' title='bbox 1533 2759 1819 2828; x_wconf 84' lang='lat' dir='ltr'><strong>septuagies</strong></span> <span class='ocrx_word' id='word_1_214' title='bbox 1860 2775 1943 2812; x_wconf 84' lang='lat' dir='ltr'><strong>sc-</strong></span> 
     </span>
    </p>
   </div>
   <div class='ocr_carea' id='block_1_29' title="bbox 359 2840 1943 2916">
    <p class='ocr_par' dir='ltr' id='par_1_29' title="bbox 359 2840 1943 2916">
     <span class='ocr_line' id='line_1_29' title="bbox 359 2840 1943 2916; baseline 0.007 -24"><span class='ocrx_word' id='word_1_215' title='bbox 359 2840 506 2907; x_wconf 81' lang='lat' dir='ltr'><strong>pties.</strong></span> <span class='ocrx_word' id='word_1_216' title='bbox 535 2840 778 2910; x_wconf 81' lang='lat' dir='ltr'><strong>Magnum</strong></span> <span class='ocrx_word' id='word_1_217' title='bbox 804 2841 928 2911; x_wconf 91' lang='lat' dir='ltr'><strong>quid</strong></span> <span class='ocrx_word' id='word_1_218' title='bbox 950 2841 1148 2897; x_wconf 89' lang='lat' dir='ltr'><strong>dictum</strong></span> <span class='ocrx_word' id='word_1_219' title='bbox 1176 2851 1278 2910; x_wconf 91' lang='lat' dir='ltr'><strong>est,</strong></span> <span class='ocrx_word' id='word_1_220' title='bbox 1308 2855 1362 2898; x_wconf 90' lang='lat' dir='ltr'><strong>et</strong></span> <span class='ocrx_word' id='word_1_221' title='bbox 1389 2845 1545 2900; x_wconf 88' lang='lat' dir='ltr'><strong>valde</strong></span> <span class='ocrx_word' id='word_1_222' title='bbox 1574 2861 1824 2916; x_wconf 88' lang='lat' dir='ltr'><strong>magnum</strong></span> <span class='ocrx_word' id='word_1_223' title='bbox 1851 2868 1863 2901; x_wconf 89' lang='lat'><strong>:</strong></span> <span class='ocrx_word' id='word_1_224' title='bbox 1892 2849 1943 2903; x_wconf 93' lang='lat' dir='ltr'><strong>in</strong></span> 
     </span>
    </p>
   </div>
   <div class='ocr_carea' id='block_1_30' title="bbox 360 2931 1943 3004">
    <p class='ocr_par' dir='ltr' id='par_1_30' title="bbox 360 2931 1943 3004">
     <span class='ocr_line' id='line_1_30' title="bbox 360 2931 1943 3004; baseline 0.006 -20"><span class='ocrx_word' id='word_1_225' title='bbox 360 2931 643 3001; x_wconf 82' lang='lat' dir='ltr'><strong>multisque</strong></span> <span class='ocrx_word' id='word_1_226' title='bbox 685 2933 854 2987; x_wconf 93' lang='lat' dir='ltr'><strong>bonus</strong></span> <span class='ocrx_word' id='word_1_227' title='bbox 902 2933 1001 2987; x_wconf 91' lang='lat' dir='ltr'><strong>viri</strong></span> <span class='ocrx_word' id='word_1_228' title='bbox 1044 2933 1254 2988; x_wconf 89' lang='lat' dir='ltr'><strong>animus</strong></span> <span class='ocrx_word' id='word_1_229' title='bbox 1293 2943 1582 3004; x_wconf 88' lang='lat' dir='ltr'><strong>spectatur.</strong></span> <span class='ocrx_word' id='word_1_230' title='bbox 1627 2936 1743 2992; x_wconf 89' lang='lat' dir='ltr'><strong>Non</strong></span> <span class='ocrx_word' id='word_1_231' title='bbox 1771 2939 1943 2993; x_wconf 85' lang='lat' dir='ltr'><strong>solum</strong></span> 
     </span>
    </p>
   </div>
   <div class='ocr_carea' id='block_1_31' title="bbox 358 3019 1942 3097">
    <p class='ocr_par' dir='ltr' id='par_1_31' title="bbox 358 3019 1942 3097">
     <span class='ocr_line' id='line_1_31' title="bbox 358 3019 1942 3097; baseline 0.008 -25"><span class='ocrx_word' id='word_1_232' title='bbox 358 3021 499 3075; x_wconf 91' lang='lat' dir='ltr'><strong>enim</strong></span> <span class='ocrx_word' id='word_1_233' title='bbox 541 3019 738 3076; x_wconf 81' lang='lat' dir='ltr'><strong>factum</strong></span> <span class='ocrx_word' id='word_1_234' title='bbox 785 3022 1089 3089; x_wconf 86' lang='lat' dir='ltr'><strong>confitetur,</strong></span> <span class='ocrx_word' id='word_1_235' title='bbox 1114 3033 1168 3077; x_wconf 90' lang='lat' dir='ltr'><strong>et</strong></span> <span class='ocrx_word' id='word_1_236' title='bbox 1211 3025 1386 3079; x_wconf 65' lang='lat' dir='ltr'><strong>caedes</strong></span> <span class='ocrx_word' id='word_1_237' title='bbox 1429 3025 1496 3080; x_wconf 93' lang='lat' dir='ltr'><strong>ab</strong></span> <span class='ocrx_word' id='word_1_238' title='bbox 1541 3041 1599 3081; x_wconf 91' lang='lat' dir='ltr'><strong>se</strong></span> <span class='ocrx_word' id='word_1_239' title='bbox 1629 3037 1865 3097; x_wconf 87' lang='lat' dir='ltr'><strong>patratas</strong></span> <span class='ocrx_word' id='word_1_240' title='bbox 1890 3030 1942 3085; x_wconf 93' lang='lat' dir='ltr'><strong>in</strong></span> 
     </span>
    </p>
   </div>
   <div class='ocr_carea' id='block_1_32' title="bbox 358 3114 1944 3193">
    <p class='ocr_par' dir='ltr' id='par_1_32' title="bbox 358 3114 1944 3193">
     <span class='ocr_line' id='line_1_32' title="bbox 358 3114 1944 3193; baseline 0.006 -25"><span class='ocrx_word' id='word_1_241' title='bbox 358 3114 591 3168; x_wconf 89' lang='lat' dir='ltr'><strong>medium</strong></span> <span class='ocrx_word' id='word_1_242' title='bbox 621 3114 792 3179; x_wconf 85' lang='lat' dir='ltr'><strong>affert,</strong></span> <span class='ocrx_word' id='word_1_243' title='bbox 823 3115 916 3170; x_wconf 89' lang='lat' dir='ltr'><strong>sed</strong></span> <span class='ocrx_word' id='word_1_244' title='bbox 943 3125 997 3171; x_wconf 91' lang='lat' dir='ltr'><strong>et</strong></span> <span class='ocrx_word' id='word_1_245' title='bbox 1024 3131 1236 3186; x_wconf 66' lang='lat' dir='ltr'><strong>pinnam</strong></span> <span class='ocrx_word' id='word_1_246' title='bbox 1276 3117 1376 3171; x_wconf 90' lang='lat' dir='ltr'><strong>sibi</strong></span> <span class='ocrx_word' id='word_1_247' title='bbox 1417 3118 1594 3187; x_wconf 82' lang='lat' dir='ltr'><strong>infert,</strong></span> <span class='ocrx_word' id='word_1_248' title='bbox 1627 3130 1944 3193; x_wconf 68' lang='lat' dir='ltr'><strong>comparans</strong></span> 
     </span>
    </p>
   </div>
   <div class='ocr_carea' id='block_1_33' title="bbox 363 3207 1941 3277">
    <p class='ocr_par' dir='ltr' id='par_1_33' title="bbox 363 3207 1941 3277">
     <span class='ocr_line' id='line_1_33' title="bbox 363 3207 1941 3277; baseline 0.006 -20"><span class='ocrx_word' id='word_1_249' title='bbox 363 3215 636 3272; x_wconf 87' lang='lat' dir='ltr'><strong>peccatum</strong></span> <span class='ocrx_word' id='word_1_250' title='bbox 681 3220 837 3260; x_wconf 88' lang='lat' dir='ltr'><strong>suum</strong></span> <span class='ocrx_word' id='word_1_251' title='bbox 872 3215 1091 3274; x_wconf 89' lang='lat' dir='ltr'><strong>peccato</strong></span> <span class='ocrx_word' id='word_1_252' title='bbox 1116 3207 1287 3260; x_wconf 85' lang='lat' dir='ltr'><strong>Caini.</strong></span> <span class='ocrx_word' id='word_1_253' title='bbox 1328 3208 1443 3274; x_wconf 85' lang='lat' dir='ltr'><strong>Qua</strong></span> <span class='ocrx_word' id='word_1_254' title='bbox 1472 3209 1613 3263; x_wconf 90' lang='lat' dir='ltr'><strong>enim</strong></span> <span class='ocrx_word' id='word_1_255' title='bbox 1656 3213 1828 3277; x_wconf 86' lang='lat' dir='ltr'><strong>venia,</strong></span> <span class='ocrx_word' id='word_1_256' title='bbox 1856 3212 1941 3266; x_wconf 81' lang='lat' dir='ltr'><strong>in-</strong></span> 
     </span>
    </p>
   </div>
   <div class='ocr_carea' id='block_1_34' title="bbox 356 3295 1939 3368">
    <p class='ocr_par' dir='ltr' id='par_1_34' title="bbox 356 3295 1939 3368">
     <span class='ocr_line' id='line_1_34' title="bbox 356 3295 1939 3368; baseline 0.006 -20"><span class='ocrx_word' id='word_1_257' title='bbox 356 3296 489 3365; x_wconf 89' lang='lat' dir='ltr'><strong>quit,</strong></span> <span class='ocrx_word' id='word_1_258' title='bbox 516 3295 674 3351; x_wconf 87' lang='lat' dir='ltr'><strong>fuerit</strong></span> <span class='ocrx_word' id='word_1_259' title='bbox 695 3297 905 3367; x_wconf 90' lang='lat' dir='ltr'><strong>dignus,</strong></span> <span class='ocrx_word' id='word_1_260' title='bbox 933 3297 1021 3367; x_wconf 91' lang='lat' dir='ltr'><strong>qui</strong></span> <span class='ocrx_word' id='word_1_261' title='bbox 1048 3297 1264 3352; x_wconf 86' lang='lat' dir='ltr'><strong>alterius</strong></span> <span class='ocrx_word' id='word_1_262' title='bbox 1292 3313 1447 3368; x_wconf 66' lang='lat' dir='ltr'><strong>paena</strong></span> <span class='ocrx_word' id='word_1_263' title='bbox 1471 3301 1808 3356; x_wconf 90' lang='lat' dir='ltr'><strong>cmendatior</strong></span> <span class='ocrx_word' id='word_1_264' title='bbox 1833 3317 1939 3358; x_wconf 90' lang='lat' dir='ltr'><strong>non</strong></span> 
     </span>
    </p>
   </div>
   <div class='ocr_carea' id='block_1_35' title="bbox 354 3386 1941 3462">
    <p class='ocr_par' dir='ltr' id='par_1_35' title="bbox 354 3386 1941 3462">
     <span class='ocr_line' id='line_1_35' title="bbox 354 3386 1941 3462; baseline 0.005 -20"><span class='ocrx_word' id='word_1_265' title='bbox 354 3386 433 3452; x_wconf 90' lang='lat' dir='ltr'><strong>fit,</strong></span> <span class='ocrx_word' id='word_1_266' title='bbox 467 3388 559 3450; x_wconf 85' lang='lat' dir='ltr'><strong>sed</strong></span> <span class='ocrx_word' id='word_1_267' title='bbox 601 3400 871 3444; x_wconf 85' lang='lat' dir='ltr'><strong>recentem</strong></span> <span class='ocrx_word' id='word_1_268' title='bbox 916 3398 971 3443; x_wconf 86' lang='lat' dir='ltr'><strong>et</strong></span> <span class='ocrx_word' id='word_1_269' title='bbox 1000 3389 1206 3444; x_wconf 86' lang='lat' dir='ltr'><strong>firmam</strong></span> <span class='ocrx_word' id='word_1_270' title='bbox 1238 3390 1440 3447; x_wconf 86' lang='lat' dir='ltr'><strong>habens</strong></span> <span class='ocrx_word' id='word_1_271' title='bbox 1470 3393 1586 3462; x_wconf 84' lang='lat' dir='ltr'><strong>ejus</strong></span> <span class='ocrx_word' id='word_1_272' title='bbox 1629 3396 1941 3450; x_wconf 88' lang='lat' dir='ltr'><strong>memoriam</strong></span> 
     </span>
    </p>
   </div>
   <div class='ocr_carea' id='block_1_36' title="bbox 354 3479 1938 3553">
    <p class='ocr_par' dir='ltr' id='par_1_36' title="bbox 354 3479 1938 3553">
     <span class='ocr_line' id='line_1_36' title="bbox 354 3479 1938 3553; baseline 0.006 -21"><span class='ocrx_word' id='word_1_273' title='bbox 354 3480 574 3549; x_wconf 77' lang='lat' dir='ltr'><strong>insuper</strong></span> <span class='ocrx_word' id='word_1_274' title='bbox 613 3479 811 3549; x_wconf 82' lang='lat' dir='ltr'><strong>duplex</strong></span> <span class='ocrx_word' id='word_1_275' title='bbox 864 3481 1207 3535; x_wconf 87' lang='lat' dir='ltr'><strong>homicidium</strong></span> <span class='ocrx_word' id='word_1_276' title='bbox 1263 3484 1529 3553; x_wconf 77' lang='lat' dir='ltr'><strong>patravit?</strong></span> <span class='ocrx_word' id='word_1_277' title='bbox 1575 3485 1707 3553; x_wconf 86' lang='lat' dir='ltr'><strong>Quia</strong></span> <span class='ocrx_word' id='word_1_278' title='bbox 1756 3489 1938 3552; x_wconf 81' lang='lat' dir='ltr'><strong>uirum,</strong></span> 
     </span>
    </p>
   </div>
   <div class='ocr_carea' id='block_1_37' title="bbox 355 3571 1939 3640">
    <p class='ocr_par' dir='ltr' id='par_1_37' title="bbox 355 3571 1939 3640">
     <span class='ocr_line' id='line_1_37' title="bbox 355 3571 1939 3640; baseline 0.006 -17"><span class='ocrx_word' id='word_1_279' title='bbox 355 3571 552 3640; x_wconf 87' lang='lat' dir='ltr'><strong>inquit,</strong></span> <span class='ocrx_word' id='word_1_280' title='bbox 581 3571 741 3625; x_wconf 80' lang='lat' dir='ltr'><strong>occidi</strong></span> <span class='ocrx_word' id='word_1_281' title='bbox 764 3572 817 3625; x_wconf 88' lang='lat' dir='ltr'><strong>in</strong></span> <span class='ocrx_word' id='word_1_282' title='bbox 843 3574 1022 3626; x_wconf 78' lang='lat' dir='ltr'><strong>uulnus</strong></span> <span class='ocrx_word' id='word_1_283' title='bbox 1051 3573 1193 3637; x_wconf 82' lang='lat' dir='ltr'><strong>mihi,</strong></span> <span class='ocrx_word' id='word_1_284' title='bbox 1225 3582 1270 3626; x_wconf 89' lang='lat' dir='ltr'><strong>et</strong></span> <span class='ocrx_word' id='word_1_285' title='bbox 1298 3573 1664 3629; x_wconf 72' lang='lat' dir='ltr'><strong>adolescentem</strong></span> <span class='ocrx_word' id='word_1_286' title='bbox 1709 3577 1761 3631; x_wconf 88' lang='lat' dir='ltr'><strong>in</strong></span> <span class='ocrx_word' id='word_1_287' title='bbox 1805 3578 1939 3632; x_wconf 88' lang='lat' dir='ltr'><strong>cica-</strong></span> 
     </span>
    </p>
   </div>
   <div class='ocr_carea' id='block_1_38' title="bbox 354 3660 1939 3738">
    <p class='ocr_par' dir='ltr' id='par_1_38' title="bbox 354 3660 1939 3738">
     <span class='ocr_line' id='line_1_38' title="bbox 354 3660 1939 3738; baseline 0.007 -24"><span class='ocrx_word' id='word_1_288' title='bbox 354 3672 528 3715; x_wconf 78' lang='lat' dir='ltr'><strong>tricem</strong></span> <span class='ocrx_word' id='word_1_289' title='bbox 558 3662 702 3715; x_wconf 76' lang='lat' dir='ltr'><strong>milii.</strong></span> <span class='ocrx_word' id='word_1_290' title='bbox 735 3660 849 3717; x_wconf 87' lang='lat' dir='ltr'><strong>Non</strong></span> <span class='ocrx_word' id='word_1_291' title='bbox 890 3670 1114 3731; x_wconf 89' lang='lat' dir='ltr'><strong>tantum,</strong></span> <span class='ocrx_word' id='word_1_292' title='bbox 1144 3664 1334 3734; x_wconf 88' lang='lat' dir='ltr'><strong>inquit,</strong></span> <span class='ocrx_word' id='word_1_293' title='bbox 1360 3668 1517 3721; x_wconf 89' lang='lat' dir='ltr'><strong>nocui</strong></span> <span class='ocrx_word' id='word_1_294' title='bbox 1545 3667 1650 3722; x_wconf 87' lang='lat' dir='ltr'><strong>illis</strong></span> <span class='ocrx_word' id='word_1_295' title='bbox 1684 3683 1818 3738; x_wconf 90' lang='lat' dir='ltr'><strong>quos</strong></span> <span class='ocrx_word' id='word_1_296' title='bbox 1845 3685 1939 3725; x_wconf 84' lang='lat' dir='ltr'><strong>oc-</strong></span> 
     </span>
    </p>
   </div>
   <div class='ocr_carea' id='block_1_39' title="bbox 352 3748 1940 3828">
    <p class='ocr_par' dir='ltr' id='par_1_39' title="bbox 352 3748 1940 3828">
     <span class='ocr_line' id='line_1_39' title="bbox 352 3748 1940 3828; baseline 0.006 -22"><span class='ocrx_word' id='word_1_297' title='bbox 352 3748 479 3815; x_wconf 77' lang='lat' dir='ltr'><strong>cidi,</strong></span> <span class='ocrx_word' id='word_1_298' title='bbox 508 3762 762 3822; x_wconf 87' lang='lat' dir='ltr'><strong>quantum</strong></span> <span class='ocrx_word' id='word_1_299' title='bbox 805 3753 1057 3823; x_wconf 90' lang='lat' dir='ltr'><strong>mihiipsi.</strong></span> <span class='ocrx_word' id='word_1_300' title='bbox 1106 3753 1161 3807; x_wconf 89' lang='lat' dir='ltr'><strong>in</strong></span> <span class='ocrx_word' id='word_1_301' title='bbox 1200 3770 1410 3824; x_wconf 74' lang='lat' dir='ltr'><strong>pmnam</strong></span> <span class='ocrx_word' id='word_1_302' title='bbox 1441 3758 1584 3811; x_wconf 92' lang='lat' dir='ltr'><strong>enim</strong></span> <span class='ocrx_word' id='word_1_303' title='bbox 1620 3774 1778 3828; x_wconf 86' lang='lat' dir='ltr'><strong>quam</strong></span> <span class='ocrx_word' id='word_1_304' title='bbox 1808 3760 1940 3815; x_wconf 82' lang='lat' dir='ltr'><strong>ellâ€˜u-</strong></span> 
     </span>
    </p>
   </div>
   <div class='ocr_carea' id='block_1_40' title="bbox 353 3846 1941 3922">
    <p class='ocr_par' dir='ltr' id='par_1_40' title="bbox 353 3846 1941 3922">
     <span class='ocr_line' id='line_1_40' title="bbox 353 3846 1941 3922; baseline 0.008 -26"><span class='ocrx_word' id='word_1_305' title='bbox 353 3857 478 3911; x_wconf 84' lang='lat' dir='ltr'><strong>gcre</strong></span> <span class='ocrx_word' id='word_1_306' title='bbox 506 3859 608 3897; x_wconf 88' lang='lat' dir='ltr'><strong>non</strong></span> <span class='ocrx_word' id='word_1_307' title='bbox 638 3859 874 3913; x_wconf 90' lang='lat' dir='ltr'><strong>possum,</strong></span> <span class='ocrx_word' id='word_1_308' title='bbox 906 3846 1166 3915; x_wconf 90' lang='lat' dir='ltr'><strong>meipsnm</strong></span> <span class='ocrx_word' id='word_1_309' title='bbox 1195 3847 1421 3917; x_wconf 90' lang='lat' dir='ltr'><strong>conjeci,</strong></span> <span class='ocrx_word' id='word_1_310' title='bbox 1451 3858 1666 3918; x_wconf 90' lang='lat' dir='ltr'><strong>peccata</strong></span> <span class='ocrx_word' id='word_1_311' title='bbox 1689 3860 1941 3922; x_wconf 84' lang='lat' dir='ltr'><strong>operatus</strong></span> 
     </span>
    </p>
   </div>
   <div class='ocr_carea' id='block_1_41' title="bbox 355 3936 1938 4012">
    <p class='ocr_par' dir='ltr' id='par_1_41' title="bbox 355 3936 1938 4012">
     <span class='ocr_line' id='line_1_41' title="bbox 355 3936 1938 4012; baseline 0.007 -24"><span class='ocrx_word' id='word_1_312' title='bbox 355 3945 521 4002; x_wconf 84' lang='lat' dir='ltr'><strong>tanta,</strong></span> <span class='ocrx_word' id='word_1_313' title='bbox 545 3951 664 4006; x_wconf 74' lang='lat' dir='ltr'><strong>ane</strong></span> <span class='ocrx_word' id='word_1_314' title='bbox 684 3936 893 3990; x_wconf 89' lang='lat' dir='ltr'><strong>veniam</strong></span> <span class='ocrx_word' id='word_1_315' title='bbox 918 3952 1024 3991; x_wconf 91' lang='lat' dir='ltr'><strong>non</strong></span> <span class='ocrx_word' id='word_1_316' title='bbox 1052 3947 1346 3993; x_wconf 90' lang='lat' dir='ltr'><strong>merentur.</strong></span> <span class='ocrx_word' id='word_1_317' title='bbox 1369 3939 1502 3994; x_wconf 88' lang='lat' dir='ltr'><strong>Nam</strong></span> <span class='ocrx_word' id='word_1_318' title='bbox 1528 3942 1573 3995; x_wconf 89' lang='lat' dir='ltr'><strong>si</strong></span> <span class='ocrx_word' id='word_1_319' title='bbox 1602 3942 1688 3997; x_wconf 88' lang='lat' dir='ltr'><strong>ille</strong></span> <span class='ocrx_word' id='word_1_320' title='bbox 1716 3957 1812 4012; x_wconf 91' lang='lat' dir='ltr'><strong>pro</strong></span> <span class='ocrx_word' id='word_1_321' title='bbox 1833 3959 1938 3999; x_wconf 89' lang='lat' dir='ltr'><strong>una</strong></span> 
     </span>
    </p>
   </div>
   <div class='ocr_carea' id='block_1_42' title="bbox 351 4028 1937 4107">
    <p class='ocr_par' dir='ltr' id='par_1_42' title="bbox 351 4028 1937 4107">
     <span class='ocr_line' id='line_1_42' title="bbox 351 4028 1937 4107; baseline 0.007 -26"><span class='ocrx_word' id='word_1_322' title='bbox 351 4028 497 4082; x_wconf 63' lang='lat' dir='ltr'><strong>crede</strong></span> <span class='ocrx_word' id='word_1_323' title='bbox 526 4038 733 4098; x_wconf 89' lang='lat' dir='ltr'><strong>septem</strong></span> <span class='ocrx_word' id='word_1_324' title='bbox 767 4032 938 4097; x_wconf 64' lang='lat' dir='ltr'><strong>poenis</strong></span> <span class='ocrx_word' id='word_1_325' title='bbox 976 4029 1241 4086; x_wconf 82' lang='lat' dir='ltr'><strong>obnoxius</strong></span> <span class='ocrx_word' id='word_1_326' title='bbox 1290 4030 1460 4087; x_wconf 89' lang='lat' dir='ltr'><strong>factus</strong></span> <span class='ocrx_word' id='word_1_327' title='bbox 1487 4044 1591 4100; x_wconf 89' lang='lat' dir='ltr'><strong>est,</strong></span> <span class='ocrx_word' id='word_1_328' title='bbox 1619 4050 1718 4105; x_wconf 87' lang='lat' dir='ltr'><strong>ego</strong></span> <span class='ocrx_word' id='word_1_329' title='bbox 1748 4036 1937 4107; x_wconf 83' lang='lat' dir='ltr'><strong>dignus</strong></span> 
     </span>
    </p>
   </div>
   <div class='ocr_carea' id='block_1_43' title="bbox 353 4117 1937 4194">
    <p class='ocr_par' dir='ltr' id='par_1_43' title="bbox 353 4117 1937 4194">
     <span class='ocr_line' id='line_1_43' title="bbox 353 4117 1937 4194; baseline 0.006 -23"><span class='ocrx_word' id='word_1_330' title='bbox 353 4117 541 4171; x_wconf 89' lang='lat' dir='ltr'><strong>fuerim</strong></span> <span class='ocrx_word' id='word_1_331' title='bbox 573 4119 662 4187; x_wconf 87' lang='lat' dir='ltr'><strong>qui</strong></span> <span class='ocrx_word' id='word_1_332' title='bbox 687 4132 762 4187; x_wconf 56' lang='lat' dir='ltr'><strong>se,</strong></span> <span class='ocrx_word' id='word_1_333' title='bbox 786 4119 988 4188; x_wconf 88' lang='lat' dir='ltr'><strong>tuagies</strong></span> <span class='ocrx_word' id='word_1_334' title='bbox 1017 4120 1214 4189; x_wconf 89' lang='lat' dir='ltr'><strong>septies</strong></span> <span class='ocrx_word' id='word_1_335' title='bbox 1239 4136 1449 4190; x_wconf 73' lang='lat' dir='ltr'><strong>pmnam</strong></span> <span class='ocrx_word' id='word_1_336' title='bbox 1479 4122 1642 4178; x_wconf 84' lang='lat' dir='ltr'><strong>luam.</strong></span> <span class='ocrx_word' id='word_1_337' title='bbox 1669 4123 1830 4194; x_wconf 81' lang='lat' dir='ltr'><strong>Cujus</strong></span> <span class='ocrx_word' id='word_1_338' title='bbox 1858 4128 1937 4181; x_wconf 89' lang='lat' dir='ltr'><strong>rei</strong></span> 
     </span>
    </p>
   </div>
   <div class='ocr_carea' id='block_1_44' title="bbox 351 4210 1933 4287">
    <p class='ocr_par' dir='ltr' id='par_1_44' title="bbox 351 4210 1933 4287">
     <span class='ocr_line' id='line_1_44' title="bbox 351 4210 1933 4287; baseline 0.007 -25"><span class='ocrx_word' id='word_1_339' title='bbox 351 4210 541 4279; x_wconf 89' lang='lat' dir='ltr'><strong>gratia,</strong></span> <span class='ocrx_word' id='word_1_340' title='bbox 579 4218 634 4263; x_wconf 91' lang='lat' dir='ltr'><strong>et</strong></span> <span class='ocrx_word' id='word_1_341' title='bbox 670 4211 874 4280; x_wconf 82' lang='lat' dir='ltr'><strong>quare?</strong></span> <span class='ocrx_word' id='word_1_342' title='bbox 918 4211 1049 4266; x_wconf 85' lang='lat' dir='ltr'><strong>Nam</strong></span> <span class='ocrx_word' id='word_1_343' title='bbox 1096 4212 1219 4267; x_wconf 93' lang='lat' dir='ltr'><strong>licet</strong></span> <span class='ocrx_word' id='word_1_344' title='bbox 1261 4213 1468 4269; x_wconf 73' lang='lat' dir='ltr'><strong>cmdem</strong></span> <span class='ocrx_word' id='word_1_345' title='bbox 1512 4215 1601 4270; x_wconf 90' lang='lat' dir='ltr'><strong>ille</strong></span> <span class='ocrx_word' id='word_1_346' title='bbox 1628 4219 1933 4287; x_wconf 89' lang='lat' dir='ltr'><strong>patraverit,</strong></span> 
     </span>
    </p>
   </div>
   <div class='ocr_carea' id='block_1_45' title="bbox 352 4300 1938 4378">
    <p class='ocr_par' dir='ltr' id='par_1_45' title="bbox 352 4300 1938 4378">
     <span class='ocr_line' id='line_1_45' title="bbox 352 4300 1938 4378; baseline 0.009 -25"><span class='ocrx_word' id='word_1_347' title='bbox 352 4316 577 4372; x_wconf 89' lang='lat' dir='ltr'><strong>eamque</strong></span> <span class='ocrx_word' id='word_1_348' title='bbox 624 4300 823 4370; x_wconf 86' lang='lat' dir='ltr'><strong>fratris,</strong></span> <span class='ocrx_word' id='word_1_349' title='bbox 864 4312 1096 4359; x_wconf 89' lang='lat' dir='ltr'><strong>attamen</strong></span> <span class='ocrx_word' id='word_1_350' title='bbox 1142 4306 1289 4360; x_wconf 92' lang='lat' dir='ltr'><strong>nullo</strong></span> <span class='ocrx_word' id='word_1_351' title='bbox 1334 4323 1584 4378; x_wconf 91' lang='lat' dir='ltr'><strong>umquam</strong></span> <span class='ocrx_word' id='word_1_352' title='bbox 1625 4317 1781 4365; x_wconf 88' lang='lat' dir='ltr'><strong>antea</strong></span> <span class='ocrx_word' id='word_1_353' title='bbox 1810 4326 1938 4368; x_wconf 92' lang='lat' dir='ltr'><strong>con-</strong></span> 
     </span>
    </p>
   </div>
   <div class='ocr_carea' id='block_1_46' title="bbox 349 4392 1935 4472">
    <p class='ocr_par' dir='ltr' id='par_1_46' title="bbox 349 4392 1935 4472">
     <span class='ocr_line' id='line_1_46' title="bbox 349 4392 1935 4472; baseline 0.009 -29"><span class='ocrx_word' id='word_1_354' title='bbox 349 4400 532 4458; x_wconf 87' lang='lat' dir='ltr'><strong>specto</strong></span> <span class='ocrx_word' id='word_1_355' title='bbox 560 4392 649 4462; x_wconf 89' lang='lat' dir='ltr'><strong>qui</strong></span> <span class='ocrx_word' id='word_1_356' title='bbox 682 4392 783 4447; x_wconf 89' lang='lat' dir='ltr'><strong>hoc</strong></span> <span class='ocrx_word' id='word_1_357' title='bbox 822 4395 1053 4462; x_wconf 89' lang='lat' dir='ltr'><strong>fecisset,</strong></span> <span class='ocrx_word' id='word_1_358' title='bbox 1090 4411 1264 4467; x_wconf 90' lang='lat' dir='ltr'><strong>neque</strong></span> <span class='ocrx_word' id='word_1_359' title='bbox 1306 4398 1412 4452; x_wconf 92' lang='lat' dir='ltr'><strong>alio</strong></span> <span class='ocrx_word' id='word_1_360' title='bbox 1454 4399 1567 4454; x_wconf 87' lang='lat' dir='ltr'><strong>viso</strong></span> <span class='ocrx_word' id='word_1_361' title='bbox 1592 4401 1680 4470; x_wconf 89' lang='lat' dir='ltr'><strong>qui</strong></span> <span class='ocrx_word' id='word_1_362' title='bbox 1725 4416 1935 4472; x_wconf 74' lang='lat' dir='ltr'><strong>pmnam</strong></span> 
     </span>
    </p>
   </div>
   <div class='ocr_carea' id='block_1_47' title="bbox 350 4477 1936 4552">
    <p class='ocr_par' dir='ltr' id='par_1_47' title="bbox 350 4477 1936 4552">
     <span class='ocr_line' id='line_1_47' title="bbox 350 4477 1936 4552; baseline 0.011 -20"><span class='ocrx_word' id='word_1_363' title='bbox 350 4477 591 4536; x_wconf 84' lang='lat' dir='ltr'><strong>dedisset</strong></span> <span class='ocrx_word' id='word_1_364' title='bbox 630 4481 892 4552; x_wconf 88' lang='lat' dir='ltr'><strong>ejusmodi</strong></span> <span class='ocrx_word' id='word_1_365' title='bbox 943 4484 1213 4549; x_wconf 89' lang='lat' dir='ltr'><strong>facinoris,</strong></span> <span class='ocrx_word' id='word_1_366' title='bbox 1247 4497 1301 4541; x_wconf 90' lang='lat' dir='ltr'><strong>et</strong></span> <span class='ocrx_word' id='word_1_367' title='bbox 1346 4498 1543 4543; x_wconf 88' lang='lat' dir='ltr'><strong>tantam</strong></span> <span class='ocrx_word' id='word_1_368' title='bbox 1573 4491 1705 4546; x_wconf 90' lang='lat' dir='ltr'><strong>iram</strong></span> <span class='ocrx_word' id='word_1_369' title='bbox 1750 4492 1936 4549; x_wconf 91' lang='lat' dir='ltr'><strong>fuisset</strong></span> 
     </span>
    </p>
   </div>
   <div class='ocr_carea' id='block_1_48' title="bbox 347 4577 1936 4653">
    <p class='ocr_par' dir='ltr' id='par_1_48' title="bbox 347 4577 1936 4653">
     <span class='ocr_line' id='line_1_48' title="bbox 347 4577 1936 4653; baseline 0.009 -28"><span class='ocrx_word' id='word_1_370' title='bbox 347 4581 621 4641; x_wconf 77' lang='lat' dir='ltr'><strong>expertus,</strong></span> <span class='ocrx_word' id='word_1_371' title='bbox 651 4589 770 4643; x_wconf 69' lang='lat' dir='ltr'><strong>qua:</strong></span> <span class='ocrx_word' id='word_1_372' title='bbox 795 4584 1020 4646; x_wconf 88' lang='lat' dir='ltr'><strong>utraque</strong></span> <span class='ocrx_word' id='word_1_373' title='bbox 1049 4577 1176 4631; x_wconf 86' lang='lat' dir='ltr'><strong>mihi</strong></span> <span class='ocrx_word' id='word_1_374' title='bbox 1201 4593 1387 4649; x_wconf 72' lang='lat' dir='ltr'><strong>pmnas</strong></span> <span class='ocrx_word' id='word_1_375' title='bbox 1406 4590 1601 4652; x_wconf 85' lang='lat' dir='ltr'><strong>augent</strong></span> <span class='ocrx_word' id='word_1_376' title='bbox 1625 4601 1638 4637; x_wconf 93' lang='lat'><strong>:</strong></span> <span class='ocrx_word' id='word_1_377' title='bbox 1666 4584 1785 4653; x_wconf 87' lang='lat' dir='ltr'><strong>quia</strong></span> <span class='ocrx_word' id='word_1_378' title='bbox 1812 4595 1936 4641; x_wconf 88' lang='lat' dir='ltr'><strong>ante</strong></span> 
     </span>
    </p>
   </div>
   <div class='ocr_carea' id='block_1_49' title="bbox 347 4663 1938 4741">
    <p class='ocr_par' dir='ltr' id='par_1_49' title="bbox 347 4663 1938 4741">
     <span class='ocr_line' id='line_1_49' title="bbox 347 4663 1938 4741; baseline 0.01 -25"><span class='ocrx_word' id='word_1_379' title='bbox 347 4664 530 4719; x_wconf 89' lang='lat' dir='ltr'><strong>oculos</strong></span> <span class='ocrx_word' id='word_1_380' title='bbox 575 4663 779 4720; x_wconf 88' lang='lat' dir='ltr'><strong>habens</strong></span> <span class='ocrx_word' id='word_1_381' title='bbox 821 4667 961 4738; x_wconf 91' lang='lat' dir='ltr'><strong>quod</strong></span> <span class='ocrx_word' id='word_1_382' title='bbox 1007 4667 1076 4723; x_wconf 90' lang='lat' dir='ltr'><strong>ab</strong></span> <span class='ocrx_word' id='word_1_383' title='bbox 1118 4669 1210 4724; x_wconf 92' lang='lat' dir='ltr'><strong>illo</strong></span> <span class='ocrx_word' id='word_1_384' title='bbox 1257 4680 1617 4741; x_wconf 84' lang='lat' dir='ltr'><strong>perpetratum</strong></span> <span class='ocrx_word' id='word_1_385' title='bbox 1664 4673 1854 4739; x_wconf 88' lang='lat' dir='ltr'><strong>fuerat,</strong></span> <span class='ocrx_word' id='word_1_386' title='bbox 1884 4687 1938 4732; x_wconf 89' lang='lat' dir='ltr'><strong>et</strong></span> 
     </span>
    </p>
   </div>
   <div class='ocr_carea' id='block_1_50' title="bbox 349 4762 1930 4834">
    <p class='ocr_par' dir='ltr' id='par_1_50' title="bbox 349 4762 1930 4834">
     <span class='ocr_line' id='line_1_50' title="bbox 349 4762 1930 4834; baseline 0.008 -20"><span class='ocrx_word' id='word_1_387' title='bbox 349 4772 562 4829; x_wconf 70' lang='lat' dir='ltr'><strong>pmnam</strong></span> <span class='ocrx_word' id='word_1_388' title='bbox 594 4762 780 4817; x_wconf 89' lang='lat' dir='ltr'><strong>videns</strong></span> <span class='ocrx_word' id='word_1_389' title='bbox 812 4763 890 4819; x_wconf 89' lang='lat' dir='ltr'><strong>sic</strong></span> <span class='ocrx_word' id='word_1_390' title='bbox 935 4764 1380 4821; x_wconf 89' lang='lat' dir='ltr'><strong>immedicabilem</strong></span> <span class='ocrx_word' id='word_1_391' title='bbox 1409 4781 1561 4834; x_wconf 90' lang='lat' dir='ltr'><strong>esse,</strong></span> <span class='ocrx_word' id='word_1_392' title='bbox 1602 4770 1807 4825; x_wconf 92' lang='lat' dir='ltr'><strong>cautior</strong></span> <span class='ocrx_word' id='word_1_393' title='bbox 1851 4770 1930 4825; x_wconf 87' lang='lat' dir='ltr'><strong>fa-</strong></span> 
     </span>
    </p>
   </div>
   <div class='ocr_carea' id='block_1_51' title="bbox 346 4853 1935 4930">
    <p class='ocr_par' dir='ltr' id='par_1_51' title="bbox 346 4853 1935 4930">
     <span class='ocr_line' id='line_1_51' title="bbox 346 4853 1935 4930; baseline 0.008 -26"><span class='ocrx_word' id='word_1_394' title='bbox 346 4860 464 4906; x_wconf 87' lang='lat' dir='ltr'><strong>ctus</strong></span> <span class='ocrx_word' id='word_1_395' title='bbox 485 4867 590 4907; x_wconf 90' lang='lat' dir='ltr'><strong>non</strong></span> <span class='ocrx_word' id='word_1_396' title='bbox 614 4869 752 4908; x_wconf 91' lang='lat' dir='ltr'><strong>sum.</strong></span> <span class='ocrx_word' id='word_1_397' title='bbox 779 4853 1063 4924; x_wconf 85' lang='lat' dir='ltr'><strong>Pr0ptcrea</strong></span> <span class='ocrx_word' id='word_1_398' title='bbox 1087 4854 1212 4910; x_wconf 90' lang='lat' dir='ltr'><strong>licet</strong></span> <span class='ocrx_word' id='word_1_399' title='bbox 1230 4859 1530 4928; x_wconf 86' lang='lat' dir='ltr'><strong>septuagies</strong></span> <span class='ocrx_word' id='word_1_400' title='bbox 1551 4859 1747 4928; x_wconf 88' lang='lat' dir='ltr'><strong>septies</strong></span> <span class='ocrx_word' id='word_1_401' title='bbox 1768 4860 1935 4930; x_wconf 88' lang='lat' dir='ltr'><strong>magis</strong></span> 
     </span>
    </p>
   </div>
   <div class='ocr_carea' id='block_1_52' title="bbox 347 4944 1930 5020">
    <p class='ocr_par' dir='ltr' id='par_1_52' title="bbox 347 4944 1930 5020">
     <span class='ocr_line' id='line_1_52' title="bbox 347 4944 1930 5020; baseline 0.006 -24"><span class='ocrx_word' id='word_1_402' title='bbox 347 4957 505 5011; x_wconf 89' lang='lat' dir='ltr'><strong>quam</strong></span> <span class='ocrx_word' id='word_1_403' title='bbox 537 4944 624 4999; x_wconf 90' lang='lat' dir='ltr'><strong>ille</strong></span> <span class='ocrx_word' id='word_1_404' title='bbox 656 4944 893 5016; x_wconf 84' lang='lat' dir='ltr'><strong>punirer,</strong></span> <span class='ocrx_word' id='word_1_405' title='bbox 916 4954 1150 5001; x_wconf 87' lang='lat' dir='ltr'><strong>attamen</strong></span> <span class='ocrx_word' id='word_1_406' title='bbox 1182 4961 1354 5017; x_wconf 92' lang='lat' dir='ltr'><strong>neque</strong></span> <span class='ocrx_word' id='word_1_407' title='bbox 1384 4947 1462 5002; x_wconf 89' lang='lat' dir='ltr'><strong>sic</strong></span> <span class='ocrx_word' id='word_1_408' title='bbox 1485 4947 1698 5020; x_wconf 83' lang='lat' dir='ltr'><strong>dignam</strong></span> <span class='ocrx_word' id='word_1_409' title='bbox 1728 4950 1930 5006; x_wconf 89' lang='lat' dir='ltr'><strong>luerem</strong></span> 
     </span>
    </p>
   </div>
   <div class='ocr_carea' id='block_1_53' title="bbox 440 5050 582 5090">
    <p class='ocr_par' dir='ltr' id='par_1_53' title="bbox 440 5050 582 5090">
     <span class='ocr_line' id='line_1_53' title="bbox 440 5050 582 5090; baseline 0.014 -2"><span class='ocrx_word' id='word_1_410' title='bbox 440 5050 582 5090; x_wconf 91' lang='lat' dir='ltr'><strong>nam.</strong></span> 
     </span>
    </p>
   </div>
   <div class='ocr_carea' id='block_1_54' title="bbox 347 5049 1933 5201">
    <p class='ocr_par' dir='ltr' id='par_1_54' title="bbox 347 5049 1933 5201">
     <span class='ocr_line' id='line_1_54' title="bbox 440 5050 1856 5090; baseline 0.001 -2"><span class='ocrx_word' id='word_1_411' title='bbox 440 5050 582 5090; x_wconf 91' lang='lat' dir='ltr'><strong>nam.</strong></span> <span class='ocrx_word' id='word_1_412' title='bbox 1851 5074 1856 5078; x_wconf 86' lang='grc'><strong><em>-</em></strong></span> 
     </span>
     <span class='ocr_line' id='line_1_55' title="bbox 347 5049 1933 5201; baseline 0.004 -20"><span class='ocrx_word' id='word_1_413' title='bbox 347 5049 468 5181; x_wconf 54' lang='grc' dir='ltr'><strong>Î¼Î¶.</strong></span> <span class='ocrx_word' id='word_1_414' title='bbox 498 5125 738 5180; x_wconf 83' lang='lat' dir='ltr'><strong>Liberum</strong></span> <span class='ocrx_word' id='word_1_415' title='bbox 751 5127 1012 5181; x_wconf 85' lang='lat' dir='ltr'><strong>arbitrium</strong></span> <span class='ocrx_word' id='word_1_416' title='bbox 1027 5127 1267 5182; x_wconf 78' lang='lat' dir='ltr'><strong>hominis.</strong></span> <span class='ocrx_word' id='word_1_417' title='bbox 1289 5159 1361 5169; x_wconf 95' lang='lat'>â€”</span> <span class='ocrx_word' id='word_1_418' title='bbox 1379 5128 1558 5196; x_wconf 81' lang='lat' dir='ltr'><strong>Vides,</strong></span> <span class='ocrx_word' id='word_1_419' title='bbox 1573 5129 1785 5196; x_wconf 88' lang='lat' dir='ltr'><strong>dilecte,</strong></span> <span class='ocrx_word' id='word_1_420' title='bbox 1801 5146 1933 5201; x_wconf 89' lang='lat' dir='ltr'><strong>quo-</strong></span> 
     </span>
    </p>
   </div>
   <div class='ocr_carea' id='block_1_55' title="bbox 342 5217 1936 5290">
    <p class='ocr_par' dir='ltr' id='par_1_55' title="bbox 342 5217 1936 5290">
     <span class='ocr_line' id='line_1_56' title="bbox 342 5217 1936 5290; baseline 0.005 -18"><span class='ocrx_word' id='word_1_421' title='bbox 342 5218 502 5273; x_wconf 88' lang='lat' dir='ltr'><strong>modo</strong></span> <span class='ocrx_word' id='word_1_422' title='bbox 532 5226 774 5272; x_wconf 90' lang='lat' dir='ltr'><strong>nostram</strong></span> <span class='ocrx_word' id='word_1_423' title='bbox 802 5217 942 5273; x_wconf 89' lang='lat' dir='ltr'><strong>Deus</strong></span> <span class='ocrx_word' id='word_1_424' title='bbox 982 5227 1216 5275; x_wconf 89' lang='lat' dir='ltr'><strong>mentem</strong></span> <span class='ocrx_word' id='word_1_425' title='bbox 1245 5219 1395 5275; x_wconf 91' lang='lat' dir='ltr'><strong>liberi</strong></span> <span class='ocrx_word' id='word_1_426' title='bbox 1423 5222 1624 5277; x_wconf 86' lang='lat' dir='ltr'><strong>arbitrii</strong></span> <span class='ocrx_word' id='word_1_427' title='bbox 1646 5222 1852 5290; x_wconf 84' lang='lat' dir='ltr'><strong>fecerit,</strong></span> <span class='ocrx_word' id='word_1_428' title='bbox 1880 5234 1936 5280; x_wconf 91' lang='lat' dir='ltr'><strong>et</strong></span> 
     </span>
    </p>
   </div>
   <div class='ocr_carea' id='block_1_56' title="bbox 345 5307 1936 5381">
    <p class='ocr_par' dir='ltr' id='par_1_56' title="bbox 345 5307 1936 5381">
     <span class='ocr_line' id='line_1_57' title="bbox 345 5307 1936 5381; baseline 0.004 -18"><span class='ocrx_word' id='word_1_429' title='bbox 345 5310 486 5364; x_wconf 88' lang='lat' dir='ltr'><strong>sicut</strong></span> <span class='ocrx_word' id='word_1_430' title='bbox 541 5311 587 5365; x_wconf 92' lang='lat' dir='ltr'><strong>si</strong></span> <span class='ocrx_word' id='word_1_431' title='bbox 667 5307 885 5363; x_wconf 90' lang='lat' dir='ltr'><strong>desides</strong></span> <span class='ocrx_word' id='word_1_432' title='bbox 952 5309 1121 5364; x_wconf 89' lang='lat' dir='ltr'><strong>simus</strong></span> <span class='ocrx_word' id='word_1_433' title='bbox 1205 5310 1652 5381; x_wconf 87' lang='lat' dir='ltr'><strong>supplantamur,</strong></span> <span class='ocrx_word' id='word_1_434' title='bbox 1728 5314 1800 5369; x_wconf 91' lang='lat' dir='ltr'><strong>ita</strong></span> <span class='ocrx_word' id='word_1_435' title='bbox 1881 5323 1936 5371; x_wconf 90' lang='lat' dir='ltr'><strong>et</strong></span> 
     </span>
    </p>
   </div>
   <div class='ocr_carea' id='block_1_57' title="bbox 343 5399 1937 5475">
    <p class='ocr_par' dir='ltr' id='par_1_57' title="bbox 343 5399 1937 5475">
     <span class='ocr_line' id='line_1_58' title="bbox 343 5399 1937 5475; baseline 0.003 -20"><span class='ocrx_word' id='word_1_436' title='bbox 343 5402 388 5455; x_wconf 92' lang='lat' dir='ltr'><strong>si</strong></span> <span class='ocrx_word' id='word_1_437' title='bbox 415 5402 601 5471; x_wconf 82' lang='lat' dir='ltr'><strong>vigiles</strong></span> <span class='ocrx_word' id='word_1_438' title='bbox 626 5415 745 5457; x_wconf 88' lang='lat' dir='ltr'><strong>esse</strong></span> <span class='ocrx_word' id='word_1_439' title='bbox 781 5399 1131 5468; x_wconf 88' lang='lat' dir='ltr'><strong>voluerimus,</strong></span> <span class='ocrx_word' id='word_1_440' title='bbox 1157 5410 1474 5457; x_wconf 90' lang='lat' dir='ltr'><strong>eontuemur</strong></span> <span class='ocrx_word' id='word_1_441' title='bbox 1512 5402 1565 5458; x_wconf 89' lang='lat' dir='ltr'><strong>id</strong></span> <span class='ocrx_word' id='word_1_442' title='bbox 1615 5404 1754 5474; x_wconf 89' lang='lat' dir='ltr'><strong>quod</strong></span> <span class='ocrx_word' id='word_1_443' title='bbox 1778 5419 1937 5475; x_wconf 90' lang='lat' dir='ltr'><strong>opor-</strong></span> 
     </span>
    </p>
   </div>
   <div class='ocr_carea' id='block_1_58' title="bbox 347 5489 1936 5560">
    <p class='ocr_par' dir='ltr' id='par_1_58' title="bbox 347 5489 1936 5560">
     <span class='ocr_line' id='line_1_59' title="bbox 347 5489 1936 5560; baseline 0.003 -14"><span class='ocrx_word' id='word_1_444' title='bbox 347 5491 460 5546; x_wconf 85' lang='lat' dir='ltr'><strong>tet?</strong></span> <span class='ocrx_word' id='word_1_445' title='bbox 485 5491 618 5560; x_wconf 83' lang='lat' dir='ltr'><strong>Quis</strong></span> <span class='ocrx_word' id='word_1_446' title='bbox 636 5492 776 5547; x_wconf 92' lang='lat' dir='ltr'><strong>enim</strong></span> <span class='ocrx_word' id='word_1_447' title='bbox 806 5493 986 5558; x_wconf 91' lang='lat' dir='ltr'><strong>istum,</strong></span> <span class='ocrx_word' id='word_1_448' title='bbox 1027 5489 1133 5557; x_wconf 87' lang='lat' dir='ltr'><strong>die,</strong></span> <span class='ocrx_word' id='word_1_449' title='bbox 1175 5492 1417 5560; x_wconf 90' lang='lat' dir='ltr'><strong>obsecro,</strong></span> <span class='ocrx_word' id='word_1_450' title='bbox 1445 5491 1514 5548; x_wconf 93' lang='lat' dir='ltr'><strong>ad</strong></span> <span class='ocrx_word' id='word_1_451' title='bbox 1534 5493 1692 5548; x_wconf 90' lang='lat' dir='ltr'><strong>talem</strong></span> <span class='ocrx_word' id='word_1_452' title='bbox 1730 5495 1936 5550; x_wconf 81' lang='lat' dir='ltr'><strong>confes-</strong></span> 
     </span>
    </p>
   </div>
   <div class='ocr_carea' id='block_1_59' title="bbox 346 5581 1931 5652">
    <p class='ocr_par' dir='ltr' id='par_1_59' title="bbox 346 5581 1931 5652">
     <span class='ocr_line' id='line_1_60' title="bbox 346 5581 1931 5652; baseline 0.003 -17"><span class='ocrx_word' id='word_1_453' title='bbox 346 5583 554 5636; x_wconf 87' lang='lat' dir='ltr'><strong>sionem</strong></span> <span class='ocrx_word' id='word_1_454' title='bbox 579 5581 791 5652; x_wconf 79' lang='lat' dir='ltr'><strong>adegit?</strong></span> <span class='ocrx_word' id='word_1_455' title='bbox 815 5582 1001 5638; x_wconf 88' lang='lat' dir='ltr'><strong>Nullus</strong></span> <span class='ocrx_word' id='word_1_456' title='bbox 1022 5581 1157 5637; x_wconf 89' lang='lat' dir='ltr'><strong>alius</strong></span> <span class='ocrx_word' id='word_1_457' title='bbox 1184 5596 1342 5652; x_wconf 90' lang='lat' dir='ltr'><strong>quam</strong></span> <span class='ocrx_word' id='word_1_458' title='bbox 1363 5582 1710 5651; x_wconf 88' lang='lat' dir='ltr'><strong>conscientia,</strong></span> <span class='ocrx_word' id='word_1_459' title='bbox 1759 5584 1931 5640; x_wconf 87' lang='lat' dir='ltr'><strong>ineor-</strong></span> 
     </span>
    </p>
   </div>
   <div class='ocr_carea' id='block_1_60' title="bbox 347 5671 1931 5746">
    <p class='ocr_par' dir='ltr' id='par_1_60' title="bbox 347 5671 1931 5746">
     <span class='ocr_line' id='line_1_61' title="bbox 347 5671 1931 5746; baseline 0.002 -18"><span class='ocrx_word' id='word_1_460' title='bbox 347 5684 533 5745; x_wconf 87' lang='lat' dir='ltr'><strong>ruptus</strong></span> <span class='ocrx_word' id='word_1_461' title='bbox 571 5671 661 5728; x_wconf 83' lang='lat' dir='ltr'><strong>ille</strong></span> <span class='ocrx_word' id='word_1_462' title='bbox 685 5673 869 5746; x_wconf 75' lang='lat' dir='ltr'><strong>iudex.</strong></span> <span class='ocrx_word' id='word_1_463' title='bbox 900 5674 1033 5742; x_wconf 77' lang='lat' dir='ltr'><strong>Quia</strong></span> <span class='ocrx_word' id='word_1_464' title='bbox 1062 5672 1205 5730; x_wconf 91' lang='lat' dir='ltr'><strong>enim</strong></span> <span class='ocrx_word' id='word_1_465' title='bbox 1234 5688 1298 5728; x_wconf 83' lang='lat' dir='ltr'><strong>ex</strong></span> <span class='ocrx_word' id='word_1_466' title='bbox 1320 5672 1520 5732; x_wconf 86' lang='lat' dir='ltr'><strong>desidia</strong></span> <span class='ocrx_word' id='word_1_467' title='bbox 1560 5672 1613 5730; x_wconf 91' lang='lat' dir='ltr'><strong>in</strong></span> <span class='ocrx_word' id='word_1_468' title='bbox 1656 5683 1931 5746; x_wconf 86' lang='lat' dir='ltr'><strong>peccatum</strong></span> 
     </span>
    </p>
   </div>
   <div class='ocr_carea' id='block_1_61' title="bbox 1467 268 2539 327">
    <p class='ocr_par' dir='ltr' id='par_1_61' title="bbox 1467 268 2539 327">
     <span class='ocr_line' id='line_1_62' title="bbox 1467 268 2539 327; baseline 0.001 -3"><span class='ocrx_word' id='word_1_469' title='bbox 1467 269 1530 325; x_wconf 85' lang='lat' dir='ltr'><strong>IN</strong></span> <span class='ocrx_word' id='word_1_470' title='bbox 1568 270 1720 326; x_wconf 73' lang='lat' dir='ltr'><strong>CAP.</strong></span> <span class='ocrx_word' id='word_1_471' title='bbox 1755 269 1840 326; x_wconf 79' lang='lat' dir='ltr'><strong>IV.</strong></span> <span class='ocrx_word' id='word_1_472' title='bbox 1882 268 2120 326; x_wconf 70' lang='lat' dir='ltr'><strong>GENES.</strong></span> <span class='ocrx_word' id='word_1_473' title='bbox 2152 269 2380 325; x_wconf 65' lang='lat' dir='ltr'><strong>llOSllL.</strong></span> <span class='ocrx_word' id='word_1_474' title='bbox 2422 270 2539 327; x_wconf 81' lang='lat' dir='ltr'><strong>XX.</strong></span> 
     </span>
    </p>
   </div>
   <div class='ocr_carea' id='block_1_62' title="bbox 3538 286 3641 340">
    <p class='ocr_par' dir='ltr' id='par_1_62' title="bbox 3538 286 3641 340">
     <span class='ocr_line' id='line_1_63' title="bbox 3538 286 3641 340; baseline -0.01 0"><span class='ocrx_word' id='word_1_475' title='bbox 3538 286 3641 340; x_wconf 73' lang='grc'><strong>170</strong></span> 
     </span>
    </p>
   </div>
   <div class='ocr_carea' id='block_1_63' title="bbox 2056 383 3640 457">
    <p class='ocr_par' dir='ltr' id='par_1_63' title="bbox 2056 383 3640 457">
     <span class='ocr_line' id='line_1_64' title="bbox 2056 383 3640 457; baseline 0.008 -20"><span class='ocrx_word' id='word_1_476' title='bbox 2056 383 2430 449; x_wconf 87' lang='lat' dir='ltr'><strong>declinaverat,</strong></span> <span class='ocrx_word' id='word_1_477' title='bbox 2474 392 2528 440; x_wconf 91' lang='lat' dir='ltr'><strong>et</strong></span> <span class='ocrx_word' id='word_1_478' title='bbox 2564 385 2739 441; x_wconf 85' lang='lat' dir='ltr'><strong>scelus</strong></span> <span class='ocrx_word' id='word_1_479' title='bbox 2771 400 2931 457; x_wconf 88' lang='lat' dir='ltr'><strong>opere</strong></span> <span class='ocrx_word' id='word_1_480' title='bbox 2975 386 3269 457; x_wconf 87' lang='lat' dir='ltr'><strong>perfecerat</strong></span> <span class='ocrx_word' id='word_1_481' title='bbox 3298 409 3314 447; x_wconf 92' lang='lat'><strong>:</strong></span> <span class='ocrx_word' id='word_1_482' title='bbox 3347 394 3526 449; x_wconf 86' lang='lat' dir='ltr'><strong>statim</strong></span> <span class='ocrx_word' id='word_1_483' title='bbox 3560 397 3640 450; x_wconf 56' lang='lat' dir='ltr'><strong>in-</strong></span> 
     </span>
    </p>
   </div>
   <div class='ocr_carea' id='block_1_64' title="bbox 2054 476 3641 556">
    <p class='ocr_par' dir='ltr' id='par_1_64' title="bbox 2054 476 3641 556">
     <span class='ocr_line' id='line_1_65' title="bbox 2054 476 3641 556; baseline 0.008 -26"><span class='ocrx_word' id='word_1_484' title='bbox 2054 476 2286 531; x_wconf 79' lang='lat' dir='ltr'><strong>surrexit</strong></span> <span class='ocrx_word' id='word_1_485' title='bbox 2309 477 2655 542; x_wconf 90' lang='lat' dir='ltr'><strong>conscientia,</strong></span> <span class='ocrx_word' id='word_1_486' title='bbox 2689 478 3000 544; x_wconf 85' lang='lat' dir='ltr'><strong>inclamans,</strong></span> <span class='ocrx_word' id='word_1_487' title='bbox 3030 490 3189 553; x_wconf 88' lang='lat' dir='ltr'><strong>atque</strong></span> <span class='ocrx_word' id='word_1_488' title='bbox 3205 484 3492 542; x_wconf 89' lang='lat' dir='ltr'><strong>ostendens</strong></span> <span class='ocrx_word' id='word_1_489' title='bbox 3517 501 3641 556; x_wconf 87' lang='lat' dir='ltr'><strong>pec-</strong></span> 
     </span>
    </p>
   </div>
   <div class='ocr_carea' id='block_1_65' title="bbox 2054 568 3641 646">
    <p class='ocr_par' dir='ltr' id='par_1_65' title="bbox 2054 568 3641 646">
     <span class='ocr_line' id='line_1_66' title="bbox 2054 568 3641 646; baseline 0.009 -25"><span class='ocrx_word' id='word_1_490' title='bbox 2054 577 2292 622; x_wconf 88' lang='lat' dir='ltr'><strong>catorum</strong></span> <span class='ocrx_word' id='word_1_491' title='bbox 2314 568 2752 636; x_wconf 85' lang='lat' dir='ltr'><strong>magnitudinem,</strong></span> <span class='ocrx_word' id='word_1_492' title='bbox 2784 579 2839 625; x_wconf 94' lang='lat' dir='ltr'><strong>et</strong></span> <span class='ocrx_word' id='word_1_493' title='bbox 2861 572 3072 641; x_wconf 89' lang='lat' dir='ltr'><strong>quantis</strong></span> <span class='ocrx_word' id='word_1_494' title='bbox 3091 573 3322 646; x_wconf 90' lang='lat' dir='ltr'><strong>seipsum</strong></span> <span class='ocrx_word' id='word_1_495' title='bbox 3350 576 3521 645; x_wconf 57' lang='lat' dir='ltr'><strong>poenis</strong></span> <span class='ocrx_word' id='word_1_496' title='bbox 3545 580 3641 635; x_wconf 79' lang='lat' dir='ltr'><strong>ob-</strong></span> 
     </span>
    </p>
   </div>
   <div class='ocr_carea' id='block_1_66' title="bbox 2056 657 3640 734">
    <p class='ocr_par' dir='ltr' id='par_1_66' title="bbox 2056 657 3640 734">
     <span class='ocr_line' id='line_1_67' title="bbox 2056 657 3640 734; baseline 0.009 -24"><span class='ocrx_word' id='word_1_497' title='bbox 2056 658 2271 711; x_wconf 87' lang='lat' dir='ltr'><strong>noxium</strong></span> <span class='ocrx_word' id='word_1_498' title='bbox 2312 657 2658 714; x_wconf 90' lang='lat' dir='ltr'><strong>reddidisset.</strong></span> <span class='ocrx_word' id='word_1_499' title='bbox 2683 660 2755 715; x_wconf 88' lang='lat' dir='ltr'><strong>ita</strong></span> <span class='ocrx_word' id='word_1_500' title='bbox 2785 660 2925 716; x_wconf 91' lang='lat' dir='ltr'><strong>enim</strong></span> <span class='ocrx_word' id='word_1_501' title='bbox 2955 676 3014 716; x_wconf 85' lang='lat' dir='ltr'><strong>se</strong></span> <span class='ocrx_word' id='word_1_502' title='bbox 3051 661 3211 718; x_wconf 87' lang='lat' dir='ltr'><strong>habet</strong></span> <span class='ocrx_word' id='word_1_503' title='bbox 3245 676 3541 734; x_wconf 89' lang='lat' dir='ltr'><strong>peccatum,</strong></span> <span class='ocrx_word' id='word_1_504' title='bbox 3579 679 3640 725; x_wconf 90' lang='lat' dir='ltr'><strong>ut</strong></span> 
     </span>
    </p>
   </div>
   <div class='ocr_carea' id='block_1_67' title="bbox 2054 746 3639 821">
    <p class='ocr_par' dir='ltr' id='par_1_67' title="bbox 2054 746 3639 821">
     <span class='ocr_line' id='line_1_68' title="bbox 2054 746 3639 821; baseline 0.01 -23"><span class='ocrx_word' id='word_1_505' title='bbox 2054 746 2355 817; x_wconf 85' lang='lat' dir='ltr'><strong>priusquam</strong></span> <span class='ocrx_word' id='word_1_506' title='bbox 2399 748 2507 813; x_wconf 85' lang='lat' dir='ltr'><strong>ï¬at,</strong></span> <span class='ocrx_word' id='word_1_507' title='bbox 2538 756 2592 802; x_wconf 83' lang='lat' dir='ltr'><strong>et</strong></span> <span class='ocrx_word' id='word_1_508' title='bbox 2639 748 2705 802; x_wconf 90' lang='lat' dir='ltr'><strong>ad</strong></span> <span class='ocrx_word' id='word_1_509' title='bbox 2731 764 2865 819; x_wconf 89' lang='lat' dir='ltr'><strong>opus</strong></span> <span class='ocrx_word' id='word_1_510' title='bbox 2911 753 3203 821; x_wconf 87' lang='lat' dir='ltr'><strong>perveniat,</strong></span> <span class='ocrx_word' id='word_1_511' title='bbox 3250 755 3639 814; x_wconf 89' lang='lat' dir='ltr'><strong>obtenebretet</strong></span> 
     </span>
    </p>
   </div>
   <div class='ocr_carea' id='block_1_68' title="bbox 2053 836 3636 908">
    <p class='ocr_par' dir='ltr' id='par_1_68' title="bbox 2053 836 3636 908">
     <span class='ocr_line' id='line_1_69' title="bbox 2053 836 3636 908; baseline 0.008 -17"><span class='ocrx_word' id='word_1_512' title='bbox 2053 836 2281 906; x_wconf 84' lang='lat' dir='ltr'><strong>decipiat</strong></span> <span class='ocrx_word' id='word_1_513' title='bbox 2325 846 2557 892; x_wconf 89' lang='lat' dir='ltr'><strong>mentem</strong></span> <span class='ocrx_word' id='word_1_514' title='bbox 2603 855 2616 890; x_wconf 90' lang='lat'><strong>:</strong></span> <span class='ocrx_word' id='word_1_515' title='bbox 2667 848 2942 908; x_wconf 86' lang='lat' dir='ltr'><strong>postquam</strong></span> <span class='ocrx_word' id='word_1_516' title='bbox 2991 853 3166 898; x_wconf 90' lang='lat' dir='ltr'><strong>autem</strong></span> <span class='ocrx_word' id='word_1_517' title='bbox 3211 858 3636 907; x_wconf 90' lang='lat' dir='ltr'><strong>consummatum</strong></span> 
     </span>
    </p>
   </div>
   <div class='ocr_carea' id='block_1_69' title="bbox 2054 924 3638 1008">
    <p class='ocr_par' dir='ltr' id='par_1_69' title="bbox 2054 924 3638 1008">
     <span class='ocr_line' id='line_1_70' title="bbox 2054 924 3638 1008; baseline 0.009 -29"><span class='ocrx_word' id='word_1_518' title='bbox 2054 924 2231 991; x_wconf 79' lang='lat' dir='ltr'><strong>fuerit,</strong></span> <span class='ocrx_word' id='word_1_519' title='bbox 2262 928 2542 982; x_wconf 86' lang='lat' dir='ltr'><strong>manifeste</strong></span> <span class='ocrx_word' id='word_1_520' title='bbox 2592 942 2742 982; x_wconf 88' lang='lat' dir='ltr'><strong>suam</strong></span> <span class='ocrx_word' id='word_1_521' title='bbox 2790 931 2944 985; x_wconf 89' lang='lat' dir='ltr'><strong>nobis</strong></span> <span class='ocrx_word' id='word_1_522' title='bbox 2969 931 3350 990; x_wconf 89' lang='lat' dir='ltr'><strong>absurditatem</strong></span> <span class='ocrx_word' id='word_1_523' title='bbox 3405 938 3638 1008; x_wconf 86' lang='lat' dir='ltr'><strong>proferat</strong></span> 
     </span>
    </p>
   </div>
   <div class='ocr_carea' id='block_1_70' title="bbox 2052 1018 3635 1095">
    <p class='ocr_par' dir='ltr' id='par_1_70' title="bbox 2052 1018 3635 1095">
     <span class='ocr_line' id='line_1_71' title="bbox 2052 1018 3635 1095; baseline 0.008 -23"><span class='ocrx_word' id='word_1_524' title='bbox 2052 1026 2105 1072; x_wconf 92' lang='lat' dir='ltr'><strong>et</strong></span> <span class='ocrx_word' id='word_1_525' title='bbox 2132 1018 2379 1073; x_wconf 87' lang='lat' dir='ltr'><strong>ostendat</strong></span> <span class='ocrx_word' id='word_1_526' title='bbox 2406 1035 2419 1071; x_wconf 88' lang='lat'><strong>:</strong></span> <span class='ocrx_word' id='word_1_527' title='bbox 2443 1019 2522 1073; x_wconf 87' lang='lat' dir='ltr'><strong>sic</strong></span> <span class='ocrx_word' id='word_1_528' title='bbox 2548 1019 2722 1074; x_wconf 80' lang='lat' dir='ltr'><strong>brevis</strong></span> <span class='ocrx_word' id='word_1_529' title='bbox 2749 1020 2835 1075; x_wconf 88' lang='lat' dir='ltr'><strong>illa</strong></span> <span class='ocrx_word' id='word_1_530' title='bbox 2861 1029 2916 1076; x_wconf 92' lang='lat' dir='ltr'><strong>et</strong></span> <span class='ocrx_word' id='word_1_531' title='bbox 2943 1023 3172 1078; x_wconf 90' lang='lat' dir='ltr'><strong>absurda</strong></span> <span class='ocrx_word' id='word_1_532' title='bbox 3199 1025 3441 1095; x_wconf 84' lang='lat' dir='ltr'><strong>voluptas</strong></span> <span class='ocrx_word' id='word_1_533' title='bbox 3462 1031 3635 1084; x_wconf 84' lang='lat' dir='ltr'><strong>conti-</strong></span> 
     </span>
    </p>
   </div>
   <div class='ocr_carea' id='block_1_71' title="bbox 2052 1109 3636 1188">
    <p class='ocr_par' dir='ltr' id='par_1_71' title="bbox 2052 1109 3636 1188">
     <span class='ocr_line' id='line_1_72' title="bbox 2052 1109 3636 1188; baseline 0.007 -25"><span class='ocrx_word' id='word_1_534' title='bbox 2052 1124 2212 1163; x_wconf 86' lang='lat' dir='ltr'><strong>nuum</strong></span> <span class='ocrx_word' id='word_1_535' title='bbox 2244 1110 2408 1164; x_wconf 91' lang='lat' dir='ltr'><strong>menti</strong></span> <span class='ocrx_word' id='word_1_536' title='bbox 2429 1109 2666 1166; x_wconf 89' lang='lat' dir='ltr'><strong>dolorem</strong></span> <span class='ocrx_word' id='word_1_537' title='bbox 2700 1111 2902 1177; x_wconf 91' lang='lat' dir='ltr'><strong>inserit,</strong></span> <span class='ocrx_word' id='word_1_538' title='bbox 2930 1114 3372 1188; x_wconf 65' lang='lat' dir='ltr'><strong>conscientiaeque</strong></span> <span class='ocrx_word' id='word_1_539' title='bbox 3392 1117 3636 1174; x_wconf 89' lang='lat' dir='ltr'><strong>fiduciam</strong></span> 
     </span>
    </p>
   </div>
   <div class='ocr_carea' id='block_1_72' title="bbox 2050 1199 3635 1278">
    <p class='ocr_par' dir='ltr' id='par_1_72' title="bbox 2050 1199 3635 1278">
     <span class='ocr_line' id='line_1_73' title="bbox 2050 1199 3635 1278; baseline 0.006 -25"><span class='ocrx_word' id='word_1_540' title='bbox 2050 1199 2241 1262; x_wconf 88' lang='lat' dir='ltr'><strong>aufert,</strong></span> <span class='ocrx_word' id='word_1_541' title='bbox 2274 1208 2431 1269; x_wconf 89' lang='lat' dir='ltr'><strong>atque</strong></span> <span class='ocrx_word' id='word_1_542' title='bbox 2457 1200 2602 1255; x_wconf 93' lang='lat' dir='ltr'><strong>illum</strong></span> <span class='ocrx_word' id='word_1_543' title='bbox 2635 1200 2724 1270; x_wconf 91' lang='lat' dir='ltr'><strong>qui</strong></span> <span class='ocrx_word' id='word_1_544' title='bbox 2769 1203 3104 1258; x_wconf 85' lang='lat' dir='ltr'><strong>succubuerit</strong></span> <span class='ocrx_word' id='word_1_545' title='bbox 3151 1204 3463 1263; x_wconf 86' lang='lat' dir='ltr'><strong>confusione</strong></span> <span class='ocrx_word' id='word_1_546' title='bbox 3514 1223 3635 1278; x_wconf 90' lang='lat' dir='ltr'><strong>per-</strong></span> 
     </span>
    </p>
   </div>
   <div class='ocr_carea' id='block_1_73' title="bbox 2051 1289 3638 1362">
    <p class='ocr_par' dir='ltr' id='par_1_73' title="bbox 2051 1289 3638 1362">
     <span class='ocr_line' id='line_1_74' title="bbox 2051 1289 3638 1362; baseline 0.007 -18"><span class='ocrx_word' id='word_1_547' title='bbox 2051 1289 2240 1344; x_wconf 90' lang='lat' dir='ltr'><strong>fundit.</strong></span> <span class='ocrx_word' id='word_1_548' title='bbox 2256 1291 2521 1361; x_wconf 86' lang='lat' dir='ltr'><strong>Benignus</strong></span> <span class='ocrx_word' id='word_1_549' title='bbox 2536 1292 2677 1346; x_wconf 89' lang='lat' dir='ltr'><strong>enim</strong></span> <span class='ocrx_word' id='word_1_550' title='bbox 2694 1292 2831 1347; x_wconf 89' lang='lat' dir='ltr'><strong>Deus</strong></span> <span class='ocrx_word' id='word_1_551' title='bbox 2848 1292 3174 1362; x_wconf 91' lang='lat' dir='ltr'><strong>ejuscemodi</strong></span> <span class='ocrx_word' id='word_1_552' title='bbox 3195 1297 3346 1352; x_wconf 87' lang='lat' dir='ltr'><strong>nobis</strong></span> <span class='ocrx_word' id='word_1_553' title='bbox 3365 1310 3638 1355; x_wconf 90' lang='lat' dir='ltr'><strong>accusato-</strong></span> 
     </span>
    </p>
   </div>
   <div class='ocr_carea' id='block_1_74' title="bbox 2052 1381 3636 1456">
    <p class='ocr_par' dir='ltr' id='par_1_74' title="bbox 2052 1381 3636 1456">
     <span class='ocr_line' id='line_1_75' title="bbox 2052 1381 3636 1456; baseline 0.008 -23"><span class='ocrx_word' id='word_1_554' title='bbox 2052 1395 2165 1434; x_wconf 90' lang='lat' dir='ltr'><strong>rem</strong></span> <span class='ocrx_word' id='word_1_555' title='bbox 2214 1381 2464 1436; x_wconf 89' lang='lat' dir='ltr'><strong>assistere</strong></span> <span class='ocrx_word' id='word_1_556' title='bbox 2489 1381 2675 1448; x_wconf 88' lang='lat' dir='ltr'><strong>voluit,</strong></span> <span class='ocrx_word' id='word_1_557' title='bbox 2708 1383 2795 1453; x_wconf 91' lang='lat' dir='ltr'><strong>qui</strong></span> <span class='ocrx_word' id='word_1_558' title='bbox 2828 1398 3112 1455; x_wconf 90' lang='lat' dir='ltr'><strong>numquam</strong></span> <span class='ocrx_word' id='word_1_559' title='bbox 3140 1386 3400 1456; x_wconf 86' lang='lat' dir='ltr'><strong>quiescat,</strong></span> <span class='ocrx_word' id='word_1_560' title='bbox 3431 1389 3523 1444; x_wconf 90' lang='lat' dir='ltr'><strong>sed</strong></span> <span class='ocrx_word' id='word_1_561' title='bbox 3550 1391 3636 1446; x_wconf 84' lang='lat' dir='ltr'><strong>in-</strong></span> 
     </span>
    </p>
   </div>
   <div class='ocr_carea' id='block_1_75' title="bbox 2049 1470 3640 1555">
    <p class='ocr_par' dir='ltr' id='par_1_75' title="bbox 2049 1470 3640 1555">
     <span class='ocr_line' id='line_1_76' title="bbox 2049 1470 3640 1555; baseline 0.01 -30"><span class='ocrx_word' id='word_1_562' title='bbox 2049 1470 2358 1526; x_wconf 82' lang='lat' dir='ltr'><strong>desinenter</strong></span> <span class='ocrx_word' id='word_1_563' title='bbox 2396 1472 2487 1526; x_wconf 89' lang='lat' dir='ltr'><strong>ille</strong></span> <span class='ocrx_word' id='word_1_564' title='bbox 2514 1474 2869 1544; x_wconf 87' lang='lat' dir='ltr'><strong>congrediens</strong></span> <span class='ocrx_word' id='word_1_565' title='bbox 2895 1476 3106 1542; x_wconf 89' lang='lat' dir='ltr'><strong>clamet,</strong></span> <span class='ocrx_word' id='word_1_566' title='bbox 3130 1487 3183 1532; x_wconf 92' lang='lat' dir='ltr'><strong>ct</strong></span> <span class='ocrx_word' id='word_1_567' title='bbox 3209 1493 3420 1549; x_wconf 68' lang='lat' dir='ltr'><strong>poenam</strong></span> <span class='ocrx_word' id='word_1_568' title='bbox 3464 1484 3640 1555; x_wconf 79' lang='lat' dir='ltr'><strong>exigat</strong></span> 
     </span>
    </p>
   </div>
   <div class='ocr_carea' id='block_1_76' title="bbox 2049 1562 3638 1639">
    <p class='ocr_par' dir='ltr' id='par_1_76' title="bbox 2049 1562 3638 1639">
     <span class='ocr_line' id='line_1_77' title="bbox 2049 1562 3638 1639; baseline 0.01 -22"><span class='ocrx_word' id='word_1_569' title='bbox 2049 1562 2385 1620; x_wconf 77' lang='lat' dir='ltr'><strong>delictorum.</strong></span> <span class='ocrx_word' id='word_1_570' title='bbox 2418 1566 2486 1621; x_wconf 87' lang='lat' dir='ltr'><strong>Et</strong></span> <span class='ocrx_word' id='word_1_571' title='bbox 2534 1566 2638 1622; x_wconf 91' lang='lat' dir='ltr'><strong>hoc</strong></span> <span class='ocrx_word' id='word_1_572' title='bbox 2683 1569 2801 1639; x_wconf 91' lang='lat' dir='ltr'><strong>quis</strong></span> <span class='ocrx_word' id='word_1_573' title='bbox 2826 1569 3018 1625; x_wconf 89' lang='lat' dir='ltr'><strong>viderit</strong></span> <span class='ocrx_word' id='word_1_574' title='bbox 3061 1571 3344 1630; x_wconf 88' lang='lat' dir='ltr'><strong>manifeste</strong></span> <span class='ocrx_word' id='word_1_575' title='bbox 3379 1592 3447 1631; x_wconf 89' lang='lat' dir='ltr'><strong>ex</strong></span> <span class='ocrx_word' id='word_1_576' title='bbox 3483 1575 3638 1633; x_wconf 86' lang='lat' dir='ltr'><strong>factis</strong></span> 
     </span>
    </p>
   </div>
   <div class='ocr_carea' id='block_1_77' title="bbox 2051 1654 3639 1733">
    <p class='ocr_par' dir='ltr' id='par_1_77' title="bbox 2051 1654 3639 1733">
     <span class='ocr_line' id='line_1_78' title="bbox 2051 1654 3639 1733; baseline 0.01 -26"><span class='ocrx_word' id='word_1_577' title='bbox 2051 1654 2197 1725; x_wconf 89' lang='lat' dir='ltr'><strong>ipsis.</strong></span> <span class='ocrx_word' id='word_1_578' title='bbox 2244 1655 2520 1712; x_wconf 86' lang='lat' dir='ltr'><strong>Scortator</strong></span> <span class='ocrx_word' id='word_1_579' title='bbox 2542 1658 2706 1726; x_wconf 90' lang='lat' dir='ltr'><strong>enim,</strong></span> <span class='ocrx_word' id='word_1_580' title='bbox 2739 1659 2822 1714; x_wconf 85' lang='lat' dir='ltr'><strong>vel</strong></span> <span class='ocrx_word' id='word_1_581' title='bbox 2851 1660 3083 1728; x_wconf 88' lang='lat' dir='ltr'><strong>adulter,</strong></span> <span class='ocrx_word' id='word_1_582' title='bbox 3110 1663 3190 1717; x_wconf 86' lang='lat' dir='ltr'><strong>vel</strong></span> <span class='ocrx_word' id='word_1_583' title='bbox 3220 1664 3313 1733; x_wconf 91' lang='lat' dir='ltr'><strong>qui</strong></span> <span class='ocrx_word' id='word_1_584' title='bbox 3356 1666 3499 1721; x_wconf 92' lang='lat' dir='ltr'><strong>aliud</strong></span> <span class='ocrx_word' id='word_1_585' title='bbox 3533 1668 3639 1723; x_wconf 87' lang='lat' dir='ltr'><strong>tale</strong></span> 
     </span>
    </p>
   </div>
   <div class='ocr_carea' id='block_1_78' title="bbox 2049 1745 3636 1832">
    <p class='ocr_par' dir='ltr' id='par_1_78' title="bbox 2049 1745 3636 1832">
     <span class='ocr_line' id='line_1_79' title="bbox 2049 1745 3636 1832; baseline 0.009 -34"><span class='ocrx_word' id='word_1_586' title='bbox 2049 1745 2301 1815; x_wconf 87' lang='lat' dir='ltr'><strong>quiddam</strong></span> <span class='ocrx_word' id='word_1_587' title='bbox 2332 1747 2568 1815; x_wconf 86' lang='lat' dir='ltr'><strong>admisit,</strong></span> <span class='ocrx_word' id='word_1_588' title='bbox 2597 1749 2756 1832; x_wconf 62' lang='lat' dir='ltr'><strong>etiam</strong></span> <span class='ocrx_word' id='word_1_589' title='bbox 2783 1749 2827 1803; x_wconf 90' lang='lat' dir='ltr'><strong>si</strong></span> <span class='ocrx_word' id='word_1_590' title='bbox 2857 1766 3045 1806; x_wconf 91' lang='lat' dir='ltr'><strong>omnes</strong></span> <span class='ocrx_word' id='word_1_591' title='bbox 3071 1750 3240 1808; x_wconf 88' lang='lat' dir='ltr'><strong>latere</strong></span> <span class='ocrx_word' id='word_1_592' title='bbox 3264 1764 3445 1824; x_wconf 86' lang='lat' dir='ltr'><strong>queat,</strong></span> <span class='ocrx_word' id='word_1_593' title='bbox 3476 1773 3636 1812; x_wconf 88' lang='lat' dir='ltr'><strong>num-</strong></span> 
     </span>
    </p>
   </div>
   <div class='ocr_carea' id='block_1_79' title="bbox 2049 1837 3638 1911">
    <p class='ocr_par' dir='ltr' id='par_1_79' title="bbox 2049 1837 3638 1911">
     <span class='ocr_line' id='line_1_80' title="bbox 2049 1837 3638 1911; baseline 0.009 -23"><span class='ocrx_word' id='word_1_594' title='bbox 2049 1851 2205 1904; x_wconf 85' lang='lat' dir='ltr'><strong>quam</strong></span> <span class='ocrx_word' id='word_1_595' title='bbox 2253 1844 2429 1891; x_wconf 88' lang='lat' dir='ltr'><strong>tamen</strong></span> <span class='ocrx_word' id='word_1_596' title='bbox 2459 1837 2537 1892; x_wconf 88' lang='lat' dir='ltr'><strong>sic</strong></span> <span class='ocrx_word' id='word_1_597' title='bbox 2580 1838 2631 1892; x_wconf 93' lang='lat' dir='ltr'><strong>in</strong></span> <span class='ocrx_word' id='word_1_598' title='bbox 2675 1840 3055 1910; x_wconf 90' lang='lat' dir='ltr'><strong>tranquillitate</strong></span> <span class='ocrx_word' id='word_1_599' title='bbox 3095 1843 3264 1911; x_wconf 86' lang='lat' dir='ltr'><strong>vivit;</strong></span> <span class='ocrx_word' id='word_1_600' title='bbox 3311 1846 3403 1900; x_wconf 90' lang='lat' dir='ltr'><strong>sed</strong></span> <span class='ocrx_word' id='word_1_601' title='bbox 3436 1846 3638 1902; x_wconf 89' lang='lat' dir='ltr'><strong>habens</strong></span> 
     </span>
    </p>
   </div>
   <div class='ocr_carea' id='block_1_80' title="bbox 2049 1928 3638 2002">
    <p class='ocr_par' dir='ltr' id='par_1_80' title="bbox 2049 1928 3638 2002">
     <span class='ocr_line' id='line_1_81' title="bbox 2049 1928 3638 2002; baseline 0.008 -22"><span class='ocrx_word' id='word_1_602' title='bbox 2049 1942 2228 1981; x_wconf 86' lang='lat' dir='ltr'><strong>acrem</strong></span> <span class='ocrx_word' id='word_1_603' title='bbox 2258 1928 2407 1984; x_wconf 92' lang='lat' dir='ltr'><strong>illum</strong></span> <span class='ocrx_word' id='word_1_604' title='bbox 2427 1938 2788 1985; x_wconf 88' lang='lat' dir='ltr'><strong>accusatorem</strong></span> <span class='ocrx_word' id='word_1_605' title='bbox 2816 1972 2830 1997; x_wconf 92' lang='lat'><strong>,</strong></span> <span class='ocrx_word' id='word_1_606' title='bbox 2866 1932 3198 2002; x_wconf 89' lang='lat' dir='ltr'><strong>suspiciones</strong></span> <span class='ocrx_word' id='word_1_607' title='bbox 3221 1935 3389 2002; x_wconf 89' lang='lat' dir='ltr'><strong>timet,</strong></span> <span class='ocrx_word' id='word_1_608' title='bbox 3417 1936 3638 1993; x_wconf 86' lang='lat' dir='ltr'><strong>umbras</strong></span> 
     </span>
    </p>
   </div>
   <div class='ocr_carea' id='block_1_81' title="bbox 2050 2019 3637 2096">
    <p class='ocr_par' dir='ltr' id='par_1_81' title="bbox 2050 2019 3637 2096">
     <span class='ocr_line' id='line_1_82' title="bbox 2050 2019 3637 2096; baseline 0.008 -26"><span class='ocrx_word' id='word_1_609' title='bbox 2050 2019 2327 2078; x_wconf 86' lang='lat' dir='ltr'><strong>tremiscit.</strong></span> <span class='ocrx_word' id='word_1_610' title='bbox 2379 2028 2433 2074; x_wconf 91' lang='lat' dir='ltr'><strong>et</strong></span> <span class='ocrx_word' id='word_1_611' title='bbox 2472 2035 2567 2075; x_wconf 90' lang='lat' dir='ltr'><strong>eos</strong></span> <span class='ocrx_word' id='word_1_612' title='bbox 2595 2022 2680 2090; x_wconf 88' lang='lat' dir='ltr'><strong>qui</strong></span> <span class='ocrx_word' id='word_1_613' title='bbox 2711 2021 2909 2076; x_wconf 89' lang='lat' dir='ltr'><strong>conscii</strong></span> <span class='ocrx_word' id='word_1_614' title='bbox 2937 2033 3078 2087; x_wconf 91' lang='lat' dir='ltr'><strong>sunt,</strong></span> <span class='ocrx_word' id='word_1_615' title='bbox 3111 2034 3166 2080; x_wconf 91' lang='lat' dir='ltr'><strong>et</strong></span> <span class='ocrx_word' id='word_1_616' title='bbox 3207 2026 3297 2096; x_wconf 91' lang='lat' dir='ltr'><strong>qui</strong></span> <span class='ocrx_word' id='word_1_617' title='bbox 3337 2042 3445 2083; x_wconf 88' lang='lat' dir='ltr'><strong>non</strong></span> <span class='ocrx_word' id='word_1_618' title='bbox 3473 2038 3637 2095; x_wconf 87' lang='lat' dir='ltr'><strong>sunt;</strong></span> 
     </span>
    </p>
   </div>
   <div class='ocr_carea' id='block_1_82' title="bbox 2048 2109 3636 2187">
    <p class='ocr_par' dir='ltr' id='par_1_82' title="bbox 2048 2109 3636 2187">
     <span class='ocr_line' id='line_1_83' title="bbox 2048 2109 3636 2187; baseline 0.008 -26"><span class='ocrx_word' id='word_1_619' title='bbox 2048 2118 2410 2179; x_wconf 86' lang='lat' dir='ltr'><strong>perpetuaque</strong></span> <span class='ocrx_word' id='word_1_620' title='bbox 2434 2109 2489 2164; x_wconf 91' lang='lat' dir='ltr'><strong>in</strong></span> <span class='ocrx_word' id='word_1_621' title='bbox 2515 2111 2697 2164; x_wconf 89' lang='lat' dir='ltr'><strong>animo</strong></span> <span class='ocrx_word' id='word_1_622' title='bbox 2728 2112 2844 2181; x_wconf 88' lang='lat' dir='ltr'><strong>ejus</strong></span> <span class='ocrx_word' id='word_1_623' title='bbox 2884 2120 3171 2183; x_wconf 90' lang='lat' dir='ltr'><strong>tempestas</strong></span> <span class='ocrx_word' id='word_1_624' title='bbox 3197 2123 3300 2183; x_wconf 89' lang='lat' dir='ltr'><strong>est,</strong></span> <span class='ocrx_word' id='word_1_625' title='bbox 3323 2125 3378 2172; x_wconf 91' lang='lat' dir='ltr'><strong>et</strong></span> <span class='ocrx_word' id='word_1_626' title='bbox 3404 2118 3636 2187; x_wconf 85' lang='lat' dir='ltr'><strong>recipro-</strong></span> 
     </span>
    </p>
   </div>
   <div class='ocr_carea' id='block_1_83' title="bbox 2048 2200 3635 2276">
    <p class='ocr_par' dir='ltr' id='par_1_83' title="bbox 2048 2200 3635 2276">
     <span class='ocr_line' id='line_1_84' title="bbox 2048 2200 3635 2276; baseline 0.008 -24"><span class='ocrx_word' id='word_1_627' title='bbox 2048 2207 2229 2255; x_wconf 86' lang='lat' dir='ltr'><strong>cantes</strong></span> <span class='ocrx_word' id='word_1_628' title='bbox 2255 2215 2319 2254; x_wconf 89' lang='lat' dir='ltr'><strong>ac</strong></span> <span class='ocrx_word' id='word_1_629' title='bbox 2356 2202 2609 2255; x_wconf 87' lang='lat' dir='ltr'><strong>contrarii</strong></span> <span class='ocrx_word' id='word_1_630' title='bbox 2636 2200 2847 2256; x_wconf 85' lang='lat' dir='ltr'><strong>fluetus.</strong></span> <span class='ocrx_word' id='word_1_631' title='bbox 2873 2203 3091 2273; x_wconf 84' lang='lat' dir='ltr'><strong>Insuper</strong></span> <span class='ocrx_word' id='word_1_632' title='bbox 3115 2221 3289 2276; x_wconf 89' lang='lat' dir='ltr'><strong>neque</strong></span> <span class='ocrx_word' id='word_1_633' title='bbox 3329 2221 3548 2264; x_wconf 90' lang='lat' dir='ltr'><strong>somnus</strong></span> <span class='ocrx_word' id='word_1_634' title='bbox 3585 2209 3635 2264; x_wconf 88' lang='lat' dir='ltr'><strong>ei</strong></span> 
     </span>
    </p>
   </div>
   <div class='ocr_carea' id='block_1_84' title="bbox 2049 2289 3636 2370">
    <p class='ocr_par' dir='ltr' id='par_1_84' title="bbox 2049 2289 3636 2370">
     <span class='ocr_line' id='line_1_85' title="bbox 2049 2289 3636 2370; baseline 0.008 -27"><span class='ocrx_word' id='word_1_635' title='bbox 2049 2289 2248 2355; x_wconf 88' lang='lat' dir='ltr'><strong>suavis,</strong></span> <span class='ocrx_word' id='word_1_636' title='bbox 2307 2289 2402 2344; x_wconf 89' lang='lat' dir='ltr'><strong>sed</strong></span> <span class='ocrx_word' id='word_1_637' title='bbox 2460 2299 2663 2346; x_wconf 89' lang='lat' dir='ltr'><strong>terrore</strong></span> <span class='ocrx_word' id='word_1_638' title='bbox 2718 2301 2770 2346; x_wconf 96' lang='lat' dir='ltr'><strong>et</strong></span> <span class='ocrx_word' id='word_1_639' title='bbox 2823 2292 3106 2349; x_wconf 89' lang='lat' dir='ltr'><strong>formidine</strong></span> <span class='ocrx_word' id='word_1_640' title='bbox 3157 2296 3347 2364; x_wconf 91' lang='lat' dir='ltr'><strong>plenus</strong></span> <span class='ocrx_word' id='word_1_641' title='bbox 3399 2316 3415 2352; x_wconf 90' lang='lat'><strong>:</strong></span> <span class='ocrx_word' id='word_1_642' title='bbox 3465 2315 3636 2370; x_wconf 84' lang='lat' dir='ltr'><strong>neque</strong></span> 
     </span>
    </p>
   </div>
   <div class='ocr_carea' id='block_1_85' title="bbox 2047 2378 3635 2458">
    <p class='ocr_par' dir='ltr' id='par_1_85' title="bbox 2047 2378 3635 2458">
     <span class='ocr_line' id='line_1_86' title="bbox 2047 2378 3635 2458; baseline 0.006 -25"><span class='ocrx_word' id='word_1_643' title='bbox 2047 2378 2196 2434; x_wconf 87' lang='lat' dir='ltr'><strong>cibus</strong></span> <span class='ocrx_word' id='word_1_644' title='bbox 2219 2378 2544 2450; x_wconf 89' lang='lat' dir='ltr'><strong>voluptatem</strong></span> <span class='ocrx_word' id='word_1_645' title='bbox 2591 2381 2811 2450; x_wconf 70' lang='lat' dir='ltr'><strong>prmbet,</strong></span> <span class='ocrx_word' id='word_1_646' title='bbox 2841 2398 3014 2453; x_wconf 89' lang='lat' dir='ltr'><strong>neque</strong></span> <span class='ocrx_word' id='word_1_647' title='bbox 3057 2385 3349 2441; x_wconf 89' lang='lat' dir='ltr'><strong>amicorum</strong></span> <span class='ocrx_word' id='word_1_648' title='bbox 3376 2389 3635 2458; x_wconf 89' lang='lat' dir='ltr'><strong>eolloquia</strong></span> 
     </span>
    </p>
   </div>
   <div class='ocr_carea' id='block_1_86' title="bbox 2051 2469 3636 2546">
    <p class='ocr_par' dir='ltr' id='par_1_86' title="bbox 2051 2469 3636 2546">
     <span class='ocr_line' id='line_1_87' title="bbox 2051 2469 3636 2546; baseline 0.009 -24"><span class='ocrx_word' id='word_1_649' title='bbox 2051 2469 2211 2524; x_wconf 88' lang='lat' dir='ltr'><strong>talem</strong></span> <span class='ocrx_word' id='word_1_650' title='bbox 2286 2471 2617 2537; x_wconf 71' lang='lat' dir='ltr'><strong>-Iefocillare,</strong></span> <span class='ocrx_word' id='word_1_651' title='bbox 2667 2472 2751 2526; x_wconf 85' lang='lat' dir='ltr'><strong>vel</strong></span> <span class='ocrx_word' id='word_1_652' title='bbox 2800 2472 3029 2529; x_wconf 89' lang='lat' dir='ltr'><strong>liberare</strong></span> <span class='ocrx_word' id='word_1_653' title='bbox 3072 2477 3142 2531; x_wconf 90' lang='lat' dir='ltr'><strong>ab</strong></span> <span class='ocrx_word' id='word_1_654' title='bbox 3184 2488 3404 2546; x_wconf 87' lang='lat' dir='ltr'><strong>urgente</strong></span> <span class='ocrx_word' id='word_1_655' title='bbox 3449 2483 3636 2537; x_wconf 86' lang='lat' dir='ltr'><strong>anxie-</strong></span> 
     </span>
    </p>
   </div>
   <div class='ocr_carea' id='block_1_87' title="bbox 2050 2561 3634 2639">
    <p class='ocr_par' dir='ltr' id='par_1_87' title="bbox 2050 2561 3634 2639">
     <span class='ocr_line' id='line_1_88' title="bbox 2050 2561 3634 2639; baseline 0.009 -27"><span class='ocrx_word' id='word_1_656' title='bbox 2050 2565 2155 2614; x_wconf 82' lang='lat' dir='ltr'><strong>tate</strong></span> <span class='ocrx_word' id='word_1_657' title='bbox 2209 2569 2472 2629; x_wconf 87' lang='lat' dir='ltr'><strong>possunt:</strong></span> <span class='ocrx_word' id='word_1_658' title='bbox 2521 2561 2614 2615; x_wconf 91' lang='lat' dir='ltr'><strong>sed</strong></span> <span class='ocrx_word' id='word_1_659' title='bbox 2666 2563 2815 2632; x_wconf 88' lang='lat' dir='ltr'><strong>quasi</strong></span> <span class='ocrx_word' id='word_1_660' title='bbox 2855 2563 3157 2621; x_wconf 85' lang='lat' dir='ltr'><strong>carnificem</strong></span> <span class='ocrx_word' id='word_1_661' title='bbox 3207 2567 3634 2639; x_wconf 76' lang='lat' dir='ltr'><strong>circumgestatet</strong></span> 
     </span>
    </p>
   </div>
   <div class='ocr_carea' id='block_1_88' title="bbox 2048 2651 3634 2729">
    <p class='ocr_par' dir='ltr' id='par_1_88' title="bbox 2048 2651 3634 2729">
     <span class='ocr_line' id='line_1_89' title="bbox 2048 2651 3634 2729; baseline 0.008 -24"><span class='ocrx_word' id='word_1_662' title='bbox 2048 2665 2108 2705; x_wconf 88' lang='lat' dir='ltr'><strong>se</strong></span> <span class='ocrx_word' id='word_1_663' title='bbox 2134 2651 2489 2707; x_wconf 91' lang='lat' dir='ltr'><strong>lancinantem</strong></span> <span class='ocrx_word' id='word_1_664' title='bbox 2527 2661 2582 2707; x_wconf 90' lang='lat' dir='ltr'><strong>et</strong></span> <span class='ocrx_word' id='word_1_665' title='bbox 2605 2652 2956 2723; x_wconf 81' lang='lat' dir='ltr'><strong>flagellantem</strong></span> <span class='ocrx_word' id='word_1_666' title='bbox 2988 2658 3274 2727; x_wconf 89' lang='lat' dir='ltr'><strong>continuo,</strong></span> <span class='ocrx_word' id='word_1_667' title='bbox 3303 2660 3374 2714; x_wconf 89' lang='lat' dir='ltr'><strong>ita</strong></span> <span class='ocrx_word' id='word_1_668' title='bbox 3402 2661 3634 2729; x_wconf 87' lang='lat' dir='ltr'><strong>postab-</strong></span> 
     </span>
    </p>
   </div>
   <div class='ocr_carea' id='block_1_89' title="bbox 2048 2742 3633 2815">
    <p class='ocr_par' dir='ltr' id='par_1_89' title="bbox 2048 2742 3633 2815">
     <span class='ocr_line' id='line_1_90' title="bbox 2048 2742 3633 2815; baseline 0.009 -21"><span class='ocrx_word' id='word_1_669' title='bbox 2048 2742 2266 2797; x_wconf 89' lang='lat' dir='ltr'><strong>surdum</strong></span> <span class='ocrx_word' id='word_1_670' title='bbox 2289 2742 2417 2797; x_wconf 91' lang='lat' dir='ltr'><strong>illud</strong></span> <span class='ocrx_word' id='word_1_671' title='bbox 2449 2745 2648 2797; x_wconf 88' lang='lat' dir='ltr'><strong>facinus</strong></span> <span class='ocrx_word' id='word_1_672' title='bbox 2669 2745 2997 2811; x_wconf 90' lang='lat' dir='ltr'><strong>obambulat,</strong></span> <span class='ocrx_word' id='word_1_673' title='bbox 3031 2747 3179 2803; x_wconf 89' lang='lat' dir='ltr'><strong>nullo</strong></span> <span class='ocrx_word' id='word_1_674' title='bbox 3220 2746 3459 2815; x_wconf 79' lang='lat' dir='ltr'><strong>censcio,</strong></span> <span class='ocrx_word' id='word_1_675' title='bbox 3508 2766 3633 2808; x_wconf 83' lang='lat' dir='ltr'><strong>sus-</strong></span> 
     </span>
    </p>
   </div>
   <div class='ocr_carea' id='block_1_90' title="bbox 2048 2833 3630 2912">
    <p class='ocr_par' dir='ltr' id='par_1_90' title="bbox 2048 2833 3630 2912">
     <span class='ocr_line' id='line_1_91' title="bbox 2048 2833 3630 2912; baseline 0.008 -25"><span class='ocrx_word' id='word_1_676' title='bbox 2048 2833 2221 2888; x_wconf 88' lang='lat' dir='ltr'><strong>tinens</strong></span> <span class='ocrx_word' id='word_1_677' title='bbox 2259 2834 2617 2891; x_wconf 86' lang='lat' dir='ltr'><strong>intolerabiles</strong></span> <span class='ocrx_word' id='word_1_678' title='bbox 2640 2850 2826 2905; x_wconf 74' lang='lat' dir='ltr'><strong>ptenas</strong></span> <span class='ocrx_word' id='word_1_679' title='bbox 2858 2836 2997 2905; x_wconf 89' lang='lat' dir='ltr'><strong>illas,</strong></span> <span class='ocrx_word' id='word_1_680' title='bbox 3046 2847 3100 2894; x_wconf 92' lang='lat' dir='ltr'><strong>et</strong></span> <span class='ocrx_word' id='word_1_681' title='bbox 3137 2838 3303 2909; x_wconf 80' lang='lat' dir='ltr'><strong>judex</strong></span> <span class='ocrx_word' id='word_1_682' title='bbox 3345 2842 3429 2898; x_wconf 89' lang='lat' dir='ltr'><strong>sui</strong></span> <span class='ocrx_word' id='word_1_683' title='bbox 3458 2842 3630 2912; x_wconf 82' lang='lat' dir='ltr'><strong>ipsius</strong></span> 
     </span>
    </p>
   </div>
   <div class='ocr_carea' id='block_1_91' title="bbox 2047 2921 3629 3009">
    <p class='ocr_par' dir='ltr' id='par_1_91' title="bbox 2047 2921 3629 3009">
     <span class='ocr_line' id='line_1_92' title="bbox 2047 2921 3629 3009; baseline 0.002 -34"><span class='ocrx_word' id='word_1_684' title='bbox 2047 2921 2218 2979; x_wconf 87' lang='lat' dir='ltr'><strong>factus</strong></span> <span class='ocrx_word' id='word_1_685' title='bbox 2234 2931 2287 2979; x_wconf 91' lang='lat' dir='ltr'><strong>et</strong></span> <span class='ocrx_word' id='word_1_686' title='bbox 2301 2932 2597 2979; x_wconf 88' lang='lat' dir='ltr'><strong>accusator.</strong></span> <span class='ocrx_word' id='word_1_687' title='bbox 3618 3000 3629 3009; x_wconf 17' lang='grc' dir='ltr'>Îº</span> 
     </span>
    </p>
   </div>
   <div class='ocr_carea' id='block_1_92' title="bbox 2119 3010 3631 3091">
    <p class='ocr_par' dir='ltr' id='par_1_92' title="bbox 2119 3010 3631 3091">
     <span class='ocr_line' id='line_1_93' title="bbox 2119 3010 3631 3091; baseline 0.009 -23"><span class='ocrx_word' id='word_1_688' title='bbox 2119 3013 2379 3088; x_wconf 78' lang='lat' dir='ltr'><strong>Confessio</strong></span> <span class='ocrx_word' id='word_1_689' title='bbox 2409 3026 2747 3085; x_wconf 82' lang='lat' dir='ltr'><strong>peccatorum.</strong></span> <span class='ocrx_word' id='word_1_690' title='bbox 2774 3046 2847 3058; x_wconf 89' lang='lat'><strong><em>â€”</em></strong></span> <span class='ocrx_word' id='word_1_691' title='bbox 2871 3018 3120 3075; x_wconf 82' lang='lat' dir='ltr'><strong>Attamen</strong></span> <span class='ocrx_word' id='word_1_692' title='bbox 3142 3018 3231 3087; x_wconf 84' lang='lat' dir='ltr'><strong>qui</strong></span> <span class='ocrx_word' id='word_1_693' title='bbox 3260 3020 3378 3077; x_wconf 75' lang='lat' dir='ltr'><strong>hmo</strong></span> <span class='ocrx_word' id='word_1_694' title='bbox 3414 3021 3557 3091; x_wconf 87' lang='lat' dir='ltr'><strong>fecit,</strong></span> <span class='ocrx_word' id='word_1_695' title='bbox 3587 3010 3631 3081; x_wconf 88' lang='lat' dir='ltr'><strong>si</strong></span> 
     </span>
    </p>
   </div>
   <div class='ocr_carea' id='block_1_93' title="bbox 2045 3108 3630 3182">
    <p class='ocr_par' dir='ltr' id='par_1_93' title="bbox 2045 3108 3630 3182">
     <span class='ocr_line' id='line_1_94' title="bbox 2045 3108 3630 3182; baseline 0.006 -19"><span class='ocrx_word' id='word_1_696' title='bbox 2045 3108 2292 3175; x_wconf 90' lang='lat' dir='ltr'><strong>voluerit,</strong></span> <span class='ocrx_word' id='word_1_697' title='bbox 2322 3117 2379 3164; x_wconf 94' lang='lat' dir='ltr'><strong>ut</strong></span> <span class='ocrx_word' id='word_1_698' title='bbox 2407 3109 2579 3176; x_wconf 91' lang='lat' dir='ltr'><strong>decet,</strong></span> <span class='ocrx_word' id='word_1_699' title='bbox 2614 3110 2687 3164; x_wconf 92' lang='lat' dir='ltr'><strong>uti</strong></span> <span class='ocrx_word' id='word_1_700' title='bbox 2716 3111 3056 3166; x_wconf 68' lang='lat' dir='ltr'><strong>conscientiae</strong></span> <span class='ocrx_word' id='word_1_701' title='bbox 3082 3112 3410 3182; x_wconf 89' lang='lat' dir='ltr'><strong>adjumento,</strong></span> <span class='ocrx_word' id='word_1_702' title='bbox 3465 3125 3519 3171; x_wconf 91' lang='lat' dir='ltr'><strong>et</strong></span> <span class='ocrx_word' id='word_1_703' title='bbox 3562 3118 3630 3172; x_wconf 91' lang='lat' dir='ltr'><strong>ad</strong></span> 
     </span>
    </p>
   </div>
   <div class='ocr_carea' id='block_1_94' title="bbox 2045 3199 3630 3268">
    <p class='ocr_par' dir='ltr' id='par_1_94' title="bbox 2045 3199 3630 3268">
     <span class='ocr_line' id='line_1_95' title="bbox 2045 3199 3630 3268; baseline 0.004 -13"><span class='ocrx_word' id='word_1_704' title='bbox 2045 3200 2434 3256; x_wconf 89' lang='lat' dir='ltr'><strong>confessionem</strong></span> <span class='ocrx_word' id='word_1_705' title='bbox 2460 3199 2757 3256; x_wconf 88' lang='lat' dir='ltr'><strong>facinorum</strong></span> <span class='ocrx_word' id='word_1_706' title='bbox 2786 3200 3057 3268; x_wconf 85' lang='lat' dir='ltr'><strong>festinare,</strong></span> <span class='ocrx_word' id='word_1_707' title='bbox 3087 3213 3141 3258; x_wconf 93' lang='lat' dir='ltr'><strong>et</strong></span> <span class='ocrx_word' id='word_1_708' title='bbox 3169 3204 3317 3259; x_wconf 86' lang='lat' dir='ltr'><strong>ulcus</strong></span> <span class='ocrx_word' id='word_1_709' title='bbox 3349 3206 3630 3263; x_wconf 91' lang='lat' dir='ltr'><strong>ostendere</strong></span> 
     </span>
    </p>
   </div>
   <div class='ocr_carea' id='block_1_95' title="bbox 2045 3292 3630 3369">
    <p class='ocr_par' dir='ltr' id='par_1_95' title="bbox 2045 3292 3630 3369">
     <span class='ocr_line' id='line_1_96' title="bbox 2045 3292 3630 3369; baseline 0.008 -24"><span class='ocrx_word' id='word_1_710' title='bbox 2045 3292 2273 3358; x_wconf 90' lang='lat' dir='ltr'><strong>medico,</strong></span> <span class='ocrx_word' id='word_1_711' title='bbox 2306 3292 2394 3364; x_wconf 92' lang='lat' dir='ltr'><strong>qui</strong></span> <span class='ocrx_word' id='word_1_712' title='bbox 2425 3301 2575 3348; x_wconf 89' lang='lat' dir='ltr'><strong>curet</strong></span> <span class='ocrx_word' id='word_1_713' title='bbox 2616 3303 2671 3349; x_wconf 92' lang='lat' dir='ltr'><strong>et</strong></span> <span class='ocrx_word' id='word_1_714' title='bbox 2722 3309 2829 3349; x_wconf 90' lang='lat' dir='ltr'><strong>non</strong></span> <span class='ocrx_word' id='word_1_715' title='bbox 2873 3295 3176 3363; x_wconf 83' lang='lat' dir='ltr'><strong>exprobret,</strong></span> <span class='ocrx_word' id='word_1_716' title='bbox 3220 3307 3379 3369; x_wconf 91' lang='lat' dir='ltr'><strong>atque</strong></span> <span class='ocrx_word' id='word_1_717' title='bbox 3422 3300 3489 3356; x_wconf 92' lang='lat' dir='ltr'><strong>ab</strong></span> <span class='ocrx_word' id='word_1_718' title='bbox 3537 3301 3630 3357; x_wconf 92' lang='lat' dir='ltr'><strong>illo</strong></span> 
     </span>
    </p>
   </div>
   <div class='ocr_carea' id='block_1_96' title="bbox 2044 3384 3629 3458">
    <p class='ocr_par' dir='ltr' id='par_1_96' title="bbox 2044 3384 3629 3458">
     <span class='ocr_line' id='line_1_97' title="bbox 2044 3384 3629 3458; baseline 0.007 -20"><span class='ocrx_word' id='word_1_719' title='bbox 2044 3384 2279 3439; x_wconf 89' lang='lat' dir='ltr'><strong>remedia</strong></span> <span class='ocrx_word' id='word_1_720' title='bbox 2322 3389 2587 3456; x_wconf 87' lang='lat' dir='ltr'><strong>accipere,</strong></span> <span class='ocrx_word' id='word_1_721' title='bbox 2625 3401 2688 3442; x_wconf 90' lang='lat' dir='ltr'><strong>ac</strong></span> <span class='ocrx_word' id='word_1_722' title='bbox 2713 3387 2811 3443; x_wconf 83' lang='lat' dir='ltr'><strong>soli</strong></span> <span class='ocrx_word' id='word_1_723' title='bbox 2829 3388 2877 3443; x_wconf 92' lang='lat' dir='ltr'><strong>ei</strong></span> <span class='ocrx_word' id='word_1_724' title='bbox 2899 3387 3060 3458; x_wconf 84' lang='lat' dir='ltr'><strong>loqui,</strong></span> <span class='ocrx_word' id='word_1_725' title='bbox 3092 3390 3237 3445; x_wconf 87' lang='lat' dir='ltr'><strong>nullo</strong></span> <span class='ocrx_word' id='word_1_726' title='bbox 3262 3391 3370 3446; x_wconf 91' lang='lat' dir='ltr'><strong>alio</strong></span> <span class='ocrx_word' id='word_1_727' title='bbox 3392 3393 3629 3457; x_wconf 85' lang='lat' dir='ltr'><strong>conscio.</strong></span> 
     </span>
    </p>
   </div>
   <div class='ocr_carea' id='block_1_97' title="bbox 2044 3476 3626 3551">
    <p class='ocr_par' dir='ltr' id='par_1_97' title="bbox 2044 3476 3626 3551">
     <span class='ocr_line' id='line_1_98' title="bbox 2044 3476 3626 3551; baseline 0.007 -21"><span class='ocrx_word' id='word_1_728' title='bbox 2044 3484 2099 3531; x_wconf 93' lang='lat' dir='ltr'><strong>et</strong></span> <span class='ocrx_word' id='word_1_729' title='bbox 2127 3476 2309 3531; x_wconf 90' lang='lat' dir='ltr'><strong>omnia</strong></span> <span class='ocrx_word' id='word_1_730' title='bbox 2339 3477 2520 3532; x_wconf 89' lang='lat' dir='ltr'><strong>dicere</strong></span> <span class='ocrx_word' id='word_1_731' title='bbox 2546 3493 2668 3532; x_wconf 87' lang='lat' dir='ltr'><strong>cum</strong></span> <span class='ocrx_word' id='word_1_732' title='bbox 2707 3477 3001 3549; x_wconf 85' lang='lat' dir='ltr'><strong>diligentia,</strong></span> <span class='ocrx_word' id='word_1_733' title='bbox 3047 3478 3204 3537; x_wconf 90' lang='lat' dir='ltr'><strong>facile</strong></span> <span class='ocrx_word' id='word_1_734' title='bbox 3261 3494 3480 3551; x_wconf 88' lang='lat' dir='ltr'><strong>peccata</strong></span> <span class='ocrx_word' id='word_1_735' title='bbox 3531 3500 3626 3541; x_wconf 87' lang='lat' dir='ltr'><strong>sua</strong></span> 
     </span>
    </p>
   </div>
   <div class='ocr_carea' id='block_1_98' title="bbox 2045 3565 3630 3637">
    <p class='ocr_par' dir='ltr' id='par_1_98' title="bbox 2045 3565 3630 3637">
     <span class='ocr_line' id='line_1_99' title="bbox 2045 3565 3630 3637; baseline 0.005 -17"><span class='ocrx_word' id='word_1_736' title='bbox 2045 3566 2370 3622; x_wconf 77' lang='lat' dir='ltr'><strong>emendabit.</strong></span> <span class='ocrx_word' id='word_1_737' title='bbox 2399 3565 2679 3622; x_wconf 90' lang='lat' dir='ltr'><strong>Confessio</strong></span> <span class='ocrx_word' id='word_1_738' title='bbox 2698 3569 2839 3623; x_wconf 91' lang='lat' dir='ltr'><strong>enim</strong></span> <span class='ocrx_word' id='word_1_739' title='bbox 2863 3579 3201 3637; x_wconf 89' lang='lat' dir='ltr'><strong>peccatorum</strong></span> <span class='ocrx_word' id='word_1_740' title='bbox 3231 3571 3451 3627; x_wconf 86' lang='lat' dir='ltr'><strong>abolitio</strong></span> <span class='ocrx_word' id='word_1_741' title='bbox 3472 3575 3630 3628; x_wconf 86' lang='lat' dir='ltr'><strong>etiam</strong></span> 
     </span>
    </p>
   </div>
   <div class='ocr_carea' id='block_1_99' title="bbox 2045 3657 3632 3726">
    <p class='ocr_par' dir='ltr' id='par_1_99' title="bbox 2045 3657 3632 3726">
     <span class='ocr_line' id='line_1_100' title="bbox 2045 3657 3632 3726; baseline 0.004 -13"><span class='ocrx_word' id='word_1_742' title='bbox 2045 3667 2126 3713; x_wconf 91' lang='lat' dir='ltr'><strong>est</strong></span> <span class='ocrx_word' id='word_1_743' title='bbox 2148 3658 2484 3713; x_wconf 88' lang='lat' dir='ltr'><strong>delictorum.</strong></span> <span class='ocrx_word' id='word_1_744' title='bbox 2516 3657 2667 3726; x_wconf 87' lang='lat' dir='ltr'><strong>Quod</strong></span> <span class='ocrx_word' id='word_1_745' title='bbox 2698 3660 2741 3714; x_wconf 90' lang='lat' dir='ltr'><strong>si</strong></span> <span class='ocrx_word' id='word_1_746' title='bbox 2773 3659 3006 3715; x_wconf 87' lang='lat' dir='ltr'><strong>Lamech</strong></span> <span class='ocrx_word' id='word_1_747' title='bbox 3042 3660 3129 3715; x_wconf 91' lang='lat' dir='ltr'><strong>ille</strong></span> <span class='ocrx_word' id='word_1_748' title='bbox 3166 3661 3279 3716; x_wconf 83' lang='lat' dir='ltr'><strong>suis</strong></span> <span class='ocrx_word' id='word_1_749' title='bbox 3323 3664 3632 3721; x_wconf 88' lang='lat' dir='ltr'><strong>mulieribus</strong></span> 
     </span>
    </p>
   </div>
   <div class='ocr_carea' id='block_1_100' title="bbox 2044 3747 3628 3819">
    <p class='ocr_par' dir='ltr' id='par_1_100' title="bbox 2044 3747 3628 3819">
     <span class='ocr_line' id='line_1_101' title="bbox 2044 3747 3628 3819; baseline 0.004 -17"><span class='ocrx_word' id='word_1_750' title='bbox 2044 3747 2219 3802; x_wconf 83' lang='lat' dir='ltr'><strong>caedes</strong></span> <span class='ocrx_word' id='word_1_751' title='bbox 2246 3765 2274 3802; x_wconf 89' lang='lat' dir='ltr'><strong>a</strong></span> <span class='ocrx_word' id='word_1_752' title='bbox 2302 3762 2360 3802; x_wconf 92' lang='lat' dir='ltr'><strong>se</strong></span> <span class='ocrx_word' id='word_1_753' title='bbox 2382 3749 2696 3803; x_wconf 88' lang='lat' dir='ltr'><strong>commissas</strong></span> <span class='ocrx_word' id='word_1_754' title='bbox 2722 3749 3047 3819; x_wconf 83' lang='lat' dir='ltr'><strong>detegereet</strong></span> <span class='ocrx_word' id='word_1_755' title='bbox 3069 3750 3311 3806; x_wconf 91' lang='lat' dir='ltr'><strong>confiteri</strong></span> <span class='ocrx_word' id='word_1_756' title='bbox 3342 3767 3446 3807; x_wconf 87' lang='lat' dir='ltr'><strong>non</strong></span> <span class='ocrx_word' id='word_1_757' title='bbox 3482 3752 3628 3809; x_wconf 80' lang='lat' dir='ltr'><strong>refu-</strong></span> 
     </span>
    </p>
   </div>
   <div class='ocr_carea' id='block_1_101' title="bbox 2042 3837 3629 3913">
    <p class='ocr_par' dir='ltr' id='par_1_101' title="bbox 2042 3837 3629 3913">
     <span class='ocr_line' id='line_1_102' title="bbox 2042 3837 3629 3913; baseline 0.005 -22"><span class='ocrx_word' id='word_1_758' title='bbox 2042 3840 2137 3908; x_wconf 91' lang='lat' dir='ltr'><strong>git,</strong></span> <span class='ocrx_word' id='word_1_759' title='bbox 2161 3837 2303 3908; x_wconf 90' lang='lat' dir='ltr'><strong>quali</strong></span> <span class='ocrx_word' id='word_1_760' title='bbox 2330 3840 2530 3894; x_wconf 91' lang='lat' dir='ltr'><strong>erimus</strong></span> <span class='ocrx_word' id='word_1_761' title='bbox 2561 3840 2717 3894; x_wconf 86' lang='lat' dir='ltr'><strong>venia</strong></span> <span class='ocrx_word' id='word_1_762' title='bbox 2740 3839 2903 3911; x_wconf 84' lang='lat' dir='ltr'><strong>digni,</strong></span> <span class='ocrx_word' id='word_1_763' title='bbox 2936 3841 2982 3895; x_wconf 90' lang='lat' dir='ltr'><strong>si</strong></span> <span class='ocrx_word' id='word_1_764' title='bbox 3010 3842 3060 3896; x_wconf 91' lang='lat' dir='ltr'><strong>ei</strong></span> <span class='ocrx_word' id='word_1_765' title='bbox 3088 3841 3179 3913; x_wconf 91' lang='lat' dir='ltr'><strong>qui</strong></span> <span class='ocrx_word' id='word_1_766' title='bbox 3218 3843 3397 3898; x_wconf 90' lang='lat' dir='ltr'><strong>omnia</strong></span> <span class='ocrx_word' id='word_1_767' title='bbox 3449 3850 3629 3899; x_wconf 87' lang='lat' dir='ltr'><strong>nostra</strong></span> 
     </span>
    </p>
   </div>
   <div class='ocr_carea' id='block_1_102' title="bbox 2043 3931 3631 4004">
    <p class='ocr_par' dir='ltr' id='par_1_102' title="bbox 2043 3931 3631 4004">
     <span class='ocr_line' id='line_1_103' title="bbox 2043 3931 3631 4004; baseline 0.006 -22"><span class='ocrx_word' id='word_1_768' title='bbox 2043 3939 2289 3984; x_wconf 88' lang='lat' dir='ltr'><strong>accurate</strong></span> <span class='ocrx_word' id='word_1_769' title='bbox 2329 3931 2478 3985; x_wconf 80' lang='lat' dir='ltr'><strong>novit</strong></span> <span class='ocrx_word' id='word_1_770' title='bbox 2521 3931 2735 3994; x_wconf 90' lang='lat' dir='ltr'><strong>delicta,</strong></span> <span class='ocrx_word' id='word_1_771' title='bbox 2787 3932 3029 3987; x_wconf 86' lang='lat' dir='ltr'><strong>confiteri</strong></span> <span class='ocrx_word' id='word_1_772' title='bbox 3081 3944 3297 4004; x_wconf 89' lang='lat' dir='ltr'><strong>peccata</strong></span> <span class='ocrx_word' id='word_1_773' title='bbox 3349 3936 3631 3992; x_wconf 78' lang='lat' dir='ltr'><strong>nolumus?</strong></span> 
     </span>
    </p>
   </div>
   <div class='ocr_carea' id='block_1_103' title="bbox 2045 4019 3628 4098">
    <p class='ocr_par' dir='ltr' id='par_1_103' title="bbox 2045 4019 3628 4098">
     <span class='ocr_line' id='line_1_104' title="bbox 2045 4019 3628 4098; baseline 0.006 -24"><span class='ocrx_word' id='word_1_774' title='bbox 2045 4019 2182 4075; x_wconf 83' lang='lat' dir='ltr'><strong>Num</strong></span> <span class='ocrx_word' id='word_1_775' title='bbox 2222 4021 2344 4091; x_wconf 92' lang='lat' dir='ltr'><strong>quia</strong></span> <span class='ocrx_word' id='word_1_776' title='bbox 2399 4022 2623 4091; x_wconf 85' lang='lat' dir='ltr'><strong>ignorat,</strong></span> <span class='ocrx_word' id='word_1_777' title='bbox 2678 4022 2888 4078; x_wconf 89' lang='lat' dir='ltr'><strong>discere</strong></span> <span class='ocrx_word' id='word_1_778' title='bbox 2916 4023 3070 4079; x_wconf 73' lang='lat' dir='ltr'><strong>vult?</strong></span> <span class='ocrx_word' id='word_1_779' title='bbox 3110 4023 3453 4097; x_wconf 88' lang='lat' dir='ltr'><strong>Nequaquam</strong></span> <span class='ocrx_word' id='word_1_780' title='bbox 3504 4028 3628 4098; x_wconf 90' lang='lat' dir='ltr'><strong>quia</strong></span> 
     </span>
    </p>
   </div>
   <div class='ocr_carea' id='block_1_104' title="bbox 2043 4112 3631 4187">
    <p class='ocr_par' dir='ltr' id='par_1_104' title="bbox 2043 4112 3631 4187">
     <span class='ocr_line' id='line_1_105' title="bbox 2043 4112 3631 4187; baseline 0.005 -21"><span class='ocrx_word' id='word_1_781' title='bbox 2043 4112 2269 4181; x_wconf 88' lang='lat' dir='ltr'><strong>ignorat,</strong></span> <span class='ocrx_word' id='word_1_782' title='bbox 2294 4112 2688 4169; x_wconf 89' lang='lat' dir='ltr'><strong>confessionem</strong></span> <span class='ocrx_word' id='word_1_783' title='bbox 2714 4129 2744 4168; x_wconf 92' lang='lat' dir='ltr'><strong>a</strong></span> <span class='ocrx_word' id='word_1_784' title='bbox 2767 4113 2922 4170; x_wconf 88' lang='lat' dir='ltr'><strong>nobis</strong></span> <span class='ocrx_word' id='word_1_785' title='bbox 2947 4116 3187 4186; x_wconf 88' lang='lat' dir='ltr'><strong>requirit,</strong></span> <span class='ocrx_word' id='word_1_786' title='bbox 3216 4119 3306 4187; x_wconf 91' lang='lat' dir='ltr'><strong>qui</strong></span> <span class='ocrx_word' id='word_1_787' title='bbox 3331 4118 3508 4173; x_wconf 89' lang='lat' dir='ltr'><strong>omnia</strong></span> <span class='ocrx_word' id='word_1_788' title='bbox 3531 4119 3631 4174; x_wconf 90' lang='lat' dir='ltr'><strong>scit</strong></span> 
     </span>
    </p>
   </div>
   <div class='ocr_carea' id='block_1_105' title="bbox 2042 4204 3629 4276">
    <p class='ocr_par' dir='ltr' id='par_1_105' title="bbox 2042 4204 3629 4276">
     <span class='ocr_line' id='line_1_106' title="bbox 2042 4204 3629 4276; baseline 0.004 -18"><span class='ocrx_word' id='word_1_789' title='bbox 2042 4206 2326 4276; x_wconf 85' lang='lat' dir='ltr'><strong>antequam</strong></span> <span class='ocrx_word' id='word_1_790' title='bbox 2352 4204 2516 4260; x_wconf 91' lang='lat' dir='ltr'><strong>fiant:</strong></span> <span class='ocrx_word' id='word_1_791' title='bbox 2546 4205 2643 4261; x_wconf 90' lang='lat' dir='ltr'><strong>sed</strong></span> <span class='ocrx_word' id='word_1_792' title='bbox 2696 4205 2882 4262; x_wconf 87' lang='lat' dir='ltr'><strong>volens</strong></span> <span class='ocrx_word' id='word_1_793' title='bbox 2932 4221 3029 4275; x_wconf 90' lang='lat' dir='ltr'><strong>per</strong></span> <span class='ocrx_word' id='word_1_794' title='bbox 3080 4206 3474 4264; x_wconf 85' lang='lat' dir='ltr'><strong>confessionem</strong></span> <span class='ocrx_word' id='word_1_795' title='bbox 3531 4224 3629 4266; x_wconf 92' lang='lat' dir='ltr'><strong>nos</strong></span> 
     </span>
    </p>
   </div>
   <div class='ocr_carea' id='block_1_106' title="bbox 2043 4296 3626 4372">
    <p class='ocr_par' dir='ltr' id='par_1_106' title="bbox 2043 4296 3626 4372">
     <span class='ocr_line' id='line_1_107' title="bbox 2043 4296 3626 4372; baseline 0.002 -22"><span class='ocrx_word' id='word_1_796' title='bbox 2043 4312 2255 4368; x_wconf 81' lang='lat' dir='ltr'><strong>quoque</strong></span> <span class='ocrx_word' id='word_1_797' title='bbox 2283 4306 2626 4368; x_wconf 89' lang='lat' dir='ltr'><strong>peccatorum</strong></span> <span class='ocrx_word' id='word_1_798' title='bbox 2655 4296 2853 4353; x_wconf 86' lang='lat' dir='ltr'><strong>habere</strong></span> <span class='ocrx_word' id='word_1_799' title='bbox 2869 4311 3107 4364; x_wconf 90' lang='lat' dir='ltr'><strong>sensum,</strong></span> <span class='ocrx_word' id='word_1_800' title='bbox 3147 4307 3203 4355; x_wconf 91' lang='lat' dir='ltr'><strong>et</strong></span> <span class='ocrx_word' id='word_1_801' title='bbox 3246 4308 3455 4370; x_wconf 83' lang='lat' dir='ltr'><strong>gratum</strong></span> <span class='ocrx_word' id='word_1_802' title='bbox 3501 4316 3626 4372; x_wconf 89' lang='lat' dir='ltr'><strong>erga</strong></span> 
     </span>
    </p>
   </div>
   <div class='ocr_carea' id='block_1_107' title="bbox 2042 4389 3626 4461">
    <p class='ocr_par' dir='ltr' id='par_1_107' title="bbox 2042 4389 3626 4461">
     <span class='ocr_line' id='line_1_108' title="bbox 2042 4389 3626 4461; baseline 0.001 -16"><span class='ocrx_word' id='word_1_803' title='bbox 2042 4405 2102 4446; x_wconf 89' lang='lat' dir='ltr'><strong>se</strong></span> <span class='ocrx_word' id='word_1_804' title='bbox 2126 4391 2412 4447; x_wconf 90' lang='lat' dir='ltr'><strong>ostendere</strong></span> <span class='ocrx_word' id='word_1_805' title='bbox 2440 4391 2696 4446; x_wconf 89' lang='lat' dir='ltr'><strong>animum.</strong></span> <span class='ocrx_word' id='word_1_806' title='bbox 2725 4389 2861 4445; x_wconf 83' lang='lat' dir='ltr'><strong>Num</strong></span> <span class='ocrx_word' id='word_1_807' title='bbox 2893 4405 3022 4460; x_wconf 91' lang='lat' dir='ltr'><strong>opes</strong></span> <span class='ocrx_word' id='word_1_808' title='bbox 3050 4392 3241 4461; x_wconf 72' lang='lat' dir='ltr'><strong>aliqum</strong></span> <span class='ocrx_word' id='word_1_809' title='bbox 3271 4392 3357 4447; x_wconf 88' lang='lat' dir='ltr'><strong>hic</strong></span> <span class='ocrx_word' id='word_1_810' title='bbox 3377 4401 3497 4448; x_wconf 89' lang='lat' dir='ltr'><strong>sunt</strong></span> <span class='ocrx_word' id='word_1_811' title='bbox 3533 4407 3626 4447; x_wconf 85' lang='lat' dir='ltr'><strong>ex-</strong></span> 
     </span>
    </p>
   </div>
   <div class='ocr_carea' id='block_1_108' title="bbox 2041 4480 3629 4552">
    <p class='ocr_par' dir='ltr' id='par_1_108' title="bbox 2041 4480 3629 4552">
     <span class='ocr_line' id='line_1_109' title="bbox 2041 4480 3629 4552; baseline 0.001 -16"><span class='ocrx_word' id='word_1_812' title='bbox 2041 4480 2368 4551; x_wconf 70' lang='lat' dir='ltr'><strong>pendendte?</strong></span> <span class='ocrx_word' id='word_1_813' title='bbox 2385 4496 2507 4535; x_wconf 91' lang='lat' dir='ltr'><strong>num</strong></span> <span class='ocrx_word' id='word_1_814' title='bbox 2526 4480 2741 4550; x_wconf 86' lang='lat' dir='ltr'><strong>longum</strong></span> <span class='ocrx_word' id='word_1_815' title='bbox 2759 4481 2860 4535; x_wconf 90' lang='lat' dir='ltr'><strong>iter</strong></span> <span class='ocrx_word' id='word_1_816' title='bbox 2878 4480 3308 4552; x_wconf 87' lang='lat' dir='ltr'><strong>suscipiendum?</strong></span> <span class='ocrx_word' id='word_1_817' title='bbox 3332 4497 3456 4537; x_wconf 90' lang='lat' dir='ltr'><strong>num</strong></span> <span class='ocrx_word' id='word_1_818' title='bbox 3473 4482 3629 4537; x_wconf 90' lang='lat' dir='ltr'><strong>dolo-</strong></span> 
     </span>
    </p>
   </div>
   <div class='ocr_carea' id='block_1_109' title="bbox 2041 4570 3629 4646">
    <p class='ocr_par' dir='ltr' id='par_1_109' title="bbox 2041 4570 3629 4646">
     <span class='ocr_line' id='line_1_110' title="bbox 2041 4570 3629 4646; baseline 0.001 -19"><span class='ocrx_word' id='word_1_819' title='bbox 2041 4588 2156 4629; x_wconf 89' lang='lat' dir='ltr'><strong>rem</strong></span> <span class='ocrx_word' id='word_1_820' title='bbox 2181 4581 2236 4629; x_wconf 91' lang='lat' dir='ltr'><strong>et</strong></span> <span class='ocrx_word' id='word_1_821' title='bbox 2263 4572 2529 4627; x_wconf 89' lang='lat' dir='ltr'><strong>cruciatus</strong></span> <span class='ocrx_word' id='word_1_822' title='bbox 2563 4570 2718 4626; x_wconf 80' lang='lat' dir='ltr'><strong>affert</strong></span> <span class='ocrx_word' id='word_1_823' title='bbox 2736 4570 2850 4626; x_wconf 71' lang='lat' dir='ltr'><strong>hmo</strong></span> <span class='ocrx_word' id='word_1_824' title='bbox 2893 4572 3197 4629; x_wconf 82' lang='lat' dir='ltr'><strong>medicina?</strong></span> <span class='ocrx_word' id='word_1_825' title='bbox 3239 4573 3455 4646; x_wconf 89' lang='lat' dir='ltr'><strong>Absque</strong></span> <span class='ocrx_word' id='word_1_826' title='bbox 3483 4589 3629 4630; x_wconf 87' lang='lat' dir='ltr'><strong>sum-</strong></span> 
     </span>
    </p>
   </div>
   <div class='ocr_carea' id='block_1_110' title="bbox 2041 4659 3627 4734">
    <p class='ocr_par' dir='ltr' id='par_1_110' title="bbox 2041 4659 3627 4734">
     <span class='ocr_line' id='line_1_111' title="bbox 2041 4659 3627 4734; baseline 0.003 -19"><span class='ocrx_word' id='word_1_827' title='bbox 2041 4670 2136 4733; x_wconf 91' lang='lat' dir='ltr'><strong>ptu</strong></span> <span class='ocrx_word' id='word_1_828' title='bbox 2163 4670 2218 4717; x_wconf 90' lang='lat' dir='ltr'><strong>et</strong></span> <span class='ocrx_word' id='word_1_829' title='bbox 2231 4660 2468 4717; x_wconf 88' lang='lat' dir='ltr'><strong>cruciatu</strong></span> <span class='ocrx_word' id='word_1_830' title='bbox 2495 4669 2577 4716; x_wconf 88' lang='lat' dir='ltr'><strong>est</strong></span> <span class='ocrx_word' id='word_1_831' title='bbox 2605 4675 2841 4731; x_wconf 81' lang='lat' dir='ltr'><strong>praesens</strong></span> <span class='ocrx_word' id='word_1_832' title='bbox 2865 4659 3231 4731; x_wconf 89' lang='lat' dir='ltr'><strong>pharmacum,</strong></span> <span class='ocrx_word' id='word_1_833' title='bbox 3262 4672 3316 4717; x_wconf 91' lang='lat' dir='ltr'><strong>et</strong></span> <span class='ocrx_word' id='word_1_834' title='bbox 3340 4678 3499 4734; x_wconf 91' lang='lat' dir='ltr'><strong>quam</strong></span> <span class='ocrx_word' id='word_1_835' title='bbox 3536 4678 3627 4719; x_wconf 89' lang='lat' dir='ltr'><strong>ce-</strong></span> 
     </span>
    </p>
   </div>
   <div class='ocr_carea' id='block_1_111' title="bbox 2042 4751 3624 4808">
    <p class='ocr_par' dir='ltr' id='par_1_111' title="bbox 2042 4751 3624 4808">
     <span class='ocr_line' id='line_1_112' title="bbox 2042 4751 3624 4808; baseline 0 -2"><span class='ocrx_word' id='word_1_836' title='bbox 2042 4752 2262 4808; x_wconf 88' lang='lat' dir='ltr'><strong>lerrime</strong></span> <span class='ocrx_word' id='word_1_837' title='bbox 2287 4761 2456 4807; x_wconf 92' lang='lat' dir='ltr'><strong>curat.</strong></span> <span class='ocrx_word' id='word_1_838' title='bbox 2488 4751 2701 4807; x_wconf 90' lang='lat' dir='ltr'><strong>Etenim</strong></span> <span class='ocrx_word' id='word_1_839' title='bbox 2721 4751 3013 4806; x_wconf 89' lang='lat' dir='ltr'><strong>secundum</strong></span> <span class='ocrx_word' id='word_1_840' title='bbox 3034 4752 3280 4808; x_wconf 82' lang='lat' dir='ltr'><strong>affectum</strong></span> <span class='ocrx_word' id='word_1_841' title='bbox 3307 4762 3361 4808; x_wconf 93' lang='lat' dir='ltr'><strong>et</strong></span> <span class='ocrx_word' id='word_1_842' title='bbox 3388 4753 3624 4808; x_wconf 88' lang='lat' dir='ltr'><strong>animum</strong></span> 
     </span>
    </p>
   </div>
   <div class='ocr_carea' id='block_1_112' title="bbox 2041 4842 3629 4914">
    <p class='ocr_par' dir='ltr' id='par_1_112' title="bbox 2041 4842 3629 4914">
     <span class='ocr_line' id='line_1_113' title="bbox 2041 4842 3629 4914; baseline 0.001 -17"><span class='ocrx_word' id='word_1_843' title='bbox 2041 4844 2366 4909; x_wconf 72' lang='lat' dir='ltr'><strong>accedentia,</strong></span> <span class='ocrx_word' id='word_1_844' title='bbox 2397 4843 2476 4899; x_wconf 91' lang='lat' dir='ltr'><strong>sic</strong></span> <span class='ocrx_word' id='word_1_845' title='bbox 2503 4851 2558 4899; x_wconf 93' lang='lat' dir='ltr'><strong>et</strong></span> <span class='ocrx_word' id='word_1_846' title='bbox 2594 4842 2831 4900; x_wconf 90' lang='lat' dir='ltr'><strong>remedia</strong></span> <span class='ocrx_word' id='word_1_847' title='bbox 2859 4845 3136 4899; x_wconf 86' lang='lat' dir='ltr'><strong>vulnerum</strong></span> <span class='ocrx_word' id='word_1_848' title='bbox 3180 4843 3400 4914; x_wconf 86' lang='lat' dir='ltr'><strong>largitur</strong></span> <span class='ocrx_word' id='word_1_849' title='bbox 3447 4843 3629 4898; x_wconf 86' lang='lat' dir='ltr'><strong>Domi-</strong></span> 
     </span>
    </p>
   </div>
   <div class='ocr_carea' id='block_1_113' title="bbox 2041 4930 3629 5005">
    <p class='ocr_par' dir='ltr' id='par_1_113' title="bbox 2041 4930 3629 5005">
     <span class='ocr_line' id='line_1_114' title="bbox 2041 4930 3629 5005; baseline -0.001 -17"><span class='ocrx_word' id='word_1_850' title='bbox 2041 4948 2160 4988; x_wconf 90' lang='lat' dir='ltr'><strong>nus.</strong></span> <span class='ocrx_word' id='word_1_851' title='bbox 2185 4934 2350 5005; x_wconf 84' lang='lat' dir='ltr'><strong>lgitur</strong></span> <span class='ocrx_word' id='word_1_852' title='bbox 2370 4934 2459 5004; x_wconf 92' lang='lat' dir='ltr'><strong>qui</strong></span> <span class='ocrx_word' id='word_1_853' title='bbox 2488 4933 2599 4988; x_wconf 87' lang='lat' dir='ltr'><strong>vult</strong></span> <span class='ocrx_word' id='word_1_854' title='bbox 2643 4933 2819 4987; x_wconf 91' lang='lat' dir='ltr'><strong>statim</strong></span> <span class='ocrx_word' id='word_1_855' title='bbox 2861 4933 2926 4986; x_wconf 92' lang='lat' dir='ltr'><strong>ad</strong></span> <span class='ocrx_word' id='word_1_856' title='bbox 2962 4932 3242 4987; x_wconf 89' lang='lat' dir='ltr'><strong>sanitatem</strong></span> <span class='ocrx_word' id='word_1_857' title='bbox 3278 4930 3478 4999; x_wconf 89' lang='lat' dir='ltr'><strong>redire,</strong></span> <span class='ocrx_word' id='word_1_858' title='bbox 3515 4934 3629 4988; x_wconf 87' lang='lat' dir='ltr'><strong>ani-</strong></span> 
     </span>
    </p>
   </div>
   <div class='ocr_carea' id='block_1_114' title="bbox 2043 5020 3628 5098">
    <p class='ocr_par' dir='ltr' id='par_1_114' title="bbox 2043 5020 3628 5098">
     <span class='ocr_line' id='line_1_115' title="bbox 2043 5020 3628 5098; baseline -0.001 -17"><span class='ocrx_word' id='word_1_859' title='bbox 2043 5042 2251 5098; x_wconf 56' lang='lat' dir='ltr'><strong>maeque</strong></span> <span class='ocrx_word' id='word_1_860' title='bbox 2275 5042 2461 5082; x_wconf 89' lang='lat' dir='ltr'><strong>curare</strong></span> <span class='ocrx_word' id='word_1_861' title='bbox 2491 5027 2690 5092; x_wconf 88' lang='lat' dir='ltr'><strong>ulcera,</strong></span> <span class='ocrx_word' id='word_1_862' title='bbox 2723 5024 2899 5079; x_wconf 90' lang='lat' dir='ltr'><strong>sobria</strong></span> <span class='ocrx_word' id='word_1_863' title='bbox 2925 5033 3105 5078; x_wconf 92' lang='lat' dir='ltr'><strong>mente</strong></span> <span class='ocrx_word' id='word_1_864' title='bbox 3133 5020 3399 5077; x_wconf 89' lang='lat' dir='ltr'><strong>medicum</strong></span> <span class='ocrx_word' id='word_1_865' title='bbox 3449 5022 3628 5089; x_wconf 85' lang='lat' dir='ltr'><strong>adeat,</strong></span> 
     </span>
    </p>
   </div>
   <div class='ocr_carea' id='block_1_115' title="bbox 2042 5114 3632 5181">
    <p class='ocr_par' dir='ltr' id='par_1_115' title="bbox 2042 5114 3632 5181">
     <span class='ocr_line' id='line_1_116' title="bbox 2042 5114 3632 5181; baseline -0.002 -7"><span class='ocrx_word' id='word_1_866' title='bbox 2042 5122 2109 5175; x_wconf 91' lang='lat' dir='ltr'><strong>ab</strong></span> <span class='ocrx_word' id='word_1_867' title='bbox 2150 5121 2398 5176; x_wconf 89' lang='lat' dir='ltr'><strong>omnibus</strong></span> <span class='ocrx_word' id='word_1_868' title='bbox 2446 5117 2789 5173; x_wconf 64' lang='lat' dir='ltr'><strong>saecularibus</strong></span> <span class='ocrx_word' id='word_1_869' title='bbox 2810 5116 2954 5171; x_wconf 87' lang='lat' dir='ltr'><strong>curis</strong></span> <span class='ocrx_word' id='word_1_870' title='bbox 2991 5131 3051 5170; x_wconf 92' lang='lat' dir='ltr'><strong>se</strong></span> <span class='ocrx_word' id='word_1_871' title='bbox 3096 5114 3371 5181; x_wconf 87' lang='lat' dir='ltr'><strong>abdicans,</strong></span> <span class='ocrx_word' id='word_1_872' title='bbox 3428 5116 3632 5173; x_wconf 87' lang='lat' dir='ltr'><strong>calidas</strong></span> 
     </span>
    </p>
   </div>
   <div class='ocr_carea' id='block_1_116' title="bbox 2041 5206 3632 5284">
    <p class='ocr_par' dir='ltr' id='par_1_116' title="bbox 2041 5206 3632 5284">
     <span class='ocr_line' id='line_1_117' title="bbox 2041 5206 3632 5284; baseline -0.001 -18"><span class='ocrx_word' id='word_1_873' title='bbox 2041 5212 2307 5284; x_wconf 79' lang='lat' dir='ltr'><strong>laerymas</strong></span> <span class='ocrx_word' id='word_1_874' title='bbox 2334 5208 2644 5281; x_wconf 88' lang='lat' dir='ltr'><strong>profundat,</strong></span> <span class='ocrx_word' id='word_1_875' title='bbox 2667 5207 3035 5263; x_wconf 89' lang='lat' dir='ltr'><strong>assiduitatem</strong></span> <span class='ocrx_word' id='word_1_876' title='bbox 3081 5206 3363 5276; x_wconf 89' lang='lat' dir='ltr'><strong>plurimam</strong></span> <span class='ocrx_word' id='word_1_877' title='bbox 3414 5222 3526 5280; x_wconf 74' lang='lat' dir='ltr'><strong>prte</strong></span> <span class='ocrx_word' id='word_1_878' title='bbox 3575 5224 3632 5265; x_wconf 87' lang='lat' dir='ltr'><strong>se</strong></span> 
     </span>
    </p>
   </div>
   <div class='ocr_carea' id='block_1_117' title="bbox 2043 5296 3632 5367">
    <p class='ocr_par' dir='ltr' id='par_1_117' title="bbox 2043 5296 3632 5367">
     <span class='ocr_line' id='line_1_118' title="bbox 2043 5296 3632 5367; baseline -0.003 -10"><span class='ocrx_word' id='word_1_879' title='bbox 2043 5302 2198 5367; x_wconf 88' lang='lat' dir='ltr'><strong>ferat,</strong></span> <span class='ocrx_word' id='word_1_880' title='bbox 2231 5302 2390 5358; x_wconf 84' lang='lat' dir='ltr'><strong>ï¬dem</strong></span> <span class='ocrx_word' id='word_1_881' title='bbox 2417 5301 2625 5355; x_wconf 86' lang='lat' dir='ltr'><strong>firmam</strong></span> <span class='ocrx_word' id='word_1_882' title='bbox 2649 5299 2856 5365; x_wconf 65' lang='lat' dir='ltr'><strong>atterat,</strong></span> <span class='ocrx_word' id='word_1_883' title='bbox 2879 5312 2943 5352; x_wconf 89' lang='lat' dir='ltr'><strong>ac</strong></span> <span class='ocrx_word' id='word_1_884' title='bbox 2967 5296 3158 5353; x_wconf 88' lang='lat' dir='ltr'><strong>medici</strong></span> <span class='ocrx_word' id='word_1_885' title='bbox 3177 5296 3409 5353; x_wconf 86' lang='lat' dir='ltr'><strong>confidat</strong></span> <span class='ocrx_word' id='word_1_886' title='bbox 3431 5299 3555 5364; x_wconf 88' lang='lat' dir='ltr'><strong>arti,</strong></span> <span class='ocrx_word' id='word_1_887' title='bbox 3578 5313 3632 5355; x_wconf 90' lang='lat' dir='ltr'><strong>et</strong></span> 
     </span>
    </p>
   </div>
   <div class='ocr_carea' id='block_1_118' title="bbox 2042 5388 3627 5468">
    <p class='ocr_par' dir='ltr' id='par_1_118' title="bbox 2042 5388 3627 5468">
     <span class='ocr_line' id='line_1_119' title="bbox 2042 5388 3627 5468; baseline -0.004 -17"><span class='ocrx_word' id='word_1_888' title='bbox 2042 5396 2287 5468; x_wconf 89' lang='lat' dir='ltr'><strong>protinus</strong></span> <span class='ocrx_word' id='word_1_889' title='bbox 2316 5394 2597 5449; x_wconf 72' lang='lat' dir='ltr'><strong>sanitatem</strong></span> <span class='ocrx_word' id='word_1_890' title='bbox 2628 5397 3011 5460; x_wconf 88' lang='lat' dir='ltr'><strong>consequetur.</strong></span> <span class='ocrx_word' id='word_1_891' title='bbox 3036 5388 3224 5445; x_wconf 84' lang='lat' dir='ltr'><strong>Vidisti</strong></span> <span class='ocrx_word' id='word_1_892' title='bbox 3250 5389 3444 5446; x_wconf 89' lang='lat' dir='ltr'><strong>medici</strong></span> <span class='ocrx_word' id='word_1_893' title='bbox 3473 5392 3627 5447; x_wconf 90' lang='lat' dir='ltr'><strong>boni-</strong></span> 
     </span>
    </p>
   </div>
   <div class='ocr_carea' id='block_1_119' title="bbox 2041 5480 3624 5555">
    <p class='ocr_par' dir='ltr' id='par_1_119' title="bbox 2041 5480 3624 5555">
     <span class='ocr_line' id='line_1_120' title="bbox 2041 5480 3624 5555; baseline -0.006 -12"><span class='ocrx_word' id='word_1_894' title='bbox 2041 5496 2227 5550; x_wconf 88' lang='lat' dir='ltr'><strong>tatem,</strong></span> <span class='ocrx_word' id='word_1_895' title='bbox 2258 5484 2324 5540; x_wconf 89' lang='lat' dir='ltr'><strong>ad</strong></span> <span class='ocrx_word' id='word_1_896' title='bbox 2362 5497 2520 5555; x_wconf 90' lang='lat' dir='ltr'><strong>quam</strong></span> <span class='ocrx_word' id='word_1_897' title='bbox 2542 5482 2587 5538; x_wconf 94' lang='lat' dir='ltr'><strong>si</strong></span> <span class='ocrx_word' id='word_1_898' title='bbox 2610 5481 2845 5548; x_wconf 90' lang='lat' dir='ltr'><strong>omnium</strong></span> <span class='ocrx_word' id='word_1_899' title='bbox 2868 5491 3077 5552; x_wconf 88' lang='lat' dir='ltr'><strong>patrum</strong></span> <span class='ocrx_word' id='word_1_900' title='bbox 3102 5495 3256 5536; x_wconf 90' lang='lat' dir='ltr'><strong>amor</strong></span> <span class='ocrx_word' id='word_1_901' title='bbox 3299 5480 3624 5542; x_wconf 85' lang='lat' dir='ltr'><strong>conferatur,</strong></span> 
     </span>
    </p>
   </div>
   <div class='ocr_carea' id='block_1_120' title="bbox 2039 5567 3628 5645">
    <p class='ocr_par' dir='ltr' id='par_1_120' title="bbox 2039 5567 3628 5645">
     <span class='ocr_line' id='line_1_121' title="bbox 2039 5567 3628 5645; baseline -0.008 -9"><span class='ocrx_word' id='word_1_902' title='bbox 2039 5575 2430 5635; x_wconf 80' lang='lat' dir='ltr'><strong>obscurabitur.</strong></span> <span class='ocrx_word' id='word_1_903' title='bbox 2462 5573 2598 5628; x_wconf 88' lang='lat' dir='ltr'><strong>Num</strong></span> <span class='ocrx_word' id='word_1_904' title='bbox 2617 5588 2781 5645; x_wconf 89' lang='lat' dir='ltr'><strong>grave</strong></span> <span class='ocrx_word' id='word_1_905' title='bbox 2802 5571 3001 5643; x_wconf 91' lang='lat' dir='ltr'><strong>aliquid</strong></span> <span class='ocrx_word' id='word_1_906' title='bbox 3026 5580 3081 5628; x_wconf 91' lang='lat' dir='ltr'><strong>et</strong></span> <span class='ocrx_word' id='word_1_907' title='bbox 3105 5571 3392 5628; x_wconf 87' lang='lat' dir='ltr'><strong>molestum</strong></span> <span class='ocrx_word' id='word_1_908' title='bbox 3420 5584 3453 5624; x_wconf 71' lang='grc' dir='ltr'>Î¹</span> <span class='ocrx_word' id='word_1_909' title='bbox 3474 5567 3628 5623; x_wconf 86' lang='lat' dir='ltr'><strong>nobis</strong></span> 
     </span>
    </p>
   </div>
   <div class='ocr_carea' id='block_1_121' title="bbox 2044 5662 3625 5741">
    <p class='ocr_par' dir='ltr' id='par_1_121' title="bbox 2044 5662 3625 5741">
     <span class='ocr_line' id='line_1_122' title="bbox 2044 5662 3625 5741; baseline -0.009 -14"><span class='ocrx_word' id='word_1_910' title='bbox 2044 5667 2309 5741; x_wconf 84' lang='lat' dir='ltr'><strong>requirit?</strong></span> <span class='ocrx_word' id='word_1_911' title='bbox 2334 5665 2720 5725; x_wconf 89' lang='lat' dir='ltr'><strong>Contritionem</strong></span> <span class='ocrx_word' id='word_1_912' title='bbox 2744 5664 2942 5733; x_wconf 88' lang='lat' dir='ltr'><strong>cordis,</strong></span> <span class='ocrx_word' id='word_1_913' title='bbox 2979 5662 3442 5735; x_wconf 88' lang='lat' dir='ltr'><strong>compunctionem</strong></span> <span class='ocrx_word' id='word_1_914' title='bbox 3470 5671 3625 5715; x_wconf 77' lang='lat' dir='ltr'><strong>men-</strong></span> 
     </span>
    </p>
   </div>
  </div>
