4074 6134
500 327 595 384 i7!

496 438 580 499 tis,
607 432 994 490 confessionem
1022 429 1220 500 lapsus,
1259 429 1623 483 assiduitatem
1649 427 1951 483 continuam
1978 444 1991 481 :
2016 436 2069 481 et

495 544 600 581 non
643 525 812 580 solum
869 521 1086 591 largitur
1123 519 1399 575 vulnerum
1442 534 1647 585 curam,
1692 527 1799 573 eta
1847 519 2079 588 peccatis

492 617 719 673 mundos
742 614 933 680 reddit,
960 612 1052 668 sed
1079 620 1133 667 et
1159 625 1305 679 eum,
1333 611 1421 682 qui
1451 619 1604 666 antea
1630 610 1923 666 innumeris
1954 624 2079 679 pec-

489 717 730 763 catorum
774 703 1001 759 sarcinis
1026 702 1360 772 gravabatur,
1383 701 1585 771 justum
1612 700 1790 756 efficit.
1847 699 1892 756 0
1922 703 2082 755 mise-

492 796 736 854 ricordia:
783 794 1199 866 magnitudinem
1235 795 1248 848 l
1279 807 1313 848 ο
1364 792 1613 848 bonitatis
1664 791 2029 848 excellentiam
2062 792 2076 847 Ξ

489 890 588 960 Qui
618 888 873 959 peccavit,
892 886 1101 957 quando
1125 884 1408 941 confitetur
1434 892 1670 955 peccata,
1696 884 1902 938 veniam
1923 883 2075 955 petit,

485 993 546 1038 et
571 985 789 1053 posthac
816 981 1154 1036 securitatem
1205 994 1315 1049 pra:
1365 993 1424 1033 se
1471 977 1594 1045 fert,
1644 987 1864 1049 repente
1908 978 2081 1049 justus

494 1076 733 1132 redditur
763 1077 778 1131 !
808 1077 871 1130 Et
909 1091 1015 1145 quo
1064 1074 1208 1130 clare
1234 1073 1336 1127 hoc
1375 1073 1571 1140 discas,
1594 1072 1715 1126 audi
1766 1071 2078 1142 prophetam

498 1167 762 1226 dicentem
791 1186 809 1223 :
840 1167 937 1222 Dic
959 1180 1010 1221 tu
1033 1168 1172 1239 prior
1217 1166 1505 1230 iniquitates
1524 1175 1658 1229 tuas,
1703 1175 1757 1219 ut
1785 1166 2081 1236 justi/iceris

496 1263 516 1332 (
545 1261 778 1316 [sati-55.
802 1261 872 1316 26
898 1261 939 1332 ).
969 1259 1084 1314 Non
1124 1258 1438 1328 simpliciter
1465 1258 1654 1327 inquit,
1689 1255 1787 1310 Dic
1806 1266 1860 1310 tu
1896 1257 2081 1329 iniqui-

494 1362 618 1409 tates
649 1363 781 1418 tuas,
812 1352 905 1407 sed
926 1351 1137 1422 adjecit,
1169 1349 1324 1404 Prior
1349 1365 1369 1403 :
1398 1349 1499 1404 hoc
1524 1358 1625 1414 est,
1681 1363 1749 1403 ne
1803 1360 2081 1419 exspectes

496 1456 549 1501 te
595 1452 926 1515 arguentem,
981 1458 1050 1498 ne
1125 1440 1450 1512 przcstoleris
1509 1447 1921 1494 accusatorem:
1967 1439 2082 1508 ipse

490 1534 749 1604 praeveni,
781 1544 835 1589 et
862 1548 989 1602 rape
1012 1532 1277 1588 sermonis
1303 1530 1640 1601 principium,
1672 1539 1731 1585 ut
1755 1532 2079 1587 accusatoris

489 1627 720 1697 linguam
750 1625 1016 1681 occludas.

556 1722 611 1775 4.
638 1720 828 1775 Vidisti
850 1720 1052 1775 Judieis
1075 1717 1489 1788 benignitatem?
1509 1717 1567 1773 In
1596 1716 1844 1773 humanis
1864 1716 2076 1787 quidem

484 1812 701 1884 iudieiis
750 1813 794 1866 si
825 1812 945 1882 quis
972 1813 1073 1866 hoc
1114 1810 1343 1876 faceret,
1391 1816 1595 1867 ebante
1626 1809 1838 1862 allatam
1887 1808 2080 1877 proba-

488 1904 687 1958 tionem
715 1901 950 1958 facinora
970 1902 1337 1967 conﬁteretur,
1361 1900 1604 1971 quamvis
1623 1900 1761 1969 apud
1789 1899 2078 1955 humanum

491 1993 722 2048 fortasse
743 1993 977 2063 judicent
1007 2000 1271 2048 tormenta
1301 2002 1355 2047 et
1382 1990 1484 2047 sibi
1516 1989 1869 2046 succedentes
1897 2005 2082 2063 pmnas

494 2083 792 2154 effugeret,
837 2093 1012 2139 tamen
1065 2085 1382 2139 sententiam
1434 2082 1714 2153 capitalem
1766 2083 1985 2135 omnino
2026 2082 2078 2136 in

489 2188 644 2226 suum
686 2183 845 2242 caput
883 2183 1223 2229 accerseret:
1261 2184 1313 2228 at
1344 2172 1704 2229 misericordis
1753 2170 1850 2227 Dei
1880 2180 1932 2226 et
1969 2172 2082 2225 ani-

493 2278 702 2317 marum
734 2274 1035 2317 nostrarum
1067 2264 1254 2319 Medici
1282 2272 1424 2317 tanta
1447 2270 1531 2317 est
1557 2271 1769 2333 tamque
1798 2260 2082 2319 ineli‘abilis

490 2354 701 2409 bonitas
721 2363 774 2409 et
795 2355 1102 2424 clementia,
1128 2364 1186 2410 ut
1211 2371 1426 2411 onmem
1453 2356 1612 2410 etiam
1644 2370 1950 2410 sermonem
1985 2373 2080 2411 ex-

488 2444 664 2499 cedat.
695 2443 829 2499 Nam
872 2446 915 2500 si
939 2445 1303 2501 adversarium
1337 2454 1580 2502 nostrum
1620 2448 2071 2517 prmvertcrimus,

487 2535 760 2590 diabolum
790 2535 933 2600 dico,
967 2536 1054 2605 qui
1083 2536 1134 2590 in
1164 2536 1365 2592 dieillo
1394 2536 1463 2591 ob
1492 2535 1677 2590 faciem
1702 2546 1937 2591 nostram
1967 2548 2078 2594 sta-

489 2626 587 2691 bit,
615 2635 670 2682 et
694 2626 803 2696 jam
835 2627 888 2681 in
910 2627 1160 2696 prassenti
1190 2627 1317 2695 vita,
1341 2637 1623 2697 antequam
1651 2623 1716 2683 ad
1741 2628 1965 2685 tribunal
1995 2631 2078 2684 in-

487 2717 824 2785 grediamur,
872 2718 1106 2773 facinora
1155 2719 1384 2774 confessi
1435 2717 1719 2788 fuerimus,
1764 2720 2079 2795 dicendique

486 2808 808 2878 principium
836 2809 1194 2879 rapuerimus,
1228 2819 1470 2864 nostrum
1496 2810 1730 2880 ipsorum
1767 2812 1887 2865 facti
1917 2826 2077 2867 accu-

487 2906 728 2965 satores,
757 2898 809 2953 in
835 2908 1034 2954 tantam
1065 2900 1488 2955 miscricordiam
1522 2901 1927 2971 provocabimus
1967 2901 2075 2957 Do-

485 2992 712 3059 sninum,
759 3001 816 3047 ut
857 3008 962 3046 non
1008 2993 1181 3048 solum
1227 2992 1383 3047 nobis
1418 3007 1772 3048 concessurus
1814 2993 1903 3060 sit,
1949 3000 2008 3049 ut
2046 3009 2075 3048 a

482 3084 713 3154 peccatis
740 3084 1028 3142 liberemur
1048 3126 1063 3152 ,
1095 3084 1189 3140 sed
1230 3093 1287 3139 ut
1333 3085 1383 3139 in
1407 3084 1673 3154 jnstorum
1704 3085 1947 3156 catalogo
1977 3084 2076 3139 ad-

484 3173 801 3229 scribamur.
862 3175 1147 3229 Enimvero
1194 3175 1240 3229 si
1296 3174 1526 3229 Lantech
1582 3175 1708 3239 ille,
1766 3175 1855 3244 qui
1903 3190 2078 3244 neque

484 3265 658 3334 legem
692 3265 878 3319 habuit
915 3266 1056 3322 unde
1098 3265 1202 3320 hoc
1238 3265 1448 3321 discere
1492 3274 1702 3335 posset,
1735 3282 1908 3336 neque
1946 3283 2074 3339 pro-

486 3354 679 3423 phetas
709 3356 932 3422 audivit,
963 3372 1138 3428 neque
1157 3358 1315 3414 aliam
1342 3358 1505 3412 ullam
1533 3357 1974 3428 admonitionem,
2008 3377 2074 3415 ex

479 3443 688 3512 judicio
732 3446 786 3500 in
814 3455 1001 3501 natura
1048 3448 1207 3503 insito
1248 3449 1494 3506 conscius
1538 3464 1724 3505 eorum
1757 3466 1877 3520 qua:
1916 3465 2076 3508 ausus

483 3533 678 3602 fuerat,
708 3536 761 3590 in
786 3536 1021 3593 medium
1049 3539 1226 3593 attulit
1255 3555 1317 3595 ea
1344 3555 1463 3612 quae
1485 3542 1734 3610 patravit,
1765 3550 1819 3599 et
1837 3544 2071 3613 seipsum

481 3625 861 3684 condemnavit
902 3648 916 3684 :
967 3629 1237 3701 quomodo
1289 3631 1520 3700 aliquam
1566 3630 1928 3688 defensionem
1977 3648 2075 3688 nos

482 3716 685 3776 habere
724 3721 1041 3792 poterimus,
1074 3724 1296 3779 vulnera
1324 3738 1430 3777 non
1476 3724 1619 3779 omni
1646 3723 1922 3797 diligentia
1973 3726 2076 3780 Do-

483 3810 632 3866 mino
656 3805 1003 3868 ostendentes
1023 3855 1038 3881 ,
1071 3828 1256 3870 eorum
1279 3814 1388 3885 jam
1422 3815 1741 3870 medicinam
1765 3817 1832 3872 ab
1858 3832 1923 3871 eo
1951 3832 2072 3872 sus-

480 3903 727 3971 cepturi?
767 3903 822 3959 Id
860 3904 1003 3975 quod
1039 3904 1141 3960 nisi
1185 3921 1328 3961 nunc
1373 3905 1680 3974 fecerimus,
1723 3923 1843 3961 cum
1884 3907 2072 3978 jejunii

482 3999 693 4063 tempus
709 4003 811 4062 est,
835 4010 955 4049 cum
982 4003 1123 4049 tanta
1142 3997 1523 4063 cogitationum
1551 3997 1921 4066 tranquillitas,
1951 4013 2071 4053 cum

480 4083 730 4157 voluptas
764 4086 942 4140 omnis
986 4086 1194 4141 sublata
1224 4100 1255 4143 e
1302 4086 1484 4141 medio
1513 4104 1528 4143 :
1560 4087 1898 4156 quandonam
1945 4086 2072 4143 faei-

482 4188 613 4228 nora
637 4184 818 4229 nostra
838 4175 1144 4245 expendere
1164 4176 1494 4246 poterimus?
1517 4175 1719 4230 Idcirco
1741 4191 1953 4248 semper
1978 4193 2072 4233 vos

481 4263 732 4328 obsecro,
756 4273 814 4319 ut
838 4265 1005 4320 sobrii
1030 4266 1147 4319 sitis
1174 4274 1228 4321 et
1248 4265 1456 4338 vigiles,
1482 4276 1536 4322 et
1561 4276 1881 4339 praesentem
1909 4270 2070 4323 vitam

481 4367 698 4408 omnem
748 4353 803 4408 in
840 4353 943 4410 hoe
992 4355 1295 4425 insumatis,
1335 4365 1394 4411 ut
1434 4357 1745 4413 assiduitate
1795 4359 1884 4413 illa
1933 4359 2076 4415 into-

483 4442 706 4500 lerabile
758 4443 887 4500 illud
942 4446 1260 4516 supplicium
1309 4446 1651 4519 effugiamus,
1707 4458 1760 4503 et
1809 4448 2069 4520 gehennte

485 4536 662 4608 ignem
689 4538 856 4594 vitare
886 4539 1171 4611 possimus.
1195 4540 1422 4596 Maxime
1447 4550 1622 4596 autem
1645 4556 1785 4597 nunc
1802 4585 1816 4608 ,
1850 4542 2069 4615 majori-

486 4643 592 4698 que
619 4628 794 4684 studio
814 4629 867 4684 id
905 4631 1220 4699 curandum,
1247 4632 1461 4704 quando
1484 4642 1701 4703 preptcr
1718 4633 1903 4707 jejunii
1930 4643 2066 4687 tcm-

482 4733 584 4787 pus
609 4719 876 4774 cominuis
918 4720 1317 4792 majoribusque
1342 4721 1578 4776 fruimini
1597 4721 2068 4780 admonitionibus.

479 4809 571 4864 25.
596 4805 838 4881 Cognovit
856 4819 1046 4877 autem,
1074 4809 1265 4883 inquit,
1289 4810 1453 4864 Adam
1478 4809 1638 4863 Evam
1663 4827 1867 4865 uxorem
1887 4828 2030 4866 suam
2049 4828 2069 4867 :

479 4910 529 4956 et
556 4918 669 4956 cum
697 4904 1031 4973 concepisset,
1064 4901 1259 4974 peperit
1301 4902 1484 4971 ﬁlium,
1511 4911 1557 4956 et
1583 4903 1856 4972 appellavit
1887 4921 2068 4961 nomen

483 4995 629 5048 illius
658 4996 784 5051 Setlt
806 5036 822 5061 ,
852 4995 1024 5051 dicens
1046 5012 1065 5050 :
1097 4994 1351 5049 Excitavit
1399 4994 1534 5048 enim
1572 4994 1696 5048 mihi
1720 4993 1858 5049 Deus
1899 5014 2069 5053 semen

484 5085 626 5141 aliud
652 5102 744 5155 pro
767 5086 911 5156 Abel,
933 5103 1078 5158 quem
1099 5085 1279 5140 occidit
1307 5083 1454 5141 Cain.
1479 5086 1765 5158 Postquam
1795 5087 2066 5159 Scriptura

483 5178 661 5232 divina
688 5180 1050 5250 genealogiam
1082 5193 1249 5250 usque
1274 5179 1339 5234 ad
1366 5177 1595 5236 Lamecb
1617 5178 1853 5244 deduxit,
1873 5180 2066 5238 iterum

483 5269 550 5323 ad
572 5269 740 5324 Adam
762 5278 818 5326 et
832 5286 1049 5341 uxorem
1072 5272 1212 5328 illius
1237 5272 1558 5345 regreditur,
1585 5281 1640 5328 et
1659 5272 1783 5328 dicit
1800 5271 2067 5345 :Coguovit

480 5368 648 5413 autem
674 5358 843 5417 Atiam
885 5361 1038 5416 Evam
1064 5378 1270 5418 uxorem
1297 5379 1479 5429 suam;
1504 5373 1550 5417 et
1572 5379 1687 5417 cum
1713 5365 2021 5435 concepisset
2044 5406 2061 5435 ,

477 5451 674 5521 peperit
695 5451 879 5522 lilium,
910 5453 1280 5525 appellavitque
1305 5471 1484 5511 nomen
1512 5454 1650 5509 illius
1670 5453 1818 5522 Seth,
1842 5455 2014 5508 dicens
2045 5470 2066 5511 :

479 5537 736 5597 Excitavit
760 5544 891 5597 enim
920 5544 1045 5598 mihi
1072 5542 1209 5600 Deus
1235 5562 1403 5601 semen
1430 5545 1575 5599 aliud
1606 5561 1697 5617 pro
1727 5544 1885 5610 Abel,
1916 5561 2063 5616 quem

479 5633 661 5688 occidit
688 5634 837 5691 Cain.
867 5635 1106 5708 Peperit,
1139 5638 1343 5709 inquit,
1376 5638 1538 5707 lilium
1582 5638 1950 5711 appellauitque
1974 5655 2066 5693 no-

480 5739 594 5779 men
643 5724 784 5783 illius
821 5726 986 5796 Scth;
1034 5741 1135 5784 nec
1181 5737 1427 5785 contenta
1482 5735 1651 5782 mater
1702 5728 1844 5799 quod
1893 5729 2063 5801 impo-

1204 319 1259 373 S.
1300 313 1577 372 JOANNIS
1615 307 2087 369 CHRYSOSTOMI
2129 304 2443 362 ARCIIIEP.
2485 309 3018 369 CONSTANTINOP.

3665 321 3782 381 ’372

2185 424 2378 477 suisset
2403 424 2476 478 illi
2506 439 2722 490 nomen,
2750 426 2877 480 dicit
2904 445 2916 479 :
2942 425 3194 482 Excitavit
3215 431 3348 484 enim
3378 435 3501 488 mihi
3531 435 3667 493 Deus
3687 463 3773 501 se.

2183 533 2295 569 men
2324 516 2467 571 aliud
2495 534 2590 588 pro
2615 518 2759 584 Abel,
2791 536 2937 590 quem
2967 521 3149 574 occidit
3177 522 3325 577 Cain.
3363 524 3491 582 Vide
3519 527 3606 584 ltic
3633 546 3775 600 quo—

2185 606 2345 662 modo
2368 618 2421 662 et
2446 618 2616 665 mater
2639 625 2734 680 per
2754 611 3161 681 appellationem
3187 615 3298 670 nati
3330 616 3423 673 lilii
3454 622 3773 678 memoriam

2182 699 2392 754 scelesti
2432 699 2590 770 hujus
2636 701 2817 772 operis
2856 704 3162 759 continuam
3208 709 3479 767 mentibus
3525 727 3773 781 renovat,

2182 792 2344 857 atque
2389 800 2444 843 ut
2496 790 2656 845 etiam
2700 793 2900 862 posteri
2951 794 3168 862 scirent,
3217 799 3344 869 quid
3390 800 3523 857 Cain
3560 817 3776 875 patrare

2184 894 2346 934 ausus
2372 880 2577 948 fuisset,
2606 882 2768 952 dicit,
2802 882 2912 940 Pro
2932 886 3075 954 Abel,
3107 905 3251 959 quem
3272 894 3454 947 occidit
3481 895 3628 954 Cain.
3659 900 3773 954 Dn-

2184 970 2345 1025 lentis
2370 972 2562 1028 animus
2591 974 2749 1029 verba
2777 984 2903 1030 sunt
2928 987 2982 1032 et
3021 979 3247 1036 turbatae
3283 983 3353 1038 ob
3379 984 3632 1043 facinoris
3659 1006 3776 1046 me-

2184 1062 2431 1131 moriam,
2452 1065 2758 1135 gratiasque
2781 1068 2988 1137 agentis
3012 1083 3109 1139 pro
3134 1080 3259 1126 nato
3288 1089 3476 1145 puero,
3506 1077 3774 1153 hujusque

2185 1154 2401 1210 nomine
2444 1155 2584 1211 illius
2608 1157 2831 1213 alterius
2873 1160 3049 1216 scelus
3088 1165 3241 1233 quasi
3283 1165 3336 1220 in
3380 1169 3538 1241 cippo
3582 1173 3776 1229 inscri-

2185 1243 2381 1300 bentis.
2404 1246 2534 1300 Nam
2564 1262 2688 1302 vere
2718 1249 2916 1304 luctum
2958 1267 3063 1307 non
3095 1254 3419 1312 mediocrem
3463 1264 3775 1331 parentibus

2185 1335 2465 1402 attulerat,
2494 1338 2582 1406 qui
2608 1338 2851 1393 dextram
2879 1355 3031 1396 suam
3060 1344 3315 1402 adversus
3349 1348 3565 1407 fratrem
3596 1370 3776 1410 arma-

2187 1435 2360 1492 verat,
2387 1437 2440 1481 ct
2462 1436 2568 1482 tam
2589 1444 2773 1484 carum
2795 1430 2940 1485 illum
2969 1443 3022 1488 et
3042 1435 3324 1493 amabilem
3344 1440 3447 1495 illis
3464 1444 3774 1502 ostenderat

2186 1517 2331 1573 lmmi
2366 1519 2656 1588 jacentem,
2688 1534 2973 1589 mortuum,
3018 1535 3072 1580 et
3093 1542 3253 1584 sensu
3299 1543 3595 1592 carentem.
3636 1536 3770 1593 Nam

2187 1608 2313 1663 licet
2337 1612 2657 1665 sententiam
2689 1614 2985 1684 accepisset
3013 1615 3207 1686 Adam,
3233 1619 3395 1676 Terra
3418 1640 3491 1693 es,
3518 1639 3564 1680 et
3586 1629 3638 1682 in
3667 1639 3771 1683 ter-

2183 1717 2294 1754 ram
2336 1699 2494 1756 abibis
2523 1718 2543 1757 :
2585 1711 2679 1769 et,
2731 1704 3060 1776 Quocumque
3106 1710 3190 1766 die
3214 1717 3563 1784 comederilis,
3614 1733 3777 1778 morte

2184 1792 2467 1846 moriemini
2487 1793 2640 1863 (Gen.
2662 1796 2714 1850 ὅ.
2746 1796 2835 1852 l9.
2879 1808 2927 1851 et
2954 1798 3008 1853 2.
3057 1799 3147 1873 Π)
3179 1819 3192 1854 :
3229 1807 3547 1863 sententiam
3593 1821 3770 1869 tamen

2185 1884 2236 1938 in
2265 1885 2439 1941 verbis
2462 1886 2720 1944 hactenus
2744 1893 3156 1960 cognoscebant,
3183 1905 3238 1949 et
3258 1899 3489 1954 nondum
3513 1917 3774 1960 noverant

2186 1975 2356 2044 qualis
2395 1987 2539 2032 esset
2569 1980 2756 2033 mortis
2780 1981 2916 2035 ratio
2945 1999 2959 2036 :
2992 1983 3087 2038 sed
3129 1984 3218 2041 hic
3261 1989 3464 2057 primus
3492 1992 3561 2047 ob
3590 1994 3772 2050 odium

2185 2067 2237 2118 in
2265 2065 2510 2135 fratrem,
2541 2079 2596 2124 et
2623 2070 2844 2126 livorem
2874 2073 2963 2142 qui
3002 2075 3321 2134 intrinsecus
3351 2081 3499 2137 illum
3527 2086 3770 2150 rodebat,

2185 2157 2237 2211 in
2286 2156 2634 2214 fratricidium
2681 2163 2806 2229 ruit,
2847 2179 3011 2234 grave
3056 2169 3364 2237 parentibus
3407 2177 3771 2244 spectaculum

2183 2248 2466 2306 exhibens.
2490 2250 2719 2307 Proinde
2749 2264 2939 2321 mater,
2963 2273 3083 2327 qua:
3101 2262 3373 2330 paululum
3404 2271 3766 2335 caputercxit,

2146 2344 2149 2347 '
2182 2348 2238 2394 et
2266 2339 2351 2394 vix
2391 2342 2604 2397 tandem
2647 2344 2930 2415 aliquando
2966 2350 3095 2403 tanti
3134 2350 3307 2408 luctus
3350 2356 3771 2415 consolationem

2184 2431 2406 2494 invenit,
2451 2435 2650 2503 gratias
2678 2436 2788 2506 agit
2829 2438 3055 2493 Domino
3093 2441 3162 2496 ob
3204 2453 3386 2499 natum
3430 2462 3685 2516 puerum,
3717 2460 3773 2505 et

2183 2520 2472 2578 fratricida:
2512 2526 2689 2580 scelus
2722 2526 2976 2595 infamat,
3010 2530 3110 2585 hac
3151 2534 3380 2589 maxima
3415 2536 3561 2593 illum
3613 2554 3770 2609 paena

2183 2610 2423 2668 afficiens
2447 2654 2462 2681 ,
2485 2622 2545 2668 ut
2571 2615 2768 2670 factum
2808 2617 2951 2673 illius
2995 2631 3267 2691 perpetua)
3305 2628 3773 2686 commendaretur

2185 2717 2477 2759 memonm.

2256 2793 2529 2850 Peccatum
2575 2799 2899 2869 opprobrium
2948 2803 3126 2859 inurit.
3153 2836 3226 2846 —
3257 2807 3475 2864 Vidistis
3512 2821 3767 2881 quantum

2181 2885 2379 2940 malum
2417 2887 2486 2941 sit
2515 2892 2830 2957 peccatum?
2860 2901 2914 2947 et
2942 2896 3210 2964 quomodo
3247 2903 3588 2969 peccantibus
3613 2904 3767 2975 igno-

2182 2977 2399 3032 miniam
2421 2988 2474 3033 et
2494 2982 2836 3050 opprobrium
2877 2986 3091 3041 inurat?
3114 2989 3319 3044 vidiStis
3354 2995 3620 3063 quomodo
3644 3013 3767 3067 pro-

2181 3077 2301 3136 pter
2338 3067 2442 3124 hoc
2468 3070 2645 3128 divina
2689 3076 2858 3144 gratia
2888 3078 3164 3147 spoliatus,
3193 3091 3246 3135 et
3272 3086 3517 3141 omnibus
3538 3088 3589 3141 in
3626 3090 3766 3147 ludi-

2180 3157 2353 3214 brium
2408 3160 2577 3217 factus
2633 3165 2736 3219 sit?
2785 3167 2994 3224 vidistis
3043 3172 3313 3242 quomodo
3362 3184 3417 3229 et
3460 3181 3765 3247 parentibus

2180 3260 2368 3338 natura
2389 3252 2454 3307 ad
2476 3255 2732 3311 amandos
2757 3257 2894 3314 filios
2914 3263 3212 3330 propensis,
3241 3276 3457 3336 propter
3478 3271 3763 3338 pessimum

2181 3338 2284 3394 hoc
2311 3336 2517 3398 facinus
2541 3346 2912 3404 abominabilis
2944 3351 3138 3406 fuerit?
3169 3352 3330 3424 Igitur
3362 3336 3644 3429 fugiamus,
3671 3363 3757 3418 ob-

2184 3447 2379 3502 secro,
2418 3448 2691 3505 peccatum
2755 3442 2895 3510 quod
2943 3445 3102 3501 tantis
3158 3461 3257 3502 nos
3305 3449 3459 3505 malis
3506 3452 3758 3519 involvit,

2179 3534 2233 3580 et
2273 3527 2525 3582 virtutem
2569 3530 2922 3600 arripiamus,
2957 3544 3015 3589 ut
3049 3545 3104 3590 et
3142 3552 3426 3607 supernam
3474 3543 3627 3598 nobis
3672 3544 3764 3600 be-

2178 3617 2530 3672 nevolentiam
2575 3622 2943 3689 conciliemus,
2980 3634 3034 3680 et
3073 3629 3391 3698 supplicium
3431 3631 3760 3704 elingiamus.

2177 3705 2268 3760 26.
2302 3705 2368 3760 Ει
2406 3707 2552 3776 Seth,
2583 3709 2772 3781 inquit,
2806 3724 2954 3769 natus
2978 3726 3049 3771 est
3077 3717 3215 3786 [ilius
3233 3735 3253 3784 ;
3281 3723 3555 3793 appellavit
3592 3737 3757 3779 autem

2178 3813 2358 3851 nomen
2387 3798 2527 3854 illius
2556 3800 2697 3856 Enos
2720 3818 2738 3856 :
2763 3805 2844 3857 hic
2864 3808 3079 3876 speravit
3100 3809 3335 3865 invocare
3358 3830 3535 3867 nomen
3557 3813 3763 3870 Domini

2177 3887 2296 3943 Dei.
2323 3890 2455 3947 Vide
2485 3891 2571 3948 hic
2602 3897 2871 3964 quomodo
2899 3909 3082 3969 postea
3121 3904 3374 3972 paulatim
3420 3907 3763 3964 instituantur

2179 3981 2445 4051 homines,
2479 3993 2538 4040 ut
2578 3987 2634 4041 in
2670 3990 3117 4059 appellationibus
3153 3995 3382 4052 filiorum
3418 4001 3554 4070 grati
3596 4002 3759 4057 animi

2178 4072 2433 4128 indicium
2463 4089 2747 4146 reponant.
2782 4081 2877 4135 llic
2904 4097 3135 4153 quoque,
3171 4086 3358 4156 inquit,
3393 4105 3583 4159 nempe
3608 4090 3758 4156 Sctlt,

2176 4163 2244 4219 ab
2268 4178 2326 4218 se
2351 4166 2589 4235 genitum
2618 4167 2782 4223 filium
2811 4173 3019 4226 vocavit
3049 4175 3210 4229 Enos.
3254 4177 3452 4232 Deinde
3488 4180 3760 4250 Scriptura

2175 4254 2361 4310 volens
2389 4256 2546 4311 nobis
2573 4259 2803 4314 nominis
2825 4262 3238 4332 appellationem
3270 4266 3606 4339 interpretari
3627 4311 3642 4337 ,
3677 4271 3757 4324 in-

2174 4345 2325 4415 quit:
2354 4344 2453 4399 Hie
2474 4350 2693 4418 speravit
2720 4350 2953 4405 invocare
2978 4369 3155 4406 nomen
3179 4354 3383 4410 Domini
3406 4357 3521 4413 Dei.
3550 4360 3625 4413 Ex
3657 4359 3760 4415 hoc

2175 4439 2316 4493 enim
2338 4439 2559 4509 posthac
2576 4441 3041 4514 beatuspmpheta
3063 4449 3426 4519 genealogiam
3454 4452 3758 4523 incepturus

2175 4539 2276 4596 est,
2306 4531 2504 4602 rejceta
2546 4536 2802 4590 memoria
2845 4537 2997 4607 Cain,
3038 4548 3094 4594 et
3135 4556 3319 4595 eorum
3364 4544 3454 4612 qui
3495 4560 3666 4614 usque
3693 4546 3758 4601 ad

2174 4620 2406 4677 Lamech
2431 4623 2498 4679 ab
2524 4638 2590 4679 eo
2616 4624 3027 4683 descenderunt.
3050 4629 3180 4685 Nam
3207 4632 3325 4703 quia
3352 4635 3634 4701 primatum
3662 4651 3756 4690 ua-

2175 4722 2291 4769 tura
2320 4715 2424 4771 sibi
2449 4716 2631 4772 datum
2651 4760 2667 4785 ,
2699 4720 3131 4791 primogenitum
3155 4723 3485 4793 dignitatem,
3516 4726 3756 4799 inquam,

2174 4823 2285 4864 sua:
2306 4810 2595 4866 voluntatis
2619 4812 2818 4867 malitia
2846 4813 3243 4882 dehonestaret,
3267 4825 3322 4872 et
3340 4816 3474 4888 ipse,
3503 4829 3556 4873 ct
3576 4819 3665 4890 qui
3687 4835 3755 4873 ex

2173 4914 2241 4954 eo
2287 4901 2421 4968 nati,
2466 4902 2709 4973 catalogo
2752 4904 3039 4971 ejiciuntur
3077 4923 3091 4959 :
3124 4905 3253 4961 Seth
3300 4923 3428 4963 vero
3477 4908 3617 4979 quod
3659 4909 3755 4963 sibi

2174 4997 2362 5045 natura
2393 5002 2641 5063 negatum
2671 5003 2807 5062 erat,
2836 4995 2887 5050 id
2913 5010 2977 5050 ex
3008 4998 3176 5066 probo
3207 4999 3329 5054 vita:
3360 5001 3599 5055 instituto
3625 5016 3757 5056 con-

2173 5083 2433 5154 sequitur,
2457 5099 2648 5155 nempe
2676 5086 2728 5141 in
2750 5101 2809 5141 se
2833 5087 3144 5144 translatum
3174 5090 3607 5165 primogenitum
3629 5092 3755 5161 jus:

2172 5185 2227 5231 et
2253 5177 2497 5248 quamvis
2524 5193 2630 5234 non
2668 5187 2879 5244 natura,
2908 5190 3143 5238 attamen
3171 5183 3243 5239 ob
3274 5186 3560 5240 voluntatis
3582 5186 3757 5242 inten-

2173 5266 2396 5335 tionem,
2429 5270 2588 5324 etiam
2620 5272 2708 5342 qui
2735 5287 2803 5326 ex
2832 5288 2897 5328 eo
2924 5273 3035 5329 nati
3057 5284 3212 5343 sunt,
3243 5277 3295 5333 in
3322 5278 3647 5349 genealogus
3669 5295 3758 5334 re—

2173 5368 2477 5416 censentur.
2508 5361 2575 5416 Et
2598 5362 2736 5417 sicut
2762 5361 2851 5419 hic
2876 5364 3020 5421 Enos
3048 5377 3266 5422 vocatus
3287 5377 3387 5435 est,
3411 5383 3478 5423 eo
3502 5369 3642 5440 quod
3674 5370 3758 5423 in-

2172 5451 2382 5506 vocavit
2409 5466 2603 5507 nomen
2630 5452 2837 5509 Domlnl
2866 5455 2961 5510 Dei
2992 5473 3005 5510 :
3037 5456 3115 5515 sic
3140 5465 3197 5513 et
3214 5457 3303 5530 qui
3332 5473 3395 5513 ex
3419 5472 3484 5512 eo
3508 5457 3757 5527 deinceps

2171 5541 2373 5599 ducunt
2401 5543 2690 5615 originem,
2721 5546 2965 5601 eamdem
2999 5552 3297 5604 sortiuntur
3322 5549 3754 5620 appellationem.

2172 5632 2460 5705 Propterea
2497 5634 2680 5691 beatus
2735 5636 2821 5693 hic
2869 5637 3124 5707 propheta
3172 5640 3436 5693 narrando
3489 5639 3590 5697 hoc
3638 5639 3751 5697 loco

2174 5728 2488 5797 subsistens,
2520 5726 2663 5782 aliud
2695 5727 2885 5783 iterum
2908 5728 3230 5800 principium
3259 5728 3485 5784 orditur.
