4074 6134
357 356 456 415 1⁸11

356 475 452 526 καὶ
479 471 542 526 ού
572 473 731 545 μόνον
764 475 872 530 τῶν
911 478 1238 547 τραυμάτων
1268 480 1366 550 τὴν
1398 481 1688 551 θεραπείαν
1728 488 2030 558 χαρίζεται,

356 559 452 611 καὶ
472 559 582 613 τῶν
603 562 1002 632 ἡμαρτημένων
1019 564 1291 635 καθαροὺς
1309 567 1703 635 ἀποδείκνυσιν,
1723 572 1873 644 11176]
1896 576 2029 630 ἀλλὰ

356 644 452 697 καὶ⁵
477 645 569 700 τὸν
591 647 697 718 πρὸ
720 647 911 701 τούτου
938 651 1153 721 μυρίοις
1180 652 1537 723 βαρυνόμενον
1569 658 1809 728 φορτίοις
1841 662 2025 733 ἁμαρ-

353 730 612 800 τημάτων
627 732 834 787 δίκαιον
857 735 1319 807 ἀπεργάζεται.Ὣ
1339 740 1746 812 φιλανθρωπίας
1775 730 2022 815 μέγεθος·

353 815 400 867 ὣ
423 816 754 888 ἀγαθότητος
780 820 1070 894 ὑπερϐολή.
1102 824 1205 877 Τὸν
1235 827 1613 897 ἡμαρτηκότα,
1647 831 1865 886 ἐπειδὰν
1893 834 2024 904 ὁμου

355 902 560 975 λογήσῃ
606 904 677 958 τὰ
724 907 1087 979 ἡμαρτημένα
1139 912 1465 985 συγγνώμην
1510 917 1759 987 αἰτήσας,
1794 922 1886 973 καὶ
1923 902 2022 993 τὴν

355 988 435 1050 είς
478 989 540 1040 τὸ
586 989 715 1059 ἑξῆς
757 993 1052 1062 ἀσφάλειαν
1099 997 1427 1071 ἐπιδείξηται
1474 1015 1523 1065 α,
1574 1003 1767 1075 ἁθρόον
1816 988 2049 1062 δίκαιονκ

353 1075 663 1144 ἀποφαίνει.
693 1080 803 1132 Καὶ
828 1081 915 1134 ἵνα
946 1083 1122 1155 μάθῃς
1147 1084 1305 1139 τοῦτο
1338 1089 1541 1157 σαφῶς,
1572 1090 1732 1144 ἄκουε
1759 1093 1853 1147 τοῦ
1889 1111 2026 1167 πρ(-

354 1161 525 1228 φήτου
580 1161 858 1232 λέγοντοςο
897 1166 1045 1237 Λέγε
1085 1170 1167 1224 σὺ
1208 1173 1312 1237 τὰς
1350 1174 1602 1243 ἀνομίας
1629 1194 1743 1231 σου
1771 1161 2018 1247 πρῶτος.

352 1246 453 1301 ἵνα
488 1248 827 1321 δικαιωθῇς.
864 1255 974 1325 Οὐχ
1023 1256 1209 1322 ἁπλῶς
1257 1255 1397 1323 εἶπε,
1439 1261 1587 1332 Λέγε
1623 1264 1705 1318 σὺ
1742 1246 1849 1332 τὰς
1880 1268 2023 1321 ἀνο-

347 1334 492 1402 μίας
542 1352 680 1404 σου,
728 1339 862 1394 ἀλλὰ
912 1343 1249 1415 προσέθηκε,
1307 1347 1574 1415 Πρῶτος,
1625 1353 1889 1416 τουτέστι,
1942 1356 2017 1428 μὴ

351 1422 647 1496 ἀναμείνῃς
672 1425 763 1479 τον
789 1428 1096 1500 ἐλέγχοντα,
1132 1434 1267 1504 μηδὲ
1313 1436 1501 1509 ἐκδέξῃ
1541 1439 1630 1492 τὸν
1673 1422 2016 1513 κατήγορονί

352 1508 512 1574 αὐτὸς
556 1512 841 1583 προλαϐὼν
893 1514 1139 1583 ἅρπασον
1174 1518 1273 1590 τὴν
1307 1524 1696 1594 πρωτολογίαν,
1740 1508 1835 1581 ινᾶ
1872 1508 2015 1587 ἀπο-

351 1593 571 1668 κλείσῃς
601 1597 694 1651 τοῦ
729 1601 1031 1671 κατηγόρου
1059 1603 1160 1675 τὴν
1186 1606 1449 1672 γλῶτταν.

418 1682 481 1736 δ’.
516 1679 664 1747 Εἶδες
685 1684 938 1741 δικαστοῦ
997 1689 1441 1762 φιλανθρωπίαν;
1490 1694 1610 1749 Ἐπὶ
1636 1698 1732 1766 μὲν
1760 1698 1868 1769 γάρ
1906 1698 2014 1753 τῶν

348 1767 650 1837 ἀνθρώπων
684 1771 1065 1845 δικαστηρίων.
1096 1777 1226 1832 ὅταν
1260 1796 1342 1843 τις
1383 1781 1541 1835 τοῦτο
1577 1784 1799 1852 ποιῆσαι
1846 1802 2015 1838 κατα-

345 1852 582 1926 δέξηται,
635 1858 729 1909 καὶ
779 1861 905 1922 τοὺς
940 1861 1195 1932 ἐλέγχους
1244 1866 1531 1936 προλαϐὼν
1584 1870 1892 1944 ὁμολογήσῃ
1945 1874 2014 1927 τά

346 1943 702 2012 εἰργασμένα,
724 1945 823 2009 τὰς
859 1947 957 2017 μὲν
988 1948 1251 2017 βασάνους
1282 1953 1374 2007 καὶ
1419 1953 1519 2017 τάς
1559 1943 1891 2028 ἐπαλλήλους
1926 1978 2009 2013 τι-

348 2027 560 2097 μωρίας
590 2030 719 2094 ἴσως
754 2033 1033 2102 διαφυγεῖν
1068 2034 1372 2107 δυνήσεται,
1402 2041 1494 2093 καὶ
1529 2042 1701 2097 ταῦτα
1728 2027 1777 2098 εἰ
1804 2047 2007 2118 ἡμέρου

344 2114 486 2177 τινὸς
517 2117 745 2187 ἐπιτύχῃ
773 2118 1045 2186 δικαστοῦ,
1074 2123 1172 2193 τὴν
1211 2124 1394 2195 μέντοι
1441 2128 1712 2197 ἀπόφασιν
1874 2114 2012 2206 πρὸς

343 2201 570 2258 θάνατον
601 2204 919 2273 ἀπάγουσαν
957 2210 986 2248 δ
1028 2211 1244 2274 πάντως
1270 2212 1478 2284 δέχεται
1497 2232 1511 2246 ·
1551 2216 1644 2268 ἐπὶ
1687 2217 1743 2271 δὲ
1776 2201 1869 2273 τοῦ
1897 2201 2010 2291 φιλ-

340 2289 624 2360 ανθρώπου
666 2292 799 2347 Θεοῦ
848 2295 942 2348 καὶ
975 2295 1070 2349 τοῦ
1118 2299 1299 2370 ἰατροῦ
1352 2301 1459 2354 τῶν
1499 2304 1779 2376 ἡμετέρων
1819 2308 2006 2378 ψυχῶν

341 2376 545 2445 ἀφατος
584 2381 616 2450 ή
651 2381 936 2453 ἀγαθότης,
983 2384 1076 2436 καὶ
1124 2385 1299 2439 πάντα
1354 2386 1508 2456 λόγον
1545 2376 2003 2467 ὑπερϐαίνουσαή

341 2461 636 2533 φιλοτιμία.
673 2467 797 2520 Ἐὰν
824 2469 931 2539 γάρ
961 2470 1322 2540 προλαϐόντες
1348 2474 1436 2528 τὸν
1462 2461 1728 2532 ἀντίδικον
1758 2479 1847 2533 τὸν
1870 2461 2006 2552 ήμέλ

338 2564 513 2619 τερον,
544 2552 636 2605 τὸν
665 2552 908 2608 διάϐολον
946 2554 1106 2624 λέγω,
1130 2558 1219 2612 τὸν
1253 2562 1310 2613 ἐν
1351 2562 1528 2635 ἐκείνῃ
1556 2567 1623 2634 τῇ
1648 2566 1832 2639 ἡμέρᾳ
1863 2571 2002 2624 κατά

340 2636 627 2705 πρόσωπον
655 2639 806 2710 ήμῶν
838 2642 1140 2713 ἱστάμενον,
1169 2646 1262 2699 καὶ
1304 2647 1404 2718 ήδη
1436 2651 1493 2705 ἐν
1519 2651 1596 2722 τῷ
1627 2636 1851 2725 παρόντι
1879 2656 1999 2727 βίῳ,

337 2721 445 2792 πρὸ
474 2724 575 2794 τῆς
612 2727 692 2789 εἰς
727 2726 787 2781 τὸ
829 2728 1174 2802 δικαστήριον
1216 2734 1441 2799 εἰσόδου,
1485 2721 1902 2813 ὁμολογήσωμεν

337 2811 734 2897 πεπραγμένα,
775 2814 870 2869 xu:
927 2816 1025 2886 τήν
1071 2819 1440 2890 πρωτολογίαν
1493 2811 1861 2897 ἀρπάσωμεν,
1906 2831 2001 2884 καὶ

336 2892 489 2946 αὐτοὶ
527 2895 737 2949 ἑαυτῶν
774 2899 1069 2969 κατήγοροι
1117 2901 1422 2973 γενώμεθα,
1470 2892 1551 2971 εἰς
1596 2892 1858 2983 τοσαύτην
1881 2914 2000 2982 φιλ-

336 2978 647 3051 ανθρωπίαν
690 2983 1094 3057 ἐκκαλεσόμεθα
1135 2989 1226 3043 τὸν
1278 2992 1572 3065 Δεσπότην,
1604 2995 1680 3060 ὡς
1730 2978 1998 3070 μὴ’μόνον

333 3067 435 3140 τὴν
476 3069 786 3142 ἐλευθερίαν
839 3075 948 3129 τῶν
996 3077 1398 3149 ἡμαρτημένων
1436 3084 1569 3153 ἡμῖν
1615 3067 1994 3158 δωρήσασθαι,

334 3154 469 3209 ἀλλά
518 3158 612 3211 καὶ
644 3159 724 3223 είς
757 3160 850 3215 τὸν
890 3162 998 3215 τῶν
1022 3163 1245 3219 δικαίων
1271 3168 1566 3237 κατάλογον
1599 3154 1999 3247 ιτῃικὶῖς-καταριὲ

336 3240 562 3313 θμῆσαι.
610 3247 670 3300 Εί
700 3246 809 3319 γὰρ
844 3250 873 3301 6
911 3250 1102 3322 Λάμεχ
1134 3247 1304 3320 οὗτος,
1359 3258 1495 3328 μήτε
1522 3240 1685 3329 νόμου
1713 3240 1994 3334 δεδομένου

332 3329 428 3383 τοῦ
472 3330 742 3386 διδάσκειν
791 3334 1090 3406 δυναμένου
1113 3377 1125 3398 .
1197 3342 1330 3413 μήτε
1380 3346 1673 3416 προφητῶν
1721 3329 1990 3417 ἀκούσας,

333 3416 468 3487 μήτε
493 3418 684 3491 ἐτέρας
715 3420 858 3485 τινὸς
885 3425 1276 3510 παραινέσεως,
1299 3428 1408 3481 ἀπὸ
1453 3431 1547 3484 τοῦ
1587 3434 1904 3505 ἐγκειμένου
1924 3441 1991 3510 τῇ

330 3502 489 3570 φύσει
519 3506 800 3578 κριτηρίου
826 3509 1078 3575 συνειδὼς
1114 3512 1255 3584 ἅπερ
1287 3515 1571 3588 ἐτόλμησε,
1605 3522 1697 3575 καὶ
1724 3502 1800 3587 εἰς
1829 3502 1992 3594 μέσον

330 3590 506 3660 ἧγαγε
539 3593 609 3646 τὰ
644 3594 997 3664 εἰργασμένα,
1034 3598 1128 3652 καὶ
1165 3601 1359 3655 ἑαυτοῦ
1401 3621 1529 3659 κατε
1546 3590 1842 3677 ξηφίσατοί
1874 3612 1992 3676 πῶς

329 3679 491 3749 ἡμεῖς
517 3679 854 3751 δυνησόμεθα
878 3684 1171 3753 ἀπολογίας
1215 3689 1356 3752 τινος
1391 3695 1570 3762 τυχεῖν
1600 3694 1675 3766 μὴ
1721 3697 1859 3752 κατὰ
1889 3700 1991 3752 πά·

331 3781 431 3837 σης
463 3767 697 3837 σπουδῆς
750 3768 819 3822 τά
861 3772 1103 3843 ἡμέτερα
1151 3775 1438 3846 τραύματα
1475 3780 1868 3847 ἐπιδεικνύντες
1913 3784 1991 3855 τῷ

328 3852 592 3926 Δεσπότῃ,
628 3857 722 3907 καὶ
756 3858 884 3926 παρ’
918 3857 1080 3911 αὐτοῦ
1127 3861 1224 3931 τὴν
1270 3863 1472 3918 τούτων
1508 3867 1747 3937 ἰατρείαν
1777 3852 1993 3941 δεχόμε-

327 3953 442 4005 νοι;
470 3939 650 4009 Ὅπερ
679 3942 727 3994 εἰ
758 3941 831 4012 μὴ
859 3941 954 3996 νῦν
983 3945 1330 4017 ποιήσαιμεν,
1366 3950 1454 4002 ὅτε
1497 3954 1749 4023 νηστείας
1781 3939 1987 4028 καιρὸς,

325 4022 416 4076 ὅτε
441 4027 673 4097 τοσαύτη
714 4026 819 4079 τῶν
862 4027 1134 4101 λογισμῶν
1165 4033 1198 4103 ή
1230 4035 1459 4106 γαλήνη,
1495 4022 1583 4091 ὅτε
1623 4041 1770 4092 πᾶσα
1810 4022 1988 4115 τρυφή

327 4110 570 4165 ἐκποδῶν
593 4131 608 4143 ·
668 4114 797 4167 πότε
859 4115 1197 4187 δυνησόμεθα
1253 4122 1332 4184 είς
1385 4121 1591 4177 ἔννοιαν
1653 4110 1859 4181 ἐλθεῖν-
1882 4110 1989 4184 τῶν

327 4196 457 4267 ἡμῖν
495 4202 934 4271 πεπραγμένων;
982 4204 1073 4257 Διὸ
1120 4208 1422 4277 παρακαλῶ
1478 4211 1705 4266 πάντοτε
1758 4216 1856 4284 μὲν
1893 4223 1988 4287 νή-

328 4298 447 4350 φειν
499 4285 594 4337 καὶ
643 4288 1018 4358 ἐγρηγορέναι,
1057 4293 1149 4371 καὶ
1196 4294 1297 4366 τὴν
1344 4297 1619 4366 παροῦσαν
1663 4298 1806 4372 ζωὴν
1850 4285 1990 4357 ᾶπα-

326 4383 425 4420 σαν
445 4372 522 4432 εἰς
551 4371 707 4426 τοῦτο
732 4369 1134 4448 καταδαπανᾷν,
1159 4379 1247 4434 ἵνα
1266 4383 1330 4451 τῇ
1355 4384 1648 4456 προσεδρίᾳ
1673 4386 1987 4460 δυνηθῶμεν

323 4454 423 4527 τὴν
443 4458 713 4529 ἀφόρητον
753 4461 966 4534 ἐκείνην
1013 4466 1231 4520 κόλασιν
1262 4454 1568 4538 διαφυγεῖν,
1588 4454 1683 4528 καὶ
1707 4454 1861 4541 ἐκτὸς
1889 4454 1989 4547 γε-

322 4542 508 4635 νέσθαι
553 4545 648 4599 τοῦ
680 4548 779 4618 τῆς
822 4549 1046 4635 γεέννης
1089 4553 1277 4624 πυρός.
1318 4557 1564 4611 Μάλιστα
1606 4560 1663 4613 δὲ
1709 4562 1804 4616 νῦν
1850 4542 1989 4635 μετὰ

322 4625 562 4695 πλείονος
592 4630 693 4702 τῆς
731 4633 966 4706 σπουδῆς
996 4636 1153 4699 τοῦτο
1187 4639 1268 4691 δεῖ
1294 4645 1484 4703 ποιεῖν,
1516 4645 1605 4698 ὅτε
1631 4646 1718 4700 διὰ
1760 4625 1862 4702 τὸν.
1891 4653 1987 4721 τῆς

320 4716 570 4784 νηστείας
607 4720 797 4791 καιρὸν
842 4724 935 4776 καὶ
977 4724 1220 4789 πλείονος
1264 4726 1358 4779 καὶ
1398 4731 1650 4801 συνεχοῦς
1687 4716 1985 4789 ἀπολαύετε

318 4800 422 4871 τῆς
453 4801 1013 4879 διδασκαλίας.Ἔγνω
1030 4811 1117 4875 δὲ,
1153 4814 1334 4883 φησὶν,
1355 4814 1525 4884 Ἀδὰμ
1550 4800 1720 4871 Εὔαν
1747 4819 1861 4887 τὴν
1879 4841 1983 4891 γυο

316 4887 501 4942 rubea
520 4890 729 4958 αὐτοῦ,
757 4894 855 4948 καὶ
880 4899 1280 4953 συλλαϐοῦσα
1299 4900 1505 4956 ἔτεκεν
1528 4903 1680 4970 υἱὸν,
1713 4908 1811 4961 καὶ
1837 4909 1985 4962 ἐπω-

317 4973 548 5043 νόμασε
573 4975 640 5030 τὸ
671 4976 858 5047 ὄνομα
881 4983 1068 5037 αὐτοῦ
1095 4984 1241 5053 Σὴθ,
1272 4986 1560 5058 λέγουσα·
1588 4991 1986 5063 Ἐξανέστησε

318 5059 431 5148 γάρ
469 5078 573 5148 μοι
630 5065 665 5117 ό
713 5065 856 5131 Θεὸς
897 5069 1136 5138 σπέρμα
1173 5071 1377 5141 ἕτερον
1408 5074 1560 5148 [177]
1601 5078 1733 5134 ἀντὶ
1779 5059 1980 5148 Ἅϐελ,

316 5144 392 5201 ὃν
423 5147 737 5203 ἀπέκτεινε
773 5150 939 5205 Κάιν.
970 5153 1140 5225 Μέχρι
1177 5157 1271 5210 τοῦ
1300 5144 1487 5232 Λάμεχ
1511 5144 1610 5234 τήν
1638 5144 1984 5234 γενεαλογίαν

319 5235 565 5325 στήσασα
597 5237 629 5307 ἡ
663 5236 782 5325 θεία
807 5239 1033 5325 Γραφήὶ
1054 5243 1322 5313 ἐπανῆλθε
1367 5249 1526 5303 πάλιν
1567 5251 1660 5304 ἐπὶ
1688 5251 1779 5304 τὸν
1814 5253 1983 5325 Ἀδάμ

314 5316 410 5370 καὶ
446 5316 544 5389 τὴν
588 5323 821 5388 γυναῖκα
873 5322 1058 5387 αὐτοῦ,
1088 5326 1181 5377 καί
1227 5344 1419 5398 φησιν’
1455 5332 1649 5401 Ἔγνω
1699 5333 1768 5386 δὲ
1812 5316 1983 5406 Ἀδὰμ

315 5401 429 5469 τὴν
464 5407 712 5474 γυναῖκα
756 5408 966 5473 αὑτοῦ,
1010 5408 1108 5461 καὶ
1157 5415 1551 5470 συλλαϐοῦσα
1588 5419 1793 5473 ἔτεκεν
1824 5422 1975 5487 υἱὸν,

313 5489 411 5545 καὶ
460 5491 814 5562 ἐπωνόμασε
867 5495 934 5549 τὸ
990 5495 1178 5564 ὄνομα
1229 5500 1416 5553 αὑτοῦ
1466 5501 1623 5572 Σὴθ,
1674 5505 1940 5576 λέγουσα
1963 5527 1975 5539 ·

324 5575 378 5629 Ἐ
383 5576 722 5647 ξανέστησε
774 5581 884 5652 γάρ
925 5600 1028 5653 μοι
1066 5586 1100 5636 ό
1147 5583 1289 5650 Θεὸς
1328 5587 1565 5658 σπέρμα
1612 5575 1817 5660 ἕτερον
1846 5597 1979 5650 ἀντὶ

314 5665 506 5730 Ἅϐελ,
533 5667 606 5722 ὃν
632 5669 943 5725 ἀπέκτανε
983 5671 1151 5725 Κάϊν.
1189 5672 1406 5738 Ἕτεκε,
1455 5680 1636 5748 φησὶν,
1675 5684 1829 5746 υἱόν,
1878 5687 1973 5740 καὶ

312 5751 660 5824 ἐπωνόμασε
690 5755 757 5808 τὸ
785 5757 969 5827 ὄνομα
991 5757 1180 5814 αὐτοῦ
1208 5760 1359 5826 Σήθ·
1395 5764 1484 5816 καὶ
1520 5767 1619 5820 οὐκ
1648 5768 1977 5839 ἀρκεσθεῖσα

377 5899 982 5985 Iﬁsg,h:1nuskel‘gqisl‘in
1004 5910 1223 5985 0331-1390:;
1261 5915 1345 5985 τήν
1386 5919 1449 5972 εἰς
1481 5919 1536 5966 τὸ
1570 5923 1672 5979 ἑξῆς
1710 5922 1968 5985 ἀσφάλειαν

318 5959 643 6016 ἇπιδείξιὶςθαι.
711 5966 739 6004 Ῑ)
768 5967 863 6015 Alii
886 5969 970 6023 τήν
996 5971 1070 6018 ἐπὶ
1097 5959 1290 6022 θάνατον
1310 5959 1534 6038 οἱγουσαν.

708 6054 965 6100 Puram:
1019 6054 1109 6100 Cu
1189 6056 1314 6100 1111

1562 370 1632 424 'IN
1673 371 1823 428 mp.
1867 373 1932 428 IV
1966 346 2209 434 Cumas.
2246 381 2476 438 uomL.
2533 382 2643 437 xx.

3707 396 3809 449 “'1

2138 500 2168 568 ή
2203 503 2384 570 μήτηρ
2411 503 2475 570 τῇ
2506 502 2722 572 τεθείσῃ
2763 503 3120 575 προσηγορία,
3154 505 3347 574 φησίνσ
3402 507 3808 577 Ἐξανέστησε

2144 580 2240 648 πάρ
2264 600 2364 648 μοι
2403 589 2438 638 ό
2483 581 2626 648 Θεὸς
2680 584 2917 654 σπέρμα
2953 586 3157 654 ἕτερον
3188 588 3319 642 ἀντὶ
3359 591 3556 653 Ἀϐελ,
3593 592 3666 645 ὃν
3696 594 3807 646 ἀπ-

2128 655 2356 715 έκτεινε
2401 664 2571 718 Κάῖν.
2605 667 2746 735 Ὅρα
2798 666 2903 749 ,καὶ
2950 668 3050 739 τὴν
3091 669 3319 740 μητέρα,
3372 672 3519 736 ὅπως
3566 673 3652 749 διά
3704 674 3805 744 τῆς

2128 746 2499 816 προσηγορίας
2547 746 2642 799 τοῦ
2688 748 2969 817 τεχθέντος
3019 751 3234 805 παιδίου
3278 754 3376 824 τὴν
3429 746 3647 827 μνήμην
3701 757 3804 827 τῆς

2127 828 2370 897 πονηρᾶς
2416 829 2629 899 ἐκείνης
2685 830 2933 900 πράξεως
2984 832 3207 902 διηνεκῆ
3251 837 3654 903 ἐναποτίθεται,
3706 841 3802 893 καὶ

2129 904 2215 958 ἵνα
2248 909 2342 961 καὶ
2375 909 2422 961 οἰ
2451 911 2529 973 εἰς
2555 911 2652 974 τὰς
2684 911 2810 982 ἑξῆς
2838 912 3031 980 γενεὰς
3062 925 3084 953 ο
3121 916 3319 971 εἰδέναι
3362 902 3530 987 ἔχωσι
3574 902 3647 974 το
3681 924 3801 977 τολ-

2128 989 2298 1058 μηθὲν
2327 991 2431 1044 ύπὸ
2462 992 2554 1045 τοῦ
2584 993 2733 1053 Κάϊν,
2759 995 2922 1065 φησίν
2942 1012 2955 1026 ’
2989 998 3143 1051 Ἀντί
3167 1001 3358 1064 Ἅϐελ,
3386 1003 3458 1055 ὃν
3484 1005 3799 1060 ἀπέκτεινε

2123 1071 2295 1129 Κάῖν.
2344 1073 2711 1146 Ὀδυνωμένης
2742 1077 2919 1148 ψυχῆς
2967 1081 3027 1132 τὸ
3077 1079 3247 1151 ῥῆμα,
3289 1086 3655 1156 συγχεομένης
3695 1088 3800 1142 ὕπδ

2120 1153 2221 1223 τῆς
2256 1156 2474 1224 μνήμης
2502 1156 2593 1209 τοῦ
2624 1161 2924 1226 γεγονότος,
2950 1162 3044 1214 καὶ
3075 1162 3498 1236 εύχαριστούσης
3531 1153 3626 1236 μὲν
3656 1169 3795 1237 ὑπὲρ

2119 1234 2212 1287 τοῦ
2243 1237 2539 1306 τεχθέντος,
2575 1241 2853 1311 μονονουχὶ
2898 1241 2955 1295 δὲ
3007 1244 3421 1316 στηλιτευούσης
3461 1250 3666 1304 ἐκεῖνον
3707 1255 3794 1312 διὰ

2118 1318 2219 1387 τῆς
2250 1318 2344 1371 τοῦ
2378 1321 2571 1382 παιδὸς
2604 1323 2993 1394 προσηγορίας.
3051 1326 3161 1379 Καὶ
3208 1325 3318 1397 γὰρ
3367 1329 3581 1400 άληθῶς
3628 1336 3687 1386 ού
3732 1337 3793 1389 1.6

2116 1401 2278 1471 τυχὸν
2306 1401 2498 1467 πένθος
2528 1405 2820 1475 εἰργάσατο
2851 1408 2961 1469 τοῖς
2988 1407 3224 1476 γονεῦσι,
3254 1411 3353 1482 τὴν
3384 1404 3585 1466 ἐαυτοῦ
3611 1415 3790 1481 δεξιὰν

2114 1484 2341 1548 ὁπλίσας
2392 1485 2530 1539 κατά
2570 1486 2662 1540 τοῦ
2715 1487 2962 1557 ἀδελφοῦ,
2999 1491 3092 1544 καὶ
3127 1491 3219 1544 τὸν
3263 1494 3511 1549 ποθεινὸν
3555 1499 3647 1550 καὶ
3693 1502 3786 1554 ἐπε

2117 1566 2343 1636 έραστον
2389 1566 2565 1632 δείξας
2616 1570 2797 1634 αὐτοῖς
2843 1573 3016 1641 χαμαὶ
3060 1574 3407 1645 ἐρριμμένον,
3458 1580 3648 1651 νεκρὸν
3694 1584 3789 1635 καὶ

2113 1648 2457 1730 ἀναίσθητον.
2489 1652 2550 1704 Εἰ
2579 1651 2687 1722 γάρ
2721 1653 2815 1704 καὶ
2854 1652 2914 1705 τὸ
2962 1655 3233 1724 ἐπιτίμιον
3277 1658 3495 1725 ἐδέξατο
3529 1648 3567 1713 6'
3594 1663 3784 1730 Ἀδάμ,

2115 1730 2235 1782 Ὅτι
2267 1731 2344 1800 γῆ
2391 1729 2463 1794 εἷ,
2517 1734 2615 1786 καὶ
2673 1736 2760 1799 είς
2808 1733 2926 1803 γῆν
2974 1736 3321 1805 ἁπελεύσῃο
3353 1741 3465 1803 καὶ,
3508 1743 3610 1795 Ἔν
3640 1742 3678 1812 ᾖ
3709 1743 3788 1798 ὃν

2114 1812 2303 1882 ἡμέρᾳ
2352 1814 2600 1883 φάγητε,
2646 1815 2877 1882 θανάτῳ
2921 1817 3318 1873 ἀποθανεῖσθε
3339 1840 3352 1854 ο
3393 1822 3506 1875 ἀλλ’
3539 1825 3686 1895 ὅμως
3724 1829 3784 1881 ἐν

2115 1896 2445 1981 ρήμασινῌήν
2474 1900 2610 1963 τέως
2640 1901 2708 1954 τὰ
2750 1902 2851 1971 τῆς
2879 1902 3224 1981 ἀποφάσεως,
3258 1907 3350 1959 καὶ
3390 1908 3598 1963 οὐδέπω
3633 1912 3783 1981 ᾕδει-

2112 1997 2232 2046 σαν,
2267 1981 2317 2033 τί
2347 1976 2415 2051 ἦν
2449 1980 2544 2036 τοῦ
2579 1983 2807 2036 θανάτου
2857 1984 2919 2037 τὸ
2967 1979 3137 2052 εἶδος,
3172 1986 3287 2038 ἀλλ’
3316 1981 3470 2053 οὗτος
3499 1976 3783 2063 προλαϐὼν

2107 2062 2195 2115 διὰ
2218 2063 2279 2116 τὸ
2318 2067 2471 2134 μῖσος
2498 2065 2587 2117 τὸν
2617 2065 2838 2134 ἀδελφὺν
2860 2106 2874 2131 ,
2932 2068 3027 2119 καὶ
3068 2068 3159 2122 τὸν
3209 2068 3402 2137 φθόνον
3446 2074 3537 2127 τὸν
3573 2075 3779 2131 ἔνδοθεν

2108 2145 2268 2198 αὑτὸν
2296 2148 2551 2216 τήκοντα,
2583 2148 2673 2200 ἐπὶ
2710 2149 2925 2217 σφαγὴν
2955 2148 3182 2219 ὥρμησε
3208 2151 3301 2203 τοῦ
3333 2153 3514 2219 Ἀϐελ,
3548 2158 3644 2210 καὶ
3669 2158 3778 2212 δει-

2106 2227 2195 2280 νὺν
2233 2228 2411 2299 θέαμα
2441 2230 2684 2300 παρέσχε
2713 2232 2823 2293 τοῖς
2860 2232 3106 2298 γονεῦσιν
3135 2233 3279 2286 ἰδεῖν.
3310 2236 3410 2289 Διά
3439 2254 3521 2290 τοι
3559 2239 3716 2293 τοῦτο
3742 2244 3774 2312 ή

2109 2310 2291 2380 μήτηρ
2345 2312 2538 2380 μικρὸν
2597 2311 2957 2378 άνανεύσασα,
3002 2314 3096 2367 καὶ
3151 2315 3301 2384 μόλις
3357 2317 3456 2386 ὀψέ
3509 2337 3639 2375 ποτε
3682 2310 3775 2377 τοῦ

2103 2392 2374 2463 ἀφορήτου
2408 2393 2632 2457 πένθους
2667 2394 2873 2447 ἐκείνου
2903 2396 3254 2465 παραμυθίαν
3279 2399 3457 2468 εὑρεῖν
3491 2401 3776 2468 δυνηθεῖσα

2102 2474 2190 2528 διά
2215 2474 2308 2528 τοῦ
2336 2475 2615 2545 τεχθέντος
2638 2476 2839 2541 παιδὸς,
2874 2477 2967 2529 καὶ
2999 2477 3096 2547 τὴν
3129 2479 3481 2549 εὐχαριστίαν
3516 2485 3776 2556 ἀναφέρει

2100 2554 2180 2625 τῷ
2211 2557 2474 2630 Δεσπότῃ,
2511 2558 2605 2610 καὶ
2628 2557 2721 2610 τοῦ
2752 2559 3138 2626 ἀδελφοκτόνον
3173 2563 3477 2633 στηλιτεύει
3501 2566 3598 2637 τὴν
3636 2554 3777 2639 πρᾶ-

2102 2635 2205 2702 ξιν,
2236 2637 2435 2708 ταύτην
2468 2639 2614 2709 αὐτῷ
2649 2640 2740 2692 καὶ
2774 2641 2910 2713 αὐτὴ
2940 2642 3202 2714 μεγίστην
3234 2647 3504 2716 τιμωρίαν
3542 2635 3777 2718 ἐπάγου-

2103 2734 2192 2784 σα,
2220 2720 2281 2772 τὸ
2315 2720 2533 2792 διηνεκῆ
2568 2722 2664 2793 τὴν
2696 2724 2915 2794 μνήμην
2952 2725 3308 2780 ἐναποθέσθαι
3334 2727 3413 2798 τῷ
3452 2730 3579 2802 παρ’
3607 2731 3773 2787 αὑτοῦ

2102 2803 2447 2873 γεγενημένῳ
2474 2801 2523 2857 ά.

2171 2885 2349 2940 Εῖδετε
2379 2886 2500 2941 ὅσον
2527 2887 2694 2942 κακόν
2740 2890 2887 2943 ἐστιν
2926 2890 3208 2960 ἁμαρτίας
3256 2891 3370 2956 πῶς
3405 2896 3484 2958 είς
3513 2895 3772 2967 αἰσχύνην

2099 2970 2190 3022 καὶ
2220 2969 2419 3035 ὄνειδος
2452 2971 2735 3042 προτίθησι
2766 2973 2890 3036 τοὺς
2918 2973 3122 3044 ταύτην
3150 2976 3570 3046 εἰργασμένους;
3603 2979 3770 3033 εἴδετε

2099 3051 2213 3116 πῶς
2243 3053 2339 3122 τῆς
2369 3053 2573 3128 ἀνωθεν
2598 3054 2819 3126 χάριτος
2855 3055 2942 3109 διὰ
2968 3054 3172 3126 ταύτην
3202 3058 3404 3127 γυμνὸς
3439 3059 3649 3128 γέγονε,
3675 3063 3772 3115 καὶ

2096 3133 2266 3186 ἅπασι
2294 3125 2648 3206 προκείμενος
2676 3125 2754 3199 είς
2785 3137 3167 3205 καταγέλωτα;
3195 3139 3362 3192 εἴδετε
3395 3142 3511 3205 πῶς
3540 3145 3632 3196 καὶ
3658 3149 3770 3209 τοῖς

2095 3216 2308 3284 γονεῦσι
2335 3207 2447 3281 τοῖς
2487 3218 2589 3270 ὑπὸ
2634 3220 2732 3288 τῆς
2761 3220 2973 3287 φύσεως
3013 3221 3180 3291 αὐτῆς
3211 3221 3537 3292 ὠθουμένοις
3570 3228 3649 3289 εἰς
3678 3244 3735 3295 φι
3756 3259 3767 3269 -

2094 3297 2411 3371 λοστοργίαν
2441 3300 2726 3370 βδελυκτὸς
2759 3302 2991 3374 κατέστη
3032 3304 3120 3356 διά
3153 3304 3250 3376 τὴν
3291 3307 3466 3379 κακὴν
3492 3310 3770 3379 ἐπιχείρη-

2095 3398 2216 3447 σιν;
2250 3381 2540 3453 Φεύγωμεν
2599 3384 2797 3448 τοίνυν,
2842 3386 3167 3457 παρακαλῶ,
3210 3387 3309 3459 τὴν
3359 3389 3630 3460 ἁμαρτίαν
3668 3393 3769 3463 τὴν

2091 3463 2362 3528 τοσούτοις
2394 3466 2540 3535 ἡμᾶς
2570 3466 2998 3537 περιϐάλλουσαν
3035 3470 3244 3534 κακοῖς,
3289 3470 3383 3522 καὶ
3422 3471 3520 3542 τὴν
3565 3472 3769 3543 ἀρετὴν

2091 3546 2358 3616 ἑλώμεθα,
2394 3548 2479 3600 ἵνα
2508 3550 2600 3602 καὶ
2630 3549 2730 3620 τὴν
2758 3548 2963 3603 ἀνωθεν
3006 3549 3218 3604 εὔνοιαν
3255 3563 3279 3590 ε
3308 3552 3765 3625 ἐπισπασώμεθα,

2092 3629 2183 3682 καὶ⁸
2212 3629 2311 3699 τὴν
2342 3629 2561 3683 κόλασιν
2589 3629 2954 3700 διαφύγωμεν.
2997 3632 3109 3683 Καὶ
3135 3632 3215 3696 τῷ
3246 3633 3391 3700 Σὴθ,
3419 3637 3604 3704 φησὶν,
3637 3636 3766 3706 ἐγέ..

2088 3728 2226 3765 rato
2246 3713 2403 3777 υίός’
2436 3710 2787 3780 ἐπωνόμασε
2837 3712 2906 3765 δὲ
2961 3712 3026 3766 τὸ
3076 3714 3264 3782 ὄνομα
3313 3717 3500 3770 αὐτοῦ
3543 3718 3750 3783 Ἐνώς·

2089 3787 2267 3858 οὗτος
2293 3791 2561 3860 ἤλπισεν
2587 3793 2999 3848 ἐπικαλεῖσθαι
3059 3794 3123 3849 τὸ
3179 3795 3363 3866 ὄνομα
3402 3799 3625 3867 Κυρίου
3657 3801 3764 3855 τοῦ

2092 3874 2258 3929 Θεοῦ.
2291 3876 2432 3945 Ὅρα
2464 3876 2582 3939 πῶς
2627 3875 2768 3929 κατὰ
2816 3878 3007 3948 μικρὸν
3054 3877 3237 3933 λοιπὸν
3278 3881 3617 3936 παιδεύονται
3647 3887 3764 3948 ταῖς

2090 3957 2480 4028 προσηγορίαις
2528 3958 2634 4013 τῶν
2688 3960 3022 4029 τικτομένων
3079 3961 3490 4017 ἐναποτίθεσθαι
3536 3966 3659 4036 τῆς
3685 3970 3763 4021 οἰ-

2089 4037 2242 4100 κείας
2294 4038 2714 4110 εὐγνωμοσύνης
2764 4039 2860 4110 τήν
2911 4040 3203 4107 ἀπόδειξιν.
3264 4043 3375 4096 Καὶ
3425 4040 3578 4108 οὗτος
3628 4047 3757 4117 γὰρ,

2088 4121 2274 4190 φησὶν,
2305 4124 2333 4174 6
2370 4122 2502 4193 Σήθ,
2536 4126 2804 4194 γεννήσας
2838 4123 2971 4188 υἰὸν,
3008 4123 3330 4194 ἐπωνόμασε
3366 4126 3427 4179 τὸ
3460 4127 3632 4198 ὄνομα
3662 4132 3760 4182 αύ-

2020 4213 2027 4221 ’
2087 4202 2183 4284 τοῦ
2226 4204 2409 4284 Ἐνώς.
2475 4201 2603 4258 Εἶτα
2652 4205 2985 4276 ἑρμηνεῦσαι
3037 4209 3171 4276 ἡμῖν
3218 4206 3511 4279 βουλομένη
3557 4213 3590 4284 ή
3642 4212 3758 4266 θεία

2088 4282 2277 4353 Γραφὴ
2299 4283 2392 4336 τοῦ
2413 4285 2671 4354 ὀνόματος
2693 4283 2790 4354 τὴν
2816 4286 3206 4355 προσηγορίαν,
3233 4288 3414 4357 φησιν’
3437 4282 3627 4355 Οὗτος
3652 4289 3759 4359 ἤλ-

2087 4378 2268 4418 πισεν
2281 4366 2691 4420 ἐπικαλεῖσθαι
2712 4366 2779 4420 τὸ
2810 4368 2997 4435 ὄνομα
3027 4369 3247 4436 Κυρίου
3276 4371 3423 4443 [178]
3447 4373 3554 4427 τοῦ
3587 4376 3752 4427 θεοῦ.

2087 4446 2197 4499 Καὶ⁸
2224 4447 2332 4517 γὰρ
2356 4448 2419 4500 ἐκ
2445 4446 2631 4499 τούτου
2659 4447 2845 4501 λοιπὸν
2872 4448 2971 4519 τὴν
2996 4449 3170 4521 ἀρχὴν
3205 4451 3385 4521 μέλλει
3427 4454 3695 4509 ποιεῖσθαι
3727 4456 3756 4507 6

2090 4529 2354 4599 μακάριος
2412 4529 2694 4600 προφήτης
2739 4530 2838 4599 τῆς
2881 4531 3263 4600 γενεαλογίας,
3321 4536 3415 4587 τοῦ
3475 4535 3613 4589 Κάῐν
3655 4538 3754 4609 τὴν

2089 4611 2308 4681 μνήμην
2340 4610 2822 4681 ἀποπεμψάμενος,
2856 4613 2948 4666 καὶ
2992 4613 3099 4667 τῶν
3154 4613 3213 4678 ἐξ
3264 4615 3427 4669 αὐτοῦ
3469 4617 3627 4689 μέχρι
3657 4618 3751 4671 του

2085 4694 2277 4764 Λάμεχ
2297 4695 2615 4762 γεγονότων,
2648 4697 2740 4749 καὶ
2767 4696 2954 4768 ἐπειδὴ
2981 4695 3079 4768 τὴν
3111 4697 3218 4750 ὰπὸ
3240 4697 3338 4768 τῆς
3365 4698 3577 4766 φύσεως
3604 4700 3753 4767 αύτῷ

2086 4776 2375 4846 προεδρίαν
2420 4778 2768 4849 χαρισθεῖσαν
2819 4777 2865 4844 ί,
2907 4780 3006 4851 τὴν
3043 4779 3150 4832 τῶν
3202 4780 3556 4850 πρωτοτόκων
3586 4781 3749 4847 λέγω,

2084 4858 2149 4928 τῇ
2190 4859 2357 4931 κακίᾳ
2396 4862 2493 4930 τῆς
2540 4861 2910 4933 προαιρέσεως
2940 4862 3265 4931 ἐλυμήνατο,
3301 4860 3618 4915 ἐκϐάλλεται
3651 4862 3750 4931 μὲν

2084 4942 2265 5007 αὐτὸς,
2295 4947 2390 4998 καὶ
2415 4948 2463 4999 οἱ
2490 4945 2547 5012 ἐξ
2575 4946 2762 5012 αὑτοῦ,
2789 4945 2882 4998 τοῦ
2919 4945 3246 5012 καταλόγου·
3274 4945 3302 4995 6
3328 4942 3386 4996 δέ
3428 4944 3535 5015 Σήθ
3566 4945 3751 5000 λοιπὸν

2082 5026 2220 5098 ὅπερ
2262 5027 2361 5080 ούκ
2404 5026 2548 5099 εῖχεν
2581 5029 2688 5082 ἀπὸ
2739 5028 2839 5096 τῆς
2877 5027 3109 5096 φύσεως,
3156 5025 3343 5079 τούτου
3389 5028 3478 5082 διά
3519 5028 3616 5101 τὴν
3650 5032 3748 5102 τῆς

2083 5109 2454 5180 προαιρέσεως
2500 5109 2916 5178 εὐγνωμοσύνην
2971 5106 3233 5174 ἀξιοῦται,
3287 5110 3381 5162 καὶ⁹
3427 5111 3507 5173 είς
3559 5109 3747 5164 τοῦτον

2086 5190 2399 5260 μεθίσταται
2436 5190 2617 5243 λοιπὸν
2656 5191 2724 5243 τὰ
2765 5189 2863 5258 τῆς
2895 5191 3283 5262 πρωτοτοκίας,
3317 5192 3365 5244 εἰ
3410 5194 3504 5246 καὶ
3548 5193 3625 5266 μὴ
3660 5191 3749 5247 διὰ

2080 5273 2179 5343 τὴν
2207 5272 2388 5342 φύσιν,
2414 5273 2548 5327 ἀλλά
2572 5273 2660 5325 διὰ
2705 5272 2803 5341 τὴν
2844 5272 2942 5342 τῆς
2972 5274 3336 5344 προαιρέσεως
3364 5276 3609 5347 γνώμην,
3655 5279 3748 5330 καὶ

2079 5355 2128 5407 οἰ
2161 5357 2226 5409 ἐκ
2252 5356 2444 5409 τούτου
2480 5356 2786 5426 τικτόμενοι
2812 5355 2911 5424 τῆς
2943 5354 3288 5425 γενεαλογίας
3319 5356 3612 5424 ἀξιοῦνται.
3634 5361 3745 5414 Καὶ

2079 5441 2268 5509 ῶσπερ
2294 5431 2448 5499 οὗτος
2482 5436 2644 5500 Ἐνὼς
2666 5436 2868 5509 ἐκλήθη
2895 5436 2983 5489 διὰ
3007 5438 3068 5490 τὸ
3092 5438 3465 5494 ἐπικαλεῖσθαι
3487 5440 3548 5494 τδ
3574 5440 3744 5509 ὄνομα

2080 5520 2282 5590 Κυρίου
2305 5520 2397 5573 τοῦ
2431 5519 2585 5582 Θεοῦ,
2607 5519 2750 5573 οὕτω
2784 5522 2876 5573 καὶ
2911 5522 2958 5573 οί
2995 5522 3059 5573 ἐκ
3081 5520 3268 5574 τούτου
3297 5520 3479 5574 λοιπὸν
3503 5523 3563 5574 τὸ
3588 5522 3743 5588 γένος

2079 5603 2438 5672 καταγόμενοι
2493 5602 2592 5672 τῆς
2651 5602 2823 5672 αὐτῆς
2873 5600 3146 5668 ἀξιοῦνται
3203 5602 3592 5673 προσηγορίας.
3643 5603 3743 5657 Διὰ

2076 5683 2233 5737 τοῦτο
2267 5685 2358 5738 καὶ
2390 5685 2418 5736 6
2462 5685 2728 5754 μακάριος
2768 5678 2922 5748 οὗτος
2965 5687 3246 5756 προφήτης
3280 5685 3509 5737 ἐνταῦθα
3540 5686 3739 5754 στήσας

2076 5765 2174 5835 τὴν
2197 5766 2448 5836 διήγησιν
2474 5767 2634 5821 πάλιν
2662 5768 2835 5839 ἀρχὴν
2869 5768 3057 5838 ἑτέραν
3084 5768 3329 5819 ποιεῖται,

2140 5923 2161 5950 ο
2204 5920 2299 5969 Alii
2328 5925 2372 5970 οἱ
2410 5931 2493 5992 τῆς
2531 5930 2703 5992 γενεᾶς.
2732 5923 2919 5992 “<fqu
2941 5922 3202 5992 mss..'r6._."
3222 5919 3542 5992 γεγενημένον.
3580 5915 3732 5968 Savil.

2074 5984 2226 6031 τῶν...
2252 5981 2587 6046 γεγενημένων.
2660 5990 2682 6016 θ
2716 5986 2811 6034 Alii
2836 5986 2987 6046 χάριν.
3059 5982 3079 6021 ἰ
3106 5983 3203 6031 Alii
3228 5981 3576 6041 ἁφορισθεῐσαν.

3238 6064 3298 6100 ll
