4074 6134
294 313 425 367 Τι’ῗῦ

392 429 454 480 ε’.
490 426 626 480 Ἀλλ’
652 427 736 481 ἴνα
772 426 847 498 μὴ
882 425 1172 498 ἀρξάμενοι
1194 427 1287 481 τοῦ
1338 428 1674 509 διηγήματος
1697 445 1723 474 ι
1748 434 1828 498 είς
1852 433 1986 488 πολὺ

284 553 297 575 ε
322 511 499 583 μῆκος
536 513 862 583 ἐκτείνωμεν
900 512 997 583 τὴν
1030 513 1396 577 διδασκαλίαν,
1429 516 1662 571 ἐνταῦθα
1702 519 1797 572 καὶ
1830 521 1992 589 ἡμεῖς

288 599 570 672 εκαθάπερ
622 601 651 653 ὁ
700 603 965 670 μακάριος
1008 595 1164 664 οὗτος
1213 604 1499 675 προφήτης
1545 604 1990 674 καταπαύσωμεν

294 685 412 739 ’τὸν
436 686 608 756 λόγον,
632 687 711 750 είς
739 685 837 758 τὴν
871 686 1018 757 ἑξῆς,
1046 687 1139 742 ἐὰν
1171 687 1201 739 ὁ
1234 688 1365 752 Θεὸς
1404 689 1691 763 ἐπιτρέπῃ,
1725 689 1835 743 τῶν
1868 691 1992 743 ἐπο-

324 771 498 842 μένων
523 772 619 844 τὴν
647 773 940 850 ἑρμηνείαν
978 778 1425 845 ταμιευσάμενοι.
1463 776 1614 841 Τέως
1663 777 1719 829 65
1766 776 1856 829 51:l
1893 776 1986 829 :06

320 858 582 931 παρόντος
623 860 796 912 ἐκεῖνο
850 859 1228 929 παρακαλέσαι
1295 859 1392 928 τὴν
1452 861 1720 933 ὑμετέραν
1771 863 1989 931 ἀγάπην

323 943 601 1014 βούλομαι,
626 944 763 998 ὥστε
794 946 1134 1015 καρποῦσθαί
1163 963 1214 999 τι
1251 945 1410 1001 πλέον
1437 948 1502 999 ὲκ
1528 947 1637 1000 τῶν
1667 950 1792 1018 παρ’
1832 946 1988 1017 ήμῶν

322 1028 652 1103 λεγομένων,
694 1032 786 1084 καὶ
837 1031 959 1085 καθ’
999 1032 1233 1103 ἑκάστην
1273 1033 1481 1104 ᾐμέραν
1528 1034 1754 1097 ἑαυτοὺς
1792 1033 1990 1104 διερευ-

322 1123 537 1188 νᾶσθαι,
567 1124 618 1176 τί
651 1123 748 1195 μὲν
781 1127 844 1176 ὲκ
879 1124 1094 1194 ,ταύτης
1132 1126 1228 1196 τῆς
1259 1125 1601 1189 διδασκαλίας
1639 1125 1985 1196 ὲκερδάνατε,

319 1211 373 1264 τί
405 1210 460 1264 δὲ
498 1212 562 1264 ἐκ
583 1211 679 1281 τῆς
706 1211 914 1280 ἐτέρας,
953 1210 1048 1264 καὶ
1089 1211 1164 1282 μὴ
1199 1211 1356 1283 μόνον
1381 1212 1543 1283 μέχρι
1570 1213 1670 1282 τῆς
1705 1212 1873 1282 ἀκοῆς
1906 1212 1990 1264 δέ·

304 1297 509 1366 ,χεσθαι
543 1296 609 1349 τὰ
655 1298 782 1368 παρ’
809 1296 972 1367 ⁴ήμῶν
1017 1296 1303 1367 λεγόμενα,
1336 1298 1472 1352 ἀλλὰ
1499 1298 1594 1352 καὶ
1641 1300 1720 1362 είς
1750 1298 1847 1370 τὴν
1883 1298 1991 1352 διά-

305 1403 471 1439 ινοιαν
503 1385 656 1456 ὑμῶν
682 1386 825 1439 αὐτά
853 1385 1285 1453 ἐναποτίθεσθαι,
1314 1387 1412 1441 ικαὶ
1446 1390 1511 1460 τῇ
1550 1391 1763 1458 συνεχεῖ
1791 1387 1989 1460 μελέτῃ

325 1473 531 1541 παγίαν
578 1473 758 1526 αὐτῶν
815 1474 912 1545 τὴν
958 1475 1179 1545 μνήμην
1226 1475 1517 1529 ποιεῖσθαι.
1570 1474 1835 1545 Βούλομαι
1880 1474 1988 1545 γὰρ

319 1560 468 1629 ὑμᾶς
504 1561 583 1631 μὴ
616 1560 776 1630 μόνον
805 1562 1013 1624 ἑαυτοῖς
1061 1562 1269 1632 ἀρκεῖν,
1297 1562 1430 1615 ἀλλά
1479 1563 1572 1615 καλ⁵
1617 1563 1819 1634 ἑτέροις
1852 1561 1989 1614 διδα-

324 1644 553 1708 σκάλους
578 1644 843 1713 γίνεσθαι,
872 1645 1011 1699 ὥστε
1041 1646 1300 1700 δύνασθαι
1327 1648 1420 1700 καὶ
1444 1648 1665 1718 ἐτέρους
1699 1648 1984 1713 νουθετεῖν,

316 1730 419 1784 καὶ
449 1731 522 1803 μή
555 1731 642 1785 διὰ
673 1731 845 1799 λόγων
884 1732 1044 1802 μόνον
1072 1732 1230 1786 τοῦτο
1258 1736 1447 1797 ποιεῖν,
1472 1734 1608 1787 ἀλλά
1638 1737 1730 1789 καί
1761 1734 1847 1788 διὰ
1879 1734 1987 1788 τῶν

322 1817 496 1889 ἔργων
547 1819 819 1871 παιδεύειν
870 1819 997 1882 τοὺς
1047 1817 1267 1890 πλησίον
1323 1820 1457 1892 πρὸς
1501 1821 1599 1892 τὴν
1646 1824 1745 1892 τῆς
1788 1822 1986 1893 ἀρετῆς

320 1904 676 1976 κατόρθωσιν.
724 1904 1004 1976 Ἐννόησον
1056 1906 1163 1976 γάρ
1217 1924 1329 1977 μοι,
1392 1908 1475 1960 ὃαι
1532 1910 1583 1960 εἰ
1640 1908 1985 1981 βουληθείητε

319 1991 442 2045 καθ’
469 1991 704 2061 ἑκάστην
737 1990 950 2061 ἡμέραν
983 1992 1214 2045 ἐνταῦθα
1242 1993 1673 2065 παραγενόμενοι
1704 1994 1898 2065 μικρόν
1934 2013 1985 2046 τι

322 2078 485 2148 μέρος
506 2077 882 2150 καρποῦσθαι,
934 2079 1028 2131 καὶ
1069 2078 1175 2133 τῶν
1222 2079 1582 2149 ἐνοχλούντων
1623 2082 1751 2151 ὑμῖν
1800 2080 1986 2134 παθῶν

316 2163 597 2233 διόρθωσιν
639 2162 984 2233 ποιήσασθαι,
1033 2162 1147 2226 πῶς
1188 2165 1309 2217 κατ’
1336 2164 1514 2234 ὀλίγον
1551 2166 1632 2228 είς
1679 2165 1847 2236 αὐτὴν
1887 2164 1987 2234 τῆς

318 2251 515 2320 ἀρετῆς
544 2250 643 2320 τῂν
670 2250 845 2320 ἄκραν
881 2251 1123 2321 κορυφὴν
1154 2251 1458 2306 ἐλεύσεσθε.
1495 2253 1627 2307 Οὐδὲ
1676 2253 1784 2322 γὰρ
1821 2252 1986 2306 παυό-

321 2336 459 2404 μεθα
489 2338 573 2404 ἐφ’
602 2335 838 2405 ἑκάστης
877 2336 1264 2406 διαλεγόμενοι,
1309 2338 1419 2391 κα¹ι⁷
1458 2340 1584 2409 περὶ
1630 2340 1727 2411 τῆς
1759 2339 1986 2410 ἀρίστης

318 2419 595 2486 πολιτείας
643 2424 771 2491 ὑμῖν
832 2424 1189 2493 ὲνηχοῦντες,
1240 2423 1380 2478 ὥστε
1428 2426 1496 2479 :6
1541 2427 1761 2497 ὀλέθρια
1812 2426 1984 2481 ταῦτα

317 2511 463 2580 πάθη
493 2510 802 2574 ἐκκόπτειν,
849 2510 942 2564 τὸν
983 2510 1151 2582 θυμὸν
1198 2512 1360 2581 λέγω,
1402 2513 1498 2586 τὴν
1531 2513 1848 2584 βασκανίαν,
1892 2519 1983 2571 τὸν

316 2596 532 2666 φθόνον.
564 2597 779 2651 Τούτων
819 2597 928 2670 γὰρ
967 2599 1382 2669 ἀναιρεθέντων,
1414 2602 1773 2675 εὐκολώτερον
1816 2606 1909 2658 καὶ
1950 2608 1983 2678 ή

315 2684 446 2754 περὶ
470 2683 536 2737 :6
565 2685 823 2755 χρήματα
857 2686 1021 2756 μανία
1043 2686 1325 2757 διόρθωσιν
1352 2687 1581 2758 λήψεται
1611 2691 1704 2744 καὶ
1732 2692 1829 2761 τῆς
1859 2694 1984 2763 1:59l

314 2771 385 2824 :6
410 2772 665 2842 χρήματα
696 2773 889 2841 μανίας
916 2772 1073 2828 πάλιν
1102 2773 1417 2846 παυθείσης,
1453 2776 1591 2846 μετὰ
1619 2776 1859 2841 πλείονος
1885 2780 1985 2849 τῆς

313 2857 497 2921 ἀδείας
532 2858 582 2910 οί
626 2857 816 2912 ἄτοποι
857 2858 1104 2930 λογισμοὶ
1153 2860 1247 2914 καὶ
1285 2863 1340 2914 αί
1384 2863 1607 2933 αἰσχραὶ
1658 2864 1984 2936 ἐνθυμήσεις

296 2945 841 3017 ’κατασταλήσονταν
892 2945 1046 3011 Ῥίζα
1079 2947 1185 3018 γὰρ
1217 2947 1434 3003 πάντων
1480 2949 1589 3002 τῶν
1620 2951 1804 3005 κακῶν
1832 2954 1982 3005 ἐστιν

315 3035 348 3103 ή
379 3032 725 3104 φιλαργυρία.
766 3032 867 3088 ’Ἂν
893 3034 1069 3087 τοίνυν
1101 3034 1198 3104 τὴν
1231 3035 1383 3105 ῥίζαν
1425 3037 1763 3108 ἐκτέμωμεν,
1804 3040 1897 3093 καὶ
1923 3040 1984 3106 ἐξ

314 3120 476 3173 αὐτοῦ
499 3121 593 3174 τοῦ
623 3121 817 3191 βάθους
840 3121 1007 3191 αὐτὴν
1037 3122 1459 3192 ἀνασπάσωμεν,
1486 3125 1848 3196 εὐκολώτερον
1874 3127 1981 3181 τῶν

314 3206 528 3260 κλάδων
556 3208 943 3277 περιεσόμεθα.
982 3209 1048 3260 Ἦ
1086 3207 1194 3279 γὰρ
1217 3210 1506 3279 ἀκρόπολις
1532 3212 1640 3265 τῶν
1665 3214 1868 3276 κακῶν,
1887 3216 1981 3269 καλ⁸

318 3298 349 3351 ὁ
378 3292 637 3362 κολοφὼν,
678 3293 754 3356 ὡς
788 3295 982 3357 εἰπεῖν,
1004 3294 1112 3347 τῶν
1152 3296 1580 3367 ἁμαρτημάτων,
1613 3301 1646 3371 ή
1677 3300 1847 3355 λύσσα
1873 3304 1981 3358 τῶν

313 3380 610 3449 χρημάτων
640 3379 808 3444 ἐστὶν,
836 3374 904 3451 ἦς
936 3382 986 3433 εί
1012 3380 1562 3456 βουληθείημενμῚθ]
1578 3388 1977 3456 περιγενέσθαι,

308 3465 465 3519 οὐδὲν
498 3465 558 3518 :6
590 3464 794 3519 κωλύον
818 3465 912 3520 καὶ
953 3466 1154 3537 ταύτην
1182 3469 1281 3539 τὴν
1333 3471 1527 3540 μανίαν
1571 3474 1851 3542 ἐκφυγεῖν,
1888 3478 1980 3531 καὶ

302 3552 454 3622 ,μετὰ
482 3552 685 3624 ταύτης
715 3554 1123 3611 συνανασπάσαι
1159 3557 1253 3609 καὶ
1281 3558 1533 3628 ἐκτεμεῖν
1564 3559 1740 3615 πάντα
1764 3562 1833 3616 :6
1855 3562 1970 3618 ὀλέ-

298 3639 437 3709 τθρια
461 3639 625 3710 πάθη.
666 3640 776 3695 Καὶ
815 3640 888 3713 μὴ
915 3641 1170 3712 νομίσητε
1196 3643 1338 3713 μέγα
1359 3661 1411 3698 τι
1437 3645 1532 3700 καὶ
1561 3648 1815 3718 φορτικὸν
1841 3646 1978 3705 εἶναι

307 3727 369 3780 :6
386 3728 682 3798 χρημάτων
714 3727 1005 3798 ὑπεριδεῖν·
1041 3729 1206 3781 Ὅταν
1247 3729 1354 3802 γὰρ
1381 3732 1637 3803 ἐννοήσω,
1674 3735 1757 3789 ὅτι
1796 3737 1979 3790 πολλοὶ

306 3813 415 3867 τῶν
444 3813 744 3884 ἀνθρώπων
766 3813 854 3867 διὰ
882 3814 1043 3885 κενὴν
1070 3816 1163 3869 καὶ
1191 3816 1446 3888 ἀνόνητον
1473 3819 1783 3890 φιλοτιμίαν
1809 3823 1977 3878 πολλά

306 3900 531 3972 χρυσίου
562 3900 799 3955 τάλαντα
844 3899 1055 3971 ἐξέχεον
1101 3903 1179 3965 είς
1228 3902 1379 3956 οὐδὲν
1411 3904 1558 3969 δέον,
1604 3906 1719 3960 ἀλλ’
1756 3909 1841 3963 ἵνα
1876 3910 1975 3982 τὴν

307 3990 460 4062 παρὰ
482 3990 590 4043 τῶν
617 3988 892 4061 ἀγοραίων
912 3989 1002 4043 καὶ
1030 3988 1448 4060 τριοδολιμαίων
1474 3991 1733 4058 πολλάκις
1761 3996 1971 4068 ἀνθρώ-

306 4093 425 4129 πων
452 4077 727 4146 εὐφημῗαν
758 4075 1180 4146 καρπώσωνται,
1201 4074 1299 4145 τὴν
1319 4076 1425 4146 πρὸ
1445 4078 1542 4147 τῆς
1565 4081 1801 4153 ἑσπέρας
1822 4085 1974 4149 τέλος

305 4161 707 4232 λαμϐάνουσαν,
742 4160 998 4223 πολλάκις
1023 4160 1080 4213 δὲ
1125 4161 1245 4214 οὑδέ
1276 4163 1435 4233 μέχρι
1467 4167 1566 4236 τῆς
1591 4168 1827 4239 ἑσπέρας
1857 4171 1973 4226 δια-

308 4248 591 4320 μείνασαν,
618 4248 756 4303 ἀλλά
786 4247 880 4301 καὶ
901 4248 1030 4316 πρὶν
1055 4246 1088 4318 ἢ
1121 4247 1473 4320 πληρωθῆναι
1505 4252 1605 4324 τὴν
1631 4254 1842 4326 ἡμέραν
1873 4275 1974 4326 μυ-

302 4337 443 4408 ρίοις
472 4336 668 4399 αὐτοὺς
698 4333 1128 4405 περιϐάλλουσαν
1162 4338 1350 4400 κακοῖς
1372 4352 1386 4366 ·
1416 4336 1616 4410 [ἕτεροι
1642 4341 1698 4395 δὲ
1741 4344 1846 4398 τῶν
1879 4347 1973 4401 ἐπὶ

301 4424 368 4492 τῇ
391 4421 566 4491 πλάνῃ
588 4425 652 4492 τῇ
692 4421 977 4494 Ἑλληνικῇ
1011 4422 1590 4496 προκατειλημμένων,
1615 4429 1780 4486 πάλιν
1803 4430 1891 4486 διὰ
1910 4434 1972 4488 :6

303 4509 442 4579 1:96;
472 4509 567 4579 τὴν
598 4508 706 4561 τῶν
733 4508 1033 4578 ἀνθρώπων
1076 4509 1373 4581 ἐπτοῆσθαι
1417 4512 1595 4580 δόξαν,
1631 4518 1725 4571 καὶ
1765 4519 1970 4593 ταύτην

302 4596 429 4664 περὶ
456 4593 650 4647 πολλοῦ
679 4594 967 4656 ποιεῖσθαι,
998 4595 1176 4649 πάντα
1197 4596 1265 4650 τὰ
1292 4597 1421 4650 ὄντα
1453 4600 1726 4670 ῥίψαντες,
1774 4607 1867 4659 καὶ
1912 4608 1970 4661 ἓν

302 4684 465 4753 μόνον
500 4681 785 4755 τριϐώνιον
817 4681 1027 4744 ἑαυτοῖς
1048 4682 1438 4749 καταλιπόντες
1460 4685 1489 4725 h
1510 4688 1603 4741 καὶ
1632 4689 1965 4763 βακτηρίαν,

296 4767 440 4824 οὕτω
466 4769 557 4823 τὸν
590 4770 804 4825 ἅπαντα
826 4768 940 4839 βίον
966 4767 1235 4835 διάγουσι,
1260 4769 1437 4823 πάντα
1458 4772 1549 4825 τὸν
1576 4776 1737 4830 πόνον
1760 4780 1965 4837 ἐκεῖνον

242 4877 244 4881 ·
298 4856 392 4910 καὶ
411 4857 506 4928 τὴν
536 4856 908 4929 ταλαιπωρίαν
927 4854 1014 4909 διὰ
1050 4853 1146 4941 τήν
1170 4854 1321 4925 παρά
1342 4855 1452 4908 τῶν
1472 4857 1771 4930 ἀνθρώπων
1796 4867 1965 4941 εὐφη-

302 4942 431 5014 μίαν
457 4945 744 5015 ὑπομένειν
765 4939 1126 5015 αἱρούμενον]
1160 4941 1287 4995 ὅταν
1319 4943 1499 4998 τοίνυν
1529 4947 1701 5003 ταῦτα
1734 4939 1962 5021 λογίσῴ-

298 5046 416 5099 μαι,
444 5029 544 5085 οὐκ
574 5025 690 5084 οῖδα
724 5029 883 5087 ποίαν
924 5028 1117 5098 έξομεν
1162 5027 1461 5098 ἀπολογίαν
1510 5033 1543 5105 ἢ
1597 5040 1960 5112 συγγνώμην,

293 5116 415 5169 οὑδέ
438 5115 499 5168 :6
528 5114 816 5170 πολλοστὸν
851 5114 1075 5169 ἐκείνων
1103 5115 1192 5169 διὰ
1229 5116 1331 5187 τὴν
1370 5120 1519 5189 παρᾶ
1561 5122 1655 5176 τοῦ
1698 5125 1834 5180 Θεοῦ
1872 5130 1959 5182 δο-

294 5204 480 5258 θεῖσαν
508 5202 726 5276 ἐντολὴν
760 5202 1023 5276 προέσθαι
1063 5203 1399 5274 ἀνεχόμενοι,
1443 5210 1535 5263 καὶ
1565 5209 1652 5265 διὰ
1678 5213 1778 5284 τὴν
1806 5215 1960 5283 δόξαν

295 5291 511 5363 ἐκείνην
549 5290 649 5363 τὴν
678 5291 943 5347 ἀθάνατον
984 5292 1080 5346 καὶ
1119 5292 1295 5364 πέρας
1339 5294 1438 5348 οὐκ
1475 5295 1737 5367 ἔχουσαν,
1770 5303 1905 5358 ἀλλά
1934 5317 1956 5346 ο

292 5379 388 5435 καὶ
412 5380 635 5434 ἐκείνων
661 5379 875 5452 χείρους
904 5380 1200 5449 γινόμενοι,
1245 5380 1340 5433 καὶ
1368 5382 1503 5451 μηδὲ
1536 5385 1659 5438 ὅσον
1690 5388 1751 5440 τὸ
1796 5392 1959 5460 μέσον

292 5467 614 5530 ἐννοοῦντες·
644 5469 728 5522 ὅτι
753 5469 947 5522 ἐκεῖνοι
982 5468 1080 5538 μὲν
1108 5466 1321 5538 διὰτὴν
1348 5470 1497 5540 παρά
1525 5471 1633 5527 τῶν
1654 5476 1959 5548 ἀνθρώπων

291 5555 400 5607 τῶν
433 5554 706 5625 ὁμογενῶν
746 5555 1000 5627 ἀνόνητον
1045 5552 1321 5623 εὐφημίαν
1362 5557 1597 5611 τοσαῦτα
1640 5565 1956 5632 προΐενται·

360 5744 383 5770 ο
411 5744 496 5813 Sig
510 5746 865 5823 quinqu‘e-tlnss.
894 5754 1049 5823 τρεῖς.
1079 5747 1174 5819 Alii
1214 5745 1710 5823 :06'6va7véqpa‘rog
1782 5757 1811 5797 ι»
1832 5759 1957 5823 mag,

298 5804 620 5882 5.136606%“.
652 5804 709 5882 ⁷⁷⁸
744 5810 872 5882 Huic,
906 5809 1209 5882 1:665:05:qu
1245 5804 1700 5875 χείρουςγινὰμενοι,
1726 5804 1959 5882 υςψῖξ

323 5867 579 5928 δικέωμεν
600 5868 771 5932 τοίνυν,
795 5871 972 5920 desum
992 5870 1042 5920 in
1061 5867 1260 5922 Coislinl

1143 312 1199 367 S.
1239 312 1526 370 JOANNIS
1560 313 2047 372 CHRYSOSTOMI
2087 316 2401 376 A‘RCIIIEP.
2437 316 2996 376 CONSTANTINOP.

3650 308 3761 365 ’Πὸ

2092 434 2251 505 ἡμεῖς
2281 436 2337 491 δὲ
2367 437 2456 493 6:6
2480 438 2570 492 :6v
2598 435 2874 504 Δεσπότην
2920 432 3015 486 τὸν
3051 429 3339 502 ἡμέτερον,
3385 426 3471 480 τὸν
3513 423 3605 478 καὶ
3646 422 3781 489 τῶν¹

2089 516 2454 588 ὑπηργμένων
2479 519 2735 590 χορηγὸν,
2762 517 2858 571 καὶ
2897 514 3112 577 ἐκείνας
3150 512 3250 575 τὰς
3288 509 3631 581 ἀπορρήτους
3657 507 3760 559 δω-

2091 603 2220 673 ρεὰς
2264 606 2433 673 ὲπαγγ
2449 605 2751 675 ελλόμενον,
2801 604 2923 658 οὐδὲ
2949 600 2976 639 ἀ
3011 602 3072 654 :6
3108 599 3268 669 τυχδν
3300 596 3558 658 πολλάκις
3587 611 3755 665 μεταο

2087 688 2284 743 διδόναι
2304 693 2416 754 τοῖς
2443 690 2755 761 πενομένοις
2782 687 3100 760 αἱρούμεθα.
3124 687 3233 739 Καὶ
3258 680 3759 750 ποίοιςιὸφθαλμοῖς

2089 775 2329 846 ὁᾠόμεθα
2362 777 2453 831 τὸν
2494 775 2687 849 κριτὴν
2718 776 2820 846 τῆς
2852 774 3027 839 οὓτως
3055 772 3278 828 εὐκόλου
3327 769 3544 840 ἐντολῆς
3587 781 3761 820 κατα-

2094 862 2411 933 μελοῦντεςς
2455 866 2545 936 Μὴ
2579 864 2688 935 γὰρ
2720 864 2896 918 πάντα
2939 861 3009 917 τά
3051 863 3181 916 ὄντα
3226 860 3378 931 ῥῖψαι
3424 854 3756 929 προτρέπως

2103 949 2363 1003 Ἀπόλαυε
2393 951 2572 1021 πάσης
2613 949 2869 1014 ἀνέσεως.
2899 948 2993 1003 καὶ
3029 948 3127 1018 τὴν
3173 945 3367 1000 ἑαυτοῦ
3400 943 3589 1015 χρείαν
3617 940 3757 1011 πλη-

2091 1034 2272 1107 ρώσας
2310 1036 2379 1091 τὰ
2422 1035 2652 1107 περιττὰ
2697 1036 2791 1090 καὶ
2837 1035 2959 1104 εἰκῆ
3004 1034 3230 1105 κείμενα
3272 1030 3447 1085 ταῦτα
3480 1029 3757 1096 ἀναγκαῖα

2091 1122 2336 1192 ποίησον,
2358 1124 2451 1178 καὶ
2478 1127 2593 1187 τοῖς
2619 1121 2764 1194 λιμῷ
2792 1120 3134 1191 πιεζομένοις
3162 1118 3257 1173 καὶ
3286 1117 3389 1171 ὑπὸ
3416 1115 3508 1170 τοῦ
3538 1112 3752 1187 κρυμοῦ

2090 1208 2458 1279 πηγνυμένοις
2509 1210 2716 1273 τούτοις
2753 1209 3025 1278 διάνειμαι
3049 1215 3095 1270 θ,
3144 1207 3239 1261 καλ⁵
3272 1205 3361 1259 διά
3397 1204 3499 1274 τῆς
3546 1203 3758 1256 τούτων

2090 1288 2388 1366 χειρὸςλεῑς
2431 1296 2527 1367 τὴν
2562 1296 2757 1353 ἑαυτοῦ
2795 1296 3028 1367 πατρίδα
3069 1295 3397 1364 διαπέμπου,
3439 1294 3506 1363 ἣν
3546 1289 3662 1360 μετ’
3690 1288 3752 1342 06

2092 1381 2225 1435 πολύ
2254 1381 2416 1453 λήψῃ.
2465 1378 2622 1437 Οὗτοι
2663 1383 2772 1452 γὰρ
2805 1383 3037 1453 μάλιστα
3081 1379 3397 1451 δυνήσονταί
3432 1395 3515 1431 σοι
3555 1392 3753 1447 χρησι-

2094 1464 2289 1534 μεῦσαι
2336 1468 2473 1537 πρὸς
2510 1467 2609 1538 τὴν
2650 1469 2768 1521 ἐκεῖ
2807 1465 3200 1537 μετακομιδὴν,
3237 1465 3302 1519 ἵν’
3339 1465 3470 1517 ὅταν
3510 1460 3755 1532 ἀπέλθῃς

2091 1553 2224 1616 ἐκεῖ,
2265 1553 2479 1608 ἅπαντα
2517 1554 2684 1627 εὕρῃς
2723 1553 3156 1624 εὐτρεπισμένα,
3200 1552 3294 1605 καὶ
3339 1549 3581 1612 πλείονος
3620 1549 3750 1602 ἀπο-

2089 1638 2294 1709 λαύσῃς
2319 1641 2435 1693 ἐκεῖ
2457 1640 2554 1710 τῆς
2580 1639 2860 1712 εὐπορίας,
2894 1639 3036 1710 ὁρῶν
3058 1638 3230 1694 ταῦτα
3260 1637 3364 1691 61:6
3386 1636 3495 1689 τῶν
3523 1651 3755 1705 μετακο-

2092 1725 2383 1796 μισάντων,
2423 1726 2621 1799 μᾶλλον
2651 1727 2707 1780 65
2743 1727 2848 1780 61:6
2890 1727 2988 1797 τῆς
3038 1725 3131 1780 τοῦ
3176 1723 3310 1778 Θεοῦ
3345 1722 3755 1793 φιλανθρωπίας

2090 1813 2645 1870 πολυπλασιασθέντα.
2684 1814 2776 1886 Μὴ
2818 1813 2926 1885 γάρ
2969 1815 3212 1884 κάματον
3241 1812 3351 1883 ἔχει
3384 1810 3445 1864 :6
3478 1812 3755 1880 πρᾶγμαὶ

2092 1901 2168 1971 μὴ
2192 1901 2301 1973 γάρ
2321 1902 2577 1973 φροντίδα
2598 1901 2718 1958 τινὰ
2744 1904 2837 1956 καὶ
2867 1901 3163 1974 μέριμναν;
3192 1900 3303 1970 Οὐχ
3331 1897 3638 1967 ὑποζυγίων
3667 1914 3751 1949 σοι

2089 1988 2241 2058 χρεία
2274 1989 2409 2058 πρὸς
2439 1989 2539 2060 τὴν
2575 1989 2961 2060 μετακομιδὴν,
2994 1988 3055 2042 οὐ
3085 1987 3179 2042 τοῦ
3228 1986 3606 2055 φυλάττοντος,
3648 1983 3753 2036 οὐκ

2088 2074 2245 2128 ἄλλου
2265 2074 2476 2139 οὐδενὸς
2508 2076 2770 2131 τοιούτου.
2800 2076 2936 2130 Οὔτε
2966 2075 3075 2145 γὰρ
3119 2073 3343 2147 λῃστὴς,
3390 2072 3516 2127 06:5
3552 2088 3751 2140 τοιχω-

2089 2159 2249 2231 ρύχος
2303 2160 2518 2232 ἐκείνην
2555 2161 2755 2231 βαδίζει
2806 2160 2904 2231 τὴν
2953 2161 3091 2226 ὁδὸν,
3145 2161 3234 2214 ἵνα
3275 2157 3609 2229 λυμαίνηται.
3635 2157 3750 2221 τοῖς

2089 2246 2239 2318 παρὰ
2268 2248 2361 2301 σοῦ
2404 2248 2807 2319 πεμπομένοις·
2857 2247 2971 2300 ἀλλ’
3006 2249 3149 2318 άπερ
3199 2248 3266 2318 ἢν
3298 2245 3472 2316 ἀποθῇ
3523 2244 3603 2307 είς
3647 2242 3751 2305 :6;

2086 2333 2192 2387 τῶν
2223 2336 2464 2405 πενήτων
2495 2338 2719 2409 χεῖρας,
2750 2334 2922 2388 ταῦτα
2953 2336 3031 2397 είς
3063 2334 3303 2403 ἀσφαλὲς
3340 2333 3586 2402 ταμιεῖον
3616 2331 3754 2382 ἀπο-

2088 2421 2227 2494 θήσῃ
2262 2421 2358 2492 τὴν
2383 2421 2474 2477 τοῦ
2504 2421 2638 2477 Θεοῦ
2672 2424 2851 2491 χεῖρα.
2881 2420 3031 2492 Αὕτη
3060 2421 3170 2491 γάρ
3200 2421 3457 2490 ἀκέραιον
3507 2419 3604 2472 καὶ
3647 2418 3751 2487 τὴν

2085 2509 2288 2564 τούτων
2326 2509 2566 2581 φυλακὴν
2593 2510 2838 2583 παρέξει,
2865 2511 2959 2564 καὶ
2986 2509 3205 2563 ἐπειδὰν
3228 2508 3525 2581 ὲπανέλθῃς
3547 2511 3628 2571 εἰς
3650 2507 3750 2576 τὴν

2085 2596 2282 2649 οίκείον
2313 2596 2568 2667 πατρίδα,
2607 2599 2744 2668 μετά
2774 2599 2870 2668 τῆς
2901 2597 3126 2652 ἐκείνων
3159 2596 3466 2658 ἀποδόσεως
3495 2594 3589 2648 καὶ
3611 2595 3748 2647 ἀνα-

2087 2683 2331 2754 κηρύξει,
2363 2683 2457 2738 καὶ
2489 2682 2843 2752 στεφανώσει,
2871 2685 2965 2737 καὶ
2994 2686 3052 2737 ὲν
3082 2685 3231 2757 πάσῃ
3260 2681 3410 2754 [180]
3432 2680 3749 2752 εὐρυχωρία

2085 2770 2177 2825 καὶ
2224 2770 2403 2823 ἀνέσει
2436 2772 2790 2841 καταστήσει.
2836 2770 3144 2842 Ἐκχέωμεν
3182 2770 3376 2834 τοίνυν,
3417 2767 3746 2839 παρακαλῶ,

2084 2857 2153 2909 :6
2188 2856 2523 2927 ἀποκείμενα
2571 2859 2649 2920 εἰς
2700 2857 2798 2920 τὰς
2846 2857 2952 2910 τῶν
3003 2858 3247 2926 πενήτων
3292 2855 3600 2925 γαστέρας,
3650 2855 3749 2908 καὶ

2087 2944 2393 3015 σπείρωμεν
2428 2944 2503 3009 ὡς
2546 2944 2625 2997 ἔτι
2673 2945 2881 3017 καιρὸς,
2932 2945 3022 2998 ἴνα
3061 2947 3140 3009 είς
3179 2946 3272 2999 τὸν
3323 2944 3508 2999 δέοντα
3554 2942 3749 3015 καιρὸν

2085 3029 2407 3103 θερίσωμεν,
2441 3030 2461 3069 τ
2486 3032 2580 3085 καὶ
2604 3033 2679 3103 μὴ
2701 3032 3015 3102 προϊέμενοι
3033 3030 3131 3103 τὴν
3158 3031 3439 3103 παροῦσαν
3459 3031 3748 3102 εὐκαιρίαν

2085 3117 2310 3188 ὕστερον
2362 3118 2595 3189 ἀνόνητα
2651 3119 3099 3191 μεταμελώμεθα.
3157 3119 3248 3191 Μὴ
3292 3118 3399 3191 γὰρ
3448 3117 3537 3172 διὰ
3587 3117 3747 3173 τοῦτο

2084 3204 2305 3258 πλείονά
2322 3222 2402 3258 σοι
2426 3206 2741 3277 κεχάρισται
2770 3209 2797 3259 ό
2824 3206 3200 3278 φιλάνθρωπος
3227 3207 3524 3275 Δεσπότης,
3555 3206 3640 3260 ἴνα
3665 3207 3744 3268 είς

2081 3290 2179 3362 τὴν
2210 3291 2401 3346 ἐαυτοῦ
2433 3292 2593 3363 μόνον
2625 3293 2813 3364 χρείαν
2844 3292 3232 3365 καταναλώσῃς
3265 3293 3335 3346 :6
3364 3293 3614 3359 δοθέντα,
3648 3293 3744 3347 καὶ

2079 3379 2148 3430 τά
2184 3377 2344 3431 λοιπά
2371 3378 2635 3448 ταμιείοις
2668 3381 2763 3433 καὶ
2783 3380 3054 3442 κιϐωτίοις
3085 3380 3507 3453 ἐναποκλείσῃςς
3545 3380 3619 3433 Οὐ
3652 3379 3742 3435 διά

2080 3462 2259 3529 τοῦτο,
2289 3462 2403 3516 ἀλλ’
2429 3464 2536 3528 ἵνα,
2573 3465 2714 3518 κατὰ
2742 3465 2842 3535 τὴν
2882 3465 3200 3535 παραίνεσιν
3235 3465 3333 3537 τὴν
3359 3465 3739 3537 ἀποστολικὴν,

2078 3550 2139 3603 :6
2172 3550 2260 3604 σὸν
2293 3551 2633 3623 περίσσευμα
2670 3553 2893 3625 γένηται
2944 3554 3023 3617 είς
3063 3553 3171 3606 τῶν
3214 3554 3389 3608 ἀλλων
3434 3553 3739 3625 ὑστέρημα.

2080 3637 2187 3690 Kal
2215 3637 2280 3691 σύ
2322 3638 2420 3708 μὲν
2454 3637 2583 3702 ίσως
2624 3640 2719 3693 καὶ
2753 3640 2891 3709 ὑπὲρ
2921 3641 3019 3711 τὴν
3044 3641 3231 3711 χρείαν
3271 3640 3600 3707 ἀπολαύεις,
3645 3641 3740 3695 καὶ

2078 3726 2136 3777 ἐν
2158 3726 2223 3794 τῇ
2248 3727 2426 3796 τρυφῇ
2448 3726 2541 3779 καὶ
2567 3726 2626 3779 ἐν
2649 3729 2762 3790 τοῖς
2782 3727 3053 3799 ἐσθήμασι
3072 3727 3168 3782 καὶ
3183 3729 3241 3782 ὲν
3262 3727 3399 3800 ἄλλῃ
3420 3728 3737 3798 πολυτελείᾳ

2079 3810 2253 3881 πολλῷ
2294 3813 2371 3881 τῷ
2402 3812 2628 3884 ἀργύρῳ
2660 3814 3021 3886 κεχρημένος,
3062 3816 3157 3869 καὶ
3186 3815 3347 3887 μέχρι
3376 3816 3485 3870 τῶν
3516 3815 3740 3870 οἰκετῶν

2078 3900 2172 3952 καὶ
2207 3900 2315 3954 τῶν
2349 3901 2558 3969 ἀλόγων
2586 3902 2773 3955 τοῦτον
2811 3902 3176 3974 κερματίζων·
3212 3907 3240 3958 ό
3281 3905 3337 3958 δέ
3388 3904 3556 3974 πένης
3590 3902 3739 3960 οὐδὲν

2076 3985 2277 4040 τούτων
2303 3985 2455 4058 ζητεῖ
2474 3987 2623 4058 παρά
2643 3989 2758 4052 σοῦ,
2792 3990 2824 4061 ἢ
2852 3991 3011 4060 μόνον
3033 3990 3191 4061 λιμὸν
3218 3988 3739 4062 παραμυθήσασθαι,

2076 4071 2169 4124 καὶ
2192 4071 2289 4142 τὴν
2325 4074 2633 4141 ἀναγκαίαν
2660 4075 2849 4146 χρείαν
2886 4076 2979 4130 καὶ
3009 4075 3107 4148 τὴν
3132 4078 3409 4147 ἐφήμερον
3441 4074 3589 4146 αὑτῷ
3613 4092 3742 4145 τρο-

2076 4157 2180 4228 φῆν
2212 4163 2529 4231 παρασχεῖν,
2561 4159 2701 4214 ὥστε
2725 4161 2985 4232 συστῆναι
3012 4164 3107 4217 καὶ
3138 4165 3212 4234 μὴ
3234 4163 3615 4234 διαφθαρῆναι·
3644 4163 3742 4216 καὶ

2073 4247 2192 4299 0665
2229 4247 2385 4301 τοῦτο
2420 4248 2590 4322 ἀνέχῃ
2635 4250 2893 4320 ποιῆσαι,
2939 4252 3060 4305 οὐδὲ
3102 4250 3320 4323 λογίζῃ,
3364 4252 3446 4305 ὅτι
3477 4250 3737 4314 πολλάκις

2072 4334 2265 4405 ἀθρόον
2294 4335 2662 4406 ἀναρπασθεὶς
2694 4336 2762 4389 τὰ
2797 4336 2896 4408 μὲν
2926 4338 3250 4407 συλλεγέντα
3290 4338 3506 4392 ἅπαντα
3548 4336 3734 4391 ἐντεῦ-

2072 4420 2163 4475 θεν
2198 4422 2649 4493 καταλιμπάνεις,
2703 4425 2794 4477 καὶ
2832 4425 3002 4478 ἐνίοτε
3044 4427 3125 4489 εἰς
3169 4424 3397 4496 ἐχθροὶς
3434 4426 3529 4480 καὶ
3577 4424 3737 4479 πολε-

2074 4508 2229 4578 μίους
2272 4507 2444 4563 ταῦτα
2485 4510 2882 4581 μεταστήσεται
2909 4527 2925 4542 ·
2954 4511 3115 4575 αὐτὸς
3161 4512 3218 4564 δὲ
3258 4512 3327 4566 τά
3364 4513 3736 4583 ἁμαρτήματα

2072 4596 2301 4660 ᾶπαντα,
2322 4598 2379 4663 ἐξ
2398 4590 2472 4651 ὧν
2486 4596 2657 4651 ταῦτα
2677 4598 2976 4667 συλλέγεις,
2996 4599 3113 4669 μεθ’
3131 4600 3324 4654 ἑαυτοῦ
3340 4599 3517 4655 λαϐὼν
3535 4601 3664 4655 ἄπει
3684 4602 3732 4655 ⁸.

2070 4683 2181 4736 Καὶ
2198 4683 2251 4736 τί
2275 4699 2401 4736 ποτε
2427 4685 2573 4754 ἐρεῖς
2592 4683 2735 4737 κατά
2752 4684 2851 4755 τὴν
2871 4687 3083 4759 ἡμέραν
3107 4686 3321 4757 ἐκείνην
3340 4686 3437 4757 τὴν
3457 4686 3586 4756 φοϐε
3596 4687 3694 4758 ράν
3714 4704 3732 4754 ;

2066 4771 2120 4823 τί
2146 4770 2204 4823 δὲ
2225 4771 2538 4843 ἀπολογήσῃ
2566 4771 2710 4826 οὕτω
2740 4772 3000 4845 ῥᾳθύμως
3025 4775 3093 4828 τά
3117 4774 3260 4833 κατά
3279 4775 3378 4845 τήν
3400 4775 3596 4830 ἑαυτοῦ
3627 4791 3735 4828 σω-

2064 4856 2260 4927 τηρίαν
2289 4858 2684 4929 οίκονομήσας;
2711 4859 2812 4912 Διά
2837 4859 2995 4914 τοῦτο
3021 4861 3145 4931 ἐμοὶ
3172 4861 3400 4925 πείθοιο,
3425 4864 3519 4915 καὶ
3550 4862 3625 4924 ὡς
3649 4860 3733 4915 ἐτι

2065 4944 2255 5014 καιρὸν
2288 4944 2452 5014 ἔχεις,
2486 4945 2760 5017 διάνειμαι
2792 4946 2862 4999 τά
2890 4947 3120 5017 περιττά
3145 4947 3254 5001 τῶν
3285 4949 3602 5020 χρημάτων,
3643 4948 3732 5001 ἴνα

2062 5030 2162 5100 τὴν
2196 5032 2313 5084 ἐκεῖ
2342 5030 2524 5102 σαυτῷ
2560 5032 2845 5104 προαποοῇ
2883 5034 3175 5105 σωτηρίαν,
3208 5036 3303 5088 καὶ
3344 5036 3453 5087 τῶν
3496 5035 3732 5091 αἰωνίων

2061 5118 2282 5186 ἀγαθῶν
2312 5120 2552 5192 εὑρήσῃς
2590 5122 2691 5190 τὴν
2738 5121 3122 5177 ἀνταπόδοσιν·
3162 5118 3232 5194 ἦς
3276 5123 3488 5191 γένοιτο
3525 5123 3732 5187 πάντας

2062 5208 2209 5277 ἡμᾶς
2246 5209 2539 5276 ἐπιτυχεῖν,
2593 5207 2776 5277 χάριτι
2824 5210 2916 5263 καὶ
2966 5209 3346 5280 φιλανθρωπίᾳ
3392 5210 3484 5263 τοῦ
3520 5211 3732 5279 Κυρίου

2061 5292 2216 5362 ήμῶν
2257 5293 2426 5362 Ἰησοῦ
2473 5293 2728 5363 Χριστοῦ,
2764 5293 2882 5364 μεθ’
2920 5288 2981 5348 06
3004 5294 3081 5366 τῷ
3127 5295 3301 5366 Πατρὶ
3328 5295 3442 5366 ἅμα
3474 5294 3553 5366 τῷ
3588 5296 3731 5367 ἀγίῳ

2063 5379 2336 5449 Πνεὺματι
2366 5380 2512 5446 δόξα,
2546 5381 2765 5450 κράτος,
2798 5381 2952 5453 τιμὴ,
2984 5382 3079 5437 νῦν
3108 5384 3202 5436 καὶ
3228 5383 3334 5450 ἀεὶ,
3368 5385 3463 5437 καὶ
3496 5384 3576 5448 είς
3602 5386 3729 5449 τοὺς

2061 5465 2265 5532 αἰῶνας
2304 5466 2412 5520 τῶν
2442 5468 2672 5525 αἰώνων.
2720 5469 2911 5541 Ἀμήν.

2122 5644 2150 5683 τι
2170 5643 2323 5692 Savil.
2337 5704 2349 5713 ἢ
2363 5649 2417 5713 gl
2442 5650 2545 5693 tres
2560 5658 2692 5713 Inss.
2727 5647 2831 5704 ταῖς
2851 5648 3132 5713 ἀπορρήτοις
3154 5648 3350 5713 ἐκείναις
3372 5651 3567 5713 δωρεαῖς
3590 5652 3729 5713 ἐφελ-

2061 5704 2428 5773 κόμενονιοὺδέ.
2496 5716 2523 5744 ε
2540 5707 2683 5773 _Beg.
2704 5721 2829 5773 u:_Il_ls
2849 5704 3156 5773 πηγνυμένοις
3171 5709 3323 5773 ταῦτα
3338 5704 3568 5773 ήδιάνειμεξ
3600 5704 3727 5762 lhfra

2074 5766 2550 5834 Muri-l._6wﬁcoy:qi
2582 5766 2661 5815 σοι
2691 5766 3013 5834 συλλαϐἐοξθαξ
3035 5772 3166 5833 πρὸς.
3228 5771 3261 5834 ,τ
3285 5766 3552 5834 Seququiia
3576 5809 3587 5829 ,
3634 5786 3727 5834 per

2066 5830 2188 5899 (tuas
2211 5824 2460 5899 el'vlgimj
2485 5832 2664 5899 liueap,
2692 5842 2847 5899 usqu-9
2875 5830 2934 5899 εκ]
2960 5831 3021 5877 τὰ
3041 5824 3164 5899 κατὰ
3186 5824 3463 5899 τήν-ἐαυτοῦ
3484 5824 3723 5899 σωτηίξὶαν

2068 5888 2403 5950 οἰκονομήσας,
2422 5890 2600 5942 desunt
2620 5892 2670 5939 in
2693 5888 2987 5939 Coisliuiano
3004 5892 3186 5941 codice.
3242 5893 3380 5942 ευυο
3403 5906 3514 5941 mss.
3538 5888 3717 5944 ἄπεισι.
