  <div class='ocr_page' id='page_1' title='image "/cluster/home/n/w/nwhite01/storage/ocr_20150623/53/mdp.39015028539479/174.png"; bbox 0 0 4074 6134; ppageno 0'>
   <div class='ocr_carea' id='block_1_1' title="bbox 455 244 560 300">
    <p class='ocr_par' dir='ltr' id='par_1_1' title="bbox 455 244 560 300">
     <span class='ocr_line' id='line_1_1' title="bbox 455 244 560 300; baseline 0.019 -2"><span class='ocrx_word' id='word_1_1' title='bbox 455 244 560 300; x_wconf 71' lang='grc' dir='ltr'><strong>ΠΤ)</strong></span> 
     </span>
    </p>
   </div>
   <div class='ocr_carea' id='block_1_2' title="bbox 523 352 2042 412">
    <p class='ocr_par' dir='ltr' id='par_1_2' title="bbox 523 352 2042 412">
     <span class='ocr_line' id='line_1_2' title="bbox 523 352 2042 412; baseline 0 -2"><span class='ocrx_word' id='word_1_2' title='bbox 523 357 579 410; x_wconf 90' lang='lat'><strong>5.</strong></span> <span class='ocrx_word' id='word_1_3' title='bbox 611 352 831 411; x_wconf 73' lang='lat' dir='ltr'><strong>Muralis</strong></span> <span class='ocrx_word' id='word_1_4' title='bbox 851 354 1135 411; x_wconf 72' lang='lat' dir='ltr'><strong>exhortatio</strong></span> <span class='ocrx_word' id='word_1_5' title='bbox 1162 363 1337 411; x_wconf 76' lang='lat' dir='ltr'><strong>contra</strong></span> <span class='ocrx_word' id='word_1_6' title='bbox 1366 355 1649 409; x_wconf 79' lang='lat' dir='ltr'><strong>avaritiam.</strong></span> <span class='ocrx_word' id='word_1_7' title='bbox 1680 384 1751 395; x_wconf 89' lang='lat'><strong>—-</strong></span> <span class='ocrx_word' id='word_1_8' title='bbox 1779 354 2042 412; x_wconf 73' lang='lat' dir='ltr'><strong>Caeterum</strong></span> 
     </span>
    </p>
   </div>
   <div class='ocr_carea' id='block_1_3' title="bbox 458 445 2047 517">
    <p class='ocr_par' dir='ltr' id='par_1_3' title="bbox 458 445 2047 517">
     <span class='ocr_line' id='line_1_3' title="bbox 458 445 2047 517; baseline -0.002 -15"><span class='ocrx_word' id='word_1_9' title='bbox 458 462 523 502; x_wconf 92' lang='lat' dir='ltr'><strong>ne</strong></span> <span class='ocrx_word' id='word_1_10' title='bbox 570 447 782 517; x_wconf 81' lang='lat' dir='ltr'><strong>incepta</strong></span> <span class='ocrx_word' id='word_1_11' title='bbox 829 445 1060 501; x_wconf 83' lang='lat' dir='ltr'><strong>iectione</strong></span> <span class='ocrx_word' id='word_1_12' title='bbox 1102 445 1372 517; x_wconf 87' lang='lat' dir='ltr'><strong>aliquanto</strong></span> <span class='ocrx_word' id='word_1_13' title='bbox 1411 446 1756 516; x_wconf 77' lang='lat' dir='ltr'><strong>prolixiorem</strong></span> <span class='ocrx_word' id='word_1_14' title='bbox 1803 453 2047 500; x_wconf 88' lang='lat' dir='ltr'><strong>texamus</strong></span> 
     </span>
    </p>
   </div>
   <div class='ocr_carea' id='block_1_4' title="bbox 450 535 2049 607">
    <p class='ocr_par' dir='ltr' id='par_1_4' title="bbox 450 535 2049 607">
     <span class='ocr_line' id='line_1_4' title="bbox 450 535 2049 607; baseline -0.003 -13"><span class='ocrx_word' id='word_1_15' title='bbox 450 552 792 604; x_wconf 85' lang='lat' dir='ltr'><strong>sermonem,</strong></span> <span class='ocrx_word' id='word_1_16' title='bbox 824 535 912 591; x_wconf 86' lang='lat' dir='ltr'><strong>hic</strong></span> <span class='ocrx_word' id='word_1_17' title='bbox 940 542 1100 592; x_wconf 88' lang='lat' dir='ltr'><strong>etiam</strong></span> <span class='ocrx_word' id='word_1_18' title='bbox 1150 552 1248 593; x_wconf 89' lang='lat' dir='ltr'><strong>nos</strong></span> <span class='ocrx_word' id='word_1_19' title='bbox 1285 553 1408 592; x_wconf 92' lang='lat' dir='ltr'><strong>cum</strong></span> <span class='ocrx_word' id='word_1_20' title='bbox 1450 537 1609 592; x_wconf 92' lang='lat' dir='ltr'><strong>beato</strong></span> <span class='ocrx_word' id='word_1_21' title='bbox 1661 535 1920 607; x_wconf 87' lang='lat' dir='ltr'><strong>prepheta</strong></span> <span class='ocrx_word' id='word_1_22' title='bbox 1968 536 2049 590; x_wconf 90' lang='lat' dir='ltr'><strong>di-</strong></span> 
     </span>
    </p>
   </div>
   <div class='ocr_carea' id='block_1_5' title="bbox 455 628 2047 701">
    <p class='ocr_par' dir='ltr' id='par_1_5' title="bbox 455 628 2047 701">
     <span class='ocr_line' id='line_1_5' title="bbox 455 628 2047 701; baseline -0.004 -14"><span class='ocrx_word' id='word_1_23' title='bbox 455 629 612 687; x_wconf 89' lang='lat' dir='ltr'><strong>cendi</strong></span> <span class='ocrx_word' id='word_1_24' title='bbox 658 629 817 684; x_wconf 85' lang='lat' dir='ltr'><strong>finem</strong></span> <span class='ocrx_word' id='word_1_25' title='bbox 857 628 1149 697; x_wconf 77' lang='lat' dir='ltr'><strong>faciamus,</strong></span> <span class='ocrx_word' id='word_1_26' title='bbox 1182 639 1494 701; x_wconf 89' lang='lat' dir='ltr'><strong>sequentem</strong></span> <span class='ocrx_word' id='word_1_27' title='bbox 1530 629 2047 699; x_wconf 82' lang='lat' dir='ltr'><strong>interpretationem,</strong></span> 
     </span>
    </p>
   </div>
   <div class='ocr_carea' id='block_1_6' title="bbox 454 720 2045 791">
    <p class='ocr_par' dir='ltr' id='par_1_6' title="bbox 454 720 2045 791">
     <span class='ocr_line' id='line_1_6' title="bbox 454 720 2045 791; baseline -0.003 -15"><span class='ocrx_word' id='word_1_28' title='bbox 454 723 498 776; x_wconf 73' lang='lat' dir='ltr'><strong>si</strong></span> <span class='ocrx_word' id='word_1_29' title='bbox 528 723 672 778; x_wconf 89' lang='lat' dir='ltr'><strong>Deus</strong></span> <span class='ocrx_word' id='word_1_30' title='bbox 716 720 1044 791; x_wconf 88' lang='lat' dir='ltr'><strong>permiserit,</strong></span> <span class='ocrx_word' id='word_1_31' title='bbox 1087 722 1139 775; x_wconf 93' lang='lat' dir='ltr'><strong>in</strong></span> <span class='ocrx_word' id='word_1_32' title='bbox 1174 723 1338 777; x_wconf 88' lang='lat' dir='ltr'><strong>alium</strong></span> <span class='ocrx_word' id='word_1_33' title='bbox 1365 736 1667 777; x_wconf 91' lang='lat' dir='ltr'><strong>sermonem</strong></span> <span class='ocrx_word' id='word_1_34' title='bbox 1705 729 2045 791; x_wconf 88' lang='lat' dir='ltr'><strong>rcponcntes.</strong></span> 
     </span>
    </p>
   </div>
   <div class='ocr_carea' id='block_1_7' title="bbox 457 812 2050 883">
    <p class='ocr_par' dir='ltr' id='par_1_7' title="bbox 457 812 2050 883">
     <span class='ocr_line' id='line_1_7' title="bbox 457 812 2050 883; baseline -0.001 -14"><span class='ocrx_word' id='word_1_35' title='bbox 457 815 572 869; x_wconf 84' lang='lat' dir='ltr'><strong>Jam</strong></span> <span class='ocrx_word' id='word_1_36' title='bbox 595 822 773 870; x_wconf 92' lang='lat' dir='ltr'><strong>autem</strong></span> <span class='ocrx_word' id='word_1_37' title='bbox 795 812 1121 868; x_wconf 73' lang='lat' dir='ltr'><strong>admonitam</strong></span> <span class='ocrx_word' id='word_1_38' title='bbox 1145 815 1421 869; x_wconf 77' lang='lat' dir='ltr'><strong>caritatem</strong></span> <span class='ocrx_word' id='word_1_39' title='bbox 1448 822 1680 869; x_wconf 87' lang='lat' dir='ltr'><strong>vestram</strong></span> <span class='ocrx_word' id='word_1_40' title='bbox 1707 813 1920 879; x_wconf 79' lang='lat' dir='ltr'><strong>vellem,</strong></span> <span class='ocrx_word' id='word_1_41' title='bbox 1943 826 2050 883; x_wconf 88' lang='lat' dir='ltr'><strong>quo</strong></span> 
     </span>
    </p>
   </div>
   <div class='ocr_carea' id='block_1_8' title="bbox 458 902 2052 974">
    <p class='ocr_par' dir='ltr' id='par_1_8' title="bbox 458 902 2052 974">
     <span class='ocr_line' id='line_1_8' title="bbox 458 902 2052 974; baseline -0.002 -14"><span class='ocrx_word' id='word_1_42' title='bbox 458 904 776 973; x_wconf 81' lang='lat' dir='ltr'><strong>ampliorem</strong></span> <span class='ocrx_word' id='word_1_43' title='bbox 819 903 1102 974; x_wconf 86' lang='lat' dir='ltr'><strong>quemdam</strong></span> <span class='ocrx_word' id='word_1_44' title='bbox 1132 919 1197 959; x_wconf 82' lang='lat' dir='ltr'><strong>ex</strong></span> <span class='ocrx_word' id='word_1_45' title='bbox 1229 904 1386 960; x_wconf 91' lang='lat' dir='ltr'><strong>dictis</strong></span> <span class='ocrx_word' id='word_1_46' title='bbox 1413 904 1612 959; x_wconf 82' lang='lat' dir='ltr'><strong>nostris</strong></span> <span class='ocrx_word' id='word_1_47' title='bbox 1658 902 1890 960; x_wconf 87' lang='lat' dir='ltr'><strong>fructum</strong></span> <span class='ocrx_word' id='word_1_48' title='bbox 1929 918 2052 973; x_wconf 91' lang='lat' dir='ltr'><strong>per-</strong></span> 
     </span>
    </p>
   </div>
   <div class='ocr_carea' id='block_1_9' title="bbox 460 993 2052 1067">
    <p class='ocr_par' dir='ltr' id='par_1_9' title="bbox 460 993 2052 1067">
     <span class='ocr_line' id='line_1_9' title="bbox 460 993 2052 1067; baseline -0.003 -16"><span class='ocrx_word' id='word_1_49' title='bbox 460 996 692 1066; x_wconf 88' lang='lat' dir='ltr'><strong>cipiatis,</strong></span> <span class='ocrx_word' id='word_1_50' title='bbox 724 1004 783 1050; x_wconf 88' lang='lat' dir='ltr'><strong>ttt</strong></span> <span class='ocrx_word' id='word_1_51' title='bbox 800 994 1044 1067; x_wconf 84' lang='lat' dir='ltr'><strong>quotidie</strong></span> <span class='ocrx_word' id='word_1_52' title='bbox 1069 1010 1163 1051; x_wconf 89' lang='lat' dir='ltr'><strong>vos</strong></span> <span class='ocrx_word' id='word_1_53' title='bbox 1187 995 1528 1060; x_wconf 71' lang='lat' dir='ltr'><strong>examinctis,</strong></span> <span class='ocrx_word' id='word_1_54' title='bbox 1559 995 1685 1066; x_wconf 90' lang='lat' dir='ltr'><strong>quid</strong></span> <span class='ocrx_word' id='word_1_55' title='bbox 1712 1010 1777 1049; x_wconf 93' lang='lat' dir='ltr'><strong>ex</strong></span> <span class='ocrx_word' id='word_1_56' title='bbox 1810 993 1912 1049; x_wconf 91' lang='lat' dir='ltr'><strong>hoc</strong></span> <span class='ocrx_word' id='word_1_57' title='bbox 1936 1008 2052 1049; x_wconf 83' lang='lat' dir='ltr'><strong>scr-</strong></span> 
     </span>
    </p>
   </div>
   <div class='ocr_carea' id='block_1_10' title="bbox 463 1083 2051 1157">
    <p class='ocr_par' dir='ltr' id='par_1_10' title="bbox 463 1083 2051 1157">
     <span class='ocr_line' id='line_1_10' title="bbox 463 1083 2051 1157; baseline -0.002 -16"><span class='ocrx_word' id='word_1_58' title='bbox 463 1103 644 1151; x_wconf 87' lang='lat' dir='ltr'><strong>mone,</strong></span> <span class='ocrx_word' id='word_1_59' title='bbox 671 1096 729 1142; x_wconf 93' lang='lat' dir='ltr'><strong>et</strong></span> <span class='ocrx_word' id='word_1_60' title='bbox 771 1086 897 1157; x_wconf 89' lang='lat' dir='ltr'><strong>quid</strong></span> <span class='ocrx_word' id='word_1_61' title='bbox 942 1103 1005 1141; x_wconf 82' lang='lat' dir='ltr'><strong>ex</strong></span> <span class='ocrx_word' id='word_1_62' title='bbox 1056 1086 1160 1140; x_wconf 91' lang='lat' dir='ltr'><strong>alio</strong></span> <span class='ocrx_word' id='word_1_63' title='bbox 1209 1087 1596 1149; x_wconf 88' lang='lat' dir='ltr'><strong>lucrifeceritis,</strong></span> <span class='ocrx_word' id='word_1_64' title='bbox 1631 1094 1687 1141; x_wconf 91' lang='lat' dir='ltr'><strong>et</strong></span> <span class='ocrx_word' id='word_1_65' title='bbox 1726 1100 1831 1140; x_wconf 92' lang='lat' dir='ltr'><strong>non</strong></span> <span class='ocrx_word' id='word_1_66' title='bbox 1878 1083 2051 1139; x_wconf 78' lang='lat' dir='ltr'><strong>Solum</strong></span> 
     </span>
    </p>
   </div>
   <div class='ocr_carea' id='block_1_11' title="bbox 462 1175 2054 1246">
    <p class='ocr_par' dir='ltr' id='par_1_11' title="bbox 462 1175 2054 1246">
     <span class='ocr_line' id='line_1_11' title="bbox 462 1175 2054 1246; baseline -0.001 -16"><span class='ocrx_word' id='word_1_67' title='bbox 462 1176 684 1233; x_wconf 77' lang='lat' dir='ltr'><strong>auribus</strong></span> <span class='ocrx_word' id='word_1_68' title='bbox 713 1175 1021 1246; x_wconf 83' lang='lat' dir='ltr'><strong>percipiatis</strong></span> <span class='ocrx_word' id='word_1_69' title='bbox 1059 1185 1239 1231; x_wconf 88' lang='lat' dir='ltr'><strong>nostra</strong></span> <span class='ocrx_word' id='word_1_70' title='bbox 1260 1175 1434 1243; x_wconf 74' lang='lat' dir='ltr'><strong>dicta,</strong></span> <span class='ocrx_word' id='word_1_71' title='bbox 1464 1176 1559 1231; x_wconf 90' lang='lat' dir='ltr'><strong>sed</strong></span> <span class='ocrx_word' id='word_1_72' title='bbox 1589 1187 1639 1230; x_wconf 93' lang='lat' dir='ltr'><strong>et</strong></span> <span class='ocrx_word' id='word_1_73' title='bbox 1670 1175 1833 1230; x_wconf 90' lang='lat' dir='ltr'><strong>menti</strong></span> <span class='ocrx_word' id='word_1_74' title='bbox 1865 1181 2054 1230; x_wconf 72' lang='lat' dir='ltr'><strong>vestrae</strong></span> 
     </span>
    </p>
   </div>
   <div class='ocr_carea' id='block_1_12' title="bbox 461 1264 2052 1336">
    <p class='ocr_par' dir='ltr' id='par_1_12' title="bbox 461 1264 2052 1336">
     <span class='ocr_line' id='line_1_12' title="bbox 461 1264 2052 1336; baseline -0.003 -15"><span class='ocrx_word' id='word_1_75' title='bbox 461 1267 600 1323; x_wconf 86' lang='lat' dir='ltr'><strong>bene</strong></span> <span class='ocrx_word' id='word_1_76' title='bbox 619 1264 1028 1333; x_wconf 83' lang='lat' dir='ltr'><strong>commendetis,</strong></span> <span class='ocrx_word' id='word_1_77' title='bbox 1055 1273 1109 1321; x_wconf 90' lang='lat' dir='ltr'><strong>et</strong></span> <span class='ocrx_word' id='word_1_78' title='bbox 1135 1264 1444 1336; x_wconf 86' lang='lat' dir='ltr'><strong>qu0tidiana</strong></span> <span class='ocrx_word' id='word_1_79' title='bbox 1473 1264 1821 1321; x_wconf 91' lang='lat' dir='ltr'><strong>meditatione</strong></span> <span class='ocrx_word' id='word_1_80' title='bbox 1846 1264 2052 1318; x_wconf 85' lang='lat' dir='ltr'><strong>firmam</strong></span> 
     </span>
    </p>
   </div>
   <div class='ocr_carea' id='block_1_13' title="bbox 469 1354 2052 1413">
    <p class='ocr_par' dir='ltr' id='par_1_13' title="bbox 469 1354 2052 1413">
     <span class='ocr_line' id='line_1_13' title="bbox 469 1354 2052 1413; baseline -0.002 -2"><span class='ocrx_word' id='word_1_81' title='bbox 469 1357 544 1412; x_wconf 88' lang='lat' dir='ltr'><strong>rei</strong></span> <span class='ocrx_word' id='word_1_82' title='bbox 576 1357 889 1411; x_wconf 83' lang='lat' dir='ltr'><strong>memoriam</strong></span> <span class='ocrx_word' id='word_1_83' title='bbox 919 1357 1163 1413; x_wconf 78' lang='lat' dir='ltr'><strong>teneatis.</strong></span> <span class='ocrx_word' id='word_1_84' title='bbox 1212 1356 1413 1412; x_wconf 76' lang='lat' dir='ltr'><strong>Vellem</strong></span> <span class='ocrx_word' id='word_1_85' title='bbox 1443 1356 1586 1412; x_wconf 91' lang='lat' dir='ltr'><strong>enim</strong></span> <span class='ocrx_word' id='word_1_86' title='bbox 1626 1370 1720 1412; x_wconf 92' lang='lat' dir='ltr'><strong>vos</strong></span> <span class='ocrx_word' id='word_1_87' title='bbox 1761 1371 1867 1410; x_wconf 91' lang='lat' dir='ltr'><strong>non</strong></span> <span class='ocrx_word' id='word_1_88' title='bbox 1898 1354 2052 1409; x_wconf 90' lang='lat' dir='ltr'><strong>vobis</strong></span> 
     </span>
    </p>
   </div>
   <div class='ocr_carea' id='block_1_14' title="bbox 464 1445 2057 1517">
    <p class='ocr_par' dir='ltr' id='par_1_14' title="bbox 464 1445 2057 1517">
     <span class='ocr_line' id='line_1_14' title="bbox 464 1445 2057 1517; baseline -0.001 -16"><span class='ocrx_word' id='word_1_89' title='bbox 464 1456 672 1501; x_wconf 82' lang='lat' dir='ltr'><strong>tantum</strong></span> <span class='ocrx_word' id='word_1_90' title='bbox 693 1446 970 1517; x_wconf 83' lang='lat' dir='ltr'><strong>proficere,</strong></span> <span class='ocrx_word' id='word_1_91' title='bbox 989 1446 1083 1501; x_wconf 88' lang='lat' dir='ltr'><strong>sed</strong></span> <span class='ocrx_word' id='word_1_92' title='bbox 1111 1455 1166 1502; x_wconf 90' lang='lat' dir='ltr'><strong>ct</strong></span> <span class='ocrx_word' id='word_1_93' title='bbox 1185 1447 1410 1501; x_wconf 88' lang='lat' dir='ltr'><strong>aliorum</strong></span> <span class='ocrx_word' id='word_1_94' title='bbox 1437 1445 1551 1502; x_wconf 82' lang='lat' dir='ltr'><strong>fieri</strong></span> <span class='ocrx_word' id='word_1_95' title='bbox 1580 1446 1885 1517; x_wconf 88' lang='lat' dir='ltr'><strong>magistros,</strong></span> <span class='ocrx_word' id='word_1_96' title='bbox 1914 1446 1986 1500; x_wconf 92' lang='lat' dir='ltr'><strong>ita</strong></span> <span class='ocrx_word' id='word_1_97' title='bbox 2001 1454 2057 1500; x_wconf 89' lang='lat' dir='ltr'><strong>ut</strong></span> 
     </span>
    </p>
   </div>
   <div class='ocr_carea' id='block_1_15' title="bbox 467 1538 2059 1611">
    <p class='ocr_par' dir='ltr' id='par_1_15' title="bbox 467 1538 2059 1611">
     <span class='ocr_line' id='line_1_15' title="bbox 467 1538 2059 1611; baseline -0.003 -15"><span class='ocrx_word' id='word_1_98' title='bbox 467 1541 686 1611; x_wconf 84' lang='lat' dir='ltr'><strong>possitis</strong></span> <span class='ocrx_word' id='word_1_99' title='bbox 702 1539 860 1596; x_wconf 87' lang='lat' dir='ltr'><strong>etiam</strong></span> <span class='ocrx_word' id='word_1_100' title='bbox 889 1539 1026 1595; x_wconf 88' lang='lat' dir='ltr'><strong>alios</strong></span> <span class='ocrx_word' id='word_1_101' title='bbox 1050 1540 1360 1607; x_wconf 86' lang='lat' dir='ltr'><strong>admonere,</strong></span> <span class='ocrx_word' id='word_1_102' title='bbox 1388 1555 1562 1611; x_wconf 90' lang='lat' dir='ltr'><strong>neque</strong></span> <span class='ocrx_word' id='word_1_103' title='bbox 1580 1539 1682 1594; x_wconf 91' lang='lat' dir='ltr'><strong>hoc</strong></span> <span class='ocrx_word' id='word_1_104' title='bbox 1710 1538 1889 1594; x_wconf 88' lang='lat' dir='ltr'><strong>verbis</strong></span> <span class='ocrx_word' id='word_1_105' title='bbox 1905 1538 2059 1593; x_wconf 85' lang='lat' dir='ltr'><strong>dum-</strong></span> 
     </span>
    </p>
   </div>
   <div class='ocr_carea' id='block_1_16' title="bbox 470 1630 2056 1703">
    <p class='ocr_par' dir='ltr' id='par_1_16' title="bbox 470 1630 2056 1703">
     <span class='ocr_line' id='line_1_16' title="bbox 470 1630 2056 1703; baseline -0.001 -16"><span class='ocrx_word' id='word_1_106' title='bbox 470 1641 614 1688; x_wconf 84' lang='lat' dir='ltr'><strong>taxat</strong></span> <span class='ocrx_word' id='word_1_107' title='bbox 658 1647 848 1703; x_wconf 86' lang='lat' dir='ltr'><strong>agere,</strong></span> <span class='ocrx_word' id='word_1_108' title='bbox 898 1630 994 1688; x_wconf 87' lang='lat' dir='ltr'><strong>sed</strong></span> <span class='ocrx_word' id='word_1_109' title='bbox 1028 1641 1085 1688; x_wconf 92' lang='lat' dir='ltr'><strong>et</strong></span> <span class='ocrx_word' id='word_1_110' title='bbox 1128 1632 1380 1703; x_wconf 86' lang='lat' dir='ltr'><strong>operibus</strong></span> <span class='ocrx_word' id='word_1_111' title='bbox 1420 1631 1634 1687; x_wconf 88' lang='lat' dir='ltr'><strong>erudire</strong></span> <span class='ocrx_word' id='word_1_112' title='bbox 1682 1631 1953 1701; x_wconf 80' lang='lat' dir='ltr'><strong>proximos</strong></span> <span class='ocrx_word' id='word_1_113' title='bbox 1989 1630 2056 1686; x_wconf 86' lang='lat' dir='ltr'><strong>ad</strong></span> 
     </span>
    </p>
   </div>
   <div class='ocr_carea' id='block_1_17' title="bbox 468 1721 2056 1793">
    <p class='ocr_par' dir='ltr' id='par_1_17' title="bbox 468 1721 2056 1793">
     <span class='ocr_line' id='line_1_17' title="bbox 468 1721 2056 1793; baseline -0.001 -16"><span class='ocrx_word' id='word_1_114' title='bbox 468 1722 786 1793; x_wconf 59' lang='lat' dir='ltr'><strong>priet-larum</strong></span> <span class='ocrx_word' id='word_1_115' title='bbox 813 1723 1024 1778; x_wconf 90' lang='lat' dir='ltr'><strong>virtutis</strong></span> <span class='ocrx_word' id='word_1_116' title='bbox 1043 1721 1103 1775; x_wconf 91' lang='lat' dir='ltr'><strong>of</strong></span> <span class='ocrx_word' id='word_1_117' title='bbox 1104 1723 1299 1777; x_wconf 87' lang='lat' dir='ltr'><strong>licium.</strong></span> <span class='ocrx_word' id='word_1_118' title='bbox 1320 1722 1583 1793; x_wconf 83' lang='lat' dir='ltr'><strong>Cogitate,</strong></span> <span class='ocrx_word' id='word_1_119' title='bbox 1607 1737 1725 1788; x_wconf 89' lang='lat' dir='ltr'><strong>oro,</strong></span> <span class='ocrx_word' id='word_1_120' title='bbox 1746 1723 1791 1777; x_wconf 93' lang='lat' dir='ltr'><strong>si</strong></span> <span class='ocrx_word' id='word_1_121' title='bbox 1821 1736 1935 1784; x_wconf 90' lang='lat' dir='ltr'><strong>vos,</strong></span> <span class='ocrx_word' id='word_1_122' title='bbox 1964 1721 2056 1791; x_wconf 92' lang='lat' dir='ltr'><strong>qui</strong></span> 
     </span>
    </p>
   </div>
   <div class='ocr_carea' id='block_1_18' title="bbox 472 1812 2060 1884">
    <p class='ocr_par' dir='ltr' id='par_1_18' title="bbox 472 1812 2060 1884">
     <span class='ocr_line' id='line_1_18' title="bbox 472 1812 2060 1884; baseline -0.001 -17"><span class='ocrx_word' id='word_1_123' title='bbox 472 1814 558 1869; x_wconf 91' lang='lat' dir='ltr'><strong>hic</strong></span> <span class='ocrx_word' id='word_1_124' title='bbox 583 1813 839 1880; x_wconf 68' lang='lat' dir='ltr'><strong>affuistis,</strong></span> <span class='ocrx_word' id='word_1_125' title='bbox 867 1812 1104 1884; x_wconf 88' lang='lat' dir='ltr'><strong>quotidie</strong></span> <span class='ocrx_word' id='word_1_126' title='bbox 1150 1814 1536 1883; x_wconf 80' lang='lat' dir='ltr'><strong>portiunculam</strong></span> <span class='ocrx_word' id='word_1_127' title='bbox 1578 1822 1781 1868; x_wconf 88' lang='lat' dir='ltr'><strong>tantum</strong></span> <span class='ocrx_word' id='word_1_128' title='bbox 1824 1813 2060 1883; x_wconf 83' lang='lat' dir='ltr'><strong>accepis-</strong></span> 
     </span>
    </p>
   </div>
   <div class='ocr_carea' id='block_1_19' title="bbox 469 1903 2058 1977">
    <p class='ocr_par' dir='ltr' id='par_1_19' title="bbox 469 1903 2058 1977">
     <span class='ocr_line' id='line_1_19' title="bbox 469 1903 2058 1977; baseline 0 -17"><span class='ocrx_word' id='word_1_129' title='bbox 469 1904 601 1960; x_wconf 83' lang='lat' dir='ltr'><strong>setis</strong></span> <span class='ocrx_word' id='word_1_130' title='bbox 628 1905 694 1959; x_wconf 89' lang='lat' dir='ltr'><strong>ad</strong></span> <span class='ocrx_word' id='word_1_131' title='bbox 720 1903 1085 1960; x_wconf 79' lang='lat' dir='ltr'><strong>ememlandas</strong></span> <span class='ocrx_word' id='word_1_132' title='bbox 1112 1904 1449 1961; x_wconf 83' lang='lat' dir='ltr'><strong>atfectionum</strong></span> <span class='ocrx_word' id='word_1_133' title='bbox 1474 1906 1924 1977; x_wconf 80' lang='lat' dir='ltr'><strong>perturbationes,</strong></span> <span class='ocrx_word' id='word_1_134' title='bbox 1948 1907 2058 1974; x_wconf 88' lang='lat' dir='ltr'><strong>jam</strong></span> 
     </span>
    </p>
   </div>
   <div class='ocr_carea' id='block_1_20' title="bbox 469 1995 2056 2069">
    <p class='ocr_par' dir='ltr' id='par_1_20' title="bbox 469 1995 2056 2069">
     <span class='ocr_line' id='line_1_20' title="bbox 469 1995 2056 2069; baseline 0.001 -18"><span class='ocrx_word' id='word_1_135' title='bbox 469 1995 538 2051; x_wconf 81' lang='lat' dir='ltr'><strong>ad</strong></span> <span class='ocrx_word' id='word_1_136' title='bbox 587 2012 853 2051; x_wconf 88' lang='lat' dir='ltr'><strong>summum</strong></span> <span class='ocrx_word' id='word_1_137' title='bbox 899 1997 1113 2068; x_wconf 78' lang='lat' dir='ltr'><strong>aliquod</strong></span> <span class='ocrx_word' id='word_1_138' title='bbox 1156 1997 1426 2069; x_wconf 78' lang='lat' dir='ltr'><strong>fastigium</strong></span> <span class='ocrx_word' id='word_1_139' title='bbox 1472 2009 1824 2069; x_wconf 88' lang='lat' dir='ltr'><strong>perventuros</strong></span> <span class='ocrx_word' id='word_1_140' title='bbox 1873 2000 2056 2055; x_wconf 77' lang='lat' dir='ltr'><strong>fuisse.</strong></span> 
     </span>
    </p>
   </div>
   <div class='ocr_carea' id='block_1_21' title="bbox 476 2087 2061 2158">
    <p class='ocr_par' dir='ltr' id='par_1_21' title="bbox 476 2087 2061 2158">
     <span class='ocr_line' id='line_1_21' title="bbox 476 2087 2061 2158; baseline 0.001 -15"><span class='ocrx_word' id='word_1_141' title='bbox 476 2087 609 2143; x_wconf 82' lang='lat' dir='ltr'><strong>Nam</strong></span> <span class='ocrx_word' id='word_1_142' title='bbox 642 2104 747 2143; x_wconf 89' lang='lat' dir='ltr'><strong>non</strong></span> <span class='ocrx_word' id='word_1_143' title='bbox 779 2103 1054 2144; x_wconf 85' lang='lat' dir='ltr'><strong>cessamus</strong></span> <span class='ocrx_word' id='word_1_144' title='bbox 1078 2088 1400 2158; x_wconf 88' lang='lat' dir='ltr'><strong>quotidianis</strong></span> <span class='ocrx_word' id='word_1_145' title='bbox 1425 2090 1762 2146; x_wconf 83' lang='lat' dir='ltr'><strong>sermonibus</strong></span> <span class='ocrx_word' id='word_1_146' title='bbox 1792 2090 2061 2145; x_wconf 84' lang='lat' dir='ltr'><strong>inculcare</strong></span> 
     </span>
    </p>
   </div>
   <div class='ocr_carea' id='block_1_22' title="bbox 472 2178 2059 2253">
    <p class='ocr_par' dir='ltr' id='par_1_22' title="bbox 472 2178 2059 2253">
     <span class='ocr_line' id='line_1_22' title="bbox 472 2178 2059 2253; baseline 0.003 -20"><span class='ocrx_word' id='word_1_147' title='bbox 472 2178 691 2236; x_wconf 89' lang='lat' dir='ltr'><strong>auribus</strong></span> <span class='ocrx_word' id='word_1_148' title='bbox 719 2180 934 2246; x_wconf 85' lang='lat' dir='ltr'><strong>vestris,</strong></span> <span class='ocrx_word' id='word_1_149' title='bbox 965 2195 1084 2251; x_wconf 83' lang='lat' dir='ltr'><strong>quae</strong></span> <span class='ocrx_word' id='word_1_150' title='bbox 1110 2180 1177 2237; x_wconf 91' lang='lat' dir='ltr'><strong>ad</strong></span> <span class='ocrx_word' id='word_1_151' title='bbox 1205 2181 1577 2239; x_wconf 88' lang='lat' dir='ltr'><strong>instituendam</strong></span> <span class='ocrx_word' id='word_1_152' title='bbox 1607 2184 1865 2253; x_wconf 90' lang='lat' dir='ltr'><strong>optimam</strong></span> <span class='ocrx_word' id='word_1_153' title='bbox 1900 2183 2059 2238; x_wconf 89' lang='lat' dir='ltr'><strong>vitam</strong></span> 
     </span>
    </p>
   </div>
   <div class='ocr_carea' id='block_1_23' title="bbox 474 2273 2058 2341">
    <p class='ocr_par' dir='ltr' id='par_1_23' title="bbox 474 2273 2058 2341">
     <span class='ocr_line' id='line_1_23' title="bbox 474 2273 2058 2341; baseline 0.001 -15"><span class='ocrx_word' id='word_1_154' title='bbox 474 2273 725 2340; x_wconf 89' lang='lat' dir='ltr'><strong>attinent,</strong></span> <span class='ocrx_word' id='word_1_155' title='bbox 755 2282 812 2328; x_wconf 90' lang='lat' dir='ltr'><strong>ut</strong></span> <span class='ocrx_word' id='word_1_156' title='bbox 842 2273 1181 2329; x_wconf 88' lang='lat' dir='ltr'><strong>eradicentur</strong></span> <span class='ocrx_word' id='word_1_157' title='bbox 1205 2273 1331 2329; x_wconf 90' lang='lat' dir='ltr'><strong>mali</strong></span> <span class='ocrx_word' id='word_1_158' title='bbox 1357 2275 1443 2330; x_wconf 89' lang='lat' dir='ltr'><strong>isti</strong></span> <span class='ocrx_word' id='word_1_159' title='bbox 1471 2274 1715 2341; x_wconf 82' lang='lat' dir='ltr'><strong>affectus,</strong></span> <span class='ocrx_word' id='word_1_160' title='bbox 1742 2274 1877 2329; x_wconf 89' lang='lat' dir='ltr'><strong>iram</strong></span> <span class='ocrx_word' id='word_1_161' title='bbox 1901 2274 2058 2340; x_wconf 87' lang='lat' dir='ltr'><strong>dico;</strong></span> 
     </span>
    </p>
   </div>
   <div class='ocr_carea' id='block_1_24' title="bbox 475 2364 2063 2438">
    <p class='ocr_par' dir='ltr' id='par_1_24' title="bbox 475 2364 2063 2438">
     <span class='ocr_line' id='line_1_24' title="bbox 475 2364 2063 2438; baseline 0.002 -19"><span class='ocrx_word' id='word_1_162' title='bbox 475 2364 726 2421; x_wconf 89' lang='lat' dir='ltr'><strong>invidiam</strong></span> <span class='ocrx_word' id='word_1_163' title='bbox 764 2375 819 2422; x_wconf 92' lang='lat' dir='ltr'><strong>et</strong></span> <span class='ocrx_word' id='word_1_164' title='bbox 849 2366 1069 2422; x_wconf 88' lang='lat' dir='ltr'><strong>livorem</strong></span> <span class='ocrx_word' id='word_1_165' title='bbox 1104 2385 1118 2422; x_wconf 87' lang='lat'><strong><em>:</em></strong></span> <span class='ocrx_word' id='word_1_166' title='bbox 1148 2367 1340 2438; x_wconf 89' lang='lat' dir='ltr'><strong>quibus</strong></span> <span class='ocrx_word' id='word_1_167' title='bbox 1364 2366 1623 2434; x_wconf 88' lang='lat' dir='ltr'><strong>sublatis,</strong></span> <span class='ocrx_word' id='word_1_168' title='bbox 1657 2367 1863 2424; x_wconf 81' lang='lat' dir='ltr'><strong>facilius</strong></span> <span class='ocrx_word' id='word_1_169' title='bbox 1891 2376 1946 2422; x_wconf 93' lang='lat' dir='ltr'><strong>et</strong></span> <span class='ocrx_word' id='word_1_170' title='bbox 1983 2366 2063 2422; x_wconf 89' lang='lat' dir='ltr'><strong>in-</strong></span> 
     </span>
    </p>
   </div>
   <div class='ocr_carea' id='block_1_25' title="bbox 474 2455 2064 2528">
    <p class='ocr_par' dir='ltr' id='par_1_25' title="bbox 474 2455 2064 2528">
     <span class='ocr_line' id='line_1_25' title="bbox 474 2455 2064 2528; baseline 0.002 -19"><span class='ocrx_word' id='word_1_171' title='bbox 474 2456 626 2510; x_wconf 79' lang='lat' dir='ltr'><strong>sania</strong></span> <span class='ocrx_word' id='word_1_172' title='bbox 670 2455 757 2513; x_wconf 90' lang='lat' dir='ltr'><strong>illa</strong></span> <span class='ocrx_word' id='word_1_173' title='bbox 790 2456 843 2510; x_wconf 90' lang='lat' dir='ltr'><strong>in</strong></span> <span class='ocrx_word' id='word_1_174' title='bbox 882 2457 1196 2527; x_wconf 77' lang='lat' dir='ltr'><strong>colligendis</strong></span> <span class='ocrx_word' id='word_1_175' title='bbox 1238 2459 1475 2528; x_wconf 91' lang='lat' dir='ltr'><strong>pecuniis</strong></span> <span class='ocrx_word' id='word_1_176' title='bbox 1503 2458 1930 2514; x_wconf 89' lang='lat' dir='ltr'><strong>emendationem</strong></span> <span class='ocrx_word' id='word_1_177' title='bbox 1965 2457 2064 2513; x_wconf 89' lang='lat' dir='ltr'><strong>ad-</strong></span> 
     </span>
    </p>
   </div>
   <div class='ocr_carea' id='block_1_26' title="bbox 462 2545 2062 2619">
    <p class='ocr_par' dir='ltr' id='par_1_26' title="bbox 462 2545 2062 2619">
     <span class='ocr_line' id='line_1_26' title="bbox 462 2545 2062 2619; baseline 0.004 -23"><span class='ocrx_word' id='word_1_178' title='bbox 462 2545 709 2603; x_wconf 85' lang='lat' dir='ltr'><strong>mitteret</strong></span> <span class='ocrx_word' id='word_1_179' title='bbox 756 2546 879 2619; x_wconf 86' lang='lat' dir='ltr'><strong>:(a)</strong></span> <span class='ocrx_word' id='word_1_180' title='bbox 909 2556 963 2602; x_wconf 92' lang='lat' dir='ltr'><strong>et</strong></span> <span class='ocrx_word' id='word_1_181' title='bbox 1003 2557 1249 2604; x_wconf 90' lang='lat' dir='ltr'><strong>cessante</strong></span> <span class='ocrx_word' id='word_1_182' title='bbox 1297 2547 1501 2605; x_wconf 88' lang='lat' dir='ltr'><strong>insania</strong></span> <span class='ocrx_word' id='word_1_183' title='bbox 1547 2549 1821 2616; x_wconf 70' lang='lat' dir='ltr'><strong>avaritize,</strong></span> <span class='ocrx_word' id='word_1_184' title='bbox 1875 2547 2062 2619; x_wconf 78' lang='lat' dir='ltr'><strong>majori</strong></span> 
     </span>
    </p>
   </div>
   <div class='ocr_carea' id='block_1_27' title="bbox 478 2642 2064 2723">
    <p class='ocr_par' dir='ltr' id='par_1_27' title="bbox 478 2642 2064 2723">
     <span class='ocr_line' id='line_1_27' title="bbox 478 2642 2064 2723; baseline 0.004 -29"><span class='ocrx_word' id='word_1_185' title='bbox 478 2642 780 2723; x_wconf 72' lang='lat' dir='ltr'><strong>securitate</strong></span> <span class='ocrx_word' id='word_1_186' title='bbox 816 2643 1012 2699; x_wconf 76' lang='lat' dir='ltr'><strong>illicita:</strong></span> <span class='ocrx_word' id='word_1_187' title='bbox 1055 2644 1317 2715; x_wconf 62' lang='lat' dir='ltr'><strong>foedaque</strong></span> <span class='ocrx_word' id='word_1_188' title='bbox 1355 2645 1706 2717; x_wconf 83' lang='lat' dir='ltr'><strong>cogitationes</strong></span> <span class='ocrx_word' id='word_1_189' title='bbox 1743 2644 2064 2716; x_wconf 84' lang='lat' dir='ltr'><strong>comprime-</strong></span> 
     </span>
    </p>
   </div>
   <div class='ocr_carea' id='block_1_28' title="bbox 477 2733 2066 2792">
    <p class='ocr_par' dir='ltr' id='par_1_28' title="bbox 477 2733 2066 2792">
     <span class='ocr_line' id='line_1_28' title="bbox 477 2733 2066 2792; baseline 0.002 -5"><span class='ocrx_word' id='word_1_190' title='bbox 477 2742 709 2788; x_wconf 87' lang='lat' dir='ltr'><strong>rentur:</strong></span> <span class='ocrx_word' id='word_1_191' title='bbox 763 2733 931 2789; x_wconf 70' lang='lat' dir='ltr'><strong>Radix</strong></span> <span class='ocrx_word' id='word_1_192' title='bbox 974 2736 1107 2790; x_wconf 79' lang='lat' dir='ltr'><strong>enim</strong></span> <span class='ocrx_word' id='word_1_193' title='bbox 1156 2736 1387 2791; x_wconf 83' lang='lat' dir='ltr'><strong>euntium</strong></span> <span class='ocrx_word' id='word_1_194' title='bbox 1441 2737 1693 2791; x_wconf 82' lang='lat' dir='ltr'><strong>malorum</strong></span> <span class='ocrx_word' id='word_1_195' title='bbox 1730 2745 1802 2792; x_wconf 71' lang='lat' dir='ltr'><strong>est</strong></span> <span class='ocrx_word' id='word_1_196' title='bbox 1850 2736 2066 2790; x_wconf 77' lang='lat' dir='ltr'><strong>avaritia</strong></span> 
     </span>
    </p>
   </div>
   <div class='ocr_carea' id='block_1_29' title="bbox 477 2825 2068 2897">
    <p class='ocr_par' dir='ltr' id='par_1_29' title="bbox 477 2825 2068 2897">
     <span class='ocr_line' id='line_1_29' title="bbox 477 2825 2068 2897; baseline -0.001 -14"><span class='ocrx_word' id='word_1_197' title='bbox 477 2826 558 2894; x_wconf 76' lang='grc' dir='ltr'><strong>(ι.</strong></span> <span class='ocrx_word' id='word_1_198' title='bbox 584 2825 715 2879; x_wconf 85' lang='lat' dir='ltr'><strong>Tim.</strong></span> <span class='ocrx_word' id='word_1_199' title='bbox 745 2825 800 2882; x_wconf 83' lang='lat'><strong>6.</strong></span> <span class='ocrx_word' id='word_1_200' title='bbox 837 2825 946 2897; x_wconf 72' lang='lat'><strong>10).</strong></span> <span class='ocrx_word' id='word_1_201' title='bbox 981 2825 1133 2895; x_wconf 83' lang='lat' dir='ltr'><strong>Quod</strong></span> <span class='ocrx_word' id='word_1_202' title='bbox 1174 2828 1219 2883; x_wconf 90' lang='lat' dir='ltr'><strong>si</strong></span> <span class='ocrx_word' id='word_1_203' title='bbox 1263 2828 1500 2884; x_wconf 88' lang='lat' dir='ltr'><strong>radicem</strong></span> <span class='ocrx_word' id='word_1_204' title='bbox 1547 2828 1972 2894; x_wconf 83' lang='lat' dir='ltr'><strong>resecucrimus,</strong></span> <span class='ocrx_word' id='word_1_205' title='bbox 2011 2834 2068 2882; x_wconf 90' lang='lat' dir='ltr'><strong>et</strong></span> 
     </span>
    </p>
   </div>
   <div class='ocr_carea' id='block_1_30' title="bbox 481 2918 2063 2990">
    <p class='ocr_par' dir='ltr' id='par_1_30' title="bbox 481 2918 2063 2990">
     <span class='ocr_line' id='line_1_30' title="bbox 481 2918 2063 2990; baseline 0 -17"><span class='ocrx_word' id='word_1_206' title='bbox 481 2918 715 2973; x_wconf 83' lang='lat' dir='ltr'><strong>funditus</strong></span> <span class='ocrx_word' id='word_1_207' title='bbox 741 2919 1242 2990; x_wconf 80' lang='lat' dir='ltr'><strong>exstirpaverimus,</strong></span> <span class='ocrx_word' id='word_1_208' title='bbox 1276 2919 1483 2977; x_wconf 78' lang='lat' dir='ltr'><strong>facilius</strong></span> <span class='ocrx_word' id='word_1_209' title='bbox 1511 2935 1694 2975; x_wconf 83' lang='lat' dir='ltr'><strong>ramos</strong></span> <span class='ocrx_word' id='word_1_210' title='bbox 1729 2919 1911 2976; x_wconf 86' lang='lat' dir='ltr'><strong>licebit</strong></span> <span class='ocrx_word' id='word_1_211' title='bbox 1949 2934 2063 2973; x_wconf 90' lang='lat' dir='ltr'><strong>am—</strong></span> 
     </span>
    </p>
   </div>
   <div class='ocr_carea' id='block_1_31' title="bbox 478 3008 2066 3081">
    <p class='ocr_par' dir='ltr' id='par_1_31' title="bbox 478 3008 2066 3081">
     <span class='ocr_line' id='line_1_31' title="bbox 478 3008 2066 3081; baseline 0.002 -18"><span class='ocrx_word' id='word_1_212' title='bbox 478 3019 686 3081; x_wconf 87' lang='lat' dir='ltr'><strong>putare.</strong></span> <span class='ocrx_word' id='word_1_213' title='bbox 717 3011 827 3065; x_wconf 80' lang='lat' dir='ltr'><strong>Arx</strong></span> <span class='ocrx_word' id='word_1_214' title='bbox 870 3011 1012 3066; x_wconf 90' lang='lat' dir='ltr'><strong>enim</strong></span> <span class='ocrx_word' id='word_1_215' title='bbox 1057 3012 1352 3077; x_wconf 85' lang='lat' dir='ltr'><strong>malorum,</strong></span> <span class='ocrx_word' id='word_1_216' title='bbox 1382 3020 1435 3067; x_wconf 91' lang='lat' dir='ltr'><strong>et</strong></span> <span class='ocrx_word' id='word_1_217' title='bbox 1460 3010 1762 3081; x_wconf 88' lang='lat' dir='ltr'><strong>eolophou,</strong></span> <span class='ocrx_word' id='word_1_218' title='bbox 1795 3021 1855 3066; x_wconf 91' lang='lat' dir='ltr'><strong>ut</strong></span> <span class='ocrx_word' id='word_1_219' title='bbox 1888 3010 1960 3065; x_wconf 88' lang='lat' dir='ltr'><strong>ita</strong></span> <span class='ocrx_word' id='word_1_220' title='bbox 1983 3008 2066 3066; x_wconf 84' lang='lat' dir='ltr'><strong>di-</strong></span> 
     </span>
    </p>
   </div>
   <div class='ocr_carea' id='block_1_32' title="bbox 479 3102 2068 3175">
    <p class='ocr_par' dir='ltr' id='par_1_32' title="bbox 479 3102 2068 3175">
     <span class='ocr_line' id='line_1_32' title="bbox 479 3102 2068 3175; baseline 0 -18"><span class='ocrx_word' id='word_1_221' title='bbox 479 3117 618 3166; x_wconf 88' lang='lat' dir='ltr'><strong>cam,</strong></span> <span class='ocrx_word' id='word_1_222' title='bbox 650 3113 988 3172; x_wconf 85' lang='lat' dir='ltr'><strong>peccatorum</strong></span> <span class='ocrx_word' id='word_1_223' title='bbox 1008 3142 1027 3172; x_wconf 94' lang='lat'><strong>,</strong></span> <span class='ocrx_word' id='word_1_224' title='bbox 1068 3112 1149 3160; x_wconf 87' lang='lat' dir='ltr'><strong>est</strong></span> <span class='ocrx_word' id='word_1_225' title='bbox 1176 3104 1353 3162; x_wconf 86' lang='lat' dir='ltr'><strong>rabies</strong></span> <span class='ocrx_word' id='word_1_226' title='bbox 1378 3105 1468 3160; x_wconf 88' lang='lat' dir='ltr'><strong>illa</strong></span> <span class='ocrx_word' id='word_1_227' title='bbox 1493 3104 1907 3175; x_wconf 85' lang='lat' dir='ltr'><strong>colligendarum</strong></span> <span class='ocrx_word' id='word_1_228' title='bbox 1934 3102 2068 3160; x_wconf 83' lang='lat' dir='ltr'><strong>divi-</strong></span> 
     </span>
    </p>
   </div>
   <div class='ocr_carea' id='block_1_33' title="bbox 485 3194 2065 3266">
    <p class='ocr_par' dir='ltr' id='par_1_33' title="bbox 485 3194 2065 3266">
     <span class='ocr_line' id='line_1_33' title="bbox 485 3194 2065 3266; baseline 0.001 -18"><span class='ocrx_word' id='word_1_229' title='bbox 485 3194 700 3262; x_wconf 89' lang='lat' dir='ltr'><strong>tiarum,</strong></span> <span class='ocrx_word' id='word_1_230' title='bbox 728 3209 888 3264; x_wconf 88' lang='lat' dir='ltr'><strong>quam</strong></span> <span class='ocrx_word' id='word_1_231' title='bbox 912 3195 957 3250; x_wconf 90' lang='lat' dir='ltr'><strong>si</strong></span> <span class='ocrx_word' id='word_1_232' title='bbox 979 3195 1198 3250; x_wconf 88' lang='lat' dir='ltr'><strong>domare</strong></span> <span class='ocrx_word' id='word_1_233' title='bbox 1220 3195 1570 3263; x_wconf 89' lang='lat' dir='ltr'><strong>voluerimus,</strong></span> <span class='ocrx_word' id='word_1_234' title='bbox 1596 3195 1725 3250; x_wconf 89' lang='lat' dir='ltr'><strong>nihil</strong></span> <span class='ocrx_word' id='word_1_235' title='bbox 1752 3203 1916 3261; x_wconf 86' lang='lat' dir='ltr'><strong>vetat,</strong></span> <span class='ocrx_word' id='word_1_236' title='bbox 1936 3195 2065 3266; x_wconf 88' lang='lat' dir='ltr'><strong>quin</strong></span> 
     </span>
    </p>
   </div>
   <div class='ocr_carea' id='block_1_34' title="bbox 483 3287 2070 3355">
    <p class='ocr_par' dir='ltr' id='par_1_34' title="bbox 483 3287 2070 3355">
     <span class='ocr_line' id='line_1_34' title="bbox 483 3287 2070 3355; baseline 0.001 -14"><span class='ocrx_word' id='word_1_237' title='bbox 483 3288 639 3342; x_wconf 88' lang='lat' dir='ltr'><strong>simul</strong></span> <span class='ocrx_word' id='word_1_238' title='bbox 665 3298 719 3342; x_wconf 90' lang='lat' dir='ltr'><strong>et</strong></span> <span class='ocrx_word' id='word_1_239' title='bbox 744 3288 843 3342; x_wconf 91' lang='lat' dir='ltr'><strong>hae</strong></span> <span class='ocrx_word' id='word_1_240' title='bbox 870 3289 1072 3343; x_wconf 82' lang='lat' dir='ltr'><strong>insania</strong></span> <span class='ocrx_word' id='word_1_241' title='bbox 1098 3289 1405 3355; x_wconf 84' lang='lat' dir='ltr'><strong>liberemur,</strong></span> <span class='ocrx_word' id='word_1_242' title='bbox 1431 3297 1626 3345; x_wconf 87' lang='lat' dir='ltr'><strong>etcum</strong></span> <span class='ocrx_word' id='word_1_243' title='bbox 1646 3287 1748 3344; x_wconf 87' lang='lat' dir='ltr'><strong>hac</strong></span> <span class='ocrx_word' id='word_1_244' title='bbox 1776 3287 2070 3344; x_wconf 82' lang='lat' dir='ltr'><strong>evellamus</strong></span> 
     </span>
    </p>
   </div>
   <div class='ocr_carea' id='block_1_35' title="bbox 482 3380 2069 3451">
    <p class='ocr_par' dir='ltr' id='par_1_35' title="bbox 482 3380 2069 3451">
     <span class='ocr_line' id='line_1_35' title="bbox 482 3380 2069 3451; baseline -0.001 -14"><span class='ocrx_word' id='word_1_245' title='bbox 482 3381 899 3437; x_wconf 90' lang='lat' dir='ltr'><strong>eteradicemus</strong></span> <span class='ocrx_word' id='word_1_246' title='bbox 944 3396 1131 3437; x_wconf 89' lang='lat' dir='ltr'><strong>omnes</strong></span> <span class='ocrx_word' id='word_1_247' title='bbox 1177 3381 1506 3451; x_wconf 86' lang='lat' dir='ltr'><strong>perniciosos</strong></span> <span class='ocrx_word' id='word_1_248' title='bbox 1543 3380 1785 3437; x_wconf 72' lang='lat' dir='ltr'><strong>atleetus.</strong></span> <span class='ocrx_word' id='word_1_249' title='bbox 1835 3380 1952 3435; x_wconf 84' lang='lat' dir='ltr'><strong>Jam</strong></span> <span class='ocrx_word' id='word_1_250' title='bbox 2000 3394 2069 3436; x_wconf 85' lang='lat' dir='ltr'><strong>ne</strong></span> 
     </span>
    </p>
   </div>
   <div class='ocr_carea' id='block_1_36' title="bbox 481 3473 2068 3546">
    <p class='ocr_par' dir='ltr' id='par_1_36' title="bbox 481 3473 2068 3546">
     <span class='ocr_line' id='line_1_36' title="bbox 481 3473 2068 3546; baseline -0.003 -17"><span class='ocrx_word' id='word_1_251' title='bbox 481 3474 800 3529; x_wconf 85' lang='lat' dir='ltr'><strong>existimetis</strong></span> <span class='ocrx_word' id='word_1_252' title='bbox 831 3489 1077 3546; x_wconf 87' lang='lat' dir='ltr'><strong>magnum</strong></span> <span class='ocrx_word' id='word_1_253' title='bbox 1106 3473 1305 3544; x_wconf 87' lang='lat' dir='ltr'><strong>aliquid</strong></span> <span class='ocrx_word' id='word_1_254' title='bbox 1330 3483 1388 3529; x_wconf 92' lang='lat' dir='ltr'><strong>ct</strong></span> <span class='ocrx_word' id='word_1_255' title='bbox 1415 3489 1577 3544; x_wconf 85' lang='lat' dir='ltr'><strong>grave</strong></span> <span class='ocrx_word' id='word_1_256' title='bbox 1605 3488 1727 3529; x_wconf 87' lang='lat' dir='ltr'><strong>esse</strong></span> <span class='ocrx_word' id='word_1_257' title='bbox 1745 3487 1907 3542; x_wconf 91' lang='lat' dir='ltr'><strong>opum</strong></span> <span class='ocrx_word' id='word_1_258' title='bbox 1936 3485 2068 3527; x_wconf 88' lang='lat' dir='ltr'><strong>con-</strong></span> 
     </span>
    </p>
   </div>
   <div class='ocr_carea' id='block_1_37' title="bbox 487 3563 2070 3635">
    <p class='ocr_par' dir='ltr' id='par_1_37' title="bbox 487 3563 2070 3635">
     <span class='ocr_line' id='line_1_37' title="bbox 487 3563 2070 3635; baseline 0 -17"><span class='ocrx_word' id='word_1_259' title='bbox 487 3574 771 3634; x_wconf 81' lang='lat' dir='ltr'><strong>templum.</strong></span> <span class='ocrx_word' id='word_1_260' title='bbox 813 3564 946 3633; x_wconf 86' lang='lat' dir='ltr'><strong>Quia</strong></span> <span class='ocrx_word' id='word_1_261' title='bbox 977 3581 1097 3619; x_wconf 89' lang='lat' dir='ltr'><strong>eum</strong></span> <span class='ocrx_word' id='word_1_262' title='bbox 1128 3580 1335 3620; x_wconf 87' lang='lat' dir='ltr'><strong>mecum</strong></span> <span class='ocrx_word' id='word_1_263' title='bbox 1381 3574 1590 3635; x_wconf 88' lang='lat' dir='ltr'><strong>reputo,</strong></span> <span class='ocrx_word' id='word_1_264' title='bbox 1621 3574 1728 3618; x_wconf 91' lang='lat' dir='ltr'><strong>tam</strong></span> <span class='ocrx_word' id='word_1_265' title='bbox 1774 3564 1972 3618; x_wconf 90' lang='lat' dir='ltr'><strong>multos</strong></span> <span class='ocrx_word' id='word_1_266' title='bbox 1999 3563 2070 3618; x_wconf 91' lang='lat' dir='ltr'><strong>ob</strong></span> 
     </span>
    </p>
   </div>
   <div class='ocr_carea' id='block_1_38' title="bbox 487 3652 2075 3727">
    <p class='ocr_par' dir='ltr' id='par_1_38' title="bbox 487 3652 2075 3727">
     <span class='ocr_line' id='line_1_38' title="bbox 487 3652 2075 3727; baseline -0.001 -18"><span class='ocrx_word' id='word_1_267' title='bbox 487 3656 697 3711; x_wconf 89' lang='lat' dir='ltr'><strong>inanem</strong></span> <span class='ocrx_word' id='word_1_268' title='bbox 731 3665 787 3709; x_wconf 90' lang='lat' dir='ltr'><strong>et</strong></span> <span class='ocrx_word' id='word_1_269' title='bbox 812 3655 1049 3710; x_wconf 88' lang='lat' dir='ltr'><strong>imttilcm</strong></span> <span class='ocrx_word' id='word_1_270' title='bbox 1088 3656 1310 3727; x_wconf 80' lang='lat' dir='ltr'><strong>gloriam</strong></span> <span class='ocrx_word' id='word_1_271' title='bbox 1355 3655 1517 3709; x_wconf 86' lang='lat' dir='ltr'><strong>multa</strong></span> <span class='ocrx_word' id='word_1_272' title='bbox 1557 3655 1670 3711; x_wconf 82' lang='lat' dir='ltr'><strong>auri</strong></span> <span class='ocrx_word' id='word_1_273' title='bbox 1717 3653 1912 3709; x_wconf 72' lang='lat' dir='ltr'><strong>talenta</strong></span> <span class='ocrx_word' id='word_1_274' title='bbox 1939 3652 2075 3709; x_wconf 79' lang='lat' dir='ltr'><strong>cffu-</strong></span> 
     </span>
    </p>
   </div>
   <div class='ocr_carea' id='block_1_39' title="bbox 486 3744 2071 3811">
    <p class='ocr_par' dir='ltr' id='par_1_39' title="bbox 486 3744 2071 3811">
     <span class='ocr_line' id='line_1_39' title="bbox 486 3744 2071 3811; baseline 0.001 -13"><span class='ocrx_word' id='word_1_275' title='bbox 486 3746 633 3802; x_wconf 83' lang='lat' dir='ltr'><strong>disse</strong></span> <span class='ocrx_word' id='word_1_276' title='bbox 658 3747 710 3801; x_wconf 89' lang='lat' dir='ltr'><strong>in</strong></span> <span class='ocrx_word' id='word_1_277' title='bbox 739 3747 939 3801; x_wconf 89' lang='lat' dir='ltr'><strong>nullam</strong></span> <span class='ocrx_word' id='word_1_278' title='bbox 972 3746 1276 3811; x_wconf 89' lang='lat' dir='ltr'><strong>utilitatem,</strong></span> <span class='ocrx_word' id='word_1_279' title='bbox 1301 3745 1394 3802; x_wconf 92' lang='lat' dir='ltr'><strong>sed</strong></span> <span class='ocrx_word' id='word_1_280' title='bbox 1422 3753 1478 3800; x_wconf 92' lang='lat' dir='ltr'><strong>ut</strong></span> <span class='ocrx_word' id='word_1_281' title='bbox 1502 3760 1533 3799; x_wconf 89' lang='lat' dir='ltr'><strong>a</strong></span> <span class='ocrx_word' id='word_1_282' title='bbox 1553 3744 1989 3801; x_wconf 76' lang='lat' dir='ltr'><strong>circumforaneis</strong></span> <span class='ocrx_word' id='word_1_283' title='bbox 2016 3752 2071 3799; x_wconf 89' lang='lat' dir='ltr'><strong>et</strong></span> 
     </span>
    </p>
   </div>
   <div class='ocr_carea' id='block_1_40' title="bbox 490 3834 2038 3906">
    <p class='ocr_par' dir='ltr' id='par_1_40' title="bbox 490 3834 2038 3906">
     <span class='ocr_line' id='line_1_40' title="bbox 490 3834 2038 3906; baseline -0.001 -16"><span class='ocrx_word' id='word_1_284' title='bbox 490 3836 785 3891; x_wconf 87' lang='lat' dir='ltr'><strong>trivialibus</strong></span> <span class='ocrx_word' id='word_1_285' title='bbox 824 3836 1159 3893; x_wconf 87' lang='lat' dir='ltr'><strong>homunculis</strong></span> <span class='ocrx_word' id='word_1_286' title='bbox 1194 3849 1525 3906; x_wconf 89' lang='lat' dir='ltr'><strong>aucupentur</strong></span> <span class='ocrx_word' id='word_1_287' title='bbox 1572 3835 1801 3890; x_wconf 90' lang='lat' dir='ltr'><strong>nominis</strong></span> <span class='ocrx_word' id='word_1_288' title='bbox 1842 3834 2038 3891; x_wconf 88' lang='lat' dir='ltr'><strong>celebri</strong></span> 
     </span>
    </p>
   </div>
   <div class='ocr_carea' id='block_1_41' title="bbox 490 3927 2071 4000">
    <p class='ocr_par' dir='ltr' id='par_1_41' title="bbox 490 3927 2071 4000">
     <span class='ocr_line' id='line_1_41' title="bbox 490 3927 2071 4000; baseline -0.001 -18"><span class='ocrx_word' id='word_1_289' title='bbox 490 3936 674 3994; x_wconf 58' lang='lat' dir='ltr'><strong>citem,</strong></span> <span class='ocrx_word' id='word_1_290' title='bbox 705 3943 826 4000; x_wconf 72' lang='lat' dir='ltr'><strong>qua:</strong></span> <span class='ocrx_word' id='word_1_291' title='bbox 850 3928 914 3982; x_wconf 91' lang='lat' dir='ltr'><strong>ad</strong></span> <span class='ocrx_word' id='word_1_292' title='bbox 946 3943 1224 3995; x_wconf 87' lang='lat' dir='ltr'><strong>vesperam</strong></span> <span class='ocrx_word' id='word_1_293' title='bbox 1247 3927 1470 3992; x_wconf 86' lang='lat' dir='ltr'><strong>desinit,</strong></span> <span class='ocrx_word' id='word_1_294' title='bbox 1514 3935 1569 3981; x_wconf 89' lang='lat' dir='ltr'><strong>ct</strong></span> <span class='ocrx_word' id='word_1_295' title='bbox 1596 3941 1740 3997; x_wconf 74' lang='lat' dir='ltr'><strong>smpc</strong></span> <span class='ocrx_word' id='word_1_296' title='bbox 1768 3941 1874 3981; x_wconf 87' lang='lat' dir='ltr'><strong>non</strong></span> <span class='ocrx_word' id='word_1_297' title='bbox 1902 3940 2071 3994; x_wconf 88' lang='lat' dir='ltr'><strong>usque</strong></span> 
     </span>
    </p>
   </div>
   <div class='ocr_carea' id='block_1_42' title="bbox 487 4015 2071 4095">
    <p class='ocr_par' dir='ltr' id='par_1_42' title="bbox 487 4015 2071 4095">
     <span class='ocr_line' id='line_1_42' title="bbox 487 4015 2071 4095; baseline -0.004 -21"><span class='ocrx_word' id='word_1_298' title='bbox 487 4018 556 4074; x_wconf 87' lang='lat' dir='ltr'><strong>ad</strong></span> <span class='ocrx_word' id='word_1_299' title='bbox 592 4034 868 4090; x_wconf 83' lang='lat' dir='ltr'><strong>vesperam</strong></span> <span class='ocrx_word' id='word_1_300' title='bbox 891 4018 1069 4085; x_wconf 88' lang='lat' dir='ltr'><strong>durat,</strong></span> <span class='ocrx_word' id='word_1_301' title='bbox 1098 4018 1191 4074; x_wconf 75' lang='lat' dir='ltr'><strong>sed</strong></span> <span class='ocrx_word' id='word_1_302' title='bbox 1223 4028 1276 4073; x_wconf 94' lang='lat' dir='ltr'><strong>ct</strong></span> <span class='ocrx_word' id='word_1_303' title='bbox 1308 4017 1615 4088; x_wconf 88' lang='lat' dir='ltr'><strong>priusquam</strong></span> <span class='ocrx_word' id='word_1_304' title='bbox 1659 4017 1776 4071; x_wconf 89' lang='lat' dir='ltr'><strong>dies</strong></span> <span class='ocrx_word' id='word_1_305' title='bbox 1801 4015 2071 4095; x_wconf 81' lang='lat' dir='ltr'><strong>complea-</strong></span> 
     </span>
    </p>
   </div>
   <div class='ocr_carea' id='block_1_43' title="bbox 488 4106 2072 4181">
    <p class='ocr_par' dir='ltr' id='par_1_43' title="bbox 488 4106 2072 4181">
     <span class='ocr_line' id='line_1_43' title="bbox 488 4106 2072 4181; baseline -0.002 -18"><span class='ocrx_word' id='word_1_306' title='bbox 488 4120 598 4176; x_wconf 91' lang='lat' dir='ltr'><strong>tur,</strong></span> <span class='ocrx_word' id='word_1_307' title='bbox 623 4109 915 4164; x_wconf 89' lang='lat' dir='ltr'><strong>innumeris</strong></span> <span class='ocrx_word' id='word_1_308' title='bbox 930 4109 1084 4163; x_wconf 87' lang='lat' dir='ltr'><strong>malis</strong></span> <span class='ocrx_word' id='word_1_309' title='bbox 1099 4109 1494 4174; x_wconf 89' lang='lat' dir='ltr'><strong>circumdatur;</strong></span> <span class='ocrx_word' id='word_1_310' title='bbox 1515 4106 1587 4180; x_wconf 72' lang='grc' dir='ltr'><strong>(ὁ)</strong></span> <span class='ocrx_word' id='word_1_311' title='bbox 1612 4107 1721 4181; x_wconf 79' lang='lat' dir='ltr'><strong>[alii</strong></span> <span class='ocrx_word' id='word_1_312' title='bbox 1744 4118 1918 4162; x_wconf 89' lang='lat' dir='ltr'><strong>autem</strong></span> <span class='ocrx_word' id='word_1_313' title='bbox 1943 4122 2072 4177; x_wconf 83' lang='lat' dir='ltr'><strong>gen-</strong></span> 
     </span>
    </p>
   </div>
   <div class='ocr_carea' id='block_1_44' title="bbox 490 4199 2071 4273">
    <p class='ocr_par' dir='ltr' id='par_1_44' title="bbox 490 4199 2071 4273">
     <span class='ocr_line' id='line_1_44' title="bbox 490 4199 2071 4273; baseline -0.001 -17"><span class='ocrx_word' id='word_1_314' title='bbox 490 4202 659 4257; x_wconf 88' lang='lat' dir='ltr'><strong>tilium</strong></span> <span class='ocrx_word' id='word_1_315' title='bbox 686 4217 870 4258; x_wconf 91' lang='lat' dir='ltr'><strong>errore</strong></span> <span class='ocrx_word' id='word_1_316' title='bbox 915 4202 1300 4273; x_wconf 75' lang='lat' dir='ltr'><strong>prmoeeupati,</strong></span> <span class='ocrx_word' id='word_1_317' title='bbox 1330 4201 1490 4257; x_wconf 86' lang='lat' dir='ltr'><strong>etiam</strong></span> <span class='ocrx_word' id='word_1_318' title='bbox 1532 4201 1630 4271; x_wconf 91' lang='lat' dir='ltr'><strong>ipsi</strong></span> <span class='ocrx_word' id='word_1_319' title='bbox 1670 4200 1738 4255; x_wconf 89' lang='lat' dir='ltr'><strong>ad</strong></span> <span class='ocrx_word' id='word_1_320' title='bbox 1784 4199 2071 4255; x_wconf 80' lang='lat' dir='ltr'><strong>humanam</strong></span> 
     </span>
    </p>
   </div>
   <div class='ocr_carea' id='block_1_45' title="bbox 492 4290 2072 4364">
    <p class='ocr_par' dir='ltr' id='par_1_45' title="bbox 492 4290 2072 4364">
     <span class='ocr_line' id='line_1_45' title="bbox 492 4290 2072 4364; baseline -0.001 -16"><span class='ocrx_word' id='word_1_321' title='bbox 492 4292 844 4363; x_wconf 85' lang='lat' dir='ltr'><strong>rcSpicicntcs</strong></span> <span class='ocrx_word' id='word_1_322' title='bbox 871 4292 1095 4364; x_wconf 76' lang='lat' dir='ltr'><strong>gloriam</strong></span> <span class='ocrx_word' id='word_1_323' title='bbox 1117 4334 1132 4360; x_wconf 96' lang='lat'><strong>,</strong></span> <span class='ocrx_word' id='word_1_324' title='bbox 1160 4308 1319 4363; x_wconf 87' lang='lat' dir='ltr'><strong>quam</strong></span> <span class='ocrx_word' id='word_1_325' title='bbox 1347 4292 1562 4348; x_wconf 78' lang='lat' dir='ltr'><strong>maximi</strong></span> <span class='ocrx_word' id='word_1_326' title='bbox 1590 4291 1785 4347; x_wconf 85' lang='lat' dir='ltr'><strong>faciunt</strong></span> <span class='ocrx_word' id='word_1_327' title='bbox 1804 4333 1820 4358; x_wconf 89' lang='lat'><strong>,</strong></span> <span class='ocrx_word' id='word_1_328' title='bbox 1852 4290 2072 4361; x_wconf 71' lang='lat' dir='ltr'><strong>abiectis</strong></span> 
     </span>
    </p>
   </div>
   <div class='ocr_carea' id='block_1_46' title="bbox 488 4383 2072 4454">
    <p class='ocr_par' dir='ltr' id='par_1_46' title="bbox 488 4383 2072 4454">
     <span class='ocr_line' id='line_1_46' title="bbox 488 4383 2072 4454; baseline 0.001 -18"><span class='ocrx_word' id='word_1_329' title='bbox 488 4383 651 4439; x_wconf 87' lang='lat' dir='ltr'><strong>simul</strong></span> <span class='ocrx_word' id='word_1_330' title='bbox 679 4384 949 4450; x_wconf 89' lang='lat' dir='ltr'><strong>omnibus,</strong></span> <span class='ocrx_word' id='word_1_331' title='bbox 994 4394 1046 4441; x_wconf 89' lang='lat' dir='ltr'><strong>et</strong></span> <span class='ocrx_word' id='word_1_332' title='bbox 1076 4384 1238 4454; x_wconf 87' lang='lat' dir='ltr'><strong>pallio</strong></span> <span class='ocrx_word' id='word_1_333' title='bbox 1280 4393 1483 4440; x_wconf 80' lang='lat' dir='ltr'><strong>tantum</strong></span> <span class='ocrx_word' id='word_1_334' title='bbox 1532 4394 1691 4454; x_wconf 90' lang='lat' dir='ltr'><strong>atque</strong></span> <span class='ocrx_word' id='word_1_335' title='bbox 1728 4384 1916 4439; x_wconf 80' lang='lat' dir='ltr'><strong>baculo</strong></span> <span class='ocrx_word' id='word_1_336' title='bbox 1953 4397 2072 4438; x_wconf 90' lang='lat' dir='ltr'><strong>ser-</strong></span> 
     </span>
    </p>
   </div>
   <div class='ocr_carea' id='block_1_47' title="bbox 489 4472 2073 4547">
    <p class='ocr_par' dir='ltr' id='par_1_47' title="bbox 489 4472 2073 4547">
     <span class='ocr_line' id='line_1_47' title="bbox 489 4472 2073 4547; baseline -0.001 -20"><span class='ocrx_word' id='word_1_337' title='bbox 489 4476 648 4542; x_wconf 86' lang='lat' dir='ltr'><strong>vatis,</strong></span> <span class='ocrx_word' id='word_1_338' title='bbox 678 4490 897 4531; x_wconf 84' lang='lat' dir='ltr'><strong>omnem</strong></span> <span class='ocrx_word' id='word_1_339' title='bbox 920 4476 1085 4532; x_wconf 89' lang='lat' dir='ltr'><strong>vitam</strong></span> <span class='ocrx_word' id='word_1_340' title='bbox 1110 4476 1188 4532; x_wconf 91' lang='lat' dir='ltr'><strong>sic</strong></span> <span class='ocrx_word' id='word_1_341' title='bbox 1210 4476 1464 4547; x_wconf 84' lang='lat' dir='ltr'><strong>exigunt,</strong></span> <span class='ocrx_word' id='word_1_342' title='bbox 1494 4490 1709 4531; x_wconf 89' lang='lat' dir='ltr'><strong>onmem</strong></span> <span class='ocrx_word' id='word_1_343' title='bbox 1737 4474 1976 4529; x_wconf 79' lang='lat' dir='ltr'><strong>laborem</strong></span> <span class='ocrx_word' id='word_1_344' title='bbox 2005 4472 2073 4528; x_wconf 90' lang='lat' dir='ltr'><strong>il-</strong></span> 
     </span>
    </p>
   </div>
   <div class='ocr_carea' id='block_1_48' title="bbox 490 4565 2074 4625">
    <p class='ocr_par' dir='ltr' id='par_1_48' title="bbox 490 4565 2074 4625">
     <span class='ocr_line' id='line_1_48' title="bbox 490 4565 2074 4625; baseline -0.001 -4"><span class='ocrx_word' id='word_1_345' title='bbox 490 4566 599 4621; x_wconf 90' lang='lat' dir='ltr'><strong>lum</strong></span> <span class='ocrx_word' id='word_1_346' title='bbox 630 4575 686 4623; x_wconf 90' lang='lat' dir='ltr'><strong>et</strong></span> <span class='ocrx_word' id='word_1_347' title='bbox 711 4566 982 4625; x_wconf 90' lang='lat' dir='ltr'><strong>miseriam</strong></span> <span class='ocrx_word' id='word_1_348' title='bbox 1009 4569 1079 4624; x_wconf 92' lang='lat' dir='ltr'><strong>ob</strong></span> <span class='ocrx_word' id='word_1_349' title='bbox 1108 4568 1232 4622; x_wconf 92' lang='lat' dir='ltr'><strong>vani</strong></span> <span class='ocrx_word' id='word_1_350' title='bbox 1256 4566 1488 4623; x_wconf 89' lang='lat' dir='ltr'><strong>nominis</strong></span> <span class='ocrx_word' id='word_1_351' title='bbox 1525 4565 1890 4622; x_wconf 88' lang='lat' dir='ltr'><strong>celebritatem</strong></span> <span class='ocrx_word' id='word_1_352' title='bbox 1917 4578 2074 4620; x_wconf 78' lang='lat' dir='ltr'><strong>assu-</strong></span> 
     </span>
    </p>
   </div>
   <div class='ocr_carea' id='block_1_49' title="bbox 489 4654 2072 4730">
    <p class='ocr_par' dir='ltr' id='par_1_49' title="bbox 489 4654 2072 4730">
     <span class='ocr_line' id='line_1_49' title="bbox 489 4654 2072 4730; baseline -0.001 -20"><span class='ocrx_word' id='word_1_353' title='bbox 489 4654 719 4729; x_wconf 84' lang='lat' dir='ltr'><strong>mentes]</strong></span> <span class='ocrx_word' id='word_1_354' title='bbox 746 4673 760 4710; x_wconf 90' lang='lat'><strong>:</strong></span> <span class='ocrx_word' id='word_1_355' title='bbox 787 4672 908 4713; x_wconf 92' lang='lat' dir='ltr'><strong>cum</strong></span> <span class='ocrx_word' id='word_1_356' title='bbox 930 4658 1089 4730; x_wconf 89' lang='lat' dir='ltr'><strong>igitur</strong></span> <span class='ocrx_word' id='word_1_357' title='bbox 1109 4659 1224 4713; x_wconf 79' lang='lat' dir='ltr'><strong>lucc</strong></span> <span class='ocrx_word' id='word_1_358' title='bbox 1246 4672 1454 4714; x_wconf 90' lang='lat' dir='ltr'><strong>mecum</strong></span> <span class='ocrx_word' id='word_1_359' title='bbox 1475 4667 1684 4728; x_wconf 89' lang='lat' dir='ltr'><strong>reputo,</strong></span> <span class='ocrx_word' id='word_1_360' title='bbox 1713 4657 1895 4712; x_wconf 89' lang='lat' dir='ltr'><strong>nescio</strong></span> <span class='ocrx_word' id='word_1_361' title='bbox 1912 4669 2072 4726; x_wconf 85' lang='lat' dir='ltr'><strong>quam</strong></span> 
     </span>
    </p>
   </div>
   <div class='ocr_carea' id='block_1_50' title="bbox 491 4746 2074 4816">
    <p class='ocr_par' dir='ltr' id='par_1_50' title="bbox 491 4746 2074 4816">
     <span class='ocr_line' id='line_1_50' title="bbox 491 4746 2074 4816; baseline -0.002 -13"><span class='ocrx_word' id='word_1_362' title='bbox 491 4746 721 4805; x_wconf 78' lang='lat' dir='ltr'><strong>habituri</strong></span> <span class='ocrx_word' id='word_1_363' title='bbox 770 4748 939 4804; x_wconf 83' lang='lat' dir='ltr'><strong>simus</strong></span> <span class='ocrx_word' id='word_1_364' title='bbox 981 4749 1065 4803; x_wconf 88' lang='lat' dir='ltr'><strong>vel</strong></span> <span class='ocrx_word' id='word_1_365' title='bbox 1107 4749 1532 4814; x_wconf 82' lang='lat' dir='ltr'><strong>excusationem,</strong></span> <span class='ocrx_word' id='word_1_366' title='bbox 1578 4748 1661 4802; x_wconf 92' lang='lat' dir='ltr'><strong>vel</strong></span> <span class='ocrx_word' id='word_1_367' title='bbox 1706 4748 1935 4810; x_wconf 85' lang='lat' dir='ltr'><strong>veniam,</strong></span> <span class='ocrx_word' id='word_1_368' title='bbox 1984 4746 2074 4816; x_wconf 89' lang='lat' dir='ltr'><strong>qui</strong></span> 
     </span>
    </p>
   </div>
   <div class='ocr_carea' id='block_1_51' title="bbox 490 4838 2077 4910">
    <p class='ocr_par' dir='ltr' id='par_1_51' title="bbox 490 4838 2077 4910">
     <span class='ocr_line' id='line_1_51' title="bbox 490 4838 2077 4910; baseline 0.001 -18"><span class='ocrx_word' id='word_1_369' title='bbox 490 4853 666 4910; x_wconf 88' lang='lat' dir='ltr'><strong>neque</strong></span> <span class='ocrx_word' id='word_1_370' title='bbox 689 4839 761 4895; x_wconf 91' lang='lat' dir='ltr'><strong>ob</strong></span> <span class='ocrx_word' id='word_1_371' title='bbox 801 4840 1110 4896; x_wconf 88' lang='lat' dir='ltr'><strong>mandatum</strong></span> <span class='ocrx_word' id='word_1_372' title='bbox 1141 4856 1174 4896; x_wconf 88' lang='lat' dir='ltr'><strong>a</strong></span> <span class='ocrx_word' id='word_1_373' title='bbox 1202 4840 1428 4895; x_wconf 91' lang='lat' dir='ltr'><strong>Domino</strong></span> <span class='ocrx_word' id='word_1_374' title='bbox 1461 4838 1713 4895; x_wconf 81' lang='lat' dir='ltr'><strong>traditum</strong></span> <span class='ocrx_word' id='word_1_375' title='bbox 1736 4879 1750 4904; x_wconf 92' lang='lat'><strong>,</strong></span> <span class='ocrx_word' id='word_1_376' title='bbox 1800 4853 1973 4909; x_wconf 89' lang='lat' dir='ltr'><strong>neque</strong></span> <span class='ocrx_word' id='word_1_377' title='bbox 2005 4838 2077 4893; x_wconf 90' lang='lat' dir='ltr'><strong>oh</strong></span> 
     </span>
    </p>
   </div>
   <div class='ocr_carea' id='block_1_52' title="bbox 488 4930 2074 4999">
    <p class='ocr_par' dir='ltr' id='par_1_52' title="bbox 488 4930 2074 4999">
     <span class='ocr_line' id='line_1_52' title="bbox 488 4930 2074 4999; baseline 0.001 -17"><span class='ocrx_word' id='word_1_378' title='bbox 488 4930 715 4999; x_wconf 78' lang='lat' dir='ltr'><strong>gloriam</strong></span> <span class='ocrx_word' id='word_1_379' title='bbox 753 4930 896 4984; x_wconf 87' lang='lat' dir='ltr'><strong>illam</strong></span> <span class='ocrx_word' id='word_1_380' title='bbox 941 4931 1298 4987; x_wconf 83' lang='lat' dir='ltr'><strong>immortalem</strong></span> <span class='ocrx_word' id='word_1_381' title='bbox 1323 4941 1381 4988; x_wconf 90' lang='lat' dir='ltr'><strong>et</strong></span> <span class='ocrx_word' id='word_1_382' title='bbox 1408 4931 1834 4997; x_wconf 85' lang='lat' dir='ltr'><strong>interminatam,</strong></span> <span class='ocrx_word' id='word_1_383' title='bbox 1861 4931 1946 4986; x_wconf 85' lang='lat' dir='ltr'><strong>vel</strong></span> <span class='ocrx_word' id='word_1_384' title='bbox 1978 4930 2074 4984; x_wconf 81' lang='lat' dir='ltr'><strong>Ini-</strong></span> 
     </span>
    </p>
   </div>
   <div class='ocr_carea' id='block_1_53' title="bbox 490 5015 2079 5092">
    <p class='ocr_par' dir='ltr' id='par_1_53' title="bbox 490 5015 2079 5092">
     <span class='ocr_line' id='line_1_53' title="bbox 490 5015 2079 5092; baseline -0.001 -19"><span class='ocrx_word' id='word_1_385' title='bbox 490 5015 691 5074; x_wconf 86' lang='lat' dir='ltr'><strong>nimam</strong></span> <span class='ocrx_word' id='word_1_386' title='bbox 721 5033 899 5074; x_wconf 85' lang='lat' dir='ltr'><strong>rerum</strong></span> <span class='ocrx_word' id='word_1_387' title='bbox 930 5032 1231 5077; x_wconf 86' lang='lat' dir='ltr'><strong>nostrarum</strong></span> <span class='ocrx_word' id='word_1_388' title='bbox 1267 5023 1564 5092; x_wconf 87' lang='lat' dir='ltr'><strong>portionem</strong></span> <span class='ocrx_word' id='word_1_389' title='bbox 1592 5022 1895 5091; x_wconf 84' lang='lat' dir='ltr'><strong>relinquere</strong></span> <span class='ocrx_word' id='word_1_390' title='bbox 1918 5021 2079 5077; x_wconf 86' lang='lat' dir='ltr'><strong>susti-</strong></span> 
     </span>
    </p>
   </div>
   <div class='ocr_carea' id='block_1_54' title="bbox 491 5109 2080 5182">
    <p class='ocr_par' dir='ltr' id='par_1_54' title="bbox 491 5109 2080 5182">
     <span class='ocr_line' id='line_1_54' title="bbox 491 5109 2080 5182; baseline 0.003 -18"><span class='ocrx_word' id='word_1_391' title='bbox 491 5123 704 5177; x_wconf 81' lang='lat' dir='ltr'><strong>nemus,</strong></span> <span class='ocrx_word' id='word_1_392' title='bbox 731 5109 801 5181; x_wconf 77' lang='grc' dir='ltr'><strong>(ε)</strong></span> <span class='ocrx_word' id='word_1_393' title='bbox 827 5112 955 5180; x_wconf 87' lang='lat' dir='ltr'><strong>quin</strong></span> <span class='ocrx_word' id='word_1_394' title='bbox 985 5122 1039 5168; x_wconf 89' lang='lat' dir='ltr'><strong>et</strong></span> <span class='ocrx_word' id='word_1_395' title='bbox 1085 5113 1382 5171; x_wconf 86' lang='lat' dir='ltr'><strong>deteriores</strong></span> <span class='ocrx_word' id='word_1_396' title='bbox 1415 5114 1520 5169; x_wconf 87' lang='lat' dir='ltr'><strong>illis</strong></span> <span class='ocrx_word' id='word_1_397' title='bbox 1561 5113 1858 5181; x_wconf 90' lang='lat' dir='ltr'><strong>reddimur,</strong></span> <span class='ocrx_word' id='word_1_398' title='bbox 1903 5128 2080 5182; x_wconf 87' lang='lat' dir='ltr'><strong>neque</strong></span> 
     </span>
    </p>
   </div>
   <div class='ocr_carea' id='block_1_55' title="bbox 493 5201 2081 5276">
    <p class='ocr_par' dir='ltr' id='par_1_55' title="bbox 493 5201 2081 5276">
     <span class='ocr_line' id='line_1_55' title="bbox 493 5201 2081 5276; baseline -0.002 -18"><span class='ocrx_word' id='word_1_399' title='bbox 493 5211 754 5271; x_wconf 86' lang='lat' dir='ltr'><strong>quantum</strong></span> <span class='ocrx_word' id='word_1_400' title='bbox 797 5201 868 5257; x_wconf 88' lang='lat' dir='ltr'><strong>sit</strong></span> <span class='ocrx_word' id='word_1_401' title='bbox 900 5203 1184 5260; x_wconf 87' lang='lat' dir='ltr'><strong>discrimen</strong></span> <span class='ocrx_word' id='word_1_402' title='bbox 1228 5206 1540 5276; x_wconf 86' lang='lat' dir='ltr'><strong>cogitamus.</strong></span> <span class='ocrx_word' id='word_1_403' title='bbox 1581 5205 1716 5261; x_wconf 84' lang='lat' dir='ltr'><strong>Nam</strong></span> <span class='ocrx_word' id='word_1_404' title='bbox 1750 5205 1826 5260; x_wconf 91' lang='lat' dir='ltr'><strong>illi</strong></span> <span class='ocrx_word' id='word_1_405' title='bbox 1868 5205 1939 5260; x_wconf 91' lang='lat' dir='ltr'><strong>ob</strong></span> <span class='ocrx_word' id='word_1_406' title='bbox 1985 5205 2081 5257; x_wconf 85' lang='lat' dir='ltr'><strong>ho-</strong></span> 
     </span>
    </p>
   </div>
   <div class='ocr_carea' id='block_1_56' title="bbox 497 5292 2084 5425">
    <p class='ocr_par' dir='ltr' id='par_1_56' title="bbox 497 5292 2084 5425">
     <span class='ocr_line' id='line_1_56' title="bbox 554 5292 2084 5361; baseline -0.001 -18"><span class='ocrx_word' id='word_1_407' title='bbox 554 5292 632 5361; x_wconf 78' lang='grc' dir='ltr'><strong>(α)</strong></span> <span class='ocrx_word' id='word_1_408' title='bbox 644 5299 759 5352; x_wconf 72' lang='lat' dir='ltr'><strong>Quae</strong></span> <span class='ocrx_word' id='word_1_409' title='bbox 776 5300 1069 5352; x_wconf 84' lang='lat' dir='ltr'><strong>sequuntur,</strong></span> <span class='ocrx_word' id='word_1_410' title='bbox 1093 5294 1156 5343; x_wconf 89' lang='lat' dir='ltr'><strong>ab</strong></span> <span class='ocrx_word' id='word_1_411' title='bbox 1170 5293 1249 5345; x_wconf 89' lang='lat' dir='ltr'><strong>bis</strong></span> <span class='ocrx_word' id='word_1_412' title='bbox 1270 5295 1449 5354; x_wconf 84' lang='lat' dir='ltr'><strong>verbis,</strong></span> <span class='ocrx_word' id='word_1_413' title='bbox 1467 5300 1514 5345; x_wconf 86' lang='lat' dir='ltr'><strong>et</strong></span> <span class='ocrx_word' id='word_1_414' title='bbox 1537 5300 1750 5345; x_wconf 76' lang='lat' dir='ltr'><strong>cessante</strong></span> <span class='ocrx_word' id='word_1_415' title='bbox 1761 5292 1950 5344; x_wconf 80' lang='lat' dir='ltr'><strong>insania</strong></span> <span class='ocrx_word' id='word_1_416' title='bbox 1971 5305 2084 5342; x_wconf 86' lang='lat' dir='ltr'><strong>ara-</strong></span> 
     </span>
     <span class='ocr_line' id='line_1_57' title="bbox 497 5353 2067 5425; baseline 0.002 -23"><span class='ocrx_word' id='word_1_417' title='bbox 497 5357 631 5425; x_wconf 67' lang='lat' dir='ltr'><strong>rum?</strong></span> <span class='ocrx_word' id='word_1_418' title='bbox 648 5355 754 5425; x_wconf 65' lang='grc' dir='ltr'><strong>ςκαὶ</strong></span> <span class='ocrx_word' id='word_1_419' title='bbox 768 5358 853 5411; x_wconf 85' lang='grc' dir='ltr'><strong>τῆς</strong></span> <span class='ocrx_word' id='word_1_420' title='bbox 869 5354 978 5425; x_wconf 62' lang='lat' dir='ltr'><strong>accpi</strong></span> <span class='ocrx_word' id='word_1_421' title='bbox 999 5355 1059 5401; x_wconf 79' lang='grc' dir='ltr'>τὰ</span> <span class='ocrx_word' id='word_1_422' title='bbox 1078 5353 1299 5415; x_wconf 84' lang='grc' dir='ltr'>χρήματα</span> <span class='ocrx_word' id='word_1_423' title='bbox 1318 5354 1523 5416; x_wconf 79' lang='grc' dir='ltr'><strong>μανίας),</strong></span> <span class='ocrx_word' id='word_1_424' title='bbox 1543 5368 1704 5425; x_wconf 68' lang='lat' dir='ltr'><strong>usque</strong></span> <span class='ocrx_word' id='word_1_425' title='bbox 1718 5357 1777 5425; x_wconf 80' lang='lat' dir='ltr'><strong>ad</strong></span> <span class='ocrx_word' id='word_1_426' title='bbox 1796 5356 1883 5405; x_wconf 88' lang='lat' dir='ltr'><strong>illa</strong></span> <span class='ocrx_word' id='word_1_427' title='bbox 1900 5357 2067 5416; x_wconf 85' lang='lat' dir='ltr'><strong>verba,</strong></span> 
     </span>
    </p>
   </div>
   <div class='ocr_carea' id='block_1_57' title="bbox 499 5414 2071 5488">
    <p class='ocr_par' dir='ltr' id='par_1_57' title="bbox 499 5414 2071 5488">
     <span class='ocr_line' id='line_1_58' title="bbox 499 5414 2071 5488; baseline 0.003 -26"><span class='ocrx_word' id='word_1_428' title='bbox 499 5414 806 5488; x_wconf 7' lang='lat' dir='ltr'><strong>postidecetn</strong></span> <span class='ocrx_word' id='word_1_429' title='bbox 835 5414 1039 5488; x_wconf 74' lang='lat' dir='ltr'><strong>circiter</strong></span> <span class='ocrx_word' id='word_1_430' title='bbox 1061 5414 1253 5488; x_wconf 63' lang='lat' dir='ltr'><strong>versus,</strong></span> <span class='ocrx_word' id='word_1_431' title='bbox 1517 5414 1704 5488; x_wconf 63' lang='lat' dir='ltr'><strong>aliquid</strong></span> <span class='ocrx_word' id='word_1_432' title='bbox 1723 5422 1949 5488; x_wconf 55' lang='grc' dir='ltr'><strong>θερί-ους</strong></span> <span class='ocrx_word' id='word_1_433' title='bbox 1960 5414 2071 5488; x_wconf 63' lang='lat' dir='ltr'><strong>esse</strong></span> 
     </span>
    </p>
   </div>
   <div class='ocr_carea' id='block_1_58' title="bbox 499 5476 2067 5586">
    <p class='ocr_par' dir='ltr' id='par_1_58' title="bbox 499 5476 2067 5586">
     <span class='ocr_line' id='line_1_59' title="bbox 499 5476 2067 5581; baseline 0.004 -60"><span class='ocrx_word' id='word_1_434' title='bbox 499 5486 642 5581; x_wconf 47' lang='lat' dir='ltr'><strong>(suum</strong></span> <span class='ocrx_word' id='word_1_435' title='bbox 664 5480 985 5546; x_wconf 67' lang='lat' dir='ltr'><strong>contemptum</strong></span> <span class='ocrx_word' id='word_1_436' title='bbox 1012 5476 1254 5539; x_wconf 72' lang='grc' dir='ltr'><strong>(φορτικὸν</strong></span> <span class='ocrx_word' id='word_1_437' title='bbox 1275 5476 1391 5525; x_wconf 63' lang='lat' dir='ltr'><strong>sivit</strong></span> <span class='ocrx_word' id='word_1_438' title='bbox 1412 5477 1467 5525; x_wconf 86' lang='grc' dir='ltr'><strong>τὸ</strong></span> <span class='ocrx_word' id='word_1_439' title='bbox 1493 5476 1751 5540; x_wconf 62' lang='grc' dir='ltr'><strong>χρημάτων</strong></span> <span class='ocrx_word' id='word_1_440' title='bbox 1774 5476 2067 5542; x_wconf 69' lang='grc' dir='ltr'><strong>ὓῖπεριδεῖν),</strong></span> 
     </span>
     <span class='ocr_line' id='line_1_60' title="bbox 541 5537 996 5586; baseline 0.002 -1"><span class='ocrx_word' id='word_1_441' title='bbox 541 5542 691 5585; x_wconf 78' lang='lat' dir='ltr'><strong>esunt</strong></span> <span class='ocrx_word' id='word_1_442' title='bbox 714 5550 764 5584; x_wconf 86' lang='lat' dir='ltr'><strong>In</strong></span> <span class='ocrx_word' id='word_1_443' title='bbox 789 5537 996 5586; x_wconf 83' lang='lat' dir='ltr'><strong>Cetslin.</strong></span> 
     </span>
    </p>
   </div>
   <div class='ocr_carea' id='block_1_59' title="bbox 564 5593 2084 5718">
    <p class='ocr_par' dir='ltr' id='par_1_59' title="bbox 564 5593 2084 5718">
     <span class='ocr_line' id='line_1_61' title="bbox 564 5593 2084 5718; baseline 0.006 -75"><span class='ocrx_word' id='word_1_444' title='bbox 564 5593 640 5718; x_wconf 52' lang='grc' dir='ltr'><strong>ξῡζ</strong></span> <span class='ocrx_word' id='word_1_445' title='bbox 660 5603 772 5655; x_wconf 62' lang='lat' dir='ltr'><strong>Quae</strong></span> <span class='ocrx_word' id='word_1_446' title='bbox 794 5599 983 5649; x_wconf 89' lang='lat' dir='ltr'><strong>uncinis</strong></span> <span class='ocrx_word' id='word_1_447' title='bbox 1003 5598 1308 5661; x_wconf 84' lang='lat' dir='ltr'><strong>clauduntur,</strong></span> <span class='ocrx_word' id='word_1_448' title='bbox 1329 5602 1509 5653; x_wconf 88' lang='lat' dir='ltr'><strong>desunt</strong></span> <span class='ocrx_word' id='word_1_449' title='bbox 1529 5603 1576 5652; x_wconf 92' lang='lat' dir='ltr'><strong>in</strong></span> <span class='ocrx_word' id='word_1_450' title='bbox 1596 5602 1881 5654; x_wconf 86' lang='lat' dir='ltr'><strong>Coisliniano</strong></span> <span class='ocrx_word' id='word_1_451' title='bbox 1896 5605 2084 5654; x_wconf 86' lang='lat' dir='ltr'><strong>Codice.</strong></span> 
     </span>
     <span class='ocr_line' id='line_1_62' title="bbox 588 5665 2084 5718; baseline 0.009 -14"><span class='ocrx_word' id='word_1_452' title='bbox 588 5669 614 5704; x_wconf 90' lang='lat' dir='ltr'><strong>c</strong></span> <span class='ocrx_word' id='word_1_453' title='bbox 668 5666 780 5714; x_wconf 66' lang='lat' dir='ltr'><strong>Quae</strong></span> <span class='ocrx_word' id='word_1_454' title='bbox 800 5665 1075 5718; x_wconf 85' lang='lat' dir='ltr'><strong>sequuntur</strong></span> <span class='ocrx_word' id='word_1_455' title='bbox 1098 5676 1253 5718; x_wconf 85' lang='lat' dir='ltr'><strong>usque</strong></span> <span class='ocrx_word' id='word_1_456' title='bbox 1271 5665 1347 5718; x_wconf 89' lang='lat' dir='ltr'><strong>ad.</strong></span> <span class='ocrx_word' id='word_1_457' title='bbox 1374 5665 1675 5718; x_wconf 66' lang='lat' dir='ltr'><strong>effundimus</strong></span> <span class='ocrx_word' id='word_1_458' title='bbox 1695 5678 1827 5718; x_wconf 75' lang='lat' dir='ltr'><strong>eruo.</strong></span> <span class='ocrx_word' id='word_1_459' title='bbox 1846 5670 2023 5718; x_wconf 80' lang='lat' dir='ltr'><strong>desunt</strong></span> <span class='ocrx_word' id='word_1_460' title='bbox 2039 5667 2084 5717; x_wconf 88' lang='lat' dir='ltr'><strong>in</strong></span> 
     </span>
    </p>
   </div>
   <div class='ocr_carea' id='block_1_60' title="bbox 668 5665 2090 5727">
    <p class='ocr_par' dir='ltr' id='par_1_60' title="bbox 668 5665 2090 5727">
     <span class='ocr_line' id='line_1_63' title="bbox 668 5665 2090 5727; baseline 0.008 -22"><span class='ocrx_word' id='word_1_461' title='bbox 668 5666 780 5727; x_wconf 65' lang='lat' dir='ltr'><strong>Quae</strong></span> <span class='ocrx_word' id='word_1_462' title='bbox 800 5665 1075 5727; x_wconf 79' lang='lat' dir='ltr'><strong>sequuntur</strong></span> <span class='ocrx_word' id='word_1_463' title='bbox 1098 5676 1253 5727; x_wconf 86' lang='lat' dir='ltr'><strong>usque</strong></span> <span class='ocrx_word' id='word_1_464' title='bbox 1271 5665 1347 5721; x_wconf 89' lang='lat' dir='ltr'><strong>ad,</strong></span> <span class='ocrx_word' id='word_1_465' title='bbox 1374 5665 1675 5727; x_wconf 67' lang='lat' dir='ltr'><strong>eﬁ‘undamus</strong></span> <span class='ocrx_word' id='word_1_466' title='bbox 1695 5678 1827 5727; x_wconf 82' lang='lat' dir='ltr'><strong>ergo,</strong></span> <span class='ocrx_word' id='word_1_467' title='bbox 1846 5670 2023 5718; x_wconf 81' lang='lat' dir='ltr'><strong>desunt</strong></span> <span class='ocrx_word' id='word_1_468' title='bbox 2039 5667 2090 5717; x_wconf 88' lang='lat' dir='ltr'><strong>in</strong></span> 
     </span>
    </p>
   </div>
   <div class='ocr_carea' id='block_1_61' title="bbox 502 5718 2005 5797">
    <p class='ocr_par' dir='ltr' id='par_1_61' title="bbox 502 5718 2005 5797">
     <span class='ocr_line' id='line_1_64' title="bbox 502 5718 2005 5797; baseline 0.004 -28"><span class='ocrx_word' id='word_1_469' title='bbox 502 5718 677 5772; x_wconf 86' lang='lat' dir='ltr'><strong>Coislin</strong></span> <span class='ocrx_word' id='word_1_470' title='bbox 703 5719 791 5784; x_wconf 69' lang='grc' dir='ltr'><strong>,ιω</strong></span> <span class='ocrx_word' id='word_1_471' title='bbox 814 5729 868 5772; x_wconf 89' lang='lat' dir='ltr'><strong>ut</strong></span> <span class='ocrx_word' id='word_1_472' title='bbox 878 5718 1001 5785; x_wconf 65' lang='lat' dir='ltr'><strong>&#39;plus</strong></span> <span class='ocrx_word' id='word_1_473' title='bbox 1017 5736 1160 5797; x_wconf 79' lang='lat' dir='ltr'><strong>quam</strong></span> <span class='ocrx_word' id='word_1_474' title='bbox 1173 5718 1374 5776; x_wconf 73' lang='lat' dir='ltr'><strong>&#39;ditnidia</strong></span> <span class='ocrx_word' id='word_1_475' title='bbox 1398 5718 1572 5789; x_wconf 63' lang='lat' dir='ltr'><strong>fagina</strong></span> <span class='ocrx_word' id='word_1_476' title='bbox 1589 5718 1794 5778; x_wconf 73' lang='lat' dir='ltr'><strong>deficiat.</strong></span> <span class='ocrx_word' id='word_1_477' title='bbox 1813 5718 1825 5726; x_wconf 89' lang='grc'><em>’</em></span> <span class='ocrx_word' id='word_1_478' title='bbox 2002 5732 2005 5735; x_wconf 86' lang='grc'><em>’</em></span> 
     </span>
    </p>
   </div>
   <div class='ocr_carea' id='block_1_62' title="bbox 1532 243 2637 306">
    <p class='ocr_par' dir='ltr' id='par_1_62' title="bbox 1532 243 2637 306">
     <span class='ocr_line' id='line_1_65' title="bbox 1532 243 2637 306; baseline 0.005 -7"><span class='ocrx_word' id='word_1_479' title='bbox 1532 243 1601 300; x_wconf 75' lang='grc' dir='ltr'><strong>ΙΝ</strong></span> <span class='ocrx_word' id='word_1_480' title='bbox 1637 243 1788 301; x_wconf 75' lang='lat' dir='ltr'><strong>CAP.</strong></span> <span class='ocrx_word' id='word_1_481' title='bbox 1830 243 1918 301; x_wconf 71' lang='grc' dir='ltr'><strong>Ν.</strong></span> <span class='ocrx_word' id='word_1_482' title='bbox 1959 243 2203 303; x_wconf 81' lang='lat' dir='ltr'><strong>GENES.</strong></span> <span class='ocrx_word' id='word_1_483' title='bbox 2246 245 2473 304; x_wconf 80' lang='lat' dir='ltr'><strong>llOMlL.</strong></span> <span class='ocrx_word' id='word_1_484' title='bbox 2517 248 2637 306; x_wconf 80' lang='lat' dir='ltr'><strong>XX.</strong></span> 
     </span>
    </p>
   </div>
   <div class='ocr_carea' id='block_1_63' title="bbox 3642 253 3742 310">
    <p class='ocr_par' dir='ltr' id='par_1_63' title="bbox 3642 253 3742 310">
     <span class='ocr_line' id='line_1_66' title="bbox 3642 253 3742 310; baseline 0.02 -3"><span class='ocrx_word' id='word_1_485' title='bbox 3642 253 3742 310; x_wconf 73' lang='lat' dir='ltr'><strong>Hi</strong></span> 
     </span>
    </p>
   </div>
   <div class='ocr_carea' id='block_1_64' title="bbox 2155 357 3736 433">
    <p class='ocr_par' dir='ltr' id='par_1_64' title="bbox 2155 357 3736 433">
     <span class='ocr_line' id='line_1_67' title="bbox 2155 357 3736 433; baseline 0.004 -22"><span class='ocrx_word' id='word_1_486' title='bbox 2155 357 2380 422; x_wconf 90' lang='lat' dir='ltr'><strong>minum,</strong></span> <span class='ocrx_word' id='word_1_487' title='bbox 2407 359 2499 430; x_wconf 90' lang='lat' dir='ltr'><strong>qui</strong></span> <span class='ocrx_word' id='word_1_488' title='bbox 2525 360 2766 431; x_wconf 82' lang='lat' dir='ltr'><strong>ejusdem</strong></span> <span class='ocrx_word' id='word_1_489' title='bbox 2795 367 2999 417; x_wconf 74' lang='lat' dir='ltr'><strong>naturm</strong></span> <span class='ocrx_word' id='word_1_490' title='bbox 3024 368 3180 429; x_wconf 89' lang='lat' dir='ltr'><strong>sunt,</strong></span> <span class='ocrx_word' id='word_1_491' title='bbox 3209 361 3446 418; x_wconf 89' lang='lat' dir='ltr'><strong>inutilem</strong></span> <span class='ocrx_word' id='word_1_492' title='bbox 3477 361 3699 433; x_wconf 79' lang='lat' dir='ltr'><strong>gloriam</strong></span> <span class='ocrx_word' id='word_1_493' title='bbox 3719 404 3736 428; x_wconf 89' lang='lat'><strong>,</strong></span> 
     </span>
    </p>
   </div>
   <div class='ocr_carea' id='block_1_65' title="bbox 2153 454 3736 525">
    <p class='ocr_par' dir='ltr' id='par_1_65' title="bbox 2153 454 3736 525">
     <span class='ocr_line' id='line_1_68' title="bbox 2153 454 3736 525; baseline 0.006 -23"><span class='ocrx_word' id='word_1_494' title='bbox 2153 464 2388 521; x_wconf 85' lang='lat' dir='ltr'><strong>eousque</strong></span> <span class='ocrx_word' id='word_1_495' title='bbox 2411 461 2774 521; x_wconf 85' lang='lat' dir='ltr'><strong>pervenerunt</strong></span> <span class='ocrx_word' id='word_1_496' title='bbox 2820 462 2878 508; x_wconf 91' lang='lat' dir='ltr'><strong>ut</strong></span> <span class='ocrx_word' id='word_1_497' title='bbox 2924 463 3030 509; x_wconf 88' lang='lat' dir='ltr'><strong>tam</strong></span> <span class='ocrx_word' id='word_1_498' title='bbox 3074 454 3238 510; x_wconf 90' lang='lat' dir='ltr'><strong>multa</strong></span> <span class='ocrx_word' id='word_1_499' title='bbox 3281 454 3565 525; x_wconf 86' lang='lat' dir='ltr'><strong>projiciant</strong></span> <span class='ocrx_word' id='word_1_500' title='bbox 3595 472 3608 508; x_wconf 89' lang='lat'><strong>:</strong></span> <span class='ocrx_word' id='word_1_501' title='bbox 3640 471 3736 511; x_wconf 91' lang='lat' dir='ltr'><strong>nos</strong></span> 
     </span>
    </p>
   </div>
   <div class='ocr_carea' id='block_1_66' title="bbox 2154 541 3738 616">
    <p class='ocr_par' dir='ltr' id='par_1_66' title="bbox 2154 541 3738 616">
     <span class='ocr_line' id='line_1_69' title="bbox 2154 541 3738 616; baseline 0.007 -26"><span class='ocrx_word' id='word_1_502' title='bbox 2154 548 2330 595; x_wconf 90' lang='lat' dir='ltr'><strong>autem</strong></span> <span class='ocrx_word' id='word_1_503' title='bbox 2358 550 2581 612; x_wconf 87' lang='lat' dir='ltr'><strong>propter</strong></span> <span class='ocrx_word' id='word_1_504' title='bbox 2610 541 2890 598; x_wconf 89' lang='lat' dir='ltr'><strong>Dominum</strong></span> <span class='ocrx_word' id='word_1_505' title='bbox 2923 553 3164 599; x_wconf 89' lang='lat' dir='ltr'><strong>nostrum</strong></span> <span class='ocrx_word' id='word_1_506' title='bbox 3185 587 3198 611; x_wconf 92' lang='lat'><strong>,</strong></span> <span class='ocrx_word' id='word_1_507' title='bbox 3230 545 3319 613; x_wconf 90' lang='lat' dir='ltr'><strong>qui</strong></span> <span class='ocrx_word' id='word_1_508' title='bbox 3348 544 3651 616; x_wconf 88' lang='lat' dir='ltr'><strong>suppeditat</strong></span> <span class='ocrx_word' id='word_1_509' title='bbox 3677 562 3738 601; x_wconf 82' lang='lat' dir='ltr'><strong>ea</strong></span> 
     </span>
    </p>
   </div>
   <div class='ocr_carea' id='block_1_67' title="bbox 2153 631 3738 705">
    <p class='ocr_par' dir='ltr' id='par_1_67' title="bbox 2153 631 3738 705">
     <span class='ocr_line' id='line_1_70' title="bbox 2153 631 3738 705; baseline 0.004 -22"><span class='ocrx_word' id='word_1_510' title='bbox 2153 644 2271 698; x_wconf 73' lang='lat' dir='ltr'><strong>qum</strong></span> <span class='ocrx_word' id='word_1_511' title='bbox 2296 631 2655 701; x_wconf 88' lang='lat' dir='ltr'><strong>possidemus,</strong></span> <span class='ocrx_word' id='word_1_512' title='bbox 2675 634 3034 689; x_wconf 80' lang='lat' dir='ltr'><strong>etinellabilia</strong></span> <span class='ocrx_word' id='word_1_513' title='bbox 3058 634 3146 689; x_wconf 89' lang='lat' dir='ltr'><strong>illa</strong></span> <span class='ocrx_word' id='word_1_514' title='bbox 3164 633 3303 690; x_wconf 85' lang='lat' dir='ltr'><strong>dona</strong></span> <span class='ocrx_word' id='word_1_515' title='bbox 3331 636 3630 705; x_wconf 87' lang='lat' dir='ltr'><strong>pollicetur,</strong></span> <span class='ocrx_word' id='word_1_516' title='bbox 3649 652 3738 691; x_wconf 64' lang='lat' dir='ltr'><strong>sm.</strong></span> 
     </span>
    </p>
   </div>
   <div class='ocr_carea' id='block_1_68' title="bbox 2155 716 3736 797">
    <p class='ocr_par' dir='ltr' id='par_1_68' title="bbox 2155 716 3736 797">
     <span class='ocr_line' id='line_1_71' title="bbox 2155 716 3736 797; baseline 0.003 -25"><span class='ocrx_word' id='word_1_517' title='bbox 2155 733 2222 788; x_wconf 87' lang='lat' dir='ltr'><strong>pe</strong></span> <span class='ocrx_word' id='word_1_518' title='bbox 2240 734 2411 790; x_wconf 88' lang='lat' dir='ltr'><strong>neque</strong></span> <span class='ocrx_word' id='word_1_519' title='bbox 2433 716 2653 791; x_wconf 88' lang='lat' dir='ltr'><strong>parvum</strong></span> <span class='ocrx_word' id='word_1_520' title='bbox 2676 722 2926 793; x_wconf 88' lang='lat' dir='ltr'><strong>quiddam</strong></span> <span class='ocrx_word' id='word_1_521' title='bbox 2956 724 3203 793; x_wconf 87' lang='lat' dir='ltr'><strong>inopibus</strong></span> <span class='ocrx_word' id='word_1_522' title='bbox 3222 739 3446 797; x_wconf 84' lang='lat' dir='ltr'><strong>erogare</strong></span> <span class='ocrx_word' id='word_1_523' title='bbox 3471 725 3736 780; x_wconf 89' lang='lat' dir='ltr'><strong>volumus.</strong></span> 
     </span>
    </p>
   </div>
   <div class='ocr_carea' id='block_1_69' title="bbox 2157 809 3742 885">
    <p class='ocr_par' dir='ltr' id='par_1_69' title="bbox 2157 809 3742 885">
     <span class='ocr_line' id='line_1_72' title="bbox 2157 809 3742 885; baseline 0.004 -22"><span class='ocrx_word' id='word_1_524' title='bbox 2157 809 2224 864; x_wconf 85' lang='lat' dir='ltr'><strong>Et</strong></span> <span class='ocrx_word' id='word_1_525' title='bbox 2266 812 2514 882; x_wconf 89' lang='lat' dir='ltr'><strong>qualibus</strong></span> <span class='ocrx_word' id='word_1_526' title='bbox 2556 814 2723 868; x_wconf 89' lang='lat' dir='ltr'><strong>oculis</strong></span> <span class='ocrx_word' id='word_1_527' title='bbox 2769 813 3066 869; x_wconf 85' lang='lat' dir='ltr'><strong>videbimus</strong></span> <span class='ocrx_word' id='word_1_528' title='bbox 3108 814 3371 881; x_wconf 72' lang='lat' dir='ltr'><strong>Iudicem,</strong></span> <span class='ocrx_word' id='word_1_529' title='bbox 3416 816 3742 885; x_wconf 83' lang='lat' dir='ltr'><strong>negligentes</strong></span> 
     </span>
    </p>
   </div>
   <div class='ocr_carea' id='block_1_70' title="bbox 2157 902 3739 972">
    <p class='ocr_par' dir='ltr' id='par_1_70' title="bbox 2157 902 3739 972">
     <span class='ocr_line' id='line_1_73' title="bbox 2157 902 3739 972; baseline 0.002 -17"><span class='ocrx_word' id='word_1_530' title='bbox 2157 902 2468 959; x_wconf 87' lang='lat' dir='ltr'><strong>mandatum</strong></span> <span class='ocrx_word' id='word_1_531' title='bbox 2495 904 2638 959; x_wconf 91' lang='lat' dir='ltr'><strong>illius</strong></span> <span class='ocrx_word' id='word_1_532' title='bbox 2661 915 2765 959; x_wconf 86' lang='lat' dir='ltr'><strong>tam</strong></span> <span class='ocrx_word' id='word_1_533' title='bbox 2796 904 2986 960; x_wconf 83' lang='lat' dir='ltr'><strong>facile?</strong></span> <span class='ocrx_word' id='word_1_534' title='bbox 3015 904 3150 960; x_wconf 86' lang='lat' dir='ltr'><strong>Num</strong></span> <span class='ocrx_word' id='word_1_535' title='bbox 3177 906 3453 972; x_wconf 87' lang='lat' dir='ltr'><strong>adhortor,</strong></span> <span class='ocrx_word' id='word_1_536' title='bbox 3484 914 3542 960; x_wconf 89' lang='lat' dir='ltr'><strong>ut</strong></span> <span class='ocrx_word' id='word_1_537' title='bbox 3561 906 3739 960; x_wconf 88' lang='lat' dir='ltr'><strong>onmia</strong></span> 
     </span>
    </p>
   </div>
   <div class='ocr_carea' id='block_1_71' title="bbox 2157 994 3743 1067">
    <p class='ocr_par' dir='ltr' id='par_1_71' title="bbox 2157 994 3743 1067">
     <span class='ocr_line' id='line_1_74' title="bbox 2157 994 3743 1067; baseline 0.001 -19"><span class='ocrx_word' id='word_1_538' title='bbox 2157 1001 2335 1048; x_wconf 84' lang='lat' dir='ltr'><strong>vestra</strong></span> <span class='ocrx_word' id='word_1_539' title='bbox 2361 994 2659 1064; x_wconf 73' lang='lat' dir='ltr'><strong>abjiciatis?</strong></span> <span class='ocrx_word' id='word_1_540' title='bbox 2690 995 2893 1051; x_wconf 90' lang='lat' dir='ltr'><strong>Fruere</strong></span> <span class='ocrx_word' id='word_1_541' title='bbox 2935 996 3083 1051; x_wconf 86' lang='lat' dir='ltr'><strong>omni</strong></span> <span class='ocrx_word' id='word_1_542' title='bbox 3114 996 3497 1067; x_wconf 85' lang='lat' dir='ltr'><strong>prosperitate,</strong></span> <span class='ocrx_word' id='word_1_543' title='bbox 3535 1006 3589 1053; x_wconf 89' lang='lat' dir='ltr'><strong>et</strong></span> <span class='ocrx_word' id='word_1_544' title='bbox 3616 1012 3743 1051; x_wconf 86' lang='lat' dir='ltr'><strong>cum</strong></span> 
     </span>
    </p>
   </div>
   <div class='ocr_carea' id='block_1_72' title="bbox 2157 1085 3743 1160">
    <p class='ocr_par' dir='ltr' id='par_1_72' title="bbox 2157 1085 3743 1160">
     <span class='ocr_line' id='line_1_75' title="bbox 2157 1085 3743 1160; baseline 0.003 -21"><span class='ocrx_word' id='word_1_545' title='bbox 2157 1085 2287 1141; x_wconf 87' lang='lat' dir='ltr'><strong>satis</strong></span> <span class='ocrx_word' id='word_1_546' title='bbox 2314 1085 2504 1144; x_wconf 87' lang='lat' dir='ltr'><strong>feceris</strong></span> <span class='ocrx_word' id='word_1_547' title='bbox 2532 1098 2624 1143; x_wconf 90' lang='lat' dir='ltr'><strong>tuo</strong></span> <span class='ocrx_word' id='word_1_548' title='bbox 2654 1089 2773 1145; x_wconf 83' lang='lat' dir='ltr'><strong>usui</strong></span> <span class='ocrx_word' id='word_1_549' title='bbox 2792 1130 2808 1156; x_wconf 91' lang='lat'><strong>,</strong></span> <span class='ocrx_word' id='word_1_550' title='bbox 2839 1105 2959 1160; x_wconf 62' lang='lat' dir='ltr'><strong>quae</strong></span> <span class='ocrx_word' id='word_1_551' title='bbox 2986 1104 3313 1160; x_wconf 87' lang='lat' dir='ltr'><strong>supervacua</strong></span> <span class='ocrx_word' id='word_1_552' title='bbox 3359 1089 3451 1144; x_wconf 87' lang='lat' dir='ltr'><strong>tibi</strong></span> <span class='ocrx_word' id='word_1_553' title='bbox 3480 1098 3535 1144; x_wconf 89' lang='lat' dir='ltr'><strong>et</strong></span> <span class='ocrx_word' id='word_1_554' title='bbox 3570 1090 3743 1145; x_wconf 90' lang='lat' dir='ltr'><strong>otiosa</strong></span> 
     </span>
    </p>
   </div>
   <div class='ocr_carea' id='block_1_73' title="bbox 2151 1176 3748 1250">
    <p class='ocr_par' dir='ltr' id='par_1_73' title="bbox 2151 1176 3748 1250">
     <span class='ocr_line' id='line_1_76' title="bbox 2151 1176 3748 1250; baseline 0.004 -20"><span class='ocrx_word' id='word_1_555' title='bbox 2151 1176 2354 1246; x_wconf 81' lang='lat' dir='ltr'><strong>jaceat,</strong></span> <span class='ocrx_word' id='word_1_556' title='bbox 2398 1179 2450 1233; x_wconf 93' lang='lat' dir='ltr'><strong>in</strong></span> <span class='ocrx_word' id='word_1_557' title='bbox 2476 1181 2836 1236; x_wconf 81' lang='lat' dir='ltr'><strong>necessarium</strong></span> <span class='ocrx_word' id='word_1_558' title='bbox 2865 1195 3018 1237; x_wconf 90' lang='lat' dir='ltr'><strong>usum</strong></span> <span class='ocrx_word' id='word_1_559' title='bbox 3056 1189 3346 1247; x_wconf 87' lang='lat' dir='ltr'><strong>converte,</strong></span> <span class='ocrx_word' id='word_1_560' title='bbox 3388 1180 3613 1250; x_wconf 88' lang='lat' dir='ltr'><strong>aliisque</strong></span> <span class='ocrx_word' id='word_1_561' title='bbox 3637 1179 3748 1236; x_wconf 87' lang='lat' dir='ltr'><strong>dis-</strong></span> 
     </span>
    </p>
   </div>
   <div class='ocr_carea' id='block_1_74' title="bbox 2162 1268 3749 1343">
    <p class='ocr_par' dir='ltr' id='par_1_74' title="bbox 2162 1268 3749 1343">
     <span class='ocr_line' id='line_1_77' title="bbox 2162 1268 3749 1343; baseline 0.003 -21"><span class='ocrx_word' id='word_1_562' title='bbox 2162 1268 2335 1324; x_wconf 89' lang='lat' dir='ltr'><strong>tribne</strong></span> <span class='ocrx_word' id='word_1_563' title='bbox 2371 1269 2513 1325; x_wconf 84' lang='lat' dir='ltr'><strong>fame</strong></span> <span class='ocrx_word' id='word_1_564' title='bbox 2561 1271 2963 1337; x_wconf 86' lang='lat' dir='ltr'><strong>laborantibus,</strong></span> <span class='ocrx_word' id='word_1_565' title='bbox 2996 1282 3050 1328; x_wconf 92' lang='lat' dir='ltr'><strong>et</strong></span> <span class='ocrx_word' id='word_1_566' title='bbox 3087 1272 3210 1343; x_wconf 86' lang='lat' dir='ltr'><strong>gelu</strong></span> <span class='ocrx_word' id='word_1_567' title='bbox 3246 1272 3653 1343; x_wconf 83' lang='lat' dir='ltr'><strong>rigescentibus,</strong></span> <span class='ocrx_word' id='word_1_568' title='bbox 3693 1281 3749 1327; x_wconf 86' lang='lat' dir='ltr'><strong>et</strong></span> 
     </span>
    </p>
   </div>
   <div class='ocr_carea' id='block_1_75' title="bbox 2160 1358 3745 1432">
    <p class='ocr_par' dir='ltr' id='par_1_75' title="bbox 2160 1358 3745 1432">
     <span class='ocr_line' id='line_1_78' title="bbox 2160 1358 3745 1432; baseline 0.004 -21"><span class='ocrx_word' id='word_1_569' title='bbox 2160 1373 2259 1427; x_wconf 88' lang='lat' dir='ltr'><strong>per</strong></span> <span class='ocrx_word' id='word_1_570' title='bbox 2283 1358 2497 1414; x_wconf 87' lang='lat' dir='ltr'><strong>illorum</strong></span> <span class='ocrx_word' id='word_1_571' title='bbox 2538 1377 2728 1417; x_wconf 86' lang='lat' dir='ltr'><strong>manus</strong></span> <span class='ocrx_word' id='word_1_572' title='bbox 2771 1362 2825 1416; x_wconf 92' lang='lat' dir='ltr'><strong>in</strong></span> <span class='ocrx_word' id='word_1_573' title='bbox 2869 1372 3011 1417; x_wconf 88' lang='lat' dir='ltr'><strong>tuam</strong></span> <span class='ocrx_word' id='word_1_574' title='bbox 3051 1364 3277 1432; x_wconf 86' lang='lat' dir='ltr'><strong>patriam</strong></span> <span class='ocrx_word' id='word_1_575' title='bbox 3321 1363 3659 1430; x_wconf 82' lang='lat' dir='ltr'><strong>transmitte,</strong></span> <span class='ocrx_word' id='word_1_576' title='bbox 3692 1364 3745 1417; x_wconf 86' lang='lat' dir='ltr'><strong>in</strong></span> 
     </span>
    </p>
   </div>
   <div class='ocr_carea' id='block_1_76' title="bbox 2161 1449 3748 1522">
    <p class='ocr_par' dir='ltr' id='par_1_76' title="bbox 2161 1449 3748 1522">
     <span class='ocr_line' id='line_1_79' title="bbox 2161 1449 3748 1522; baseline 0.003 -22"><span class='ocrx_word' id='word_1_577' title='bbox 2161 1462 2321 1517; x_wconf 90' lang='lat' dir='ltr'><strong>quam</strong></span> <span class='ocrx_word' id='word_1_578' title='bbox 2350 1449 2663 1519; x_wconf 83' lang='lat' dir='ltr'><strong>propediem</strong></span> <span class='ocrx_word' id='word_1_579' title='bbox 2691 1452 2781 1507; x_wconf 88' lang='lat' dir='ltr'><strong>tibi</strong></span> <span class='ocrx_word' id='word_1_580' title='bbox 2810 1453 3135 1522; x_wconf 88' lang='lat' dir='ltr'><strong>pergendum</strong></span> <span class='ocrx_word' id='word_1_581' title='bbox 3155 1494 3172 1520; x_wconf 91' lang='lat'><strong>,</strong></span> <span class='ocrx_word' id='word_1_582' title='bbox 3205 1460 3264 1507; x_wconf 93' lang='lat' dir='ltr'><strong>ut</strong></span> <span class='ocrx_word' id='word_1_583' title='bbox 3293 1453 3363 1507; x_wconf 90' lang='lat' dir='ltr'><strong>ibi</strong></span> <span class='ocrx_word' id='word_1_584' title='bbox 3386 1453 3636 1522; x_wconf 85' lang='lat' dir='ltr'><strong>accipias.</strong></span> <span class='ocrx_word' id='word_1_585' title='bbox 3671 1452 3748 1506; x_wconf 91' lang='lat' dir='ltr'><strong>llli</strong></span> 
     </span>
    </p>
   </div>
   <div class='ocr_carea' id='block_1_77' title="bbox 2162 1541 3748 1615">
    <p class='ocr_par' dir='ltr' id='par_1_77' title="bbox 2162 1541 3748 1615">
     <span class='ocr_line' id='line_1_80' title="bbox 2162 1541 3748 1615; baseline 0.004 -22"><span class='ocrx_word' id='word_1_586' title='bbox 2162 1541 2305 1596; x_wconf 86' lang='lat' dir='ltr'><strong>enim</strong></span> <span class='ocrx_word' id='word_1_587' title='bbox 2343 1542 2633 1612; x_wconf 83' lang='lat' dir='ltr'><strong>plurimum</strong></span> <span class='ocrx_word' id='word_1_588' title='bbox 2664 1543 2759 1599; x_wconf 87' lang='lat' dir='ltr'><strong>tibi</strong></span> <span class='ocrx_word' id='word_1_589' title='bbox 2807 1545 3064 1615; x_wconf 88' lang='lat' dir='ltr'><strong>prodesse</strong></span> <span class='ocrx_word' id='word_1_590' title='bbox 3101 1553 3353 1614; x_wconf 88' lang='lat' dir='ltr'><strong>poterunt</strong></span> <span class='ocrx_word' id='word_1_591' title='bbox 3395 1544 3465 1600; x_wconf 87' lang='lat' dir='ltr'><strong>ad</strong></span> <span class='ocrx_word' id='word_1_592' title='bbox 3509 1552 3748 1599; x_wconf 85' lang='lat' dir='ltr'><strong>transve-</strong></span> 
     </span>
    </p>
   </div>
   <div class='ocr_carea' id='block_1_78' title="bbox 2164 1633 3748 1708">
    <p class='ocr_par' dir='ltr' id='par_1_78' title="bbox 2164 1633 3748 1708">
     <span class='ocr_line' id='line_1_81' title="bbox 2164 1633 3748 1708; baseline 0 -20"><span class='ocrx_word' id='word_1_593' title='bbox 2164 1633 2367 1691; x_wconf 87' lang='lat' dir='ltr'><strong>hendas</strong></span> <span class='ocrx_word' id='word_1_594' title='bbox 2396 1636 2522 1691; x_wconf 88' lang='lat' dir='ltr'><strong>illuc</strong></span> <span class='ocrx_word' id='word_1_595' title='bbox 2545 1651 2677 1707; x_wconf 85' lang='lat' dir='ltr'><strong>epes</strong></span> <span class='ocrx_word' id='word_1_596' title='bbox 2707 1654 2720 1691; x_wconf 88' lang='lat'><strong>:</strong></span> <span class='ocrx_word' id='word_1_597' title='bbox 2750 1647 2808 1692; x_wconf 90' lang='lat' dir='ltr'><strong>ut</strong></span> <span class='ocrx_word' id='word_1_598' title='bbox 2830 1637 3045 1708; x_wconf 82' lang='lat' dir='ltr'><strong>quando</strong></span> <span class='ocrx_word' id='word_1_599' title='bbox 3065 1638 3191 1694; x_wconf 85' lang='lat' dir='ltr'><strong>illuc</strong></span> <span class='ocrx_word' id='word_1_600' title='bbox 3213 1637 3428 1702; x_wconf 87' lang='lat' dir='ltr'><strong>abieris,</strong></span> <span class='ocrx_word' id='word_1_601' title='bbox 3458 1636 3636 1690; x_wconf 91' lang='lat' dir='ltr'><strong>omnia</strong></span> <span class='ocrx_word' id='word_1_602' title='bbox 3662 1635 3748 1689; x_wconf 84' lang='lat' dir='ltr'><strong>in-</strong></span> 
     </span>
    </p>
   </div>
   <div class='ocr_carea' id='block_1_79' title="bbox 2162 1724 3751 1798">
    <p class='ocr_par' dir='ltr' id='par_1_79' title="bbox 2162 1724 3751 1798">
     <span class='ocr_line' id='line_1_82' title="bbox 2162 1724 3751 1798; baseline 0.001 -20"><span class='ocrx_word' id='word_1_603' title='bbox 2162 1724 2350 1780; x_wconf 82' lang='lat' dir='ltr'><strong>venias</strong></span> <span class='ocrx_word' id='word_1_604' title='bbox 2375 1725 2516 1782; x_wconf 90' lang='lat' dir='ltr'><strong>bene</strong></span> <span class='ocrx_word' id='word_1_605' title='bbox 2562 1726 2843 1797; x_wconf 87' lang='lat' dir='ltr'><strong>disposita,</strong></span> <span class='ocrx_word' id='word_1_606' title='bbox 2873 1728 3169 1798; x_wconf 70' lang='lat' dir='ltr'><strong>maiorique</strong></span> <span class='ocrx_word' id='word_1_607' title='bbox 3213 1726 3320 1781; x_wconf 90' lang='lat' dir='ltr'><strong>illic</strong></span> <span class='ocrx_word' id='word_1_608' title='bbox 3361 1725 3557 1780; x_wconf 83' lang='lat' dir='ltr'><strong>fruaris</strong></span> <span class='ocrx_word' id='word_1_609' title='bbox 3583 1725 3751 1780; x_wconf 83' lang='lat' dir='ltr'><strong>abun-</strong></span> 
     </span>
    </p>
   </div>
   <div class='ocr_carea' id='block_1_80' title="bbox 2162 1815 3750 1887">
    <p class='ocr_par' dir='ltr' id='par_1_80' title="bbox 2162 1815 3750 1887">
     <span class='ocr_line' id='line_1_83' title="bbox 2162 1815 3750 1887; baseline 0.003 -20"><span class='ocrx_word' id='word_1_610' title='bbox 2162 1815 2364 1884; x_wconf 76' lang='lat' dir='ltr'><strong>(lautia,</strong></span> <span class='ocrx_word' id='word_1_611' title='bbox 2388 1817 2574 1873; x_wconf 89' lang='lat' dir='ltr'><strong>videns</strong></span> <span class='ocrx_word' id='word_1_612' title='bbox 2594 1833 2656 1874; x_wconf 88' lang='lat' dir='ltr'><strong>ea</strong></span> <span class='ocrx_word' id='word_1_613' title='bbox 2677 1832 2707 1872; x_wconf 88' lang='lat' dir='ltr'><strong>a</strong></span> <span class='ocrx_word' id='word_1_614' title='bbox 2734 1818 3219 1883; x_wconf 70' lang='lat' dir='ltr'><strong>transvehentibus,</strong></span> <span class='ocrx_word' id='word_1_615' title='bbox 3244 1817 3354 1873; x_wconf 90' lang='lat' dir='ltr'><strong>imo</strong></span> <span class='ocrx_word' id='word_1_616' title='bbox 3370 1832 3400 1871; x_wconf 85' lang='lat' dir='ltr'><strong>a</strong></span> <span class='ocrx_word' id='word_1_617' title='bbox 3423 1817 3750 1887; x_wconf 79' lang='lat' dir='ltr'><strong>benignitate</strong></span> 
     </span>
    </p>
   </div>
   <div class='ocr_carea' id='block_1_81' title="bbox 2166 1908 3749 1979">
    <p class='ocr_par' dir='ltr' id='par_1_81' title="bbox 2166 1908 3749 1979">
     <span class='ocr_line' id='line_1_84' title="bbox 2166 1908 3749 1979; baseline -0.001 -17"><span class='ocrx_word' id='word_1_618' title='bbox 2166 1908 2282 1976; x_wconf 91' lang='lat' dir='ltr'><strong>Dei,</strong></span> <span class='ocrx_word' id='word_1_619' title='bbox 2309 1909 2380 1964; x_wconf 92' lang='lat' dir='ltr'><strong>ita</strong></span> <span class='ocrx_word' id='word_1_620' title='bbox 2406 1908 2781 1979; x_wconf 86' lang='lat' dir='ltr'><strong>multiplicata.</strong></span> <span class='ocrx_word' id='word_1_621' title='bbox 2813 1910 2949 1966; x_wconf 87' lang='lat' dir='ltr'><strong>Num</strong></span> <span class='ocrx_word' id='word_1_622' title='bbox 2980 1911 3218 1965; x_wconf 87' lang='lat' dir='ltr'><strong>laborem</strong></span> <span class='ocrx_word' id='word_1_623' title='bbox 3250 1909 3407 1965; x_wconf 85' lang='lat' dir='ltr'><strong>habet</strong></span> <span class='ocrx_word' id='word_1_624' title='bbox 3437 1908 3489 1964; x_wconf 91' lang='lat' dir='ltr'><strong>id</strong></span> <span class='ocrx_word' id='word_1_625' title='bbox 3516 1908 3749 1979; x_wconf 72' lang='lat' dir='ltr'><strong>negotii“!</strong></span> 
     </span>
    </p>
   </div>
   <div class='ocr_carea' id='block_1_82' title="bbox 2165 1999 3753 2068">
    <p class='ocr_par' dir='ltr' id='par_1_82' title="bbox 2165 1999 3753 2068">
     <span class='ocr_line' id='line_1_85' title="bbox 2165 1999 3753 2068; baseline 0.001 -15"><span class='ocrx_word' id='word_1_626' title='bbox 2165 2015 2294 2054; x_wconf 88' lang='lat' dir='ltr'><strong>num</strong></span> <span class='ocrx_word' id='word_1_627' title='bbox 2335 2015 2552 2068; x_wconf 86' lang='lat' dir='ltr'><strong>curam,</strong></span> <span class='ocrx_word' id='word_1_628' title='bbox 2604 2017 2731 2057; x_wconf 90' lang='lat' dir='ltr'><strong>num</strong></span> <span class='ocrx_word' id='word_1_629' title='bbox 2778 2000 3234 2057; x_wconf 84' lang='lat' dir='ltr'><strong>sollicitudinem?</strong></span> <span class='ocrx_word' id='word_1_630' title='bbox 3274 1999 3355 2055; x_wconf 80' lang='lat' dir='ltr'><strong>Ad</strong></span> <span class='ocrx_word' id='word_1_631' title='bbox 3410 1999 3525 2055; x_wconf 69' lang='lat' dir='ltr'><strong>haec</strong></span> <span class='ocrx_word' id='word_1_632' title='bbox 3576 2009 3753 2054; x_wconf 82' lang='lat' dir='ltr'><strong>tratts-</strong></span> 
     </span>
    </p>
   </div>
   <div class='ocr_carea' id='block_1_83' title="bbox 2166 2090 3749 2165">
    <p class='ocr_par' dir='ltr' id='par_1_83' title="bbox 2166 2090 3749 2165">
     <span class='ocr_line' id='line_1_86' title="bbox 2166 2090 3749 2165; baseline -0.001 -18"><span class='ocrx_word' id='word_1_633' title='bbox 2166 2094 2407 2158; x_wconf 83' lang='lat' dir='ltr'><strong>vehenda</strong></span> <span class='ocrx_word' id='word_1_634' title='bbox 2457 2095 2606 2150; x_wconf 90' lang='lat' dir='ltr'><strong>nullo</strong></span> <span class='ocrx_word' id='word_1_635' title='bbox 2653 2094 2745 2150; x_wconf 85' lang='lat' dir='ltr'><strong>tibi</strong></span> <span class='ocrx_word' id='word_1_636' title='bbox 2788 2110 2921 2165; x_wconf 91' lang='lat' dir='ltr'><strong>opus</strong></span> <span class='ocrx_word' id='word_1_637' title='bbox 2946 2103 3029 2150; x_wconf 88' lang='lat' dir='ltr'><strong>est</strong></span> <span class='ocrx_word' id='word_1_638' title='bbox 3049 2094 3312 2164; x_wconf 85' lang='lat' dir='ltr'><strong>jnmento,</strong></span> <span class='ocrx_word' id='word_1_639' title='bbox 3358 2108 3465 2149; x_wconf 90' lang='lat' dir='ltr'><strong>non</strong></span> <span class='ocrx_word' id='word_1_640' title='bbox 3506 2090 3749 2155; x_wconf 83' lang='lat' dir='ltr'><strong>custode,</strong></span> 
     </span>
    </p>
   </div>
   <div class='ocr_carea' id='block_1_84' title="bbox 2165 2182 3750 2256">
    <p class='ocr_par' dir='ltr' id='par_1_84' title="bbox 2165 2182 3750 2256">
     <span class='ocr_line' id='line_1_87' title="bbox 2165 2182 3750 2256; baseline -0.003 -17"><span class='ocrx_word' id='word_1_641' title='bbox 2165 2199 2339 2256; x_wconf 90' lang='lat' dir='ltr'><strong>neque</strong></span> <span class='ocrx_word' id='word_1_642' title='bbox 2363 2185 2474 2240; x_wconf 90' lang='lat' dir='ltr'><strong>ullo</strong></span> <span class='ocrx_word' id='word_1_643' title='bbox 2497 2186 2624 2240; x_wconf 89' lang='lat' dir='ltr'><strong>alio.</strong></span> <span class='ocrx_word' id='word_1_644' title='bbox 2652 2185 2836 2241; x_wconf 88' lang='lat' dir='ltr'><strong>Nullus</strong></span> <span class='ocrx_word' id='word_1_645' title='bbox 2861 2186 3004 2240; x_wconf 84' lang='lat' dir='ltr'><strong>enim</strong></span> <span class='ocrx_word' id='word_1_646' title='bbox 3032 2185 3169 2239; x_wconf 88' lang='lat' dir='ltr'><strong>latro</strong></span> <span class='ocrx_word' id='word_1_647' title='bbox 3197 2185 3275 2240; x_wconf 87' lang='lat' dir='ltr'><strong>vel</strong></span> <span class='ocrx_word' id='word_1_648' title='bbox 3309 2183 3392 2239; x_wconf 88' lang='lat' dir='ltr'><strong>fur</strong></span> <span class='ocrx_word' id='word_1_649' title='bbox 3421 2182 3520 2238; x_wconf 88' lang='lat' dir='ltr'><strong>hac</strong></span> <span class='ocrx_word' id='word_1_650' title='bbox 3549 2183 3632 2237; x_wconf 87' lang='lat' dir='ltr'><strong>via</strong></span> <span class='ocrx_word' id='word_1_651' title='bbox 3665 2182 3750 2236; x_wconf 87' lang='lat' dir='ltr'><strong>in-</strong></span> 
     </span>
    </p>
   </div>
   <div class='ocr_carea' id='block_1_85' title="bbox 2164 2275 3853 2349">
    <p class='ocr_par' dir='ltr' id='par_1_85' title="bbox 2164 2275 3853 2349">
     <span class='ocr_line' id='line_1_88' title="bbox 2164 2275 3853 2349; baseline -0.002 -17"><span class='ocrx_word' id='word_1_652' title='bbox 2164 2278 2325 2345; x_wconf 88' lang='lat' dir='ltr'><strong>cedit,</strong></span> <span class='ocrx_word' id='word_1_653' title='bbox 2350 2289 2406 2333; x_wconf 91' lang='lat' dir='ltr'><strong>ut</strong></span> <span class='ocrx_word' id='word_1_654' title='bbox 2436 2293 2630 2333; x_wconf 87' lang='lat' dir='ltr'><strong>nocere</strong></span> <span class='ocrx_word' id='word_1_655' title='bbox 2651 2287 2811 2349; x_wconf 88' lang='lat' dir='ltr'><strong>queat</strong></span> <span class='ocrx_word' id='word_1_656' title='bbox 2828 2279 2893 2333; x_wconf 86' lang='lat' dir='ltr'><strong>iis</strong></span> <span class='ocrx_word' id='word_1_657' title='bbox 2917 2294 3037 2348; x_wconf 71' lang='lat' dir='ltr'><strong>qua:</strong></span> <span class='ocrx_word' id='word_1_658' title='bbox 3053 2294 3083 2332; x_wconf 90' lang='lat' dir='ltr'><strong>a</strong></span> <span class='ocrx_word' id='word_1_659' title='bbox 3109 2289 3158 2332; x_wconf 92' lang='lat' dir='ltr'><strong>te</strong></span> <span class='ocrx_word' id='word_1_660' title='bbox 3183 2278 3307 2332; x_wconf 86' lang='lat' dir='ltr'><strong>illuc</strong></span> <span class='ocrx_word' id='word_1_661' title='bbox 3323 2276 3603 2331; x_wconf 90' lang='lat' dir='ltr'><strong>mittuntur</strong></span> <span class='ocrx_word' id='word_1_662' title='bbox 3623 2292 3637 2328; x_wconf 90' lang='lat'><strong>:</strong></span> <span class='ocrx_word' id='word_1_663' title='bbox 3656 2275 3749 2329; x_wconf 91' lang='lat' dir='ltr'><strong>sed</strong></span> <span class='ocrx_word' id='word_1_664' title='bbox 3849 2293 3853 2296; x_wconf 50' lang='grc' dir='ltr'>ν</span> 
     </span>
    </p>
   </div>
   <div class='ocr_carea' id='block_1_86' title="bbox 2166 2360 3769 2438">
    <p class='ocr_par' dir='ltr' id='par_1_86' title="bbox 2166 2360 3769 2438">
     <span class='ocr_line' id='line_1_89' title="bbox 2166 2360 3769 2438; baseline -0.002 -15"><span class='ocrx_word' id='word_1_665' title='bbox 2166 2383 2228 2423; x_wconf 88' lang='lat' dir='ltr'><strong>ca</strong></span> <span class='ocrx_word' id='word_1_666' title='bbox 2256 2384 2378 2438; x_wconf 84' lang='lat' dir='ltr'><strong>quae</strong></span> <span class='ocrx_word' id='word_1_667' title='bbox 2416 2369 2723 2438; x_wconf 87' lang='lat' dir='ltr'><strong>reposueris</strong></span> <span class='ocrx_word' id='word_1_668' title='bbox 2756 2368 2819 2429; x_wconf 82' lang='lat' dir='ltr'><strong>in</strong></span> <span class='ocrx_word' id='word_1_669' title='bbox 2856 2382 3149 2438; x_wconf 81' lang='lat' dir='ltr'><strong>egenorum</strong></span> <span class='ocrx_word' id='word_1_670' title='bbox 3193 2382 3413 2431; x_wconf 88' lang='lat' dir='ltr'><strong>manus,</strong></span> <span class='ocrx_word' id='word_1_671' title='bbox 3451 2365 3537 2420; x_wconf 89' lang='lat' dir='ltr'><strong>illa</strong></span> <span class='ocrx_word' id='word_1_672' title='bbox 3568 2366 3621 2420; x_wconf 90' lang='lat' dir='ltr'><strong>in</strong></span> <span class='ocrx_word' id='word_1_673' title='bbox 3667 2360 3769 2419; x_wconf 74' lang='lat' dir='ltr'><strong>se-&#39;</strong></span> 
     </span>
    </p>
   </div>
   <div class='ocr_carea' id='block_1_87' title="bbox 2166 2456 3751 2532">
    <p class='ocr_par' dir='ltr' id='par_1_87' title="bbox 2166 2456 3751 2532">
     <span class='ocr_line' id='line_1_90' title="bbox 2166 2456 3751 2532; baseline -0.003 -17"><span class='ocrx_word' id='word_1_674' title='bbox 2166 2475 2354 2516; x_wconf 86' lang='lat' dir='ltr'><strong>eurum</strong></span> <span class='ocrx_word' id='word_1_675' title='bbox 2385 2461 2808 2532; x_wconf 87' lang='lat' dir='ltr'><strong>promptuarium</strong></span> <span class='ocrx_word' id='word_1_676' title='bbox 2829 2500 2844 2525; x_wconf 92' lang='lat'><strong>,</strong></span> <span class='ocrx_word' id='word_1_677' title='bbox 2877 2474 3069 2529; x_wconf 89' lang='lat' dir='ltr'><strong>nempe</strong></span> <span class='ocrx_word' id='word_1_678' title='bbox 3097 2473 3312 2514; x_wconf 88' lang='lat' dir='ltr'><strong>manum</strong></span> <span class='ocrx_word' id='word_1_679' title='bbox 3350 2457 3444 2513; x_wconf 86' lang='lat' dir='ltr'><strong>Dei</strong></span> <span class='ocrx_word' id='word_1_680' title='bbox 3470 2456 3709 2512; x_wconf 76' lang='lat' dir='ltr'><strong>elIundes</strong></span> <span class='ocrx_word' id='word_1_681' title='bbox 3736 2473 3751 2510; x_wconf 91' lang='lat'><strong>:</strong></span> 
     </span>
    </p>
   </div>
   <div class='ocr_carea' id='block_1_88' title="bbox 2167 2547 3754 2622">
    <p class='ocr_par' dir='ltr' id='par_1_88' title="bbox 2167 2547 3754 2622">
     <span class='ocr_line' id='line_1_91' title="bbox 2167 2547 3754 2622; baseline -0.004 -14"><span class='ocrx_word' id='word_1_682' title='bbox 2167 2568 2285 2622; x_wconf 75' lang='lat' dir='ltr'><strong>qua:</strong></span> <span class='ocrx_word' id='word_1_683' title='bbox 2316 2553 2567 2607; x_wconf 85' lang='lat' dir='ltr'><strong>inviolata</strong></span> <span class='ocrx_word' id='word_1_684' title='bbox 2597 2561 2651 2607; x_wconf 88' lang='lat' dir='ltr'><strong>et</strong></span> <span class='ocrx_word' id='word_1_685' title='bbox 2678 2550 2945 2606; x_wconf 86' lang='lat' dir='ltr'><strong>custodita</strong></span> <span class='ocrx_word' id='word_1_686' title='bbox 2976 2550 3265 2621; x_wconf 65' lang='lat' dir='ltr'><strong>prazbebit,</strong></span> <span class='ocrx_word' id='word_1_687' title='bbox 3292 2560 3349 2606; x_wconf 90' lang='lat' dir='ltr'><strong>et</strong></span> <span class='ocrx_word' id='word_1_688' title='bbox 3378 2563 3499 2603; x_wconf 91' lang='lat' dir='ltr'><strong>cum</strong></span> <span class='ocrx_word' id='word_1_689' title='bbox 3531 2547 3754 2603; x_wconf 87' lang='lat' dir='ltr'><strong>redieris</strong></span> 
     </span>
    </p>
   </div>
   <div class='ocr_carea' id='block_1_89' title="bbox 2170 2637 3749 2714">
    <p class='ocr_par' dir='ltr' id='par_1_89' title="bbox 2170 2637 3749 2714">
     <span class='ocr_line' id='line_1_92' title="bbox 2170 2637 3749 2714; baseline -0.005 -15"><span class='ocrx_word' id='word_1_690' title='bbox 2170 2645 2221 2699; x_wconf 91' lang='lat' dir='ltr'><strong>in</strong></span> <span class='ocrx_word' id='word_1_691' title='bbox 2242 2644 2494 2714; x_wconf 88' lang='lat' dir='ltr'><strong>patriam,</strong></span> <span class='ocrx_word' id='word_1_692' title='bbox 2518 2643 2622 2697; x_wconf 90' lang='lat' dir='ltr'><strong>illis</strong></span> <span class='ocrx_word' id='word_1_693' title='bbox 2648 2642 2871 2697; x_wconf 91' lang='lat' dir='ltr'><strong>redditis</strong></span> <span class='ocrx_word' id='word_1_694' title='bbox 2892 2642 3050 2694; x_wconf 83' lang='lat' dir='ltr'><strong>etiam</strong></span> <span class='ocrx_word' id='word_1_695' title='bbox 3076 2639 3386 2710; x_wconf 69' lang='lat' dir='ltr'><strong>prmdicabit</strong></span> <span class='ocrx_word' id='word_1_696' title='bbox 3410 2637 3594 2694; x_wconf 84' lang='lat' dir='ltr'><strong>laudes</strong></span> <span class='ocrx_word' id='word_1_697' title='bbox 3614 2647 3749 2702; x_wconf 90' lang='lat' dir='ltr'><strong>tuas,</strong></span> 
     </span>
    </p>
   </div>
   <div class='ocr_carea' id='block_1_90' title="bbox 2164 2731 3752 2811">
    <p class='ocr_par' dir='ltr' id='par_1_90' title="bbox 2164 2731 3752 2811">
     <span class='ocr_line' id='line_1_93' title="bbox 2164 2731 3752 2811; baseline -0.005 -22"><span class='ocrx_word' id='word_1_698' title='bbox 2164 2744 2223 2790; x_wconf 90' lang='lat' dir='ltr'><strong>ct</strong></span> <span class='ocrx_word' id='word_1_699' title='bbox 2252 2733 2553 2799; x_wconf 88' lang='lat' dir='ltr'><strong>coronabit,</strong></span> <span class='ocrx_word' id='word_1_700' title='bbox 2582 2748 2645 2788; x_wconf 83' lang='lat' dir='ltr'><strong>ac</strong></span> <span class='ocrx_word' id='word_1_701' title='bbox 2668 2741 2718 2788; x_wconf 92' lang='lat' dir='ltr'><strong>te</strong></span> <span class='ocrx_word' id='word_1_702' title='bbox 2749 2733 2803 2787; x_wconf 92' lang='lat' dir='ltr'><strong>in</strong></span> <span class='ocrx_word' id='word_1_703' title='bbox 2828 2731 3105 2811; x_wconf 83' lang='lat' dir='ltr'><strong>latitudine</strong></span> <span class='ocrx_word' id='word_1_704' title='bbox 3129 2731 3486 2795; x_wconf 77' lang='lat' dir='ltr'><strong>consutuens,‘</strong></span> <span class='ocrx_word' id='word_1_705' title='bbox 3505 2743 3752 2784; x_wconf 77' lang='lat' dir='ltr'><strong>seCurutn</strong></span> 
     </span>
    </p>
   </div>
   <div class='ocr_carea' id='block_1_91' title="bbox 2168 2819 3752 2891">
    <p class='ocr_par' dir='ltr' id='par_1_91' title="bbox 2168 2819 3752 2891">
     <span class='ocr_line' id='line_1_94' title="bbox 2168 2819 3752 2891; baseline -0.007 -8"><span class='ocrx_word' id='word_1_706' title='bbox 2168 2835 2225 2883; x_wconf 91' lang='lat' dir='ltr'><strong>et</strong></span> <span class='ocrx_word' id='word_1_707' title='bbox 2249 2826 2458 2883; x_wconf 89' lang='lat' dir='ltr'><strong>felicem</strong></span> <span class='ocrx_word' id='word_1_708' title='bbox 2484 2824 2692 2881; x_wconf 90' lang='lat' dir='ltr'><strong>reddet.</strong></span> <span class='ocrx_word' id='word_1_709' title='bbox 2730 2823 3078 2879; x_wconf 81' lang='lat' dir='ltr'><strong>Etl&#39;undamus</strong></span> <span class='ocrx_word' id='word_1_710' title='bbox 3100 2837 3250 2891; x_wconf 88' lang='lat' dir='ltr'><strong>ergo,</strong></span> <span class='ocrx_word' id='word_1_711' title='bbox 3276 2835 3487 2891; x_wconf 87' lang='lat' dir='ltr'><strong>precor,</strong></span> <span class='ocrx_word' id='word_1_712' title='bbox 3506 2819 3752 2888; x_wconf 85' lang='lat' dir='ltr'><strong>deposita</strong></span> 
     </span>
    </p>
   </div>
   <div class='ocr_carea' id='block_1_92' title="bbox 2168 2913 3755 2991">
    <p class='ocr_par' dir='ltr' id='par_1_92' title="bbox 2168 2913 3755 2991">
     <span class='ocr_line' id='line_1_95' title="bbox 2168 2913 3755 2991; baseline -0.006 -16"><span class='ocrx_word' id='word_1_713' title='bbox 2168 2921 2222 2975; x_wconf 91' lang='lat' dir='ltr'><strong>in</strong></span> <span class='ocrx_word' id='word_1_714' title='bbox 2264 2934 2557 2991; x_wconf 86' lang='lat' dir='ltr'><strong>pauperum</strong></span> <span class='ocrx_word' id='word_1_715' title='bbox 2610 2927 2861 2983; x_wconf 86' lang='lat' dir='ltr'><strong>ventres,</strong></span> <span class='ocrx_word' id='word_1_716' title='bbox 2900 2924 2954 2972; x_wconf 89' lang='lat' dir='ltr'><strong>et</strong></span> <span class='ocrx_word' id='word_1_717' title='bbox 2991 2915 3315 2973; x_wconf 86' lang='lat' dir='ltr'><strong>scminemus</strong></span> <span class='ocrx_word' id='word_1_718' title='bbox 3365 2913 3494 2969; x_wconf 90' lang='lat' dir='ltr'><strong>dum</strong></span> <span class='ocrx_word' id='word_1_719' title='bbox 3547 2920 3755 2982; x_wconf 85' lang='lat' dir='ltr'><strong>tempus</strong></span> 
     </span>
    </p>
   </div>
   <div class='ocr_carea' id='block_1_93' title="bbox 2169 3007 3754 3082">
    <p class='ocr_par' dir='ltr' id='par_1_93' title="bbox 2169 3007 3754 3082">
     <span class='ocr_line' id='line_1_96' title="bbox 2169 3007 3754 3082; baseline -0.006 -14"><span class='ocrx_word' id='word_1_720' title='bbox 2169 3020 2273 3078; x_wconf 91' lang='lat' dir='ltr'><strong>est,</strong></span> <span class='ocrx_word' id='word_1_721' title='bbox 2304 3022 2361 3067; x_wconf 79' lang='lat' dir='ltr'><strong>ut</strong></span> <span class='ocrx_word' id='word_1_722' title='bbox 2387 3020 2689 3082; x_wconf 88' lang='lat' dir='ltr'><strong>opportuno</strong></span> <span class='ocrx_word' id='word_1_723' title='bbox 2722 3021 2963 3079; x_wconf 85' lang='lat' dir='ltr'><strong>tempore</strong></span> <span class='ocrx_word' id='word_1_724' title='bbox 2986 3015 3270 3074; x_wconf 85' lang='lat' dir='ltr'><strong>metamus,</strong></span> <span class='ocrx_word' id='word_1_725' title='bbox 3298 3007 3371 3078; x_wconf 85' lang='grc' dir='ltr'><strong>(α)</strong></span> <span class='ocrx_word' id='word_1_726' title='bbox 3398 3014 3454 3060; x_wconf 88' lang='lat' dir='ltr'><strong>et</strong></span> <span class='ocrx_word' id='word_1_727' title='bbox 3481 3020 3549 3061; x_wconf 90' lang='lat' dir='ltr'><strong>ne</strong></span> <span class='ocrx_word' id='word_1_728' title='bbox 3578 3013 3754 3060; x_wconf 80' lang='lat' dir='ltr'><strong>trans—</strong></span> 
     </span>
    </p>
   </div>
   <div class='ocr_carea' id='block_1_94' title="bbox 2170 3098 3757 3172">
    <p class='ocr_par' dir='ltr' id='par_1_94' title="bbox 2170 3098 3757 3172">
     <span class='ocr_line' id='line_1_97' title="bbox 2170 3098 3757 3172; baseline -0.004 -14"><span class='ocrx_word' id='word_1_729' title='bbox 2170 3104 2332 3158; x_wconf 89' lang='lat' dir='ltr'><strong>missa</strong></span> <span class='ocrx_word' id='word_1_730' title='bbox 2379 3102 2638 3172; x_wconf 82' lang='lat' dir='ltr'><strong>temporis</strong></span> <span class='ocrx_word' id='word_1_731' title='bbox 2680 3101 3113 3172; x_wconf 87' lang='lat' dir='ltr'><strong>opportunitate,</strong></span> <span class='ocrx_word' id='word_1_732' title='bbox 3159 3099 3383 3169; x_wconf 86' lang='lat' dir='ltr'><strong>posthac</strong></span> <span class='ocrx_word' id='word_1_733' title='bbox 3422 3098 3616 3153; x_wconf 86' lang='lat' dir='ltr'><strong>frustra</strong></span> <span class='ocrx_word' id='word_1_734' title='bbox 3658 3112 3757 3151; x_wconf 92' lang='lat' dir='ltr'><strong>nos</strong></span> 
     </span>
    </p>
   </div>
   <div class='ocr_carea' id='block_1_95' title="bbox 2172 3188 3753 3266">
    <p class='ocr_par' dir='ltr' id='par_1_95' title="bbox 2172 3188 3753 3266">
     <span class='ocr_line' id='line_1_98' title="bbox 2172 3188 3753 3266; baseline -0.006 -15"><span class='ocrx_word' id='word_1_735' title='bbox 2172 3196 2449 3266; x_wconf 67' lang='lat' dir='ltr'><strong>poeniteat.</strong></span> <span class='ocrx_word' id='word_1_736' title='bbox 2480 3194 2711 3251; x_wconf 89' lang='lat' dir='ltr'><strong>llaccine</strong></span> <span class='ocrx_word' id='word_1_737' title='bbox 2740 3192 2808 3250; x_wconf 89' lang='lat' dir='ltr'><strong>de</strong></span> <span class='ocrx_word' id='word_1_738' title='bbox 2831 3207 2991 3248; x_wconf 88' lang='lat' dir='ltr'><strong>causa</strong></span> <span class='ocrx_word' id='word_1_739' title='bbox 3019 3191 3284 3262; x_wconf 88' lang='lat' dir='ltr'><strong>benignus</strong></span> <span class='ocrx_word' id='word_1_740' title='bbox 3312 3190 3451 3245; x_wconf 85' lang='lat' dir='ltr'><strong>Deus</strong></span> <span class='ocrx_word' id='word_1_741' title='bbox 3482 3189 3630 3259; x_wconf 86' lang='lat' dir='ltr'><strong>plura</strong></span> <span class='ocrx_word' id='word_1_742' title='bbox 3661 3188 3753 3244; x_wconf 89' lang='lat' dir='ltr'><strong>tibi</strong></span> 
     </span>
    </p>
   </div>
   <div class='ocr_carea' id='block_1_96' title="bbox 2170 3278 3756 3359">
    <p class='ocr_par' dir='ltr' id='par_1_96' title="bbox 2170 3278 3756 3359">
     <span class='ocr_line' id='line_1_99' title="bbox 2170 3278 3756 3359; baseline -0.007 -16"><span class='ocrx_word' id='word_1_743' title='bbox 2170 3288 2391 3359; x_wconf 86' lang='lat' dir='ltr'><strong>largitus</strong></span> <span class='ocrx_word' id='word_1_744' title='bbox 2416 3296 2520 3354; x_wconf 90' lang='lat' dir='ltr'><strong>est,</strong></span> <span class='ocrx_word' id='word_1_745' title='bbox 2549 3296 2608 3343; x_wconf 92' lang='lat' dir='ltr'><strong>ut</strong></span> <span class='ocrx_word' id='word_1_746' title='bbox 2652 3287 2706 3341; x_wconf 85' lang='lat' dir='ltr'><strong>in</strong></span> <span class='ocrx_word' id='word_1_747' title='bbox 2749 3296 2895 3340; x_wconf 90' lang='lat' dir='ltr'><strong>tuum</strong></span> <span class='ocrx_word' id='word_1_748' title='bbox 2924 3283 3096 3339; x_wconf 88' lang='lat' dir='ltr'><strong>solius</strong></span> <span class='ocrx_word' id='word_1_749' title='bbox 3137 3297 3291 3338; x_wconf 88' lang='lat' dir='ltr'><strong>usum</strong></span> <span class='ocrx_word' id='word_1_750' title='bbox 3333 3278 3609 3349; x_wconf 82' lang='lat' dir='ltr'><strong>impendas</strong></span> <span class='ocrx_word' id='word_1_751' title='bbox 3634 3294 3756 3344; x_wconf 79' lang='lat' dir='ltr'><strong>qua:</strong></span> 
     </span>
    </p>
   </div>
   <div class='ocr_carea' id='block_1_97' title="bbox 2169 3368 3756 3448">
    <p class='ocr_par' dir='ltr' id='par_1_97' title="bbox 2169 3368 3756 3448">
     <span class='ocr_line' id='line_1_100' title="bbox 2169 3368 3756 3448; baseline -0.009 -14"><span class='ocrx_word' id='word_1_752' title='bbox 2169 3379 2338 3443; x_wconf 81' lang='lat' dir='ltr'><strong>dedit,</strong></span> <span class='ocrx_word' id='word_1_753' title='bbox 2362 3388 2417 3433; x_wconf 92' lang='lat' dir='ltr'><strong>et</strong></span> <span class='ocrx_word' id='word_1_754' title='bbox 2437 3378 2642 3448; x_wconf 85' lang='lat' dir='ltr'><strong>reliqua</strong></span> <span class='ocrx_word' id='word_1_755' title='bbox 2672 3377 2724 3431; x_wconf 91' lang='lat' dir='ltr'><strong>in</strong></span> <span class='ocrx_word' id='word_1_756' title='bbox 2748 3375 2945 3431; x_wconf 84' lang='lat' dir='ltr'><strong>arcolis</strong></span> <span class='ocrx_word' id='word_1_757' title='bbox 2969 3383 3023 3430; x_wconf 88' lang='lat' dir='ltr'><strong>et</strong></span> <span class='ocrx_word' id='word_1_758' title='bbox 3051 3371 3434 3445; x_wconf 79' lang='lat' dir='ltr'><strong>promptuariis</strong></span> <span class='ocrx_word' id='word_1_759' title='bbox 3461 3368 3756 3426; x_wconf 77' lang='lat' dir='ltr'><strong>recondas?</strong></span> 
     </span>
    </p>
   </div>
   <div class='ocr_carea' id='block_1_98' title="bbox 2172 3462 3757 3536">
    <p class='ocr_par' dir='ltr' id='par_1_98' title="bbox 2172 3462 3757 3536">
     <span class='ocr_line' id='line_1_101' title="bbox 2172 3462 3757 3536; baseline -0.008 -9"><span class='ocrx_word' id='word_1_760' title='bbox 2172 3471 2286 3527; x_wconf 73' lang='lat' dir='ltr'><strong>Non</strong></span> <span class='ocrx_word' id='word_1_761' title='bbox 2314 3486 2379 3526; x_wconf 89' lang='lat' dir='ltr'><strong>ca</strong></span> <span class='ocrx_word' id='word_1_762' title='bbox 2413 3471 2483 3526; x_wconf 89' lang='lat' dir='ltr'><strong>de</strong></span> <span class='ocrx_word' id='word_1_763' title='bbox 2510 3484 2693 3536; x_wconf 89' lang='lat' dir='ltr'><strong>causa,</strong></span> <span class='ocrx_word' id='word_1_764' title='bbox 2723 3468 2819 3525; x_wconf 85' lang='lat' dir='ltr'><strong>sed</strong></span> <span class='ocrx_word' id='word_1_765' title='bbox 2847 3476 2902 3523; x_wconf 93' lang='lat' dir='ltr'><strong>ut</strong></span> <span class='ocrx_word' id='word_1_766' title='bbox 2923 3509 2938 3535; x_wconf 92' lang='lat'><strong>,</strong></span> <span class='ocrx_word' id='word_1_767' title='bbox 2970 3465 3264 3523; x_wconf 79' lang='lat' dir='ltr'><strong>secundum</strong></span> <span class='ocrx_word' id='word_1_768' title='bbox 3291 3464 3636 3534; x_wconf 82' lang='lat' dir='ltr'><strong>apostolicam</strong></span> <span class='ocrx_word' id='word_1_769' title='bbox 3662 3462 3757 3516; x_wconf 79' lang='lat' dir='ltr'><strong>ad-</strong></span> 
     </span>
    </p>
   </div>
   <div class='ocr_carea' id='block_1_99' title="bbox 2172 3554 3758 3629">
    <p class='ocr_par' dir='ltr' id='par_1_99' title="bbox 2172 3554 3758 3629">
     <span class='ocr_line' id='line_1_102' title="bbox 2172 3554 3758 3629; baseline -0.008 -10"><span class='ocrx_word' id='word_1_770' title='bbox 2172 3564 2544 3629; x_wconf 87' lang='lat' dir='ltr'><strong>monitionem,</strong></span> <span class='ocrx_word' id='word_1_771' title='bbox 2570 3560 2894 3617; x_wconf 84' lang='lat' dir='ltr'><strong>abundantia</strong></span> <span class='ocrx_word' id='word_1_772' title='bbox 2942 3568 3030 3613; x_wconf 87' lang='lat' dir='ltr'><strong>tua</strong></span> <span class='ocrx_word' id='word_1_773' title='bbox 3072 3557 3301 3612; x_wconf 82' lang='lat' dir='ltr'><strong>aliorum</strong></span> <span class='ocrx_word' id='word_1_774' title='bbox 3348 3554 3585 3623; x_wconf 88' lang='lat' dir='ltr'><strong>inopiam</strong></span> <span class='ocrx_word' id='word_1_775' title='bbox 3634 3567 3758 3621; x_wconf 91' lang='lat' dir='ltr'><strong>sup-</strong></span> 
     </span>
    </p>
   </div>
   <div class='ocr_carea' id='block_1_100' title="bbox 2175 3640 3758 3725">
    <p class='ocr_par' dir='ltr' id='par_1_100' title="bbox 2175 3640 3758 3725">
     <span class='ocr_line' id='line_1_103' title="bbox 2175 3640 3758 3725; baseline -0.009 -16"><span class='ocrx_word' id='word_1_776' title='bbox 2175 3656 2315 3724; x_wconf 79' lang='lat' dir='ltr'><strong>pleat</strong></span> <span class='ocrx_word' id='word_1_777' title='bbox 2338 3653 2414 3725; x_wconf 74' lang='grc'><strong>(2.</strong></span> <span class='ocrx_word' id='word_1_778' title='bbox 2445 3651 2562 3707; x_wconf 87' lang='lat' dir='ltr'><strong>Cor.</strong></span> <span class='ocrx_word' id='word_1_779' title='bbox 2592 3652 2643 3706; x_wconf 90' lang='lat'><strong>8.</strong></span> <span class='ocrx_word' id='word_1_780' title='bbox 2671 3650 2783 3720; x_wconf 68' lang='grc'><strong>14).</strong></span> <span class='ocrx_word' id='word_1_781' title='bbox 2804 3649 2873 3703; x_wconf 83' lang='grc' dir='ltr'><strong>Ει</strong></span> <span class='ocrx_word' id='word_1_782' title='bbox 2891 3659 2943 3703; x_wconf 82' lang='grc' dir='ltr'>ιιι</span> <span class='ocrx_word' id='word_1_783' title='bbox 2965 3646 3180 3717; x_wconf 88' lang='lat' dir='ltr'><strong>quidem</strong></span> <span class='ocrx_word' id='word_1_784' title='bbox 3210 3643 3430 3699; x_wconf 86' lang='lat' dir='ltr'><strong>forsitan</strong></span> <span class='ocrx_word' id='word_1_785' title='bbox 3452 3640 3612 3697; x_wconf 84' lang='lat' dir='ltr'><strong>etiam</strong></span> <span class='ocrx_word' id='word_1_786' title='bbox 3639 3641 3758 3710; x_wconf 89' lang='lat' dir='ltr'><strong>plus</strong></span> 
     </span>
    </p>
   </div>
   <div class='ocr_carea' id='block_1_101' title="bbox 2169 3733 3759 3816">
    <p class='ocr_par' dir='ltr' id='par_1_101' title="bbox 2169 3733 3759 3816">
     <span class='ocr_line' id='line_1_104' title="bbox 2169 3733 3759 3816; baseline -0.009 -14"><span class='ocrx_word' id='word_1_787' title='bbox 2169 3761 2331 3816; x_wconf 89' lang='lat' dir='ltr'><strong>quam</strong></span> <span class='ocrx_word' id='word_1_788' title='bbox 2355 3761 2489 3815; x_wconf 88' lang='lat' dir='ltr'><strong>opus</strong></span> <span class='ocrx_word' id='word_1_789' title='bbox 2506 3753 2590 3800; x_wconf 88' lang='lat' dir='ltr'><strong>est</strong></span> <span class='ocrx_word' id='word_1_790' title='bbox 2607 3743 2694 3797; x_wconf 89' lang='lat' dir='ltr'><strong>bis</strong></span> <span class='ocrx_word' id='word_1_791' title='bbox 2713 3742 2908 3797; x_wconf 87' lang='lat' dir='ltr'><strong>frueris</strong></span> <span class='ocrx_word' id='word_1_792' title='bbox 2938 3740 2989 3794; x_wconf 92' lang='lat' dir='ltr'><strong>in</strong></span> <span class='ocrx_word' id='word_1_793' title='bbox 3011 3737 3237 3803; x_wconf 84' lang='lat' dir='ltr'><strong>deliciis,</strong></span> <span class='ocrx_word' id='word_1_794' title='bbox 3260 3735 3518 3801; x_wconf 71' lang='lat' dir='ltr'><strong>vestibus,</strong></span> <span class='ocrx_word' id='word_1_795' title='bbox 3545 3733 3759 3803; x_wconf 85' lang='lat' dir='ltr'><strong>alloque</strong></span> 
     </span>
    </p>
   </div>
   <div class='ocr_carea' id='block_1_102' title="bbox 2174 3823 3760 3904">
    <p class='ocr_par' dir='ltr' id='par_1_102' title="bbox 2174 3823 3760 3904">
     <span class='ocr_line' id='line_1_105' title="bbox 2174 3823 3760 3904; baseline -0.008 -14"><span class='ocrx_word' id='word_1_796' title='bbox 2174 3837 2299 3892; x_wconf 86' lang='lat' dir='ltr'><strong>luxu</strong></span> <span class='ocrx_word' id='word_1_797' title='bbox 2321 3878 2336 3903; x_wconf 92' lang='lat'><strong>,</strong></span> <span class='ocrx_word' id='word_1_798' title='bbox 2365 3836 2532 3891; x_wconf 89' lang='lat' dir='ltr'><strong>servis</strong></span> <span class='ocrx_word' id='word_1_799' title='bbox 2570 3847 2783 3904; x_wconf 88' lang='lat' dir='ltr'><strong>quoque</strong></span> <span class='ocrx_word' id='word_1_800' title='bbox 2806 3840 2864 3888; x_wconf 89' lang='lat' dir='ltr'><strong>et</strong></span> <span class='ocrx_word' id='word_1_801' title='bbox 2908 3829 3078 3885; x_wconf 87' lang='lat' dir='ltr'><strong>brutis</strong></span> <span class='ocrx_word' id='word_1_802' title='bbox 3115 3837 3393 3899; x_wconf 85' lang='lat' dir='ltr'><strong>argentum</strong></span> <span class='ocrx_word' id='word_1_803' title='bbox 3423 3827 3646 3881; x_wconf 91' lang='lat' dir='ltr'><strong>multum</strong></span> <span class='ocrx_word' id='word_1_804' title='bbox 3671 3823 3760 3879; x_wconf 88' lang='lat' dir='ltr'><strong>di-</strong></span> 
     </span>
    </p>
   </div>
   <div class='ocr_carea' id='block_1_103' title="bbox 2175 3915 3758 3998">
    <p class='ocr_par' dir='ltr' id='par_1_103' title="bbox 2175 3915 3758 3998">
     <span class='ocr_line' id='line_1_106' title="bbox 2175 3915 3758 3998; baseline -0.009 -15"><span class='ocrx_word' id='word_1_805' title='bbox 2175 3931 2397 3986; x_wconf 89' lang='lat' dir='ltr'><strong>videns:</strong></span> <span class='ocrx_word' id='word_1_806' title='bbox 2438 3942 2639 3998; x_wconf 91' lang='lat' dir='ltr'><strong>pauper</strong></span> <span class='ocrx_word' id='word_1_807' title='bbox 2682 3934 2859 3985; x_wconf 84' lang='lat' dir='ltr'><strong>autem</strong></span> <span class='ocrx_word' id='word_1_808' title='bbox 2904 3924 3035 3979; x_wconf 89' lang='lat' dir='ltr'><strong>nihil</strong></span> <span class='ocrx_word' id='word_1_809' title='bbox 3080 3923 3274 3977; x_wconf 85' lang='lat' dir='ltr'><strong>horum</strong></span> <span class='ocrx_word' id='word_1_810' title='bbox 3311 3936 3343 3973; x_wconf 91' lang='lat' dir='ltr'><strong>a</strong></span> <span class='ocrx_word' id='word_1_811' title='bbox 3385 3928 3437 3975; x_wconf 90' lang='lat' dir='ltr'><strong>te</strong></span> <span class='ocrx_word' id='word_1_812' title='bbox 3478 3918 3626 3988; x_wconf 91' lang='lat' dir='ltr'><strong>petit,</strong></span> <span class='ocrx_word' id='word_1_813' title='bbox 3665 3915 3758 3971; x_wconf 91' lang='lat' dir='ltr'><strong>sed</strong></span> 
     </span>
    </p>
   </div>
   <div class='ocr_carea' id='block_1_104' title="bbox 2177 4008 3755 4087">
    <p class='ocr_par' dir='ltr' id='par_1_104' title="bbox 2177 4008 3755 4087">
     <span class='ocr_line' id='line_1_107' title="bbox 2177 4008 3755 4087; baseline -0.01 -12"><span class='ocrx_word' id='word_1_814' title='bbox 2177 4030 2382 4076; x_wconf 90' lang='lat' dir='ltr'><strong>tantum</strong></span> <span class='ocrx_word' id='word_1_815' title='bbox 2406 4028 2463 4074; x_wconf 92' lang='lat' dir='ltr'><strong>ut</strong></span> <span class='ocrx_word' id='word_1_816' title='bbox 2483 4018 2679 4075; x_wconf 88' lang='lat' dir='ltr'><strong>famem</strong></span> <span class='ocrx_word' id='word_1_817' title='bbox 2702 4017 2912 4087; x_wconf 85' lang='lat' dir='ltr'><strong>mitiges</strong></span> <span class='ocrx_word' id='word_1_818' title='bbox 2928 4055 2943 4082; x_wconf 97' lang='lat'><strong>,</strong></span> <span class='ocrx_word' id='word_1_819' title='bbox 2973 4024 3033 4070; x_wconf 91' lang='lat' dir='ltr'><strong>ut</strong></span> <span class='ocrx_word' id='word_1_820' title='bbox 3056 4011 3423 4084; x_wconf 89' lang='lat' dir='ltr'><strong>quotidianum</strong></span> <span class='ocrx_word' id='word_1_821' title='bbox 3453 4009 3529 4064; x_wconf 89' lang='lat' dir='ltr'><strong>illi</strong></span> <span class='ocrx_word' id='word_1_822' title='bbox 3554 4008 3755 4072; x_wconf 90' lang='lat' dir='ltr'><strong>cibum,</strong></span> 
     </span>
    </p>
   </div>
   <div class='ocr_carea' id='block_1_105' title="bbox 2173 4103 3759 4173">
    <p class='ocr_par' dir='ltr' id='par_1_105' title="bbox 2173 4103 3759 4173">
     <span class='ocr_line' id='line_1_108' title="bbox 2173 4103 3759 4173; baseline -0.011 -5"><span class='ocrx_word' id='word_1_823' title='bbox 2173 4128 2237 4168; x_wconf 89' lang='lat' dir='ltr'><strong>ac</strong></span> <span class='ocrx_word' id='word_1_824' title='bbox 2254 4112 2613 4168; x_wconf 87' lang='lat' dir='ltr'><strong>necessarium</strong></span> <span class='ocrx_word' id='word_1_825' title='bbox 2638 4124 2793 4165; x_wconf 92' lang='lat' dir='ltr'><strong>usum</strong></span> <span class='ocrx_word' id='word_1_826' title='bbox 2817 4107 3034 4173; x_wconf 89' lang='lat' dir='ltr'><strong>tribuas,</strong></span> <span class='ocrx_word' id='word_1_827' title='bbox 3066 4115 3125 4160; x_wconf 92' lang='lat' dir='ltr'><strong>ut</strong></span> <span class='ocrx_word' id='word_1_828' title='bbox 3152 4103 3315 4170; x_wconf 89' lang='lat' dir='ltr'><strong>vivat,</strong></span> <span class='ocrx_word' id='word_1_829' title='bbox 3336 4111 3392 4158; x_wconf 92' lang='lat' dir='ltr'><strong>et</strong></span> <span class='ocrx_word' id='word_1_830' title='bbox 3411 4116 3516 4156; x_wconf 89' lang='lat' dir='ltr'><strong>non</strong></span> <span class='ocrx_word' id='word_1_831' title='bbox 3539 4109 3721 4168; x_wconf 88' lang='lat' dir='ltr'><strong>pereat</strong></span> <span class='ocrx_word' id='word_1_832' title='bbox 3746 4115 3759 4151; x_wconf 92' lang='lat'><strong>:</strong></span> 
     </span>
    </p>
   </div>
   <div class='ocr_carea' id='block_1_106' title="bbox 2176 4192 3760 4277">
    <p class='ocr_par' dir='ltr' id='par_1_106' title="bbox 2176 4192 3760 4277">
     <span class='ocr_line' id='line_1_109' title="bbox 2176 4192 3760 4277; baseline -0.01 -15"><span class='ocrx_word' id='word_1_833' title='bbox 2176 4216 2231 4262; x_wconf 88' lang='lat' dir='ltr'><strong>et</strong></span> <span class='ocrx_word' id='word_1_834' title='bbox 2256 4221 2432 4277; x_wconf 90' lang='lat' dir='ltr'><strong>neque</strong></span> <span class='ocrx_word' id='word_1_835' title='bbox 2461 4206 2562 4259; x_wconf 90' lang='lat' dir='ltr'><strong>hoc</strong></span> <span class='ocrx_word' id='word_1_836' title='bbox 2601 4203 2778 4258; x_wconf 89' lang='lat' dir='ltr'><strong>facere</strong></span> <span class='ocrx_word' id='word_1_837' title='bbox 2807 4199 3042 4271; x_wconf 86' lang='lat' dir='ltr'><strong>dignaris</strong></span> <span class='ocrx_word' id='word_1_838' title='bbox 3063 4240 3078 4264; x_wconf 89' lang='lat'><strong>,</strong></span> <span class='ocrx_word' id='word_1_839' title='bbox 3109 4212 3285 4268; x_wconf 89' lang='lat' dir='ltr'><strong>neque</strong></span> <span class='ocrx_word' id='word_1_840' title='bbox 3312 4193 3537 4264; x_wconf 86' lang='lat' dir='ltr'><strong>cogitas,</strong></span> <span class='ocrx_word' id='word_1_841' title='bbox 3568 4200 3619 4247; x_wconf 90' lang='lat' dir='ltr'><strong>te</strong></span> <span class='ocrx_word' id='word_1_842' title='bbox 3647 4192 3760 4261; x_wconf 85' lang='lat' dir='ltr'><strong>ple—</strong></span> 
     </span>
    </p>
   </div>
   <div class='ocr_carea' id='block_1_107' title="bbox 2176 4280 3762 4369">
    <p class='ocr_par' dir='ltr' id='par_1_107' title="bbox 2176 4280 3762 4369">
     <span class='ocr_line' id='line_1_110' title="bbox 2176 4280 3762 4369; baseline -0.011 -15"><span class='ocrx_word' id='word_1_843' title='bbox 2176 4314 2400 4369; x_wconf 89' lang='lat' dir='ltr'><strong>rumque</strong></span> <span class='ocrx_word' id='word_1_844' title='bbox 2420 4297 2598 4354; x_wconf 90' lang='lat' dir='ltr'><strong>subito</strong></span> <span class='ocrx_word' id='word_1_845' title='bbox 2617 4295 2919 4364; x_wconf 87' lang='lat' dir='ltr'><strong>abreptum,</strong></span> <span class='ocrx_word' id='word_1_846' title='bbox 2947 4290 3125 4346; x_wconf 85' lang='lat' dir='ltr'><strong>omnia</strong></span> <span class='ocrx_word' id='word_1_847' title='bbox 3148 4303 3267 4359; x_wconf 64' lang='lat' dir='ltr'><strong>quae</strong></span> <span class='ocrx_word' id='word_1_848' title='bbox 3288 4286 3510 4343; x_wconf 88' lang='lat' dir='ltr'><strong>collecta</strong></span> <span class='ocrx_word' id='word_1_849' title='bbox 3533 4292 3656 4337; x_wconf 89' lang='lat' dir='ltr'><strong>sunt</strong></span> <span class='ocrx_word' id='word_1_850' title='bbox 3676 4280 3762 4336; x_wconf 91' lang='lat' dir='ltr'><strong>hic</strong></span> 
     </span>
    </p>
   </div>
   <div class='ocr_carea' id='block_1_108' title="bbox 2177 4378 3762 4461">
    <p class='ocr_par' dir='ltr' id='par_1_108' title="bbox 2177 4378 3762 4461">
     <span class='ocr_line' id='line_1_111' title="bbox 2177 4378 3762 4461; baseline -0.012 -15"><span class='ocrx_word' id='word_1_851' title='bbox 2177 4392 2515 4461; x_wconf 87' lang='lat' dir='ltr'><strong>relinquere,</strong></span> <span class='ocrx_word' id='word_1_852' title='bbox 2545 4396 2603 4442; x_wconf 90' lang='lat' dir='ltr'><strong>et</strong></span> <span class='ocrx_word' id='word_1_853' title='bbox 2631 4386 2896 4442; x_wconf 90' lang='lat' dir='ltr'><strong>interdum</strong></span> <span class='ocrx_word' id='word_1_854' title='bbox 2924 4383 2977 4438; x_wconf 87' lang='lat' dir='ltr'><strong>in</strong></span> <span class='ocrx_word' id='word_1_855' title='bbox 3012 4384 3194 4438; x_wconf 85' lang='lat' dir='ltr'><strong>hostes</strong></span> <span class='ocrx_word' id='word_1_856' title='bbox 3217 4389 3273 4436; x_wconf 90' lang='lat' dir='ltr'><strong>et</strong></span> <span class='ocrx_word' id='word_1_857' title='bbox 3315 4378 3558 4433; x_wconf 87' lang='lat' dir='ltr'><strong>inimicos</strong></span> <span class='ocrx_word' id='word_1_858' title='bbox 3586 4384 3762 4429; x_wconf 88' lang='lat' dir='ltr'><strong>trans-</strong></span> 
     </span>
    </p>
   </div>
   <div class='ocr_carea' id='block_1_109' title="bbox 2176 4465 3762 4547">
    <p class='ocr_par' dir='ltr' id='par_1_109' title="bbox 2176 4465 3762 4547">
     <span class='ocr_line' id='line_1_112' title="bbox 2176 4465 3762 4547; baseline -0.012 -10"><span class='ocrx_word' id='word_1_859' title='bbox 2176 4483 2339 4547; x_wconf 84' lang='lat' dir='ltr'><strong>ferri;</strong></span> <span class='ocrx_word' id='word_1_860' title='bbox 2376 4491 2426 4536; x_wconf 91' lang='lat' dir='ltr'><strong>te</strong></span> <span class='ocrx_word' id='word_1_861' title='bbox 2454 4488 2631 4533; x_wconf 87' lang='lat' dir='ltr'><strong>autem</strong></span> <span class='ocrx_word' id='word_1_862' title='bbox 2663 4474 2896 4546; x_wconf 88' lang='lat' dir='ltr'><strong>peccatis</strong></span> <span class='ocrx_word' id='word_1_863' title='bbox 2921 4472 3169 4529; x_wconf 88' lang='lat' dir='ltr'><strong>omnibus</strong></span> <span class='ocrx_word' id='word_1_864' title='bbox 3187 4510 3201 4534; x_wconf 87' lang='lat'><strong>,</strong></span> <span class='ocrx_word' id='word_1_865' title='bbox 3230 4484 3327 4542; x_wconf 88' lang='lat' dir='ltr'><strong>per</strong></span> <span class='ocrx_word' id='word_1_866' title='bbox 3354 4483 3473 4538; x_wconf 81' lang='lat' dir='ltr'><strong>quae</strong></span> <span class='ocrx_word' id='word_1_867' title='bbox 3504 4466 3619 4520; x_wconf 80' lang='lat' dir='ltr'><strong>haec</strong></span> <span class='ocrx_word' id='word_1_868' title='bbox 3642 4465 3762 4520; x_wconf 34' lang='lat' dir='ltr'><strong>col.-</strong></span> 
     </span>
    </p>
   </div>
   <div class='ocr_carea' id='block_1_110' title="bbox 2181 4554 3766 4643">
    <p class='ocr_par' dir='ltr' id='par_1_110' title="bbox 2181 4554 3766 4643">
     <span class='ocr_line' id='line_1_113' title="bbox 2181 4554 3766 4643; baseline -0.014 -15"><span class='ocrx_word' id='word_1_869' title='bbox 2181 4572 2375 4643; x_wconf 86' lang='lat' dir='ltr'><strong>legisti,</strong></span> <span class='ocrx_word' id='word_1_870' title='bbox 2419 4578 2595 4625; x_wconf 83' lang='lat' dir='ltr'><strong>tecum</strong></span> <span class='ocrx_word' id='word_1_871' title='bbox 2638 4566 2871 4637; x_wconf 88' lang='lat' dir='ltr'><strong>receptis</strong></span> <span class='ocrx_word' id='word_1_872' title='bbox 2916 4563 3039 4619; x_wconf 88' lang='lat' dir='ltr'><strong>hinc</strong></span> <span class='ocrx_word' id='word_1_873' title='bbox 3075 4561 3326 4632; x_wconf 84' lang='lat' dir='ltr'><strong>migrare.</strong></span> <span class='ocrx_word' id='word_1_874' title='bbox 3363 4556 3433 4613; x_wconf 87' lang='lat' dir='ltr'><strong>Et</strong></span> <span class='ocrx_word' id='word_1_875' title='bbox 3472 4554 3597 4626; x_wconf 91' lang='lat' dir='ltr'><strong>quid</strong></span> <span class='ocrx_word' id='word_1_876' title='bbox 3638 4562 3766 4608; x_wconf 86' lang='lat' dir='ltr'><strong>tunc</strong></span> 
     </span>
    </p>
   </div>
   <div class='ocr_carea' id='block_1_111' title="bbox 2179 4644 3763 4726">
    <p class='ocr_par' dir='ltr' id='par_1_111' title="bbox 2179 4644 3763 4726">
     <span class='ocr_line' id='line_1_114' title="bbox 2179 4644 3763 4726; baseline -0.016 -6"><span class='ocrx_word' id='word_1_877' title='bbox 2179 4665 2327 4720; x_wconf 89' lang='lat' dir='ltr'><strong>dices</strong></span> <span class='ocrx_word' id='word_1_878' title='bbox 2354 4664 2405 4717; x_wconf 92' lang='lat' dir='ltr'><strong>in</strong></span> <span class='ocrx_word' id='word_1_879' title='bbox 2436 4662 2524 4717; x_wconf 89' lang='lat' dir='ltr'><strong>dic</strong></span> <span class='ocrx_word' id='word_1_880' title='bbox 2551 4661 2644 4715; x_wconf 90' lang='lat' dir='ltr'><strong>illo</strong></span> <span class='ocrx_word' id='word_1_881' title='bbox 2673 4656 2934 4715; x_wconf 77' lang='lat' dir='ltr'><strong>terribili?</strong></span> <span class='ocrx_word' id='word_1_882' title='bbox 2960 4652 3228 4726; x_wconf 87' lang='lat' dir='ltr'><strong>quomodo</strong></span> <span class='ocrx_word' id='word_1_883' title='bbox 3256 4661 3308 4708; x_wconf 88' lang='lat' dir='ltr'><strong>te</strong></span> <span class='ocrx_word' id='word_1_884' title='bbox 3331 4646 3609 4705; x_wconf 76' lang='lat' dir='ltr'><strong>exeusnbis</strong></span> <span class='ocrx_word' id='word_1_885' title='bbox 3629 4684 3645 4707; x_wconf 89' lang='lat'><strong>,</strong></span> <span class='ocrx_word' id='word_1_886' title='bbox 3675 4644 3763 4713; x_wconf 88' lang='lat' dir='ltr'><strong>qui</strong></span> 
     </span>
    </p>
   </div>
   <div class='ocr_carea' id='block_1_112' title="bbox 2180 4737 3763 4826">
    <p class='ocr_par' dir='ltr' id='par_1_112' title="bbox 2180 4737 3763 4826">
     <span class='ocr_line' id='line_1_115' title="bbox 2180 4737 3763 4826; baseline -0.016 -14"><span class='ocrx_word' id='word_1_887' title='bbox 2180 4759 2253 4812; x_wconf 86' lang='lat' dir='ltr'><strong>ita</strong></span> <span class='ocrx_word' id='word_1_888' title='bbox 2280 4756 2611 4826; x_wconf 83' lang='lat' dir='ltr'><strong>negligenter</strong></span> <span class='ocrx_word' id='word_1_889' title='bbox 2633 4751 2820 4806; x_wconf 84' lang='lat' dir='ltr'><strong>salutis</strong></span> <span class='ocrx_word' id='word_1_890' title='bbox 2847 4748 3116 4819; x_wconf 85' lang='lat' dir='ltr'><strong>negotium</strong></span> <span class='ocrx_word' id='word_1_891' title='bbox 3141 4739 3448 4799; x_wconf 87' lang='lat' dir='ltr'><strong>instituisti?</strong></span> <span class='ocrx_word' id='word_1_892' title='bbox 3474 4737 3763 4805; x_wconf 84' lang='lat' dir='ltr'><strong>PrOpterea</strong></span> 
     </span>
    </p>
   </div>
   <div class='ocr_carea' id='block_1_113' title="bbox 2180 4827 3764 4915">
    <p class='ocr_par' dir='ltr' id='par_1_113' title="bbox 2180 4827 3764 4915">
     <span class='ocr_line' id='line_1_116' title="bbox 2180 4827 3764 4915; baseline -0.017 -11"><span class='ocrx_word' id='word_1_893' title='bbox 2180 4848 2310 4904; x_wconf 86' lang='lat' dir='ltr'><strong>mihi</strong></span> <span class='ocrx_word' id='word_1_894' title='bbox 2336 4848 2678 4915; x_wconf 87' lang='lat' dir='ltr'><strong>obtempera,</strong></span> <span class='ocrx_word' id='word_1_895' title='bbox 2709 4851 2909 4898; x_wconf 86' lang='lat' dir='ltr'><strong>etcum</strong></span> <span class='ocrx_word' id='word_1_896' title='bbox 2937 4839 3114 4894; x_wconf 85' lang='lat' dir='ltr'><strong>adhuc</strong></span> <span class='ocrx_word' id='word_1_897' title='bbox 3158 4844 3367 4900; x_wconf 89' lang='lat' dir='ltr'><strong>tempus</strong></span> <span class='ocrx_word' id='word_1_898' title='bbox 3400 4827 3565 4883; x_wconf 89' lang='lat' dir='ltr'><strong>habes</strong></span> <span class='ocrx_word' id='word_1_899' title='bbox 3584 4867 3600 4892; x_wconf 95' lang='lat'><strong>,</strong></span> <span class='ocrx_word' id='word_1_900' title='bbox 3632 4835 3764 4895; x_wconf 85' lang='lat' dir='ltr'><strong>epes</strong></span> 
     </span>
    </p>
   </div>
   <div class='ocr_carea' id='block_1_114' title="bbox 2181 4917 3763 5011">
    <p class='ocr_par' dir='ltr' id='par_1_114' title="bbox 2181 4917 3763 5011">
     <span class='ocr_line' id='line_1_117' title="bbox 2181 4917 3763 5011; baseline -0.017 -15"><span class='ocrx_word' id='word_1_901' title='bbox 2181 4950 2541 5009; x_wconf 85' lang='lat' dir='ltr'><strong>supervacuas</strong></span> <span class='ocrx_word' id='word_1_902' title='bbox 2568 4934 2849 4994; x_wconf 89' lang='lat' dir='ltr'><strong>distribue,</strong></span> <span class='ocrx_word' id='word_1_903' title='bbox 2881 4938 2941 4982; x_wconf 92' lang='lat' dir='ltr'><strong>ut</strong></span> <span class='ocrx_word' id='word_1_904' title='bbox 2966 4927 3113 4997; x_wconf 81' lang='lat' dir='ltr'><strong>prius</strong></span> <span class='ocrx_word' id='word_1_905' title='bbox 3140 4923 3249 5011; x_wconf 82' lang='lat' dir='ltr'><strong>illic</strong></span> <span class='ocrx_word' id='word_1_906' title='bbox 3274 4921 3328 4975; x_wconf 86' lang='lat' dir='ltr'><strong>in</strong></span> <span class='ocrx_word' id='word_1_907' title='bbox 3358 4928 3501 4975; x_wconf 87' lang='lat' dir='ltr'><strong>tuam</strong></span> <span class='ocrx_word' id='word_1_908' title='bbox 3529 4917 3763 4986; x_wconf 74' lang='lat' dir='ltr'><strong>repasita</strong></span> 
     </span>
    </p>
   </div>
   <div class='ocr_carea' id='block_1_115' title="bbox 2183 5013 3801 5094">
    <p class='ocr_par' dir='ltr' id='par_1_115' title="bbox 2183 5013 3801 5094">
     <span class='ocr_line' id='line_1_118' title="bbox 2183 5013 3801 5094; baseline -0.015 -7"><span class='ocrx_word' id='word_1_909' title='bbox 2183 5034 2379 5087; x_wconf 89' lang='lat' dir='ltr'><strong>habeas</strong></span> <span class='ocrx_word' id='word_1_910' title='bbox 2416 5030 2669 5094; x_wconf 87' lang='lat' dir='ltr'><strong>salutem,</strong></span> <span class='ocrx_word' id='word_1_911' title='bbox 2716 5033 2772 5079; x_wconf 82' lang='lat' dir='ltr'><strong>et</strong></span> <span class='ocrx_word' id='word_1_912' title='bbox 2813 5036 2910 5093; x_wconf 84' lang='lat' dir='ltr'><strong>pro</strong></span> <span class='ocrx_word' id='word_1_913' title='bbox 2950 5020 3058 5075; x_wconf 89' lang='lat' dir='ltr'><strong>illis</strong></span> <span class='ocrx_word' id='word_1_914' title='bbox 3096 5026 3354 5088; x_wconf 85' lang='lat' dir='ltr'><strong>perpetua</strong></span> <span class='ocrx_word' id='word_1_915' title='bbox 3394 5013 3534 5070; x_wconf 88' lang='lat' dir='ltr'><strong>bona</strong></span> <span class='ocrx_word' id='word_1_916' title='bbox 3573 5025 3801 5066; x_wconf 86' lang='lat' dir='ltr'><strong>conse-.</strong></span> 
     </span>
    </p>
   </div>
   <div class='ocr_carea' id='block_1_116' title="bbox 2181 5103 3767 5195">
    <p class='ocr_par' dir='ltr' id='par_1_116' title="bbox 2181 5103 3767 5195">
     <span class='ocr_line' id='line_1_119' title="bbox 2181 5103 3767 5195; baseline -0.016 -16"><span class='ocrx_word' id='word_1_917' title='bbox 2181 5125 2364 5195; x_wconf 82' lang='lat' dir='ltr'><strong>quaris</strong></span> <span class='ocrx_word' id='word_1_918' title='bbox 2394 5142 2407 5176; x_wconf 89' lang='lat'><strong>:</strong></span> <span class='ocrx_word' id='word_1_919' title='bbox 2439 5136 2560 5193; x_wconf 74' lang='lat' dir='ltr'><strong>qua:</strong></span> <span class='ocrx_word' id='word_1_920' title='bbox 2589 5134 2687 5175; x_wconf 86' lang='lat' dir='ltr'><strong>nos</strong></span> <span class='ocrx_word' id='word_1_921' title='bbox 2714 5130 2902 5172; x_wconf 85' lang='lat' dir='ltr'><strong>omnes</strong></span> <span class='ocrx_word' id='word_1_922' title='bbox 2921 5114 3171 5170; x_wconf 88' lang='lat' dir='ltr'><strong>obtinere</strong></span> <span class='ocrx_word' id='word_1_923' title='bbox 3199 5108 3492 5178; x_wconf 83' lang='lat' dir='ltr'><strong>contingat,</strong></span> <span class='ocrx_word' id='word_1_924' title='bbox 3519 5103 3687 5177; x_wconf 82' lang='lat' dir='ltr'><strong>gratia</strong></span> <span class='ocrx_word' id='word_1_925' title='bbox 3712 5110 3767 5155; x_wconf 86' lang='lat' dir='ltr'><strong>et</strong></span> 
     </span>
    </p>
   </div>
   <div class='ocr_carea' id='block_1_117' title="bbox 2185 5194 3768 5285">
    <p class='ocr_par' dir='ltr' id='par_1_117' title="bbox 2185 5194 3768 5285">
     <span class='ocr_line' id='line_1_120' title="bbox 2185 5194 3768 5285; baseline -0.014 -14"><span class='ocrx_word' id='word_1_926' title='bbox 2185 5194 2513 5285; x_wconf 78' lang='lat' dir='ltr'><strong>benignitate</strong></span> <span class='ocrx_word' id='word_1_927' title='bbox 2532 5209 2744 5267; x_wconf 89' lang='lat' dir='ltr'><strong>Domini</strong></span> <span class='ocrx_word' id='word_1_928' title='bbox 2770 5207 2938 5264; x_wconf 80' lang='lat' dir='ltr'><strong>nostri</strong></span> <span class='ocrx_word' id='word_1_929' title='bbox 2959 5205 3086 5261; x_wconf 78' lang='lat' dir='ltr'><strong>Jesn</strong></span> <span class='ocrx_word' id='word_1_930' title='bbox 3111 5201 3332 5269; x_wconf 88' lang='lat' dir='ltr'><strong>Christi,</strong></span> <span class='ocrx_word' id='word_1_931' title='bbox 3355 5215 3477 5255; x_wconf 88' lang='lat' dir='ltr'><strong>cum</strong></span> <span class='ocrx_word' id='word_1_932' title='bbox 3498 5212 3604 5268; x_wconf 87' lang='lat' dir='ltr'><strong>quo</strong></span> <span class='ocrx_word' id='word_1_933' title='bbox 3626 5194 3768 5253; x_wconf 82' lang='lat' dir='ltr'><strong>Patri</strong></span> 
     </span>
    </p>
   </div>
   <div class='ocr_carea' id='block_1_118' title="bbox 2182 5288 3769 5375">
    <p class='ocr_par' dir='ltr' id='par_1_118' title="bbox 2182 5288 3769 5375">
     <span class='ocr_line' id='line_1_121' title="bbox 2182 5288 3769 5375; baseline -0.016 -12"><span class='ocrx_word' id='word_1_934' title='bbox 2182 5308 2345 5363; x_wconf 85' lang='lat' dir='ltr'><strong>simul</strong></span> <span class='ocrx_word' id='word_1_935' title='bbox 2376 5316 2433 5362; x_wconf 91' lang='lat' dir='ltr'><strong>et</strong></span> <span class='ocrx_word' id='word_1_936' title='bbox 2458 5302 2679 5375; x_wconf 87' lang='lat' dir='ltr'><strong>Spiritui</strong></span> <span class='ocrx_word' id='word_1_937' title='bbox 2703 5308 2893 5357; x_wconf 90' lang='lat' dir='ltr'><strong>sancto</strong></span> <span class='ocrx_word' id='word_1_938' title='bbox 2918 5298 2990 5352; x_wconf 89' lang='lat' dir='ltr'><strong>sit</strong></span> <span class='ocrx_word' id='word_1_939' title='bbox 3019 5295 3212 5367; x_wconf 88' lang='lat' dir='ltr'><strong>gloria,</strong></span> <span class='ocrx_word' id='word_1_940' title='bbox 3241 5291 3545 5363; x_wconf 89' lang='lat' dir='ltr'><strong>imperium,</strong></span> <span class='ocrx_word' id='word_1_941' title='bbox 3578 5288 3769 5350; x_wconf 88' lang='lat' dir='ltr'><strong>honor,</strong></span> 
     </span>
    </p>
   </div>
   <div class='ocr_carea' id='block_1_119' title="bbox 2185 5383 3629 5467">
    <p class='ocr_par' dir='ltr' id='par_1_119' title="bbox 2185 5383 3629 5467">
     <span class='ocr_line' id='line_1_122' title="bbox 2185 5383 3629 5467; baseline -0.017 -9"><span class='ocrx_word' id='word_1_942' title='bbox 2185 5415 2329 5457; x_wconf 90' lang='lat' dir='ltr'><strong>nunc</strong></span> <span class='ocrx_word' id='word_1_943' title='bbox 2356 5408 2412 5456; x_wconf 90' lang='lat' dir='ltr'><strong>et</strong></span> <span class='ocrx_word' id='word_1_944' title='bbox 2431 5411 2666 5467; x_wconf 90' lang='lat' dir='ltr'><strong>semper,</strong></span> <span class='ocrx_word' id='word_1_945' title='bbox 2695 5393 2824 5450; x_wconf 88' lang='lat' dir='ltr'><strong>etin</strong></span> <span class='ocrx_word' id='word_1_946' title='bbox 2848 5389 3044 5447; x_wconf 76' lang='lat' dir='ltr'><strong>szccula</strong></span> <span class='ocrx_word' id='word_1_947' title='bbox 3064 5387 3400 5446; x_wconf 72' lang='lat' dir='ltr'><strong>swculorum.</strong></span> <span class='ocrx_word' id='word_1_948' title='bbox 3434 5383 3629 5438; x_wconf 76' lang='lat' dir='ltr'><strong>Amen.</strong></span> 
     </span>
    </p>
   </div>
   <div class='ocr_carea' id='block_1_120' title="bbox 2236 5553 3759 5652">
    <p class='ocr_par' dir='ltr' id='par_1_120' title="bbox 2236 5553 3759 5652">
     <span class='ocr_line' id='line_1_123' title="bbox 2236 5553 3759 5652; baseline 0 0"><span class='ocrx_word' id='word_1_949' title='bbox 2236 5593 2311 5652; x_wconf 74' lang='grc' dir='ltr'><strong>(α)</strong></span> <span class='ocrx_word' id='word_1_950' title='bbox 2327 5596 2439 5652; x_wconf 58' lang='lat' dir='ltr'><strong>Quae</strong></span> <span class='ocrx_word' id='word_1_951' title='bbox 2462 5593 2732 5652; x_wconf 58' lang='lat' dir='ltr'><strong>seminatur</strong></span> <span class='ocrx_word' id='word_1_952' title='bbox 2757 5553 3759 5652; x_wconf 44' lang='lat' dir='ltr'><strong>usquead,&quot;ettlitatter.i‘iii!iirem}?</strong></span> 
     </span>
    </p>
   </div>
   <div class='ocr_carea' id='block_1_121' title="bbox 2176 5631 3762 5711">
    <p class='ocr_par' dir='ltr' id='par_1_121' title="bbox 2176 5631 3762 5711">
     <span class='ocr_line' id='line_1_124' title="bbox 2176 5631 3762 5711; baseline -0.019 -7"><span class='ocrx_word' id='word_1_953' title='bbox 2176 5631 2438 5707; x_wconf 41' lang='lat' dir='ltr'><strong>instituisti,</strong></span> <span class='ocrx_word' id='word_1_954' title='bbox 2463 5631 2583 5711; x_wconf 42' lang='lat' dir='ltr'><strong>quid</strong></span> <span class='ocrx_word' id='word_1_955' title='bbox 2595 5631 2785 5711; x_wconf 70' lang='lat' dir='ltr'><strong>circiter</strong></span> <span class='ocrx_word' id='word_1_956' title='bbox 2798 5631 3016 5692; x_wconf 72' lang='lat' dir='ltr'><strong>mediani</strong></span> <span class='ocrx_word' id='word_1_957' title='bbox 3042 5631 3264 5704; x_wconf 69' lang='lat' dir='ltr'><strong>paginam</strong></span> <span class='ocrx_word' id='word_1_958' title='bbox 3287 5632 3559 5690; x_wconf 86' lang='lat' dir='ltr'><strong>absolvunt,</strong></span> <span class='ocrx_word' id='word_1_959' title='bbox 3585 5631 3762 5678; x_wconf 77' lang='lat' dir='ltr'><strong>desunt</strong></span> 
     </span>
    </p>
   </div>
   <div class='ocr_carea' id='block_1_122' title="bbox 2178 5708 2735 5769">
    <p class='ocr_par' dir='ltr' id='par_1_122' title="bbox 2178 5708 2735 5769">
     <span class='ocr_line' id='line_1_125' title="bbox 2178 5708 2735 5769; baseline -0.016 0"><span class='ocrx_word' id='word_1_960' title='bbox 2178 5722 2228 5769; x_wconf 87' lang='lat' dir='ltr'><strong>in</strong></span> <span class='ocrx_word' id='word_1_961' title='bbox 2243 5708 2527 5766; x_wconf 80' lang='lat' dir='ltr'><strong>Coisliniatio</strong></span> <span class='ocrx_word' id='word_1_962' title='bbox 2548 5708 2735 5760; x_wconf 76' lang='lat' dir='ltr'><strong>Codice.</strong></span> 
     </span>
    </p>
   </div>
  </div>
