4074 6134
311 325 435 381 ..ωε

887 426 1161 482 HOMILIA
1223 424 1364 479 XXI.

325 565 444 621 ‘lste
472 577 545 621 est
584 564 705 619 liber
733 559 1066 632 generationis
1093 559 1370 620 hominum,
1399 557 1481 609 die
1505 571 1602 625 quo
1639 553 1755 623 fecit
1783 550 1922 604 Deus

406 657 590 720 Adam,
613 652 885 708 secundum
908 651 1176 720 imaginem
1192 649 1287 702 Dei
1310 648 1429 718 fecit
1457 645 1619 708 illum,
1644 643 1922 697 masculum

408 758 454 801 et
482 747 726 817 feminam
749 745 866 815 fecit
891 744 1024 807 illos,
1055 753 1103 796 et
1124 743 1311 794 vocavit
1333 755 1513 794 nomen
1535 754 1705 794 eorum
1733 735 1918 803 Adam,

404 855 503 908 qua
527 837 610 891 die
626 837 738 907 fecit
755 853 836 890 eos
858 833 1008 908 (Gen.
1031 833 1086 889 5.
1115 834 1162 887 l.
1185 833 1219 886 ξ).
1242 833 1282 900 ).

406 973 458 1027 1.
493 971 708 1041 Magnus
737 977 791 1025 et
816 968 1094 1024 ineffabilis
1123 966 1421 1032 thesaurus,
1467 963 1684 1030 dilecti,
1716 962 1766 1016 in
1794 976 1918 1015 vcr-

335 1062 602 1120 bismodo
642 1062 792 1117 lectis
819 1059 1124 1116 reconditus
1150 1066 1248 1112 est.
1281 1057 1345 1111 Et
1386 1056 1498 1111 scio
1524 1053 1759 1124 quidem,
1789 1051 1923 1105 mul-

336 1171 418 1215 tos
446 1160 720 1215 nominum
750 1159 1046 1228 catalognm
1086 1155 1432 1226 respicientes
1471 1163 1525 1208 et
1562 1151 1806 1208 lectionis
1835 1167 1922 1205 su-

337 1249 570 1319 perﬁcici
624 1251 906 1317 merentes,
954 1257 1139 1318 putare
1190 1247 1320 1301 nihil
1371 1244 1599 1315 amplius
1651 1245 1702 1298 in
1742 1243 1919 1309 dictis,

335 1355 492 1410 quam
519 1355 663 1394 mera
703 1341 917 1392 nomina
938 1354 1056 1394 esse
1086 1356 1099 1392 :
1147 1353 1246 1408 eg)
1278 1344 1456 1391 autem
1492 1350 1586 1390 vos
1615 1349 1803 1390 omnes
1831 1335 1922 1388 ob—

335 1445 508 1495 secro,
533 1445 601 1485 ne
629 1428 942 1498 simpliciter
969 1442 1031 1482 ca
1059 1444 1177 1496 qua:
1209 1427 1258 1480 in
1289 1425 1578 1494 Scripturis
1597 1424 1765 1478 sacris
1789 1438 1921 1477 con-

340 1530 480 1573 tenta
533 1528 655 1572 sunt
687 1519 984 1573 transcatis.
1029 1517 1165 1572 Nihil
1199 1517 1338 1571 enim
1383 1515 1471 1570 hic
1523 1515 1778 1583 scriptum
1818 1523 1917 1580 est,

338 1612 475 1680 quod
499 1627 605 1666 non
627 1611 818 1666 multas
839 1626 1091 1666 sensuum
1115 1609 1533 1665 habeatdivitias
1553 1624 1566 1660 :
1589 1605 1922 1677 quandoqui-

338 1702 456 1756 dem
487 1701 670 1756 divino
695 1701 890 1770 Spiritu
915 1700 1079 1755 afﬂati
1111 1700 1382 1769 propheta:
1404 1697 1606 1766 loquuti
1631 1708 1773 1761 sunt,
1803 1697 1922 1752 ideo

343 1803 522 1863 lllj'OlC
552 1809 580 1847 a
625 1794 823 1862 Spiritu
876 1795 1086 1861 scriptio
1132 1793 1396 1862 ingentem
1447 1791 1498 1845 in
1546 1805 1604 1846 se
1651 1791 1922 1845 continent

337 1888 662 1942 thesaurum.
696 1887 761 1941 Et
790 1902 857 1941 ne
882 1886 1092 1941 mireris
1119 1885 1259 1955 quod
1284 1885 1333 1938 in
1367 1885 1466 1941 hac
1487 1884 1761 1938 nominum
1787 1898 1922 1938 enu-

338 1980 631 2033 meratione
678 1979 872 2033 multas
901 1979 1234 2048 Intentusque
1287 1977 1498 2032 divitias
1537 1977 1920 2032 sententiarum

339 2070 490 2124 vobis
520 2085 604 2125 me
635 2081 974 2126 ostensurum
1003 2071 1273 2140 pollicear.
1305 2070 1485 2139 Neque
1528 2069 1669 2124 enim
1701 2069 1781 2123 vel
1810 2069 1920 2140 syl-

340 2162 485 2227 laba,
518 2163 598 2216 vel
626 2163 863 2232 apiculus
893 2173 974 2219 est
1006 2165 1056 2218 in
1089 2164 1254 2219 sacris
1283 2163 1499 2229 Litoris,
1535 2163 1588 2217 in
1617 2163 1770 2232 cujus
1792 2177 1919 2232 pro-

340 2251 502 2306 fundo
531 2268 636 2307 non
668 2253 738 2308 sit
787 2254 998 2323 grandis
1024 2254 1283 2324 quispiam
1341 2254 1620 2308 thesaurus
1659 2271 1672 2306 :
1701 2253 1924 2322 proinde

340 2357 436 2410 par
459 2351 542 2397 est
577 2357 674 2398 nos
713 2344 889 2398 divina
933 2346 1101 2412 gratia
1129 2345 1337 2409 ductos,
1388 2353 1443 2398 et
1487 2342 1684 2412 Spiritu
1740 2354 1924 2397 sancto

341 2434 632 2488 illustratos
655 2435 862 2505 eloquia
889 2435 1063 2489 divina
1087 2436 1253 2490 adire.
1279 2435 1461 2505 Neque
1490 2449 1625 2504 Opus
1650 2434 1809 2489 habet
1837 2434 1922 2488 di-

343 2529 463 2580 vina
493 2527 765 2596 Scriptura
815 2527 1088 2582 hominum
1137 2528 1417 2598 sapientia,
1465 2536 1524 2581 ut
1580 2526 1920 2598 intelligatur,

344 2619 440 2673 sed
470 2619 794 2674 revelatione
839 2619 1088 2690 Spiritus,
1119 2629 1175 2674 ut
1218 2620 1407 2674 hausto
1435 2620 1558 2675 inde
1584 2635 1710 2675 vero
1740 2635 1920 2685 sensu,

337 2724 591 2780 magnum
622 2710 774 2765 nobis
814 2711 941 2766 hinc
969 2710 1172 2765 lucrum
1223 2720 1510 2766 accrescat.
1533 2711 1609 2783 (a)
1645 2710 1777 2765 Nam
1799 2711 1841 2766 si
1871 2711 1922 2765 in

332 2800 688 2855 smeularibus
717 2802 944 2872 negotiis
967 2803 1162 2871 scripta
1196 2843 1211 2868 ,
1243 2819 1361 2872 qua:
1381 2802 1449 2857 ab
1473 2802 1777 2858 hominibus
1797 2818 1926 2858 con-

331 2891 609 2960 ﬁciuntur,
663 2909 804 2964 saepe
855 2905 1093 2966 tempore
1143 2905 1413 2966 corrupta,
1441 2911 1469 2949 a
1499 2905 1736 2966 tempore
1776 2897 1925 2952 initio

344 2985 680 3040 instrumenti
703 2996 910 3053 notato,
942 2996 995 3042 et
1039 2987 1104 3042 ab
1131 3003 1231 3042 una
1279 2988 1500 3060 syllaba,
1550 2988 1773 3043 multum
1806 3002 1924 3042 mo-

333 3077 509 3131 menti
538 3077 732 3132 habent
756 3097 770 3133 :
799 3079 964 3134 multo
982 3081 1148 3148 magis
1172 3077 1274 3134 hoc
1318 3081 1370 3133 in
1397 3077 1684 3148 Scripturis
1733 3078 1924 3133 divinis

333 3184 370 3222 ~a
425 3169 624 3239 Spiritu
676 3179 863 3226 sancto
911 3171 1220 3240 compositis
1268 3170 1570 3238 invenitur,
1627 3170 1787 3226 modo
1840 3186 1926 3226 so-

331 3259 442 3314 brii
488 3261 677 3327 simus,
727 3269 781 3315 et
835 3275 940 3314 non
994 3269 1192 3316 temere
1239 3261 1733 3332 pranergrcdiamur
1785 3261 1925 3317 :sed

345 3351 548 3405 intenta
611 3359 788 3405 mente
833 3351 1111 3422 diligenter
1151 3353 1330 3407 omnia
1371 3352 1770 3409 consideremus
1803 3393 1819 3419 ,
1873 3361 1928 3407 et

349 3457 456 3496 non
490 3441 928 3510 ~negligentiorcs
989 3443 1155 3498 simus
1209 3443 1326 3498 aliis
1379 3443 1470 3514 qui
1538 3450 1686 3497 tanto
1753 3443 1928 3498 studio

349 3535 400 3587 in
452 3533 740 3588 sensilibus
797 3543 1036 3588 utuntur.
1095 3534 1385 3590 Enimvero
1446 3534 1535 3605 qui
1588 3533 1801 3589 metalla
1845 3533 1928 3589 cf-

351 3627 597 3693 l'odiunt.
627 3644 735 3682 non
777 3627 829 3682 in
879 3628 1164 3699 superficie
1221 3637 1455 3694 manent,
1497 3628 1590 3684 sed
1639 3643 1760 3684 cum
1803 3643 1928 3698 pro-

345 3721 504 3776 funde
535 3722 819 3776 admodum
845 3720 1240 3790 descenderint,
1265 3731 1316 3779 et
1343 3724 1460 3780 auri
1506 3731 1744 3778 ramenta
1791 3737 1927 3776 nan-

346 3811 473 3866 cisci
520 3811 809 3880 potuerint,
854 3828 1067 3883 magno
1115 3813 1296 3869 labore
1341 3824 1395 3869 et
1448 3814 1730 3870 sedulitate
1779 3828 1841 3869 ea
1896 3828 1924 3867 a

352 3913 488 3957 terra
540 3913 839 3972 separant,
900 3915 1122 3975 postque
1181 3909 1403 3960 multum
1443 3907 1591 3961 illum
1647 3905 1879 3961 laborem
1911 3947 1926 3972 ,

351 3993 566 4048 brevem
592 3994 822 4065 aliquam
865 3995 1106 4050 laborum
1150 3997 1427 4051 inveniunt
1466 3997 1926 4063 consolationem;

348 4097 710 4142 verumtamen
738 4087 861 4142 licet
881 4088 932 4143 hi
959 4089 1147 4152 sciant,
1176 4102 1234 4142 sc
1265 4087 1543 4142 utilitatem
1578 4100 1928 4158 percepturos

347 4178 614 4232 laboribus
638 4194 740 4232 non
774 4179 1206 4246 respondentem.
1235 4193 1483 4247 sa‘peque
1513 4178 1671 4232 etiam
1704 4187 1823 4246 post
1854 4187 1930 4232 tot

347 4269 551 4338 vigilias
577 4277 630 4323 et
657 4268 885 4329 labores,
915 4271 1309 4337 exspectatione
1335 4283 1431 4323 sua
1463 4268 1742 4324 frustratos
1787 4284 1927 4336 esse,

348 4376 520 4431 neque
542 4361 618 4414 sic
647 4360 930 4426 desistunt,
957 4361 1050 4415 sed
1076 4375 1171 4430 spe
1198 4361 1430 4427 aluntur,
1469 4369 1523 4417 et
1540 4376 1712 4416 sensu
1735 4361 1933 4420 laboris

340 4461 550 4508 carent.
579 4453 658 4520 Qu
685 4452 731 4507 ~d
762 4453 804 4507 si
842 4452 916 4507 illi
955 4463 1157 4509 tantum
1185 4471 1294 4525 pra:
1323 4469 1381 4510 se
1420 4453 1598 4510 ferunt
1623 4456 1854 4511 studium
1880 4457 1930 4512 in

349 4543 804 4612 corruptibilibus,
834 4545 1069 4612 incertis,
1099 4555 1151 4601 et
1175 4547 1411 4614 caducis,
1438 4547 1607 4602 multo
1653 4548 1819 4618 magis
1840 4547 1932 4602 de-

345 4642 435 4690 cet
464 4648 582 4702 nos,
628 4634 716 4689 ubi
747 4636 942 4691 diviti-.e
982 4637 1177 4693 auferri
1229 4648 1516 4710 nequeunt,
1567 4649 1620 4695 et
1651 4641 1932 4697 thesaurus

347 4728 552 4783 absumi
601 4743 706 4782 non
742 4736 953 4797 potest,
991 4737 1045 4783 et
1088 4744 1183 4799 spe
1213 4746 1317 4784 non
1362 4731 1661 4797 aberratur,
1709 4747 1804 4800 par
1851 4733 1932 4787 vel

350 4821 520 4890 majus
564 4821 798 4876 studium
827 4819 1100 4883 adhibere,
1133 4830 1187 4875 et
1231 4821 1355 4876 hinc
1375 4821 1553 4891 aliquo
1583 4820 1753 4877 fructu
1804 4837 1927 4892 per-

341 4920 527 4980 cepto,
551 4911 859 4968 desiderata
884 4912 1094 4982 assequi
1119 4913 1402 4981 possimus,
1432 4912 1715 4981 agnitaqne
1743 4913 1930 4968 ineffa-

339 5004 437 5057 bili
470 5004 793 5074 benignitate
824 5005 917 5077 Dei
944 5046 959 5071 ,
991 5005 1187 5076 gratias
1227 5013 1444 5074 agentes
1475 5004 1697 5058 Domino
1726 5015 1930 5071 nostro,

348 5094 464 5160 ejus
490 5095 645 5149 nobis
661 5095 1287 5161 faverentconciliemus,
1310 5106 1364 5152 et
1383 5095 1574 5151 diaboli
1604 5097 1805 5151 retibus
1828 5114 1931 5152 non

349 5185 717 5254 illaqueemur.
759 5187 872 5258 Age
913 5202 1040 5258 ergo
1067 5189 1286 5258 prolatis
1335 5191 1387 5244 in
1431 5189 1661 5245 medium
1708 5190 1772 5245 iis
1815 5206 1933 5259 qua:

349 5289 492 5329 nime
511 5274 644 5329 lecta
685 5287 830 5344 sunt,
861 5277 1142 5348 diligenter
1169 5279 1372 5350 singula
1401 5291 1799 5350 perscrutemur
1829 5295 1845 5334 :
1876 5290 1932 5334 ut

349 5367 504 5421 solita
541 5368 817 5424 rcfocillati
846 5369 1106 5433 doctrina.
1137 5373 1216 5428 sic
1243 5373 1458 5428 domum
1488 5374 1677 5428 iterum
1712 5373 1924 5429 receda-

347 5460 434 5513 tis.
465 5459 516 5514 1.
556 5458 704 5532 (Cap.
731 5461 809 5531 5).
836 5461 940 5516 Iste
961 5476 1031 5518 est
1050 5463 1172 5518 liber
1185 5464 1526 5535 generationis
1542 5465 1823 5530 hominum,
1850 5465 1925 5518 iu-

347 5553 479 5623 quit,
506 5554 587 5608 die
605 5571 702 5624 quo
731 5556 846 5624 [wit
872 5555 1009 5609 Deus
1033 5557 1219 5624 Adam,
1243 5558 1514 5613 secundum
1541 5558 1811 5629 intaginem
1842 5557 1936 5612 Dei

409 5666 484 5734 (a)
496 5665 696 5734 Plurima
711 5681 774 5734 ex
796 5670 1143 5734 sequentibus,
1159 5669 1267 5733 plus
1279 5683 1423 5734 quam
1446 5669 1687 5721 dimidiam
1713 5669 1935 5733 paginam

339 5729 669 5791 absolventia,
693 5729 940 5782 desunt—iu
965 5732 1155 5782 Coislin.

1060 320 1114 371 ὃ.
1155 311 1429 369 ,ΙΟᾹΝΝΙΞ
1463 305 1932 364 CHRYSOSTOMI
1976 304 2289 359 AlifllllEl‘.
2329 304 2860 365 CONSTANTINOI".

3513 316 3612 371 176

2026 437 2142 504 feeit
2184 434 2430 495 illum;2.
2481 439 2763 491 masculum
2804 448 2850 490 et
2901 439 3140 509 feminam
3193 443 3308 511 fecit
3357 445 3513 510 illos,
3570 462 3616 502 rt

2026 525 2301 579 nominavit
2321 542 2500 581 nomen
2523 544 2694 581 eorum
2722 528 2886 581 Adam
2914 529 2991 600 (a)
3012 572 3026 596 ,
3057 531 3139 585 die
3177 549 3277 602 quo
3317 537 3433 605 fecit
3471 538 3618 594 illos.

2025 613 2272 680 Attende,
2330 616 2574 684 obsecro,
2627 619 2897 688 pr0pbetae
2935 619 3091 690 hujus
3133 623 3460 683 admirabilis
3509 645 3568 683 sa

2027 704 2320 774 pientiam;
2369 706 2476 762 imo
2523 709 2694 764 sancti
2737 709 2966 780 Spiritus
3019 712 3338 770 doctrinam.
3393 718 3475 772 Ab
3522 721 3616 775 illo

2026 796 2188 862 enim,
2217 807 2273 852 ut
2299 813 2439 868 szepc
2475 799 2674 854 dictant
2702 810 2805 865 est,
2827 802 3061 870 afﬂatus,
3092 805 3247 862 nobis
3274 808 3393 866 haec
3435 813 3615 867 omnia

2025 887 2260 957 loquitur
2291 910 2303 943 :
2335 900 2388 943 et
2435 890 2666 960 linguam
2691 889 2906 961 quidem
2945 895 3204 965 prepheta
3235 901 3613 968 commodavit,

2024 978 2192 1046 gratia
2219 986 2394 1033 autem
2425 978 2650 1049 Spiritus
2679 982 2848 1036 sancti
2893 998 2989 1052 per
3035 983 3176 1039 illam
3203 989 3381 1041 omnia
3426 989 3615 1046 huma-

2030 1082 2158 1120 num
2204 1083 2373 1138 genus
2417 1072 2698 1126 manifeste
2726 1071 2904 1127 docet.
2939 1073 3070 1129 Vide
3096 1091 3225 1147 ergo
3249 1080 3519 1148 quomodo
3548 1082 3614 1138 ad

2025 1158 2284 1228 originem
2315 1174 2618 1214 sermonem
2647 1161 2874 1226 reducit,
2913 1173 2967 1218 et
3009 1167 3284 1235 superiora
3314 1170 3504 1224 iterum
3530 1187 3614 1227 re-

2026 1248 2206 1302 sumit.
2259 1248 2450 1317 Quare,
2505 1261 2556 1305 et
2591 1246 2700 1321 qua
2740 1251 2809 1307 de
2838 1254 3035 1308 causa?
3061 1255 3194 1322 Quia
3243 1258 3375 1313 vidit
3402 1275 3498 1314 eos
3523 1263 3612 1332 qui

2029 1347 2152 1393 tunc
2181 1348 2356 1406 erant,
2403 1356 2590 1410 magna
2618 1358 2727 1410 pra:
2753 1357 2811 1398 se
2834 1342 2972 1399 ferre
2993 1343 3184 1416 ingrati
3231 1349 3395 1403 animi
3441 1351 3612 1421 signa,

2027 1444 2126 1484 nec
2153 1431 2402 1486 meliores
2433 1433 2544 1486 fieri
2573 1449 2638 1487 ex
2682 1434 2744 1488 iis
2771 1450 2890 1503 qua:
2937 1436 3110 1507 primo
3151 1441 3355 1508 parenti
3403 1443 3612 1498 accide-

2027 1529 2166 1586 rant,
2213 1521 2310 1576 sed
2355 1523 2405 1576 iu
2457 1523 2596 1577 idem
2652 1525 2864 1578 malitia:
2903 1527 3221 1596 profundum
3275 1532 3612 1601 prazcipitari.

2025 1609 2157 1666 Nam
2185 1626 2302 1666 cum
2337 1613 2380 1668 is
2415 1614 2502 1683 qui
2531 1629 2595 1668 cx
2630 1614 2717 1669 illo
2739 1623 2900 1672 natus
2925 1627 3039 1672 erat
3081 1619 3260 1674 statim
3305 1624 3609 1680 concitante

2027 1701 2220 1756 invidia
2248 1701 2312 1755 ad
2338 1703 2689 1758 fratricidium
2741 1707 2954 1775 ruisset,
2986 1717 3040 1764 et
3085 1710 3204 1765 ideo
3249 1713 3613 1781 gravissimam

2026 1807 2239 1862 pmuam
2267 1793 2495 1861 tulisset,
2529 1796 2666 1850 sicut
2691 1799 2938 1866 superius
2958 1799 3238 1857 caritatem
3265 1815 3494 1859 vestram
3516 1808 3612 1862 do-

2025 1885 2233 1938 cuimus
2275 1902 2287 1937 :
2325 1898 2386 1938 ac
2419 1889 2615 1954 posteri
2666 1889 2781 1956 ejus
2809 1889 2939 1943 nihil
2972 1906 3034 1945 ea
3060 1893 3406 1964 castigatione
3438 1896 3613 1966 profe-

2026 1975 2245 2041 cissent,
2277 1975 2370 2029 sed
2399 1977 2448 2029 in
2470 1976 2757 2046 majoribus
2781 1995 2841 2034 se
2869 1982 3023 2036 malis
3069 1983 3445 2053 involvisscnt,
3477 1989 3613 2044 sicut

2025 2065 2299 2122 audivistis
2325 2067 2459 2134 beri,
2494 2069 2721 2124 Lamcch
2749 2086 2938 2141 nempe
2968 2084 3241 2143 peccatum
3291 2093 3444 2132 suum
3473 2096 3608 2135 uso-

2027 2157 2174 2213 ribus
2194 2169 2553 2226 cnarrantem,
2585 2176 2901 2233 poenamque
2930 2164 3185 2223 adversus
3224 2183 3283 2224 se
3312 2169 3612 2227 decernen-

2027 2256 2135 2304 tem
2167 2267 2180 2302 :
2206 2251 2326 2320 quia
2357 2252 2608 2320 paulatim
2640 2253 2770 2308 vidit
2795 2255 3096 2312 increscere
3119 2259 3373 2314 malitiam
3399 2263 3612 2318 illorum

2027 2341 2176 2410 quasi
2225 2342 2422 2396 malum
2451 2343 2723 2400 humorem
2755 2362 2850 2416 per
2880 2357 3048 2403 totum
3088 2365 3284 2420 corpus
3309 2369 3369 2408 se
3416 2354 3611 2410 diffun-

2027 2432 2264 2500 dentem,
2296 2434 2436 2489 sistit
2469 2437 2684 2492 malitiae
2704 2438 2980 2508 impetum,
2995 2449 3049 2496 et
3069 2445 3444 2513 generationes
3467 2448 3606 2514 illas,

2028 2539 2147 2594 qua:
2176 2540 2241 2580 ex
2286 2526 2418 2580 Cain
2459 2543 2626 2598 usque
2649 2529 2716 2584 ad
2767 2531 3022 2600 Lamcch,
3078 2551 3148 2591 ne
3187 2539 3440 2593 memoria
3494 2541 3612 2610 qni-

2028 2617 2150 2673 dem
2181 2618 2594 2690 dignatur:sed
2633 2624 2784 2693 quasi
2830 2626 3150 2696 principium
3202 2629 3468 2699 quoddam
3515 2632 3615 2686 du-

2027 2723 2158 2764 cens
2209 2718 2265 2764 et
2311 2710 2509 2766 luctum
2563 2713 2690 2768 Atla:
2739 2724 2793 2769 et
2847 2715 2973 2771 Eva:
3019 2717 3321 2775 demulcere
3388 2721 3611 2788 volens,

2029 2798 2086 2852 in
2137 2815 2295 2869 quem
2345 2800 2466 2856 illos
2520 2801 2776 2872 iujecerat
2826 2803 3129 2873 fratricida,
3178 2819 3380 2864 armata
3427 2822 3612 2866 contra

2028 2889 2163 2945 Abel
2203 2890 2466 2946 dextera:
2507 2893 2585 2948 sic
2626 2896 2981 2950 narrationem
3031 2898 3253 2966 orditur,
3303 2910 3356 2954 et
3398 2901 3610 2972 inquit:

2028 2978 2139 3034 Iste
2161 2990 2232 3034 est
2258 2979 2383 3035 liber
2406 2983 2744 3052 generationis
2765 2985 3026 3039 hominum
3050 3028 3065 3054 ,
3093 2988 3174 3042 die
3200 3005 3297 3058 quo
3327 2993 3446 3060 fecit
3476 2991 3614 3046 Deus

2030 3071 2215 3139 Adam,
2242 3073 2516 3128 secundum
2538 3075 2811 3145 imaginem
2832 3074 2930 3129 Dei
2955 3079 3073 3148 fecit
3104 3079 3246 3133 illum
3271 3095 3289 3143 ;
3329 3082 3610 3136 masculum

2030 3171 2075 3215 et
2101 3163 2340 3232 feminam
2365 3163 2481 3232 fecit
2509 3164 2715 3219 illos:et
2743 3166 3015 3221 nominavit
3036 3183 3215 3222 nomen
3236 3186 3404 3224 eorum
3431 3172 3612 3240 Adam,

2031 3251 2114 3304 die
2141 3267 2241 3320 quo
2269 3254 2385 3324 fecit
2412 3253 2549 3308 illos.

2099 3344 2152 3398 2.
2195 3345 2486 3402 Considera
2517 3347 2783 3418 quomodo
2822 3349 3009 3405 iisdem
3055 3351 3232 3407 verbis
3261 3369 3388 3408 usus
3437 3355 3610 3420 fuerit,

2034 3436 2232 3506 quibus
2279 3449 2335 3493 et
2366 3438 2536 3506 initio,
2568 3448 2625 3494 ut
2667 3440 2886 3497 doceret
2910 3457 3009 3497 nos
3031 3484 3045 3509 ,
3077 3457 3134 3498 se
3163 3446 3534 3513 generationes
3564 3447 3617 3500 il-

2032 3527 2111 3581 las
2155 3537 2212 3582 ut
2258 3539 2436 3598 postea
2486 3529 2818 3600 reprobatas,
2861 3547 3031 3602 neque
3057 3535 3310 3588 memoria
3357 3547 3475 3604 post
3518 3537 3618 3591 hoc

2031 3618 2216 3689 dignas
2249 3619 2447 3675 habere
2499 3637 2514 3675 :
2566 3622 2660 3677 sed
2712 3639 2777 3677 ex
2824 3623 2977 3688 Seth,
3011 3625 3098 3695 qui
3131 3642 3269 3680 nunc
3311 3627 3411 3681 illis
3464 3638 3618 3684 natus

2032 3720 2132 3774 est,
2163 3712 2526 3782 genealogiam
2553 3713 2739 3777 ordiri,
2775 3723 2902 3769 utet
2928 3730 2992 3770 ex
3012 3716 3112 3770 hoc
3139 3717 3334 3780 discas,
3365 3729 3614 3788 quantam

2035 3802 2177 3856 Deus
2209 3802 2423 3858 humani
2468 3805 2682 3874 generis
2710 3807 2968 3860 rationem
3004 3807 3200 3863 habeat
3220 3850 3234 3874 ,
3266 3818 3318 3862 et
3348 3812 3616 3880 quomodo

2035 3892 2154 3946 illos
2179 3903 2491 3960 aversetur,
2523 3895 2713 3965 quibus
2751 3897 3088 3965 sanguinaria
3136 3915 3288 3954 meus
3329 3909 3430 3954 est.
3486 3901 3615 3954 Nam

2037 3985 2246 4040 illorum
2274 3987 2608 4054 memoriam,
2652 3988 2802 4058 quasi
2829 4005 3113 4059 numquam
3139 3991 3410 4060 vixissent,
3443 3993 3512 4047 ita
3545 3996 3618 4048 εἰν

2038 4077 2203 4132 lentio
2230 4078 2464 4148 praeterit
2508 4096 2522 4134 :
2560 4080 2911 4134 monstrando
2948 4081 3102 4135 nobis
3129 4097 3286 4152 quam
3315 4099 3476 4154 grave
3506 4101 3617 4138 ma-

2038 4167 2147 4221 lum
2169 4169 2237 4222 sit
2260 4177 2556 4237 peccatum,
2585 4169 2727 4241 quod
2752 4171 2841 4240 qui
2863 4173 3275 4241 amplectuntur,
3302 4189 3361 4228 sc
3390 4176 3614 4243 primum

2037 4271 2091 4313 et
2126 4261 2356 4316 tnaximc
2399 4262 2761 4331 pessumdant.
2811 4263 2949 4318 Ecce
2989 4265 3135 4320 enim
3176 4265 3251 4318 illi
3301 4280 3332 4320 e
3375 4267 3618 4336 catalogo

2035 4362 2431 4422 expunguutur,
2455 4363 2512 4407 ct
2535 4362 2756 4408 eatenus
2798 4363 3000 4409 tantum
3049 4368 3536 4412 connuemorantur
3561 4371 3618 4414 ut

2040 4441 2325 4497 infametur
2365 4443 2599 4513 ipsorum
2644 4445 2862 4512 malitia,
2894 4454 2947 4500 et
2979 4446 3359 4516 posterioribus
3410 4450 3617 4503 saeculis

2038 4533 2424 4588 emendationis
2461 4534 2569 4589 sint
2589 4537 2824 4590 occasio.
2861 4538 2928 4591 At
2953 4537 3040 4606 qui
3089 4537 3282 4607 injuste
3308 4540 3534 4601 occisus,
3567 4550 3620 4594 et

2037 4623 2272 4679 fraterna
2297 4640 2456 4679 manu
2479 4625 2826 4696 interemptus
2855 4636 2956 4692 est,
2987 4643 3050 4681 ex
3091 4643 3155 4682 eo
3185 4637 3424 4698 tempore
3452 4645 3620 4699 usque

2041 4716 2094 4770 in
2140 4718 2240 4772 hoc
2265 4727 2535 4784 nostrum,
2575 4719 2814 4773 omnium
2861 4719 3174 4774 decantalur
3201 4737 3294 4775 ore
3318 4762 3332 4787 ,
3365 4731 3421 4776 et
3450 4735 3621 4790 neque

2041 4816 2252 4877 tempus
2278 4807 2433 4879 hujus
2454 4811 2764 4866 memoriam
2780 4810 3052 4877 exstinxit,
3077 4825 3246 4880 neque
3263 4812 3404 4866 illius
3420 4814 3621 4868 crimen

2040 4899 2303 4954 imminuit
2333 4917 2347 4953 :
2376 4900 2468 4955 sed
2500 4909 2554 4955 et
2584 4901 2668 4956 hic
2692 4901 2932 4970 quotidie
2959 4902 3196 4956 omnium
3239 4917 3332 4958 ore
3355 4904 3618 4973 praedica-

2040 5001 2143 5053 tur,
2177 5001 2232 5046 et
2257 4991 2345 5047 ille
2373 4993 2624 5047 continue
2656 4993 2962 5047 infamatur.

2120 5081 2288 5137 Virtus
2312 5099 2376 5137 ea:
2413 5084 2653 5138 arrumnis
2681 5085 2740 5153 ﬁt
2786 5084 3050 5140 illustrior.
3093 5085 3228 5150 Quid
3261 5085 3325 5140 sit
3349 5087 3624 5141 secundum

2035 5176 2303 5247 imaginem
2351 5175 2450 5230 Dei
2497 5178 2676 5231 creari.
2729 5206 2800 5217 —
2847 5176 3066 5233 Vidistis
3109 5187 3360 5247 quantum
3407 5179 3625 5234 malitia:

2036 5269 2310 5337 damnum,
2354 5280 2408 5323 et
2448 5278 2706 5339 quantum
2755 5269 2964 5324 virtutis
2995 5269 3200 5324 robur?
3247 5279 3302 5324 ct
3353 5271 3622 5339 quomodo

2037 5344 2257 5429 malitia,
2286 5363 2447 5418 etiam
2495 5363 2538 5416 si
2582 5361 2796 5418 infestet
2820 5370 2874 5416 ct
2916 5361 3242 5429 dominetur,
3270 5363 3622 5430 exstinguitur

2040 5460 2219 5506 tamen
2261 5462 2314 5506 et
2343 5451 2588 5506 aboletur
2615 5469 2630 5505 :
2659 5451 2828 5505 virtus
2858 5460 3036 5506 autem
3065 5451 3188 5504 licet
3239 5449 3538 5514 infestetur,
3571 5460 3620 5503 et

2041 5541 2318 5598 innumera
2347 5542 2526 5613 gravia
2557 5541 2837 5610 sustineat,
2867 5557 2929 5596 ea
2961 5541 3242 5596 occasione
3271 5541 3529 5596 illustrior
3561 5541 3619 5595 tit

2108 5726 2182 5790 (a)
2215 5725 2333 5777 vide
2355 5722 2489 5776 Praef.
2515 5725 2646 5775 Tomi
2668 5723 2830 5788 hujus,
2854 5723 2878 5787 ι
2902 5729 2972 5773 tv.
