4074 6134
396 274 499 334 173

1030 391 1272 447 ΟΜΙΛΙᾹ
1308 389 1440 446 ΚΔ’.

386 481 542 551 Αὕτη
572 482 611 551 ἡ
634 481 851 547 βίϐλος
880 477 1166 551 γενέσεως
1195 477 1548 551 ἀνθρώπων,
1575 474 1616 551 ᾖ
1644 480 1835 549 ἡμέρᾳ
1861 482 2060 550 6.10113-

461 550 577 605 σεν
604 550 639 605 δ
669 551 813 616 Θεὸς
843 550 952 604 τὸν
985 550 1181 619 Ἀδὰμ,
1208 551 1339 602 κατ’
1358 550 1564 603 εἰκόνα
1584 550 1747 604 Θεοῦ
1772 552 2065 619 ἐποίησεν

458 622 676 685 αὐτὸν,
727 620 920 687 ἀρσεν
961 619 1061 672 καί
1094 617 1253 685 θῆλυ
1304 619 1619 687 ἐποίησεν-
1646 621 1868 684 αὐτοὺς
1891 662 1906 684 ,
1935 617 2062 675 καί

456 685 810 777 ἐπωνόέιαοξε
842 691 907 743 τὸ
931 689 1120 759 ὄνομα
1138 687 1338 743 αὐτῶν
1369 685 1561 758 Ἀδὰμ,
1587 685 1627 761 ᾗ
1643 688 1831 759 ἡμέρᾳ
1852 691 2061 761 ἐποίη-

458 777 572 813 σεν
602 776 846 825 αυτους.

457 850 525 900 α’.
562 843 735 908 Πολὺς
771 843 867 897 καὶ
898 843 1102 912 ἀφατος
1126 842 1155 895 6
1192 842 1486 914 θησαυρὸς,
1534 843 1843 916 ἀγαπητοὶ,
1863 845 1922 899 ἐν
1949 847 2061 909 τοῖς

390 931 699 1004 πρόσφατον
723 929 1137 998 ἀναγνωσθεῖσι.
1172 929 1283 983 Καὶ
1320 926 1436 984 οῖδα
1469 930 1568 1002 μέν
1595 932 1675 985 δτι
1711 932 1894 986 πολλοὶ
1925 933 2062 1005 πρὸς

384 1022 476 1074 τὸν
500 1019 609 1073 τῶν
648 1018 931 1090 ὀνομάτων
967 1017 1269 1087 κατάλογον
1301 1018 1636 1091 ἀφορῶντες,
1673 1020 1768 1074 καὶ
1805 1021 2060 1086 ἐξεπιπο-

384 1107 480 1179 λῆς
526 1109 640 1170 τοῖς
684 1104 1081 1175 ἀνεγνωμένοις
1138 1105 1498 1176 προσέχοντες
1551 1106 1833 1177 νομίζουσι
1887 1108 2059 1179 μηδὲν

385 1193 545 1246 πλέον
570 1192 715 1263 ἔχειν
740 1191 807 1245 τά
835 1192 1123 1262 εἰρημένα,
1160 1192 1276 1246 ἀλλ’
1306 1192 1341 1263 ἢ
1387 1192 1571 1257 ἁπλῶς
1602 1194 1880 1263 ὀνομάτων
1918 1190 2056 1249 εἶναι

384 1279 775 1350 προσηγορίας·
804 1276 916 1347 ἐγὼ
940 1278 996 1331 δὲ
1019 1278 1324 1350 παρακαλῶ
1348 1279 1554 1342 πάντας
1587 1279 1731 1349 ὑμᾶς
1761 1278 1837 1352 μὴ
1867 1280 2057 1346 ἁπλῶς

382 1365 747 1437 παρατρέχειν
779 1365 848 1419 τά
877 1365 937 1418 ἐν
964 1368 1084 1429 ταῖς
1112 1364 1287 1429 θείαις
1324 1365 1565 1437 Γραφαῖς
1601 1368 1850 1438 κείμενα.
1887 1367 2055 1423 Ούδέν

380 1452 490 1523 7&9
514 1452 624 1505 τῶν
641 1451 875 1505 ἐνταῦθα
897 1452 1305 1524 γεγραμμένων
1323 1454 1493 1519 ἐστὶν,
1517 1454 1545 1506 δ
1571 1453 1646 1525 μὴ
1668 1454 1833 1509 πολὺν
1850 1473 1942 1526 νοη
1952 1456 2055 1527 μά-

379 1556 487 1592 των
516 1538 745 1591 πλοῦτον
784 1538 918 1609 ἔχει·
963 1539 1152 1610 ἐπειδὴ
1185 1541 1295 1613 7&9
1323 1540 1602 1610 Πνεύματι
1650 1539 1780 1612 θείῳ
1823 1543 2051 1614 ἐνηχοῦ-

381 1644 533 1696 μενοι
573 1626 816 1691 ἐξέθεντο
847 1628 897 1680 οί
943 1628 1203 1698 μακάριοι
1255 1626 1562 1697 προφῆται,
1614 1628 1701 1681 διὰ
1750 1628 1908 1682 τοῦτο
1957 1630 2053 1684 ἀτε

385 1704 659 1777 ιΙνεύματι
700 1706 1082 1777 γεγραμμέναι
1129 1705 1297 1760 πολὺν
1338 1705 1554 1775 ἐχουσιν
1602 1708 2054 1779 ἐγκεκρυμμένον

379 1792 671 1862 θησαυρόν.
712 1793 822 1844 Καὶ
855 1791 930 1863 μὴ
956 1792 1266 1863 θαυμάσῃς,
1321 1792 1370 1843 εί
1422 1791 1483 1844 ἐν
1516 1790 1594 1861 τῷ
1623 1792 1913 1864 καταλόγῳ
1940 1794 2051 1847 τῶν

377 1878 655 1948 ὀνομάτων
691 1877 785 1932 νῦν
817 1876 1224 1948 ἐπαγγέλλομαι
1256 1877 1387 1946 ὑμῖν
1424 1875 1702 1930 δεικνύναι
1748 1877 1919 1932 πολὺν
1957 1879 2052 1946 ἐγ-

380 1964 757 2035 κεκρυμμένον
808 1963 1034 2018 πλοῦτον
1078 1963 1389 2035 νοημάτων.
1443 1962 1580 2016 Οὐδὲ
1624 1964 1734 2034 7&9
1768 1965 2047 2037 συλλαϐὴ,

376 2051 497 2105 οὐδὲ
526 2051 723 2122 κεραία
758 2050 854 2121 μία
877 2049 1026 2123 [181]
1050 2053 1196 2105 ἐστὶν
1221 2050 1518 2121 ἐγκειμένη
1556 2050 1708 2122 παρὰ
1729 2055 1797 2123 τῇ
1825 2053 2046 2124 Γραφῇ,

377 2132 412 2210 ᾖ
444 2137 521 2210 μὴ
549 2137 715 2201 πολὺς
748 2139 1094 2192 ἐναπόκειται
1141 2138 1413 2209 θησαυρὸς
1437 2150 1462 2178 ι
1504 2141 1564 2192 ἐν
1605 2137 1684 2209 τῷ
1732 2138 1906 2209 βάθει.
1949 2141 2050 2195 Διά

376 2235 459 2270 τοι
492 2216 653 2270 τοῦτο
680 2218 945 2288 προσήκει
978 2218 1130 2287 ἡμᾶς
1164 2218 1268 2270 ὑπὸ
1291 2218 1389 2288 τῆς
1414 2216 1620 2270 ἀνωθεν
1663 2218 1889 2288 χάριτος
1923 2221 2052 2293 ὁδη-

378 2294 694 2365 γουμένους,
732 2297 825 2347 καὶ
853 2295 952 2366 τὴν
985 2295 1136 2367 παρά
1170 2295 1262 2349 τοῦ
1293 2295 1448 2364 ἁγίου
1482 2295 1805 2366 Πνεύματος
1845 2297 2048 2370 ἐλλαμ-

376 2372 469 2433 ψιν
499 2373 843 2443 δεξαμένους,
869 2373 1043 2436 οὕτως
1076 2373 1285 2427 ἐπιέναι
1319 2373 1389 2426 τά
1419 2374 1537 2426 θεῖα
1565 2373 1742 2442 λόγια.
1778 2376 1912 2429 Οὐδὲ
1940 2378 2049 2448 7&9

377 2453 569 2521 σοφίας
598 2453 946 2524 ἀνθρωπίνης
989 2453 1159 2507 δεῖται
1201 2456 1235 2525 ή
1278 2453 1396 2506 θεία
1430 2453 1621 2523 Γραφὴ
1660 2454 1797 2525 πρὸς
1825 2454 1924 2526 τὴν
1954 2474 2049 2511 κα-

375 2532 631 2603 τανόησιν
667 2533 776 2586 τῶν
815 2533 1234 2604 γεγραμμένων,
1283 2532 1421 2587 ἀλλὰ
1470 2533 1572 2603 τῆς
1606 2532 1702 2586 τοῦ
1734 2534 2048 2605 Πνεύματος

374 2611 792 2681 ἀποκαλύψεως,
819 2612 908 2665 ἵνα
925 2612 1016 2665 τὸν
1044 2612 1217 2683 ἀληθῆ
1238 2611 1364 2665 νοῦν
1388 2611 1498 2664 τῶν
1518 2613 1854 2681 ἐγκειμένων
1878 2632 2045 2669 κατα-

377 2689 640 2759 μαθόντες
682 2689 883 2760 πολλὴν
919 2690 1130 2744 ἐκεῖθεν
1161 2690 1444 2762 δεξώμεθα
1493 2692 1593 2761 τὴν
1643 2691 1932 2760 ὠφέλειαν.
1982 2692 2046 2747 Εί

373 2766 481 2837 7&9
502 2771 559 2821 ἐν
597 2770 711 2832 τοῖς
736 2766 1009 2837 βιωτικοῖς
1033 2769 1322 2840 πράγμασι
1359 2771 1427 2824 τὰ
1454 2770 1558 2823 ὑπὸ
1602 2770 1711 2823 τῶν
1743 2771 2046 2842 ἀνθρώπων

374 2846 771 2917 συντελούμενα
809 2851 1163 2919 γραμματεῖα
1197 2848 1457 2911 πολλάκις
1489 2847 1567 2919 τῷ
1595 2849 1774 2920 χρόνῳ
1826 2849 2049 2919 διαφθα-

375 2924 569 2996 ρέντα,
613 2926 718 2978 ὑπὸ
765 2925 858 2979 τοῦ
908 2926 1226 2996 ἐγκειμένου
1271 2927 1464 2999 χρόνου
1506 2928 1583 2999 τῷ
1634 2927 1906 2999 προοιμίῳ
1949 2928 2045 2983 τοῦ

372 3003 788 3074 γραμματείου,
845 3004 940 3057 καὶ
972 3004 1081 3057 ἀπὸ
1123 3007 1252 3075 μιᾶς
1302 3004 1574 3076 συλλαϐῆς
1608 3005 1636 3046 ιι
1688 3006 1887 3077 πολλὴν
1917 3007 2044 3078 ἔσχε

371 3081 467 3152 τὴν
500 3082 671 3152 ἰσχύν·
706 3082 886 3151 πολλῷ
931 3083 1130 3152 μᾶλλον
1171 3084 1263 3136 ἐπὶ
1311 3082 1421 3135 τῶν
1459 3083 1621 3137 θείων
1670 3086 1902 3156 Γραφῶν
1937 3086 2046 3140 τῶν

372 3160 650 3232 Πνεύματι
679 3161 818 3233 ἁγίῳ
847 3161 1220 3234 συγκειμένων
1249 3160 1407 3226 τοῦτό
1453 3162 1603 3215 ἐστιν
1652 3165 1853 3232 εὑρεῖν,
1886 3164 2044 3233 μόνον

371 3238 470 3293 ὲάν
494 3242 776 3311 νήφωμεν,
813 3241 905 3294 καὶ
940 3239 1015 3311 μὴ
1043 3239 1230 3303 ἁπλῶς
1256 3240 1713 3312 παρατρέχωμεν,
1755 3242 1895 3297 ἀλλά
1921 3260 2045 3297 συν-

372 3319 636 3383 τείνοντες
678 3319 837 3390 ήμῶν
880 3319 970 3373 τὸν
1002 3319 1262 3391 λογισμὸν
1321 3320 1781 3392 κατοπτεύσωμεν
1826 3321 2043 3376 ἅπαντα

373 3397 511 3469 μετά
534 3397 839 3471 ἀκριϐείας,
873 3400 967 3453 καὶ
1000 3400 1076 3470 μὴ
1114 3400 1330 3470 χείρους
1358 3398 1639 3471 γινώμεθα
1668 3400 1777 3454 τῶν
1808 3401 1936 3472 περὶ
1975 3401 2043 3454 τά

371 3477 604 3551 αἰσθητά
641 3479 912 3547 τοσαύτην
961 3478 1060 3550 τὴν
1104 3478 1340 3550 σπουδὴν
1389 3478 1875 3551 ἐπιδεικνυμένων.
1932 3480 2043 3538 Καὶ

370 3565 478 3637 7&9
508 3567 558 3620 οἱ
589 3567 688 3638 τὴν
715 3566 1042 3638 μεταλλικὴν
1065 3566 1170 3636 γῆν
1214 3566 1599 3639 ἀνορύττοντες
1633 3568 1693 3620 οὐ
1734 3568 1898 3640 μέχρι
1939 3569 2041 3640 τῆς

370 3654 687 3723 ἐπιφανείας
716 3654 983 3717 ἵστανται,
1010 3652 1125 3707 ἀλλ’
1158 3652 1377 3706 ἐπειδάν
1422 3654 1554 3707 πολὺ
1599 3654 1760 3724 βάθος
1790 3666 1812 3694 ο
1846 3655 2042 3709 κατέλ-

370 3740 526 3805 θωσι,
542 3741 635 3794 καὶ
655 3741 1000 3805 καταλαϐεῖν,
1019 3740 1288 3811 δυνηθῶσι
1308 3740 1399 3795 τοῦ
1417 3742 1642 3814 χρυσίου
1666 3743 1735 3796 τά
1748 3742 2037 3814 ψήγματα,

376 3829 515 3897 μετά
545 3828 737 3883 πολλοῦ
767 3828 861 3882 τοῦ
890 3829 1052 3882 πόνου
1077 3831 1170 3881 καὶ
1193 3828 1294 3898 τῆς
1326 3829 1569 3893 εὐτονίας
1606 3831 1703 3901 τῆς
1742 3831 1844 3901 γῆς
1877 3831 2042 3903 χωρί-

371 3915 542 3980 ζουσι,
574 3918 666 3971 καὶ
695 3917 838 3988 μετά
864 3916 955 3970 τὸν
985 3916 1150 3970 πολὺν
1192 3918 1400 3971 ἐκεῖνον
1426 3916 1604 3981 πόνον,
1631 3917 1888 3993 βραχεῖάν
1920 3936 2040 3972 τινα

369 4005 475 4059 τῶν
500 4006 678 4059 πόνων
703 4005 1013 4076 εὑρίσκουσι
1063 4004 1451 4076 παραμυθίανο
1501 4006 1595 4059 καὶ
1637 4006 1788 4074 ὅμως
1840 4005 2041 4071 εἰδότες

369 4093 450 4146 ὅτι
478 4093 734 4148 ἐλάττονα
766 4093 875 4146 τῶν
897 4094 1076 4148 πόνων
1106 4091 1447 4165 καρποῦνται
1477 4092 1575 4164 τὴν
1601 4093 1892 4162 ὠφέλειαν,
1913 4095 2041 4147 πολ-

370 4182 527 4246 λάκις
564 4184 622 4236 δὲ
659 4181 752 4236 καὶ
789 4181 928 4253 μετὰ
957 4182 1057 4253 τὴν
1085 4182 1285 4252 πολλὴν
1320 4181 1628 4252 ἀγρυπνίαν
1674 4182 1767 4234 καὶ
1800 4182 1893 4234 τὸν
1939 4182 2040 4235 κά-

374 4286 562 4339 ματον,
597 4271 689 4324 καὶ
716 4271 813 4341 τῆς
855 4268 1179 4341 προσδοκίας
1221 4268 1553 4340 διήμαρτον,
1586 4268 1683 4322 καὶ
1714 4269 1836 4321 ούδέ
1864 4268 2039 4332 οὕτως

370 4356 712 4424 ἀφίστανται,
766 4356 903 4411 ἀλλά
945 4359 1012 4427 τῇ
1060 4356 1233 4409 ἐλπίδι
1284 4357 1646 4427 τρεφόμενοι,
1695 4357 1806 4411 τῶν
1859 4359 2039 4411 πόνων

370 4444 616 4514 αἴσθησιν
660 4445 721 4497 οὐ
756 4444 1143 4514 λαμϐάνουσιν.
1199 4444 1261 4496 El
1316 4444 1496 4497 τοίνυν
1546 4445 1742 4497 ἐκεῖνοι
1795 4445 1923 4515 περὶ
1968 4445 2038 4499 τὰ

369 4532 585 4603 φθαρτά
611 4533 705 4586 καὶ
746 4532 1005 4604 ἐπίκηρα,
1036 4531 1165 4586 ἔνθα
1210 4534 1306 4587 καὶ
1342 4531 1536 4603 ἀδηλία
1584 4532 1790 4603 πολλὴ,
1840 4533 2039 4586 τοσαύ-

366 4628 465 4680 την
508 4616 903 4669 ἐπιδείκνυνται
951 4615 1047 4684 τὴν
1081 4614 1338 4686 σπουδὴν,
1390 4615 1569 4684 πολλῷ
1617 4616 1822 4686 μᾶλλον
1864 4632 2036 4685 προσ-

368 4695 489 4765 ήκει
535 4700 680 4767 ήμᾶς
719 4699 852 4750 ὅπου
909 4698 1002 4750 καὶ
1053 4700 1082 4751 6
1135 4696 1363 4761 πλοῦτος
1418 4698 1817 4769 ἀναφαίρετος,
1860 4699 1955 4752 καὶ
2006 4701 2035 4753 6

367 4782 637 4854 θησαυρὸς
673 4785 1028 4857 ἀδαπάνητος,
1053 4785 1147 4837 καὶ
1168 4784 1487 4856 διαμαρτεῖν
1512 4785 1613 4837 οὐκ
1644 4784 1722 4838 ἔνι
1740 4827 1753 4849 ,
1788 4785 1886 4855 τὴν
1915 4786 2037 4856 ἴσην

369 4869 463 4921 καὶ
490 4869 705 4925 πλείονα
740 4870 970 4942 σπουδὴν
993 4871 1420 4936 ἐπιδείκνυσθαι,
1455 4871 1541 4924 ἵνα
1575 4871 1891 4942 δυνηθῶμεν
1918 4874 2036 4926 ἑπι-

366 4956 549 5023 τυχεῖν
587 4955 695 5006 τῶν
738 4958 1204 5027 σπουδαζομένων,
1242 4956 1334 5009 καὶ
1359 4956 1455 5027 τὴν
1486 4956 1735 5010 ἐντεῦθεν
1766 4957 2035 5026 ὠφέλειαν

367 5042 813 5111 καρπωσάμενοι,
845 5042 940 5094 καὶ
975 5043 1382 5113 καταμαθόντες
1409 5043 1503 5096 τοῦ
1527 5044 1661 5096 Θεοῦ
1693 5045 1791 5115 τὴν
1829 5045 2035 5113 ἄφατον

365 5127 796 5199 φιλανθρωπίαν,
825 5129 1159 5198 εὐγνώμονές
1193 5148 1252 5182 τε
1291 5130 1576 5200 γενώμεθα
1615 5133 1743 5202 περὶ
1768 5131 1859 5183 τὸν
1894 5133 2033 5202 ήμέ-

364 5231 518 5285 τερον
546 5215 845 5285 Δεσπότην,
870 5214 965 5267 καὶ
983 5216 1080 5285 τὴν
1107 5217 1315 5269 ἐκεῖθεν
1338 5217 1549 5270 εὔνοιαν
1576 5218 2029 5288 ἐπισπασάμενοι,

366 5301 651 5372 ἀχείρωτοι
682 5301 1041 5371 καταστῶμεν
1082 5305 1201 5363 ταῖς
1232 5303 1325 5355 τοῦ
1366 5303 1612 5357 διαϐόλου
1648 5303 1858 5371 παγίσι.
1895 5305 2031 5376 Φέρε

364 5387 454 5445 οὖν
478 5388 548 5441 τά
592 5389 903 5460 πρόσφατον
935 5388 1351 5456 ἀναγνωσθέντα
1396 5392 1477 5452 είς
1505 5390 1667 5460 μέσον
1707 5390 2028 5462 προθέντες,

362 5473 838 5547 διερευνησώμεθα
864 5474 1003 5547 μετά
1041 5475 1327 5546 ἀκριϐείας
1354 5475 1607 5539 ἕκαστον,
1650 5478 1734 5530 ἵνα
1772 5481 1867 5550 τῆς
1909 5497 2031 5533 συν-

364 5562 524 5630 ήθους
559 5563 963 5626 ἀπολαύσαντες
990 5562 1364 5629 διδασκαλίας,
1397 5564 1569 5627 οὕτως
1603 5563 1784 5618 οἴκαδε
1820 5567 2028 5637 ἀναχω-

367 5649 585 5717 ρήσητε.
605 5648 762 5717 Αὕτη
784 5650 821 5719 ἡ
842 5650 1081 5715 βίϐλος,
1117 5651 1270 5720 φησὶ,
1296 5650 1588 5720 γενέσεως
1614 5650 1957 5719 ἀνθρώπων,
1987 5650 2027 5727 ᾖ

366 5735 551 5804 ἡμέρᾳ
580 5738 870 5807 ἐποίησεν
895 5743 928 5795 ό
955 5741 1097 5807 Θεὸς
1126 5740 1234 5795 τὸν
1267 5741 1445 5811 Ἀδὰμ
1475 5741 1602 5795 κατ’
1638 5741 1840 5795 εἰκόνα
1872 5743 2022 5800 Θεοῦ

426 5854 445 5909 ι)
478 5843 763 5909 Ψςηιιηιιε
802 5845 1020 5909 πλοῦτος.
1109 5844 1136 5884 ιι
1159 5848 1255 5897 Alii
1280 5849 1464 5898 addunt
1486 5848 1726 5909 πολλεὶνις.

427 5906 447 5933 ε
475 5905 625 5955 Mure}
670 5907 731 5961 εἷς
756 5908 872 5955 πσὴὺ
900 5910 1035 5969 βάίες
1080 5910 1211 5958 l'uua
1235 5923 1331 5958 mss
1377 5912 1438 5966 c’;
1465 5913 1615 5974 βάθος.

1433 272 1497 328 ΙΝ
1533 276 1681 331 CM’.
1729 274 1771 328 V
1815 273 1899 330 ET
1941 276 2029 333 Vl.
2074 274 2320 333 GENES.
2361 272 2593 329 IIOMIL.
2637 274 2779 332 XXI.

3735 279 3838 332 176

2169 399 2458 466 ἐποίησεν
2495 396 2701 451 αὐτόν’
2738 395 2928 463 ἄρσεν
2947 394 3047 449 καί
3077 394 3236 463 θῆλυ
3262 392 3554 461 ἐπο.ἠσεν
3592 393 3834 459 αὐτούς.

2165 487 2275 541 Καὶ
2308 486 2662 553 ἐπωνόμασε
2688 484 2754 537 τὸ
2797 483 2983 552 ὄνομα
3012 482 3209 537 αὐτῶν
3233 480 3260 520 ἀ
3308 480 3477 549 Ἀδὰμ
3495 522 3509 544 ,
3565 473 3604 549 ᾖ
3647 480 3835 549 ἡμέρᾳ

2164 573 2455 639 ἐποίησεν
2490 571 2733 645 αὐτούς.
2763 570 2873 624 Θέα
2896 586 2986 641 μοι
3006 568 3100 622 τοῦ
3129 567 3444 639 θαυμαστοῦ
3477 568 3669 622 τούτου
3699 585 3833 638 προ-

2164 660 2336 731 φήτου
2357 659 2457 730 τὴν
2482 658 2720 713 σύνεσιν·
2758 658 2958 729 μᾶλλον
2988 657 3047 711 δὲ
3072 655 3164 710 τοῦ
3192 656 3347 725 ἁγίου
3380 656 3696 727 Πνεύματος
3733 658 3830 725 τὴν

2162 747 2526 802 διδασκαλίαν.
2596 746 2836 801 Ἐκεῖθεν
2884 745 2992 819 γὰρ
3026 745 3388 817 ἐνηχούμενος
3437 746 3650 800 ἅπαντα
3698 747 3831 817 ἡμῖν

2163 835 2485 906 φθέγγεται,
2524 833 2619 887 καὶ
2650 832 2748 905 τήν
2776 832 3024 902 γλῶτταν
3060 832 3159 904 μὲν
3186 828 3342 897 οὗτος
3369 832 3661 897 ἐδάνεισεν,
3708 834 3743 903 ή
3774 834 3799 881 ε
3812 851 3843 883 δ

2160 921 2255 976 τοῦ
2279 921 2596 992 Πνεύματος
2627 920 2788 991 χάρις
2816 919 2993 973 πάντα
3024 917 3214 987 σαφῶς
3246 916 3334 972 διὰ
3363 918 3554 972 τούτου
3576 918 3675 989 τὴν
3701 921 3833 989 ήμε-

2159 1007 2325 1078 τέραν
2351 1007 2591 1061 διδάσκει
2620 1008 2802 1076 φύσιν.
2829 1005 3028 1059 Σκόπει
3066 1004 3246 1058 τοίνυν
3276 1003 3394 1068 πῶς
3422 1006 3502 1069 είς
3532 1004 3708 1077 ἀρχὴν
3737 1005 3829 1057 τὸν

2159 1095 2316 1164 λόγον
2348 1097 2615 1166 ἀνήγαγε,
2648 1096 2741 1149 καὶ
2767 1093 2992 1158 ἀνωθεν,
3012 1092 3088 1157 ὡς
3118 1095 3313 1156 εἰπεῖν,
3340 1093 3500 1148 πάλιν
3522 1093 3619 1165 τὴν
3640 1093 3829 1164 aum-

2161 1200 2245 1235 σιν
2275 1183 2605 1253 ποιήσασθαι
2634 1181 2791 1255 [182]
2820 1181 3089 1252 βούλεται.
3114 1181 3271 1245 Τίνος
3299 1180 3484 1235 ἕνεκεν
3508 1182 3602 1235 καὶ
3626 1181 3713 1234 διὰ
3739 1180 3827 1249 τίς

2171 1269 2388 1341 Ἐπειδὴ
2419 1270 2528 1339 γὰρ
2553 1266 2659 1323 εἶδε
2691 1271 2816 1333 τοὺς
2842 1269 2945 1340 ήδη
2977 1269 3270 1338 γεγονότας
3298 1267 3497 1339 πολλὴν
3525 1268 3624 1339 τὴν
3651 1270 3827 1337 ἀγνω-

2160 1356 2399 1426 μοσύνην
2426 1356 2886 1427 ἐπιδειξαμένους,
2927 1356 3022 1409 καὶ
3066 1355 3199 1426 μηδέ
3230 1358 3343 1419 τοῖς
3374 1356 3455 1417 είς
3487 1354 3577 1408 τὸν
3611 1354 3826 1425 πρωτό-

2157 1444 2394 1499 πλαστον
2428 1444 2817 1514 γεγενημένοις
2858 1442 3355 1515 σωφρονισθέντας,
3388 1441 3502 1494 ἀλλ’
3538 1443 3616 1505 είς
3661 1440 3824 1495 αὐτὸν

2154 1533 2245 1585 τὸν
2277 1533 2522 1604 κρημνὸν
2550 1532 2649 1600 τῆς
2681 1530 2876 1592 κακίας
2926 1529 3371 1601 κατενεχθέντας·
3415 1529 3444 1582 ὃ
3486 1546 3547 1581 τε
3588 1529 3698 1599 γὰρ
3732 1529 3823 1580 ὑπ’

2154 1619 2319 1672 αὐτοῦ
2348 1618 2559 1689 τεχθεὶς
2597 1617 2801 1681 εὐθέως
2830 1617 2919 1672 διὰ
2961 1617 3259 1688 βασκανίαν
3289 1618 3369 1680 είς
3408 1614 3821 1683 ἀδελφοκτονίαν

2153 1706 2402 1777 ὥρμησε·
2434 1704 2632 1758 διὸκαὶ
2668 1705 2768 1776 τὴν
2802 1705 3070 1775 τιμωρίαν
3111 1704 3328 1774 ἐκείνην
3371 1702 3469 1773 τὴν
3501 1701 3821 1773 χαλεπωτά-
3880 1766 3885 1769 _

2150 1810 2253 1864 την
2278 1792 2514 1860 ἐδέξατο,
2547 1791 2727 1855 καθὼς
2755 1791 3057 1859 φθάσαντες
3078 1788 3396 1861 ἐδιδάξαμεν
3418 1789 3517 1860 τὴν
3544 1789 3819 1859 ὑμετέραν

2152 1880 2393 1951 ἀγάπην
2428 1875 2550 1935 εἶτα
2581 1879 2741 1934 πάλιν
2782 1878 2833 1932 οί
2880 1880 2996 1949 μετ’
3026 1879 3251 1942 ἐκεῖνον,
3284 1877 3405 1930 ούδέ
3427 1879 3493 1948 τῇ
3522 1876 3711 1929 τούτου
3745 1892 3820 1928 τι-

2157 1967 2340 2040 μωρία
2386 1965 2878 2038 σωφρονισθέντες,
2920 1965 3122 2036 χείροσι
3160 1966 3349 2028 κακοῖς
3395 1963 3621 2027 ἑαυτοὺς
3665 1979 3823 2033 περι-

2157 2055 2378 2121 έϐαλον,
2406 2054 2658 2127 καθάπερ
2686 2053 2956 2125 ἠκούσατε
2980 2052 3108 2123 χθὲς
3137 2051 3232 2105 τοῦ
3262 2051 3450 2122 Λάμεχ
3480 2050 3578 2121 τὴν
3617 2049 3820 2103 οίκείαν

2152 2142 2426 2213 ἁμαρτίαν
2461 2141 2819 2212 διηγουμένου
2865 2142 2988 2204 ταῖς
3021 2138 3216 2193 ἐαυτοῦ
3262 2138 3479 2208 γυναιξὶ
3504 2176 3519 2202 ,
3558 2137 3653 2191 καὶ
3696 2136 3818 2189 καθ’

2150 2229 2343 2282 ἐαυτοῦ
2390 2232 2452 2283 τὸ
2494 2228 2771 2299 ἐπιτίμιον
2796 2228 3086 2299 ὁρίζοντος·
3124 2227 3248 2281 ἐπεὶ
3278 2228 3419 2281 κατά
3455 2225 3651 2298 μικρὸν
3679 2221 3820 2290 εἶδεν

2148 2313 2520 2386 αὐξανομένην
2541 2314 2719 2370 αὐτῶν
2745 2315 2841 2385 τὴν
2867 2314 3063 2368 κακίαν
3097 2313 3352 2384 καθάπερ
3378 2312 3557 2384 ῥεῦμα
3583 2309 3819 2381 πονηρὸν

2153 2402 2345 2473 μέλλον
2373 2402 2516 2456 κατὰ
2543 2402 2742 2465 παντὸς
2762 2401 3062 2472 διατρέχειν
3090 2400 3181 2453 τοῦ
3202 2399 3473 2470 σώματος,
3507 2400 3687 2468 ἵστησι
3717 2396 3817 2465 τῆς

2150 2490 2348 2554 κακίας
2383 2490 2481 2560 τὴν
2511 2490 2703 2561 φοράν,
2743 2489 2836 2542 καὶ
2867 2489 2966 2551 τὰς
3011 2487 3203 2556 γενεάς
3234 2486 3438 2550 ταύτας
3483 2485 3670 2540 λοιπὸν
3716 2483 3815 2547 τὰς

2149 2579 2214 2632 ἐκ
2243 2577 2337 2630 τοῦ
2369 2576 2503 2632 Κάῖν
2539 2577 2701 2648 μέχρι
2738 2576 2832 2630 τοῦ
2870 2576 3065 2646 Λάμεχ
3104 2575 3403 2646 γενομένας
3443 2573 3564 2628 οὐδέ
3595 2574 3816 2644 μνήμης

2149 2665 2305 2730 ἀξιοῖ,
2339 2666 2453 2719 ἀλλ’
2479 2666 2669 2736 ῶσπερ
2700 2666 2875 2737 ἀρχήν
2896 2682 3016 2718 τινα
3043 2663 3387 2734 ποιούμενος,
3413 2663 3506 2716 καὶ
3534 2661 3594 2715 16
3619 2660 3817 2722 πένθος

2147 2754 2242 2807 τοῦ
2284 2753 2458 2823 Ἀδὰμ
2491 2754 2585 2807 καὶ
2625 2754 2723 2824 τῆς
2764 2751 2907 2816 Εὔας
2942 2752 3442 2824 παραμυθήσασθαι
3472 2750 3815 2822 βουλόμενος,

2146 2834 2192 2911 ᾧ
2231 2842 2544 2912 περιϐαλεῖν
2595 2840 2794 2903 αὐτοὺς
2844 2840 3141 2910 ἐτόλμησεν
3184 2842 3213 2893 6
3263 2838 3668 2909 ἀδελφοκτόνος,
3715 2835 3814 2905 τὴν

2147 2929 2325 2996 δεξιὰν
2374 2929 2601 2994 ὁπλίσας
2649 2930 2790 2983 κατά
2830 2927 2923 2981 τοῦ
2956 2927 3157 2991 Ἀϐελ,
3207 2925 3384 2990 οὓτως
3435 2926 3664 2996 ἄρχεται
3714 2922 3814 2992 τῆς

2145 3019 2448 3089 διηγήσεως
2470 3059 2485 3079 ,
2516 3017 2610 3071 καί
2641 3033 2827 3089 φησιν·
2854 3015 3016 3082 Αὕτη
3054 3015 3093 3083 ἡ
3130 3015 3348 3080 ,βίϐλος
3382 3010 3674 3083 γενέσεως
3703 3010 3812 3065 ἀν-

2146 3105 2407 3174 θρώπων,
2438 3100 2477 3177 ᾖ
2506 3103 2694 3175 ἡμέρᾳ
2728 3103 3018 3171 ἐποίησεν
3046 3105 3079 3157 ό
3125 3101 3271 3167 Θεὸς
3313 3100 3422 3154 τόν
3464 3098 3655 3167 Ἀδὰμ,
3686 3097 3814 3151 κατ’

2143 3196 2349 3249 είκόνα
2374 3193 2523 3249 Θεοῦ
2552 3193 2842 3261 ἐποίησεν
2874 3193 3082 3247 αὐτόν’
3104 3191 3295 3260 ἄρσεν
3314 3188 3412 3243 καὶ
3445 3186 3604 3256 θῆλυ
3623 3187 3817 3254 ἐποίη-

2144 3298 2258 3337 σεν
2288 3283 2531 3348 αὑτούς-
2560 3281 2660 3335 καί
2693 3281 3046 3351 ἐπωνόμασε
3077 3280 3141 3334 τὸ
3167 3278 3355 3349 ὄνομα
3376 3274 3578 3332 αὐτῶν
3609 3275 3814 3345 Ἀδὰμ,

2141 3364 2183 3441 ᾗ
2213 3370 2405 3438 ἡμέρᾳ
2431 3369 2724 3437 ἐποίησεν
2753 3356 2998 3434 αὐτούς.

2215 3455 2279 3527 β’.
2313 3457 2509 3510 Σκόπει
2533 3456 2650 3519 πῶς
2694 3458 2807 3519 τοῖς
2827 3456 3012 3519 αὐτοῖς
3043 3456 3251 3526 ῥήμασι
3272 3452 3560 3523 κέχρηται,
3605 3449 3682 3511 ὡς
3720 3449 3815 3503 καὶ

2142 3545 2201 3597 ἐν
2231 3544 2537 3615 προοιμίοις
2559 3583 2575 3609 ,
2610 3544 2698 3597 ἵνα
2740 3541 2926 3613 διδάξῃ
2975 3543 3143 3612 ἡμᾶς,
3174 3542 3258 3594 ὅτι
3292 3540 3369 3603 ὡς
3396 3536 3687 3608 ἀδοκίμους
3733 3552 3816 3604 γε-

2141 3634 2372 3703 νομένας
2402 3631 2501 3695 τάς
2536 3631 2725 3699 γενεὰς
2764 3632 2979 3693 ἐκείνας
2999 3630 3120 3683 ούδέ
3166 3631 3386 3700 μνήμης
3434 3627 3621 3680 λοιπὸν
3650 3623 3811 3691 ἀξιοῖ,

2141 3722 2255 3777 ἀλλ’
2286 3725 2350 3775 ἐκ
2398 3720 2490 3775 τοῦ
2519 3719 2614 3775 νῦν
2642 3721 2955 3793 τεχθέντος,
2986 3719 3081 3773 τοῦ
3127 3720 3235 3790 Σὴθ
3261 3718 3405 3787 λέγω
3431 3757 3446 3781 ,
3491 3716 3589 3786 τῆς
3622 3730 3814 3782 γενεα-

2141 3811 2325 3879 λογίας
2356 3810 2603 3881 ἄρχεται,
2635 3807 2723 3861 ἴνα
2753 3808 2849 3861 καί⁵
2880 3808 2945 3860 ἐκ
2977 3807 3167 3860 τούτου
3199 3805 3396 3877 μάθῃς,
3427 3804 3551 3866 ὅσος
3582 3801 3660 3871 τῷ
3692 3800 3812 3871 Θεῷ

2140 3898 2296 3967 λόγος
2321 3899 2420 3971 τῆς
2452 3896 2803 3968 ἀνθρωπίνης
2846 3895 3083 3965 φύσεως,
3114 3897 3209 3949 καὶ
3232 3896 3380 3958 ὅπως
3406 3893 3809 3963 ἀποστρέφεται

2140 3987 2265 4050 τοὺς
2309 3986 2533 4057 φονικὴν
2581 3985 2804 4055 ἔχοντας
2832 3987 2932 4056 τὴν
2965 3983 3211 4055 γνώμην.
3272 3984 3361 4046 Ὠς
3397 3981 3505 4053 7&9
3541 3979 3673 4052 μηδέ
3702 3995 3808 4031 πα-

2142 4072 2449 4144 ραχθέντων
2487 4071 2673 4125 λοιπὸν
2713 4071 2938 4125 ἐκείνων
2983 4073 3063 4135 είς
3102 4072 3194 4125 τὸν
3239 4069 3372 4141 βίον,
3408 4067 3581 4130 οὕτως
3629 4066 3809 4119 αὐτῶν

2139 4162 2237 4232 τὴν
2264 4160 2488 4232 γνώμην
2518 4160 2952 4231 παραλιμπάνει,
2982 4161 3198 4223 δεικνὺς
3227 4161 3382 4231 ἡμῖν,
3409 4158 3532 4210 ὅσον
3558 4155 3675 4209 ἐστὶ
3709 4170 3809 4208 κα-

2140 4247 2233 4301 κία
2267 4248 2521 4318 χαλεπὸν,
2561 4246 2655 4300 καὶ
2681 4247 2761 4300 ὅτι
2792 4248 3001 4311 ἑαυτοῖς
3027 4247 3097 4301 τά
3127 4248 3357 4318 μέγιστα
3383 4244 3735 4316 λυμαίνονται
3759 4244 3808 4297 οἱ

2137 4339 2340 4409 ταύτην
2366 4338 2753 4409 ἀσπαζόμενοι.
2794 4339 2926 4393 Ἰδοὺ
2963 4338 3070 4409 γάρ
3094 4333 3236 4392 οὗτοι
3266 4337 3364 4408 μὲν
3386 4334 3481 4389 τοῦ
3506 4334 3806 4402 καταλόγου

2137 4427 2323 4482 λοιπὸν
2350 4426 2741 4496 ἐξαλείφονται,
2776 4427 2867 4479 ἐπὶ
2885 4427 3139 4479 τοσοῦτον
3161 4424 3219 4477 δὲ
3253 4425 3474 4495 μνήμης
3494 4421 3806 4492 ἠξιώθησαν

2143 4517 2321 4586 μόνον,
2356 4514 2496 4567 ὥστε
2530 4514 2629 4584 τὴν
2655 4513 2856 4567 κακίαν
2887 4513 3067 4566 αὐτῶν
3098 4511 3503 4582 στηλιτεύεσθαι
3525 4550 3538 4574 ,
3567 4510 3661 4563 καὶ
3688 4512 3807 4572 ταῖς

2138 4604 2218 4665 είς
2246 4601 2306 4654 τὸ
2338 4600 2466 4671 ἐξῆς
2490 4602 2704 4669 γενεαῖς
2738 4599 2991 4668 γενέσθαι
3022 4598 3403 4672 σωφρονισμοῦ
3429 4597 3706 4651 ὑπόθεσιν.
3748 4596 3807 4647 '0

2137 4689 2193 4742 δὲ
2236 4688 2436 4751 ἀδίκως
2483 4687 2830 4759 ἀναιρεθεὶς,
2868 4688 2962 4742 καὶ
3015 4688 3121 4741 ὑπὸ
3153 4686 3251 4756 τῆς
3286 4684 3585 4754 ἀδελφικῆς
3624 4682 3805 4752 χειρὸς

2138 4776 2440 4846 φονευθεὶς,
2480 4775 2540 4840 ἐξ
2588 4776 2795 4829 ἐκείνου
2835 4775 2997 4847 μέχρι
3038 4775 3132 4827 τοῦ
3178 4774 3271 4828 νῦν
3319 4776 3376 4827 ἐν
3410 4775 3521 4834 τοῖς
3554 4770 3805 4822 ἀπάντων

2136 4866 2318 4937 ᾄδεται
2357 4866 2609 4935 στόμασι,
2650 4864 2743 4916 καὶ
2778 4864 2903 4916 οὔτε
2937 4865 2967 4916 6
3010 4863 3199 4932 χρόνος
3230 4860 3418 4913 τούτου
3451 4858 3549 4927 τὴν
3586 4858 3805 4927 μνήμην

2136 4954 2378 5015 ἔσϐεσεν,
2407 4951 2529 5005 οὔτε
2560 4953 2769 5004 ἐκείνου
2804 4950 2902 5020 τὴν
2950 4947 3284 5019 κατηγορίαν
3314 4945 3639 5015 ύπετέμετο,
3670 4942 3806 4998 ἀλλά

2137 5040 2232 5094 καὶ
2276 5032 2432 5103 οὗτος
2466 5039 2586 5093 καθ’
2616 5038 2854 5106 ἑκάστην
2897 5037 3112 5108 ἡμέραν
3156 5033 3307 5105 παρά
3354 5034 3568 5087 πάντων
3598 5035 3804 5102 ἀνακη-

2138 5129 2409 5202 ρύττεται,
2434 5126 2530 5181 καὶ
2558 5126 2763 5189 ἐκεῖνος
2790 5124 3056 5195 διηνεκῶς
3095 5121 3493 5193 στηλιτεύεται.

2214 5216 2396 5268 Εῖδετε
2428 5215 2526 5282 ὅση
2555 5213 2652 5283 τῆς
2686 5212 2883 5275 κακίας
2908 5214 2941 5282 ή
2966 5210 3131 5281 λύμη,
3168 5210 3258 5263 καὶ
3284 5211 3385 5279 ὅση
3409 5210 3506 5279 τῆς
3539 5209 3738 5281 ἀρετῆς
3770 5210 3802 5278 ή

2137 5304 2309 5373 ἰσχῦς,
2331 5301 2422 5355 καὶ
2442 5301 2590 5364 ὅπως
2613 5302 2646 5370 ή
2674 5300 2793 5371 μὲν,
2820 5300 2914 5353 καὶ
2936 5298 3249 5368 πολεμοῦσα
3275 5296 3368 5350 καὶ
3390 5297 3799 5367 περιγινομένη,

2134 5392 2417 5448 σϐέννυταί
2445 5410 2502 5444 τε
2533 5391 2627 5445 καὶ
2654 5387 2997 5458 ἀφανίζεται,
3023 5391 3056 5457 ἡ
3078 5388 3155 5452 δὲ,
3185 5387 3276 5442 καὶ
3301 5386 3680 5458 πολεμουμένη
3708 5384 3800 5437 καὶ

2129 5484 2198 5537 τά
2230 5485 2399 5554 μυρία
2428 5479 2576 5533 δεινὰ
2602 5478 2967 5549 ὑπομένουσα,
3001 5476 3405 5549 ταύτῃομᾶλλον
3434 5477 3528 5527 καὶ
3552 5473 3800 5542 λαμπρο-

2130 5572 2263 5644 τέρα
2295 5568 2389 5624 καὶ
2427 5566 2754 5638 φαιδροτέρα
2787 5566 3033 5634 γίνεται;
3069 5566 3179 5618 Καὶ
3208 5565 3334 5633 ἐνῆν
3359 5563 3457 5633 μέν
3485 5562 3579 5613 καὶ
3604 5557 3801 5621 €65.15-

2130 5678 2242 5732 ρων
2294 5655 2634 5727 πραγμάτων
2676 5654 2878 5725 ὁμοίως
2926 5653 3254 5724 συμϐάντων
3304 5650 3457 5703 τοῦτο
3493 5647 3663 5712 δεῖξαι
3702 5644 3796 5698 ’.ῦι

2200 5912 2225 5952 ά
2251 5916 2466 5974 Quatuor
2485 5928 2595 5963 mss.
2626 5914 2674 5962 τὸ
2716 5915 2861 5975 ὄνομα
2883 5908 3044 5959 αὐτοῦ.
