4074 6134
253 275 353 330 I77

246 390 339 442 ἐπὶ
361 393 458 460 τῇς
488 389 757 461 ὑμετέρας
788 389 1035 459 ἀγάπης·
1067 393 1180 445 ἀλλ’
1204 394 1289 447 ἴνα
1317 395 1391 465 μὴ
1422 395 1520 465 τῆς
1541 394 1908 464 προκειμένης

247 475 566 540 ἀκολουθίας
596 478 729 538 τέως
754 476 1097 548 ἐκπέσωμεν,
1130 479 1260 551 φέρε
1292 480 1454 534 πάλιν
1481 480 1911 550 ἐπαναλάϐωμεν

248 562 386 615 αὐτά
415 563 485 617 τά
519 562 801 632 εἰρημένα.
844 562 1001 630 Αὕτη
1053 566 1091 633 ἠ
1119 566 1357 631 βίϐλος,
1406 566 1578 635 φησὶ,
1620 567 1912 637 γενέσεως

246 650 589 717 ἀνθρώπων,
606 647 755 721 [185]
770 642 809 719 ᾗ
825 648 1011 718 ᾑμέρᾳ
1035 651 1325 718 ἐποίησεν
1346 656 1379 707 ό
1407 653 1551 717 Θεὸς
1577 654 1683 706 τόν
1717 653 1909 721 Ἀδὰμ,

246 739 372 789 κατ’
408 736 608 790 εἰκόνα
643 736 791 790 Θεοῦ
824 738 1114 805 ἐποίησεν
1145 741 1351 793 αὐτόν·
1393 738 1582 808 ἄρσεν
1620 740 1719 793 καὶ
1755 738 1908 806 θῆλυ

244 825 530 891 ἐποίησεν
562 824 784 889 αὐτούς
808 841 823 856 ο
867 823 965 877 καὶ
1000 825 1352 895 ἐπωνόμασε
1383 826 1451 880 τὸ
1486 827 1673 895 ὄνομα
1711 825 1908 881 αὐτῶν

256 910 466 979 Ἀδὰμ,
497 903 539 981 ᾖ
579 911 768 979 ἡμέρᾳ
801 911 1093 980 ἐποίησεν
1134 913 1374 978 αὐτούς.
1423 913 1567 983 Ὅρα
1600 913 1717 976 πῶς
1749 911 1905 966 πάλιν

240 999 339 1068 τῆς
363 997 662 1068 διηγήσεως
694 997 903 1051 ἀνωθεν
936 998 1221 1069 ἀρξαμένη
1255 1001 1289 1071 ή
1338 999 1458 1053 θεία
1486 1001 1677 1071 Γραφὴ
1706 1001 1907 1069 ὑπομι-

244 1085 472 1154 μνήσκει
517 1086 706 1155 ἡμᾶς,
751 1087 883 1157 ὅσης
923 1086 1146 1156 ἠξίωται
1198 1088 1361 1158 τιμῆς
1411 1090 1439 1141 ὁ
1486 1088 1905 1159 δημιουργηθεὶς

241 1170 542 1240 ἄνθρωπος.
578 1166 662 1242 ⁷ῌ
692 1173 879 1239 ἡμέρᾳ
901 1215 916 1238 ,
962 1174 1153 1244 φησὶν,
1208 1175 1497 1242 ἐποίησεν
1549 1174 1737 1245 Ἀδὰμ,
1781 1174 1905 1229 κατ’

239 1258 441 1310 εἰκόνα
467 1258 613 1312 Θεοῦ
645 1259 933 1327 ἐποίησεν
962 1260 1167 1324 αὑτὸν,
1194 1261 1314 1314 ἀντὶ
1336 1260 1455 1325 τοῦ,
1481 1262 1717 1332 ἄρχοντα
1746 1262 1907 1316 αὐτὸν

241 1345 538 1416 κατέστησε
570 1346 784 1402 πάντων
805 1346 915 1401 τῶν
932 1349 1242 1419 ὁρωμένων.
1276 1348 1446 1402 Τοῦτο
1476 1351 1584 1420 γάρ
1608 1351 1742 1404 ἐστι·
1767 1351 1905 1406 Κατ’

238 1435 441 1488 εἰκόνα
462 1479 474 1495 ,
501 1434 643 1509 κατά
660 1452 721 1487 τε
749 1435 840 1488 τὸν
865 1435 961 1504 τῆς
987 1436 1161 1506 ἀρχῆς
1185 1436 1364 1504 λόγον,
1399 1437 1493 1491 καὶ
1520 1438 1660 1490 κατὰ
1686 1438 1778 1490 τὸν
1806 1439 1905 1508 τῆς

238 1518 574 1583 δεσποτείας.
626 1522 854 1598 Ὥσπερ,
885 1521 996 1592 γάρ
1047 1523 1076 1574 ὁ
1112 1523 1222 1576 τῶν
1254 1523 1392 1576 ὅλων
1431 1523 1566 1586 Θεὸς
1615 1524 1715 1594 τὴν
1764 1524 1906 1578 κατά

239 1604 455 1658 πάντων
501 1606 673 1678 ἀρχὴν
717 1606 830 1678 ἔχει
859 1607 968 1661 τῶν
1012 1625 1072 1661 τε
1120 1609 1352 1679 ὁρατῶν,
1392 1609 1500 1664 τῶν
1534 1628 1593 1664 τε
1635 1610 1902 1680 ἀοράτων,

236 1690 566 1762 δημιουργὸς
592 1693 846 1747 ἁπάντων
879 1694 1183 1764 τυγχάνων,
1210 1694 1352 1748 οὕτω
1376 1694 1469 1748 καὶ
1497 1695 1557 1748 τὸ
1583 1694 1723 1758 ζῶον
1750 1696 1906 1750 τοῦτο

236 1780 299 1831 τὸ
328 1778 542 1848 λογικὸν
575 1780 1008 1852 δημιουργήσας,
1061 1781 1325 1853 ἐῦουλήθη
1362 1782 1579 1839 πάντων
1615 1783 1724 1837 τῶν
1765 1786 1905 1856 ὁρω-

241 1866 414 1936 μένων
459 1865 563 1938 τὴν
588 1866 761 1937 ἀρχὴν
794 1868 956 1921 αὐτὸν
1002 1867 1165 1938 ἔχειν.
1213 1868 1305 1923 Διὸ
1335 1871 1427 1922 καὶ
1463 1868 1562 1940 τὴν
1596 1870 1697 1936 τῆς
1729 1869 1905 1941 ψυχῆς

237 1955 422 2008 οὐσίαν
459 1953 609 2023 αὐτῷ
642 1955 953 2026 ἐχαρίσατο,
986 1954 1271 2026 βουληθεὶς
1305 1956 1467 2009 αὐτὸν
1513 1957 1607 2012 καὶ
1638 1957 1907 2013 ἀθάνατον

236 2037 376 2095 εἶναι
408 2041 489 2103 εἰς
516 2039 577 2093 τὸ
594 2039 838 2110 διηνεκές
857 2058 870 2073 ’
902 2041 1019 2094 ἀλλ’
1050 2041 1239 2112 ἐπειδὴ
1266 2042 1352 2096 διά
1388 2043 1659 2114 ρᾳθυμίαν
1685 2042 1901 2111 ὤλισθε,

240 2128 334 2182 καὶ
376 2127 592 2199 παρέϐη
625 2128 722 2200 τὴν
752 2128 1000 2183 δοθεῖσαν
1048 2129 1198 2200 αὐτῷ
1229 2130 1469 2199 ἐντολὴν,
1500 2131 1621 2185 οὐδὲ
1645 2131 1786 2185 οὕτω
1814 2133 1902 2186 τέ-

237 2216 355 2269 λεον
387 2228 413 2257 ιι
455 2216 782 2287 ἀπεστράφη
818 2217 919 2286 τὴν
950 2216 1153 2270 οἰκείαν
1188 2215 1595 2287 φιλανθρωπίαν
1635 2219 1904 2289 μιμούμε-

238 2318 349 2365 νος,
371 2302 505 2356 ἀλλά
535 2302 634 2372 τῆς
667 2303 763 2372 μὲν
788 2302 1082 2365 ἀθανασίας
1112 2303 1275 2357 αὐτὸν
1300 2304 1660 2375 ἀπεστέρησε,
1690 2306 1901 2374 θανάτῳ

236 2388 292 2442 ιδ
332 2388 701 2451 καταδικάσας
733 2389 827 2442 ἐπὶ
868 2388 968 2458 τῆς
1013 2388 1184 2458 αὐτῆς
1226 2390 1402 2461 ἀρχῆς
1452 2390 1636 2460 σχεδὸν
1692 2392 1901 2463 ἀφῆκεν

238 2470 397 2527 εἶναι.
436 2470 570 2528 Εἶτα
590 2474 779 2545 ἐπειδὴ
807 2476 835 2528 ὁ
864 2474 928 2539 ἐξ
963 2474 1130 2528 αὐτοῦ
1159 2475 1369 2544 τεχθεὶς
1398 2479 1477 2540 εἰς
1507 2476 1775 2548 τοσαύτην
1805 2496 1901 2549 μα-

236 2561 357 2614 νίαν
383 2560 655 2625 ἐξώκειλε,
680 2560 774 2613 καὶ
804 2560 1017 2631 πρῶτος
1041 2560 1103 2613 τὸ
1130 2555 1269 2624 εἶδος
1291 2560 1384 2614 τοῦ
1410 2563 1568 2635 φόνοι.)
1596 2566 1898 2634 εἰσήνεγκε,

237 2648 328 2700 καὶ
355 2647 448 2701 τὸν
477 2647 833 2718 βεϐιασμένον
852 2648 1058 2701 ἐκεῖνον
1087 2647 1314 2702 θάνατον
1342 2647 1636 2714 κατέδειξε,
1653 2650 1748 2703 καὶ
1774 2650 1904 2703 πολ-

236 2736 331 2806 λὴν
373 2734 683 2799 ἐπεδείξατο
710 2735 810 2805 τὴν
841 2735 1232 2807 ἀγνωμοσύνην
1257 2735 1452 2805 ψεῦδος
1489 2736 1569 2807 τῷ
1603 2737 1747 2809 φόνῳ
1779 2756 1902 2794 συν-

236 2824 398 2891 ἅψας,
424 2824 488 2891 τῇ
522 2821 759 2891 διηνεκεῖ
794 2822 1034 2893 τιμωρία
1064 2823 1394 2891 σωφρονίσαι
1411 2822 1572 2877 αὐτὸν
1594 2823 1896 2896 ἠϐουλήθη,

237 2910 325 2962 ἵνα
357 2908 430 2978 μὴ
465 2907 624 2978 μόνον
658 2909 817 2972 αὐτὸς
849 2908 1085 2981 κερδάνῃ
1122 2911 1186 2962 ἐκ
1218 2908 1328 2963 τῶν
1354 2911 1435 2976 εἰς
1474 2910 1637 2963 αὐτὸν
1674 2928 1902 2983 γεγενη-

238 2995 433 3064 μένων,
462 2993 597 3050 ἀλλά
629 2994 723 3048 καὶ
749 2996 876 3059 τοὺς
907 2996 1044 3065 μετὰ
1082 2995 1257 3049 ταῦτα
1284 2994 1511 3068 διδάσκῃ
1542 2996 1638 3049 καὶ
1676 2997 1784 3051 τῶν
1817 3016 1899 3052 τε·

234 3081 588 3151 τολμημένων
612 3080 673 3133 τὸ
693 3081 941 3151 μέγεθος,
971 3083 1065 3134 καὶ
1085 3084 1183 3152 τῆς
1205 3082 1431 3146 ἀτοπίας
1454 3083 1552 3152 τὴν
1574 3083 1898 3156 ὑπερϐολήν.

248 3167 385 3221 Ἀλλ’
414 3168 601 3237 ἐπειδὴ
626 3167 715 3222 διὰ
739 3168 943 3235 πολλὴν
974 3167 1245 3239 ρᾳθυμίαν
1278 3169 1373 3225 καὶ
1405 3170 1453 3222 οἰ
1489 3170 1555 3222 ἐκ
1586 3170 1781 3224 τούτου
1806 3189 1900 3240 γε-

233 3253 525 3324 γενημένοι
552 3253 695 3309 κατά
719 3254 912 3324 μικρὸν
936 3254 1174 3323 χείροσιν
1202 3254 1428 3318 ἑαυτοὺς
1455 3255 1774 3325 περιέϐαλον
1806 3275 1902 3312 κα-

234 3342 370 3403 κοῖς,
402 3339 922 3410 παραμυθήσασθαι,
942 3340 1017 3403 ὠς
1040 3342 1235 3406 εἰπεῖν,
1265 3340 1585 3413 βουλόμενος
1608 3343 1698 3397 τὸν
1734 3345 1904 3417 Ἀδὰμ

233 3425 294 3478 οὐ
326 3425 485 3494 μόνον
509 3425 598 3478 διά
618 3425 719 3495 τὴν
745 3426 952 3479 οἰκείαν
996 3427 1309 3497 παράϐασιν
1341 3429 1398 3481 ἐν
1428 3428 1669 3503 τοσαύτῃ
1696 3434 1900 3503 τυγχά-

235 3528 393 3565 νοντα
415 3512 725 3583 κατηφείᾳ,
767 3512 901 3567 ἀλλά
944 3514 1037 3567 καὶ
1069 3513 1160 3569 διά
1201 3515 1262 3567 τὸ
1298 3515 1554 3588 τόλμημα
1599 3516 1694 3572 τοῦ
1737 3520 1899 3587 Κάῖν,

235 3601 329 3654 καὶ
353 3600 417 3653 τὸ
437 3598 633 3664 πένθος
652 3602 828 3654 ἐκεῖνο
852 3602 911 3655 τὸ
933 3602 1224 3673 ἀφόρητον,
1248 3603 1383 3677 ὅπερ
1403 3599 1515 3657 εἶδε
1542 3607 1653 3668 τοῖς
1681 3607 1900 3672 οἰκείοις

234 3686 565 3758 ὀφθαλμοῖς
603 3686 727 3741 οὔτε
764 3688 873 3762 γάρ
910 3688 1003 3745 τοῦ
1048 3688 1282 3744 θανάτου
1317 3691 1515 3764 ᾔδεσαν
1542 3692 1605 3746 τὸ
1646 3689 1823 3761 εἶδος,
1849 3696 1899 3748 εἰ

234 3773 328 3827 καὶ
356 3774 455 3844 τὴν
482 3774 756 3843 ἀπόφασιν
789 3775 1038 3842 ἐδέξαντο
1061 3794 1075 3808 ·
1120 3779 1213 3831 κιιί⁸
1251 3778 1480 3834 διπλοῦν
1522 3779 1670 3852 αὐτῷ
1698 3781 1754 3846 ιι,
1804 3782 1899 3835 καὶ

233 3859 492 3928 τριπλοῦν
544 3861 605 3913 τὸ
642 3862 836 3926 πένθος
881 3863 1131 3931 ἐγένετο,
1161 3865 1243 3919 ὅτι
1290 3882 1347 3919 τε
1392 3865 1484 3921 καὶ
1527 3866 1619 3921 τὸν
1668 3866 1897 3923 θάνατον

236 3945 453 4017 πρῶτον
486 3942 624 4002 εἶδον
659 3949 1031 4020 εἰσενεχθέντα
1064 3952 1143 4014 εἰς
1176 3952 1266 4005 τὸν
1299 3950 1435 4020 βίον,
1484 3952 1584 4005 καὶ
1617 3951 1789 4022 βίαιον
1813 3953 1897 4008 θά-

232 4048 409 4099 νατον,
446 4033 541 4087 καὶ
572 4033 677 4088 ὑπὸ
700 4034 795 4089 τοῦ
828 4035 1017 4099 παιδὸς
1046 4036 1403 4107 τολμηθέντα,
1436 4036 1530 4091 καὶ
1559 4039 1639 4101 εἰς
1672 4038 1897 4108 ἀδελφὸν

233 4119 589 4192 ὁμομήτριον,
622 4123 717 4177 καὶ
743 4123 1095 4194 ὁμοπάτριον,
1120 4123 1213 4177 καὶ
1241 4122 1393 4177 οὐδὲν
1413 4123 1712 4194 ἠδικηκότα
1734 4144 1747 4158 ο
1780 4125 1898 4197 βου-

231 4206 453 4275 λῦμενος
493 4208 675 4261 τοίνυν
707 4211 735 4263 ό
778 4208 1159 4279 φιλάνθρωπος
1199 4208 1332 4272 Θεὸς
1373 4209 1699 4281 ἀντίρροπον
1748 4213 1897 4285 αὐτῷ

229 4290 343 4344 τῶν
363 4291 625 4363 λυπηρῶν
657 4293 756 4364 τὴν
785 4294 1139 4365 παραμυθίαν
1167 4296 1503 4363 εἰσαγαγεῖν,
1540 4296 1724 4368 ἕτερον
1749 4299 1896 4371 αὐτῷ

231 4378 464 4449 παρέχει
498 4379 664 4432 παῖδα
702 4379 793 4432 τὸν
821 4378 951 4451 Σὴθ,
981 4379 1075 4433 καὶ
1108 4379 1385 4454 ἀρκοῦσαν
1416 4380 1564 4452 αὐτῷ
1588 4384 1687 4454 τὴν
1720 4387 1896 4457 παρά-

230 4459 423 4530 κλησιν
465 4460 713 4515 ἐντεῦθεν
742 4462 1137 4535 ποιησάμενος,
1182 4466 1290 4520 ἀπὸ
1326 4465 1514 4521 τούτου
1554 4466 1738 4521 λοιπὸν
1789 4469 1894 4540 ,τῆς

229 4547 496 4614 γενέσεως
523 4547 622 4619 τὴν
662 4548 838 4620 ἀρχὴν
870 4552 1171 4625 συνίστησι.
1209 4552 1308 4606 Διά
1334 4553 1491 4607 τοῦτο
1522 4554 1615 4609 καὶ
1644 4556 1673 4608 ὁ
1714 4557 1893 4626 μακά-

232 4651 347 4706 ριος
392 4637 678 4707 προφήτης
715 4636 886 4702 οὕτως
927 4639 1128 4710 ἤρξατο
1174 4641 1349 4709 λέγων
1372 4656 1383 4672 ο
1420 4641 1579 4709 Αὕτη
1611 4643 1650 4709 ἠ
1676 4644 1894 4710 ,βίϐλος

229 4720 519 4791 γενέσεως
540 4723 882 4793 ἀνθρώπων.
913 4722 1041 4778 Εἶτα
1072 4727 1538 4798 ἐπαγγειλάμενος
1561 4729 1660 4800 τὴν
1681 4730 1893 4798 γένεσιν

226 4808 335 4861 τῶν
378 4810 680 4881 ἀνθρώπων
716 4811 1019 4883 διηγεῖσθαι
1044 4852 1058 4874 ,
1111 4814 1302 4866 σκόπει
1340 4814 1428 4884 οἵᾳ
1472 4814 1732 4886 κέχρηται
1767 4818 1894 4871 ἀκο-

227 4895 431 4968 λουθίᾳ·
459 4896 692 4967 Ἔζόισε,
717 4900 901 4969 φησὶν,
942 4898 1122 4969 Ἀδὰμ
1136 4898 1240 4969 ἐτη
1257 4899 1533 4955 διακόσια
1556 4901 1890 4970 τριάκοντα,

227 4981 326 5036 καί
344 4981 635 5055 ἐγέννησε
666 4987 816 5041 κατὰ
859 4988 975 5055 τὴν
1014 4984 1181 5041 ἰδέαν
1206 4987 1415 5051 αὐτοῦ,
1458 4989 1556 5042 καί
1588 4988 1738 5042 κατὰ
1780 4990 1893 5057 τὴν

224 5070 432 5125 εἰκόνα
462 5073 648 5125 αὐτοῦ
672 5114 687 5137 ,
713 5072 812 5126 καί
839 5074 1189 5141 ἐπωνόμασε
1221 5074 1288 5128 τὸ
1316 5073 1501 5144 ὄνομα
1535 5076 1721 5131 αὑτοῦ
1746 5078 1889 5145 Σήθ.

230 5155 544 5224 Ἐγένοντο
575 5157 643 5211 δὲ
690 5161 749 5212 αἰ
793 5159 1005 5229 ἡμέραι
1037 5161 1222 5216 αὑτοῦ
1251 5161 1356 5229 ἐτη
1393 5162 1743 5229 ἑπτακόσια,
1792 5166 1891 5221 καί

223 5240 553 5310 ἐγέννησεν
585 5244 755 5311 υἱοὺς
784 5245 932 5319 [184]
965 5248 1061 5301 καί
1097 5249 1438 5320 θυγατέρας.
1467 5252 1576 5304 Καὶ
1616 5251 1891 5320 ἐγένοντο

223 5329 412 5383 πᾶσαι
436 5334 494 5385 αἰ
518 5331 730 5403 ἡμέραι
758 5333 935 5404 Ἀδὰμ
956 5336 1057 5403 ἔτη
1081 5336 1406 5391 ἐννακόσια
1435 5337 1769 5406 τριάκοντα,
1792 5342 1888 5393 καί

221 5414 539 5473 ἀπέθανεν.

292 5511 358 5572 γ’.
384 5506 457 5559 Οὐ
493 5505 672 5570 καλῶς
689 5506 871 5577 ἔλεγον
888 5509 945 5562 ὲν
976 5512 1086 5573 τοῖς
1125 5512 1450 5583 προοιμίοις,
1472 5514 1553 5566 ὅτι
1573 5514 1724 5566 οὐδὲν
1744 5514 1890 5567 ἔστιν

222 5592 401 5663 εὑρεῖν
430 5593 618 5656 ἁπλῶς
650 5595 742 5648 καὶ
763 5597 883 5667 εἰκῆ
907 5599 1288 5668 γεγραμμένον
1329 5601 1385 5653 ὲν
1416 5602 1483 5670 τῇ
1513 5600 1632 5671 θείᾳ
1660 5602 1846 5672 Γραφῇ
1871 5613 1886 5666 ζ

235 5677 363 5731 Ἰδοὺ
408 5679 517 5748 γὰρ
550 5680 643 5734 καὶ
680 5680 775 5735 νῦν
801 5683 942 5754 πόση
967 5686 1032 5754 τῇ
1068 5685 1324 5756 ἀκριϐείᾳ
1356 5687 1628 5757 ἐχρήσατο
1651 5688 1680 5740 ὁ
1712 5688 1884 5758 μακά-

261 5820 578 5900 ξριιοιιιεε.
605 5827 786 5900 ιιάιίυρι
811 5830 968 5900 αὐτόν.
1011 5831 1064 5900 .b
1093 5833 1264 5900 ξυνίῃ
1292 5833 1462 5881 Morel.
1486 5839 1535 5900 ει
1558 5832 1751 5900 quidam
1766 5845 1879 5883 mss.

218 5892 370 5947 αὐτῷ,
395 5897 480 5933 sex
503 5899 616 5936 mss.
640 5892 813 5951 αὐτῶν,
838 5899 984 5954 alque
1007 5895 1075 5943 ita
1098 5896 1221 5955 legit
1243 5896 1491 5956 interpres
1516 5893 1729 5943 Latinus.

1058 279 1111 331 S.
1149 276 1432 331 JOANNIS
1467 276 1948 333 CHIWSOSTOMI
1988 277 2307 334 ARCHIEP.
2354 276 2900 334 CONSTANTINOP.

3580 276 3684 334 ΠΒ

2020 414 2130 465 ριος
2175 387 2329 452 οὗτος
2390 395 2695 465 προφήτης.
2733 393 3055 461 Ἐτέννησε
3098 392 3200 457 δὲ,
3253 392 3436 464 φησὶν,
3497 391 3680 461 Ἀδὰμ

2013 482 2160 536 κατὰ
2185 481 2299 549 τὴν
2336 481 2501 537 ἰδέαν
2532 478 2740 544 αὐτοῦ,
2770 478 2869 532 καί
2903 481 3050 535 κατὰ
3081 479 3193 547 τὴν
3238 481 3443 533 εἰκόνα
3469 478 3678 532 αὐτοῦ.

2014 569 2107 621 καὶ
2135 569 2485 637 ἐπωνόμασε
2512 567 2577 621 τὸ
2603 567 2790 635 ὄνομα
2828 566 3014 621 αὑτοῦ
3042 564 3165 632 Σήθ
3182 582 3195 596 ·
3230 568 3322 620 ἐπὶ
3346 566 3402 620 δὲ
3421 565 3516 620 τοῦ
3549 565 3657 635 πρό

2011 674 2168 729 τερον
2196 659 2499 728 τεχθέντος,
2535 656 2628 710 τοῦ
2662 657 2801 711 Κάϊν
2836 657 2998 727 λέγω,
3038 657 3187 712 οὐδὲν
3215 657 3457 711 τοιοῦτον
3486 659 3681 727 ἐπιση-

2015 746 2348 817 μηνάμενος,
2386 746 2500 799 ἀλλ⁹
2529 746 2733 799 ἀνωθεν
2762 746 3093 817 προμηνύων
3126 746 3291 800 αὒτοῦ
3318 745 3419 816 τὴν
3443 746 3538 799 ἐπὶ
3578 744 3688 816 τήν

2011 829 2208 884 κακίαν
2237 832 2414 903 ὁρμήν
2432 846 2445 858 ·
2487 831 2579 884 καὶ
2615 831 2869 892 εἰκότως
2898 832 2963 883 οὐ
2989 830 3097 902 γὰρ
3121 830 3290 895 ἔσωζε
3319 831 3446 894 τούς
3476 846 3678 901 πατρι-

2013 917 2139 980 κοὺς
2185 919 2539 988 χαρακτῆρας
2564 956 2579 979 ,
2617 917 2730 971 ἀλλ’
2763 916 2964 979 εὐθέως
3001 917 3134 989 πρὸς
3162 917 3260 988 τὴν
3290 917 3487 971 κακίαν
3516 917 3677 988 ηὐτο-

2012 1005 2263 1074 μόλησεν.
2307 1005 2567 1059 Ἐνταῦθα
2586 1005 2642 1058 δέ
2660 1021 2812 1075 φησι,
2837 1005 2998 1060 Κατὰ
3026 1004 3139 1072 τὴν
3154 1003 3321 1062 ἰδέαν
3337 1002 3547 1065 αὐτοῦ,
3576 1004 3674 1058 καί

2010 1090 2159 1144 κατὰ
2201 1091 2317 1159 τὴν
2347 1089 2548 1145 εἰκόνα
2587 1091 2795 1155 αὐτοῦ,
2827 1090 3103 1145 τουτέστιν
3132 1090 3438 1162 ὀμότροπον
3466 1088 3547 1159 τῷ
3576 1106 3671 1158 γε·

2009 1178 2292 1249 γεννηκότι
2313 1221 2324 1239 ,
2357 1180 2484 1243 τοὺς
2518 1178 2715 1241 αὐτοὺς
2740 1179 2837 1249 τῆς
2870 1177 3073 1253 ἀρετῆς
3097 1178 3452 1250 χαρακτῆρας
3470 1175 3673 1230 διασώ-

2009 1264 2201 1328 ζοντα,
2250 1264 2344 1336 τήν
2392 1266 2577 1319 εἰκόνα
2619 1264 2717 1337 τὴν
2755 1265 3030 1335 πατρικὴν
3072 1265 3162 1318 διά
3207 1264 3315 1318 τῶν
3347 1264 3523 1335 ἔργων
3562 1264 3677 1317 δεε-

2008 1346 2225 1414 κνύντα,
2252 1347 2686 1402 ἀνακαλέσασθαι
2712 1348 3006 1420 δυνάμενον
3022 1346 3111 1401 διὰ
3130 1346 3231 1419 τῆς
3251 1348 3457 1409 οἰκείας
3477 1346 3678 1419 ἀρετῆς

2007 1432 2101 1486 τοῦ
2128 1434 2488 1505 προλαϐόντος
2517 1434 2578 1487 τὸ
2606 1435 2995 1506 πλημμέλημα.
3017 1434 3156 1489 Οὐδὲ
3187 1432 3297 1505 γάρ
3330 1434 3457 1503 περὶ
3487 1450 3675 1504 σωμα-

2008 1520 2174 1574 τικῶν
2213 1522 2574 1591 χαρακτήρων
2622 1520 2856 1575 ἐνταῦθα
2887 1523 3020 1592 ήμῖν
3062 1519 3366 1588 διαλέγεται
3404 1521 3439 1591 ή
3482 1518 3677 1591 Γραφὴ

2006 1608 2258 1675 λέγουσα,
2288 1609 2448 1661 Κατὰ
2471 1606 2586 1674 τὴν
2616 1606 2781 1662 ἰδέαν
2804 1605 3012 1670 αὑτοῦ,
3035 1606 3133 1660 καί
3162 1605 3313 1659 κατὰ
3335 1605 3450 1672 τὴν
3471 1606 3676 1659 εἰκόνα

2006 1692 2213 1747 αὐτοῦ·
2239 1692 2375 1745 ἀλλά
2403 1694 2530 1764 περὶ
2552 1693 2649 1760 τῆς
2676 1695 2735 1746 ἐν
2753 1696 2817 1764 τῇ
2845 1693 2989 1764 ψυχῇ
3021 1691 3424 1755 καταστάσεως,
3457 1689 3542 1742 ἵνα
3566 1691 3674 1761 μά-

2008 1778 2210 1850 θωμεν,
2244 1780 2326 1832 ὅτι
2359 1771 2513 1842 οὗτος
2540 1779 2640 1833 οὐκ
2672 1778 2822 1832 ἔσται
2856 1778 3114 1843 τοιοῦτος.
3166 1778 3258 1831 Διὸ
3288 1778 3384 1832 καὶ
3425 1780 3458 1849 ή
3494 1780 3679 1848 μήτηρ

2005 1867 2105 1939 τὴν
2148 1867 2520 1938 προσηγορίαν
2568 1865 2818 1920 ἐπιθεῖσα
2869 1864 2948 1938 τῷ
2986 1865 3139 1920 παιδὶ
3174 1865 3290 1937 μετ’
3326 1864 3678 1936 εὐχαριστίας

2006 1953 2214 2026 ταύτην
2243 1954 2540 2026 ἐπιτίθησι,
2572 1953 2663 2006 καὶ
2692 1954 2753 2006 οὐ
2799 1951 3070 2024 τῇφύσει,
3100 1952 3220 2006 οὐδέ
3246 1950 3325 2021 ’τῷ
3354 1952 3495 2022 τόκῳ
3523 1951 3673 2019 λογί-

2008 2041 2160 2106 ζεται
2199 2042 2259 2095 τὸ
2311 2041 2501 2112 τεχθὲν
2552 2039 2781 2105 παιδίον,
2829 2038 2966 2093 ἀλλά
3004 2041 3072 2112 τῇ
3107 2038 3201 2092 τοῦ
3244 2037 3376 2091 Θεοῦ
3426 2039 3672 2108 δυνάμει.

2018 2127 2231 2199 Ἐκείνη
2258 2128 2366 2200 γάρ
2400 2129 2494 2182 καὶ
2521 2128 2618 2200 τὴν
2643 2126 2800 2197 φύσιν
2830 2126 3069 2198 διήγειρε
3090 2125 3226 2196 πρὸς
3252 2126 3343 2179 τὸν
3369 2125 3546 2188 τόκον,
3580 2127 3675 2179 καί

2006 2231 2167 2287 φησιν
2194 2232 2208 2249 ·
2258 2215 2646 2286 Ἐπωνόμασε
2672 2214 2737 2267 τὸ
2775 2213 2962 2282 ὄνομα
2985 2211 3171 2267 αὑτοῦ
3211 2209 3337 2280 Σὴθ
3359 2210 3632 2282 λέγουσα
3660 2225 3675 2240 ·

2004 2302 2375 2370 ἐξανέστησε
2423 2301 2533 2371 γάρ
2584 2318 2687 2371 μοι
2746 2304 2779 2355 ό
2824 2298 2969 2366 Θεὸς
3017 2298 3253 2369 σπέρμα
3293 2299 3498 2368 ἕτερον
3539 2299 3675 2355 ἀντὶ

2009 2389 2220 2452 Ἅϐελ,
2265 2389 2339 2441 ὃν
2385 2387 2695 2443 ἀπέκτεινε
2749 2386 2915 2441 Κὰτν.
2966 2388 3110 2458 Ὅρα
3154 2386 3248 2440 τοῦ
3290 2388 3532 2457 ῥήματος
3575 2387 3685 2455 τὴν

2003 2474 2310 2547 ἀκρίϐειαν.
2348 2476 2461 2529 Οὐκ
2494 2470 2668 2536 εἶπεν,
2711 2473 2879 2527 ἔδωκέ
2914 2490 3003 2544 μοι
3040 2476 3069 2527 ὁ
3097 2474 3249 2539 Θεὸς,
3284 2473 3398 2528 ἀλλ’
3438 2473 3672 2537 Ἐξανέ-

2002 2562 2197 2629 στησέ
2221 2578 2342 2630 μοι.
2382 2561 2580 2615 Σκόπει
2612 2560 2729 2623 πῶς
2761 2559 3020 2632 ἀμυδρῶς
3048 2560 3117 2614 τά
3135 2560 3393 2631 προοίμια
3409 2559 3505 2630 τῆς
3532 2560 3670 2615 ἀνα-

2005 2649 2246 2712 στάσεως
2286 2647 2536 2703 ἐντεῦθεν
2568 2647 2843 2700 δείκνυται
2878 2646 2978 2717 ἤδη
3019 2645 3109 2698 διά
3139 2643 3233 2699 τοῦ
3280 2646 3543 2716 ῥήματος.
3584 2645 3674 2710 Ὠς

2002 2738 2111 2810 γὰρ
2147 2737 2213 2792 ἂν
2253 2739 2393 2791 εἰποι
2427 2755 2511 2801 τις
2557 2736 2740 2805 ἔλεγεν
2765 2752 2780 2769 ο
2819 2735 2940 2788 ἀντὶ
2978 2734 3072 2788 τοῦ
3116 2733 3368 2796 πεσόντος
3408 2732 3683 2804 ἀνέστησέ

2006 2843 2094 2897 μοι
2127 2825 2333 2880 τοῦτον.
2364 2826 2425 2879 Εἰ
2459 2826 2552 2879 καὶ
2583 2826 2805 2890 ἐκεῖνος,
2841 2823 3024 2891 φησιν,
3055 2821 3159 2874 ὑπὸ
3188 2821 3288 2890 τῆς
3321 2820 3612 2891 ἀδελφικῆς
3646 2831 3669 2859 ε

2001 2914 2178 2980 δεξιᾶς
2206 2916 2285 2976 εἰς
2312 2912 2410 2983 τὴν
2456 2913 2559 2981 γῆν
2607 2910 2915 2973 κατέπεσε,
2954 2908 3049 2961 καὶ
3092 2906 3184 2961 τοῦ
3223 2906 3453 2961 θανάτου
3483 2911 3676 2978 πεῖραν

2003 3001 2214 3065 ἔλαϐεν,
2239 3000 2350 3054 ἀλλ’
2378 3001 2410 3070 ή
2440 3000 2533 3054 τού
2564 2997 2699 3052 Θεοῦ
2730 2998 2956 3069 δύναμις
2980 2997 3100 3050 ἀντὶ
3137 2994 3233 3049 τοῦ
3269 2995 3524 3059 πεσόντος
3552 2995 3674 3048 τοῦ-

2004 3106 2095 3143 τον
2119 3090 2360 3159 ἤγειρεν.
2405 3087 2622 3158 Ἐπειδὴ
2643 3088 2752 3156 γὰρ
2779 3085 2997 3139 οὐδέπω
3020 3084 3211 3154 καιρὸς
3225 3079 3291 3154 ἦν
3315 3083 3414 3153 τῆς
3441 3081 3676 3136 ἀναστάς

2006 3193 2163 3240 σεως,
2194 3176 2315 3245 οὐχὶ
2341 3174 2430 3227 τὸν
2466 3175 2700 3227 πεσόντα
2731 3173 2951 3242 ἦγειρεν
2970 3212 2987 3236 ,
3017 3171 3130 3225 ἀλλ’
3159 3170 3346 3241 ἕτερον
3390 3169 3505 3222 ἀντ’
3531 3167 3677 3222 ἐκείο

2002 3280 2093 3316 νου
2119 3278 2133 3292 ’
2164 3262 2244 3315 διὸ
2271 3262 2367 3314 καὶ
2393 3260 2529 3331 αὐτή
2559 3275 2742 3332 φησιν·
2784 3257 3185 3326 Ἐξανέστησε
3206 3256 3318 3326 γάρ
3349 3274 3452 3325 μοι
3470 3258 3503 3311 ό
3531 3257 3676 3323 Θεὸς

2003 3351 2241 3420 σπέρμα
2264 3350 2469 3419 ἕτερον
2490 3348 2625 3405 ἀντὶ
2653 3350 2851 3411 Ἅϐελ,
2876 3346 2949 3401 δν
2975 3346 3288 3401 ἀπέκτεινε
3315 3344 3486 3400 Κάϊν.
3519 3340 3677 3410 Εἶδες

2003 3437 2416 3507 εὐγνωμοσύνην
2447 3437 2702 3504 γυναικός
2723 3453 2738 3500 ;
2762 3430 2900 3498 εἶδες
2930 3431 3342 3503 φιλανθρωπίαν
3361 3430 3672 3496 Δεσπότους

2004 3524 2121 3588 πῶς
2142 3527 2369 3594 ταχεῖαν
2398 3524 2582 3586 αὐτοῖς
2614 3522 2711 3594 τὴν
2742 3519 3096 3593 παραμυθίαν
3127 3519 3384 3588 ἐπενόησε
3411 3533 3427 3581 ;
3456 3517 3677 3585 Ταύτην

2005 3610 2300 3682 μιμώμεθα
2335 3613 2591 3672 ἅπαντες,
2633 3608 2809 3663 καὶτὸ
2835 3608 2945 3661 πᾶν
2968 3609 3039 3678 τῇ
3065 3604 3269 3661 ἀνωθεν
3310 3604 3495 3676 χάριτι
3521 3603 3673 3672 λογι-

2001 3697 2243 3769 ζώμεθα.
2276 3699 2339 3751 Εἰ
2372 3696 2479 3768 γάρ
2519 3697 2615 3751 καὶ
2641 3697 2675 3767 ἡ
2703 3695 2864 3765 φύσις
2888 3693 3200 3766 ἐργάζεται,
3224 3692 3341 3746 ἀλλ’
3371 3692 3471 3745 οὐκ
3494 3691 3672 3761 οἰκεία

1998 3785 2258 3856 δυνάμει,
2307 3785 2444 3839 ἀλλά
2492 3784 2569 3853 τῷ
2615 3783 3001 3854 προστάγματι,
3034 3780 3137 3834 τοῦ-
3170 3779 3671 3851 δημιουργήσαντος

1998 3874 2241 3927 εῖκουσα·
2265 3874 2360 3926 καὶ
2383 3873 2648 3943 μηδέποτε
2678 3870 3014 3939 ἀλγείτωσαν
3035 3869 3311 3938 γυναῖκες,
3340 3865 3561 3919 ἐπειδὰν
3591 3864 3668 3935 μὴ

2000 3959 2277 4023 τίκτωσιν,
2310 3959 2445 4012 ἀλλά
2493 3957 2715 4029 γνώμην
2744 3956 3063 4027 εὐχάριστον
3102 3953 3540 4024 ἐπιδεικνύμεναι
3575 3952 3671 4005 ἐπὶ

1997 4047 2089 4103 τὸν
2124 4047 2222 4116 τῆς
2252 4046 2465 4116 φύσεως
2509 4043 2837 4116 δημιουργὸν
2864 4041 3378 4113 καταφευγέτωσαν,
3408 4040 3504 4093 καὶ
3538 4039 3672 4108 παρ’

1998 4133 2207 4189 ἐκείνου
2240 4133 2558 4186 αἰτείτωσαν
2590 4131 2683 4184 τοῦ
2711 4130 2813 4200 τῆς
2843 4130 3060 4199 φύσεως
3080 4128 3373 4193 Δεσπότου,
3410 4128 3505 4181 καὶ
3530 4127 3668 4197 μήτε

1998 4225 2065 4293 τῇ
2096 4221 2351 4292 συνουσίᾳ
2372 4219 2481 4273 τῶν
2506 4217 2898 4273 συνοικούντων
2919 4257 2933 4280 ,
2969 4220 3103 4288 μήτε
3138 4217 3309 4286 ἑτέρῳ
3333 4216 3438 4268 τινὶ
3458 4212 3671 4281 λογιζέ-

2000 4308 2214 4363 σθωσαν
2240 4307 2337 4376 τὴν
2361 4307 2469 4360 τῶν
2498 4306 2704 4360 παίδων
2726 4306 2912 4375 γονὴν,
2942 4305 3077 4358 ἀλλά
3108 4304 3187 4374 τῷ
3208 4301 3525 4374 δημιουργῷ
3554 4301 3669 4353 τῶν

1996 4396 2133 4450 ὅλων
2166 4396 2246 4466 τῷ
2271 4395 2365 4450 καὶ
2391 4395 2500 4450 ἀπὸ
2521 4393 2615 4447 τοῦ
2644 4393 2718 4464 μὴ
2746 4393 2899 4457 ὄντος
2936 4394 3015 4457 εἰς
3036 4391 3096 4445 τὸ
3120 4387 3259 4445 εἷναι
3289 4388 3665 4461 παραγαγόντι

1995 4479 2093 4553 τὴν
2120 4482 2281 4550 φύσιν
2306 4481 2404 4552 τὴν
2424 4479 2720 4551 ἡμετέραν,
2753 4479 2847 4532 καὶ⁵
2875 4477 3218 4549 χωλεύουσαν
3244 4477 3408 4531 πάλιν
3439 4475 3667 4544 διορθῶ-

1997 4582 2088 4619 σαι
2111 4565 2391 4636 δυναμένῳ
2413 4582 2427 4596 ’
2464 4566 2585 4618 ἐπεὶ
2618 4565 2713 4617 καὶ
2741 4564 2881 4633 αὐτη
2906 4564 3007 4633 τὴν
3033 4561 3128 4617 τοῦ
3153 4561 3382 4625 πένθους
3413 4560 3670 4613 ὑπόθεσιν

1995 4651 2297 4720 δοξολογίας
2324 4652 2577 4724 ἀφορμὴν
2607 4652 2918 4722 ἐποιήσατο,
2945 4650 3036 4703 καὶ
3054 4649 3130 4720 τῷ
3152 4649 3394 4719 Δεσπότη
3426 4644 3575 4719 [185]
3603 4644 3683 4699 τδρ

1997 4742 2104 4792 πᾶν
2120 4738 2390 4808 λογίζεται
2406 4739 2657 4807 λέγουσα,
2677 4736 3082 4805 Ἐξανέστησέ
3095 4753 3197 4805 μοι
3214 4739 3246 4789 0’
3268 4736 3411 4800 Θεὸς
3429 4733 3669 4801 σπέρμα

1994 4822 2200 4892 ἕτερον
2228 4823 2363 4878 ἀντὶ
2393 4824 2582 4888 Ἅϐελ,
2623 4821 2698 4875 ὃν
2723 4821 3038 4875 ἀπέκτεινε
3061 4820 3224 4874 Κάϊν.
3264 4818 3426 4887 Ὁρᾷς
3463 4816 3579 4878 πῶς
3601 4816 3672 4867 οὐ

2000 4909 2159 4978 μόνον
2192 4908 2292 4962 οὐκ
2327 4908 2709 4979 ἐδυσχέρανεν,
2736 4906 2859 4960 οὐδὲ
2886 4903 3186 4975 ἐφθέγξατό
3213 4920 3267 4956 τι
3300 4901 3546 4973 λυπηρὸν
3579 4901 3669 4971 (οὐ

1998 4995 2106 5065 γὰρ
2129 4995 2194 5049 ἂν
2225 4995 2577 5065 παρέλιπενή
2597 4993 2719 5047 θεία
2737 4991 2945 5063 Γραφὴ,
2980 4991 3034 5045 εἴ
3052 4991 3116 5059 γέ
3137 5008 3189 5043 τι
3214 4988 3457 5043 τοιοῦτον
3480 4986 3667 5058 εἴρητο

1997 5086 2127 5153 παρ’
2156 5082 2400 5152 αὐτῆς),
2423 5082 2560 5135 ἀλλά
2590 5082 2856 5150 γενναίως
2891 5079 3189 5148 ἐνεγκοῦσα
3216 5078 3277 5130 τὸ
3304 5074 3539 5146 συμϐὰν,
3568 5092 3664 5130 τα-

1996 5169 2148 5239 χείας
2181 5167 2423 5233 ἀξιοῦται
2473 5168 2572 5237 τῆς
2610 5167 2996 5237 παραμυθίας,
3024 5166 3115 5219 καὶ
3149 5164 3369 5219 πλείονα
3393 5162 3491 5233 τὴν
3538 5161 3666 5229 εὐγ-

1997 5255 2320 5327 νωμοσύνην
2349 5254 2752 5317 ἐπιδείκνυται,
2784 5252 3233 5323 ἀνακηρύττουσα
3262 5249 3357 5304 τοῦ
3389 5246 3664 5301 Δεσπότου

1993 5343 2092 5415 τὴν
2128 5344 2479 5415 εὐεργεσίανς
2515 5343 2658 5413 Ὅρα
2690 5342 2800 5411 γὰρ
2836 5340 2954 5411 μεθ’
2995 5341 3129 5411 ὅσης
3155 5336 3461 5410 φιλοτιμίας
3501 5337 3530 5388 ὁ
3566 5335 3663 5387 Δε-

1996 5432 2202 5502 σπότης
2230 5430 2300 5485 τά
2326 5431 2456 5501 παρ’
2487 5428 2680 5483 ἐαυτοῦ
2709 5428 3092 5484 ἐπιδείκνυται.
3120 5427 3195 5479 Οὐ
3221 5425 3380 5495 μόνον
3409 5422 3519 5493 γάρ
3548 5420 3665 5474 υἱὸν

1995 5519 2183 5588 ετερον
2214 5517 2526 5587 ἐχαρίσατο,
2562 5514 2697 5569 ἀλλά
2729 5516 2822 5569 καὶ
2848 5515 3101 5587 ἐνάρετον
3129 5511 3289 5567 αὐτὸν
3316 5508 3534 5563 ἔσεσθαι
3560 5507 3660 5579 ήδη

1996 5624 2035 5659 π
2041 5604 2277 5676 ρομηνύε
2286 5622 2321 5657 ι.
2342 5603 2664 5673 Ἐγέννησε
2674 5601 2806 5671 γὰρ,
2820 5620 2893 5671 φη
2901 5603 2975 5666 σὶ,
2989 5599 3139 5654 κατὰ
3149 5598 3263 5666 τὴν
3275 5596 3442 5651 ἰδέαν
3454 5594 3659 5659 αὑτοῦ,

1996 5693 2094 5748 καί
2129 5692 2281 5745 κατὰ
2312 5690 2428 5757 τὴν
2462 5691 2669 5745 εἰκόνα
2693 5689 2900 5743 αὑτοῦ.
2928 5687 3037 5742 Καὶ
3065 5687 3151 5739 ἵνα
3182 5684 3442 5756 μάθωμεν
3462 5682 3662 5744 εὐθέως

1997 5778 2089 5832 τοῦ
2114 5776 2527 5847 τεχθέντος’τὴν
2565 5774 2785 5847 ἀρετὴν,
2818 5775 2921 5845 ὅρα
2942 5773 3034 5828 καὶ
3065 5772 3229 5827 αὐτὸν
3256 5770 3416 5825 πάλιν
3450 5769 3534 5823 διά
3563 5766 3662 5836 τῆς

2068 5898 2089 5926 ε
2129 5893 2207 5943 Sic
2230 5894 2341 5944 Sav.
2382 5899 2432 5943 et
2458 5906 2629 5943 omnes
2651 5893 2772 5943 fere.
2799 5891 2919 5942 Mor.
2946 5892 3040 5941 ἀπὸ
3065 5898 3148 5951 τῆς
3170 5890 3328 5953 ἀδεὶφ.
