4074 6134
539 199 638 253 1⁷77

531 317 591 365 et
605 307 840 366 clarior?
869 305 1135 364 Etl‘tceret
1163 308 1375 379 quidem
1400 307 1503 365 hoc
1535 309 1695 365 etiam
1712 325 1777 368 ex
1804 309 1921 365 allis
1944 308 2109 379 gestis

533 411 653 469 quae
689 398 935 454 similiter
962 407 1253 457 evenerunt
1291 398 1501 455 caritati
1538 408 1732 456 vestra:
1776 398 2059 457 ostendere
2091 417 2107 457 :

532 488 713 544 sedne
734 489 802 544 ab
828 489 1069 545 instituto
1079 499 1264 545 nostro
1274 490 1656 562 digrediamur,
1676 507 1772 564 age
1793 489 1971 546 denuo
1989 505 2107 560 qua:

528 579 822 637 dictasunt
844 589 1166 651 repetamus.
1215 579 1323 638 Iste
1346 592 1422 638 est
1443 582 1569 638 iiber
1590 582 1922 654 generationis
1946 581 2106 636 Itami-

529 684 687 737 nnm,
709 670 793 726 die
823 687 924 742 quo
948 672 1066 744 fecit
1104 671 1243 729 Dens
1281 673 1445 729 Adam
1471 713 1489 741 ,
1518 674 1793 730 secundum
1837 674 2107 745 imaginem

535 762 625 819 Dei
666 766 784 836 fecit
807 765 996 832 illum;
1036 765 1316 821 masculum
1354 775 1404 822 et
1444 767 1686 837 [etruriam
1731 766 1849 838 fecit
1873 765 1991 823 illos
2013 780 2034 831 ,'
2058 778 2107 822 et

527 856 800 927 appetierint
819 872 999 912 nomen
1017 873 1194 912 eorum
1219 858 1401 925 Adam,
1426 860 1508 914 die
1531 871 1632 929 quo
1660 859 1776 931 fecit
1803 859 1939 916 itlos.
1972 858 2104 916 Vide

524 945 794 1016 quomodo
816 948 1013 1003 iterum
1037 948 1444 1005 narratione'ab
1471 949 1622 1005 initio
1645 949 1897 1018 repetita,
1930 948 2105 1004 divina

522 1036 796 1107 Scriptura
841 1037 997 1095 nobis
1039 1047 1426 1094 commemorat
1470 1051 1725 1114 quantum
1765 1040 2020 1095 honorem
2072 1054 2102 1095 a

525 1127 816 1183 Conditorc
845 1128 1064 1185 sortitus
1091 1130 1162 1185 sit
1210 1128 1393 1185 homo.
1436 1129 1532 1185 Die
1577 1147 1697 1201 quo,
1751 1131 1958 1201 inquit,
1990 1130 2105 1202 fecit

526 1219 721 1287 Adam,
744 1219 1017 1274 secundum
1062 1220 1332 1291 imaginem
1360 1219 1457 1276 Dei
1505 1223 1618 1295 fecit
1663 1222 1806 1277 illum
1836 1238 1856 1277 :
1879 1222 1982 1277 hoc
2021 1230 2104 1276 cst

525 1310 819 1380 principem
867 1311 1012 1367 illum
1060 1313 1332 1368 constituit
1359 1314 1596 1368 omnium
1640 1313 1949 1369 visibilium.
1992 1312 2104 1367 lloc

523 1401 664 1455 enim
710 1409 793 1455 est
825 1399 1119 1455 Secundum
1171 1403 1460 1472 imaginem,
1505 1404 1797 1460 secundum
1843 1403 2100 1458 rationem

524 1490 743 1545 dom‘nii
768 1499 823 1547 et
841 1492 1190 1563 principatus.
1215 1493 1347 1548 Nam
1377 1493 1515 1550 sicut
1542 1494 1778 1548 onmium
1800 1494 1940 1550 Deus
1958 1493 2100 1564 prin-

523 1582 751 1652 cipatum
782 1582 940 1638 habet
967 1599 1128 1654 super
1151 1585 1328 1641 omnia
1351 1596 1457 1640 tam
1482 1585 1707 1641 visibilis
1729 1600 1888 1657 quam
1913 1584 2095 1640 invisi-

518 1672 671 1739 bilia,
704 1673 794 1743 qui
818 1673 1059 1730 omnium
1101 1674 1344 1731 conditor
1371 1684 1424 1731 et
1452 1676 1625 1747 cpifex
1656 1684 1738 1731 est
1760 1692 1781 1729 :
1808 1677 1887 1731 sic
1905 1683 2099 1732 etcum

524 1761 774 1818 formavit
794 1764 1050 1820 rationale
1078 1765 1182 1821 hoc
1208 1766 1427 1834 animal,
1460 1766 1627 1821 voluit
1651 1767 1888 1822 omnium
1919 1766 2100 1822 visibi-

521 1853 652 1908 lium
675 1854 991 1926 praefectura
1015 1856 1219 1926 insigne
1242 1871 1381 1912 csse.
1404 1857 1633 1915 Proinde
1660 1866 1716 1913 et
1749 1857 1941 1912 anima:
1970 1856 2098 1911 sub-

521 1948 767 2001 stantiam
795 1947 872 2002 illi
916 1947 1135 2018 largitus
1162 1957 1265 2015 est,
1306 1950 1489 2006 volens
1530 1950 1701 2020 ipsum
1745 1951 2096 2006 immortalem

533 2052 653 2093 esse
691 2047 746 2093 et
776 2048 1089 2108 perpetuum
1115 2055 1133 2095 κ
1159 2054 1344 2097 verum
1373 2040 1459 2096 ubi
1489 2056 1585 2111 per
1606 2041 1861 2098 desidiam
1882 2043 2094 2113 excidit,

513 2136 572 2182 et
599 2139 957 2199 transgressus
981 2137 1065 2185 est
1089 2130 1391 2186 mandatum
1408 2131 1509 2187 sibi
1529 2131 1800 2198 traditum,
1823 2147 1996 2202 neque
2008 2134 2085 2190 sic

517 2217 737 2273 omnino
763 2220 933 2289 ipsum
958 2228 1233 2277 aversatus
1255 2229 1339 2281 ost
1366 2239 1381 2276 :
1412 2222 1505 2279 sed
1533 2238 1638 2293 pro
1656 2237 1752 2280 sua
1783 2224 2089 2280 misericor-

518 2306 605 2361 dia
633 2308 1088 2366 immortalitatcm
1115 2312 1326 2383 quidem
1353 2312 1429 2368 illi
1473 2313 1694 2380 ademit,
1717 2323 1890 2370 morte
1916 2323 2094 2370 autem

512 2397 820 2456 damnatum
841 2400 899 2457 in
915 2402 1107 2459 cedent
1134 2402 1303 2459 ferme
1325 2404 1621 2475 principatu
1643 2405 1875 2477 reliquit.
1894 2405 2097 2462 Deinde

520 2503 643 2545 cum
682 2490 726 2546 is
749 2491 840 2561 qui
866 2507 932 2547 ex
967 2493 1059 2549 illo
1083 2502 1240 2550 natus
1268 2502 1385 2552 erat
1417 2495 1470 2552 in
1502 2502 1699 2552 tantam
1727 2495 1968 2567 prorupit
2016 2497 2095 2555 in-

513 2579 743 2645 saniam,
770 2589 832 2637 ut
854 2583 1055 2652 primus
1081 2584 1271 2641 mortis
1297 2587 1530 2656 speciem
1554 2587 1853 2656 inveberet,
1885 2588 2093 2645 violen-

523 2679 629 2726 tam
657 2672 804 2727 illam
835 2672 1038 2730 czcdem
1061 2675 1360 2743 exhiberet,
1400 2692 1465 2733 ac
1488 2678 1621 2734 casdi
1645 2677 1978 2736 mendacium
2003 2694 2094 2734 co-

519 2765 725 2833 pulans,
745 2780 987 2837 magnam
1008 2767 1403 2839 improbitatem
1425 2784 1534 2839 prae
1556 2783 1617 2825 se
1637 2768 1821 2836 ferret,
1843 2768 2092 2827 diuturna

514 2856 857 2924 castigatione
881 2857 1166 2913 emendare
1190 2857 1341 2912 illum
1368 2858 1554 2923 voluit,
1582 2867 1641 2914 ut
1666 2874 1771 2915 non
1798 2859 1972 2916 solum
1997 2859 2091 2914 ille

514 2946 714 3000 lucrum
742 2945 937 3003 facmet
959 2962 1024 3003 ex
1042 2948 1106 3010 iis
1129 2963 1247 3019 quae
1272 2950 1370 3018 ipsi
1384 2949 1777 3020 contingebant,
1801 2950 1894 3007 sed
1911 2958 1967 3005 et
1992 2965 2089 3021 po-

508 3046 684 3091 steros
706 3036 922 3095 docetet
943 3038 1347 3096 commissorum
1368 3039 1804 3110 magnitudinem,
1826 3048 1880 3095 et
1907 3039 2092 3109 ingen-

514 3136 618 3182 tem
665 3128 883 3185 sceleris
925 3129 1234 3187 fmditatem.
1271 3131 1538 3187 Caeterum
1585 3132 1707 3202 quia
1751 3146 1865 3202 prm
1901 3147 2089 3203 magna

516 3217 718 3287 ignavia
742 3220 937 3289 posteri
954 3235 1164 3291 quoque
1185 3220 1326 3277 illius
1345 3222 1592 3293 paulatim
1616 3222 1667 3277 in
1686 3222 1931 3292 graviora
1952 3223 2086 3277 mala

513 3309 754 3376 ruebant,
772 3311 974 3377 volens,
998 3320 1055 3367 ut
1074 3313 1145 3368 ita
1160 3312 1354 3381 dicam,
1378 3313 1537 3371 solari
1561 3313 1845 3379 Adamum,
1867 3314 1959 3386 qui
1982 3330 2086 3369 non

510 3401 681 3457 solum
707 3401 776 3457 ob
796 3418 942 3457 suam
963 3405 1439 3475 transgressionem
1459 3405 1591 3462 adeo
1615 3406 1893 3471 maerebat,
1912 3405 2011 3462 sed
2032 3414 2090 3461 et

511 3493 579 3547 ob
596 3492 852 3563 ﬂagitium
870 3494 1018 3549 Caini
1037 3495 1088 3549 in
1109 3496 1250 3551 luctu
1268 3496 1582 3553 intolerabili
1598 3498 1929 3564 versabatur,
1947 3498 2085 3568 quod

511 3584 619 3640 suis
649 3584 763 3654 ipse
807 3585 976 3641 oculis
1008 3600 1204 3643 casum
1249 3588 1380 3643 Abel
1407 3588 1628 3645 vidisset
1670 3605 1685 3646 :
1717 3604 1891 3659 neque
1914 3590 2082 3644 enim

513 3678 699 3733 mortis
726 3679 958 3748 speciem
986 3679 1246 3744 sciebant,
1270 3680 1475 3737 tametsi
1501 3681 1604 3736 lata
1625 3689 1767 3737 esset
1786 3682 2081 3738 sententia:

515 3768 650 3823 unde
673 3768 937 3838 etduplcx
970 3769 1044 3824 illi
1067 3784 1133 3824 ac
1163 3770 1351 3841 triplex
1380 3772 1552 3827 luctus
1589 3771 1793 3831 aderat.
1823 3774 1942 3842 quia
1978 3773 2085 3842 pri—

513 3874 657 3914 mum
680 3859 923 3913 viderunt
950 3869 1173 3919 mortem
1202 3861 1255 3916 in
1279 3863 1438 3916 vitam
1484 3862 1859 3929 introductam,
1892 3872 1949 3918 et
1974 3863 2085 3916 vio-

510 3950 709 4005 icutam
735 3959 978 4018 mortem,
1009 3960 1064 4007 et
1088 3966 1117 4005 a
1144 3952 1252 4009 tilio
1274 3960 1652 4023 perpetratam,
1702 3961 1758 4011 et
1786 3954 1837 4008 in
1864 3952 2080 4008 fratrem

511 4042 698 4097 eodem
744 4049 893 4112 patre
938 4041 1231 4114 eademque
1276 4054 1444 4099 matre
1485 4053 1686 4109 natum,
1717 4045 1807 4114 qui
1854 4044 1980 4100 nihil
2011 4044 2084 4098 illi

514 4131 718 4201 injuria:
748 4131 1010 4187 intulisset
1040 4153 1056 4188 :
1083 4133 1268 4189 volens
1288 4148 1416 4203 ergo
1445 4134 1703 4206 benignus
1732 4136 1870 4190 Deus
1902 4150 2083 4206 parem

511 4222 782 4277 doloribus
806 4220 994 4277 ail‘errc
1018 4224 1456 4287 consolationem.
1481 4226 1644 4282 alium
1676 4227 1750 4282 illi
1778 4227 1867 4283 dat
1895 4227 2080 4297 tiliam,

510 4313 637 4371 Scth
665 4314 941 4376 videlicet;
971 4328 1132 4386 atque
1161 4317 1284 4372 hinc
1307 4319 1406 4388 ipsi
1427 4319 1547 4375 data
1571 4318 1859 4376 sufﬁcienti
1883 4337 2082 4377 conso-

511 4403 728 4473 latione,
748 4409 816 4464 ab
834 4407 924 4469 illo
943 4420 1124 4479 postea
1138 4408 1406 4479 progeniei
1426 4409 1631 4466 in'tium
1650 4410 1812 4466 ducit.
1837 4410 2086 4481 Propter-

511 4513 576 4553 ea
611 4498 796 4554 beatus
820 4500 1075 4571 propheta
1111 4501 1191 4556 sic
1215 4515 1437 4556 exorsus
1471 4509 1575 4566 est,
1618 4501 1800 4558 dicens
1828 4521 1840 4556 :
1878 4502 1987 4558 Iste
2008 4512 2083 4558 est

512 4586 636 4643 iiber
661 4591 998 4660 generationis
1046 4592 1325 4645 hominum.
1378 4591 1597 4656 Deinde,
1627 4602 1684 4645 ut
1734 4593 1973 4663 promisit
2024 4608 2083 4649 se

508 4690 848 4737 narraturum
876 4683 1152 4739 hominum
1175 4684 1596 4754 generationem,
1646 4685 1767 4740 vide
1812 4702 1914 4756 qua
1941 4687 2083 4743 serie

511 4772 695 4824 utitur.
719 4774 772 4828 3.
817 4773 949 4828 Vixit
975 4776 1137 4829 Adam
1164 4776 1313 4829 annis
1337 4775 1562 4830 ducentis
1580 4777 1806 4845 triginta,
1834 4786 1880 4831 et
1906 4779 2079 4848 genuit

513 4863 785 4916 secundum
808 4866 1021 4932 specirm
1048 4882 1211 4931 suam,
1241 4876 1289 4920 et
1313 4866 1586 4922 secundum
1610 4867 1876 4938 imaginem
1904 4885 2082 4934 suam;

508 4961 553 5003 rt
585 4953 853 5020 appellavit
874 4970 1049 5009 nomen
1064 4957 1202 5010 iliitts
1226 4955 1369 5010 Setia.
1398 4957 1450 5009 4.
1484 4955 1711 5010 Fuerunt
1739 4966 1902 5011 autent
1923 4959 2082 5028 ipsius

510 5043 633 5096 anni
659 5042 973 5114 septingenti,
996 5054 1041 5099 et
1066 5049 1232 5118 genuit
1258 5047 1390 5116 ﬁlios
1412 5057 1459 5102 et
1476 5048 1630 5117 filias.
1656 5049 1709 5104 5.
1738 5048 1801 5105 Et
1828 5049 1951 5117 facti
1967 5059 2083 5105 sunt

510 5148 681 5186 omnes
706 5133 811 5185 dies
836 5132 1019 5199 Adam,
1040 5136 1162 5188 anni
1186 5139 1418 5207 nongenti
1433 5139 1658 5210 triginta,
1677 5152 1724 5193 et
1741 5151 1963 5194 mortuus
1981 5152 2077 5196 est.

579 5223 633 5277 ὅ.
667 5220 719 5275 Ν
722 5221 815 5276 iltil
834 5223 1023 5294 [rustra
1045 5225 1255 5293 positum
1276 5228 1328 5281 in
1348 5230 1614 5299 Scriptura
1636 5245 1801 5283 sacra.
1816 5230 2082 5287 —Nonne

511 5308 646 5368 bene
660 5312 900 5367 dicebam
920 5311 969 5365 in
986 5313 1204 5368 esttrdio
1222 5317 1501 5384 sermonis,
1526 5317 1653 5373 nihil
1671 5333 1793 5374 esse
1811 5327 2007 5375 temere
2028 5330 2083 5375 et

511 5403 709 5471 alisque
729 5402 954 5456 utilitate
974 5402 1025 5456 in
1046 5418 1194 5457 sacra
1216 5405 1483 5474 Scriptura
1502 5407 1727 5477 positum
1742 5408 1768 5461 i
1784 5408 1917 5463 Ecce
1936 5408 2077 5462 enim

503 5500 553 5545 ct
577 5502 928 5561 nuncquanta
948 5492 1214 5563 diligentia
1242 5510 1367 5549 usus
1386 5507 1460 5552 ρει
1486 5497 1669 5551 beatus
1693 5497 1778 5552 ille
1800 5499 2074 5568 propheta.

505 5580 717 5656 Genua,
739 5583 926 5655 inquit,
951 5581 1110 5638 Adam
1128 5585 1397 5643 secundum
1416 5589 1629 5660 speciem
1647 5605 1804 5654 suam,
1833 5598 1879 5644 et
1901 5606 2051 5645 secun

1591 196 1658 255 IN
1694 199 1848 256 CAP.
1893 199 1954 255 ν.
1996 200 2243 258 GENES.
2286 203 2511 263 "OMIL.
2544 205 2684 265 XXI.

3684 201 3785 257 {78

2218 309 2341 363 dum
2352 310 2620 384 imaginem
2631 332 2795 384 manu,
2808 309 3140 390 etappdlavit
3153 334 3329 374 nomen
3346 308 3484 374 illius
3501 318 3644 376 Sciit.
3658 319 3786 379 Cum

2214 400 2280 461 de
2305 401 2481 472 priore
2505 402 2810 474 loqueretur
2831 404 2941 459 tilio
2961 447 2975 471 ,
3001 401 3131 460 Cain
3156 406 3277 461 dico
3294 448 3311 476 ,
3337 406 3466 462 nihil
3495 409 3601 465 tale
3627 411 3790 481 signi-

2211 495 2387 551 ficavit
2431 496 2678 552 nimirum
2712 499 2823 567 jam
2862 505 3017 554 antea
3061 498 3299 555 indicans
3328 499 3469 556 illius
3498 501 3550 556 in
3589 501 3785 558 nmium

2210 588 2631 658 proclivitatem;
2659 599 2713 647 et
2737 591 2964 648 merito:
2997 605 3101 648 non
3123 593 3265 648 enim
3291 591 3524 647 servavit
3542 602 3789 664 paternos

2208 695 2405 748 mores,
2433 682 2525 737 sed
2554 683 2792 752 protinus
2819 683 2886 739 ad
2915 684 3167 741 malitiam
3197 684 3451 756 confugit.
3487 684 3583 740 llic
3609 695 3787 742 autem

2210 769 2417 839 inquit,
2465 770 2759 826 Secundum
2815 773 3030 842 speciem
3079 783 3127 829 et
3179 774 3455 829 secundum
3519 775 3789 847 imaginem

2208 874 2351 915 suam
2373 899 2388 926 ,
2419 859 2522 914 hoc
2558 867 2637 916 est
2659 899 2679 928 ,
2714 861 3027 917 eorumdem
3070 878 3277 918 morum
3298 905 3313 930 ,
3342 864 3534 932 quibus
3571 865 3658 921 ille
3697 865 3787 936 qui

2207 959 2480 1021 genuerat,
2507 960 2562 1006 et
2583 951 2673 1022 qui
2698 960 2937 1009 servaret
2956 952 3172 1010 eosdem
3194 954 3404 1009 virtutis
3429 954 3783 1022 characteres,

2207 1041 2294 1108 qui
2326 1048 2598 1110 paternam
2631 1041 2915 1113 imaginem
2944 1043 3194 1113 cperibus
3219 1047 3577 1113 exprimeret,
3610 1055 3662 1101 ct
3690 1048 3780 1117 qui

2206 1142 2309 1185 sua.
2331 1130 2526 1185 virtute
2553 1131 2748 1200 prioris
2786 1142 3060 1201 peccatmn
3098 1147 3347 1202 reparare
3388 1134 3574 1205 possit.
3602 1132 3785 1205 Neque

2205 1220 2347 1273 enim
2394 1219 2464 1274 de
2508 1221 2875 1289 corporalibus
2920 1222 3254 1279 lineamentis
3296 1234 3346 1278 ct
3392 1223 3785 1280 charactcrihus

2205 1308 2479 1380 Scriptura
2505 1311 2658 1367 nobis
2696 1312 2969 1369 disserens
2990 1353 3007 1378 ,
3050 1313 3214 1369 dicit:
3247 1314 3538 1368 Secundum
3568 1316 3784 1385 speciem

2202 1416 2381 1467 suam,
2424 1410 2471 1456 et
2513 1403 2789 1457 secundum
2838 1403 3107 1474 imaginem
3154 1421 3298 1458 suam
3324 1420 3344 1459 :
3389 1404 3482 1461 sed
3527 1405 3594 1461 de
3641 1412 3780 1460 statu

2202 1492 2415 1560 animm,
2447 1501 2506 1548 ut
2545 1494 2814 1550 discamus
2855 1496 2996 1550 hunc
3035 1511 3139 1550 non
3177 1494 3335 1551 talem
3364 1511 3484 1552 esse
3521 1494 3777 1551 futurum.

2203 1581 2327 1638 ideo
2351 1591 2408 1638 et
2435 1593 2606 1639 maler
2630 1600 2828 1640 nomen
2859 1585 2967 1641 [ilio
2997 1585 3277 1656 imponens
3300 1625 3317 1652 ,
3348 1600 3468 1640 cum
3492 1585 3778 1656 gratiarum

2200 1675 2409 1729 actione
2437 1675 2540 1730 hoc
2566 1690 2760 1732 nomen
2787 1676 2977 1732 indidit
3003 1694 3020 1733 :
3062 1685 3119 1733 et
3144 1692 3317 1746 neque
3343 1687 3547 1732 natura:
3563 1716 3581 1745 ,
3611 1692 3782 1748 neque

2201 1765 2376 1835 partui
2403 1766 2657 1823 adscribit
2684 1776 2865 1823 natum
2896 1784 3117 1839 puerum
3139 1809 3155 1834 ,
3197 1768 3290 1823 sed
3324 1768 3415 1823 Dei
3456 1770 3658 1824 virtuti.
3690 1770 3780 1825 illa

2198 1857 2343 1913 enim
2373 1866 2613 1917 naturam
2655 1859 2957 1915 fecundavit
2998 1859 3063 1913 ad
3091 1868 3319 1929 partum,
3348 1867 3402 1913 ct
3430 1860 3505 1914 ait
3533 1877 3547 1914 :
3577 1857 3779 1931 Cogno-

2199 1948 2404 2002 minmn't
2430 1965 2611 2004 nomen
2639 1950 2780 2004 illius
2804 1949 2929 2007 Setlt
2949 1989 2966 2017 ,
2996 1949 3164 2005 dicens
3186 1965 3206 2004 :
3230 1949 3480 2003 Excitavit
3504 1950 3636 2005 enim
3655 1950 3778 2005 mihi

2197 2036 2338 2093 Dens
2377 2055 2543 2093 semen
2585 2039 2726 2095 aliud
2766 2056 2858 2110 pro
2885 2039 3037 2106 Abel,
3077 2055 3222 2108 quem
3258 2039 3439 2093 occidit
3473 2038 3596 2094 Cain
3621 2036 3773 2113 (Gen.

2198 2131 2254 2187 4.
2279 2131 2393 2202 25).
2424 2131 2556 2186 Vide
2581 2131 2728 2187 verbi
2753 2131 3100 2201 diligentiam.
3126 2130 3242 2185 Non
3267 2129 3438 2185 dixit:
3469 2129 3620 2185 Dedit
3645 2129 3775 2185 ntihi

2201 2221 2371 2276 Deus:
2406 2221 2521 2288 sed,
2556 2220 2805 2277 Excitavit
2830 2221 2972 2275 milii.
3005 2219 3234 2276 Attende
3262 2219 3526 2289 quomodo
3551 2219 3776 2274 obscure

2201 2311 2351 2366 nobis
2383 2309 2481 2367 hoc
2516 2311 2681 2366 verbo
2719 2310 3124 2367 resurrectionis
3150 2309 3365 2365 exordia
3409 2308 3497 2364 hic
3523 2309 3771 2365 ostendit.

2198 2400 2272 2455 Ita
2297 2400 2441 2457 enim
2480 2401 2794 2472 loquebatur
2820 2415 2884 2456 ac
2927 2401 2973 2455 si
3000 2401 3120 2470 quis
3161 2379 3401 2454 diceret:
3445 2399 3549 2454 Pro
3590 2413 3657 2454 eo
3685 2399 3773 2469 qui

2195 2493 2406 2560 cecidit,
2434 2493 2683 2549 excitavit
2708 2493 2835 2551 mihi
2863 2493 3022 2549 hunc.
3051 2493 3378 2562 Quamquam
3407 2491 3497 2547 ille
3515 2532 3531 2560 ,
3565 2492 3772 2563 inquit,

2196 2583 2475 2638 in'tcrram
2515 2582 2702 2639 dextra
2733 2583 2908 2638 fratris
2931 2596 3214 2653 percussus
3249 2581 3475 2646 cecidit,
3505 2591 3559 2636 et
3588 2583 3774 2637 mortis

2198 2674 2486 2743 periculum
2510 2673 2653 2739 fecit,
2687 2682 2860 2729 tamen
2893 2673 2983 2729 Dei
3008 2674 3177 2729 virtus
3199 2688 3294 2744 pro
3314 2687 3454 2729 ca‘so
3481 2674 3619 2729 hunc
3644 2673 3772 2729 mihi

2194 2763 2487 2819 suscitavit.
2514 2763 2619 2819 Sed
2643 2765 2765 2834 quia
2795 2763 3029 2820 nondum
3059 2772 3269 2834 tempus
3288 2772 3405 2820 erat
3428 2766 3772 2820 resurrectio-

2193 2856 2300 2921 nis,
2352 2872 2457 2911 non
2500 2866 2769 2912 mortuum
2813 2856 3105 2921 suscitavit,
3153 2855 3247 2911 sed
3287 2857 3448 2910 alium
3493 2869 3591 2924 pro
3638 2856 3766 2910 illo:

2192 2947 2539 3017 quamobrem
2566 2957 2620 3003 et
2647 2947 2756 3018 ipsa
2785 2947 2957 3003 dixit:
2989 2947 3263 3003 Suscitavit
3291 2947 3412 3001 mihi
3441 2946 3578 3002 Deus
3604 2965 3770 3003 semen

2193 3036 2334 3091 aliud
2359 3052 2452 3107 pro
2479 3036 2632 3103 Abel,
2657 3054 2803 3109 quem
2829 3037 3008 3093 occidit
3033 3036 3180 3093 Cain.
3213 3037 3401 3093 Vidisti
3426 3046 3634 3108 gratum
3656 3054 3770 3093 mu-

2195 3129 2340 3183 licris
2383 3128 2658 3184 animum?
2701 3128 2876 3184 vidisti
2923 3127 3299 3199 benignitatem
3349 3127 3593 3182 Domini?
3639 3142 3769 3198 quo-

2194 3218 2354 3273 modo
2407 3219 2754 3275 accol-oratam
2802 3219 2907 3274 illis
2955 3217 3371 3275 consolationem
3422 3218 3763 3289 excogitavit.

2191 3310 2340 3367 Hanc
2369 3310 2638 3366 imitemur
2661 3325 2850 3366 omnes
2873 3348 2888 3374 ,
2916 3319 2973 3365 et
3001 3319 3169 3365 totutn
3195 3324 3438 3379 superna:
3462 3310 3646 3380 gratia:
3672 3312 3764 3363 tria

2193 3402 2432 3458 beamus.
2472 3400 2605 3457 Nam
2639 3401 2767 3457 licet
2801 3408 2987 3456 natura
3029 3408 3300 3470 operetur,
3330 3413 3437 3453 non
3467 3406 3642 3453 tamen
3674 3413 3764 3455 sua

2192 3492 2410 3553 virtute,
2440 3490 2534 3546 sed
2562 3496 2826 3559 praecepto
2851 3489 3011 3554 illius,
3038 3489 3128 3558 qui
3156 3488 3323 3558 ipsam
3345 3486 3487 3553 fecit,
3516 3486 3766 3542 obcdicns

2191 3589 2463 3652 cperatur.
2505 3580 2572 3635 Et
2595 3593 2879 3649 numquam
2909 3578 3119 3633 doleant
3149 3578 3398 3633 mulieres
3424 3576 3634 3646 quando
3662 3591 3768 3630 non

2192 3673 2421 3742 pariunt,
2450 3671 2544 3727 sed
2570 3680 2780 3742 gratum
2807 3671 3043 3725 animum
3075 3684 3183 3738 pra:
3208 3683 3267 3723 se
3293 3668 3541 3735 ferentes,
3572 3667 3638 3722 ad
3669 3684 3767 3722 na-

2192 3773 2323 3819 tura:
2350 3762 2608 3832 Opiﬁcem
2636 3760 2977 3831 confugiant;
3003 3767 3058 3815 et
3083 3759 3150 3815 ab
3176 3759 3265 3815 illo
3294 3767 3510 3828 petant,
3549 3757 3639 3829 qui
3670 3774 3765 3812 na-

2188 3864 2322 3912 tura:
2350 3853 2608 3910 Dominus
2631 3861 2749 3920 est;
2793 3861 2847 3908 et
2889 3866 3060 3922 neque
3095 3850 3377 3921 cunjngum
3417 3850 3723 3919 congressui
3748 3888 3763 3913 ,

2188 3962 2365 4019 neque
2388 3946 2538 4001 alteri
2566 3945 2798 4016 cuipiam
2825 3944 2899 3998 rei
2929 3942 3153 3997 iiliorum
3181 3942 3440 4011 imputent
3466 3939 3767 4010 generatio-

2190 4056 2310 4095 nem
2333 4081 2348 4106 ,
2378 4038 2472 4095 sed
2511 4035 2783 4094 Conditori
2812 4034 3047 4093 omuium
3071 4072 3087 4100 ,
3114 4032 3202 4103 qui
3231 4048 3296 4088 ex
3327 4033 3492 4087 nihilo
3524 4040 3763 4086 naturam

2190 4138 2426 4185 nostram
2451 4127 2699 4198 produxit
2725 4137 2779 4181 ut
2804 4133 2983 4191 esset,
3010 4132 3064 4178 et
3086 4122 3471 4178 claudicantem
3497 4121 3763 4192 corrigere

2190 4230 2364 4292 potest
2388 4238 2402 4274 :
2429 4216 2850 4290 quandoquidem
2872 4224 2926 4270 et
2946 4214 3042 4270 ista
3065 4229 3130 4269 ex
3152 4213 3430 4269 occasione
3456 4212 3634 4267 luctus
3657 4212 3766 4266 Deo

2187 4314 2407 4384 gloriam
2451 4309 2713 4365 referendi
2750 4307 2977 4375 sumpsit
3016 4313 3404 4376 argumentum,
3443 4311 3498 4358 et
3542 4302 3766 4357 Domino

2190 4413 2355 4459 totum
2388 4401 2584 4467 tribuit,
2610 4401 2828 4456 dicens:
2860 4397 3104 4452 Excitavit
3133 4396 3257 4450 mihi
3286 4394 3422 4450 Dens
3434 4394 3764 4449 sstnenatiud

2191 4510 2285 4566 pro
2313 4490 2469 4558 Abel,
2499 4505 2645 4560 quem
2674 4488 2854 4543 occidit
2879 4486 3024 4543 Cain.
3056 4485 3219 4541 Vides
3243 4483 3509 4555 quomodo
3537 4500 3639 4538 non
3669 4498 3760 4538 so-

2191 4584 2296 4638 lum
2321 4596 2430 4635 non
2468 4578 2724 4650 gravatim
2753 4577 2904 4642 tulit,
2937 4590 3108 4644 neque
3139 4575 3287 4628 triste
3314 4572 3521 4645 aliquid
3551 4573 3764 4641 loquuta

2189 4681 2274 4729 cst
2300 4672 2425 4744 (non
2452 4672 2595 4727 enim
2620 4669 3046 4741 prmtcrmisissct
3071 4665 3249 4722 divina
3273 4665 3541 4733 Scriptura
3557 4703 3573 4728 ,
3601 4661 3766 4730 siqui-

2190 4766 2310 4821 dem
2341 4764 2443 4819 tale
2470 4763 2719 4833 quiddam
2751 4762 2817 4816 ab
2856 4762 2942 4815 illa
2971 4759 3168 4814 dictum
3199 4756 3434 4826 fuisset),
3466 4768 3643 4808 verum
3666 4768 3755 4822 ge-

2190 4871 2382 4913 nerose
2425 4856 2599 4910 ferens
2642 4853 2783 4925 quod
2834 4852 3129 4910 acciderat,
3177 4844 3544 4901 consolatione
3585 4842 3763 4898 statim

2187 4951 2468 5020 dignatur,
2497 4955 2552 5002 et
2593 4946 2792 5014 majora
2839 4941 2973 5012 grati
3014 4939 3175 4993 animi
3221 4938 3312 4991 dat
3338 4936 3522 5005 signa,
3556 4934 3763 4989 Domini

2190 5043 2501 5099 beneficium
2530 5036 2862 5111 prmdicans?
2895 5034 3022 5088 Vide
3051 5035 3191 5086 enim
3216 5046 3372 5101 quam
3404 5029 3629 5098 benigne
3661 5027 3764 5082 Do-

2189 5136 2363 5189 minus
2401 5148 2518 5203 qum
2557 5144 2772 5186 suarum
2817 5138 2937 5182 sunt
2993 5123 3215 5194 partium
3259 5129 3596 5190 exsequatur.
3645 5118 3760 5174 Non

2189 5224 2348 5279 modo
2370 5223 2512 5278 enim
2535 5220 2693 5274 alium
2718 5217 2807 5273 dat
2837 5217 2907 5271 iili
2937 5214 3122 5278 tilium,
3151 5212 3244 5267 scd
3273 5220 3327 5268 et
3357 5213 3546 5264 virtute
3575 5209 3757 5280 prrcdi-

2188 5324 2297 5368 tum
2321 5312 2438 5369 fore
2462 5320 2616 5365 antea
2639 5307 2912 5378 significat.
2943 5303 3127 5359 (ienuit
3150 5303 3291 5358 enim
3315 5343 3328 5366 ,
3356 5301 3558 5371 inquit,
3582 5317 3761 5354 secun-

2189 5406 2308 5458 dum
2328 5403 2543 5475 speciem
2567 5416 2730 5463 suam,
2759 5408 2804 5452 et
2828 5396 3103 5452 secundum
3129 5393 3396 5462 imaginem
3422 5406 3586 5443 suam.
3618 5388 3684 5441 Et
3707 5397 3762 5440 ut

2188 5494 2364 5548 statim
2384 5492 2659 5547 discamus.
2675 5488 2780 5542 nati
2801 5487 3070 5549 virtutem,
3099 5483 3216 5538 vide
3240 5481 3360 5554 quia
3381 5480 3471 5534 eti
3480 5492 3569 5546 pse
3585 5477 3759 5530 statim

2189 5605 2285 5661 per
2308 5581 2712 5658 appellationem
2743 5579 2831 5633 lilii
2858 5578 2938 5633 sui
2966 5591 3072 5631 sua:
3103 5575 3293 5629 mentis
3318 5571 3563 5641 pietatem
3584 5573 3753 5618 osten-
