4074 6134
263 263 367 321 ΠΕ)

259 378 637 451 προσηγορίας
669 375 766 430 τοῦ
797 377 888 430 ὐπ’
927 375 1092 430 αὐτοῦ
1120 377 1400 447 τεχθέντος
1427 379 1714 433 δεικνύντα
1756 381 1817 435 τὸ
1850 400 1936 452 φι-

258 465 448 520 λόθεον
476 463 640 518 αὐτοῦ
663 465 763 536 τῆς
792 461 1038 535 γνώμης.
1067 465 1175 518 Kal
1203 465 1284 529 τῷ
1317 465 1440 533 Σίιο
1492 468 1674 536 φησιν.
1701 466 1941 536 ἐγένετο

259 555 416 619 υίὸς,
455 553 552 606 καί
587 552 943 620 ἐπωνόμασε
976 551 1042 603 τὸ
1074 551 1262 620 ὄνομα
1292 552 1478 606 αὐτοῦ
1517 551 1717 618 Ἐνώς.
1753 551 1942 622 Οὗτος

258 640 532 708 ἤλπισεν
580 639 998 692 ἐπικαλεῖσθαι
1041 638 1106 692 τὸ
1153 638 1340 707 ὄνομα
1371 639 1589 707 Κυρίου
1627 641 1734 695 τοῦ
1769 641 1937 696 Θεοῦ.

261 723 417 790 Εἶδες
447 725 822 797 προσηγορίαν
843 724 1172 796 διαδήματος
1193 724 1599 798 λαμπροτέραν,
1625 727 1752 780 ἀλου
1762 727 1940 799 ργίδος

258 813 660 885 φαιδροτέρανς
701 811 767 865 Τί
796 811 906 882 γάρ
935 809 1002 864 ἂν
1033 812 1117 880 εἴη
1146 811 1613 882 μακαριστότερον
1643 813 1736 866 τοῦ
1766 813 1939 867 τοιού-

259 919 358 956 του
397 901 492 954 τοῦ
536 903 604 970 τῇ
650 899 937 970 ἐπικλήσει
979 897 1074 951 τοῦ
1114 897 1251 951 Θεοῦ
1301 898 1810 971 καλλωπιζομένου,
1843 901 1939 956 καὶ

261 991 423 1044 τοῦτο
449 988 570 1042 ἀντὶ
593 987 859 1058 ὀνόματος
890 1001 1059 1055 κεκτη
1067 984 1230 1054 μένου
1251 1002 1266 1048 ;

345 1078 511 1150 Ὁρᾷς
547 1077 688 1142 πῶς,
713 1077 850 1138 ὅπερ
881 1074 941 1138 ἐξ
975 1074 1148 1146 ἀρχῆς
1180 1073 1384 1142 ἔλεγον,
1418 1073 1512 1127 καὶ
1540 1075 1598 1129 ἐν
1630 1075 1820 1140 αὐταῖς
1846 1075 1937 1147 ψι-

261 1162 384 1226 λαῖς
420 1166 541 1227 ταῖς
567 1162 962 1234 προσηγορίαις
986 1160 1156 1222 πολὺς
1174 1160 1526 1215 ἐναπόκειται
1557 1161 1786 1228 πλοῦτος
1812 1180 1936 1234 νοη-

265 1251 454 1320 μάτων
479 1267 494 1316 ;
525 1248 600 1302 Οὐ
639 1247 797 1317 μόνον
817 1247 927 1316 γάρ
947 1244 1056 1299 τῶν
1081 1245 1284 1314 γονέων
1308 1245 1558 1300 ἐντεῦθεν
1583 1245 1854 1302 δείκνυται
1875 1247 1936 1302 τὺ

261 1335 530 1404 φιλόθεον·
553 1333 688 1388 ἀλλά
708 1333 858 1404 καὶὴ
891 1332 1060 1405 πολλὴ
1083 1333 1216 1404 περὶ
1241 1333 1368 1396 τούς
1391 1332 1587 1396 παῖδας
1609 1333 1788 1386 αὐτῶν
1816 1335 1936 1388 ἐπι-

265 1421 488 1493 μέλεια·
528 1422 624 1474 καὶ
671 1421 820 1482 ὅπως
849 1417 1056 1474 ἄνωθεν
1089 1420 1184 1474 καὶ
1230 1419 1288 1486 ἐξ
1333 1421 1508 1491 ἀρχῆς
1543 1420 1827 1475 ἐπαίδευον
1864 1422 1934 1476 τὰ

259 1509 559 1580 τικτόμενα
590 1507 778 1560 παιδία
805 1505 895 1560 διά
921 1507 1020 1576 τῆς
1055 1507 1450 1579 προσηγορίας,
1488 1507 1556 1579 ἢν
1590 1507 1775 1570 αὐτοῖς
1801 1509 1929 1562 ἐπε-

259 1595 502 1659 τίθεσαν,
538 1593 638 1663 τῆς
667 1592 868 1665 ἀρετῆς
891 1593 1212 1664 ἀντέχεσθαι
1235 1632 1250 1657 ,
1275 1593 1368 1647 καὶ
1401 1593 1462 1646 οὐ
1485 1593 1736 1666 καθάπερ
1761 1595 1812 1648 οί
1839 1594 1933 1650 νῦν

261 1681 450 1746 ἁπλῶς
479 1681 572 1734 καὶ
601 1679 675 1743 ὡς
704 1677 861 1748 ἔτυχε
883 1677 981 1742 τὰς
1015 1677 1386 1750 προσηγορίας
1413 1678 1710 1734 ποιοῦνται.
1746 1679 1840 1741 Εἰς
1871 1681 1934 1733 τὸ

257 1765 454 1840 ὖνομα,
482 1768 636 1838 φησὶ,
658 1764 751 1820 τοῦ
785 1765 1036 1830 πάππου,
1071 1765 1164 1819 καὶ
1192 1765 1288 1819 τοῦ
1319 1765 1636 1820 ἐπιπάππου
1666 1765 1933 1821 καλείσθω

258 1857 323 1910 τὺ
364 1857 610 1910 παιδίονο
655 1853 772 1909 ἀλλ’
813 1857 862 1908 ol
906 1853 1132 1908 παλαιοὶ
1175 1855 1275 1926 οὐχ
1317 1853 1526 1922 οὕτως,
1576 1855 1714 1910 ἀλλὰ
1750 1857 1932 1911 πᾶσαν

263 1945 497 2016 σπουδὴν
525 1941 801 1997 ἐποιοῦντο
829 1939 1080 2005 τοιαύτας
1105 1942 1476 2014 προσηγορίας
1497 1943 1800 1997 ἐπιτιθέναι
1817 1946 1932 2008 τοῖς

259 2031 619 2102 τικτομένοις,
654 2030 712 2083 αἳ
745 2028 822 2100 μὴ
861 2028 1020 2098 μόνον
1054 2029 1253 2092 αὐτοὺς
1279 2028 1407 2092 τοὺς
1433 2027 1533 2100 τὴν
1557 2029 1930 2101 προσηγορίαν

258 2122 578 2194 δεχομένους
617 2121 695 2183 είς
740 2118 942 2190 ἀρετὴν
988 2117 1205 2188 ἐνῆγον,
1261 2117 1400 2170 ἀλλά
1447 2117 1543 2171 καὶ
1590 2120 1704 2182 τοῖς
1749 2118 1931 2183 ἄλλοις

259 2209 431 2263 ἅπασι
457 2208 550 2260 καὶ
589 2209 711 2270 ταῖς
752 2205 890 2276 μετά
919 2203 1097 2258 ταῦτα
1117 2207 1333 2274 γενεαῖς
1361 2203 1678 2258 διδασκαλία
1717 2204 1931 2275 φιλοσο-

260 2296 390 2366 φίας
421 2295 637 2365 ἁπάσης
658 2290 916 2361 ἐγίνοντο.
941 2291 1053 2345 Καὶ
1079 2290 1236 2344 τοῦτο
1265 2289 1518 2361 εἰσόμεθα
1555 2290 1694 2345 κατὰ
1735 2290 1928 2363 μικρὸν

259 2381 544 2454 προϊόντος
565 2378 660 2433 τοῦ
683 2378 866 2446 λόγου.
895 2378 987 2449 Μὴ
1027 2377 1208 2430 τοίνυν
1239 2377 1376 2450 μηδὲ
1403 2379 1567 2448 ἡμεῖς
1596 2377 1699 2442 τὰς
1735 2377 1930 2448 τυχού-

259 2487 363 2534 σας
410 2466 786 2541 προσηγορίας
835 2464 1174 2535 ἐπιτιθώμεν
1201 2477 1227 2506 ιι
1255 2468 1366 2528 τοῖς
1405 2465 1612 2530 παισὶν,
1661 2464 1794 2536 μηδὲ
1823 2463 1929 2518 τῶν

257 2558 524 2621 πάππων,
552 2555 646 2608 καὶ
673 2554 782 2606 τῶν
807 2552 1167 2616 έπιπάππων,
1208 2551 1431 2606 καὶτῶν
1466 2551 1600 2624 πρὸς
1631 2552 1786 2621 γένος
1820 2551 1930 2605 δια-

257 2645 534 2716 φερόντων
568 2643 668 2704 τάς
693 2640 990 2712 ὀνομασίας
1047 2639 1230 2703 αὐτοῖς
1261 2637 1636 2710 χαριζώμεθα,
1661 2639 1796 2692 ἀλλά
1822 2637 1929 2692 τῶν

257 2731 430 2799 ἁγίων
477 2728 685 2800 ἀνδρῶν
717 2727 825 2781 τῶν
870 2729 1039 2799 ἀρετῇ
1081 2725 1523 2796 διαλαμψάντων,
1573 2725 1680 2778 τῶν
1728 2725 1930 2795 πολλὴν

259 2816 572 2891 παρρησίαν
615 2815 752 2888 πρὸς
780 2814 872 2868 τὸν
913 2813 1047 2867 Θεὸν
1075 2813 1415 2884 ἐσχηκότωνο
1458 2811 1660 2883 μᾶλλον
1705 2811 1762 2864 δέ
1793 2809 1930 2883 μηδέ

261 2909 381 2969 ταῖς
408 2903 612 2958 τούτων
653 2899 1044 2974 προσηγορίαις
1074 2899 1260 2962 ἁπλῶς
1286 2897 1662 2970 θαρῥείτωσαν
1707 2899 1849 2970 μήτε
1879 2897 1930 2950 οί

261 2994 464 3062 γονεῖς,
497 2991 636 3061 μήτε
674 2989 725 3042 οί
757 2987 946 3048 παῖδες
967 3026 982 3049 ,
1014 2987 1064 3040 οί
1098 2985 1196 3049 τὰς
1230 2985 1603 3058 προσηγορίας
1627 2985 1926 3056 δεχόμενοι.

260 3083 397 3138 Οὐδέ
440 3081 550 3152 γάρ
580 3079 789 3150 όνίνησί
839 3095 892 3131 τι
923 3076 1268 3148 προσηγορία
1301 3077 1502 3148 ἀρετῆς
1536 3077 1742 3149 ἔρημος
1769 3073 1924 3142 οὖσα,

259 3170 398 3226 ἀλλά
441 3169 521 3222 δεῖ
547 3169 605 3220 ἐν
633 3169 701 3238 τῇ
731 3163 1066 3236 κατορθώσει
1099 3165 1200 3235 τῆς
1229 3163 1428 3234 ἀρετῆς
1458 3163 1555 3228 τάς
1589 3164 1810 3228 ἐλπίδας
1829 3166 1930 3236 τῆς

263 3255 536 3326 σωτηρίας
556 3253 722 3326 ἔχειν,
751 3252 846 3306 καὶ
875 3251 1013 3322 μήτε
1049 3250 1144 3304 ἐπὶ
1172 3249 1514 3322 προσηγορίᾳ
1539 3251 1682 3322 μέγα
1711 3255 1930 3322 φρονεῖν

264 3345 406 3415 μήτε
427 3343 516 3395 ἐπὶ
539 3339 830 3411 συγγενείᾳ
839 3337 948 3392 τῶν
961 3337 1132 3406 ἁγίων
1147 3336 1378 3408 ἀνδρῶν,
1403 3337 1538 3409 μήτε
1559 3338 1646 3392 ἐπ’
1661 3339 1808 3410 ἄλλῳ
1824 3356 1928 3412 μη-

259 3430 369 3484 δενὶ
386 3428 502 3484 ἀλλ’
520 3427 614 3481 ἐπὶ
629 3429 695 3498 τῇ
709 3425 818 3480 τῶν
840 3424 1056 3478 οίκείων
1081 3424 1259 3495 ἔργων
1281 3425 1564 3498 παρρησίᾳ
1579 3441 1593 3456 ·
1617 3423 1769 3498 [186]
1789 3425 1927 3497 μᾶλ-

259 3513 351 3573 λον
371 3517 428 3570 δέ
461 3514 596 3587 μηδέ
615 3514 708 3567 ἐπὶ
727 3511 900 3586 ταύτῃ
922 3511 1065 3584 μέγα
1084 3513 1322 3583 φρονεῖν,
1338 3511 1474 3566 ἀλλά
1485 3511 1605 3566 τότε
1623 3513 1821 3583 μᾶλλον
1838 3531 1932 3568 καο

260 3603 548 3659 τεστάλθαι
565 3602 658 3656 καὶ
676 3599 1005 3672 μετριάζειν,
1023 3599 1152 3653 ὅταν
1164 3597 1331 3653 πολὺν
1342 3599 1434 3654 τὸν
1455 3599 1682 3654 πλοῦτον
1693 3601 1790 3672 τῆς
1805 3601 1930 3673 ἀρε-

260 3691 360 3762 τῆς
373 3679 694 3760 συναγαγεῖν
709 3685 1042 3758 δυνηθῶμενο
1053 3685 1197 3740 οὕτω
1212 3684 1319 3757 γὰρ
1335 3686 1430 3740 καὶ
1441 3685 1595 3740 αὐτοὶ
1607 3686 1744 3758 μετά
1757 3687 1930 3757 ἀσφα-

261 3775 410 3840 λείας
435 3776 527 3831 τὸν
549 3773 876 3844 συλλεγέντα
903 3772 1132 3828 πλοῦτον
1165 3773 1488 3844 συνάξομεν,
1517 3775 1612 3828 καὶ
1647 3773 1748 3845 τὴν
1779 3775 1931 3848 παρά

261 3863 357 3918 τοῦ
403 3861 539 3916 Θεοῦ
560 3861 776 3916 εὔνοιαν
805 3861 1221 3932 ἐπισπασὸμεθα
1253 3861 1306 3916 ιι.
1331 3861 1427 3914 Διά
1457 3860 1568 3933 γάρ
1594 3861 1754 3914 τοῦτο
1781 3861 1876 3916 καὶ
1901 3863 1930 3916 ό

263 3949 502 4020 Χριστὸς
531 3947 684 4018 ἐλεγε
707 3949 821 4012 τοῖς
852 3947 1140 4019 μαθηταῖς,
1173 3947 1362 4001 Ὅταν
1385 3947 1583 4000 πάντα
1606 3946 1893 4016 ποιήσετε
1911 3987 1928 4010 ,

262 4035 504 4106 λέγετε,
547 4035 637 4088 ὅτι
673 4033 901 4104 ἀχρεῖοι
938 4033 1151 4089 δοῦλοί
1185 4033 1374 4104 έσμεν
1400 4050 1413 4063 ο
1445 4031 1722 4103 πανταχοῦ
1767 4049 1930 4087 κατα-

266 4122 500 4178 στέλλων
524 4121 702 4176 αὐτῶν
733 4121 799 4176 τὰ
839 4122 1184 4194 φρονήματα,
1219 4121 1312 4174 καὶ
1349 4119 1550 4173 πείθων
1578 4120 1678 4190 μὲν
1715 4135 1932 4192 μετριο-

267 4213 508 4282 φρονεῖν,
555 4209 651 4264 καὶ
703 4207 781 4280 μὴ
824 4208 1145 4279 ἐπαίρεσθαι
1191 4207 1283 4260 ἐπὶ
1333 4203 1770 4277 κατορθώμασιν,
1815 4203 1932 4257 ἀλλ’

265 4298 468 4352 εἰδέναι
503 4296 578 4361 ὡς
617 4297 652 4368 ἡ
686 4295 914 4367 μεγίστη
947 4293 1117 4367 ἀρετὴ
1147 4293 1287 4364 αῦτη
1314 4292 1548 4364 μάλιστα
1580 4290 1797 4345 πάντων
1818 4290 1934 4344 ἐστὶ

266 4385 327 4438 τὸ
354 4387 412 4438 ἐν
439 4382 868 4456 κατορθώμασιν
895 4382 1025 4436 ὄντα
1055 4381 1177 4435 τινὰ
1204 4379 1539 4452 μετριάζειν.

337 4471 400 4525 δ’.
429 4469 675 4524 Ἀλλ’ἐπὶ
697 4469 796 4541 τὴν
815 4468 1138 4523 ἀκολουθίαν
1157 4467 1317 4521 πάλιν
1340 4465 1722 4536 ἐπανέλθωμεν
1737 4463 1830 4519 τοῦ
1849 4463 1936 4518 λό-

267 4574 388 4626 γου,
431 4557 529 4611 καί⁵
564 4556 765 4628 ἴδωμεν
799 4556 928 4618 τοὺς
965 4553 1092 4626 ἑξῆς
1119 4553 1432 4624 τεχθέντας.
1465 4553 1626 4616 Εἰκὸς
1649 4551 1759 4624 γάρ
1795 4551 1936 4606 κατά

270 4644 465 4716 μικρὸν
499 4643 789 4716 προϊόντας
822 4641 1045 4714 μείζονα
1071 4639 1347 4713 θησαυρὸν
1389 4640 1597 4712 εὑρεῖν,
1637 4639 1732 4694 καὶ
1768 4639 1937 4692 πολὺν

267 4731 365 4784 καὶ
399 4731 605 4799 ἄφατον
647 4729 897 4784 πλοῦτον.
927 4729 1038 4782 Καί
1069 4728 1265 4796 ἔζησε,
1299 4727 1487 4798 φησὶν,
1533 4727 1733 4792 Ἐνώς,
1760 4721 1938 4791 οὗτος

267 4820 303 4872 ὁ
322 4817 431 4870 τοῦ
452 4818 575 4883 Σὴθ
594 4817 743 4883 υίὸς,
763 4816 868 4884 έτη
889 4815 1104 4871 ἑκατὸν
1115 4813 1500 4881 ἐνενήκοντα,
1521 4812 1620 4866 καί
1645 4812 1938 4883 ἐγέννησε

270 4902 380 4957 τὸν
426 4900 674 4964 Καῖνάν,
723 4901 824 4955 καί
871 4898 1098 4956 Kuh-«Ir
1121 4897 1412 4970 ἐγέννησε
1442 4896 1550 4951 τὸν
1593 4894 1935 4964 Μαλελεὴλ,

269 4989 366 5042 καὶ
390 4985 714 5054 Μαλελεὴλ
741 4985 1031 5056 ἐγέννησε
1052 4985 1161 5040 τὸν
1203 4983 1418 5052 Ἰαρὲδ,
1447 4981 1545 5036 καί
1581 4981 1761 5052 ἰαρὲδ
1775 4981 1942 5051 ἐγέν-

268 5092 422 5143 νησε
453 5073 560 5128 τὸν
592 5071 794 5142 Ἑνώχ.
826 5073 936 5126 Kal
960 5071 1173 5140 ἔζησεν
1212 5069 1399 5140 Ἑνὼχ
1424 5068 1531 5137 ἔτη
1559 5067 1778 5123 ἑκατὸν
1802 5066 1942 5134 ἐξή-

269 5179 454 5216 κοντα
485 5159 686 5225 πέντε,
713 5159 813 5214 καί
844 5157 1134 5228 ἐγέννησε
1147 5157 1256 5210 τὸν
1289 5153 1680 5212 Μαθουσὰλα.
1714 5152 1940 5222 Εὐηρέ-

271 5265 463 5318 στησε
487 5249 557 5304 δέ
581 5289 597 5316 ,
645 5248 800 5320 φησὶ,
843 5247 925 5314 τῷ
967 5243 1090 5311 Θεῷ
1127 5244 1336 5314 Ἑνὼχ,
1367 5245 1466 5300 καί
1499 5243 1712 5311 ἔζησεν
1753 5243 1942 5312 Ἑνὼχ

269 5336 418 5410 μετὰ
449 5337 514 5390 τὸ
537 5335 832 5407 γεννῆσαι
869 5331 1060 5388 αὐτὸν
1091 5331 1198 5384 τὸν
1229 5329 1599 5386 Μαθουσάλα
1624 5329 1728 5398 έτη
1753 5328 1944 5383 διακό·

273 5441 397 5489 om,
443 5425 540 5478 καί
587 5424 920 5494 ἐγέννησεν
947 5417 1120 5485 υἱοὺς
1147 5417 1244 5471 καί
1295 5415 1621 5486 θυγατέρας
1643 5455 1658 5473 .
1693 5415 1791 5468 καί
1821 5413 1944 5484 ἐγέ-

274 5527 451 5565 νοντο
465 5513 525 5564 al
545 5511 755 5580 ἡμέραι
783 5506 971 5576 Ἑνὼχ
983 5504 1090 5572 ἔτη
1113 5504 1418 5572 τριακόσια
1430 5499 1727 5568 ἐξήκοντα
1744 5499 1941 5554 πέντε.

275 5597 384 5652 Καὶ
408 5598 822 5666 εὐηρέστησεν
861 5592 1044 5660 Ἑνὼχ
1076 5589 1154 5656 τῷ
1183 5588 1324 5656 Θεῷ,
1356 5590 1454 5644 καί
1479 5589 1592 5656 οὐχ
1613 5587 1943 5656 εὑρίσκετο,

276 5683 420 5739 διότι
451 5685 777 5755 μετέθηκεν
807 5681 996 5738 αὐτὸν
1031 5683 1064 5735 ό
1099 5680 1264 5745 Θεός.
1299 5680 1371 5732 Οὐ
1407 5676 1586 5741 καλῶς
1617 5675 1821 5746 ἔλεγον,
1861 5678 1940 5731 ὅτι

343 5783 368 5844 f‘
395 5785 598 5844 Srplcm
623 5799 739 5833 mss.
769 5785 1047 5842 ἐπιτίθεμεν,
1073 5780 1217 5844 male.

344 5840 369 5879 ³⁵
406 5840 506 5894 Alli
553 5847 841 5906 0-.-vd$mp.sv.
874 5878 883 5888 .
926 5840 1316 5897 ἐπισπασώμεθα.

1310 265 1374 319 IN
1415 265 1566 321 CAP.
1611 268 1648 322 ν
1689 264 1778 322 ΕΤ
1815 263 1900 320 τι.
1957 261 2198 317 GEVES.
2250 261 2480 317 IIOMIL.
2525 263 2664 320 XXI.

3611 277 3712 333 180

2051 383 2334 456 προϊόντες
2369 384 2535 439 πολὺν
2567 387 2661 440 καὶ
2699 385 2905 458 ἄφατον
2948 387 3252 460 εὑρήσομεν
3279 387 3504 444 πλοῦτον
3542 407 3712 445 πνευ-

2049 482 2280 552 ματικὸν
2309 485 2365 536 ἐν
2386 483 2597 548 τούτοις
2625 486 2918 558 ὀνόμασιν;
2965 489 3165 542 Ἐννόει
3195 491 3302 560 γάρ
3333 509 3422 562 μοι
3456 490 3706 552 ἐνταῦθα.

2047 581 2300 649 ἀγαπητὲ
2321 620 2336 644 ,
2371 583 2467 634 καὶ
2500 585 2594 636 τοῦ
2627 584 2835 638 δικαίου
2881 587 2979 657 τὴν
3013 589 3236 658 ἀρετὴν,
3266 590 3357 642 καὶ
3382 588 3477 642 τοῦ
3502 589 3709 658 ἀγαθοῦ

2046 673 2179 729 Θεοῦ
2217 676 2318 748 τὴν
2351 679 2794 750 ὑπερϐάλλουσαν
2819 681 3252 754 φιλανθρωπίαν,
3289 685 3383 738 καὶ
3431 686 3530 756 τῆς
3558 683 3709 748 θείας

2046 768 2267 842 Γωφῆς
2291 773 2388 844 τὴν
2417 774 2722 846 ἀκρίϐειαν.
2749 777 2984 845 Ἕζησε.
3015 779 3200 850 φησὶν,
3240 779 3428 846 Ἑνὼχ
3455 780 3559 847 ἐτη
3585 780 3712 834 έναι-

2044 866 2152 922 τὸν
2177 869 2474 936 ἐξήκοντα
2506 873 2708 935 πέντε.
2736 875 2835 930 καί
2859 876 3152 947 ἐγέννησε
3189 877 3296 932 τὸν
3315 879 3706 940 Μαθουσάλα.

2045 964 2146 1019 καί
2168 967 2559 1037 εὑηρέστησε,
2589 971 2774 1043 φησὶν,
2819 971 2999 1040 Ἑνὼχ
3036 971 3116 1038 τῷ
3158 971 3279 1039 Θεῷ
3305 979 3456 1043 μετὰ
3495 976 3559 1028 τὸ
3588 991 3710 1045 γεν-

2042 1059 2228 1125 νῆσαι
2249 1063 2437 1118 αὑτὸν
2452 1065 2560 1120 τὸν
2571 1065 2979 1146 ,Μαθουσάλιι

2128 1155 2496 1212 Ἀκουέτωσαν
2521 1160 2616 1214 καὶ
2662 1161 2856 1233 ἄνδρες
2882 1162 2978 1216 καὶ
3008 1165 3286 1230 γυναῖκες,
3320 1162 3415 1216 καὶ
3461 1161 3706 1215 παιδευέ-

2045 1249 2260 1306 σθωσαν
2283 1253 2378 1306 τοῦ
2403 1254 2612 1308 δικαίου
2632 1255 2729 1326 τὴν
2751 1255 2971 1328 ἀρετὴν,
3001 1256 3094 1310 καὶ
3121 1255 3197 1328 μὴ
3223 1255 3590 1326 νομιζέτωσαν
3624 1255 3712 1309 τὸν

2042 1343 2218 1415 γάμον
2248 1345 2478 1418 κώλυμα
2499 1341 2641 1400 εἶναι
2670 1347 2807 1418 πρὸς
2830 1347 2927 1421 τὴν
2957 1348 3315 1420 εὐαρέστησιν
3336 1349 3434 1420 τὴν
3465 1349 3601 1419 πρὸς
3615 1347 3708 1401 τὸν

2042 1438 2192 1493 Θεόν.
2223 1441 2320 1494 Διά
2343 1443 2451 1513 γὰρ
2471 1442 2628 1496 τοῦτο
2654 1442 2748 1496 καὶ
2770 1443 2914 1510 ἅπαξ
2935 1445 3030 1498 καὶ
3057 1443 3306 1516 δεύτερον
3325 1445 3708 1515 ἐπεσημήνατο

2041 1536 2273 1608 λέγουσα
2307 1540 2341 1610 ή
2402 1538 2522 1593 θεία
2559 1539 2770 1611 Γραφὴ,
2803 1540 2884 1594 ὅτι
2923 1540 3180 1612 ἐγέννησε
3217 1540 3307 1595 τὸν
3354 1540 3704 1604 Μαθουσάλα,

2041 1633 2136 1688 καὶ
2162 1634 2285 1688 τότε
2307 1635 2662 1708 εὐηρέστησε,
2691 1638 2784 1690 zeal
2811 1636 2972 1690 πάλιν
3000 1638 3058 1692 τὸ
3085 1638 3215 1692 αὐτὸ
3248 1637 3594 1692 ἐδιπλασίασε
3619 1637 3707 1691 λέ-

2039 1745 2231 1798 γουσα,
2257 1731 2364 1785 Kal
2401 1729 2776 1799 εὐηρέστησε
2792 1731 2944 1800 μετὰ
2972 1733 3040 1786 τὸ
3073 1731 3363 1802 γεννῆσαι
3391 1735 3598 1797 αὐτὸν,
3619 1733 3708 1786 ἵνα

2044 1827 2118 1898 μή
2153 1843 2236 1890 τις
2267 1826 2464 1901 νομίσῃ
2487 1827 2875 1898 ἐμποδίζεσθαι
2909 1829 3042 1902 πρὸς
3079 1829 3178 1902 τὴν
3203 1830 3404 1914 ταύτης
3428 1831 3706 1901 κατόρθω-

2041 1936 2146 1975 σιν.
2177 1920 2302 1974 Ἐἀν
2324 1921 2432 1990 γάρ
2453 1922 2734 1994 νήφωμεν,
2748 1922 2872 1978 οὐτε
2897 1925 3094 1997 γάμος,
3121 1924 3243 1981 οὔτε
3263 1927 3561 2000 ἀνατροφὴ,
3581 1927 3706 1982 οὐτε

2038 2015 2223 2087 ἕτερόν
2249 2033 2302 2070 τι
2329 2017 2620 2087 ἐμποδίσαι
2649 2019 2782 2090 ἡμῖν
2807 2019 3095 2092 δυνήσεται
3123 2024 3203 2086 εἰς
3223 2020 3322 2094 τὴν
3349 2023 3709 2095 εὐαρέστησιν

2036 2111 2138 2184 τὴν
2153 2112 2290 2184 πρὸς
2313 2112 2404 2166 τὸν
2424 2113 2580 2170 Θεόν.
2627 2113 2757 2168 Ἰδού
2789 2114 2898 2184 γὰρ
2924 2117 3018 2169 καὶ
3063 2109 3219 2182 οὗτος
3243 2118 3342 2190 τῆς
3377 2118 3548 2190 αὐτῆς
3577 2121 3709 2192 ἡμῖν

2039 2205 2256 2276 φύσεως
2286 2207 2590 2278 τυγχάνων,
2618 2211 2712 2264 καὶ
2749 2210 2874 2265 οὕτε
2903 2211 3068 2284 νόμου
3095 2211 3336 2278 δοθέντος
3361 2252 3378 2278 ,
3409 2213 3534 2267 οὔτε
3567 2215 3708 2286 Γραο

2039 2301 2157 2373 φῶν
2185 2304 2455 2374 κειμένων
2485 2304 2594 2360 τῶν
2622 2306 3024 2372 διδασκουσῶν,
3061 2307 3185 2362 οὔτε
3227 2309 3412 2380 ἐτέρου
3442 2309 3586 2374 τινὸς
3625 2311 3708 2374 είς

2040 2399 2357 2469 φιλοσοφίαν
2381 2400 2686 2468 ἐνάγοντος,
2713 2401 2924 2456 οἴκοθεν
2955 2403 3049 2457 καὶ
3063 2403 3173 2458 ἀπὸ
3189 2406 3560 2477 προαιρέσεως
3581 2423 3706 2460 τοσ-

2038 2494 2210 2565 αύτην
2239 2494 2553 2560 ἐπεδείξατο
2579 2495 2679 2568 τὴν
2707 2496 3088 2569 εὐαρέστησιν,
3120 2498 3197 2563 ὡς
3227 2499 3389 2571 μέχρι
3411 2501 3510 2570 τῆς
3539 2505 3708 2573 σήμεο

2041 2609 2133 2662 ρον
2184 2591 2510 2664 διαρκέσαι,
2561 2591 2656 2646 καὶ
2693 2593 2920 2663 μηδέπω
2953 2594 3049 2648 καὶ
3093 2593 3190 2648 νῦν
3233 2597 3427 2667 πεῖραν
3475 2595 3706 2650 θανάτου

2037 2683 2242 2738 λαϐεῖν.
2279 2685 2344 2738 El
2399 2684 2509 2755 γὰρ
2541 2686 2568 2738 ὁ
2595 2684 2793 2755 γάμος,
2844 2684 3116 2756 ἀγαπητέ,
3162 2687 3257 2740 καὶ
3285 2688 3320 2757 ὴ
3353 2687 3708 2759 παιδοτροφία

2038 2776 2268 2849 κώλυμα
2297 2777 2495 2850 ἡμελλε
2517 2777 2762 2847 γίνεσθαι
2785 2777 2920 2848 πρὸς
2947 2779 3046 2850 τὴν
3073 2780 3172 2852 τῆς
3195 2780 3396 2852 ἀρετῆς
3431 2781 3570 2845 ὁδὸν,
3608 2781 3709 2836 οὐκ

2038 2875 2322 2946 εἰσήνεγκε
2360 2874 2537 2944 γάμον
2563 2875 2642 2938 είς
2668 2873 2761 2927 τὸν
2792 2873 2907 2944 βίον
2943 2873 3036 2927 τὸν
3084 2874 3353 2947 ἡμέτερον
3379 2877 3408 2930 ὁ
3441 2875 3548 2929 τῶν
3572 2875 3710 2930 ὅλων

2037 2969 2388 3042 δημιουργὸς,
2422 2969 2511 3024 ίνα
2543 2968 2618 3040 μὴ
2650 2969 2709 3022 ἐν
2745 2971 2858 3033 τοῖς
2887 2968 3122 3040 καιρίοις
3167 2969 3264 3024 καὶ
3313 2969 3517 3041 σφόδρα
3545 2971 3709 3039 ἀναγ-

2039 3065 2345 3136 καιοτέροις
2369 3066 2515 3134 ἡμᾶς
2541 3063 2867 3136 λυμήνηται.
2908 3064 3049 3117 Ἀλλ’
3080 3064 3266 3135 ἐπειδὴ
3285 3065 3346 3118 οὐ
3371 3065 3529 3136 μόνον
3557 3066 3709 3122 οὐδὲν

2036 3157 2171 3228 ἡμῖν
2189 3157 2471 3229 ἐμποδίζει
2498 3157 2636 3228 πρὸς
2658 3159 2758 3229 τὴν
2785 3157 2927 3212 κατά
2945 3158 3078 3213 Θεὸν
3099 3159 3438 3229 φιλοσοφίαν,
3463 3160 3558 3214 ἐάν
3582 3161 3707 3232 $00-

2036 3251 2258 3325 λώμεθα
2299 3251 2450 3326 [18η
2479 3255 2689 3326 νήφειν,
2714 3253 2853 3317 ἀλλά
2880 3253 2976 3307 καὶ
3009 3253 3209 3325 πολλὴν
3230 3256 3361 3326 ἡμῖν
3377 3256 3586 3326 εἰσάγει
3612 3255 3710 3329 τὴν

2039 3351 2394 3424 παραμυθίαν
2451 3350 2785 3423 μαινομένην
2825 3351 2926 3422 τὴν
2980 3350 3140 3422 φύσιν
3180 3351 3616 3406 καταστέλλουσα
3656 3364 3706 3418 ο,

2037 3446 2134 3500 καὶ
2157 3445 2258 3500 οὐκ
2286 3447 2506 3517 ἀφιεῖσα
2536 3443 2794 3513 πελάγιον
2829 3443 3098 3509 σαλεύειν,
3160 3443 3298 3498 ἀλλά
3349 3444 3610 3516 διηνεκῶς
3651 3447 3711 3500 ἐν

2038 3542 2219 3614 λιμένι
2243 3541 2302 3595 τὺ
2327 3540 2534 3610 σκάφος
2551 3540 2728 3612 ὀρμᾷν
2756 3539 3274 3611 παρασκευάζουσα,
3305 3540 3396 3595 διὰ
3431 3541 3590 3596 τοῦτο
3614 3541 3710 3614 τὴν

2039 3636 2288 3690 ἐντεῦθεν
2315 3635 2666 3708 παραμυθίαν
2681 3635 2972 3706 ἐχαρίσατο
2989 3635 3067 3706 τῷ
3084 3635 3192 3689 τῶν
3213 3635 3516 3707 ἀνθρώπων
3541 3637 3708 3706 γένει.

2041 3733 2164 3786 Ὅτι
2195 3731 2304 3804 γάρ
2356 3731 2536 3802 ἀληθῆ
2588 3729 2657 3785 τὰ
2691 3730 2823 3804 παρ’
2857 3730 3014 3802 ἡμῶν
3044 3731 3330 3802 λεγόμενα,
3383 3731 3654 3785 δείκνυσιν
3681 3734 3710 3786 ό

2037 3827 2243 3890 δίκαιος
2279 3817 2456 3890 οὗτος.
2483 3823 2640 3880 Μετὰ
2675 3824 2786 3897 γὰρ
2809 3824 2872 3878 τὸ
2895 3825 3172 3896 γεννῆσαι,
3199 3825 3354 3896 φησὶ,
3376 3825 3468 3880 τὸν
3491 3826 3710 3880 Μαθου-

2041 3922 2198 3986 σάλα,
2232 3921 2598 3993 εὐηρέστησεν
2641 3919 2813 3990 Ἑνὼχ
2855 3918 2932 3991 τῷ
2955 3919 3095 3991 Θεῷ,
3129 3920 3224 3974 καὶ
3255 3921 3316 3974 οὐ
3353 3921 3560 3992 βραχύν
3590 3939 3711 3974 τινα

2039 4016 2270 4089 ἀριθμὸν
2292 4017 2548 4089 διήρκεσε
2575 4015 2676 4088 τὴν
2701 4017 2904 4088 ἀρετὴν
2945 4014 3164 4088 μετιὼν,
3201 4016 3362 4080 ἀλλά,
3411 4017 3566 4088 φησὶ,
3597 4017 3711 4070 δια-

2040 4114 2199 4169 κόσια
2221 4114 2337 4184 έτη.
2369 4114 2480 4168 Καὶ
2509 4112 2698 4185 ἐπειδὴ
2733 4113 2871 4184 μετά
2898 4113 2998 4184 τὴν
3035 4111 3130 4166 τοῦ
3156 4113 3579 4184 πρωτοπλάστου
3603 4131 3708 4166 πα-

2043 4210 2273 4282 ράϐασιν
2303 4208 2504 4282 εὐρέοη
2530 4209 2818 4281 ἄνθρωπος
2850 4208 2986 4278 πρὸς
3007 4207 3176 4280 αὐτὴν
3204 4207 3303 4280 τὴν
3336 4209 3580 4281 κορυφὴν
3612 4209 3714 4280 τῆς

2039 4305 2245 4377 ἀρετῆς
2281 4305 2468 4369 ἀνιὼν,
2499 4306 2592 4360 καὶ
2621 4305 2720 4376 τὴν
2761 4303 2856 4358 τοῦ
2895 4304 3234 4376 προπάτορος
3280 4303 3554 4375 ἁμαρτίαν
3593 4304 3716 4359 ἁνα-

2043 4401 2374 4472 καλούμενος
2401 4401 2489 4455 διά
2515 4401 2615 4472 τῆς
2641 4399 2848 4463 οἰκείας
2879 4400 3312 4472 εὐαρεστήσεως,
3337 4401 3440 4471 ὅρα
3463 4400 3556 4452 τοῦ
3579 4400 3715 4468 άγα-

2045 4496 2138 4552 θοῦ
2155 4495 2288 4551 Θεοῦ
2309 4495 2406 4568 τὴν
2425 4497 2527 4548 ὐπε
2536 4495 2870 4566 ρϐάλλουσαν
2891 4495 3082 4566 φιλανθ
3091 4495 3321 4567 ρωπίαν.
3354 4495 3572 4568 Ἐπειδὴ
3589 4489 3714 4568 εὗρε

2043 4591 2340 4662 δυνηθέντα
2365 4589 2803 4645 ἀνακαλέσασθαι
2833 4589 2896 4644 τὸ
2915 4589 3222 4662 ἁμάρτημα
3241 4588 3335 4643 τοῦ
3377 4589 3569 4661 Ἀδάμ,
3609 4590 3718 4644 δει-

2045 4691 2176 4754 κνύς
2207 4689 2276 4744 δι’
2306 4688 2488 4744 αὐτῶν
2510 4687 2620 4741 τῶν
2649 4687 3008 4761 πραγμάτων,
3044 4687 3125 4742 ὃτι
3165 4688 3228 4741 οὐ
3261 4686 3582 4758 βουλόμενος
3603 4724 3609 4730 -
3627 4686 3716 4741 τὸν

2046 4786 2275 4841 θάνατον
2329 4786 2632 4854 ἐπαγαγεῖν
2673 4784 2752 4856 τῷ
2788 4785 2936 4854 γένει
2981 4783 3062 4855 τῷ
3085 4783 3338 4854 ἡμετέρῳ
3377 4781 3464 4834 διά
3493 4781 3594 4851 τὴν
3616 4779 3717 4850 τῆς

2047 4881 2270 4952 ἐντολῆς
2301 4880 2610 4952 παράϐασιν
2635 4879 2824 4934 τοῦτον
2857 4879 3174 4934 κατεδίκασε
3196 4916 3211 4940 ,
3245 4876 3338 4928 τὸν
3367 4874 3466 4944 τὴν
3497 4872 3718 4946 ἐντολὴν

2045 4977 2358 5049 δεξάμενον,
2388 4977 2578 5031 τοῦτον
2615 4976 2792 5040 ζῶντα
2828 4973 3137 5045 μεθίστησι.
3176 4971 3288 5024 Kal
3321 4969 3716 5038 εὺηρέστησε,

2049 5077 2234 5148 φησὶν,
2267 5075 2457 5146 Ἑνὼχ
2478 5074 2560 5140 τῷ
2589 5072 2731 5138 Θεῷ,
2760 5072 2859 5126 καί
2891 5073 3001 5140 οὐχ
3038 5070 3371 5138 εὑρίσκετο.
3405 5067 3553 5122 διότι
3581 5085 3721 5138 μετ-

2048 5173 2266 5240 έθηκεν
2295 5174 2483 5226 αὐτὸν
2509 5173 2542 5225 ὀ
2569 5170 2733 5235 Θεός.
2779 5167 2943 5240 Ὁρᾷς
2978 5165 3169 5234 σοφίαν
3213 5163 3518 5230 Δεσπότου;
3569 5164 3718 5218 Μετ-

2051 5269 2217 5339 έθηκε
2247 5266 2445 5334 ζῶντα,
2475 5265 2596 5336 οὐχὶ
2625 5263 2924 5318 ἀθανασίαν
2951 5259 3263 5332 ἐχαρίσατο,
3299 5259 3388 5313 ῖνα
3417 5258 3492 5331 μὴ
3518 5257 3723 5328 ἐκλόσῃ

2051 5363 2148 5420 τοῦ
2181 5361 2650 5435 πλημμελήματος
2682 5360 2774 5414 τὸν
2816 5358 3014 5429 φόϐον,
3063 5357 3180 5411 ἀλλ’
3203 5356 3414 5427 ἀφῆκεν
3453 5355 3724 5425 ἀκμάζειν

2051 5459 2128 5532 τῷ
2161 5459 2268 5514 τῶν
2294 5457 2597 5528 ἀνθρώπων
2640 5455 2806 5526 γένει.
2833 5455 2932 5510 Διά
2951 5451 3111 5509 τοῦτο
3143 5453 3304 5508 πάλιν
3339 5448 3614 5522 ἀμυδρῶς.
3646 5447 3723 5509 ὡς

2053 5556 2249 5617 εἰπεῖν,
2299 5553 2394 5607 καὶ
2453 5550 2821 5616 λανθανόντως
2877 5546 3316 5605 ἀνακαλέσασθαι
3356 5543 3600 5615 βούλεται
3623 5539 3722 5610 τὴν

2123 5715 2144 5742 ο
2180 5711 2294 5772 illnc
2335 5715 2386 5758 οι
2428 5709 2525 5758 duo
2576 5710 2834 5772 scquenlia
2877 5707 3130 5772 parlicipia
3173 5703 3220 5750 in
3262 5699 3719 5772 Γοιηὶηἱῐιολιζοξιεξε

2057 5771 2297 5820 exhibent
2327 5785 2500 5820 omnes
2531 5754 2676 5832 mssf;
2711 5754 3112 5830 ετοι’“τέαἱε’ὸτράς’ία
3149 5774 3327 5822 nempe
3371 5754 3558 5808 sinculél
3590 5754 3722 5804 refc-

2059 5839 2232 5882 l'llBlUl'
2243 5865 2252 5877 .
