4074 6134
419 245 509 303 181
1224 245 1279 302 5.
1320 246 1606 303 JOANNIS
1646 229 2128 302 CHIWSOSTOMI
2169 245 2491 302 ARCHIEP.
2532 245 3074 305 CONSTANTINOP.

415 365 712 434 ἀπόφασιν,
738 362 803 433 ήν
833 358 973 415 κατά
1000 357 1094 413 τοῦ
1134 360 1303 432 ’Δδάμ
1324 361 1602 432 ἐξήνεγκε.
1652 361 1792 414 Ἀλλ’
1836 360 1896 415 οὐ
1929 363 2073 414 ποιεῖ

414 453 546 508 αὐτὸ
573 448 825 523 φανερὸν,
860 448 945 501 ἵνα
989 447 1019 500 6
1048 445 1208 517 φόϐος
1239 447 1360 501 ἀντὶ
1400 447 1776 520 σωφρονισμοῦ
1825 448 2048 517 γένηται

413 540 511 594 Διά
555 538 712 592 τοῦτο
739 533 1180 607 εὐαρεστήσαντα
1227 532 1316 587 τὸν
1354 533 1525 605 Ἑνὼχ
1554 535 1869 606 μετέθηκεν.
1922 535 1983 586 Εἰ
2014 532 2069 585 δέ

411 644 493 691 τις
525 624 762 695 βούλοιτο
788 620 1266 691 περιεργάζεσθαι,
1297 621 1391 674 καὶ
1418 620 1624 690 λέγειν,
1662 623 1752 675 καὶ
1780 620 1881 674 ποῦ
1906 618 2068 674 αὐτὸν

412 711 711 782 μετέθηκε;
747 708 838 761 καὶ
865 708 913 760 εί
938 707 1097 778 μέχρι
1129 707 1223 761 τοῦ
1258 708 1520 779 παρόντος
1545 709 1828 780 διήρκεσε;
1862 706 2069 779 μανθα-

410 798 543 852 νέτω
583 795 657 867 μὴ
690 795 966 865 λογισμοῖς
990 795 1348 867 ἀνθρωπίνοις
1373 796 1787 849 κατακολουθεῖν
1805 837 1818 860 ,
1847 794 1942 849 καὶ
1996 794 2068 849 τὰ

405 884 554 956 παρά
583 883 677 937 τοῦ
725 882 859 936 Θεοῦ
906 883 1401 953 πολυπραγμονεῖν,
1434 883 1568 937 ἀλλά
1623 884 1900 938 πιστεύειν
1951 886 2065 951 τοῖς

404 970 732 1040 λεγομένοις.
760 969 930 1023 Ὅταν
959 970 1066 1039 γάρ
1092 971 1120 1022 6
1141 969 1271 1033 Θεὸς
1292 971 1660 1040 ἀποφαίνηται
1684 988 1755 1034 τι,
1780 973 1841 1025 οὐ
1866 972 1948 1025 δεῖ
1970 975 2066 1026 ἀν-

403 1056 677 1111 τιϐλέπειν
704 1058 817 1118 τοῖς
844 1056 1087 1126 ῥηθεῖσιν
1109 1097 1124 1121 ,
1154 1055 1291 1108 ἀλλά
1313 1057 1381 1109 τά
1419 1056 1571 1126 παρά
1605 1057 1699 1110 τοῦ
1742 1058 1876 1111 Θεοῦ
1914 1059 2066 1127 λεγό-

404 1165 540 1219 μενα
564 1147 978 1217 ἀξιοπιστότερα
1004 1146 1275 1215 ἡγεῖσθαι,
1307 1146 1411 1198 κᾶν
1447 1145 1521 1217 μὴ
1538 1145 1794 1218 φαίνηται
1824 1146 1935 1201 τῶν
1959 1148 2064 1202 ὐπὸ

401 1239 512 1300 τοῖς
535 1234 833 1304 ὀφθαλμοῖς
860 1233 1128 1303 κειμένων
1157 1234 1267 1296 τοῖς
1298 1233 1605 1303 ἡμετέροις.
1638 1233 1761 1286 Ὅτι
1797 1233 1906 1305 γάρ
1936 1251 2057 1306 μετ.

400 1324 597 1392 έθηκεν
646 1322 808 1376 αὐτὸν
848 1316 999 1374 εἶπεν
1037 1322 1070 1390 ή
1099 1319 1218 1373 θεία
1248 1320 1436 1391 Γραφὴ
1458 1359 1472 1382 ,
1509 1321 1602 1373 καὶ
1637 1322 1718 1375 ὅτι
1757 1322 1934 1385 ζῶντα
1966 1341 2062 1392 με·

400 1410 615 1479 τέθηκε,
663 1409 755 1463 καὶ
791 1410 982 1479 πεῖραν
1021 1407 1095 1478 μὴ
1132 1406 1361 1460 λαϐόντα
1387 1406 1638 1471 θανάτου,
1671 1409 1806 1462 ἀλλά
1852 1410 1937 1462 διὰ
1965 1410 2061 1480 τῆς

399 1496 605 1559 οἰκείας
630 1495 1041 1565 εὐαρεστήσεως
1066 1493 1337 1565 ἀνώτερον
1358 1492 1615 1561 γεγονότα
1641 1494 1738 1564 τῆς
1764 1494 2061 1566 ἐξενεχθεί-

402 1598 501 1652 σης
543 1580 871 1650 ἀποφάσεως
923 1579 1064 1633 κατά
1092 1578 1186 1632 τοῦ
1218 1578 1325 1631 τῶν
1352 1578 1655 1650 ἀνθρώπων
1682 1581 1892 1648 γένους.
1951 1581 2057 1635 Ποῦ

398 1668 455 1720 δὲ
478 1668 640 1722 αὐτὸν
672 1667 991 1738 μετέθηκεν,
1017 1667 1111 1720 καὶ
1139 1666 1285 1729 ὅπως
1317 1664 1411 1719 νῦν
1441 1665 1617 1735 διάγει
1636 1665 1794 1720 τοῦτο
1817 1668 1875 1720 οὐ
1900 1684 2061 1738 προσ-

397 1757 614 1828 έθηκεν.
1985 1821 1991 1827 .

468 1854 528 1900 ε’.
564 1842 717 1906 Εἶδες
761 1843 1072 1914 ἀγαθότητα
1109 1843 1398 1907 Δεσπότου,
1435 1842 1549 1906 πῶς
1571 1840 1745 1913 εὐρὼν
1767 1842 1931 1913 ἄνδρα
1957 1844 2058 1913 τὴν

393 1933 594 2003 ἀρετὴν
613 1930 1015 2002 κατωρθωκότα
1028 1968 1044 1991 ,
1066 1931 1165 1984 οὐκ
1183 1929 1554 2000 ἀπεστέρησεν
1590 1929 1749 1983 αὐτὸν
1764 1930 1860 1999 τῆς
1876 1930 2052 1997 ἀξίας,

394 2021 461 2090 ἢν
491 2019 569 2090 τῷ
599 2016 1007 2088 πρωτοπλάστῳ
1057 2016 1348 2088 ἐχαρίσατο
1397 2018 1503 2086 πρὸ
1547 2017 1647 2087 τῆς
1692 2016 2056 2088 παραϐάσεως

394 2107 491 2177 τῆς
519 2104 734 2173 ἐντολῆς
754 2144 768 2171 ,
803 2102 1066 2157 διδάσκων
1100 2104 1281 2175 ἡμᾶς,
1329 2103 1409 2157 ὅτι
1430 2105 1697 2169 κάκεῖνος,
1731 2105 1779 2157 εί
1834 2104 1910 2176 μὴ
1955 2106 2054 2175 τὴν

393 2193 606 2263 ἀπάτην
643 2189 977 2262 προετίμησε
1023 2191 1119 2260 τῆς
1151 2189 1395 2259 δοθείσης
1433 2190 1689 2261 ἐντολῆς,
1719 2191 1829 2245 τῶν
1876 2192 2054 2246 αὐτῶν

391 2279 456 2333 ἀν
486 2278 735 2350 ἠξίωτοῆ
774 2279 866 2333 καὶ
901 2278 1198 2348 μειζόνωνς
1253 2277 1361 2332 Καὶ
1407 2278 1601 2346 ἔζησε,
1633 2281 1785 2349 φησὶ,
1822 2283 2053 2335 Μαθου-

393 2365 554 2419 creua
599 2366 702 2434 ἐτη
755 2365 971 2418 ἑκατὸν
1007 2363 1377 2433 ὀγδοήκοντα
1422 2364 1592 2426 ἑπτὰ,
1631 2366 1727 2418 καὶ
1762 2366 2054 2435 ἐγέννησε

391 2452 499 2506 τὸν
526 2450 727 2520 Λάμεχ
742 2471 755 2483 ο
781 2450 877 2504 καί
893 2450 1068 2518 ἐῦισε
1086 2450 1284 2519 Λάμεχ
1304 2450 1407 2517 ἐτη
1430 2451 1646 2504 ἑκατὸν
1665 2451 2051 2521 ὀγδοήκοντα,

391 2538 487 2592 καὶ
517 2537 845 2609 ἐγέννησεν
871 2538 1025 2602 υἱὸν,
1053 2538 1149 2590 καὶ
1176 2537 1527 2607 ἐπωνόμασε
1560 2538 1624 2591 τὸ
1655 2538 1840 2610 ὄνομα
1868 2541 2051 2597 αὐτοῦ

391 2625 537 2683 Νῶε.
571 2624 765 2694 λέγων
789 2639 803 2656 ⁶
848 2619 1037 2690 Οὗτος
1069 2623 1145 2692 δὴ
1179 2624 1559 2679 ἀναπαύσειιι
1595 2625 1753 2695 ἡμᾶς
1784 2628 1901 2682 ἀπὸ
1935 2628 2053 2683 τῶν

390 2712 540 2784 [188]
556 2712 743 2782 ἔργων
774 2712 962 2781 ἡμῶν,
984 2712 1077 2765 καί
1104 2711 1222 2768 ἀπὸ
1243 2711 1360 2765 τῶν
1385 2713 1673 2781 λυπηρῶν
1691 2713 1810 2767 τῶν
1840 2716 2053 2784 χειρῶν

389 2797 576 2867 ἡμῶν,
620 2799 715 2852 καὶ
758 2798 876 2853 ἀπὸ
924 2798 1036 2867 τῆς
1063 2798 1196 2868 τῆς,
1253 2793 1330 2869 ἧς
1362 2800 1744 2868 κατηράσατο
1773 2803 1985 2870 Κύριος
2017 2807 2051 2858 ό

387 2886 551 2949 Θεός.
589 2886 729 2956 Ὅρα
756 2885 917 2940 πάλιν
946 2884 1034 2938 διὰ
1060 2885 1160 2954 τῆς
1193 2886 1559 2957 προσηγορίας
1591 2886 1685 2940 τοῦ
1716 2888 1811 2942 νῦν
1834 2888 2052 2958 τεχθέν-

386 2989 475 3037 τος
501 2971 608 3025 ὐπὸ
634 2971 728 3024 τοῦ
756 2972 944 3043 Λάμεχ
971 2971 1283 3043 μυστηρίων
1310 2973 1371 3025 τὸ
1400 2972 1644 3043 μέγεθος,
1673 2976 1766 3029 καὶ
1800 2979 2049 3048 προρρή-

386 3074 524 3120 σεως
553 3056 877 3129 ὑπερϐολὴν,
918 3058 1012 3111 καὶ
1039 3058 1443 3128 φιλανθρωπίαν
1473 3060 1678 3127 ἄφατον
1709 3061 1803 3115 τοῦ
1840 3062 2048 3132 ἀγαθοῦ

386 3144 541 3198 θεοῦ.
598 3143 815 3214 Ἐπειδὴ
861 3142 972 3212 γάρ
1019 3146 1086 3214 τῇ
1126 3144 1301 3215 οίκείᾳ
1345 3147 1739 3215 προγνώσειτά
1785 3149 2048 3217 μέλλοντα

384 3218 661 3300 προεώρα,
695 3228 816 3282 ἰδὼν
839 3229 935 3299 τὴν
969 3228 1164 3282 κακίαν
1190 3229 1299 3283 τῶν
1330 3231 1632 3301 ἀνθρώπιον
1655 3234 2045 3306 αὐξανομένην,

386 3316 642 3386 προλέγει
678 3316 766 3369 διά
807 3316 904 3383 τῆς
931 3314 1025 3368 τοῦ
1064 3314 1252 3377 παιδὸς
1278 3317 1645 3388 προσηγορίας
1684 3319 1753 3372 τά
1787 3321 2048 3390 μέλλοντα

386 3400 797 3471 καταλήψεσθαι
829 3394 985 3454 κακά
1019 3400 1164 3454 ἅπαν
1191 3401 1251 3454 τὸ
1281 3401 1390 3454 τῶν
1423 3402 1723 3474 ἀνθρώπων
1753 3406 1928 3475 γένος,
1961 3409 2048 3464 ἵνα

386 3488 489 3542 κᾶν
537 3488 615 3559 τῷ
657 3488 806 3558 φόϐῳ
836 3486 1294 3557 σωφρονισθέντες
1323 3488 1663 3560 ἀπόσχωνται
1689 3495 1788 3564 τῆς
1827 3494 2045 3562 κακίας,

384 3575 611 3628 ἕλωνται
639 3574 696 3626 δὲ
719 3572 814 3646 τὴν
839 3574 1057 3644 ἀρετήν.
1091 3573 1200 3627 Καὶ
1220 3574 1322 3644 δρα
1345 3574 1721 3647 μακροθυμίαν
1750 3580 2043 3648 Δεσπότου,

382 3660 489 3730 πρὸ
516 3660 682 3713 πόσου
715 3660 905 3730 χρόνου
935 3659 1036 3729 τὴν
1065 3660 1368 3732 πρόρρησιν
1390 3661 1641 3730 γενέσθαι
1658 3668 1816 3727 ποιεῖ,
1837 3666 1922 3720 ἵνα
1953 3668 2047 3721 καὶ

376 3752 480 3820 τὴν
534 3749 741 3802 οἰκείαν
804 3747 1135 3817 ἐπιδείξηται
1188 3749 1598 3821 φιλανθρωπίαν
1635 3795 1650 3818 ,
1706 3754 1802 3807 καὶ
1865 3755 2046 3825 πάσης

380 3836 674 3904 ἀπολογίας
734 3837 1079 3907 ἀποστερήσῃ
1122 3836 1247 3900 τοὺς
1293 3837 1390 3909 τὴν
1436 3838 1704 3910 τιμωρίαν
1754 3840 2045 3911 μέλλοντας

369 3922 645 3992 δέχεσθαι.

463 4008 600 4062 Ἀλλ’
630 4010 760 4073 ῖσως
795 4009 861 4064 ἀν
888 4026 972 4072 τις
993 4008 1158 4067 εῖποι.
1196 4009 1289 4061 καὶ
1316 4007 1480 4061 πόθεν
1507 4008 1586 4079 τῷ
1617 4010 1805 4082 Λάμεχ
1834 4013 1894 4066 τὸ
1919 4032 2044 4068 τοσ-

376 4096 533 4150 οῦτον
578 4096 806 4167 μέγεθος
849 4097 947 4165 τῆς
992 4096 1382 4167 προῤῥήσεως;
1438 4094 1514 4165 μὴ
1554 4096 1663 4167 γάρ
1708 4099 2041 4174 μέμνηται-1]

377 4182 589 4252 Γραφὴ,
606 4184 687 4235 ὃτι
711 4182 962 4254 ὲνάρετός
989 4199 1070 4243 τις
1093 4177 1160 4251 ἦν
1181 4180 1276 4233 καὶ
1294 4180 1599 4252 θαυμαστός
1620 4199 1635 4248 ;
1657 4184 1747 4255 Μὴ
1772 4185 2040 4259 ξενισθῇς,

376 4268 626 4337 ἀγαπητέ
649 4286 661 4299 ·
690 4268 850 4336 σοφὸς
878 4267 985 4338 γὰρ
1016 4267 1089 4319 ὢν
1122 4269 1215 4320 καὶ
1243 4268 1547 4337 εὐμήχανος
1572 4271 1599 4322 6
1629 4272 1924 4342 Δεσπότης,
1949 4277 2042 4327 καὶ

372 4353 443 4407 δι’
476 4354 711 4420 ἀναξίων
744 4353 1003 4418 πολλάκις
1044 4356 1316 4425 συγχωρεῖ
1365 4353 1723 4424 προλέγεσθαι
1755 4356 2041 4430 θαυμαστά

379 4440 474 4493 καὶ
522 4438 731 4510 μεγάλα
768 4439 1085 4510 πράγματα,
1118 4440 1210 4493 καὶ
1257 4440 1357 4493 οὐκ
1415 4442 1473 4495 ἐν
1506 4444 1573 4511 τῇ
1620 4442 1831 4516 Παλαιᾷ
1882 4446 2041 4516 μόνον

376 4524 551 4586 τοῦτο,
587 4524 722 4578 ἀλλά
761 4527 852 4578 καὶ
882 4528 940 4580 ὲν
964 4529 1030 4597 τῇ
1059 4528 1253 4599 Καινῇ.
1288 4528 1485 4581 Ἀκουε
1510 4529 1619 4600 γὰρ
1643 4529 1736 4583 τοῦ
1767 4532 2042 4602 εὐαγγελι-

376 4610 507 4666 ατοῦ
534 4612 660 4683 περὶ
690 4611 783 4666 τοῦ
817 4613 1038 4682 Καῖάφα
1061 4613 1155 4667 τοῦ
1186 4613 1294 4667 τῶν
1343 4614 1604 4669 Ἰουδαίων
1625 4617 1922 4688 ἀρχιερέως
1953 4619 2041 4673 λέ-

376 4715 566 4768 γοντος
591 4717 604 4732 ·
650 4698 828 4753 Τοῦτο
859 4699 928 4752 δὲ
958 4700 1058 4768 ἀφ’
1102 4701 1319 4755 ἑαυτοῦ
1360 4702 1472 4754 οὐκ
1513 4698 1702 4764 εἶπεν.
1748 4705 1886 4758 ἀλλ’
1931 4706 2038 4774 ἀρ-

376 4776 609 4859 )ξιερεὺς
645 4785 731 4841 ὢν
776 4787 881 4841 τοῦ
920 4786 1200 4841 ἐνιαυτοῦ
1246 4788 1481 4840 ἐκείνου
1501 4824 1517 4850 ,
1564 4790 2034 4858 προεφήτευσεν.

368 4874 464 4929 ὅτι
498 4874 764 4944 ἤμελλεν
790 4876 824 4929 ὁ
862 4872 1096 4943 Ἰησοῦς
1128 4872 1560 4941 ἀποθνήσκειν,
1600 4876 1714 4943 οὐχ
1742 4878 1894 4946 ὑπὲρ
1930 4880 2036 4935 τοῦ

375 4962 527 5016 λαοῦ
542 4963 755 5031 μόνον,
784 4961 922 5016 ἀλλ’
955 4961 1057 5015 ἵνα
1088 4959 1187 5014 καί
1216 4958 1287 5015 τὰ
1310 4959 1455 5027 ἔθνη
1480 4959 1554 5013 τὰ
1587 4960 2036 5034 ἐσκορπισμένα

366 5047 687 5118 συναγάγῃ
717 5050 806 5114 είς
828 5047 917 5101 ἓν.
948 5046 1215 5118 Εὐρήσεις
1244 5044 1482 5102 τοιοῦτόν
1508 5064 1560 5101 τι
1613 5048 1777 5103 πάλιν
1819 5050 1911 5103 καὶ
1942 5052 2035 5107 ἐπὶ

368 5132 465 5188 τοῦ
490 5133 719 5204 Βαλαὰμ
743 5133 1044 5204 γινόμενον.
1102 5132 1335 5204 mea;
1364 5133 1472 5205 γάρ
1501 5133 1641 5188 ὥστε
1660 5136 1687 5175 ιι
1722 5139 2033 5209 καταράσα-

371 5220 499 5274 σθαι
526 5219 616 5273 τὸν
645 5219 792 5282 λαὸν,
823 5221 885 5273 οὐ
923 5219 1079 5290 μόνον
1105 5221 1166 5275 οὐ
1192 5220 1567 5292 κατηράσατο,
1610 5222 1746 5277 ἀλλά
1771 5225 1863 5277 καὶ
1902 5243 2032 5297 προ-

364 5308 633 5379 εφήτευσε
669 5307 877 5378 μεγάλα
905 5308 999 5361 καὶ
1027 5307 1314 5380 θαυμαστά
1345 5308 1665 5379 πράγματα,
1694 5309 1753 5363 οὐ
1786 5312 2029 5384 περὶτοῦ

364 5396 498 5451 λαοῦ
525 5395 704 5466 μόνον,
752 5395 885 5450 ἀλλὰ
914 5397 1006 5449 καὶ
1044 5397 1171 5468 περὶ
1196 5398 1295 5465 τῆς
1320 5397 1413 5449 τοῦ
1440 5398 1687 5469 Σωτῆρος
1716 5399 2026 5470 ἐπιδημίας.

364 5484 460 5555 Μὴ
486 5484 663 5538 τοίνυν
700 5483 924 5548 ξενίζου,
949 5485 997 5536 εί
1024 5485 1116 5537 καὶ
1136 5484 1231 5539 νῦν
1263 5487 1290 5537 6
1315 5483 1504 5555 Λάμεχ
1531 5487 1895 5555 προσηγορίαν
1918 5489 2031 5541 ἐπι-

361 5564 480 5630 θεὶς
504 5566 581 5635 τῷ
609 5565 761 5618 παιδὶ
788 5563 1041 5636 τοιαύτην
1070 5565 1393 5637 ἐπιτίθησιν,
1422 5565 1556 5618 ἀλλά
1574 5565 1649 5635 τῷ
1669 5565 1785 5636 Θεῴ
1814 5568 2029 5635 λόγισαι

364 5654 425 5706 τὸ
464 5655 570 5707 πᾶν
598 5652 676 5722 τῷ
697 5652 784 5706 διά
814 5654 910 5723 τῆς
947 5653 1254 5724 εὐμηχάνου
1283 5651 1447 5706 αὐτοῦ
1474 5654 1663 5722 σοφίας
1688 5654 1861 5707 πάντα
1888 5656 2028 5709 οίκο-

430 5850 453 5876 ⁸
480 5848 603 5897 Bibl.
658 5854 709 5896 vt
750 5849 880 5895 Savil
930 5848 1063 5905 οὗτος
1082 5847 1407 5897 διειναπαύοει.
1474 5845 1501 5886 ὶ»
1530 5845 1609 5894 Sic
1648 5846 1793 5898 Saﬁl.
1837 5852 1883 5897 et
1908 5858 2021 5895 mas.

369 5907 542 5959 Morel.
577 5912 757 5959 οωιιιιι
782 5914 907 5960 ὥστε

3743 252 3868 307 IS?

2179 360 2450 429 νομοῦντι.
2503 360 2614 415 Kal
2639 362 2894 416 ἐκάλεσε
2923 363 2989 416 τὸ
3013 361 3201 431 ὄνομα
3225 362 3413 418 αὐτοῦ
3446 364 3573 419 Νῶε
3595 382 3609 395 '
3663 368 3849 437 ἑρμῖν-

2180 447 2388 501 ιςεύεται
2415 448 2523 520 γὰρ
2554 448 2717 502 αὐτοῦ
2744 448 2804 501 τὸ
2829 449 2998 520 ὄνομα
3028 450 3352 514 ἀνάπαυσις.
3388 450 3499 522 Τήν
3536 447 3629 504 οῦν
3662 471 3853 507 πανωο

2177 528 2391 602 λεθρίαν
2412 534 2648 604 ἐκείνην,
2688 534 2785 605 τήν
2819 534 2958 606 μετά
2981 536 3249 589 τοσούτων
3290 537 3427 591 ὲτῶν
3456 538 3685 609 ἀριθμὸν
3707 555 3852 610 συμμ-

2177 616 2438 688 ϐήσεσθαι
2487 621 2806 691 μέλλουσαν,
2848 621 3154 675 ἀνάπαυσιν
3198 621 3384 675 καλεῖ·
3443 623 3696 695 καθάπερ
3747 626 3865 679 καὶ

2188 704 2307 758 Ἰὼϐ
2340 722 2506 776 φησι·
2562 706 2827 773 Θάνατος
2862 706 3036 776 ἀνδρί
3074 707 3437 775 ἀνάπαυσις.
3489 711 3705 782 Ἐπειδὴ
3730 711 3851 783 γὰρ

2175 792 2340 847 πολὺν
2365 794 2460 846 καὶ
2491 794 2695 865 σφόδρα
2720 794 2892 864 μέγαν
2929 793 3042 864 ἔχει
3074 795 3164 849 τὸν
3185 795 3425 867 κάματον
3447 798 3481 867 ή
3526 797 3712 861 κακία,
3741 797 3853 868 τὴν

2172 880 2375 950 ταύτης
2407 881 2617 950 ἀποχὴν
2643 881 2736 934 καὶ
2754 882 2853 951 τήν
2886 881 3185 953 ἀναίρεσιν,
3213 884 3279 953 ἢν
3305 883 3393 936 διὰ
3422 883 3516 938 τοῦ
3549 884 3849 939 κλυδωνίου

2172 965 2376 1019 ἐκείνου
2402 966 2621 1036 ἔμελλον
2655 967 2999 1036 ὑφίστασθαι,
3029 968 3334 1022 ἀνάπαυσιν
3356 969 3529 1025 καλεῖ.
3567 970 3677 1024 Καὶ
3698 969 3848 1024 ἐκά-

2169 1054 2349 1117 λεσε,
2397 1053 2559 1123 φησὶ,
2606 1053 2672 1108 τὸ
2699 1054 2885 1122 ὄνομα
2925 1054 3111 1108 αὐτοῦ
3149 1053 3298 1108 Νῶε.
3358 1051 3494 1110 Εἶτα
3519 1055 3853 1127 ἑρμηνεύων

2171 1140 2303 1209 ἡμῖν
2338 1138 2432 1193 τοῦ
2464 1140 2727 1211 ὀνόματος
2772 1140 2871 1211 τὴν
2905 1141 3277 1212 προσηγορίαν
3309 1142 3473 1212 φησίν
3496 1158 3510 1173 ο
3554 1138 3746 1209 οὗτος
3767 1142 3845 1196 δὲ

2169 1226 2506 1281 ἀναπαύσει
2544 1225 2700 1294 ἡμᾶς
2725 1226 2845 1281 ἀπὸ
2869 1226 2986 1280 τῶν
3005 1227 3194 1297 ἔργων
3214 1225 3385 1295 ’ἡμῶν
3407 1245 3422 1259 υ
3477 1228 3584 1282 ἀπὸ
3609 1229 3708 1299 τῆς
3739 1246 3845 1282 κα-

2170 1306 2313 1374 κίας,
2340 1308 2522 1379 φησὶν,
2555 1309 2892 1378 ἀποστήσει·
2949 1309 3059 1362 Καὶ
3097 1307 3215 1361 ἀπὸ
3247 1307 3364 1362 τῶν
3400 1309 3689 1379 λυπηρῶν
3715 1309 3844 1364 τῶν

2168 1393 2380 1462 χειρῶν
2416 1394 2616 1464 ήμῶνι
2675 1396 2767 1448 καὶ
2818 1394 2977 1448 πάλιν
3009 1394 3069 1449 τὸ
3113 1394 3245 1450 αὐτὸ
3271 1394 3380 1448 ἀπὸ
3418 1395 3524 1449 τῶν
3558 1397 3843 1467 πράξεων,

2169 1480 2321 1550 φησὶ,
2338 1480 2444 1534 τῶν
2477 1479 2745 1551 πονηρῶν.
2762 1481 2896 1533 Οὐδὲ
2921 1481 3028 1552 γὰρ
3044 1481 3230 1551 ἐπειδὴ
3247 1480 3301 1534 αἱ
3324 1484 3500 1552 χεῖρες
3520 1480 3835 1548 ἐλυποῦντο,

2166 1566 2306 1620 οὓτω
2333 1568 2488 1622 τοῦτό
2516 1584 2679 1639 φησιν
2699 1578 2723 1606 ε
2738 1610 2750 1629 ,
2765 1568 2879 1621 ἀλλ’
2910 1568 3096 1640 ἐπειδὴ
3111 1568 3198 1621 διά
3218 1567 3319 1637 τῆς
3343 1568 3545 1621 τούτων
3568 1570 3836 1639 ἐργασίας

2168 1650 2261 1703 καὶ
2290 1652 2388 1722 τῆς
2420 1654 2660 1724 πονηρᾶς
2689 1652 2940 1723 πράξεως
2971 1649 3041 1705 τά
3077 1652 3176 1723 τῆς
3199 1650 3376 1722 λύπης
3403 1651 3582 1715 αὐτοῖς
3613 1651 3835 1723 ηὔξετο.

2166 1736 2275 1789 Καὶ
2318 1738 2436 1791 ἀπὸ
2475 1736 2586 1806 τῆς
2633 1738 2781 1808 γῆς,
2824 1729 2895 1805 ἧς
2925 1738 3307 1807 κατηράσατο
3333 1739 3547 1806 Κύριος
3592 1741 3625 1792 ό
3659 1741 3832 1805 Θεός.

2177 1821 2556 1893 Ἑλευθερώσει
2587 1823 2733 1893 ἡμᾶς
2762 1824 2998 1888 πάντων,
3023 1823 3179 1893 φησὶ,
3206 1822 3315 1876 τῶν
3342 1824 3702 1894 ἐπικειμένων
3730 1842 3835 1878 κα-

2164 1908 2295 1973 κῶν,
2312 1910 2404 1962 καί⁵
2423 1908 2516 1962 τοῦ
2543 1927 2607 1963 πε
2616 1909 2672 1981 ρὶ
2692 1910 2790 1980 τὴν
2809 1910 2915 1979 γῆν
2941 1909 3218 1962 πονεῖσθαι
3244 1911 3338 1964 καὶ
3366 1910 3837 1981 ταλαιπωρεῖσθαι

2162 1998 2260 2069 τὴν
2283 1998 2526 2070 κατάραν
2549 1996 2697 2069 [189]
2729 1997 3027 2069 δεξαμένην
3053 1997 3141 2050 διὰ
3164 1998 3264 2071 τὴν
3281 1998 3375 2052 τοῦ
3402 1999 3831 2072 πρωτοπλάστου

2163 2084 2491 2155 παράϐασιν.
2538 2083 2739 2140 Ἐννόει
2779 2085 2888 2154 γάρ
2925 2102 3015 2156 μοι
3047 2085 3254 2150 λοιπὸν,
3304 2086 3575 2158 ἀγαπητὲ,
3606 2086 3723 2151 πῶς
3767 2088 3833 2140 τὸ

2163 2172 2372 2225 παιδίον
2416 2171 2574 2225 τοῦτο
2626 2172 2767 2225 κατά
2834 2172 3028 2242 μικρὸν
3074 2172 3435 2243 αὐξανόμενον
3481 2173 3831 2238 διῗασκαλίας

2162 2258 2416 2321 ὐπόθεσις
2448 2258 2620 2312 ἅπασι
2641 2259 2751 2320 τοῖς
2778 2257 2975 2327 ὁρῶσιν
2994 2258 3202 2325 ἐγίνετο
3249 2258 3424 2312 Μόνον
3444 2259 3551 2330 γάρ
3568 2276 3651 2322 τις
3668 2261 3833 2311 ἐπυν-

2161 2342 2349 2397 θάνετο
2373 2344 2466 2396 τοῦ
2495 2343 2706 2396 σταδίου
2729 2344 2828 2415 τὴν
2855 2343 3242 2413 προσηγορίαν,
3263 2345 3356 2397 καὶ
3383 2344 3582 2409 εὐθέως
3603 2348 3636 2417 ή
3660 2347 3832 2417 ὲρμηο

2160 2431 2277 2484 νεία
2303 2432 2401 2502 τῆς
2430 2431 2801 2502 προσηγορίας
2822 2429 3065 2484 ἐδίδασκε
3083 2431 3189 2485 τῶν
3225 2431 3523 2501 μελλόντων
3547 2435 3828 2503 συμϐήσε-

2162 2518 2284 2570 σθαι
2305 2517 2397 2570 τὸν
2423 2516 2660 2586 ὄλεθρον.
2690 2518 2751 2570 Et
2773 2515 2871 2587 μὲν
2896 2516 3004 2588 γάρ
3030 2534 3111 2579 τις
3126 2516 3310 2581 ἁπλῶς
3332 2511 3483 2570 εἶπεν
3516 2518 3830 2588 ἐνηχηθεὶς,

2159 2603 2240 2656 δτι
2289 2603 2408 2656 τόδε
2442 2602 2628 2665 ἔσται,
2673 2603 2774 2655 κάν
2804 2601 2945 2675 λήθῃ
2973 2602 3247 2675 παραδοθῇ
3278 2603 3338 2656 τὸ
3380 2604 3563 2675 ῥηθὲν,
3599 2607 3694 2658 καὶ
3722 2606 3830 2659 οὐκ

2158 2691 2224 2745 ἂν
2244 2693 2443 2755 πάντες
2470 2688 2762 2758 ἐγίνωσκον
2786 2689 2886 2760 τῆς
2909 2689 3175 2761 τιμωρίας
3199 2690 3260 2742 τὸ
3286 2690 3555 2763 ἀφόρητον
3577 2709 3590 2724 ’
3619 2694 3739 2745 νυνὶ
3764 2692 3825 2746 δὲ

2157 2772 2309 2840 οὗτος
2342 2778 2446 2831 ὐπὸ
2473 2779 2582 2841 τοῖς
2614 2776 2870 2831 ἁπάντων
2902 2776 3196 2847 ὀφθαλμοῖς
3229 2777 3610 2847 στρεφόμενος,
3641 2778 3831 2832 εὐκαί⁹

2159 2882 2300 2937 ρως,
2333 2864 2576 2935 ἀκαίρως
2609 2864 2916 2933 ὑπόμνησις
2954 2863 3166 2931 ἐγίνετο
3206 2862 3303 2932 τῆς
3324 2862 3416 2916 τοῦ
3445 2862 3578 2925 Θεοῦ
3619 2865 3830 2933 ἀγανα-

2158 2955 2417 3022 κτήσεως.
2468 2950 2579 3004 Καὶ
2609 2951 2695 3003 ἵνα
2740 2949 3000 3020 μάθωμεν
3042 2948 3286 3020 ἀκριϐῶς
3320 2949 3412 3002 ἐπὶ
3437 2950 3602 3005 πῦσον
3630 2951 3825 3022 χρόνον

2154 3038 2438 3110 διήρκεσεν
2465 3039 2493 3090 6
2525 3036 2640 3101 υίὸς
2674 3035 2763 3090 διά
2788 3036 2886 3106 τῆς
2921 3036 3291 3108 προσηγορίας
3327 3035 3427 3107 τῆς
3458 3037 3650 3091 ἑαυτοῦ
3682 3041 3825 3093 πᾶσι.

2157 3124 2434 3196 παραινῶν
2482 3123 2781 3194 ἀποστῆναι
2819 3122 2918 3193 μὲν
2971 3123 3073 3193 τῆς
3106 3124 3326 3189 κακίας,
3378 3124 3594 3178 ἑλέσθαι
3621 3125 3678 3180 δὲ
3722 3126 3823 3197 τὴν

2156 3212 2376 3284 ἀρετὴν,
2402 3211 2495 3264 καὶ
2518 3210 2799 3279 διαφυγεῖν
2825 3208 2921 3279 τὴν
2943 3209 3207 3280 τοσαύτην
3231 3210 3624 3281 ἀγανάκτησιν,
3654 3215 3820 3283 φησί’

2154 3299 2264 3352 Καὶ
2304 3294 2381 3367 ἦν
2410 3296 2539 3351 Νῶε
2572 3293 2724 3351 ἐτῶν
2766 3296 3201 3361 πεντακοσίων,
3233 3297 3333 3350 καὶ
3365 3297 3656 3366 ἐγέννησε
3691 3299 3822 3356 Νῶε

2154 3387 2311 3456 τρεῖς
2334 3387 2524 3452 υἱούς.
2583 3386 2725 3452 Ὅρα
2766 3384 2926 3440 πάλιν
2975 3384 3133 3439 ἄλλον
3158 3385 3368 3440 δίκαιον
3400 3387 3538 3458 μετά
3562 3389 3819 3456 γυναικὸς

2155 3473 2249 3527 καλ⁵
2268 3473 2492 3537 τέκνων,
2523 3471 2722 3542 πολλὴν
2744 3472 2843 3541 τήν
2870 3473 2999 3542 περὶ
3027 3470 3118 3524 τὸν
3150 3471 3282 3526 Θεὸν
3301 3473 3657 3546 εὐαρέστησιν
3686 3494 3818 3530 κατ-

2154 3559 2470 3632 ωρθωκότα,
2517 3559 2612 3613 καὶ
2646 3557 2971 3622 ἀπεναντίας
3004 3557 3181 3611 ἅπασι
3206 3558 3305 3630 τὴν
3347 3561 3446 3630 τῆς
3473 3559 3672 3634 ἀρετῆς
3700 3563 3819 3617 ὁδὸν

2154 3646 2425 3715 ἑλόμενον,
2463 3645 2557 3700 καὶ⁵
2599 3642 2749 3697 οὐδὲν
2780 3644 2902 3698 οὐτε
2941 3645 3045 3697 ὐπὸ
3076 3643 3169 3697 τοῦ
3206 3646 3408 3717 γάμου,
3438 3645 3559 3700 οὐτε
3587 3648 3691 3702 ὐπὸ
3717 3650 3818 3718 τῆς

2156 3731 2538 3804 παιδοτροφίας
2569 3729 2894 3785 κωλυθέντα.
2950 3729 3099 3794 Τέως
3126 3730 3183 3783 δὲ
3213 3731 3509 3800 ἀναγκαῖον
3541 3734 3818 3808 ἐκπλαγῆ-

2152 3836 2240 3871 ναι
2282 3817 2377 3870 τοῦ
2422 3813 2557 3869 Θεοῦ
2583 3816 2682 3887 τὴν
2720 3815 2924 3885 ἄφατον
2955 3816 3369 3887 μακροθυμίαν,
3418 3819 3646 3872 καὶτῶν
3692 3822 3815 3875 τότε

2152 3905 2452 3976 ἀνθρώπων
2480 3902 2574 3974 τὴν
2607 3903 2999 3974 ἀγνωμοσύνην
3027 3903 3124 3974 τὴν
3169 3904 3269 3957 ὐπε
3281 3904 3634 3974 ρϐάλλουσαν.
3681 3906 3812 3962 Ἰδοὺ

2151 3996 2260 4067 γὰρ
2321 3993 2650 4047 πεντακόσια
2696 3993 2789 4063 ἔτη
2846 3993 2981 4054 τέως
3013 3992 3299 4063 διήρκεσεν
3346 3995 3374 4046 6
3416 3994 3617 4059 δίκαιος
3662 3990 3815 4062 οὗτος

2153 4082 2310 4152 βοῶν,
2344 4081 2437 4135 καὶ
2459 4079 2962 4150 διαμαρτυρόμενος
2978 4078 3067 4131 δ.ἀ
3091 4078 3189 4147 τῆς
3222 4078 3414 4131 ἑαυτοῦ
3443 4082 3813 4153 προσηγορίας

2148 4167 2211 4221 τὸ
2245 4168 2435 4238 μέλλον
2467 4166 2683 4220 ἔσεσθαι
2714 4164 3001 4219 κλυδώνιον
3039 4164 3178 4219 κατά
3212 4166 3392 4219 πᾶσαν
3419 4167 3520 4237 τὴν
3561 4170 3813 4238 οἰκουμέ-

2149 4273 2245 4324 νην
2272 4254 2366 4307 διά
2413 4252 2509 4323 τὴν
2542 4252 2643 4321 τῆς
2684 4250 2878 4313 κακίας
2920 4251 3163 4303 ἐπίτασιν
3198 4252 3291 4303 καὶ
3336 4252 3457 4305 οὐδὲ
3479 4251 3650 4315 οὕτως
3681 4254 3810 4306 ἀπο-

2151 4341 2339 4410 στῆναι
2379 4339 2480 4407 τῆς
2508 4338 2707 4401 κακίας
2745 4336 3143 4407 ἠϐουλήθησαν.
3216 4336 3351 4389 Ἀλλ’
3380 4340 3408 4390 6
3437 4336 3813 4409 φιλάνθρωπος

2148 4426 2280 4489 Θεὸς
2306 4425 2429 4479 οὐδὲ
2466 4425 2604 4496 μετὰ
2632 4422 2730 4494 τὴν
2763 4422 3029 4493 τοσαύτην
3056 4422 3380 4493 πρόρρησιν,
3402 4424 3525 4476 οὐδὲ
3555 4424 3692 4493 μετά
3722 4426 3811 4478 τὸν

2148 4513 2415 4566 τοσούτων
2444 4510 2674 4583 ἀριθμὸν
2704 4508 2839 4562 ὲτῶν
2872 4509 2969 4580 τὴν
2994 4510 3263 4582 τιμωρίαν
3294 4511 3513 4578 ἐπάγει,
3548 4510 3681 4564 ἀλλὰ
3708 4513 3809 4565 πάρ

2146 4599 2228 4652 λιν
2259 4598 2436 4664 αὐξων
2466 4597 2628 4650 αὐτοῦ
2657 4596 2755 4668 τὴν
2796 4597 3197 4668 μακροθυμίαν,
3230 4598 3320 4651 καὶ
3358 4598 3542 4673 έτερον
3575 4598 3675 4652 οὐκ
3702 4599 3806 4652 6M-

2145 4701 2256 4755 γων
2287 4685 2421 4739 ἑτῶν
2441 4684 2671 4756 ἀριθμὸν
2696 4682 3020 4755 προστίθησι
3048 4685 3114 4753 τῇ
3151 4684 3326 4755 οἰκεία
3362 4683 3704 4756 ἀνεξικακίᾳ.
3731 4688 3806 4738 Οὐ

2145 4772 2252 4846 γάρ
2267 4772 2356 4825 διὰ
2382 4770 2538 4824 τοῦτο
2577 4770 2868 4841 παρήγαγε
2892 4771 2991 4840 τὴν
3014 4769 3123 4822 τῶν
3142 4770 3444 4841 ἀνθρώπων
3469 4772 3648 4841 φύσιν,
3669 4773 3804 4825 ὥστε

2143 4857 2585 4930 τιμωρήσασθαι,
2620 4857 2755 4910 ἀλλά
2778 4857 3087 4910 τούναντίον
3108 4857 3273 4924 ἀπαν,
3303 4856 3444 4909 ὥστε
3465 4858 3575 4910 τῶν
3600 4860 3808 4929 μυρῗων

2145 4941 2366 5009 ἀγαθῶν
2391 4939 2489 5011 τὴν
2522 4940 2821 4994 ἀπόλαυσιν
2846 4939 3215 5011 δωρήσασθαι.
3249 4940 3348 4994 Διά
3376 4940 3535 4995 τοῦτο
3564 4941 3695 5012 ὁρᾷς
3716 4941 3807 4992 αὐ-

2141 5029 2234 5082 τὸν
2266 5026 2541 5096 πανταχοῦ
2575 5026 2859 5097 μέλλοντα,
2898 5026 2992 5077 καὶ
3030 5025 3463 5097 ἀναϐαλλόμενον
3494 5028 3551 5080 ὲν
3579 5028 3699 5091 ταῖς
3725 5044 3808 5080 τι-

2145 5115 2397 5188 μωρίαις.
2434 5112 2571 5167 Ἀλλ’
2603 5113 2690 5166 ἵνα
2739 5112 2814 5184 μὴ
2838 5111 2915 5182 τῷ
2947 5112 3139 5183 πλήθει
3164 5112 3272 5166 τῶν
3300 5113 3608 5184 λεγομένων
3635 5130 3804 5167 κατα-

2139 5200 2405 5272 χὼσωμεν
2446 5198 2600 5270 ὐμῶν
2632 5198 2730 5268 τήν
2767 5197 3009 5267 μνήμην,
3068 5196 3229 5269 μέχρι
3277 5197 3469 5250 τούτου
3514 5199 3806 5268 στήσαντες

2138 5289 2230 5342 τὸν
2255 5288 2410 5356 λόγον
2443 5287 2522 5350 εἰς
2549 5286 2648 5357 τὴν
2679 5284 2940 5338 ἐπιοῦσαν
2961 5284 3030 5339 τά
3056 5284 3353 5355 λειπόμενα
3377 5285 3800 5356 ταμιευσόμεθα.

2212 5377 2285 5435 ς’.
2307 5368 2536 5422 άΤαῦτα
2572 5367 2627 5421 δὲ
2672 5367 2745 5439 μὴ
2777 5367 2962 5431 ἁπλῶς
2990 5367 3307 5438 ἀκούωμεν,
3331 5368 3629 5438 ἀγαπητοὶ,
3671 5369 3805 5423 ἀλλὰ

2139 5455 2517 5528 παιδευώμεθα
2542 5455 2638 5526 τῆς
2664 5455 2865 5526 ἀρετῆς
2898 5455 3292 5526 ἐπιμελεῖσθαι,
3311 5456 3403 5508 καὶ
3442 5455 3540 5526 τὴν
3566 5457 3691 5527 περὶ
3717 5456 3803 5511 τὸν

2137 5547 2268 5600 Θεὸν
2309 5545 2667 5616 εὐαρέστησιν
2711 5544 2837 5613 περὶ
2875 5544 3070 5597 πολλοῦ
3102 5542 3393 5603 ποιεῖσθαι,
3426 5543 3519 5597 καὶ
3548 5545 3683 5614 μήτε
3724 5546 3799 5597 οἱ·

2138 5634 2260 5696 κίας
2306 5631 2672 5704 προστασίαν,
2714 5632 2849 5702 μήτε
2891 5632 3146 5699 γυναικὸς
3182 5632 3471 5700 φροντίδα,
3501 5633 3639 5700 μήτε
3682 5631 3797 5684 παί-

2199 5722 2221 5749 ε
2249 5718 2381 5776 Haec,
2406 5718 2530 5765 οὕτω
2553 5714 2696 5765 τοῦτὸ
2719 5733 2875 5778 φησιν,
2898 5731 2927 5766 e
2954 5717 3102 5765 Savil.
3144 5722 3474 5766 accesserunt.
3501 5715 3636 5766 Εοιι.

2196 5778 2224 5818 d
2246 5778 2360 5844 Hyan
2383 5780 2668 5830 transposila
2712 5777 2955 5844 Ιεμιιιιιιιε
2972 5780 3099 5844 αριιά
3125 5778 3356 5844 six-11mm
3385 5785 3435 5825 el
3466 5777 3799 5844 dungpmijqes

2136 5852 2270 5891 mss..
2294 5839 2359 5885 ila
2383 5846 2429 5887 ul
2453 5852 2563 5886 cum
2583 5838 2903 5897 sequentibus
2926 5837 3059 5887 Pami
3080 5839 3138 5887 ad
3158 5837 3470 5889 Timotheum
3496 5847 3542 5887 ει
3569 5837 3793 5886 [περιήιε-

2139 5902 2207 5952 hs
2239 5898 2361 5949 locis
2399 5906 2511 5948 ante
2538 5899 2786 5961 epilogum
2823 5906 3088 5961 ponuntur.
