4074 6134
343 309 438 366 [8|

342 423 594 472 revocare
621 407 730 461 'vult
759 403 1075 462 sententiam
1103 415 1259 472 quam
1289 410 1474 456 contra
1496 401 1662 456 Adam
1688 400 1923 474 protulit;

341 506 434 564 sed
460 501 796 558 manifestum
826 496 928 550 hoc
969 511 1074 552 non
1103 493 1246 560 facit,
1285 501 1343 548 ut
1373 494 1531 548 timor
1561 493 1702 547 illius
1748 507 1931 547 emen-

339 594 539 652 dationi
567 590 781 646 serviat.
813 588 876 642 Et
903 586 1102 641 idcirco
1133 583 1337 649 Enoeh,
1387 599 1508 638 cum
1556 583 1654 652 ipsi
1699 583 1926 636 mullum

341 689 595 756 placeret,
641 678 925 734 transtulit.
950 676 1064 733 Jam
1093 677 1137 731 si
1161 675 1280 745 quis
1303 673 1568 729 curiosius
1601 687 1791 743 rogare
1837 687 1932 726 ve-

343 780 424 845 lit,
472 785 529 832 et
580 775 760 830 dicere
801 789 815 826 :
873 771 940 825 Et
993 783 1098 838 quo
1148 770 1320 837 ipsum
1363 766 1664 822 transtulit?
1708 775 1761 821 et
1803 781 1928 820 num

343 884 509 939 usque
534 868 600 920 ad
633 877 870 934 prmsens
897 859 1126 916 vixerit?
1154 859 1322 914 discat
1366 874 1471 913 non
1502 858 1789 913 convenire
1832 857 1927 910 hn-

341 962 512 1017 manis
535 955 946 1028 cogitationibus
969 951 1215 1022 obsequi,
1244 961 1298 1005 et
1327 951 1590 1006 curiosius
1640 965 1698 1004 ea
1748 964 1867 1018 qua:
1894 961 1925 1001 a

345 1053 454 1107 Deo
482 1051 615 1105 fiunt
653 1047 952 1116 explorare,
983 1042 1076 1096 sed
1121 1039 1342 1096 credere
1385 1040 1451 1094 iis
1489 1055 1608 1109 qua:
1655 1039 1923 1093 dicuntur.

344 1144 474 1199 Nam
501 1140 714 1213 quando
746 1139 885 1192 Deus
906 1134 1128 1204 â€˜aliquid
1182 1133 1486 1201 pronuntiat
1509 1174 1524 1195 ,
1570 1130 1725 1184 dlt'llS
1763 1130 1931 1200 ipsius

341 1230 813 1291 contradiccudum
859 1241 964 1281 non
1002 1233 1104 1290 est,
1137 1224 1230 1278 sed
1263 1223 1369 1278 fide
1397 1222 1639 1290 digniora
1687 1219 1928 1274 habenda

342 1335 468 1384 sunt
505 1342 624 1398 qum
660 1340 688 1378 a
743 1323 850 1376 Deo
887 1318 1315 1390 pronuntiantur,
1347 1315 1554 1371 etiamsi
1587 1328 1924 1381 noncontpa-

345 1429 518 1485 reant,
542 1431 698 1488 quam
717 1429 777 1470 ea
791 1428 910 1483 quae
929 1410 1099 1466 oculis
1115 1410 1311 1463 nostris
1323 1407 1556 1477 subjecta
1579 1415 1722 1460 sunt.
1743 1404 1927 1458 Enim-

343 1528 472 1568 vero
498 1510 770 1580 Scriptura
796 1504 952 1569 dixit,
980 1500 1122 1572 quod
1154 1499 1480 1555 transtulerit
1503 1498 1671 1560 illum,
1719 1494 1926 1564 etquod

343 1607 609 1662 viventem
641 1599 989 1664 transtulerit,
1043 1611 1140 1651 nec
1175 1603 1400 1649 mortem
1428 1601 1679 1662 expertus
1703 1591 1806 1655 sit,
1835 1588 1927 1644 sed

341 1697 414 1752 ob
441 1711 616 1762 suum,
652 1709 808 1764 quem
840 1689 976 1760 apud
1001 1689 1166 1743 Deum
1200 1686 1426 1740 habebat
1450 1683 1681 1739 favorem
1703 1724 1718 1746 ,
1769 1696 1929 1747 supe-

344 1789 455 1842 rior
483 1788 649 1841 factus
679 1785 748 1840 sit
772 1783 946 1837 divina
974 1779 1236 1834 sententia
1261 1786 1444 1833 contra
1499 1776 1786 1828 lmmauum
1831 1785 1925 1841 ge-

345 1894 446 1934 nus
472 1877 692 1948 prolata.
723 1875 839 1942 Quo
863 1880 1038 1927 autem
1066 1871 1212 1926 illum
1242 1867 1598 1933 transtulerit,
1624 1873 1676 1919 et
1705 1876 1931 1935 quomo-

343 1973 414 2027 do
439 1985 580 2026 nunc
612 1977 754 2037 agat,
787 1966 886 2020 huc
911 1980 1018 2019 non
1039 1963 1252 2034 adjecit.

421 2063 475 2117 5.
515 2058 706 2115 Vidisti
737 2056 1024 2113 bonitatem
1064 2053 1308 2116 Domini,
1341 2049 1610 2122 quomodo
1657 2049 1928 2103 inventum

347 2155 520 2207 virum
569 2151 656 2220 qui
686 2150 930 2202 virtutem
980 2152 1230 2216 operatus
1258 2153 1362 2209 est,
1405 2158 1508 2197 nou
1551 2139 1813 2195 fraudavit
1853 2139 1932 2192 di-

343 2245 544 2314 gnitate
569 2255 725 2311 quam
754 2237 1057 2309 primigenaa
1087 2235 1284 2289 homini
1317 2243 1439 2288 ante
1469 2231 1702 2286 mandati
1750 2239 1930 2284 trans-

345 2333 675 2402 gressionem
719 2330 937 2401 largitus
974 2337 1089 2384 erat
1120 2343 1133 2380 :
1167 2326 1366 2380 docens
1400 2339 1497 2379 nos
1520 2365 1537 2392 ,
1569 2339 1628 2378 se
1675 2332 1730 2378 et
1757 2322 1924 2384 illum,

349 2428 450 2482 nisi
475 2425 735 2480 daemonis
760 2422 1125 2492 deccptionem
1155 2418 1322 2488 pluris
1352 2416 1561 2471 fecisset
1590 2429 1746 2485 quam
1778 2413 1932 2467 tradi-

348 2529 459 2572 tum
489 2514 819 2576 mamlatum,
850 2510 1036 2567 eodem
1060 2510 1143 2564 vel
1166 2508 1352 2578 majori
1373 2508 1577 2562 honore
1593 2507 1928 2576 dignaturum

353 2607 556 2662 fuisse?
581 2606 670 2660 25.
703 2603 766 2656 Et
794 2603 944 2669 vixit,
976 2602 1165 2670 inquit,
1197 2598 1489 2652 Mathusala
1529 2613 1689 2650 annos
1735 2606 1931 2649 centum

347 2710 391 2752 et
417 2698 668 2768 octoginta
691 2705 900 2765 septem,
929 2703 974 2747 et
999 2691 1169 2763 genuit
1201 2690 1419 2744 Lameclt
1452 2703 1471 2743 :
1495 2689 1586 2744 28.
1627 2699 1673 2742 et
1696 2687 1816 2741 vixit
1835 2686 1933 2740 La-
1982 2754 1986 2758 _

346 2790 485 2844 meclt
506 2804 664 2842 annos
690 2795 882 2840 centum
905 2785 1186 2855 octoginta,
1213 2781 1305 2837 29.
1344 2791 1392 2836 et
1431 2781 1602 2851 genuit
1647 2779 1833 2848 filium,
1884 2788 1930 2832 et

348 2882 620 2953 appellavit
642 2896 820 2934 nomen
842 2877 980 2932 illius
1008 2876 1142 2942 Noe,
1167 2877 1336 2929 dicens
1355 2890 1374 2928 :
1399 2873 1500 2927 Hic
1518 2872 1826 2942 requiescere
1848 2875 1932 2942 fa-

348 2982 440 3035 ciet
469 2995 560 3033 uos
580 2977 642 3030 ab
663 2975 895 3045 aper-ibus
936 2974 1139 3039 nostris,
1161 2981 1206 3026 et
1229 2987 1260 3023 a
1287 2969 1527 3023 molestiis
1558 2982 1796 3020 ntanuum
1840 2981 1931 3020 no-

348 3081 590 3135 strarum,
620 3079 666 3123 et
711 3084 743 3121 a
789 3076 922 3122 terra
962 3081 1116 3136 quam
1164 3061 1426 3116 maledixit
1474 3059 1723 3112 Dominus
1774 3056 1930 3111 Deus.

353 3165 482 3219 Vide
504 3163 694 3218 iterum
725 3176 818 3231 per
843 3157 1251 3228 appellationem
1281 3169 1422 3209 nunc
1451 3155 1557 3207 nati
1601 3168 1667 3206 ex
1702 3149 1929 3206 Lamcch

353 3256 726 3328 mysteriorum
759 3250 1174 3322 magnitudinem
1196 3289 1211 3311 ,
1243 3245 1474 3302 vaticinii
1522 3245 1929 3307 excellentiam,

353 3358 407 3404 et
437 3348 528 3403 Dei
552 3347 682 3402 boni
706 3343 1031 3400 ineffabilem
1061 3340 1461 3411 benignitatem.
1493 3337 1752 3404 Quoniam
1789 3335 1932 3390 enim

352 3439 682 3510 praescientia
712 3450 806 3492 sua
837 3432 1162 3504 praevidebat
1203 3445 1263 3485 ea
1293 3445 1410 3500 quae
1448 3428 1618 3482 futura
1662 3435 1848 3491 erant;
1877 3432 1936 3479 ut

352 3531 482 3586 vidit
507 3528 764 3584 malitiam
798 3527 1074 3581 hominum
1102 3523 1152 3578 in
1199 3522 1313 3576 dies
1349 3521 1515 3590 magis
1562 3529 1718 3589 atque
1766 3518 1936 3588 magis

354 3625 672 3685 increscere,
696 3617 934 3690 prmdicit
951 3631 1047 3686 per
1067 3613 1472 3684 appellationem
1495 3611 1638 3681 pueri
1663 3609 1800 3663 mala
1818 3622 1935 3679 quae

354 3723 522 3768 totum
543 3712 831 3767 humanum
857 3721 1025 3780 genus
1051 3706 1293 3760 invasura
1325 3711 1526 3767 essent,
1551 3709 1607 3754 ut
1637 3700 1718 3754 vel
1745 3700 1937 3754 timore

352 3803 590 3874 castigati
620 3801 1011 3856 abducerentur
1038 3811 1066 3850 a
1101 3795 1260 3860 vitiis,
1293 3802 1347 3848 et
1375 3793 1805 3862 amplexarentur
1830 3790 1938 3843 vir-

354 3904 542 3950 tutem.
575 3893 643 3948 Et
671 3891 790 3947 vide
832 3887 1141 3961 patientiam
1169 3885 1375 3940 Domini
1403 3883 1662 3945 curantis,
1715 3890 1773 3936 ut
1811 3890 1939 3936 ante

358 3995 560 4040 tantum
611 3991 820 4053 tempus
843 3979 1150 4035 vaticinium
1190 3974 1546 4047 prcccederet,
1592 3982 1648 4027 ut
1687 3981 1741 4028 et
1786 3987 1935 4027 suam

355 4077 660 4133 ostenderet
679 4070 1117 4132 misericordiam,
1140 4076 1195 4123 et
1214 4066 1356 4124 omni
1377 4066 1605 4136 privaret
1631 4063 1938 4120 defensioue

357 4187 453 4228 eos
481 4170 569 4241 qui
603 4184 774 4240 paena:
805 4166 966 4220 futuri
993 4173 1145 4218 erant
1169 4160 1404 4218 obnoxii.

430 4262 533 4316 Per
551 4261 785 4329 indignos
809 4256 1060 4311 interdum
1090 4253 1263 4324 futura
1286 4249 1494 4322 prwdici
1515 4249 1618 4302 vult
1656 4249 1791 4303 Deus
1842 4247 1940 4303 Ge-

360 4357 491 4409 neris
531 4353 739 4406 humani
781 4350 1010 4404 interitus
1040 4347 1178 4416 quies
1207 4355 1506 4400 vocatur.â€”â€”
1520 4343 1627 4398 Sed
1658 4341 1794 4397 forte
1822 4341 1940 4411 quis

365 4444 560 4499 dixerit
589 4461 602 4497 :
634 4440 787 4497 Unde
809 4436 1038 4494 Lamcch
1072 4436 1174 4490 hoc
1200 4435 1400 4498 habuit,
1455 4441 1511 4486 ut
1558 4441 1760 4486 tantum
1802 4430 1936 4484 vati-

357 4536 556 4590 cinium
583 4528 934 4602 praediceret?
959 4543 1063 4582 non
1094 4527 1235 4582 enim
1262 4525 1503 4580 meminit
1525 4524 1803 4592 Scriptura
1819 4535 1939 4576 eum

362 4624 524 4678 multa
536 4624 732 4677 virtute
747 4619 1022 4685 claruisse,
1037 4616 1511 4685 admirabilemque
1533 4614 1713 4668 fuiSse.
1745 4612 1820 4667 Ne
1842 4611 1943 4666 mi-

360 4715 518 4778 reris,
547 4713 740 4768 dilecte
765 4728 778 4764 :
811 4710 1063 4764 Dominus
1089 4707 1232 4762 enim
1261 4712 1442 4760 uoster
1461 4705 1673 4773 sapiens
1689 4712 1741 4757 et
1770 4703 1944 4756 omni-

364 4812 573 4874 potens,
604 4818 701 4872 per
739 4801 985 4871 indignos
1028 4814 1171 4868 saepe
1213 4796 1458 4852 concedit
1484 4794 1696 4864 prmdici
1727 4806 1944 4864 magnas

366 4891 740 4959 mimbilesque
779 4907 862 4946 res
893 4908 906 4944 :
959 4890 1117 4959 idque
1158 4904 1264 4943 non
1297 4887 1350 4941 in
1396 4885 1573 4942 Veteri
1603 4885 1946 4940 Testamento

365 4983 560 5045 solum,
587 4980 682 5036 sed
712 4989 766 5033 et
792 4981 842 5034 in
885 4979 1052 5034 Novo.
1085 4979 1222 5034 Audi
1263 4978 1406 5034 enim
1447 4976 1824 5046 evangelistam
1879 4974 1948 5030 de

364 5072 562 5144 Caipha
593 5070 897 5126 Judacurum
931 5071 1177 5139 pontifice
1195 5070 1457 5125 dicentem
1493 5083 1511 5122 :
1560 5067 1673 5120 Hoc
1711 5076 1879 5120 autem
1915 5081 1950 5119 a

364 5164 632 5234 semetipso
672 5176 775 5215 non
796 5162 944 5227 dixit,
967 5161 1054 5215 sed
1079 5178 1195 5215 cum
1231 5170 1356 5215 esset
1382 5161 1612 5231 pontifex
1631 5157 1753 5211 anni
1772 5157 1944 5223 illius,

367 5255 604 5327 pradixit
633 5252 930 5307 moriturum
958 5267 1062 5306 esse
1081 5250 1113 5304 .1
1119 5267 1276 5316 esum,
1301 5268 1404 5305 non
1437 5251 1604 5306 solum
1623 5265 1716 5321 pro
1737 5248 1948 5319 populo,

368 5350 454 5405 sed
498 5357 552 5402 ut
575 5355 745 5419 gentes
781 5345 1036 5414 dispersas
1059 5351 1381 5413 congregaret
1406 5343 1458 5396 in
1483 5358 1643 5395 unum
1676 5340 1947 5412 (Joan.ll.

373 5441 486 5511 51).
508 5438 752 5494 Invenies
780 5437 906 5491 item
935 5444 988 5489 et
1012 5449 1041 5488 a
1070 5433 1282 5488 Balaam
1312 5434 1414 5488 tale
1443 5432 1570 5503 quid
1601 5433 1815 5488 factum.
1848 5431 1952 5485 Vo-

368 5540 517 5585 catus
545 5528 686 5584 enim
737 5536 790 5583 ut
823 5525 1165 5582 malediceret
1191 5525 1445 5594 populum
1466 5565 1481 5588 ,
1509 5539 1614 5578 non
1641 5523 1810 5579 solum
1844 5536 1948 5576 non

372 5620 664 5685 maledixit,
692 5618 786 5675 sed
809 5627 864 5673 et
889 5615 1132 5687 praedixit
1161 5615 1352 5670 multas
1383 5614 1649 5684 mirasque
1674 5627 1794 5677 res,
1844 5628 1948 5668 non

373 5710 439 5766 de
466 5712 659 5783 populo
687 5719 913 5779 tantum,
936 5711 1029 5767 sed
1059 5709 1218 5767 etiam
1263 5707 1331 5764 de
1381 5707 1607 5764 adventu
1650 5704 1938 5762 Salvatoris

1408 285 1471 342 IN
1509 285 1660 342 CAP.
1703 284 1764 340 V.
1807 284 2046 342 GENES.
2089 241 2324 344 llOMlL.â€˜
2355 288 2497 347 XXI.

3527 297 3626 352 Â£89

2047 403 2213 457 nostri
2238 402 2424 473 (Num.
2454 404 2570 476 24).
2594 405 2709 460 Non
2742 406 2898 478 igitur
2929 409 3158 477 mireris,
3200 409 3244 466 si
3293 411 3451 467 etiam
3483 429 3621 467 nunc

2039 489 2272 547 Lamech
2296 494 2364 548 ita
2398 511 2618 564 puerum
2647 499 2943 568 appellarit.
2964 500 3057 555 sed
3089 501 3196 555 Deo
3227 510 3394 558 totum
3427 503 3621 571 tribue,

2037 582 2126 650 qui
2151 583 2334 638 solerti
2357 601 2450 639 sua
2479 587 2737 657 sapientia
2766 600 2953 646 cuncta
2983 592 3277 662 dispensat.
3326 594 3394 648 Et
3433 598 3622 650 vocarit

2037 688 2218 726 nomen
2239 673 2377 729 illius
2405 675 2536 730 Noe.
2563 677 2673 733 Hoc
2714 696 2932 744 nomen,
2983 683 3026 736 si
3072 684 3192 754 quis
3222 684 3617 754 interpretetur,

2037 762 2266 832 quietem
2294 765 2440 819 dicit.
2473 766 2715 832 Quietem
2756 779 2934 825 autem
2966 781 3120 826 vocat
3143 775 3446 843 generalem
3473 775 3618 829 illum

2038 853 2308 909 interitum
2340 868 2459 927 post
2486 861 2683 916 multos
2733 878 2902 918 annos
2957 863 3224 932 futurum;
3259 867 3396 922 sicut
3421 876 3477 922 et
3519 866 3623 923 Job

2035 945 2198 1002 dicit:
2236 947 2380 1004 Mors
2417 953 2522 1006 viro
2546 957 2684 1021 quies
2710 953 2827 1026 (Job
2857 957 2912 1010 5.
2937 955 3031 1026 25)
3063 975 3076 1012 :
3129 959 3381 1028 quoniam
3423 960 3621 1015 multus

2035 1046 2187 1093 estet
2216 1042 2366 1096 valde
2393 1058 2612 1114 magnus
2643 1045 2791 1099 labor
2837 1047 3072 1113 malitiae,
3112 1049 3227 1118 ejus
3267 1052 3618 1106 cessationem

2035 1138 2090 1183 et
2113 1131 2464 1200 perditionem
2496 1150 2590 1205 per
2618 1137 2871 1192 diluvium
2897 1139 3146 1205 futuram,
3175 1142 3405 1211 quietem
3439 1153 3613 1198 vocat.

2037 1218 2102 1272 Et
2129 1225 2317 1277 vocavit
2343 1241 2522 1280 nomen
2543 1227 2682 1282 illius
2706 1228 2839 1282 Noe.
2871 1230 3068 1285 Deinde
3091 1233 3497 1300 appellationem
3526 1251 3621 1289 nos

2037 1312 2195 1367 minis
2225 1314 2622 1384 interpretatur,
2648 1327 2704 1372 et
2736 1319 2865 1374 dicit
2889 1336 2902 1372 :
2935 1320 3036 1374 Hic
3059 1325 3228 1392 utique
3247 1324 3457 1393 quietem
3478 1326 3619 1380 nobis

2037 1405 2291 1471 prwstabit
2328 1407 2390 1460 ab
2420 1411 2651 1478 aperibus
2672 1414 2858 1468 nostris
2877 1429 2896 1466 :
2931 1429 2960 1466 a
2991 1415 3211 1482 malitia,
3242 1417 3432 1485 inquit,
3460 1432 3618 1472 aver-

2039 1501 2131 1559 tet,
2163 1494 2232 1548 Et
2256 1512 2288 1548 a
2325 1497 2566 1553 molestiis
2592 1516 2830 1555 manuum
2856 1512 3142 1558 nostrarum
3168 1521 3186 1559 :
3217 1515 3269 1559 et
3297 1505 3486 1560 iterum
3517 1506 3619 1561 hoc

2037 1582 2228 1651 ipsum,
2260 1585 2328 1638 ab
2353 1588 2622 1655 operibus,
2668 1591 2870 1660 inquit,
2915 1593 3091 1648 malis.
3135 1593 3250 1649 Non
3281 1595 3422 1650 enim
3466 1595 3616 1659 dicit,

2036 1688 2224 1729 manus
2253 1675 2437 1733 dolore
2462 1678 2679 1736 atlâ€˜ectas
2710 1699 2722 1735 :
2764 1683 2855 1737 sed
2889 1700 2982 1752 per
3008 1685 3214 1740 illarum
3245 1702 3407 1756 opera
3429 1697 3480 1742 et
3506 1703 3621 1742 ma-

2037 1763 2115 1817 las
2139 1765 2394 1832 actiones,
2426 1769 2698 1826 molestias
2724 1783 2905 1826 auctas
2931 1774 3112 1830 fuisse.
3151 1775 3213 1829 Et
3234 1793 3264 1829 a
3291 1787 3441 1842 terra,
3466 1795 3617 1848 quant

2036 1857 2296 1910 maledixit
2323 1857 2571 1914 Dominus
2600 1861 2754 1916 Deus.
2783 1863 3045 1920 Liberabit
3066 1881 3180 1931 nos,
3207 1867 3393 1936 inquit,
3418 1869 3485 1922 ab
3505 1884 3620 1922 om-

2037 1945 2191 2002 nibus
2247 1950 2401 2004 malis
2443 1954 2838 2020 prementibus,
2887 1965 2940 2010 ct
2983 1957 3254 2014 laboribus
3283 1968 3338 2013 et
3389 1960 3620 2016 miseriis

2037 2054 2167 2108 quas
2197 2041 2436 2097 subimus
2464 2045 2512 2097 in
2556 2054 2692 2100 terra
2728 2048 2973 2116 colenda,
3001 2065 3119 2119 qua:
3147 2051 3502 2107 maledictioni
3533 2053 3616 2106 [ÎµÎ¹-

2036 2142 2119 2186 cta
2148 2143 2228 2188 est
2253 2133 2481 2190 obnoxia
2502 2147 2715 2207 propter
2737 2141 3042 2211 primigenia:
3065 2142 3295 2198 hominis
3326 2155 3619 2215 transgres-

2037 2225 2263 2280 sionem.
2291 2228 2385 2282 llie
2425 2230 2811 2296 animadverte,
2845 2233 3058 2300 dilecte,
3097 2237 3365 2305 quomodo
3411 2238 3620 2306 puellus

2040 2318 2138 2371 iste
2184 2320 2432 2387 paulatim
2477 2337 2760 2387 crescens,
2815 2325 3061 2379 omnibus
3104 2326 3275 2396 ipsum
3318 2327 3620 2384 videntibus

2039 2408 2274 2463 discendi
2323 2413 2532 2467 occasio
2585 2413 2761 2468 fuerit.
2812 2414 2942 2468 Nam
2993 2431 3113 2470 mox
3168 2427 3224 2472 ut
3258 2419 3375 2489 quis
3425 2435 3617 2482 nomen

2041 2502 2186 2569 pueri
2216 2502 2515 2558 sciscitatus
2558 2513 2659 2570 est,
2688 2519 2754 2560 ex
2783 2507 3220 2576 interpretatione
3263 2511 3506 2565 vocabuli
3535 2512 3618 2566 di-

2038 2591 2168 2645 dicit
2209 2601 2522 2648 eventurum
2568 2596 2868 2664 generalem
2905 2596 3195 2652 interitum.
3237 2599 3367 2655 Nam
3415 2603 3457 2655 si
3503 2604 3619 2672 quis

2038 2682 2218 2737 divino
2261 2683 2462 2753 Spiritu
2508 2685 2720 2740 amatus
2770 2688 3081 2756 simpliciter
3111 2693 3210 2746 hoc
3250 2694 3479 2748 futurum
3533 2696 3618 2748 di-

2043 2774 2230 2840 xisset,
2277 2774 2331 2829 id
2352 2775 2529 2829 statim
2579 2776 2762 2835 fuisset
2787 2777 3039 2832 oblivioni
3071 2780 3339 2847 traditum,
3364 2792 3417 2838 et
3442 2785 3619 2853 gravi-

2043 2877 2122 2922 tas
2166 2883 2336 2938 poenae
2374 2883 2480 2923 non
2509 2868 2695 2925 fuisset
2722 2870 2967 2928 omnibus
2997 2873 3204 2944 cognita
3239 2890 3253 2928 :
3284 2889 3425 2929 nunc
3443 2886 3618 2930 autem

2041 2960 2162 3026 quia
2212 2958 2299 3013 hic
2332 2968 2456 3014 ante
2483 2959 2720 3014 omnium
2747 2971 2987 3016 versatur
3010 2964 3213 3030 oculos,
3237 2967 3548 3034 tempestive
3565 2977 3622 3022 et

2043 3052 2412 3122 intempestive
2437 3051 2670 3106 divinam
2701 3055 3153 3109 commemorabat
3178 3056 3616 3126 indignationem.

2041 3143 2207 3198 Porro
2255 3153 2315 3198 ut
2359 3152 2505 3199 certo
2536 3144 2766 3199 sciamus
2792 3154 2990 3215 quanto
3022 3154 3258 3217 tempore
3313 3165 3620 3219 persevera-

2040 3233 2176 3289 verit
2199 3232 2339 3288 filius
2365 3249 2460 3304 per
2482 3235 2562 3290 sui
2593 3235 2824 3291 nominis
2872 3239 3278 3306 appellationem
3309 3255 3495 3296 omnes
3529 3243 3624 3297 ad-

2041 3339 2261 3381 monere
2290 3333 2348 3380 ut
2370 3325 2692 3381 desisterent
2719 3342 2748 3380 a
2790 3336 3025 3395 peccato,
3057 3337 3112 3384 et
3135 3329 3381 3384 virtutem
3419 3332 3622 3400 ample-

2039 3425 2308 3480 xarentur,
2335 3430 2439 3486 quo
2463 3415 2595 3470 iram
2627 3415 2762 3470 hanc
2781 3417 3016 3487 effugere
3057 3419 3314 3486 valerent,
3332 3420 3460 3475 dicit
3485 3438 3499 3474 :
3530 3421 3620 3477 52.

2040 3507 2108 3562 Et
2142 3518 2246 3562 erat
2274 3508 2384 3562 Noe
2421 3525 2671 3562 annorum
2705 3510 3110 3580 quingentorum,
3136 3520 3183 3565 et
3223 3513 3395 3582 genuit
3429 3522 3527 3568 tres
3553 3514 3625 3582 ï¬-

2040 3601 2156 3656 lios.
2190 3601 2320 3655 Vide
2347 3601 2534 3655 iterum
2563 3602 2722 3656 alium
2748 3603 2947 3672 justum
2987 3619 3107 3658 cum
3161 3619 3326 3660 uxore
3361 3615 3415 3662 et
3465 3606 3622 3674 filiis,

2042 3693 2132 3764 qui
2178 3694 2314 3748 bene
2346 3693 2613 3763 operando
2639 3693 2924 3748 admodum
2972 3695 3169 3764 placuit
3201 3697 3330 3764 Deo,
3363 3707 3416 3752 et
3441 3709 3625 3754 contra

2041 3800 2198 3854 quam
2227 3799 2410 3839 omnes
2438 3784 2684 3854 agebant,
2715 3785 2922 3840 virtutis
2953 3787 3089 3840 viam
3126 3788 3289 3858 elegit
3320 3804 3332 3841 :
3361 3796 3415 3842 et
3453 3805 3627 3858 neque

2045 3874 2280 3945 nuptiis,
2332 3889 2503 3944 neque
2549 3875 2777 3929 ï¬liorum
2823 3875 3138 3932 educatione
3187 3877 3481 3946 prohibitus
3523 3892 3625 3936 est.

2044 3965 2213 4020 Porro
2235 3963 2657 4034 obstupescenda
2685 3974 2766 4021 est
2804 3965 3082 4022 inellâ€˜abilis
3133 3969 3382 4038 patientia
3418 3971 3530 4035 Dei,
3571 3982 3625 4027 et

2045 4057 2343 4129 prodigiosa
2372 4056 2646 4112 hominum
2669 4100 2684 4124 ,
2725 4057 2815 4128 qui
2846 4067 2968 4114 tunc
2995 4069 3181 4126 erant,
3209 4062 3462 4132 nequitia.
3485 4063 3624 4118 Ecce

2044 4150 2186 4205 enim
2207 4150 2506 4220 quingentis
2549 4150 2701 4205 annis
2728 4149 2933 4204 vixerat
2955 4149 3131 4221 justus
3158 4152 3266 4221 ille,
3294 4153 3531 4207 clamans
3572 4163 3631 4209 et

2048 4241 2334 4297 testificans
2363 4257 2461 4298 suo
2488 4242 2704 4298 nomine
2733 4240 2964 4296 futurum
2994 4259 3088 4313 per
3112 4245 3416 4300 universum
3443 4247 3628 4302 orbem

2045 4336 2319 4403 diluvium,
2351 4335 2419 4392 ob
2443 4335 2658 4389 nimiam
2707 4334 2980 4389 hominum
3010 4337 3263 4390 malitiam
3289 4378 3303 4400 ,
3355 4346 3408 4392 et
3459 4353 3631 4409 neque

2047 4429 2126 4483 sic
2150 4444 2179 4482 a
2211 4428 2443 4497 nequitia
2474 4427 2744 4482 abstinere
2773 4427 3074 4481 voluerunt.
3108 4429 3177 4482 At
3205 4429 3442 4484 clemens
3487 4429 3629 4485 Deus

2049 4532 2221 4588 neque
2250 4525 2365 4586 post
2395 4524 2594 4570 tantum
2623 4516 2949 4584 vaticinium,
2984 4531 3155 4587 neque
3183 4527 3302 4586 post
3344 4526 3426 4572 tot
3461 4532 3628 4573 anno-

2051 4625 2168 4665 rum
2193 4623 2468 4663 numerum
2499 4623 2708 4678 pmnam
2739 4607 2935 4662 inducit
2966 4624 2979 4660 :
3009 4608 3104 4662 sed
3130 4607 3305 4664 denuo
3350 4623 3502 4663 suam
3532 4625 3630 4664 au-

2050 4710 2232 4757 cturus
2261 4701 2589 4770 patientiam,
2636 4699 2770 4754 alios
2813 4714 2918 4755 non
2943 4714 3138 4768 paucos
3164 4714 3333 4754 annos
3359 4716 3468 4755 suae
3496 4700 3632 4754 tole-

2052 4793 2235 4848 rantiae
2264 4791 2520 4862 adjuugit.
2551 4790 2733 4860 Neque
2754 4791 2893 4846 enim
2927 4791 3045 4845 ideo
3075 4791 3320 4861 produxit
3344 4790 3632 4844 lmmanum

2051 4899 2220 4956 genus
2245 4894 2301 4939 ut
2322 4886 2552 4954 puniret,
2578 4883 2671 4938 sed
2701 4885 2862 4954 plane
2891 4899 2920 4936 e
2942 4883 3172 4944 diverso,
3207 4890 3262 4934 ut
3288 4880 3506 4934 donaret
3533 4894 3633 4932 no-

2054 4975 2137 5030 bis
2182 4976 2457 5030 innumera
2484 4975 2620 5031 bona
2650 4973 2843 5042 quibus
2873 4972 3189 5028 fruerentur.
3247 4971 3313 5024 Et
3355 4980 3634 5039 propterea

2017 5075 2031 5090 á½·
2055 5066 2224 5136 ipsum
2247 5065 2442 5135 ubique
2473 5064 2620 5118 vides
2644 5071 2998 5128 cunctantem,
3045 5071 3100 5116 ct
3135 5075 3312 5116 moras
3334 5071 3636 5116 nectentem

2056 5156 2108 5210 in
2134 5156 2305 5226 pmnis
2337 5153 2653 5224 inlligcndis.
2683 5152 2877 5207 Verum
2898 5149 2978 5206 'ne
3015 5151 3274 5206 dictorum
3305 5150 3648 5208 multitudine

2057 5245 2370 5304 memoriam
2415 5255 2645 5300 vestram
2701 5244 3026 5310 obruamus,
3076 5242 3162 5296 hic
3212 5257 3518 5298 sermonem
3569 5243 3642 5297 sio

2055 5345 2278 5402 stentes,
2309 5346 2500 5392 caetera
2547 5349 2712 5405 usque
2741 5335 2792 5389 in
2839 5334 3124 5390 crastinum
3155 5349 3497 5403 reponemus.

2129 5431 2183 5485 6.
2226 5425 2440 5484 Mortalis
2463 5427 2706 5498 epilogus.
2729 5427 2946 5482 -ll;rc
2982 5438 3182 5494 autem,
3219 5444 3286 5482 ne
3327 5425 3646 5498 simpliciter

2061 5530 2116 5576 et
2146 5519 2604 5575 inconsideranter
2631 5517 3130 5584 audiamus,'dilecti
3173 5535 3185 5571 :
3213 5517 3306 5572 sed
3331 5517 3634 5572 erudiamur

2062 5609 2130 5667 ad
2162 5610 2416 5665 virtutum
2459 5625 2641 5663 curam
2680 5608 2962 5678 agendam,
3011 5608 3404 5677 admodumqne
3431 5605 3635 5660 studea-

2065 5718 2180 5759 mus
2213 5701 2321 5762 Deo
2347 5701 2483 5757 bene
2516 5702 2754 5771 placere;
2805 5709 2858 5756 ct
2883 5715 3052 5770 neque
3085 5713 3272 5753 uulnus
3300 5693 3640 5768 gubernatio-
