4074 6134
411 215 418 223 ’
475 260 574 315 :35

473 386 614 436 nem,
648 386 817 443 neque
846 377 1028 433 uxoris
1066 394 1269 448 curam,
1307 400 1478 456 neque
1507 390 1732 453 filiorum
1782 394 2042 449 sollicita-

473 463 670 529 dinem,
702 480 872 535 neque
907 468 1047 524 aliud
1074 473 1325 541 quiddam
1368 489 1740 551 prie-texamus,
1767 488 1904 558 quod
1954 506 2020 558 pu

473 564 643 611 lenius
671 560 797 612 satis
825 573 946 616 esse
987 563 1053 618 ad
1098 572 1458 627 excusandam
1502 588 1735 634 nostram
1777 583 2040 651 negligen-

473 654 600 710 tem,
646 647 989 720 desidemque
1036 657 1194 729 vitam
1245 677 1259 713 :
1306 677 1477 730 neque
1526 665 1709 735 frigida
1756 669 1844 724 illa
1886 672 2046 727 verba

472 735 824 804 proferamus,
878 751 932 796 et
973 742 1210 802 dicamus
1249 767 1262 801 :
1307 751 1601 809 Mundanus
1646 773 1782 823 sum,
1827 776 2045 817 uxorem

471 820 660 890 habeo,
688 835 740 879 et
767 827 1054 886 liberorum
1082 849 1265 892 curam
1299 855 1428 909 gero
1460 861 1475 897 :
1507 844 1558 897 id
1602 846 1740 916 quod
1776 850 1926 905 multi
1953 865 2046 906 so-

470 909 580 964 lent
605 913 801 983 dicere,
848 918 889 970 si
920 923 1131 989 quando
1180 942 1274 982 eos
1318 946 1562 1000 rogamus
1600 909 1658 989 ut
1695 937 1760 991 ad
1793 939 2042 995 virtutum

470 1001 682 1059 labores
711 1006 1093 1078 ingrediantur,
1125 1018 1205 1070 vel
1238 1022 1459 1076 multum
1501 1026 1730 1080 studium
1762 1029 2047 1086 adhibeant

470 1093 525 1147 in
554 1097 719 1150 Sacris
748 1098 938 1156 Lileris
964 1103 1222 1175 legendis.
1255 1111 1366 1166 Non
1390 1125 1470 1169 est
1491 1115 1590 1172 hoc
1613 1135 1808 1183 meum,
1839 1122 2041 1193 inquit:

469 1186 723 1255 numquid
785 1193 1079 1249 renuntiavi
1141 1203 1378 1256 sa'culo?
1448 1210 1700 1277 numquid
1756 1214 2045 1268 monachus

470 1273 622 1327 sum?
651 1274 785 1342 Quid
812 1278 964 1346 dicis,
995 1282 1192 1341 homo?
1220 1290 1301 1344 An
1331 1291 1430 1347 huc
1467 1295 1532 1349 ad
1563 1299 1710 1355 solos
1758 1303 2045 1359 monachos

471 1366 720 1432 pertinet,
752 1378 807 1423 ut
834 1371 969 1429 bene
994 1375 1101 1431 Deo
1131 1379 1413 1448 placeant?
1440 1387 1640 1443 Omnes
1667 1391 1909 1447 homines
1937 1397 2046 1451 vult

470 1454 646 1508 salvos
672 1455 805 1523 fieri,
832 1471 883 1515 et
911 1464 974 1515 ad
1001 1468 1321 1534 agnitionem
1352 1475 1591 1530 veritatis
1618 1481 1798 1535 venire
1824 1481 2041 1551 (I.Tim.

469 1540 523 1592 2.
559 1542 637 1609 4),
670 1545 972 1618 nullamque
995 1553 1245 1610 virtutem
1273 1561 1555 1631 negligere.
1587 1567 1721 1621 Audi
1754 1540 1893 1623 enim
1920 1586 2040 1626 cmn

473 1644 565 1697 per
594 1637 898 1702 proliltetam
942 1640 1204 1698 dicentem
1252 1664 1265 1700 :
1316 1648 1454 1705 Nolo
1496 1666 1701 1708 mortem
1744 1663 2040 1729 peccatoris,

473 1723 561 1773 sed
586 1733 640 1776 ut
668 1739 982 1785 convertatur
1007 1745 1054 1788 et
1080 1737 1207 1791 vivat
1246 1740 1458 1808 (Ezeclt.
1492 1746 1577 1801 l8.
1607 1748 1724 1821 23).
1745 1723 2040 1822 Numquid,

470 1812 555 1866 dic
582 1829 699 1881 oro,
719 1817 865 1886 justo
891 1821 1012 1879 huic
1041 1829 1220 1883 uxoris
1244 1835 1593 1903 consuetudo,
1639 1839 1721 1893 vel
1758 1840 2041 1899 liberorum

468 1913 592 1956 cura
630 1902 726 1959 fuit
754 1907 1067 1967 obstaculo?
1104 1916 1340 1975 Obsecro
1386 1922 1543 1993 igitur
1582 1944 1646 1980 ne
1689 1933 2042 2002 nosmetipsos

471 1991 732 2063 fallamus,
759 2000 852 2054 sed
882 2014 1080 2071 quanto
1103 2010 1269 2079 magis
1296 1991 1659 2081 hujuscemodi
1693 2021 1835 2074 curis
1864 1991 2041 2095 inipli-

468 2097 668 2151 cantur,
700 2096 846 2145 tanto
883 2096 1050 2166 magis
1093 2102 1322 2157 remedia
1371 2119 1436 2159 ex
1476 2106 1699 2165 lectione
1745 2112 2040 2172 divinarum

469 2174 859 2247 Scripturarum
897 2191 1267 2259 suscipiamus.
1307 2195 1494 2254 Nonne
1541 2210 1593 2256 et
1645 2203 1719 2256 illi
1763 2205 2036 2276 ejusdem,

468 2268 620 2336 cujus
648 2285 742 2325 nos
768 2288 971 2343 sumus,
1004 2278 1215 2337 fuerunt
1243 2297 1462 2353 naturae,
1497 2307 1669 2360 neque
1712 2302 1817 2348 tam
1849 2297 2041 2355 multas

471 2356 765 2416 habuerunt
792 2369 1099 2425 occasiones
1117 2373 1181 2426 ad
1211 2375 1416 2432 \irtutis
1442 2356 1673 2436 studium
1698 2384 2040 2444 inducentes?

468 2446 582 2513 Qua
624 2464 752 2521 ergo
793 2455 991 2511 erimus
1034 2461 1186 2515 venia
1225 2463 1389 2534 digni,
1428 2469 1514 2538 qui
1566 2472 1653 2525 tali
1694 2472 1913 2531 fruimur
1940 2477 2039 2533 do-

467 2538 658 2603 ctrina,
680 2549 944 2599 ettautam
970 2551 1191 2617 gratiam
1214 2558 1481 2625 assequuti
1500 2575 1702 2629 sumus,
1727 2580 1788 2620 ac
1812 2581 2040 2636 superne

467 2627 756 2684 subsidimn
782 2633 1054 2703 habemus,
1084 2650 1137 2694 et
1162 2641 1503 2702 incll‘ahilium
1534 2651 1744 2708 illorum
1775 2656 2033 2716 bonorum

468 2719 872 2785 promissionem
897 2729 1218 2801 accepimus,
1247 2735 1291 2788 si
1320 2752 1425 2791 non
1453 2738 1519 2793 ad
1545 2757 1845 2801 mensuram
1875 2749 2040 2804 virtu-

467 2815 576 2860 tum
616 2813 972 2881 pervenimus,
1017 2819 1206 2889 quibus
1247 2826 1450 2895 antiqui
1496 2828 1680 2886 Patres
1732 2834 2036 2902 pol'ebant?

464 2896 594 2951 Nam
623 2902 667 2954 si
698 2903 1018 2963 Voluerimus
1042 2912 1201 2967 sobrii
1231 2930 1368 2981 esse,
1404 2918 1673 2976 sufficiunt
1701 2925 1781 2978 vel
1824 2942 1883 2980 ea
1918 2944 2035 2998 qua:

465 2988 621 3045 hodie
658 2993 791 3049 dicta
832 3009 956 3055 sunt
984 3011 1039 3056 ιιι
1064 3003 1128 3059 ad
1156 3006 1365 3063 virtutis
1390 3026 1625 3067 amorem
1653 3031 1749 3070 nos
1779 3019 2032 3090 excitent,

465 3094 563 3135 nec
586 3083 747 3137 "Hm"
777 3097 1023 3162 putemus
1057 3092 1122 3154 ad
1168 3095 1303 3158 illius
1344 3102 1483 3158 viam
1519 3123 1640 3166 esse
1684 3103 2034 3174 impedimen-

465 3181 596 3232 tum.
627 3178 757 3235 Nam
794 3187 837 3238 si
866 3189 899 3238 ti
927 3190 1014 3255 qui
1042 3200 1164 3245 ante
1195 3192 1366 3263 legem
1395 3206 1564 3263 erant,
1593 3215 1623 3252 a
1651 3198 1890 3257 doctrina
1935 3223 2023 3264 na-

465 3275 598 3321 tura:
650 3283 760 3325 suae
800 3274 954 3329 insita
998 3279 1064 3331 ad
1116 3289 1312 3337 tantam
1360 3288 1681 3357 pertigerunt
1727 3292 1971 3350 virtutem
2013 3314 2030 3352 :

463 3356 588 3423 quid
613 3374 710 3413 nos
741 3365 1029 3429 poterimus
1054 3367 1253 3437 dicere,
1281 3374 1369 3443 qui
1400 3356 1519 3445 post
1560 3389 1761 3433 tantum
1801 3383 2032 3443 admini-

464 3445 658 3513 culum,
686 3458 741 3504 ct
776 3463 894 3520 po~t
937 3454 1131 3513 Christi
1161 3461 1465 3530 adventum,
1503 3480 1555 3521 et
1605 3469 1878 3527 iunium-ra
1916 3475 2032 3544 ejus

464 3539 732 3608 miracula,
752 3545 923 3601 adhuc
941 3556 1045 3604 tam
1075 3555 1304 3621 procula
1324 3558 1512 3614 virtute
1537 3565 1753 3616 sumus?
1781 3565 2027 3633 Proinde,

458 3630 702 3697 obsecro,
735 3652 801 3689 ne
837 3638 901 3693 ad
930 3656 991 3695 ea
1017 3660 1134 3713 qum
1160 3645 1210 3699 in
1237 3650 1402 3704 sacris
1428 3650 1714 3721 Scripturis
1751 3665 1875 3711 sunt
1901 3672 2031 3711 con-

460 3730 599 3775 tenta
631 3724 939 3797 simpliciter
965 3734 1342 3805 ingrediatnur,
1373 3742 1465 3796 scd
1495 3759 1556 3797 ea
1587 3762 1707 3798 cum
1734 3750 2028 3806 attentione

456 3810 711 3880 legamus,
742 3827 798 3872 ut
824 3834 888 3873 ex
922 3821 1025 3877 illis
1068 3838 1315 3897 percepta
1348 3833 1588 3899 utilitate,
1635 3835 1718 3889 vel
1758 3852 1879 3891 sero
1923 3840 2030 3894 sal-

456 3911 561 3955 tem
589 3905 869 3975 aliquando
897 3914 1167 3981 virtutem,
1207 3935 1365 3988 quam
1415 3923 1550 3976 Deus
1589 3926 1794 3993 probat,
1835 3945 2026 3999 capes-

453 4005 571 4049 sere
602 3997 887 4056 valcamus.
924 4003 1053 4058 Nam
1094 4007 1139 4061 si
1171 4009 1496 4078 spiritualem
1546 4015 1683 4070 hanc
1729 4017 2022 4076 doctrinam

452 4085 608 4138 etiam
640 4103 736 4143 nos
765 4093 1000 4161 quotidie
1030 4097 1179 4151 vobis
1207 4098 1484 4155 clamaturi
1512 4119 1713 4173 sumus,
1743 4124 1940 4178 Vosque
1971 4113 2022 4166 in

452 4173 640 4228 eadem
684 4183 947 4236 maneatis
976 4185 1199 4253 ignavia,
1226 4203 1347 4258 qua:
1375 4201 1545 4246 vestra
1576 4195 1678 4271 erit
1721 4199 1918 4255 utilitas
1953 4218 2021 4257 ex

449 4267 697 4320 continua
718 4270 997 4328 doctrina?
1016 4288 1104 4331 aut
1130 4281 1281 4335 nobis
1297 4299 1415 4352 qua!
1437 4267 1729 4341 consolatio
1755 4293 1874 4357 erit,
1899 4310 2018 4350 cum

452 4355 705 4420 videmus,
740 4376 838 4415 nos
865 4372 1064 4420 tantmn
1095 4370 1333 4431 laborare
1362 4376 1578 4446 frustra,
1611 4392 1664 4435 et
1694 4384 1822 4437 nihil
1857 4389 2015 4454 protl-

447 4456 569 4498 cere
604 4455 747 4501 tanto
777 4453 987 4509 studio?
1024 4457 1116 4514 Dic
1158 4462 1284 4516 mihi
1315 4464 1542 4524 :Nonne
1567 4485 1629 4524 ex
1660 4471 1861 4528 duabus
1885 4476 2019 4531 subs

449 4536 658 4590 stantiis
680 4543 947 4598 constituti
979 4564 1179 4617 sumus,
1209 4570 1271 4608 ex
1298 4557 1471 4610 anima
1499 4558 1638 4628 dico,
1670 4571 1725 4616 et
1750 4567 2015 4634 corpore?

445 4622 553 4678 Cur
576 4642 701 4696 ergo
729 4646 830 4685 nou
857 4649 1037 4704 parent
1080 4645 1285 4714 utrique
1310 4663 1490 4702 curam
1519 4651 1888 4724 impendimus,
1918 4659 2013 4714 scd

442 4730 635 4786 corpus
671 4722 880 4789 quidem
920 4731 1162 4787 omnibus
1200 4735 1370 4790 modis
1395 4752 1661 4806 curamus,
1693 4754 1747 4798 et
1781 4749 2011 4802 accersi-

443 4819 560 4860 mus
582 4810 835 4874 medicos.
858 4830 922 4870 ac
949 4832 1042 4870 nos
1058 4836 1266 4891 quoque
1292 4826 1416 4880 illud
1439 4828 1717 4898 diligenter
1739 4851 2006 4905 curamus,

442 4900 633 4953 vestitu
661 4904 894 4970 pretioso
924 4907 1050 4962 illud
1085 4913 1327 4980 tegimus,
1357 4916 1530 4969 cibum
1557 4934 1715 4989 supra
1744 4938 1898 4992 quam
1926 4937 2009 4983 sat

437 4996 520 5041 est
541 4993 818 5060 sumimus,
842 5007 1000 5067 atque
1027 4999 1076 5052 in
1098 5004 1343 5058 continua
1369 5012 1716 5078 prosperitate
1737 5014 1863 5068 illud
1886 5032 2005 5073 esse

439 5078 700 5147 volumus,
734 5092 789 5136 et
815 5087 955 5139 nulla
984 5090 1202 5145 omnino
1237 5094 1549 5164 a‘gritudinc
1577 5103 1752 5155 vexari
1788 5121 1801 5157 :
1833 5106 1926 5160 sed
1957 5108 2000 5162 si

436 5164 571 5220 forte
608 5171 733 5235 quid
760 5172 1025 5241 obturbet,
1057 5195 1267 5236 omnem
1300 5201 1573 5244 movemus
1597 5191 1915 5262 machinam,
1946 5206 2002 5252 ut

1233 272 1291 328 3.
1329 274 1602 337 JOANNIS
1637 276 2110 340 CIIRYSOSTOMI
2145 277 2462 337 ARClllEP.
2504 286 3036 355 CONSTANTINOP.

3632 321 3734 377 185

2160 390 2546 466 diversitatem,
2571 406 2933 465 animadverte
2958 416 3228 482 quomodo
3256 421 3447 479 nullius
3478 433 3730 485 momenti

2151 483 2220 535 sit
2244 499 2437 555 corpus
2465 491 2509 544 si
2539 496 2714 548 anima
2740 498 2808 552 ab
2833 514 2901 554 eo
2927 501 3252 564 discesserit.
3287 511 3451 581 Igitur
3482 520 3573 587 qui
3613 533 3731 577 tall-

2156 579 2260 624 tam
2290 574 2452 631 habcs
2474 585 2714 650 corporis
2737 602 2940 655 curam,
2979 593 3131 663 cujus
3171 601 3361 668 gratia,
3409 617 3463 659 ct
3515 622 3731 679 propter

2150 663 2277 730 quid
2310 674 2511 722 tantum
2540 673 2732 730 anima:
2756 690 3117 752 contemptum
3158 663 3413 757 admittis,
3458 663 3527 750 et.
3559 663 3732 771 tte-que

2152 765 2442 822 congruum
2475 759 2552 815 illi
2579 762 2755 820 cibum
2786 769 3073 840 impartiris
3113 794 3128 831 :
3160 779 3573 842 admonitionem
3607 759 3732 847 diro

2153 857 2219 895 ex
2260 846 2426 901 sacris
2454 847 2762 921 Scripturis,
2809 874 2982 931 neque
3026 866 3334 926 vulneribus
3370 884 3423 928 et
3464 879 3731 940 ulceribus

2151 947 2268 999 qua:
2295 933 2434 991 illius
2460 940 2623 995 robur
2645 943 2942 1016 debilitant,
2964 962 3017 1006 et
3046 953 3289 1013 fiduciam
3310 976 3584 1036 enervant,
3610 971 3729 1025 ido-

2155 1038 2250 1076 nea
2283 1027 2516 1083 remedia
2544 1035 2766 1100 apponis
2794 1053 2819 1091 :.
2838 1041 2931 1094 sed
2961 1040 3070 1097 fers
3100 1056 3155 1100 ut
3183 1048 3273 1104 illa
3308 1027 3731 1125 despecta'fame

2151 1114 2510 1184 contabescat,
2535 1120 2602 1175 ab
2630 1124 2899 1183 ulceribus
2928 1135 3207 1202 putrefiat;
3245 1147 3301 1194 et
3342 1114 3549 1213 objecta
3574 1114 3729 1220 quasi

2152 1203 2392 1265 canibus,
2426 1207 2580 1264 liceat
2606 1213 2683 1266 sic
2705 1214 2902 1284 dicere,
2930 1236 2959 1274 a
2984 1224 3135 1280 malis
3158 1237 3212 1282 et
3238 1203 3432 1288 illicitis
3453 1203 3729 1307 cogitatio-

2153 1291 2309 1346 nibus
2331 1294 2669 1367 dilaceretur,
2695 1308 2973 1379 omnisque
2998 1313 3231 1373 ﬁrmitas
3244 1319 3359 1390 ejus
3380 1323 3722 1386 dissolvatur.

2222 1384 2403 1439 Anima
2425 1394 2676 1459 quomoda
2702 1401 2949 1455 curanda.
2969 1433 3039 1444 —
3057 1405 3233 1474 Quare
3253 1428 3357 1467 non
3383 1417 3517 1473 sicut
3544 1422 3728 1477 visibi-

2150 1473 2214 1528 lis
2240 1482 2479 1547 corporis
2501 1486 2731 1552 gerimus
2750 1504 2951 1561 curam,
2982 1497 3052 1551 ita
3078 1506 3132 1553 et
3159 1502 3367 1571 animm,
3392 1523 3511 1577 qua:
3541 1513 3723 1570 incor-

2150 1579 2309 1634 porca
2340 1579 2392 1624 et
2419 1571 2728 1643 invisibilis;
2773 1587 3064 1648 pnesertim
3103 1605 3222 1647 cum
3270 1609 3397 1652 cura
3438 1601 3575 1670 ejus,
3615 1622 3721 1662 non

2150 1657 2308 1711 modo
2337 1660 2468 1715 levis
2496 1663 2564 1718 sit
2589 1675 2644 1720 et
2679 1667 2867 1738 facilis,
2912 1675 3188 1753 setl'etiam
3227 1686 3357 1741 nihil
3401 1690 3453 1744 in
3483 1708 3544 1747 ea
3573 1695 3719 1751 insu-

2150 1755 2342 1814 matur,
2395 1766 2568 1822 ncque
2623 1756 2928 1817 laboretur?
2985 1768 3159 1838 Atque
3213 1772 3298 1829 hic
3345 1780 3556 1846 quidem
3597 1800 3720 1840 eum

2148 1847 2232 1892 est
2257 1854 2449 1911 corpus
2502 1849 2816 1919 curandum,
2857 1869 2976 1910 eum
3016 1866 3234 1918 sanandi
3265 1869 3434 1923 morbi
3477 1877 3723 1943 corporis

2149 1945 2390 2001 magnam
2447 1952 2667 1996 necesse
2721 1954 2804 1999 est
2851 1950 3124 2015 pecuniam
3177 1954 3523 2028 impendere,
3580 1982 3722 2024 nunc

2148 2018 2199 2072 in
2255 2022 2528 2092 medicos,
2588 2045 2729 2087 nunc
2778 2034 2830 2088 in
2871 2036 2973 2092 alia
3030 2048 3370 2115 necessaria,
3425 2061 3607 2122 utpote
3667 2058 3718 2112 in

2151 2119 2326 2167 vestes
2367 2124 2420 2170 et
2457 2119 2753 2177 alimenta:
2799 2140 2866 2181 ne
2906 2129 3031 2199 quid
3080 2131 3289 2189 interim
3330 2119 3500 2196 dicant
3549 2145 3614 2200 de
3656 2148 3720 2202 iis

2147 2214 2266 2270 quae
2313 2214 2508 2273 praeter
2549 2215 2906 2271 necessarium
2952 2235 3104 2275 usum
3159 2224 3285 2281 luxu
3335 2230 3716 2304 absumuntur;

2144 2293 2318 2349 anima
2390 2307 2566 2355 autem
2623 2305 2769 2362 nullo
2825 2308 3012 2366 horum
3079 2313 3314 2385 indiget,

2144 2383 2343 2454 lueris,
2408 2390 2545 2446 sicut
2602 2397 2837 2464 quotidie
2895 2406 3104 2472 corpori
3165 2383 3342 2463 cibum
3412 2418 3719 2486 suppeditas

2144 2483 2199 2529 ct
2244 2480 2496 2545 pecunias
2525 2482 2772 2552 effundis,
2802 2490 2881 2546 sic
2907 2502 2963 2547 et
2997 2497 3228 2552 animam
3272 2518 3377 2555 non
3418 2504 3718 2576 despicere,

2144 2576 2200 2619 ut
2225 2582 2292 2622 ne
2321 2568 2458 2626 fame
2484 2586 2700 2644 pereat;
2728 2580 2820 2634 sed
2844 2581 2976 2638 dare
3001 2586 3099 2656 ipsi
3119 2602 3493 2660 congruentem
3513 2568 3714 2662 cibum,

2142 2657 2390 2716 videlicet
2425 2678 2489 2717 ex
2535 2665 2761 2725 lectione
2802 2669 3196 2743 Scripturarum
3239 2690 3292 2735 et
3337 2699 3407 2736 ex
3456 2687 3714 2754 spirituali

2141 2748 2510 2808 adhortatione
2538 2770 2558 2809 :
2587 2754 2708 2811 Non
2735 2761 2874 2815 enim
2916 2764 2969 2818 in
3013 2783 3162 2836 pane,
3206 2770 3354 2839 dicit,
3386 2777 3547 2829 solum
3590 2781 3715 2835 vivet

2141 2839 2308 2908 homo,
2339 2844 2430 2897 sed
2462 2846 2515 2900 in
2552 2851 2690 2904 omni
2735 2855 2879 2909 verba
2922 2858 3056 2926 quod
3098 2865 3351 2931 egreditur
3390 2885 3482 2939 per
3522 2888 3578 2926 os
3618 2871 3713 2926 Dei

2142 2929 2362 3000 (Matth.
2389 2936 2443 2990 4.
2473 2937 2540 3009 4)
2574 2956 2589 2992 :
2622 2943 2818 3011 optime
2841 2945 2908 3001 de
2935 2946 3017 3003 his
3045 2929 3314 3018 statueris,
3347 2929 3403 3011 et
3425 2961 3557 3028 parti
3594 2978 3713 3031 qua:

2139 3023 2293 3080 nobis
2321 3029 2486 3097 magis
2516 3041 2596 3086 est
2627 3037 2857 3105 prepria,
2891 3051 3032 3096 recte
3060 3049 3415 3114 prospexeris.
3445 3051 3593 3106 Sicut
3620 3055 3712 3123 igi-

2140 3119 2227 3169 tur
2254 3118 2463 3185 corpori
2494 3123 2635 3175 varia
2663 3126 2868 3195 pra-bes
2894 3129 3221 3199 indumenta,
3251 3147 3304 3191 et
3328 3141 3586 3195 rationem
3619 3118 3712 3199 lia-

2136 3209 2230 3267 bes
2249 3210 2373 3266 anni
2400 3221 2778 3284 tempestatum
2805 3220 2856 3274 in
2883 3219 3109 3275 testium
3130 3223 3438 3290 diversitate
3468 3255 3480 3290 :
3523 3234 3710 3294 siuniiv

2141 3309 2220 3355 ter
2249 3318 2419 3374 neque
2443 3310 2673 3365 animam
2694 3314 2972 3385 despicito,
3003 3328 3061 3374 ut
3091 3336 3157 3376 ne
3191 3324 3327 3377 nuda
3358 3327 3510 3382 bonis
3534 3334 3706 3400 Operi-

2137 3389 2235 3447 bus
2259 3394 2580 3466 obambulet,
2609 3402 2703 3456 sed
2734 3404 3044 3462 decentibus
3074 3410 3215 3465 illam
3256 3416 3487 3473 vestibus
3514 3389 3705 3488 indue;

2135 3485 2311 3539 statim
2346 3503 2461 3541 eam
2492 3492 2765 3561 reparabis
2791 3507 2845 3550 et
2867 3496 2933 3551 ad
2965 3501 3258 3558 naturalem
3301 3508 3577 3563 sanitatem
3622 3526 3707 3566 rc-

2133 3571 2319 3627 duces.
2349 3576 2414 3630 Et
2441 3595 2559 3648 qua:
2590 3590 2712 3635 sunt
2738 3585 2930 3640 anima:
2970 3587 3315 3647 indumenta?
3357 3595 3704 3673 Eleemosyua

2133 3672 2187 3718 et
2211 3664 2426 3735 largitas
2453 3669 2501 3721 iu
2524 3685 2789 3741 pauperes
2819 3694 2831 3728 :
2861 3675 2961 3732 hoc
2994 3680 3136 3735 enim
3180 3686 3467 3742 maximum
3512 3692 3704 3748 anima:

2133 3760 2503 3815 vestimentum
2534 3773 2634 3829 est,
2662 3766 2763 3821 hoc
2788 3768 3121 3838 splendidum
3152 3774 3291 3832 illTus
3317 3778 3700 3837 indumentum.

2132 3849 2187 3904 Si
2217 3861 2391 3908 autem
2418 3856 2497 3909 vis
2524 3871 2629 3910 non
2658 3858 2827 3914 Solum
2858 3863 3168 3920 vestimenta
3199 3883 3405 3937 parare,
3438 3871 3531 3926 sed
3561 3874 3700 3929 illam

2130 3958 2324 4000 ornare
2350 3947 2529 4012 ctiam,
2561 3948 2698 4003 sicut
2724 3965 2916 4021 corpus
2941 3954 3102 4020 soles,
3144 3971 3353 4027 appone
3380 3960 3698 4030 adjutorium

2127 4033 2268 4101 quod
2293 4051 2355 4088 ex
2383 4036 2628 4105 precibus
2649 4047 2751 4102 est,
2779 4050 2832 4096 et
2853 4053 3185 4111 peccatorum
3210 4048 3620 4116 confessionem,
3643 4064 3699 4109 et

2126 4125 2389 4180 continuis
2416 4127 2659 4197 laerymis
2680 4129 2866 4187 faciem
2892 4143 3032 4188 tuam
3057 4137 3230 4193 lavare
3251 4156 3318 4195 ne
3343 4156 3540 4197 cesses.
3560 4143 3695 4199 Nam

2125 4215 2258 4270 sicut
2287 4216 2472 4274 faciem
2504 4223 2745 4291 corporis
2770 4225 2844 4278 tui
2870 4227 3105 4295 quotidie
3142 4244 3262 4284 cum
3303 4233 3446 4287 otnui
3492 4235 3693 4290 sollici-

2128 4306 2309 4362 tudine
2329 4309 2519 4372 abluis,
2552 4327 2620 4367 ne
2663 4329 2764 4382 qua
2798 4315 2935 4372 forte
2983 4321 3182 4375 macula
3228 4322 3380 4378 faciei
3424 4324 3695 4382 iultmrens

2122 4399 2414 4455 deformem
2462 4401 2603 4459 illam
2635 4406 2821 4463 reddat
2866 4426 2881 4462 :
2920 4409 2998 4464 sic
3035 4421 3088 4465 ct
3114 4414 3304 4468 animte
3341 4430 3520 4470 curam
3557 4418 3692 4475 habe

2122 4493 2342 4550 fervidis
2386 4499 2621 4567 quotidie
2668 4500 2914 4573 lacrymis
2951 4518 3068 4558 eam
3114 4506 3352 4561 abluens.
3401 4509 3509 4563 llac
3546 4511 3689 4565 enim

2119 4600 2251 4654 aqua
2274 4590 2496 4642 maculis
2520 4590 2794 4658 depositis,
2818 4594 2933 4661 ejus
2960 4596 3119 4650 facies
3145 4597 3471 4664 splendidior
3491 4600 3686 4655 evadit.

2121 4675 2182 4729 Et
2208 4680 2328 4747 quia
2360 4680 2606 4735 mulieres
2626 4684 2893 4753 pleraeque
2922 4686 2990 4741 ob
3015 4686 3312 4754 mollitiem,
3340 4692 3684 4758 apostolicum

2117 4770 2421 4824 mandatum
2461 4784 2882 4841 contemnentes,
2929 4793 3034 4844 quo
3074 4777 3291 4847 jubctur
3330 4796 3397 4834 ne
3444 4780 3505 4835 In
3544 4784 3688 4838 tortis

2112 4859 2353 4920 crinibus,
2384 4870 2470 4913 aut
2494 4877 2637 4925 aura,
2665 4862 2743 4916 vel
2770 4866 3075 4934 margaritis,
3115 4867 3192 4919 vel
3227 4879 3356 4921 veste
3393 4883 3685 4940 sumptuosa

2113 4963 2172 5003 se
2208 4959 2401 5005 ornent
2431 4952 2477 5021 (Ι
2535 4951 2669 5006 Tim.
2699 4954 2752 5008 2.
2777 4955 2854 5025 9),
2902 4972 3092 5027 magno
3140 4956 3241 5012 hoc
3279 4956 3404 5014 luxu
3455 4962 3681 5029 faciunt;

2112 5055 2282 5110 neque.
2319 5043 2567 5099 nmliercs
2598 5053 2820 5111 tantum,
2867 5047 2960 5101 sed
3006 5058 3059 5102 et
3102 5049 3197 5103 viri
3228 5049 3448 5120 quilibet
3494 5055 3685 5110 molles

2111 5131 2306 5188 vilibus
2353 5134 2676 5189 mulierculis
2711 5138 2912 5191 similes
2954 5138 3103 5202 fiunt,
3134 5141 3357 5195 annulus
3381 5142 3559 5212 digitis
3587 5161 3674 5210 ge.

2107 5232 2267 5287 stant,
2295 5235 2349 5278 et
2375 5224 2575 5295 magnis
2598 5227 2952 5298 gravibusque
2980 5228 3241 5298 lapidibus
3278 5246 3336 5285 se
3364 5242 3577 5298 ornant,
3612 5234 3681 5289 de

432 5257 571 5323 quod
598 5260 892 5319 molestiam
922 5268 1073 5325 affert
1095 5275 1447 5332 emendetur?
1478 5281 1539 5336 Et
1566 5281 1666 5339 hoc
1692 5285 1757 5339 de
1776 5302 2001 5358 corpore

430 5351 574 5421 dico,
603 5357 743 5424 quod
777 5362 1065 5419 secundum
1112 5369 1457 5425 substantiam
1509 5377 1681 5431 minus
1718 5389 1800 5433 est
1829 5397 1842 5432 :
1872 5383 1998 5451 quid

427 5443 567 5498 enim
589 5447 777 5517 majus,
807 5453 1069 5524 anitnanc,
1099 5475 1165 5514 an
1192 5466 1570 5532 corpus?Nam
1600 5470 1644 5524 si
1675 5477 1752 5529 vis
1777 5478 1791 5507 ¹
1819 5476 1996 5533 videre

490 5536 509 5623 ἰ
540 5538 741 5623 fta-vilius
760 5543 1003 5623 steltabct
1016 5556 1111 5623 χει
1135 5551 1228 5623 [ioc
1247 5555 1309 5623 de
1335 5568 1560 5623 corpore,
1586 5568 1713 5623 quod
1732 5572 1996 5619 secundum

1252 5601 1298 5602 η
1453 5601 1560 5617 --η
1586 5601 1596 5609 .
1932 5601 1992 5619 ι...

425 5601 910 5683 absolutioni,minus
933 5616 1020 5665 est,
1041 5611 1179 5673 (quid
1202 5616 1329 5665 enim
1344 5601 1535 5683 nutriuit,
1560 5601 1861 5681 αῆξιηαηξιήλ
1881 5601 1992 5683 ἑὸν-

416 5672 509 5720 μω
526 5661 570 5710 3‘)
589 5662 883 5717 t:'t’t)itl.:ttttts
905 5678 949 5718 et
968 5661 1194 5727 ceraunis
1206 5661 1219 5663 —
1241 5661 1360 5731 iiii
1372 5661 1506 5732 "iis...

2105 5313 2297 5383 quibus
2326 5316 2642 5371 erubescere
2664 5326 2937 5387 oporteret
2974 5335 2991 5374 :
3037 5330 3089 5375 et
3120 5320 3223 5374 illic
3252 5338 3377 5392 ergo
3421 5332 3475 5377 et
3504 5324 3554 5377 hi
3574 5366 3589 5389 ,
3634 5327 3677 5379 si

2103 5405 2236 5459 meis
2267 5417 2513 5474 parerent
2557 5411 2909 5475 sermonibus,
2955 5425 3113 5467 aurea
3159 5412 3290 5478 lucc,
3324 5430 3440 5482 qua:
3469 5428 3525 5469 et
3552 5417 3678 5472 viris

2102 5506 2155 5552 ct
2183 5498 2488 5553 mulieribus
2505 5499 2757 5555 damnosa
2781 5513 2923 5567 sunt,
2950 5503 3000 5556 in
3025 5513 3267 5558 ornatum
3287 5507 3479 5559 anima:
3506 5516 3659 5562 trans

2102 5590 2319 5654 ferrent,
2353 5601 2406 5646 ct
2434 5591 2549 5646 istis
2580 5592 2718 5646 illam
2746 5593 3085 5649 adornarent.
3126 5594 3254 5649 Nam
3284 5596 3423 5651 sicut
3462 5601 3671 5669 corpori

2109 5682 2495 5749 circumposiza,
2543 5683 2749 5741 etiamsi
2777 5685 3066 5740 formosum
3097 5686 3182 5752 sit,
3231 5688 3400 5759 ipsum
3432 5688 3670 5747 deforme
