4074 6134
382 264 483 320 I35

378 386 580 455 κόσμον
629 380 825 451 μᾶλλον
866 375 1271 449 μεταγέτωσαν,
1315 372 1407 426 καί
1459 369 1671 440 ἐκείνην
1713 366 1802 421 διὰ
1834 365 2036 455 τούτων

381 451 889 531 καλλωπιζέτωσαν.
928 463 1138 531 Ὥσπερ
1168 457 1275 529 γὰρ
1303 455 1382 528 τῷ
1415 457 1626 526 σώματι
1660 451 2039 522 περικείμενα,

380 551 489 607 κᾶν
541 548 813 619 εὔμορφον
864 540 922 617 ᾗ,
977 542 1376 613 δυσειδέστερον
1429 538 1586 593 τοῦτο
1631 534 2037 619 ἀπεργάζεται·

380 636 523 691 οὑτω
545 615 622 705 τῇ*
640 615 783 702 ψυχῇ
810 642 837 671 ι
872 615 1228 698 περιτεθέντα
1248 664 1264 688 ,
1315 623 1419 678 κᾶν
1467 621 1712 692 ἄμορφος
1737 615 1795 692 ᾖ,
1835 619 1913 705 εἰς
1942 617 2042 705 τὴ,

380 720 555 789 ἀκραν
581 699 883 786 εὐμορφίαν
910 711 1078 781 αὐτὴν
1107 708 1409 779 μεθίστησι.
1441 707 1552 789 Καὶ
1582 704 1721 789 πῶς,
1759 702 1913 789 φησί,
1944 699 2038 789 δυ-

378 784 538 857 νατὸν
591 784 659 870 τῇ
700 784 844 868 ψυχῇ
888 794 1186 865 περιθεῖναι
1223 791 1291 844 τά
1332 788 1557 860 χρυσία;
1607 786 1774 841 Πάλιν
1817 784 1905 838 διὰ
1942 785 2041 853 τῆς

377 887 487 940 τῶν
521 884 768 954 πενήτων
814 879 1013 951 χειρός.
1064 871 1220 931 Οὗτοι
1250 873 1359 944 γὰρ
1397 873 1672 943 δεχόμενοι
1702 871 1801 939 τὴν
1834 870 2038 954 ταύτης

379 951 681 1040 εὐμορφίαν
740 960 1257 1024 κατασκευάζουσιν.
1316 955 1577 1018 Ἑκείνοις
1630 954 1932 1025 ἐγχείρισον
1969 951 2039 1006 τά

378 1036 575 1125 χρυσία
594 1050 687 1104 καὶ
706 1049 978 1115 διάνειμαι
1013 1044 1090 1107 είς
1118 1039 1256 1105 τάςιι
1285 1038 1461 1094 αὑτῶν
1481 1037 1773 1125 γαστέρας,
1799 1036 1894 1125 καὶ
1913 1052 2039 1125 τοσ-

377 1117 550 1204 αύτην
591 1132 693 1201 τῆς
724 1129 900 1199 ψυχῆς
938 1124 1243 1204 εὐμορφίαν
1278 1140 1359 1204 σοι
1400 1119 1912 1204 παραδιδόασινὶώς
1942 1117 2040 1204 a5-

378 1216 469 1269 :0v
496 1197 587 1267 τὸν
615 1197 1040 1280 ἀληθῆ-νυμφίον
1070 1204 1157 1257 διά
1184 1202 1281 1273 τῆς
1313 1200 1459 1274 ὥρας
1480 1197 1909 1260 ἐπισπάσασθαι,
1946 1197 2040 1250 καὶ

379 1300 448 1352 τὰ
478 1296 644 1368 μυρία
673 1312 754 1349 σοι
780 1290 960 1359 ἀγαθὰ
998 1288 1085 1341 διά
1113 1286 1298 1339 τούτου
1338 1283 1682 1368 προξενῆσαι.
1736 1282 1904 1368 ’ςΟταν
1932 1282 2040 1368 γάρ

380 1364 602 1434 6:30:05
648 1377 874 1437 κάλλους
915 1371 1194 1441 ἐπισπάση
1232 1369 1321 1420 τὸν
1355 1366 1651 1434 Δεσπότην,
1687 1364 1904 1418 πάντων
1933 1364 2043 1417 τῶν

380 1462 599 1532 ἀγαθῶν
634 1459 778 1530 ἔχεις
825 1457 924 1527 τὴν
962 1451 1244 1525 χορηγίαν,
1287 1450 1381 1503 καί
1410 1448 1508 1519 τὴν
1542 1446 1743 1516 ἄφατον
1781 1447 2042 1532 εὐπορίαν

381 1547 624 1617 ἐκτήσω·
681 1544 728 1596 εί
770 1541 950 1595 τοίνυν
981 1535 1282 1608 βουλόμεθα
1329 1533 1620 1617 ἐπέραστοι
1671 1531 1943 1617 γενέσθαι
1966 1531 2041 1602 τῷ

382 1614 645 1699 Δεσπότῃ,
667 1623 1055 1684 καταλιπόντες
1077 1620 1137 1674 :0
1170 1619 1297 1690 περί
1323 1617 1413 1670 τὸν
1434 1616 1526 1670 τοῦ
1558 1614 1804 1685 σώματος
1830 1615 2041 1669 καλλωο

384 1710 580 1781 πισμδν
599 1697 930 1776 ἐπτοῆσθαι,
956 1705 1053 1776 τὴν
1083 1702 1297 1772 ἐκείνης
1327 1698 1628 1769 εὐμορφίαν
1661 1697 1783 1751 καθ’
1806 1698 2042 1766 ἑκάστην

386 1779 591 1864 ἡμέραν
627 1788 1069 1861 περισκοπῶμεν,
1111 1785 1200 1838 ἵνα
1242 1784 1337 1837 καί
1366 1782 1464 1852 τὴν
1488 1781 1701 1834 εὑνοιαν
1729 1779 2045 1833 ἐπισπασώ-

383 1876 522 1945 μεθα
550 1875 643 1927 :05
691 1869 1067 1941 φιλανθρώπου
1091 1866 1225 1920 Θεοῦ
1245 1905 1259 1927 ,
1299 1866 1393 1919 καὶ
1419 1866 1528 1917 τῶν
1553 1865 1876 1935 ἀπορρήτων
1908 1864 2045 1931 ἁγα-

380 1959 488 2011 θῶν
518 1956 892 2025 ἐπιτύχωμεν,
942 1952 1121 2023 χάριτι
1154 1951 1250 2003 καὶ
1289 1946 1673 2018 φιλανθρωπίᾳ
1715 1945 1809 1999 τοῦ
1836 1946 2042 2015 Κυρίου

384 2042 536 2113 ήμῶν
560 2039 747 2110 Ἰησοῦ
782 2036 1037 2108 Χριστοῦ,
1061 2034 1177 2105 μεθ’
1204 2028 1265 2088 οὗ
1285 2032 1360 2102 τῷ
1390 2033 1561 2101 Ila-.91
1590 2033 1622 2101 ἡ
1653 2030 1798 2096 δόξα,
1821 2030 2041 2100 κράτος,

382 2126 533 2195 τιμὴ,
569 2123 686 2194 ἀμα
711 2121 789 2193 τῷ
811 2120 952 2190 ἀγίῳ
981 2118 1280 2187 Πνεύματι,
1314 2115 1407 2170 νῦν
1438 2116 1532 2169 καί
1552 2116 1658 2180 ἀεὶ,
1689 2116 1782 2170 καί
1807 2116 1889 2178 εἰς
1919 2114 2046 2177 τοὺς

382 2207 584 2271 αἰῶνας
608 2205 715 2260 τῶν
746 2203 977 2258 αἰώνων.
1018 2202 1213 2272 Ἀμήν.

908 2305 1061 2379 ιιθδ]
1101 2304 1338 2367 ouum
1384 2303 1510 2357 KB‘.

386 2420 492 2475 Kal
536 2415 617 2487 ἦν
639 2418 765 2474 Νῶε
792 2415 942 2469 ἐτῶν
972 2411 1408 2487 πεκτακοᾳιωχ,
1452 2409 1547 2463 καί
1570 2408 1881 2487 ’ἐγέξ-ξυησε
1920 2407 2048 2487 [ᾖδε

455 2478 614 2557 τρεῗς
642 2488 833 2551 υἱοὺς.
873 2487 982 2537 τὸν
1009 2483 1160 2551 Σήμ.
1195 2480 1304 2533 τὸν
1336 2481 1483 2549 Χὰμ,
1523 2478 1637 2535 τὸν
1669 2478 1887 2544 Ἰάρεδ.
1940 2480 2043 2532 Καὶ

454 2556 929 2629 ἐγένετοηήνίκα
952 2551 1302 2629 ἤρξαντο-οξ
1323 2549 1618 2629 ἄνθρωποι
1646 2550 1884 2629 πολλοὶῄ
1895 2550 2048 2617 τίνε-

454 2596 618 2684 ἓᾎῖῖ
629 2596 735 2679 ὶιῖηὲι
753 2596 2051 2692 353135.“2281318032}?iMbééJr

456 2696 683 2763 αὐτοῖς.

458 2798 529 2853 α’.
559 2794 879 2864 Τάλείψανα
901 2794 1000 2862 τῆς
1011 2790 1262 2861 χθεσινῆς
1276 2790 1556 2862 τραπέζης
1572 2790 1699 2860 ὑμῖν
1729 2791 2049 2862 παραθεῖναι

390 2882 648 2954 βούλομαι
675 2884 910 2950 τήμερον
934 2894 950 2907 ·
994 2876 1129 2930 ἀλλὰ
1156 2873 1230 2945 μὴ
1261 2874 1614 2945 δυσχεράνῃς.
1642 2873 1913 2943 ἀγαπητέ,
1942 2872 2052 2925 λεί-

385 2966 532 3035 ψανα
559 2962 797 3019 ἀκούων.
845 2960 966 3013 Ἑπί
998 2960 1096 3029 μὲν
1137 2957 1247 3028 γὰρ
1297 2957 1405 3011 τῶν
1434 2955 1702 3020 αἰσθητῶν
1743 2956 2052 3027 ἐδεσμάτων

390 3051 529 3122 μετά
582 3048 712 3119 μίαν
755 3045 849 3100 καὶ
888 3044 1145 3112 δευτέραν
1192 3041 1403 3111 ἡμέραν
1439 3038 1581 3094 ἕωλα
1611 3038 1869 3103 πολλάκις
1900 3040 2054 3105 γενό-

391 3149 528 3200 μενα
568 3131 640 3184 τά
684 3128 991 3198 ἐδέσματα,
1037 3126 1284 3196 ἀχρηστα
1316 3123 1529 3191 γέγονε.
1567 3124 1659 3175 καὶ
1704 3124 2057 3193 ἀνεπιτήδεια

388 3216 525 3285 πρὸς
554 3214 788 3285 τροφήν·
839 3210 934 3263 ἐπὶ
976 3208 1032 3261 δὲ
1072 3209 1169 3278 τῆς
1203 3205 1577 3275 πνευματικῆς
1598 3206 1875 3277 τραπέζης
1903 3206 2054 3260 οὐδέν

388 3298 503 3350 ἐστι
520 3294 760 3349 τοιοῦτον
782 3293 971 3348 δεῖσαι,
995 3289 1107 3344 ἀλλ’
1128 3292 1251 3353 ὅσος
1278 3289 1345 3342 ἀν
1375 3287 1619 3361 παρέλθῃ
1645 3288 1854 3358 χρόνος,
1872 3289 2054 3343 τοσού-

388 3397 466 3449 τῳ
488 3377 688 3448 μᾶλλον
709 3374 928 3429 πλείονα
945 3372 1042 3441 τὴν
1060 3373 1218 3443 χάριν
1234 3371 1619 3432 ἐπιδείκνυται,
1632 3371 1726 3423 καί
1744 3371 2055 3443 νεαρώτερα

390 3464 486 3516 καὶ.
525 3457 869 3530 ἀκμαιότερα
912 3456 1242 3525 εὑρίσκεται.
1292 3455 1429 3526 Φέρε
1469 3450 1560 3508 οὖν
1605 3454 1705 3524 τὴν
1738 3454 2048 3524 ὑπόσχεσιν,

389 3547 569 3616 ἥνπερ
612 3540 738 3612 χθές
779 3539 1148 3609 ὑπεσχόμεθα,
1194 3539 1273 3602 εἰς
1318 3537 1476 3608 ἔργον
1508 3537 1827 3608 ἀγάγωμεν,
1870 3538 2056 3590 καὶτὸ

392 3627 552 3698 χρέος
572 3626 670 3696 τῆς
698 3621 1044 3685 διδασκαλίας
1073 3619 1485 3690 καταϐάλωμεν.
1520 3620 1614 3673 καὶ
1644 3618 1741 3689 τὴν
1778 3619 2056 3691 εὐγνωμο-

392 3717 559 3780 σύνην
594 3706 1009 3776 ἐπιδειξώμεθα.
1060 3704 1194 3757 Οὐδὲ
1236 3703 1342 3775 γὰρ
1374 3705 1486 3766 τοῖς
1517 3702 1929 3773 ὑποδεχομένοις
1962 3705 2057 3773 μό-

391 3810 481 3846 νον
505 3790 786 3860 λυσιτελής
813 3788 950 3859 αὕτη
979 3786 1268 3855 τυγχάνει.
1304 3785 1553 3857 καθάπερ
1587 3786 1682 3839 ἐπὶ
1709 3786 1822 3842 τῶν
1856 3788 2054 3858 χρεῶν,

390 3875 527 3930 άλλά
559 3875 654 3929 καὶ
702 3873 825 3945 ἐμοὶ
869 3871 947 3942 τῷ
979 3870 1381 3925 καταϐάλλοντι.
1425 3871 1535 3923 Καὶ
1561 3870 1613 3923 τί
1641 3870 1786 3940 λέγω
1829 3870 1951 3942 ἐμοί
1979 3869 2058 3942 τῷ

391 3958 812 4022 καταϐάλλοντι;
842 3955 1078 4024 Τοιαύτη
1106 3953 1295 4006 τούτου
1325 3952 1418 4005 τοῦ
1460 3953 1654 4023 χρέους
1688 3954 1781 4009 τοῦ
1816 3972 2058 4025 πνευμα-

391 4040 543 4097 τικοῦ
576 4041 609 4110 ή
643 4039 821 4109 φύσις,
852 4040 934 4092 ὅτι
966 4038 1074 4107 ὅσῳ
1110 4036 1173 4088 εν
1204 4034 1626 4106 καταϐάλληται,
1654 4036 1892 4108 τοσούτῳ
1925 4039 2058 4110 μᾶλ-

390 4122 484 4177 λον
524 4121 766 4187 αὔξεται,
809 4121 901 4174 καὶ
963 4118 1180 4171 πλείονα
1235 4117 1334 4189 τὴν
1366 4117 1680 4191 περιουσίαν
1733 4120 2054 4190 ἐργάζεται,

393 4202 543 4275 [195]
574 4205 666 4257 καὶ
695 4203 898 4270 ἄφατον
923 4201 1014 4253 τὸν
1051 4200 1277 4252 πλοῦτον
1324 4200 1418 4252 καί
1448 4199 1524 4270 τῷ
1555 4200 1937 4257 καταϐάλλοντι
1965 4205 2060 4259 καὶ

392 4287 506 4347 τοῖς
559 4283 989 4353 ὑποδεχομένοις.
1050 4278 1201 4344 Εἶδες
1260 4281 1453 4351 καινὴν
1500 4281 1693 4352 χρέους
1750 4283 1911 4350 φύσιν
1966 4287 2060 4342 καὶ

393 4363 546 4432 ξένον
576 4364 882 4431 καταϐολῆς
928 4359 1099 4428 εἷδοςς
1134 4362 1369 4417 τοιαῦτα
1415 4363 1524 4433 γάρ
1560 4363 1627 4416 τά
1679 4367 2057 4435 πνευματικά·

393 4450 462 4519 τῇ
495 4448 720 4519 διανομῇ
755 4446 952 4518 μᾶλλον
979 4446 1221 4514 αὔξεται,
1257 4447 1350 4500 καὶ
1371 4449 1436 4519 τῇ
1467 4448 1573 4501 τῶν
1598 4447 1858 4502 πλειόνων
1892 4467 2062 4521 μετα-

394 4530 553 4601 λήψει
588 4531 785 4585 πλείων
818 4531 850 4602 ἡ
895 4531 1177 4603 περιουσία
1205 4531 1430 4600 γίνεται,
1461 4532 1555 4585 καὶ
1580 4530 1704 4585 ούτε
1734 4534 1763 4586 ό
1789 4533 2061 4587 καταϐάλ-

394 4608 504 4667 λων
552 4611 803 4683 αἴσθησίν
832 4630 955 4666 τινα
1002 4614 1100 4684 τῆς
1143 4613 1444 4683 καταϐολῆς
1471 4614 1755 4684 λαμϐάνει,
1802 4615 1938 4668 ἀλλά
1970 4616 2063 4669 καὶ

392 4689 615 4755 αὔξεται
644 4690 792 4760 αὑτῷ
829 4688 898 4743 τὰ
938 4691 1037 4759 τῆς
1087 4691 1423 4761 περιουσίας,
1455 4693 1550 4745 καὶ
1586 4694 1635 4745 οί
1676 4693 2062 4765 ὑποδεχόμενοι

396 4773 459 4827 ἐν
483 4769 687 4823 πλείονι
733 4768 1018 4840 περιουσία
1052 4779 1074 4807 ο
1107 4769 1474 4822 καθίστανται.
1523 4770 1675 4822 Ἑπεί
1706 4768 1797 4825 οὖν
1837 4771 2060 4845 τοιαύτη

394 4851 506 4907 τῶν
554 4849 937 4923 πνευματικῶν
968 4849 1170 4903 τούτων
1201 4852 1234 4920 ή
1266 4849 1446 4917 φύσις,
1479 4850 1614 4918 μετά
1649 4852 1827 4922 πάσης
1859 4853 2049 4925 προθυ.

398 4935 528 5006 μίας
560 4938 653 4991 καί
681 4938 842 5007 ἡμεῖς
869 4935 1005 5005 πρὸς
1032 4933 1128 5004 τήν
1157 4933 1358 4986 ἔκτισιν
1403 4932 1738 5004 σπεύδωμεν,
1773 4937 1866 4989 καὶ
1904 4938 2063 5007 ὑμεῖς

396 5016 532 5086 πρὸς
561 5016 658 5088 τὴν
687 5017 953 5087 ὑποδοχὴν
978 5014 1075 5079 τὰς
1105 5014 1271 5077 ἀκοὰς
1304 5014 1681 5084 εύτρεπίσατε,
1714 5016 1801 5069 ἵνα
1833 5019 2063 5085 ἕκαστος

396 5097 551 5168 ὑμῶν
580 5100 921 5171 ήπλωμένοις
950 5100 1063 5161 τοῖς
1094 5097 1195 5167 τῆς
1220 5096 1453 5161 διανοίας
1483 5097 1702 5163 κόλποις
1734 5098 2065 5170 ὑποδεξάμε-

395 5197 485 5243 νος
526 5180 595 5235 τὰ
629 5184 755 5252 παρ’
788 5180 945 5253 ἡμῶν
971 5179 1256 5251 λεγόμενα,
1291 5179 1462 5243 οὑτως
1491 5179 1670 5233 οἴκαδε
1710 5182 2061 5255 ἀναχωρήσῃ.

397 5262 566 5317 Πάλιν
606 5262 715 5333 γάρ
740 5263 839 5334 τήν
871 5263 1011 5321 κατὰ
1052 5261 1144 5317 τὸν
1172 5262 1373 5316 δίκαιον
1401 5261 1523 5315 Νῶε
1556 5262 1810 5317 ὑπόθεσιν
1841 5266 1920 5328 εἰς
1963 5266 2063 5335 μέ-

396 5360 489 5400 σον
517 5345 744 5413 ἀγαγεῖν
774 5345 1051 5417 βούλομαι,
1082 5345 1168 5400 ίνα
1194 5345 1289 5401 :05
1317 5346 1525 5399 δικαίου
1569 5346 1666 5417 τὴν
1699 5346 1896 5418 πολλὴν
1928 5348 2061 5419 ἀρε.

392 5429 495 5497 τήν
522 5426 894 5499 καταμάθητε,
924 5429 1018 5483 καί
1057 5428 1156 5501 τήν
1200 5430 1402 5498 ἄφατον
1442 5427 1536 5482 :05
1582 5428 1717 5483 Θεοῦ
1759 5429 2063 5501 φιλανθρωο

395 5511 545 5578 πίαν,
581 5511 676 5566 καί
708 5510 805 5583 τήν
841 5511 1221 5583 μακροθυμίαν
1266 5512 1366 5583 τήν
1397 5514 1572 5566 πάντα
1612 5510 1768 5580 λόγον
1799 5511 2057 5583 ὑπερϐαίο
2093 5516 2123 5547 ³

393 5610 608 5651 νουσαν.
638 5594 901 5665 Ἐμάθετε
920 5594 1064 5665 χθὲς.
1086 5593 1204 5658 πῶς
1228 5595 1293 5647 ἐκ
1314 5592 1611 5665 προοιμίων
1639 5594 1740 5665 τῆς
1755 5594 2060 5664 γεννήσεως

455 5734 480 5764 ⁸
506 5733 656 5797 Sam.
674 5735 1019 5797 περιτιθέμενα.
1042 5732 1209 5796 Aliqui
1242 5747 1357 5783 mss.
1383 5733 1689 5797 περιτιθέντα.
1723 5732 1844 5797 Mpr,
1868 5748 2056 5797 περιτε-

392 5794 575 5859 θέχταε-
612 5795 639 5834 b
665 5793 812 5859 Say‘jl.
841 5793 898 5844 et
913 5798 1095 5859 aliquo!
1121 5793 1233 5859 1:353.
1255 5793 1706 5859 χρυσίαίδιανείμας
1727 5794 1847 5843 αύτά
1873 5793 2053 5850 είςτάς.

397 5855 421 5885 ⁸
445 5853 597 5906 Savil.
619 5860 670 5906 et
702 5857 888 5921 aliquo:
910 5853 1023 5908 mss'.
1050 5853 1262 5920 εὐπορίας

1195 263 1252 314 S.
1292 256 1579 313 JOMVNIS
1619 249 2105 308 CIIIWSOSTOMI
2141 248 2457 306 ARCHIEP.
2498 251 3041 309 CORSTANTINOP.

3726 252 3838 309 ιεε

2140 366 2170 418 ό
2190 362 2396 430 δίκαιος
2424 359 2578 432 οὗτος
2607 366 2894 438 δεξάμενος
2927 367 3075 439 παρά
3124 369 3219 422 :05
3265 365 3470 440 πατρὸς
3509 370 3605 439 τὴν
3641 385 3803 441 προσ

2137 443 2383 515 ηγορίαν,
2422 447 2553 499 πᾶσι
2605 448 2716 508 τοῖς
2747 446 2868 499 τότε
2898 444 3207 518 ἀνθρώποις
3241 443 3360 500 οὖσι
3408 446 3622 516 περιῄει
3663 446 3806 500 διόἀ

2138 523 2334 587 ’σκαλος
2365 523 2474 577 τῶν
2525 524 2840 595 συμφορῶν,
2884 525 3164 596 μονονουχὶ
3197 524 3334 594 βοῶν
3367 525 3462 578 καὶ
3509 524 3680 595 λέγων
3732 525 3844 579 διὰ

2134 600 2229 655 τοῦ
2277 602 2478 655 οἰκείου
2523 603 2819 673 ὀνόματος·
2875 602 3149 671 ἀπόστητε
3200 602 3299 671 τῆς
3349 601 3566 667 κακίας,
3620 603 3839 674 μετέρση

2135 681 2295 751 χεσθε
2328 683 2430 754 τήν
2454 682 2675 752 ἀρετὴν,
2711 681 2981 753 φοϐήθητε
3010 681 3109 752 τὴν
3143 680 3530 752 ἐπηρτημένην
3556 682 3796 736 κόλασιν
3814 698 3837 713 ο

2139 760 2315 814 κοινὸν
2348 763 2560 815 ἃπασαν
2591 762 2691 831 τὴν
2733 761 3058 832 οἰκουμένην
3090 760 3460 831 καταλήψεται
3500 760 3831 816 κλυδώνιον.

2137 838 2311 911 Πολλὴ
2338 841 2436 910 τῆς
2465 841 2888 911 ἀγανακτήσεως
2920 841 2953 911 ἠ
2981 839 3276 910 ὑπερϐολὴ,
3305 838 3489 909 ἐπειδὴ
3522 840 3615 893 καὶ
3638 840 3830 911 πολλὴ

2135 917 2234 986 τῆς
2278 920 2471 981 κακίας
2502 921 2534 988 ή
2570 918 2731 988 φορά.
2768 918 2876 972 Καὶ
2908 917 3069 971 τοῦτο
3098 917 3201 971 οὑκ
3250 918 3343 970 ἐπὶ
3389 918 3539 988 δυσὶν
3568 918 3601 989 ἢ
3633 920 3833 990 τρισὶν

2136 994 2309 1049 ἐτεσιν
2338 996 2531 1059 ἐποίει,
2562 996 2675 1050 ἀλλ’
2708 998 2798 1050 ἐπὶ
2837 996 3169 1050 πεντακόσια
3215 994 3310 1065 ἔτη
3359 995 3610 1067 διήρκεσε
3636 998 3836 1052 ταῦτα

2137 1073 2434 1144 παραινῶν.
2474 1075 2655 1128 Εἵδετε
2687 1074 3068 1147 μακροθυμίαν
3107 1073 3417 1138 Δεσπότου;
3464 1074 3635 1127 εἰδετε
3676 1075 3836 1143 ἀγα-

2136 1151 2359 1221 θότητος
2394 1152 2730 1225 ὑπερϐολήν;
2764 1154 2934 1207 εἴδετε
2977 1151 3330 1220 ἀνεξικακίαν
3372 1151 3610 1220 ἀφατονς
3643 1152 3835 1207 εἴδετε

2136 1230 2333 1293 κακίας
2359 1230 2643 1297 ἐπίτασιν;
2678 1232 2845 1284 είδετε
2889 1229 3281 1301 ἀγνωμοσύνης
3333 1229 3591 1299 μέγεθος;
3630 1231 3828 1301 Μέχρι

2135 1308 2244 1377 γὰρ
2285 1307 2497 1372 τούτου,
2555 1309 2629 1372 ώς
2687 1310 2822 1375 ίστε,
2867 1309 2992 1379 χθὲς
3042 1310 3173 1380 ἡμῖν
3202 1308 3271 1363 τά
3319 1308 3421 1378 τῆς
3470 1308 3830 1372 διδασκαλίας

2135 1385 2286 1449 τέλος
2319 1386 2541 1439 ἐλαϐενο
2584 1388 2880 1456 ἀναγκαῖον
2929 1388 3106 1441 τοίνυν
3157 1390 3397 1457 σήμερον
3449 1388 3825 1457 καταμαθεῖν,

2137 1465 2283 1526 ὅπως
2331 1467 2359 1517 ὀ
2401 1465 2778 1537 φιλάνθρωπος
2810 1466 3085 1537 Δεσπότης
3112 1465 3210 1537 τὴν
3263 1465 3469 1519 οίκείαν
3499 1466 3826 1539 ἀγαθότητα

2142 1542 2475 1614 μιμούμενος
2531 1544 2649 1596 οὑδὲ
2701 1545 2859 1616 μέχρι
2908 1545 3016 1597 τῶν
3061 1544 3431 1598 τπντακοσίων
3483 1543 3615 1597 ἐτῶν
3656 1546 3821 1616 ἔστη,

2139 1623 2273 1676 ἀλλά
2321 1623 2415 1676 καὶ
2447 1623 2640 1694 ἑτέραν
2677 1625 2991 1695 προσθήκην
3043 1624 3170 1693 περὶ
3204 1624 3328 1687 τοὺς
3355 1623 3590 1677 τοσαῦτα
3626 1627 3826 1697 ἡμαρ-

2137 1701 2372 1769 τηκότας
2404 1701 2658 1770 προνοίας
2681 1702 3009 1767 ἐπεδείξατο.
3041 1702 3150 1755 Καὶ
3174 1698 3254 1772 ἦν
3278 1699 3427 1767 Νῶε,
3459 1704 3641 1773 φησὶν,
3663 1702 3827 1757 ἐτῶν

2139 1780 2571 1833 πεντακοσίων.
2620 1781 2901 1851 Ἐπίτηδες
2946 1782 3076 1851 ἡμῖν
3116 1780 3207 1836 τὸν
3251 1780 3482 1851 ἀριθμὸν
3525 1781 3632 1835 τῶν
3677 1780 3825 1835 ἐτῶν

2137 1859 2232 1912 :05
2264 1859 2473 1912 δικαίου
2527 1858 2912 1929 ἐπεσημήνατο
2949 1862 2981 1930 ή
3028 1859 3149 1914 θεία
3190 1858 3396 1930 Γραφὴ,
3433 1859 3519 1913 ἵνα
3554 1859 3821 1931 μάθωμεν

2140 1938 2198 1989 ἐν
2234 1937 2382 2008 πόσῳ
2428 1938 2604 2010 χρόνῳ
2653 1938 2917 1991 διετέλεσε
2971 1937 3252 2010 παραινῶν
3304 1939 3508 2004 αὑτοῖς,
3557 1940 3652 1992 καὶ
3699 1939 3820 2004 πῶς

2140 2018 2335 2071 ἐκείνοι
2389 2018 2486 2089 μὲν
2516 2017 2613 2088 τὴν
2657 2018 2753 2088 τῆς
2809 2019 3004 2082 κακίας
3054 2018 3172 2073 ὁδὸν
3220 2017 3483 2087 ἑλόμενοι,
3535 2019 3594 2072 ἐν
3641 2018 3816 2090 ταύτῃ

2141 2095 2589 2150 κατεδαπανῶντο
2609 2112 2621 2125 '
2653 2096 2681 2148 ὁ
2710 2097 2764 2149 δὲ
2796 2096 3002 2160 δίκαιος
3036 2096 3362 2160 ἀπεναντίας
3388 2097 3557 2151 ἅπασι
3590 2096 3814 2168 πορευότ-

2145 2192 2303 2246 μενος
2330 2174 2428 2245 τὴν
2457 2176 2629 2246 ἄκραν
2662 2176 2859 2246 ἀρετὴν
2888 2175 3222 2242 ἐπεδείξατο,
3250 2174 3389 2228 ὥστε
3416 2175 3508 2228 καί
3539 2176 3638 2245 τὴν
3668 2177 3820 2246 παρά

2140 2254 2234 2307 :05
2261 2253 2396 2307 Θεοῦ
2427 2252 2831 2307 ἐπισπάσασθαι
2867 2251 3099 2317 εὔνοιαν,
3132 2255 3225 2307 καὶ
3256 2255 3471 2307 πάντων
3504 2254 3822 2308 ὑπευθύνων

2142 2337 2209 2404 τῇ
2262 2333 2497 2404 τιμωρίᾳ
2549 2332 2873 2403 γενομένων,
2934 2332 3093 2385 αὑτὸν
3150 2332 3306 2402 μόνον
3353 2332 3630 2401 διαφυγεῖν
3678 2333 3824 2403 μετά

2143 2413 2251 2465 τῶν
2285 2412 2431 2483 αὐτῷ
2460 2412 2862 2482 προσηκόντων.
2904 2409 3181 2465 Ἐντεῦθεν
3213 2410 3573 2480 μανθάνομεν,
3611 2411 3696 2465 ὅτι
3724 2411 3825 2465 ἐὰν

2144 2493 2402 2561 νήφωμεν
2427 2492 2518 2544 καὶ
2541 2489 2613 2561 μή
2633 2488 3056 2561 ρᾳθυμῶμεν,ού
3079 2488 3238 2558 μόνον
3252 2488 3405 2542 ούδέν
3420 2490 3565 2559 ήμᾶς
3589 2488 3827 2559 βλάπτει

2143 2572 2206 2623 :0
2232 2569 2430 2639 μεταξῦ
2455 2569 2562 2622 τῶν
2594 2570 2779 2623 κακῶν
2798 2567 3193 2638 ἀναμεμίχθαι,
3220 2567 3356 2621 ἀλλά
3386 2570 3479 2622 καί
3501 2569 3830 2639 ἀκριϐεστέ-

2149 2665 2272 2721 ρους
2306 2648 2433 2718 περί
2460 2646 2556 2719 τὴν
2597 2648 2797 2717 ἀρετὴν
2830 2647 3141 2718 ἐργάζεται.
3183 2646 3281 2700 Διά
3321 2645 3431 2717 γὰρ
3459 2646 3617 2700 τοῦτο
3663 2647 3759 2700 καί
3794 2649 3830 2701 ὁ

2149 2730 2524 2801 φιλάνθρωπος
2589 2729 2722 2793 Θεὸς
2784 2728 2955 2793 οὑτως
3014 2728 3330 2799 ᾠκονόμησε
3356 2770 3372 2792 ,
3431 2727 3570 2783 κατά
3622 2727 3828 2782 ταύτὸν

2148 2807 2394 2871 ἃπαντας
2426 2803 2565 2861 εἶναι
2594 2806 2687 2861 καί
2718 2808 2842 2869 τοὺς
2873 2806 3140 2877 πονηροὺς
3167 2806 3261 2859 καί
3288 2807 3412 2869 τοὺς
3439 2805 3695 2874 ἀγαθοὺς,
3730 2805 3829 2861 ἵνα

2148 2887 2242 2941 καὶ
2272 2886 2379 2940 τῶν
2414 2885 2667 2955 πονηρῶν
2698 2886 2731 2955 ή
2760 2884 2928 2939 κακία
2956 2886 3309 2955 ἐγκόπτηται,
3343 2884 3436 2937 καὶ
3459 2883 3570 2937 τῶν
3600 2884 3829 2953 ἀγαθῶν

2149 2966 2182 3035 ή
2216 2965 2385 3035 ἀρετὴ
2414 2963 2771 3036 λαμπροτέρα
2817 2963 3158 3032 δεικνύηται,
3210 2963 3302 3016 καὶ
3340 2962 3407 3016 τὰ
3435 2962 3663 3033 μέγιστα
3691 2979 3826 3034 κερ-

2147 3044 2376 3098 δάνωσιν
2404 3045 2457 3098 οἰ
2480 3044 2743 3115 ῥᾴθυμοι,
2774 3044 2868 3097 ἐὰν
2902 3042 3216 3112 βούλωνται,
3249 3042 3355 3096 ἀπὸ
3387 3044 3486 3113 τῆς
3516 3042 3624 3097 τῶν
3653 3059 3824 3096 σπου-

2150 3124 2312 3177 δαίων
2356 3122 2656 3185 συνουσίας.
2721 3122 2918 3175 Ἐννόει
2962 3123 3070 3192 γάρ
3118 3121 3265 3193 [194]
3320 3138 3410 3193 μοι
3461 3122 3554 3175 τοῦ
3611 3122 3822 3177 δικαίου

2149 3204 2340 3256 τούτου
2373 3202 2433 3255 :0
2478 3201 2751 3271 ἐνάρετον,
2777 3201 2924 3264 ὅπως
2961 3202 3019 3253 ἐν
3068 3199 3259 3269 πλήθει
3289 3199 3526 3270 τοσούτῳ
3556 3199 3721 3272 πολλῇ
3752 3203 3823 3272 τῇ

2153 3282 2300 3356 ῥύμῃ
2351 3280 2485 3356 1:90;
2530 3280 2628 3350 τὴν
2661 3279 2858 3332 κακίαν
2905 3279 3221 3350 φερομένων
3258 3277 3305 3341 τι,
3335 3279 3493 3349 μόνος
3527 3279 3689 3342 αὑτὸς
3719 3280 3822 3351 τὴν

2149 3359 2395 3413 ἐναντίαν
2436 3355 2599 3429 ἦλθεν
2626 3358 2762 3418 ὁδον,
2791 3356 2889 3428 τὴν
2922 3358 3123 3429 ἀρετὴν
3151 3357 3550 3428 προτιμοτέραν
3593 3358 3690 3429 τῆς
3723 3376 3822 3411 κα-

2152 3439 2273 3501 κίας
2314 3437 2583 3507 ἐλόμενος,
2616 3437 2709 3490 καὶ
2751 3435 2873 3489 οὗτε
2909 3438 2942 3508 ή
2978 3436 3284 3507 συμφωνία,
3328 3434 3450 3489 οὔτε
3480 3437 3542 3490 :0
3571 3434 3823 3492 τοσοῦτον

2155 3517 2357 3586 πλῆθος
2407 3516 2765 3588 ὀκνηρότερον
2825 3515 2986 3570 αὑτὸν
3038 3515 3333 3584 εἰργάσατο
3381 3516 3517 3589 πρὸς
3575 3517 3673 3587 τὴν
3721 3518 3824 3586 τῆς

2152 3598 2354 3668 ἀρετῆς
2382 3595 2519 3656 ὁδὸν,
2551 3595 2663 3648 ἀλλ’
2693 3596 2796 3667 ήδη
2840 3594 3126 3664 προλαϐὼν
3161 3595 3399 3666 ἐπλήρου
3445 3596 3507 3648 :0
3531 3596 3681 3666 παρά
3724 3596 3824 3650 :05

2156 3675 2424 3747 μακαρίου
2469 3673 2745 3738 Μωῦσέως
2787 3673 2976 3743 μέλλον
3004 3674 3358 3745 ῥηθήσεσθαι,
3407 3674 3488 3728 ὅτι
3531 3676 3655 3728 Οὐκ
3702 3675 3821 3744 ἔσῃ

2147 3757 2296 3825 μετὰ
2323 3753 2571 3808 πολλῶν
2601 3753 2696 3807 ἐπὶ
2727 3756 2925 3822 κακίᾳ.
2954 3754 3065 3809 Καὶ
3096 3754 3157 3808 :0
3184 3753 3495 3825 θαυμαστὸν
3525 3755 3617 3808 καί⁵
3641 3755 3822 3825 παρά-

2152 3833 2320 3899 δοξον,
2374 3832 2454 3885 ὅτι
2492 3832 2586 3885 καὶ
2623 3831 2848 3896 πολλοὺς
2895 3832 3054 3903 ἔχων,
3102 3831 3300 3902 μᾶλλον
3342 3831 3397 3885 δέ
3444 3832 3685 3896 ἅπαντας
3728 3832 3824 3886 ἐπὶ

2152 3913 2250 3982 τὴν
2305 3912 2501 3965 κακίαν
2559 3912 3029 3981 προτρεπομένους
3100 3911 3193 3965 καὶ
3246 3909 3344 3982 τὴν
3402 3910 3513 3963 τῶν
3571 3909 3824 3982 πονηρῶν

2154 3989 2404 4062 πράξεων
2459 3988 2751 4058 ἐργασίαν,
2801 3989 2895 4043 καί
2942 3989 3152 4053 οὐδενὸς
3197 3989 3347 4053 ὄντος
3392 3987 3485 4043 :05
3537 3990 3673 4059 1:90;
3723 3989 3825 4059 τὴν

2154 4069 2355 4141 ἀρετὴν
2390 4067 2691 4136 ἐνάγοντος,
2738 4068 2945 4123 οίκοθεν
2990 4069 3080 4121 ἐπὶ
3120 4071 3324 4139 ταύτην
3373 4068 3510 4138 μετά
3558 4066 3826 4139 τοσαύτης

2156 4146 2382 4217 ὥρμησε
2426 4145 2526 4215 τῆς
2574 4145 2965 4218 σφοδρότητος;
3013 4146 3151 4199 ὥστε
3194 4146 3435 4215 τοσούτῳ
3472 4144 3663 4214 πλήθει
3712 4145 3824 4198 ἀπ-

2157 4224 2403 4287 εναντίας
2433 4223 2608 4277 ἐλθεῖν
2646 4234 2671 4263 ε
2692 4240 2703 4252 ’
2739 4225 2833 4277 καὶ
2868 4222 2992 4278 οὔτε
3030 4224 3251 4290 ἔδεισεν,
3287 4224 3409 4278 οὒτε
3436 4224 3682 4277 ὑπείδετο
3722 4223 3825 4294 τὴν

2160 4303 2335 4374 κακήν
2388 4302 2725 4373 συμφωνίαν,
2773 4302 2897 4356 οὑτε
2943 4302 3112 4357 ἔπαθέ
3144 4321 3197 4356 τι
3235 4302 3491 4365 τοιοῦτον,
3522 4299 3634 4356 οἷον
3674 4303 3826 4365 εἰκὸς

2159 4380 2227 4456 ἦν
2256 4384 2380 4445 τοὺς
2414 4380 2790 4451 ρᾳθυμοῧντας
2838 4380 3050 4446 παθεῖν,
3082 4381 3132 4435 οἳ
3171 4381 3387 4436 ἐπειδάν
3420 4381 3569 4434 ίεωσι
3596 4379 3826 4442 πολλοὺς

2162 4461 2303 4516 κατά
2330 4458 2494 4514 ταὺτὸ
2523 4459 2838 4529 συμφωνίαν
2885 4460 3380 4530 ἐπιδεικνυμένους,
3408 4457 3610 4528 ταύτην
3650 4458 3826 4526 ἀφορι

2162 4540 2270 4611 μὴν
2299 4540 2392 4592 καὶ
2427 4538 2797 4610 προκάλυμμα
2836 4538 2933 4608 τῆς
2966 4538 3172 4602 οἰκείας
3205 4538 3475 4609 ῥᾳθυμίας
3527 4536 3827 4610 προϐαλλό-

2162 4617 2312 4688 μενοί
2357 4632 2522 4685 φασι·
2574 4617 2627 4669 τί
2676 4617 2739 4687 δὴ
2778 4616 2955 4687 μέλλω
2982 4615 3093 4686 ἐγὼ
3137 4617 3288 4689 παρά
3339 4615 3559 4679 τούτους
3579 4614 3825 4678 ἅπαντας

2163 4693 2310 4759 ξένον
2357 4712 2409 4747 τι
2448 4695 2543 4748 καὶ
2585 4694 2766 4749 καινὸν
2817 4694 3180 4764 βουλεύεσθαι,
3228 4694 3320 4749 καί
3346 4692 3584 4763 τοσούτῳ
3629 4694 3825 4762 πλήθει

2160 4772 2551 4833 ἐναντιοῦσθαι,
2598 4773 2690 4826 καί
2721 4772 2856 4844 πρὸς
2886 4772 3136 4826 τοσοῦτον
3165 4772 3333 4843 δῆμον
3372 4772 3605 4843 πόλεμον
3638 4771 3828 4827 ἀναδέ-

2161 4852 2386 4922 χεσθαι;
2414 4853 2505 4921 Μὴ
2532 4852 2641 4924 γὰρ
2662 4851 2994 4923 δικαιότερος
3026 4852 3136 4919 ἐγὼ
3165 4851 3313 4923 παρά
3332 4851 3551 4913 τούτους
3579 4851 3825 4915 ἅπαντας

2159 4930 2445 5001 τυγχάνω;
2478 4931 2575 4994 Τίς
2624 4948 2713 5002 μοι
2759 4932 2916 5002 χρεία
2958 4931 3056 5001 τῆς
3098 4930 3363 4999 τοσαύτης
3410 4929 3738 4999 ἀπεχθείας;
3770 4931 3827 4984 τί

2163 5026 2253 5080 μοι
2301 5007 2489 5077 ὄφελος
2519 5008 2611 5061 :05
2644 5008 2897 5061 τοσούτου
2950 5010 3174 5080 μίσους;
3225 5009 3392 5062 οὐδὲν
3423 5008 3531 5061 τῶν
3556 5008 3829 5079 ἀνονήτων

2159 5087 2365 5140 τούτων
2388 5086 2761 5148 ἐϐουλεύσατο,
2802 5087 2919 5139 ούδέ
2944 5088 3225 5157 ἐνενόησεν
3247 5104 3261 5117 ’
3291 5085 3426 5140 ἀλλά
3455 5085 3615 5141 πάλιν
3653 5087 3830 5141 ἐκεῖνο

2162 5164 2448 5238 προλαϐὼν
2495 5163 2731 5235 ἐπλήρου
2777 5165 2838 5217 :0
2887 5167 3175 5235 εἰρημένον
3202 5164 3350 5235 παρὰ
3389 5164 3483 5217 :05
3526 5166 3830 5235 προφήτου,

2161 5246 2242 5300 ὅτι
2276 5244 2589 5311 Κρείσσων
2624 5239 2712 5309 εἷς
2754 5242 2941 5296 ποιῶν
2976 5244 3043 5299 τὸ
3076 5242 3304 5313 θέλημα
3353 5243 3596 5311 Κυρίου,
3635 5244 3676 5311 ἢ
3711 5260 3828 5312 μυ-

2154 5323 2275 5393 ρίοι
2322 5322 2671 5391 παράνομοι.
2716 5322 2807 5392 Μὴ
2857 5321 2965 5392 γὰρ
3012 5323 3046 5392 ή
3096 5320 3375 5387 κοινωνία,
3429 5321 3582 5392 φησὶ,
3616 5321 3710 5374 καὶ
3762 5319 3827 5374 :0

2164 5401 2713 5471 συγκατασπασθῆναι
2742 5399 2820 5470 τῷ
2859 5400 3051 5471 πλήθει
3082 5400 3216 5471 πρὸς
3247 5399 3343 5469 τὴν
3375 5399 3573 5452 κακίαν
3597 5398 3830 5467 αὐτομο-

2162 5478 2337 5534 λοῦντι
2383 5480 2656 5547 ἐξελέσθαι
2711 5496 2778 5549 με
2826 5479 3112 5552 δυνήσεται
3167 5479 3265 5550 τῆς
3308 5477 3608 5548 τιμωρίας;
3671 5477 3831 5548 ᾟδει

2165 5560 2288 5631 γὰρ,
2322 5559 2436 5629 ᾔδει
2467 5557 2654 5628 σαφῶς
2682 5558 2760 5611 ὅτι
2782 5558 3011 5620 ἕκαστος
3042 5558 3180 5627 ὑπὲρ
3208 5555 3304 5624 τῆς
3329 5556 3533 5620 οἰκείας
3560 5556 3833 5625 σωτηρίας

2162 5638 2260 5700 τάς
2308 5636 2536 5700 εὐθύνας
2585 5635 2766 5701 δώσει,
2820 5636 2913 5690 καί¹
2964 5637 3063 5688 οὑκ
3115 5635 3261 5688 ἐστιν
3310 5635 3495 5704 ἕτερον
3547 5634 3685 5702 ὑπὲρ
3735 5632 3831 5686 :05

2164 5714 2569 5784 ἁμαρτάνοντος
2612 5716 2734 5770 οὔτε
2787 5714 3005 5768 κόλασιν
3053 5713 3360 5782 ὑπομεῖναι,
3412 5711 3535 5765 οὔτε
3593 5711 3830 5783 ἀμοιϐῆς

2225 5850 2251 5924 fl
2273 5850 2371 5902 Alii
2393 5852 2650 5916 φερομένῳ.
2718 5851 2913 5916 °_Savi|.
2937 5856 2989 5901 ct
3013 5851 3093 5900 alii
3121 5851 3249 5910 ἦλθε.
