4074 6134
352 299 453 351 1ἷῖ5

350 416 579 470 reddunt
608 431 620 467 :
653 413 723 467 ita
752 411 796 467 si
822 411 1013 465 animm
1048 409 1533 480 circumponantur,
1579 408 1790 465 etiamsi
1829 409 1927 465 de-

348 506 507 562 formi
526 517 788 560 summam
802 501 1246 572 pulchritudinem
1260 502 1529 556 afferrent.
1556 501 1622 555 Et
1642 499 1927 569 quomoda,

349 598 521 662 dices,
547 603 766 665 possunt
784 593 977 647 anima:
1005 593 1332 662 circumponi
1350 606 1509 646 aurea
1527 592 1551 645 ?
1570 590 1764 647 lterum
1790 592 1928 654 dico,

352 702 450 757 per
470 699 660 741 manus
680 698 986 753 pauperum.
1012 683 1087 737 Illi
1114 683 1255 738 enim
1276 682 1615 751 accipientes,
1647 680 1932 736 formosam

354 779 499 833 illam
526 775 772 833 reddunt.
801 774 911 830 Illis
933 789 1147 827 auream
1179 773 1454 842 pecuniam
1480 772 1647 835 trade,
1686 780 1741 826 et
1770 772 1819 825 in
1867 772 1933 824 il-

358 871 528 922 lorum
552 876 767 920 ventres
786 865 1095 934 dispensato
1111 904 1125 928 ,
1153 872 1457 934 tantamque
1494 863 1564 918 ibi
1586 862 1817 916 vicissim
1841 862 1939 915 da-

352 961 489 1015 ‘hunt
515 958 981 1029 pulchritudinem,
1006 967 1065 1012 ut
1085 955 1252 1011 forma
1279 966 1364 1010 tua
1392 972 1574 1010 verum
1601 956 1744 1009 illum
1773 970 1933 1024 spon-

358 1067 477 1105 sum
505 1050 719 1113 alliciat,
746 1050 1122 1117 innumeraque
1148 1047 1284 1101 dona
1311 1047 1572 1101 conciliet.
1596 1046 1727 1101 Cum
1756 1056 1935 1101 autem

352 1141 751 1211 pulchritudine
794 1139 1075 1193 Dominum
1128 1139 1411 1202 allexeris,
1461 1136 1937 1206 suppeditabuntur

352 1233 458 1288 tibi
501 1231 639 1287 bona
668 1230 866 1293 omnia,
913 1238 967 1284 et
997 1229 1271 1283 immensis
1312 1228 1500 1297 opibus
1528 1226 1841 1281 abundabis.
1879 1225 1934 1280 Si

359 1338 489 1393 ergo
512 1322 767 1376 amabiles
795 1319 908 1374 fieri
936 1320 1162 1373 Domino
1186 1320 1448 1385 volumus,
1477 1320 1586 1386 jam
1629 1332 1731 1371 non
1773 1332 1933 1371 orna-

364 1423 474 1467 tum
499 1411 737 1481 corporis
767 1410 896 1464 tanti
926 1411 1193 1472 faciamus,
1224 1409 1316 1463 sed
1340 1410 1526 1462 anima:
1553 1408 1935 1462 formositatem

361 1503 598 1573 quotidie
626 1518 813 1572 magna
842 1502 1113 1570 diligentia
1145 1516 1413 1565 curemus,
1447 1510 1501 1554 ut
1522 1507 1574 1554 et
1598 1498 1817 1569 gratiam
1840 1498 1936 1552 bc-

364 1596 509 1664 nigni
542 1594 633 1649 Dei
665 1592 817 1647 nobis
840 1592 1203 1653 conciliemus,
1234 1602 1287 1644 et
1313 1589 1593 1645 inell'abilia
1634 1590 1767 1643 bona
1806 1604 1937 1642 con-

364 1700 671 1753 sequamur,
702 1683 865 1752 gratia
897 1690 951 1736 et
996 1681 1318 1749 benignitate
1359 1681 1563 1733 Domini
1605 1680 1770 1733 nostri
1812 1678 1937 1733 .lesu

358 1777 582 1841 Christi,
609 1790 729 1830 cum
767 1790 872 1843 quo
911 1772 1071 1837 Patri,
1098 1771 1253 1825 simul
1292 1785 1347 1826 et
1387 1771 1601 1839 Spiritui
1647 1779 1831 1823 sancto
1872 1769 1941 1822 sit

368 1867 555 1937 g‘oria,
596 1864 897 1933 imperium,
926 1863 1116 1929 honor,
1157 1878 1295 1917 nunc
1324 1871 1379 1916 et
1406 1875 1638 1929 semper,
1667 1868 1722 1915 et
1750 1861 1800 1914 in
1841 1874 1940 1912 sm-

368 1958 484 2013 cnla
513 1958 845 2013 saeculorum.
879 1957 1067 2010 Amen.

910 2088 1184 2143 llOMlLIA
1227 2084 1391 2142 XXII.

370 2203 438 2257 Et
469 2214 572 2255 erat
603 2201 715 2255 Noe
743 2219 990 2253 annorum
1010 2202 1409 2271 quingentorum,
1440 2210 1484 2251 ct
1510 2197 1680 2269 genuit
1704 2195 1817 2249 Noe
1843 2205 1941 2248 tres

442 2296 593 2361 ﬁlios,
625 2293 764 2357 Sent,
800 2291 976 2357 Cham,
1007 2304 1050 2345 et
1075 2291 1317 2359 Japitclli.
1348 2290 1411 2343 Et
1438 2294 1628 2360 factum
1651 2297 1721 2341 est
1740 2285 1941 2357 quando

436 2393 694 2452 (a’pcrtmt
724 2383 947 2435 homines
977 2382 1302 2451 multiplicari
1345 2397 1495 2447 super
1521 2390 1722 2441 terram,
1752 2388 1797 2431 et
1822 2378 1945 2446 ﬁlia:

446 2486 577 2527 nata)
600 2484 714 2527 sunt
740 2473 809 2526 eis
836 2471 985 2540 (Cen.
1015 2473 1067 2528 5.
1099 2473 1185 2525 3i.
1218 2483 1261 2524 et
1287 2474 1337 2526 6.
1374 2472 1450 2541 1).

449 2587 496 2639 Ι.
539 2586 870 2639 Atlcntionem
897 2585 1182 2638 auditorum
1203 2592 1392 2652 captat.
1427 2582 1554 2649 Qua:
1569 2582 1633 2636 sit
1658 2592 1836 2635 natura
1859 2583 1947 2633 dc-

366 2679 461 2732 ηὺίιὶ
485 2676 783 2746 spiritualis.
801 2705 867 2714 —-
882 2675 1152 2745 Reliquias
1176 2674 1435 2728 hesternte
1458 2688 1655 2727 mensa:
1676 2671 1825 2725 vobis
1848 2670 1946 2726 lto-

373 2773 459 2825 die
487 2786 781 2840 praponerc
808 2770 925 2823 volo
953 2792 965 2825 :
998 2769 1091 2825 sed
1118 2784 1181 2823 ne
1208 2784 1344 2838 mgre
1370 2767 1531 2829 feras,
1563 2768 1774 2829 dilecte,
1804 2764 1946 2836 quod

370 2865 627 2934 reliquias
654 2863 793 2916 dico.
826 2862 955 2916 Nam
987 2863 1037 2916 in
1067 2862 1405 2916 sensibilibus
1432 2860 1643 2931 quidem
1684 2859 1948 2913 alimentis

373 2968 489 3026 post
526 2973 686 3012 unum
718 2966 771 3011 ct
797 2957 1021 3011 alterum
1053 2955 1193 3010 diem
1225 2953 1456 3009 marcida
1501 2952 1631 3009 fiunt
1659 2952 1855 3018 edulia,
1896 2959 1948 3005 et

369 3049 441 3103 ad
472 3047 791 3103 vescendum
819 3047 1019 3101 inutilia
1052 3063 1064 3100 :
1096 3046 1146 3099 in
1173 3043 1431 3115 spirituali
1455 3057 1582 3097 vero
1610 3057 1790 3098 mensa
1819 3040 1949 3096 nihil

378 3143 479 3196 tale
509 3141 678 3195 vereri
710 3147 936 3209 oportet.
971 3138 1086 3207 Ipsa
1112 3138 1276 3202 enim,
1308 3148 1506 3207 quanto
1546 3136 1661 3205 plus
1696 3137 1949 3203 temporis

374 3232 654 3300 prmteriit,
687 3239 833 3285 tanto
866 3230 1118 3298 majorem
1142 3229 1364 3298 gratiam
1396 3227 1575 3292 habet,
1604 3236 1657 3281 et
1686 3227 1951 3281 recentior

378 3334 533 3393 atque
556 3325 795 3392 vegetior
833 3322 1119 3376 invenitur.
1161 3321 1270 3390 Age
1319 3320 1473 3389 igitur
1520 3319 1948 3388 promissionem,

376 3429 534 3483 quam
557 3413 669 3469 beri
697 3414 985 3476 emisimus,
1016 3411 1346 3482 impleamus,
1366 3420 1417 3465 et
1439 3410 1674 3467 debitum
1695 3409 1953 3464 doctrina:

378 3516 528 3574 grato
575 3504 920 3559 exhibcainus
964 3506 1160 3557 animo.
1211 3502 1323 3557 Non
1369 3503 1508 3557 enim
1552 3502 1652 3556 hoc
1702 3502 1828 3555 utile
1871 3510 1955 3557 est

379 3595 757 3664 accipientibus
804 3595 1097 3656 dumtaxat,
1157 3602 1213 3646 ut
1254 3596 1304 3645 in
1350 3594 1467 3647 aliis
1510 3592 1722 3655 debitis,
1766 3592 1857 3647 sed
1899 3601 1955 3647 et

381 3687 507 3739 mihi
548 3686 922 3740 dinumeranti.
964 3684 1031 3738 Et
1057 3684 1179 3754 quid
1224 3684 1345 3738 dico
1390 3683 1517 3738 mihi
1557 3682 1955 3737 dinumeranti?

382 3779 525 3833 Talis
570 3787 653 3832 est
689 3778 976 3845 spiritualis
1023 3775 1186 3831 debiti
1234 3788 1441 3839 natura,
1488 3784 1544 3828 ut
1586 3782 1784 3843 quanto
1835 3788 1950 3827 Ina-

383 3872 460 3941 gis
513 3870 766 3934 solvitur,
820 3879 965 3922 tanto
1013 3867 1180 3937 magis
1242 3875 1526 3936 augeatur,
1589 3872 1642 3918 et
1707 3864 1950 3918 substan-

386 3963 508 4015 tiam
556 3961 723 4029 magis
778 3961 1118 4029 ninltiplicet,
1173 3968 1329 4027 atque
1394 3957 1688 4011 ineffabiles
1744 3956 1957 4011 divitias

384 4052 567 4105 afferat
587 4062 691 4104 tam
724 4050 892 4116 danti,
917 4065 1072 4119 quam
1114 4048 1513 4117 accipientibus.
1546 4047 1734 4102 Vidisti
1766 4062 1957 4102 novatn

383 4142 545 4196 debiti
564 4151 825 4206 naturam,
850 4151 904 4195 et
930 4156 1103 4194 raram
1133 4139 1415 4195 solutionis
1434 4140 1710 4210 speciem?
1738 4139 1792 4193 In
1819 4138 1960 4195 hunc

385 4230 524 4283 enim
550 4230 761 4283 modum
802 4244 860 4283 se
891 4229 1086 4284 habent
1125 4228 1418 4299 spiritualia
1444 4270 1459 4293 ,
1493 4238 1551 4282 ut
1589 4228 1960 4284 distributione

385 4321 551 4390 magis
576 4328 838 4382 crescant,
864 4329 917 4375 et
945 4334 1065 4375 cum
1088 4320 1238 4374 multi
1270 4329 1393 4375 sunt
1418 4320 1719 4389 participes,
1744 4319 1961 4374 uberior

384 4413 455 4465 sit
482 4411 831 4477 abundantia;
858 4420 913 4465 et
939 4411 1029 4481 qui
1056 4411 1373 4477 numeravit,
1409 4427 1514 4465 non
1543 4411 1735 4466 sentiat
1775 4425 1834 4465 se
1858 4410 1959 4466 ali-

385 4504 509 4574 quid
529 4517 859 4569 numerasse,
886 4503 1312 4573 quandoquidem
1342 4503 1459 4573 ejus
1488 4518 1620 4573 opcs
1667 4511 1914 4559 crescunt
1940 4519 1957 4569 ;

382 4606 436 4651 et
488 4597 553 4650 iis
597 4596 686 4666 qui
729 4604 1053 4665 acceperunt
1092 4595 1262 4664 major
1279 4596 1439 4650 etiam
1477 4596 1626 4663 copia
1671 4604 1957 4649 accrescat.

383 4688 516 4755 Quia
550 4688 706 4758 igitur
734 4688 853 4742 talis
882 4696 963 4741 est
982 4686 1337 4756 spiritualium
1369 4686 1588 4739 istorum
1609 4693 1816 4748 natura,
1844 4700 1959 4739 ma-

383 4774 485 4847 gna
512 4778 784 4832 alacritate
809 4778 969 4835 etiam
1021 4792 1118 4833 nos
1155 4777 1222 4832 ad
1264 4778 1582 4832 solutionem
1628 4776 1959 4844 festinemus,

386 4876 441 4923 et
468 4880 563 4921 vos
584 4867 650 4921 ad
678 4868 1069 4938 suscipiendum
1098 4882 1256 4923 aures
1279 4869 1716 4935 accommodetis,
1751 4878 1807 4923 ut
1848 4885 1963 4922 om-

387 4975 485 5015 nes
511 4973 632 5013 cum
654 4959 772 5013 latis
788 4960 948 5013 animi
970 4960 1173 5016 sinibus
1197 4959 1531 5029 snmpscritis
1573 4976 1691 5028 qua:
1735 4976 1764 5014 a
1811 4961 1964 5015 nobis

387 5053 656 5115 dicuntur,
708 5050 775 5104 ita
813 5052 1026 5105 domum
1077 5052 1503 5122 proficiscamini.
1548 5053 1740 5108 lterum
1783 5062 1961 5110 autem

387 5154 760 5214 argumentum
789 5142 857 5196 de
896 5142 1041 5212 justo
1080 5144 1189 5198 Noe
1214 5144 1267 5199 in
1297 5144 1531 5198 medium
1581 5144 1774 5198 all‘erre
1818 5145 1962 5211 volo,

390 5246 446 5289 ut
462 5235 589 5304 justi
620 5249 864 5305 magnam
892 5235 1161 5300 virtutem,
1188 5243 1243 5290 et
1270 5235 1589 5290 ineffabilem
1632 5235 1725 5289 Dei
1752 5237 1965 5290 miscri-

390 5328 651 5395 cordiam,
682 5341 746 5380 ac
767 5326 1104 5380 tolerantiam
1133 5342 1251 5393 qua:
1300 5343 1511 5382 omnem
1557 5327 1721 5381 animi
1752 5338 1963 5395 captum

394 5421 748 5485 transcendit,
805 5420 1044 5475 discatis.
1090 5419 1356 5474 Didicistis
1399 5420 1532 5485 heri,
1578 5420 1844 5491 quomodo
1899 5421 1965 5476 ab

391 5520 511 5565 ortu
548 5527 647 5567 suo
666 5512 842 5582 justus
874 5512 980 5577 ille,
1009 5517 1230 5579 accepto
1265 5526 1294 5564 a
1321 5522 1471 5580 patre
1500 5511 1712 5566 nomine
1734 5552 1749 5577 ,
1790 5511 1967 5565 obam-

392 5603 621 5667 bulabat,
652 5605 902 5659 omnibus
922 5605 1011 5675 qui
1035 5613 1161 5659 tunc
1188 5611 1341 5658 erant
1364 5603 1550 5660 doctor
1572 5604 1928 5660 calamitatum
1946 5643 1962 5667 ,

392 5695 543 5765 quasi
594 5694 826 5753 clamans
852 5704 907 5751 et
951 5710 1045 5766 per
1089 5695 1261 5767 ipsum
1292 5709 1487 5752 nomen
1531 5710 1685 5753 suum
1723 5693 1905 5752 dicens
1946 5711 1958 5749 :

1264 295 1328 350 IN
1353 294 1507 350 CAP.
1555 293 1616 346 ν.
1652 294 1737 349 ET
1777 295 1858 347 Vl.
1902 295 2143 351 GENES.
2189 294 2415 349 llOillL.
2460 292 2619 347 XX".

3517 306 3613 359 l8li

2041 407 2290 463 Desistite
2313 422 2343 461 a
2364 407 2528 473 malo,
2552 406 2849 477 opercmini
2877 408 3146 475 virtutem,
3179 410 3362 465 timete
3400 426 3614 480 penam

2040 498 2432 569 impendentem
2464 514 2478 552 :
2503 512 2786 554 commune
2814 498 3070 553 diluvium
3102 500 3153 553 in
3182 511 3292 554 toto
3329 502 3460 557 orbe
3489 503 3611 558 erit.

2040 587 2227 656 lugens
2257 587 2354 644 Dei
2381 588 2673 658 indignatio
2700 590 2881 655 instat,
2915 591 3037 659 quia
3059 600 3112 645 et
3136 604 3324 661 magna
3366 593 3616 662 nequitia:

2038 680 2317 733 colluvies.
2350 678 2418 734 Et
2440 678 2540 733 hoc
2562 694 2667 733 non
2696 694 2789 748 per
2810 680 2946 735 duos
2976 680 3058 735 vel
3086 689 3194 737 tres
3217 691 3417 736 tantum
3446 698 3613 739 annos

2041 768 2287 835 faciebat,
2325 769 2417 823 sed
2446 770 2765 839 quingentos
2790 785 2959 824 annos
2982 772 3113 825 vixit
3143 771 3256 827 lucc
3297 773 3611 829 admonens.

2048 858 2259 912 Vidistis
2282 860 2615 914 tolerantiam
2649 861 2897 915 Domini?
2933 862 3139 915 vidistis
3164 862 3414 918 bonitatis
3434 866 3611 919 excel.

2041 948 2293 1003 it‘llllam?
2323 950 2531 1003 vidistis
2559 951 2873 1005 ineffabilem
2904 952 3253 1020 patientiam?
3281 954 3487 1008 vidistis
3500 970 3617 1007 ma-

2040 1037 2165 1091 iilial.‘
2182 1039 2543 1094 incrementa?
2566 1041 2771 1095 vidistis
2787 1041 3139 1110 improbitatis
3163 1044 3618 1112 magnitudinem?

2040 1128 2323 1199 Hucusquc
2351 1132 2515 1197 enim,
2544 1140 2599 1186 ut
2626 1134 2794 1199 scitis,
2845 1133 2958 1188 heri
2998 1149 3176 1188 sermo
3199 1146 3383 1191 noster
3408 1151 3620 1205 preces-

2041 1220 2109 1273 sit
2141 1237 2154 1273 :
2178 1236 2354 1288 operte
2380 1223 2606 1290 pretium
2634 1233 2714 1277 est
2741 1224 2896 1293 igitur
2916 1233 2973 1278 ut
2999 1225 3156 1279 hodie
3177 1224 3463 1292 discamus,
3484 1243 3620 1295 quo-

2043 1311 2202 1364 modo
2230 1312 2533 1367 misericors
2557 1314 2696 1368 Deus
2733 1330 2831 1383 pro
2859 1330 2951 1368 sua
2984 1316 3217 1371 bonitate
3248 1332 3419 1386 neque
3464 1320 3621 1386 quin-

2041 1402 2213 1469 gentis
2238 1403 2390 1455 annis
2420 1403 2483 1456 ad
2505 1404 2835 1458 tolerantiam
2859 1415 3145 1460 contentus
3167 1406 3281 1471 fuit,
3311 1408 3403 1462 sed
3423 1409 3624 1463 addidit

2042 1508 2215 1548 annos
2240 1495 2373 1548 alios
2400 1494 2465 1548 ad
2498 1495 2803 1565 superiores
2830 1497 2881 1549 in
2924 1498 3147 1565 gratiam
3174 1513 3358 1552 eorum
3390 1500 3478 1569 qui
3506 1510 3623 1553 tan-

2046 1595 2154 1640 tum
2187 1596 2555 1654 peccaverant.
2598 1585 2665 1640 Et
2692 1597 2797 1640 erat
2839 1586 2974 1655 Noe,
3027 1588 3215 1657 inquit,
3244 1591 3625 1659 quingentorum

2043 1694 2311 1731 annorum.
2365 1677 2447 1732 Ad
2500 1679 2781 1732 utilitatem
2836 1688 3070 1733 nostram
3119 1678 3297 1733 divina
3348 1679 3623 1750 Scriptura

2046 1783 2326 1823 numerum
2378 1783 2638 1822 annorum
2704 1767 2836 1837 justi
2888 1769 3212 1837 assignavit,
3254 1779 3311 1824 ut
3357 1770 3625 1825 discamus

2045 1870 2245 1929 quanto
2274 1870 2512 1929 tempore
2541 1861 2753 1923 vixerit,
2783 1860 3080 1914 admonens
3109 1861 3248 1926 illos,
3278 1870 3331 1916 et
3356 1862 3626 1931 quomodo

2046 1951 2119 2005 illi
2151 1951 2364 2019 quidem
2395 1950 2610 2004 malitia:
2628 1952 2763 2004 viam
2782 1952 2990 2017 sectati,
3015 1952 3065 2006 in
3094 1967 3153 2005 ea
3176 1954 3474 2022 consumpti
3497 1954 3622 2016 sint;

2042 2041 2217 2111 justus
2248 2050 2423 2094 autem
2451 2056 2605 2096 secus
2635 2058 2791 2111 quant
2828 2042 2920 2095 alii
2947 2042 3225 2098 ambulans
3257 2052 3401 2098 tanta
3432 2048 3629 2100 virtute

2047 2134 2409 2203 prrecelluerit
2440 2150 2454 2186 :
2486 2142 2544 2187 ut
2565 2142 2619 2188 et
2656 2133 2754 2187 sibi
2788 2133 2877 2187 Dei
2908 2134 3331 2188 benevolentiam
3372 2135 3633 2189 concilia-

2048 2236 2149 2290 ret,
2178 2235 2230 2279 et
2266 2241 2386 2280 cum
2410 2240 2597 2280 omnes
2630 2225 2718 2278 alii
2766 2228 2938 2294 poenis
2979 2225 3197 2280 obnoxii
3253 2226 3460 2292 fierent,
3516 2226 3630 2295 ipse

2047 2320 2192 2373 solus
2216 2334 2333 2373 cum
2359 2327 2462 2373 tota
2497 2316 2693 2371 familia
2740 2317 3013 2387 effugeret.
3063 2317 3196 2372 llinc
3222 2317 3496 2380 discimus,
3534 2334 3629 2370 no-

2049 2410 2151 2470 bis,
2202 2409 2245 2462 si
2288 2408 2450 2463 sobrii
2502 2408 2754 2462 fuerimus
2783 2417 2971 2462 etnon
3017 2407 3251 2473 desides,
3306 2422 3411 2462 non
3457 2408 3627 2461 sol-im

2049 2500 2180 2554 nihil
2209 2516 2403 2554 nocere
2434 2500 2475 2553 si
2508 2502 2644 2553 inter
2672 2498 2878 2553 medios
2902 2499 3073 2553 malos
3103 2514 3413 2561 versemur;
3457 2497 3549 2551 sed
3579 2497 3629 2551 id

2051 2606 2149 2645 nos
2177 2591 2400 2646 reddere
2432 2590 2643 2645 virtutis
2670 2590 3037 2646 studiosiores.
3066 2589 3197 2643 Nam
3224 2589 3343 2643 ideo
3370 2589 3632 2658 benignus

2054 2685 2196 2740 Dens
2226 2686 2303 2739 sic
2328 2684 2674 2753 dispensavit,
2707 2694 2762 2737 ut
2812 2684 2967 2736 simul
3004 2692 3185 2737 essent
3230 2682 3354 2735 boni
3385 2691 3438 2736 et
3484 2682 3630 2746 mali,

2050 2792 2158 2845 quo
2212 2776 2472 2830 malorum
2524 2778 2967 2830 subeuervaretur
3013 2775 3233 2839 malitia,
3268 2776 3635 2845 bonorumque

2051 2869 2221 2924 virtus
2250 2869 2444 2921 clarius
2474 2868 2801 2922 elucesceret
2830 2884 2843 2921 :
2875 2876 2928 2922 et
2952 2866 3163 2921 desides
3190 2882 3220 2921 a
3248 2866 3629 2921 studiosiorum

2052 2960 2432 3016 consuetudine
2452 2960 2674 3029 plurima
2702 2959 2981 3014 commoda
3027 2958 3416 3021 lucrifacerent,
3476 2958 3637 3013 modo

2054 3053 2269 3107 vellent.
2302 3052 2396 3106 llic
2423 3051 2626 3120 cogites
2651 3051 2832 3116 velim,
2866 3059 3077 3120 quantae
3116 3051 3324 3104 virtutis
3357 3049 3514 3105 fuerit
3544 3051 3636 3104 ille

2051 3144 2245 3211 justus,
2300 3141 2569 3210 quomodo
2618 3141 2672 3196 in
2708 3150 2854 3196 tanta
2899 3142 3255 3206 multitudine,
3288 3157 3408 3211 qua:
3445 3156 3638 3211 magno

2056 3235 2257 3301 impetu
2288 3233 2337 3286 in
2366 3233 2568 3286 malum
2601 3233 2807 3299 ruebat,
2840 3234 2988 3287 solus
3033 3232 3147 3303 ipse
3196 3233 3409 3288 diversa
3449 3233 3638 3287 ambu-

2057 3325 2185 3378 lavit
2209 3326 2315 3391 via,
2348 3326 2595 3379 virtutem
2624 3325 2839 3379 malitia:
2865 3326 3185 3393 prmferens:
3220 3339 3283 3379 ac
3305 3340 3479 3394 neque
3504 3326 3638 3379 alio-

2057 3431 2172 3469 rum
2201 3430 2515 3482 consensus,
2549 3430 2647 3469 nec
2694 3424 2838 3469 tanta
2890 3415 3191 3485 frequentia
3229 3415 3487 3470 reddebat
3516 3431 3637 3470 eum

2058 3506 2122 3561 ad
2156 3506 2363 3561 virtutis
2394 3506 2495 3560 iter
2545 3506 2843 3576 segniorem
2875 3506 3005 3560 :scd
3048 3506 3157 3576 jam
3203 3506 3347 3575 prius
3392 3507 3641 3576 inplebat

2059 3599 2199 3669 quod
2251 3600 2435 3654 beatus
2482 3599 2654 3654 Moses
2702 3610 2885 3668 postea
2926 3599 3165 3653 dicturus
3202 3608 3318 3654 erat
3351 3620 3365 3654 :
3397 3598 3518 3653 Non
3544 3600 3642 3653 eris

2064 3707 2176 3746 cum
2210 3690 2438 3761 pluribus
2466 3692 2519 3743 in
2555 3691 2749 3743 malitia
2781 3675 2974 3756 (Ex-od.
3004 3690 3089 3745 23.
3120 3691 3197 3757 9).
3224 3692 3287 3745 Et
3309 3690 3447 3759 quod
3477 3682 3643 3760 magis

2062 3782 2395 3845 admirabile,
2425 3796 2547 3835 cum
2576 3782 2772 3835 multos
2806 3780 3045 3847 haberet,
3099 3782 3205 3833 iino
3248 3794 3437 3835 omnes
3460 3780 3546 3849 qui
3576 3781 3641 3833 ad

2062 3872 2258 3927 malum
2290 3883 2342 3925 et
2371 3871 2437 3926 ad
2484 3887 2643 3940 prava
2693 3886 2854 3941 opera
2880 3870 3307 3935 cohortarentur,
3360 3880 3415 3925 et
3471 3871 3643 3924 nullus

2062 3972 2205 4017 esset
2244 3962 2335 4032 qui
2376 3962 2441 4015 ad
2469 3962 2714 4018 virtutem
2751 3961 3024 4015 induceret
3057 3978 3072 4017 :
3104 3970 3246 4015 tanta
3291 3961 3377 4013 ille
3420 3960 3471 4014 in
3521 3978 3639 4015 eam

2063 4055 2397 4110 vehementia
2430 4054 2721 4121 ferebatur,
2749 4064 2805 4108 ut
2837 4056 2972 4108 viam
3002 4063 3163 4108 tanta:
3191 4053 3511 4107 multitudini
3548 4067 3640 4121 np-

2065 4148 2289 4217 positam
2315 4156 2369 4201 et
2411 4148 2729 4201 contrariam
2776 4154 3013 4210 teneret;
3070 4158 3241 4214 neque
3290 4144 3526 4206 timebat,
3555 4153 3643 4196 aut

2066 4239 2348 4293 verebatur
2371 4253 2653 4308 pravorum
2681 4237 3041 4299 concordiam,
3075 4250 3249 4305 neque
3272 4234 3342 4288 illi
3372 4234 3475 4289 tale
3516 4234 3641 4303 quid

2065 4331 2261 4391 evenit,
2295 4330 2449 4399 quale
2486 4332 2624 4384 solet
2663 4328 2866 4398 ignavis
2912 4327 3174 4393 accidere,
3210 4326 3300 4396 qui
3344 4326 3388 4380 si
3433 4325 3646 4395 quando

2067 4421 2296 4474 viderint
2342 4420 2538 4474 multos
2579 4420 2735 4479 simul
2787 4433 3123 4478 concurrere,
3180 4417 3280 4471 hoc
3322 4416 3564 4471 velunen
3593 4427 3647 4471 et

2067 4510 2205 4565 hanc
2232 4510 2568 4566 occasionem
2590 4525 2699 4564 sua:
2730 4510 2955 4579 ignavia:
2984 4518 3308 4579 pnetexunt,
3332 4523 3396 4563 ac
3423 4508 3644 4562 dicunt:

2067 4606 2174 4661 Cur
2200 4620 2299 4675 ego
2329 4620 2521 4659 novum
2569 4603 2838 4674 quidpiam
2888 4611 2941 4657 et
2990 4602 3255 4671 singulare
3296 4609 3490 4671 praeter
3531 4601 3649 4655 illos

2068 4711 2256 4751 omnes
2296 4709 2641 4764 aggressurus
2670 4710 2820 4759 sum,
2844 4693 3179 4748 adversarius
3212 4699 3372 4746 tanta:
3399 4690 3646 4745 multitu-

2068 4786 2199 4852 dini,
2232 4795 2421 4839 etcum
2450 4794 2595 4839 tanto
2620 4785 2815 4855 populo
2846 4784 3044 4839 bellum
3071 4781 3452 4851 suscepturus?
3487 4780 3645 4833 Νυιη⁴

2069 4876 2194 4943 quid
2226 4877 2326 4930 illis
2367 4877 2614 4931 omnibus
2654 4876 2847 4945 justior
2894 4874 3056 4929 sum?
3085 4874 3212 4940 Qute
3266 4871 3460 4925 utilitas
3514 4870 3648 4924 foret

2072 4977 2334 5020 tantarum
2365 4966 2796 5021 inimicitiarum?
2816 4964 2955 5033 quod
2979 4961 3315 5016 commodum
3338 4959 3468 5012 tanti
3499 4959 3603 5013 odii
3628 4959 3649 5013 Ρ

2068 5057 2209 5112 Nihil
2254 5057 2555 5125 hujusmodi
2607 5055 2865 5108 inutiliter
2910 5051 3194 5122 cogitabat,
3245 5065 3416 5120 neque
3467 5050 3647 5103 animo

2068 5149 2349 5203 versabat:
2374 5148 2465 5202 sed
2494 5146 2690 5211 ethoc,
2722 5145 2859 5214 quod
2894 5155 3073 5213 postea
3104 5158 3132 5195 a
3161 5143 3416 5212 propheta
3445 5142 3645 5198 dictum

2070 5248 2172 5303 est,
2224 5239 2369 5308 prius
2408 5239 2521 5306 ipse
2573 5236 2827 5306 implebat
2868 5252 2880 5289 :
2936 5233 3119 5288 Melior
3158 5244 3230 5287 est
3280 5250 3413 5287 unus
3457 5234 3647 5303 faciens

2069 5330 2372 5383 voluntatem
2424 5327 2667 5393 Domini,
2731 5343 2883 5396 quam
2928 5325 3179 5378 innumeri
3239 5326 3650 5396 prmuaricatores

2071 5421 2259 5493 (Eccli.
2289 5422 2374 5475 16.
2403 5421 2481 5490 5).
2526 5420 2657 5474 Num
2686 5419 2942 5484 societas,
2978 5418 3164 5489 inquit,
3191 5417 3544 5474 multitudinis
3580 5416 3647 5472 ad

2070 5516 2265 5569 malum
2296 5514 2519 5577 ruentis,
2552 5523 2602 5566 ct
2628 5512 2784 5566 simul
2815 5512 3086 5581 rapientis,
3119 5526 3149 5565 a
3175 5512 3409 5566 cruciatu
3438 5522 3523 5561 me
3553 5520 3648 5574 po-

2073 5608 2193 5659 terit
2213 5605 2422 5674 eripere
2442 5604 2466 5658 ?
2489 5604 2701 5659 Sciebat
2726 5604 2887 5666 enim,
2917 5602 3119 5658 sciebat
3162 5600 3360 5670 liquido
3386 5608 3649 5667 quemque

2074 5711 2171 5770 pro
2199 5710 2293 5752 sua
2317 5697 2488 5753 salute
2515 5697 2773 5753 rationem
2792 5695 3119 5752 redditurum
3150 5707 3268 5750 esse
3287 5730 3303 5758 ,
3329 5701 3498 5757 neque
3524 5700 3646 5740 um-
