4074 6134
342 225 440 282 137

339 353 499 408 quam
530 339 664 402 fore,
690 345 751 392 ut
771 337 878 392 alio
906 346 1156 406 peccante
1199 335 1337 390 alius
1379 349 1590 404 poenam
1636 331 1922 397 sustineat,

341 432 426 486 vel
451 429 754 486 mercedem
781 430 1050 483 sortiatur.
1080 428 1282 483 Idcirco
1306 427 1481 496 justus
1521 425 1668 494 quasi
1699 424 1928 477 scintilla

341 522 396 574 in
411 519 586 573 medio
613 516 745 572 mari
765 531 1002 582 versans,
1028 530 1132 570 non
1153 516 1324 570 solum
1347 530 1452 570 non
1473 511 1929 582 exstinguebatur,

341 609 435 664 sed
463 609 698 676 quotidie
719 608 986 680 fulgidiori
1008 607 1126 664 luce
1165 608 1428 679 prodibat,
1452 620 1641 662 omnes
1667 605 1776 661 suis
1803 619 1932 674 ope.

344 701 490 755 ribus
516 700 734 756 docens.

418 791 656 846 Liberum
683 792 967 848 arbitrium.
995 823 1067 834 -—
1092 793 1282 849 Vidisti
1313 791 1580 861 quomodo
1599 790 1679 844 sui
1707 788 1845 859 juris
1879 797 1934 843 et

344 883 552 938 arbitrii
605 893 846 939 naturam
887 893 1124 939 nostram
1154 884 1409 938 Deminus
1457 881 1740 937 formavit?
1781 879 1934 936 Unde

345 975 512 1040 enim,
545 975 660 1041 (lic,
683 991 797 1040 oro,
831 976 904 1029 illi
931 975 995 1030 ad
1015 976 1268 1030 malitiam
1306 975 1683 1046 properabant,
1712 982 1766 1028 et
1794 972 1936 1040 seip-

347 1079 438 1119 sos
471 1066 644 1134 pomis
680 1066 945 1122 faciebant
994 1067 1290 1132 obnoxios;
1323 1067 1421 1122 iste
1461 1075 1640 1121 autem
1685 1065 1935 1120 virtutem

349 1156 598 1226 eligebat,
644 1169 697 1212 et
745 1158 951 1228 fugiens
998 1175 1184 1213 eorum
1237 1159 1570 1222 societatem,
1602 1172 1773 1226 pinna:
1831 1171 1935 1210 non

349 1248 612 1302 obnoxius
644 1247 783 1302 fuit?
812 1249 998 1303 Nonne
1017 1248 1377 1312 manifestum,
1406 1263 1500 1302 sua
1547 1261 1813 1317 quemque
1844 1262 1938 1300 vo-

351 1339 554 1393 luntate
575 1339 656 1393 vel
688 1339 966 1402 malitiam,
992 1340 1073 1393 vel
1107 1339 1354 1392 virtutem
1392 1338 1630 1407 eligere?
1674 1337 1805 1390 Nam
1838 1336 1937 1390 nisi

353 1431 422 1483 ita
444 1440 607 1496 esset,
631 1439 684 1484 et
710 1431 808 1483 nisi
840 1440 1042 1484 naturae
1069 1441 1266 1484 nostra:
1289 1439 1524 1499 potestas
1570 1431 1724 1484 insita
1761 1437 1936 1494 esset,

355 1537 525 1590 neque
556 1522 672 1576 illos
715 1523 906 1591 puniri,
937 1537 1111 1592 neque
1156 1522 1286 1576 istos
1316 1523 1524 1576 virtutis
1551 1523 1765 1590 praemia
1800 1522 1940 1575 acci-

355 1628 482 1680 pere
507 1613 803 1680 oportebit.
822 1614 1013 1667 Verum
1040 1614 1162 1682 quia
1192 1614 1245 1667 in
1272 1625 1451 1668 nostra
1476 1614 1746 1668 voluntate
1773 1623 1940 1666 totum

357 1705 702 1773 postgratimn
726 1706 814 1758 Dei
835 1705 1074 1759 relictum
1097 1715 1197 1771 est,
1225 1705 1344 1758 ideo
1369 1715 1422 1759 et
1449 1705 1790 1774 peccantibus
1818 1721 1949 1772 sup-

354 1795 508 1863 plicia
536 1805 714 1865 parata
747 1805 872 1849 sunt
896 1837 910 1861 ,
943 1806 997 1850 et
1025 1790 1157 1850 bene
1183 1795 1531 1863 Operantibus
1575 1794 1851 1849 mercedes
1891 1803 1946 1848 et

358 1886 594 1954 pra'tnia.
629 1885 689 1938 Et
713 1897 856 1952 erat,
883 1886 1071 1956 inquit,
1108 1885 1223 1939 Noe
1244 1903 1492 1940 annorum
1521 1887 1904 1957 quingentorum
1926 1928 1940 1952 ,

355 1987 403 2029 ct
423 1977 593 2046 genuit
621 1987 718 2030 tres
747 1978 881 2045 ﬁlios
908 1978 1048 2042 Sent,
1074 1976 1234 2031 Citam
1281 1988 1326 2030 et
1363 1976 1609 2046 Japltetlz.
1651 1978 1945 2032 Considera

358 2066 550 2120 divinm
579 2066 870 2136 Scriptura:
901 2070 1313 2122 accurationem.
1343 2069 1626 2139 Postquam
1665 2084 1945 2123 numerum

358 2174 618 2213 annormn
656 2160 783 2229 justi
827 2159 978 2214 nobis
1007 2161 1272 2224 narravit,
1299 2161 1640 2230 exhibuitth
1681 2160 1946 2229 ingentem

363 2252 568 2306 Domini
594 2253 920 2321 patientiam,
943 2253 1133 2307 iterum
1163 2268 1426 2307 summam
1457 2254 1787 2308 tolerantiam
1811 2253 1945 2322 ejus,

361 2353 414 2396 ct
461 2345 708 2414 nequitias
747 2344 1022 2398 hominum
1065 2346 1493 2415 exsuperantiam
1542 2345 1816 2400 declarare
1865 2348 1949 2400 ni-

365 2434 507 2487 titur.

432 2525 488 2578 ‘2.
531 2525 780 2580 Adversus
803 2543 885 2580 cos
905 2528 993 2599 qui
1013 2528 1242 2582 dicebant
1263 2527 1468 2600 angelos
1494 2546 1607 2583 cum
1628 2530 1828 2599 ﬁliabus
1855 2532 1950 2584 lto-

362 2621 556 2670 minam
585 2619 881 2672 commixtos
919 2637 1039 2674 esse.
1066 2651 1138 2660 —
1163 2619 1267 2676 Sed
1314 2622 1592 2676 audiamus
1634 2623 1745 2693 ipsa
1792 2623 1951 2678 verba

367 2709 526 2764 Musis
557 2728 570 2764 :
601 2711 796 2780 Spiritu
845 2712 985 2766 enim
1036 2713 1279 2783 loquens,
1312 2715 1488 2768 omnia
1531 2731 1628 2769 nos
1677 2715 1956 2785 diligenter

367 2798 478 2853 vult
503 2801 759 2855 docere.l
801 2802 948 2873 (Cap.
979 2803 1055 2872 6).
1083 2803 1149 2856 Et
1192 2806 1380 2870 ['actum
1407 2813 1501 2870 est,
1533 2805 1722 2875 inquit,
1751 2807 1955 2876 quando

369 2905 618 2964 ceperunt
675 2894 902 2949 homines
945 2896 1274 2965 multiplicari
1320 2913 1471 2965 super
1501 2907 1713 2961 terram,
1750 2908 1794 2951 et
1835 2899 1958 2966 ﬁlia:

369 2997 508 3039 nuta:
536 2995 652 3038 sunt
681 2986 803 3041 illis.
834 2985 950 3040 Non
996 2988 1196 3055 abSque
1232 2988 1438 3042 ratione
1475 2987 1696 3054 addidit,
1725 2988 1789 3043 Et
1835 2990 1959 3058 lilia:

369 3087 503 3128 naue
527 3085 644 3128 sunt
669 3075 769 3128 illis
798 3091 816 3129 :
845 3076 938 3130 sed
973 3085 1028 3130 ut
1060 3093 1305 3147 magnam
1337 3078 1725 3132 multitudinem
1756 3081 1834 3134 sic
1878 3082 1959 3134 in-

371 3168 627 3222 sinuaret.
659 3168 789 3222 Nam
827 3169 915 3221 ubi
947 3178 1087 3222 tanta
1131 3169 1366 3223 radicum
1397 3179 1479 3224 est
1507 3170 1789 3225 tnultitndo
1811 3213 1826 3238 ,
1864 3188 1962 3228 nc-

369 3276 520 3314 ccsse
550 3271 632 3315 est
654 3261 812 3314 etiam
845 3262 1041 3316 multos
1071 3277 1248 3317 ramos
1274 3266 1472 3318 enasci.
1518 3263 1573 3318 2.
1610 3264 1678 3319 Ut
1706 3267 1957 3335 viderunt,

376 3352 578 3420 inquit,
604 3353 700 3420 lilii
730 3351 826 3405 Dei
870 3354 1005 3422 [ilius
1039 3354 1299 3408 hominum
1332 3357 1466 3425 quod
1492 3351 1720 3427 pulchra:
1755 3371 1914 3414 essent
1942 3403 1957 3428 ,

374 3454 696 3512 sumpserunt
747 3446 841 3499 sibi
888 3463 1068 3500 uxores
1115 3464 1178 3502 ea:
1219 3448 1480 3515 omnibus,
1519 3466 1645 3520 quas
1687 3451 1958 3522 elegerant.

375 3535 622 3605 Singulas
647 3537 907 3592 dictiones
937 3539 1217 3608 diligenter
1244 3541 1646 3597 consideremus
1670 3585 1684 3609 ,
1729 3559 1795 3598 ne
1835 3543 1961 3613 quid

378 3629 430 3682 in
459 3629 620 3684 fundo
650 3631 821 3686 latens
850 3645 948 3685 nos
991 3641 1290 3702 praetereat.
1322 3632 1510 3703 Operte
1559 3634 1785 3701 pretium
1819 3634 1960 3689 enim

383 3721 540 3776 fuerit
578 3722 714 3777 bene
754 3724 978 3778 scrutari
1011 3727 1148 3779 hunc
1178 3724 1373 3792 locmn,
1404 3736 1458 3780 ut
1488 3726 1857 3781 subvertamus
1889 3727 1964 3781 fa-

381 3813 532 3868 bulas
573 3815 749 3868 omnia
802 3814 1192 3870 ineonsiderate
1233 3816 1559 3887 loquentium
1592 3833 1605 3870 :
1639 3828 1691 3872 ct
1735 3820 1962 3888 primum

377 3905 646 3960 efferenda
675 3920 736 3959 ea
765 3922 882 3976 qua:
909 3906 1086 3961 dicere
1114 3907 1332 3974 audent,
1357 3916 1412 3961 et
1446 3917 1736 3962 monstrata
1777 3925 1962 3963 eorum

375 4015 498 4069 qua:
539 4000 608 4054 ab
643 3999 748 4054 illis
781 3999 1034 4054 dicuntur
1059 3999 1413 4063 absurditate,
1443 4014 1728 4069 germanus
1756 4016 1967 4070 quoque

378 4092 670 4160 Scriptura:
711 4106 900 4146 sensus
941 4100 1132 4146 vestrae
1163 4091 1368 4145 caritati
1399 4092 1717 4160 aperiendus
1755 4103 1837 4147 est
1859 4133 1874 4157 ,
1910 4101 1964 4146 ιιι

378 4197 448 4234 ne
477 4181 791 4248 simpliciter
818 4190 870 4235 et
914 4180 1067 4235 facile
1092 4194 1248 4235 aures
1275 4181 1689 4236 accommodetis
1716 4187 1822 4235 tam
1835 4181 1969 4238 blas-

379 4272 578 4344 phema
631 4270 963 4336 dicentibus,
996 4280 1051 4326 et
1077 4271 1357 4327 adversum
1383 4273 1554 4342 capita
1584 4288 1676 4328 sua
1709 4273 1969 4330 blaterare

381 4360 720 4416 audentibus.
749 4361 1006 4416 Asscrunt
1036 4363 1176 4418 enim
1210 4362 1310 4418 hoc
1337 4378 1440 4417 non
1469 4363 1535 4418 de
1563 4363 1865 4418 hominilms
1891 4364 1972 4416 d3-

381 4464 525 4509 etum
553 4467 694 4518 esse,
718 4453 810 4508 sed
837 4453 904 4508 de
931 4454 1133 4525 angelis
1161 4473 1174 4510 :
1200 4454 1309 4510 llos
1330 4455 1494 4527 enim,
1520 4457 1687 4517 aiunt,
1716 4457 1852 4509 lilios
1879 4457 1968 4509 Dei

381 4545 686 4616 appellavit.
721 4545 955 4599 Primum
982 4547 1284 4614 ostendant,
1315 4548 1401 4602 ubi
1443 4549 1614 4617 angeli
1643 4548 1731 4602 lilii
1760 4548 1849 4601 Dei
1878 4563 1971 4616 ap-

385 4638 564 4709 pellati
591 4638 699 4692 sint
721 4637 796 4711 (a)
829 4657 843 4693 :
872 4638 965 4693 scd
997 4655 1100 4693 non
1133 4650 1381 4709 [atterunt
1411 4657 1630 4710 usquam
1652 4651 1970 4696 monstrare.

428 4775 503 4836 (tt)
523 4773 765 4836 Veterum
775 4770 1035 4836 multorum
1047 4785 1092 4833 ot
1113 4773 1211 4820 inio
1225 4770 1309 4836 [nit
1321 4770 1524 4836 angelos
1530 4785 1629 4836 eor]
1639 4785 1792 4820 roreos
1803 4770 1968 4836 fuisse,

390 4832 566 4886 etcum
589 4835 778 4884 filiabus
815 4835 1062 4883 hominum
1083 4832 1202 4881 rem
1229 4833 1491 4895 habuisse;
1529 4832 1734 4895 illosque
1769 4833 1973 4895 angelos

385 4899 576 4968 quidam
611 4905 869 4968 vocarunt,
897 4895 1082 4968 titulos...
1107 4894 1345 4968 Jesephns
1379 4894 1542 4968 Antig.
1571 4893 1665 4942 libi
1686 4895 1715 4968 in
1729 4929 1743 4953 ,
1769 4893 1873 4968 cap.
1899 4894 1967 4966 ἦε

382 4954 522 5009 rimlti
538 4959 697 5021 angeli
726 4958 809 5008 Dei
832 4954 1429 5021 cummulieribusmixti.
1460 4954 1799 5021 ldipsuitilere
1821 4954 1969 5004 Justi-

385 5034 505 5077 nus,
548 5016 912 5080 Athenagoras,
953 5017 1178 5066 clemens
1209 5016 1600 5080 Alexamlrinus,
1637 5018 1973 5077 'I'heognostus

382 5083 507 5143 apud
533 5077 764 5137 Photium,
787 5089 838 5130 et
861 5080 959 5130 alii.
994 5089 1139 5143 Quam
1173 5093 1278 5143 rem
1306 5077 1522 5143 pluribus
1547 5086 1875 5141 persequutus
1898 5088 1973 5129 est

390 5141 873 5205 tesephussealiger
903 5143 952 5190 in
992 5142 1118 5205 notis
1153 5141 1210 5188 ad
1248 5142 1437 5190 liusebii
1470 5141 1731 5190 cln'onicon
1755 5149 1844 5205 1et
1869 5147 1973 5203 post

385 5201 513 5254 eum‘
534 5204 611 5253 alii
638 5201 897 5260 innumeri,
915 5217 1036 5265 quos
1060 5201 1258 5265 longum
1283 5210 1418 5265 esset
1439 5215 1722 5265 recensere.
1747 5201 1972 5265 Cuman-

386 5273 488 5316 tem
507 5269 573 5316 ait
595 5261 976 5328 (.ltt'ysostonitts,
999 5261 1260 5314 ()steailant
1293 5264 1374 5314 ubi
1394 5263 1551 5326 angeli
1573 5261 1664 5327 lilii
1694 5263 1962 5328 [)ei‘uppel-

384 5328 470 5379 lati
509 5327 646 5379 sint."
689 5324 803 5376 illud
840 5327 1036 5390 quidem
1078 5341 1247 5390 verum
1293 5333 1369 5390 est
1405 5324 1500 5374 non
1537 5324 1745 5390 reperiri
1777 5324 1840 5372 ιη’
1865 5331 1971 5390 I.X_X

384 5390 760 5453 lnterpretibus,
786 5384 907 5452 quos
928 5388 1058 5438 solos
1081 5387 1280 5453 legebat
1301 5384 1681 5453 chrysostonms.
1707 5384 1891 5453 Yerum
1925 5387 1972 5433 in

384 5453 509 5503 libro
524 5450 636 5502 'Job.
675 5466 718 5501 c.
759 5450 815 5510 l,‘
837 5467 881 5500 v.
917 5454 980 5510 6,
1006 5450 1169 5514 angeli
1210 5458 1440 5500 vocantur
1477 5451 1527 5499 in
1565 5450 1798 5498 Hebr-uico
1833 5456 1974 5497 textu

383 5516 683 5608 ωπδωσηέ
708 5551 759 5593 et
781 5543 1076 5608 in_\'ulgata,
1102 5540 1191 5605 ﬁlii
1220 5540 1320 5592 Dei.
1348 5540 1658 5608 Nihilominus
1681 5538 1975 5608 _tamen‘_hic

389 5609 540 5668 probe
565 5606 777 5656 confutet
800 5598 1164 5669 tiltrysostonius
1189 5617 1275 5654 eos
1306 5604 1389 5667 qui
1423 5602 1646 5654 dicerent
1680 5601 1827 5651 hosce
1853 5598 1976 5648 ﬁlios

388 5672 470 5720 Dei
497 5670 640 5719 :uisse
667 5668 886 5732 angelos.

1086 229 1140 283 S.
1180 220 1458 279 JOANNIS
1492 215 1965 276 CllRYSOSTOMl
2007 217 2324 274 ARClllEP.
2367 215 2904 274 CthSTANTlNOP.

3519 218 3629 273 183

2037 331 2292 387 llomines
2335 333 2550 401 quidem
2598 333 2690 386 lilii
2738 332 2832 384 Dei
2873 331 2999 384 dicti
3049 341 3204 394 sunt,
3241 330 3414 399 angeli
3445 344 3628 384 autem

2032 439 2342 494 numquam.
2377 424 2534 493 Atqui
2575 423 2643 478 de
2683 423 2889 492 angelis
2917 421 3047 476 dicit
3077 440 3089 475 :
3126 422 3226 488 Qui
3263 423 3384 492 facit
3419 424 3629 492 angelos

2031 532 2148 570 suos
2186 517 2423 587 spiritus,
2452 527 2498 569 ct
2526 516 2781 570 ministros
2821 531 2939 568 suos
2975 516 3235 585 flammam
3266 515 3398 584 ignis
3428 517 3444 581 (
3477 513 3627 568 Psal.

2032 607 2158 662 105.
2187 608 2221 662 4
2247 607 2265 678 )
2291 623 2305 673 ;
2346 608 2413 664 de
2456 608 2762 663 hominibus
2799 616 2976 660 autem
3007 625 3022 662 :
3057 605 3167 678 Ego
3195 605 3305 660 dixi
3329 622 3349 660 :
3379 607 3468 660 Dii
3508 608 3632 660 estis

2035 700 2053 769 (
2081 699 2224 756 Psal.
2253 701 2340 756 8|.
2368 702 2402 756 6
2425 702 2478 772 );
2522 710 2577 756 et
2621 702 2810 756 iterum
2845 719 2857 754 :
2887 700 3051 755 Filios
3089 702 3238 772 genui
3265 741 3280 764 ,
3309 711 3356 754 ct
3407 703 3632 755 exaltari

2035 791 2198 862 (lsai.
2235 794 2280 846 l.
2313 792 2407 861 2);
2452 803 2504 848 et
2562 795 2750 848 iterum
2799 811 2812 846 :
2870 791 3246 864 Pritttogcnilus
3297 794 3434 862 [ilius
3484 811 3632 848 mqu

2035 882 2202 938 Israel
2229 886 2244 951 (
2275 884 2439 938 Exod.
2475 887 2526 940 4.
2557 885 2652 947 2'2)
2687 902 2698 937 :
2732 885 2952 954 angelus
2977 893 3153 938 autem
3181 899 3438 954 nusquam
3467 900 3630 939 voca-

2038 985 2122 1030 tus
2150 985 2232 1030 est
2259 977 2415 1042 lilins,
2451 992 2622 1046 neque
2653 975 2793 1030 lliius
2823 976 2933 1028 Dei.
2964 973 3226 1028 Cmterum
3257 975 3380 1044 quid
3405 975 3630 1029 dicunt?

2039 1069 2302 1133 Profecto,
2334 1071 2506 1140 angeli
2553 1070 2765 1140 quidem
2795 1079 2947 1123 erant
2974 1087 2986 1121 :
3020 1067 3115 1122 sed
3140 1068 3261 1138 quia
3288 1067 3352 1120 ad
3385 1067 3627 1136 iniquum

2039 1161 2141 1215 hoc
2167 1177 2300 1230 opus
2331 1161 2715 1215 descenderunt
2743 1203 2756 1222 ,
2787 1160 3042 1228 dignitate
3070 1173 3162 1211 sua
3191 1157 3514 1212 exciderunt.
3543 1157 3628 1212 En

2039 1252 2232 1305 iterum
2269 1251 2558 1306 fabulosius
2593 1250 2754 1304 aliud.
2787 1251 2994 1318 Ergone
3023 1263 3164 1303 nunc
3192 1248 3542 1312 exciderunt,
3570 1259 3631 1303 ct

2041 1341 2155 1396 haec
2182 1343 2347 1396 rninm
2370 1342 2578 1395 illorum
2600 1357 2756 1396 causa
2778 1343 2800 1393 ἱ)
2825 1340 3019 1394 Verum
3050 1339 3324 1408 Scriptura
3350 1353 3450 1392 nos
3473 1339 3631 1394 aliter

2040 1433 2196 1488 docet
2216 1475 2230 1499 ,
2265 1448 2456 1502 nempe
2481 1443 2763 1502 antequam
2796 1433 3114 1486 iormarctur
3144 1432 3344 1500 primus
3373 1429 3529 1483 homo
3549 1471 3562 1494 ,
3598 1443 3630 1482 a

2041 1540 2134 1578 sua
2169 1524 2424 1592 dignitate
2463 1524 2725 1578 excidisse
2764 1532 2817 1576 et
2842 1522 3109 1576 diabolum
3136 1561 3152 1586 ,
3178 1531 3233 1575 et
3260 1537 3352 1575 eos
3378 1522 3465 1590 qui
3505 1536 3630 1574 cum

2041 1632 2107 1672 eo
2156 1618 2410 1685 majorem
2459 1632 2618 1685 quant
2659 1615 2883 1669 decebat
2925 1614 3236 1683 dignitatem
3286 1614 3630 1666 ambiebant:

2043 1711 2178 1763 sicut
2205 1719 2259 1762 et
2283 1710 2494 1777 sapiens
2524 1709 2738 1778 quidam
2775 1709 2978 1778 inquit:
3007 1706 3208 1760 Invidia
3250 1718 3415 1759 autem
3442 1707 3636 1759 diaboli

2044 1817 2178 1854 mors
2196 1801 2396 1853 intravit
2415 1799 2726 1853 inmundum
2744 1799 2900 1867 (δίῳ.
2923 1798 2979 1851 2.
2996 1795 3112 1868 ει).
3129 1798 3238 1863 Dic,
3260 1813 3462 1866 quaeso,
3479 1797 3632 1862 mihi,

2045 1891 2091 1945 si
2136 1906 2241 1944 non
2282 1900 2404 1944 ante
2451 1889 2644 1943 factum
2687 1888 2956 1942 hominem
2998 1887 3227 1951 excidit,
3259 1888 3528 1957 qumnodo
3580 1889 3634 1942 in

2049 1990 2190 2036 tanta
2213 1980 2468 2050 dignitate
2496 1997 2715 2034 tnauens
2742 1979 2928 2033 invidit
2973 1978 3212 2033 homini?
3241 1979 3518 2044 Quomodo
3547 1996 3636 2031 ra-

2051 2071 2184 2125 tioni
2211 2087 2503 2125 consonum
2532 2079 2613 2126 est
2638 2111 2651 2133 ,
2683 2070 2926 2139 angelum
2959 2069 3329 2138 incorporeum
3348 2112 3362 2131 ,
3385 2078 3436 2122 et
3468 2070 3516 2122 ia
3546 2069 3638 2123 tali

2049 2162 2305 2233 dignitate
2333 2163 2680 2217 constitutum
2707 2204 2721 2228 ,
2753 2161 2950 2215 homini
2986 2160 3222 2215 invidere
3260 2176 3484 2229 corpore
3526 2161 3638 2212 cir-

2050 2255 2368 2310 cumamicto
2389 2255 2411 2308 ?
2434 2254 2537 2309 Sed
2565 2254 2815 2323 quoniam
2851 2269 2879 2307 a
2907 2268 3134 2321 superna
3165 2252 3332 2322 gloria
3377 2252 3426 2305 in
3463 2260 3642 2306 extre-

2052 2363 2193 2402 mam
2218 2347 2560 2416 ignominiam
2583 2345 2825 2415 dejectus
2851 2344 3041 2410 fuerat,
3072 2345 3196 2398 licet
3215 2354 3353 2398 eSSet
3388 2342 3641 2412 incorpo-

2051 2453 2210 2504 reus;
2239 2439 2427 2492 videns
2459 2438 2745 2492 formatum
2773 2436 3065 2501 lmminem,
3097 2436 3149 2490 in
3179 2451 3403 2504 cei-pore
3436 2445 3641 2489 tantum

2054 2532 2311 2588 honorem
2359 2531 2664 2586 Conditoris
2706 2531 3074 2586 benevolentia
3119 2530 3403 2592 sortitum,
3439 2528 3636 2582 invidia

2054 2625 2273 2690 exarsit,
2307 2634 2358 2677 et
2385 2623 2716 2693 deceptione,
2744 2621 2809 2676 ad
2850 2637 3005 2690 quam
3037 2621 3297 2690 serpentis
3321 2636 3481 2687 opera
3514 2633 3644 2673 usus

2055 2725 2157 2782 est,
2186 2715 2452 2770 hominem
2473 2715 2658 2769 mortis
2679 2729 2850 2783 ptume.
2872 2713 3157 2767 obnoxium
3181 2712 3325 2767 feeit.
3341 2712 3483 2766 Talis
3499 2712 3642 2766 enim

2055 2817 2136 2862 est
2167 2807 2399 2872 malitia;
2431 2821 2536 2861 non
2568 2814 2743 2874 potest
2769 2821 2872 2858 non
2896 2804 3126 2872 graviter
3156 2804 3295 2857 ferre
3316 2802 3538 2857 aliorum
3569 2801 3646 2855 fe-

2058 2898 2331 2953 licitatem.
2363 2895 2514 2964 Quod
2557 2896 2714 2966 igitur
2739 2894 2980 2949 diabolus
3007 2903 3062 2949 ct
3101 2893 3274 2947 omnis
3303 2892 3418 2962 ejus
3448 2891 3646 2947 eubors

2058 2990 2186 3045 olim
2211 3004 2242 3042 a
2263 2988 2428 3060 gloria
2456 2987 2543 3042 illa
2569 2986 2884 3052 exciderint,
2903 2994 2956 3041 et
2987 2983 3324 3056 ignominiosi
3355 2983 3643 3049 evaserint,

2060 3079 2400 3134 manifestum
2430 3086 2529 3133 est.
2563 3077 2808 3147 Alioquin
2835 3077 2994 3130 etiam
3022 3085 3216 3143 quanta
3246 3091 3350 3130 non
3376 3075 3647 3128 dementia

2060 3173 2276 3242 plenum
2327 3170 2514 3238 fuerit,
2547 3170 2727 3226 dicere
2769 3170 2990 3240 angelos
3030 3170 3101 3223 ita
3139 3169 3408 3238 dt-jectos,
3441 3179 3495 3223 ut
3525 3184 3645 3222 eum

2062 3262 2374 3318 mulieribus
2415 3277 2526 3317 rem
2572 3261 2864 3325 haberent,
2893 3269 2946 3315 et
2977 3260 3287 3329 incorporea
3331 3261 3416 3313 illa
3461 3269 3646 3313 natura

2061 3356 2402 3424 cepttlaretur
2437 3351 2804 3423 corporibus?
2839 3354 3029 3407 Annon
3069 3352 3220 3406 audis
3266 3352 3544 3405 Dominum
3569 3350 3649 3404 di-

2064 3457 2272 3503 centem
2319 3447 2386 3502 de
2438 3447 2746 3517 angelorum
2797 3446 3092 3501 substantia
3128 3463 3143 3501 :
3184 3444 3248 3499 In
3293 3446 3652 3499 resurrectione

2064 3539 2195 3592 enim
2238 3555 2396 3607 neque
2444 3537 2817 3591 matrimonium
2857 3537 3178 3600 contra/mut,
3213 3552 3372 3602 neque
3413 3538 3649 3597 nubunt;

2065 3633 2153 3686 sed
2177 3643 2292 3687 sunt
2317 3630 2443 3684 sicut
2464 3629 2628 3699 angeli
2655 3628 2745 3681 Dei
2775 3627 2984 3697 (Jlattlt.
3008 3627 3098 3680 9.2.
3133 3627 3222 3682 '50.
3253 3626 3417 3680 .‘llurc.
3442 3627 3523 3680 l2.
3555 3625 3648 3681 25.

2069 3723 2191 3778 Luc.
2223 3723 2312 3778 20.
2345 3722 2432 3789 55)
2457 3721 2481 3773 ?
2506 3720 2687 3792 Neque
2731 3719 2871 3774 enim
2905 3719 3152 3789 possibile
3177 3727 3256 3773 est
3284 3718 3648 3787 iacet-porcam

2068 3825 2328 3878 naturam,
2360 3812 2518 3866 talem
2548 3828 2794 3881 umquam
2819 3810 3305 3879 concupiscentiam
3335 3809 3550 3864 habere.
3573 3809 3649 3863 Ad

2068 3904 2182 3959 haec
2219 3904 2380 3958 etiam
2405 3902 2742 3971 cogitandum
2774 3911 2889 3963 est,
2929 3900 3030 3956 hoc
3071 3901 3318 3954 omnibus
3348 3899 3519 3954 modis
3561 3899 3656 3954 ab-

2067 3994 2438 4050 surdissimum
2471 3991 2632 4046 fuisse
2655 3993 2706 4045 in
2730 3991 2964 4045 animmu
2997 3990 3269 4044 inducere.
3303 3989 3432 4043 Nam
3457 3988 3500 4042 si
3531 4004 3657 4042 sau-

2068 4087 2140 4140 cti
2173 4096 2225 4140 et
2251 4085 2338 4156 qtti
2371 4084 2625 4155 Spiritum
2657 4092 2896 4137 sanctum
2923 4091 3258 4151 acceperant,
3289 4096 3461 4150 neque
3489 4080 3652 4133 visio-

2069 4192 2191 4231 nem
2222 4177 2529 4246 angelornm
2575 4174 2757 4229 videre
2787 4181 3072 4243 potuerunt
3107 4171 3277 4241 (Dan.
3316 4174 3398 4225 lt).
3429 4171 3553 4224 7-ll
3587 4170 3604 4238 )
3640 4189 3654 4223 :

2069 4269 2345 4323 eninivero
2372 4267 2449 4320 vir
2474 4266 2858 4321 desideriorum
2885 4275 3167 4333 conspecta
3205 4263 3378 4334 angeli
3425 4279 3656 4331 prmseu-

2073 4361 2140 4413 tia
2167 4400 2183 4425 ,
2225 4369 2535 4412 nontamen
2578 4357 2892 4421 substantia,
2927 4356 3070 4425 (quo
3113 4365 3265 4424 pacto
3305 4355 3448 4407 enim
3491 4352 3655 4406 videri

2073 4460 2254 4521 posset
2284 4449 2632 4520 incorporalis
2661 4447 3036 4515 substantia?)
3066 4446 3158 4500 sed
3193 4444 3660 4499 translorinatione

2072 4541 2242 4596 solum
2271 4541 2498 4611 quadam
2529 4541 2661 4606 visa,
2695 4554 2880 4608 parum
2918 4536 3085 4592 abfuit
3113 4535 3239 4605 quin
3276 4535 3474 4588 viribus
3497 4533 3664 4586 desti-

2075 4642 2217 4688 tutus
2260 4643 2314 4688 et
2357 4633 2588 4686 animam
2620 4631 2923 4692 amitteret;
2970 4637 3128 4698 atque
3157 4627 3200 4682 si
3235 4636 3409 4680 tantus
3447 4639 3510 4678 ae
3541 4625 3664 4677 talis

2075 4727 2155 4780 vir
2185 4741 2318 4794 pene
2348 4725 2546 4794 absque
2584 4722 2770 4793 spiritu
2797 4720 3027 4790 jacebat,
3061 4720 3176 4788 quis
3206 4719 3365 4772 etiam
3393 4715 3549 4770 valde
3583 4715 3664 4769 in-

2074 4832 2237 4872 sanus
2265 4814 2639 4885 comprobaret
2673 4813 2787 4867 lnec
2831 4810 3137 4880 blasphema
3183 4809 3341 4864 verba
3377 4805 3664 4861 dementia:

2075 4909 2250 4979 plena,
2280 4908 2418 4977 quod
2463 4907 2775 4974 incorporea
2806 4914 2860 4958 et
2890 4900 3178 4971 spiritualis
3207 4908 3396 4954 natura
3420 4896 3666 4966 corporis

2074 5001 2409 5067 complexum
2456 4995 2651 5050 ferret?

2145 5094 2200 5148 3.
2245 5090 2487 5144 flamines
2517 5087 2612 5156 ﬁlii
2655 5085 2750 5140 Dei
2779 5085 2900 5139 dicti
2937 5085 2989 5137 in
3032 5081 3321 5152 Scriptura.
3350 5077 3546 5134 —Sed
3595 5092 3664 5132 ne

2076 5185 2316 5257 pluribus
2347 5184 2444 5237 ista
2473 5181 2802 5237 cxcutieutes
2819 5187 2991 5232 terere
3017 5185 3225 5244 tempus
3241 5172 3536 5232 videamur,
3569 5184 3666 5238 age

2076 5280 2196 5350 quia
2235 5275 2621 5332 sufficientibus
2662 5270 2989 5341 argumentis
3023 5266 3227 5321 caritati
3255 5272 3447 5317 vestra:
3493 5261 3670 5316 decla-

2080 5371 2310 5424 ravimus
2333 5411 2346 5433 ,
2379 5382 2534 5436 quam
2568 5366 2634 5418 sit
2664 5365 2762 5418 hoc
2793 5360 3118 5431 impossibile
3147 5373 3160 5409 :
3195 5357 3482 5410 doceamus
3527 5368 3668 5407 nunc

2078 5479 2195 5531 qum
2222 5461 2296 5516 rei
2329 5460 2396 5514 sit
2435 5459 2663 5520 veritas;
2715 5455 2906 5508 iterum
2957 5462 3131 5505 tamen
3179 5449 3329 5502 lectis
3361 5447 3425 5500 iis
3454 5461 3575 5516 qua:
3615 5445 3665 5497 in

2080 5553 2254 5607 divina
2272 5550 2545 5619 Scriptura
2570 5547 2825 5601 feruntur.
2846 5543 2906 5596 Et
2921 5547 3110 5611 factum
3127 5548 3219 5603 est,
3253 5537 3444 5607 inquit,
3467 5537 3670 5605 quando

2082 5651 2334 5714 coeperunt
2379 5642 2602 5695 homines
2647 5636 2973 5708 multiplicari
3019 5649 3168 5706 super
3214 5641 3420 5698 terram,
3467 5639 3512 5682 et
3549 5629 3672 5698 ﬁlia
