4074 6134
358 244 462 301 187

345 375 491 423 τινος
522 361 813 432 ἐπιτυχεῖν.
849 365 947 417 Διά
990 365 1147 420 τοῦτο
1188 369 1218 421 ό
1252 367 1456 432 δίκαιος
1496 371 1746 442 καθάπερ
1779 375 2010 446 σπινθὴρ

344 455 406 507 ἐν
444 454 595 526 μέσῳ
641 458 870 524 πελάγει
912 461 1213 530 τυγχάνων,
1263 464 1325 516 ού
1354 464 1520 534 ,μόνον
1565 466 1666 520 οὐκ
1701 467 2006 535 ἐσϐέννυτο,

339 550 480 604 ἀλλά
527 552 620 605 καὶ
664 552 783 605 καθ’
815 555 1053 626 ἑκάστην
1096 557 1308 629 ἡμέραν
1347 559 1722 632 λαμπρότερον
1762 563 1914 632 ⁴Ιιλφίει
1949 565 2012 618 τὸ

341 646 495 714 φῶς,
545 648 864 713 διδάσκαλος
918 653 1051 705 πᾶσι
1119 653 1401 724 γινόμενος
1457 655 1548 710 διά
1596 656 1707 710 τῶν
1756 657 1948 712 ἐαυτοῦ
1978 673 2008 701 ι

336 740 534 812 ἔργων.

406 833 560 902 Εἶδες
593 838 672 902 ὡς
714 838 1059 907 αὐτεξούσιον
1105 842 1260 914 ὴμῶν
1307 842 1408 915 τὴν
1458 843 1619 913 φύσιν
1667 846 1695 899 ό
1729 847 2006 919 Δεσπότης

333 931 762 1004 ἐδημιούργησε;
813 936 983 990 Πόθεν
1012 937 1142 1009 γάρ,
1174 937 1294 991 εἰπέ
1343 955 1452 1009 μοι,
1488 940 1685 992 ἐκεῖνοι
1736 941 1836 1011 μὲν
1868 941 2005 1011 πρὸς

331 1029 431 1099 τὴν
459 1029 658 1084 κακίαν
700 1031 975 1098 ἔσπευδον,
1003 1035 1099 1086 καὶ
1127 1037 1192 1106 τῇ
1227 1036 1468 1106 τιμωρίᾳ
1513 1037 1847 1101 ὑπευθύνους
1875 1040 2002 1092 ἐαυ-

327 1127 455 1190 τοὺς
481 1128 769 1196 καθίστων,
782 1126 933 1195 οὗτος
951 1132 1008 1185 δέ
1025 1134 1122 1203 τὴν
1143 1134 1341 1206 ἀρετὴν
1356 1134 1625 1205 ἐλόμενος,
1639 1136 1732 1190 καὶ
1746 1137 1846 1208 τὴν
1865 1138 2001 1208 πρὸς

326 1223 569 1287 ἐκείνους
581 1225 864 1278 κοινωνίαν
881 1226 1087 1295 φυγὼν,
1104 1229 1202 1299 τῆς
1222 1230 1492 1301 τιμωρίας
1513 1235 1708 1302 πεῖραν
1723 1233 1823 1286 οὐκ
1838 1233 2000 1304 ἐλάμ-

323 1317 518 1384 ϐανεν;
543 1321 656 1372 Οὐκ
677 1319 916 1391 εὔδηλον,
949 1323 1032 1375 ὅτι
1046 1323 1136 1377 διὰ
1160 1324 1221 1377 τὸ
1235 1325 1464 1380 ἕκαστον
1479 1327 1656 1398 οἰκείᾳ.
1680 1329 1996 1400 προαιρέσει

323 1415 475 1486 ἢτὴν
502 1417 704 1486 ἀρετὴν
732 1418 1037 1489 αίρεῖσθαι;
1070 1422 1131 1473 Et
1160 1421 1268 1493 γὰρ
1295 1423 1368 1493 μὴ
1396 1423 1552 1477 τοῦτο
1566 1421 1654 1494 ἦν,
1678 1426 1814 1496 μηδέ
1841 1429 1899 1481 ἐν
1925 1429 1992 1498 τῇ

321 1508 481 1576 φύσει
509 1513 575 1581 τῇ
606 1511 846 1584 ἡμετέρᾳ
872 1514 940 1567 τά
973 1516 1070 1584 τῆς
1096 1516 1340 1582 ἐξουσίας
1375 1517 1570 1584 ἔκειτο,
1603 1520 1726 1573 οὔτε
1754 1522 1993 1587 ἐκείνους

319 1605 644 1669 κολάζεσθαι
685 1608 812 1672 ἐδει,
854 1609 976 1663 οὔτε
1019 1611 1240 1677 τούτους
1288 1615 1519 1684 ἀμοιϐὰς
1555 1617 1852 1688 λαμϐάνειν
1893 1619 1992 1691 τῆς

316 1701 520 1772 ἀρετῆς
542 1720 554 1731 ·
583 1702 700 1756 ἀλλ’
731 1704 917 1777 ἐπειδὴ
943 1708 1002 1759 ἐν
1029 1710 1093 1779 τῇ
1129 1711 1441 1782 προαιρέσει
1477 1715 1543 1784 τῇ
1586 1715 1826 1786 ἡμετέρα
1855 1732 1987 1769 κατ-

315 1797 468 1849 έλιπε
500 1799 639 1868 μετά
667 1799 766 1870 τὴν
795 1801 997 1854 ἀνωθεν
1022 1804 1182 1876 χάριν
1210 1805 1271 1858 τὸ
1298 1809 1426 1872 πᾶν,
1449 1807 1537 1861 διά
1563 1809 1718 1862 τοῦτο
1756 1811 1848 1863 καὶ
1875 1815 1988 1876 τοῖς

315 1891 689 1963 ἁμαρτάνουσι
716 1895 963 1960 κολάσεις
991 1898 1331 1964 ἀπόκεινται,
1361 1901 1456 1955 καὶ
1491 1905 1604 1965 τοῖς
1632 1905 1985 1975 κατορθοῦσιν

312 1987 608 2052 ἀντιδόσεις
633 1990 726 2043 καὶ
751 1991 995 2062 ἀμοιϐαί.
1040 1995 1152 2047 Καὶ
1189 1991 1287 2065 ἦν,
1320 1999 1474 2067 φησὶ,
1503 1998 1630 2054 Νῶε
1662 1982 1811 2053 ἑτῶν
1842 2017 1983 2056 πεν-

310 2086 629 2148 τακοσίων,
672 2086 770 2139 καὶ
805 2086 1102 2157 ἐγέννησε
1129 2091 1288 2159 τρεῖς
1323 2093 1513 2159 υἱοὺς,
1557 2094 1666 2148 τὸν
1691 2097 1844 2166 Σίιμ,
1877 2099 1983 2151 τὸν

308 2177 458 2245 Χὰμ,
491 2177 600 2230 τὸν
643 2179 852 2248 Ἰἀφεθ.
891 2183 1087 2236 Σκόπει
1117 2185 1215 2256 τῆς
1243 2184 1392 2250 θείας
1435 2189 1659 2260 Γραφῆς
1686 2192 1786 2261 τὴν
1823 2193 1980 2264 ἀκρί-

307 2272 480 2325 ϐειαν.
530 2273 744 2346 Ἐπειδὴ
789 2277 1083 2349 διηγήσατο
1127 2282 1260 2351 ⁴ἡμῖν
1304 2283 1412 2335 τῶν
1457 2285 1594 2338 ἐτῶν
1631 2287 1723 2339 τοῦ
1769 2287 1976 2344 δικαίου

307 2366 402 2420 τὸν
433 2368 684 2440 ἀριθμὸν,
713 2371 1029 2428 δεικνύουσα
1051 2376 1151 2444 τῆς
1182 2378 1561 2450 μακροθυμίας
1581 2380 1731 2454 [195]
1762 2385 1854 2438 τοῦ
1879 2389 1976 2439 Δε-

309 2463 510 2516 σπότου
534 2465 632 2536 τὴν
665 2467 988 2539 ὑπερϐολὴν,
1020 2470 1264 2540 βούλεται
1295 2473 1458 2528 πάλιν
1481 2477 1576 2529 καὶ
1601 2477 1698 2549 τὴν
1726 2481 1974 2536 ἐπίτασιν

305 2564 405 2634 τῆς
438 2567 785 2633 ἀνεξικακίας
818 2570 910 2623 τοῦ
942 2573 1213 2627 Δεσπότου
1241 2575 1406 2647 δήλην
1443 2579 1574 2650 ἡμῖν
1605 2583 1851 2655 ποιῆσαι,
1882 2589 1972 2640 καὶ

305 2662 407 2730 τῆς
434 2663 631 2727 κακίας
655 2663 763 2718 τῶν
790 2666 1090 2738 ἀνθρώπων
1122 2671 1218 2740 τὴν
1255 2673 1453 2745 πολλὴν
1484 2680 1674 2749 φοράν.

379 2766 446 2836 β’.
481 2770 618 2821 Ἀλλ’
637 2771 954 2843 ἀκούσωμεν
977 2774 1154 2828 αὐτῶν
1173 2778 1280 2831 τῶν
1305 2780 1454 2850 παρά
1469 2781 1562 2834 τοῦ
1586 2786 1860 2849 Μωῦσέως
1872 2791 1970 2859 ρη-

305 2863 504 2916 θέντων
522 2881 535 2894 ·
573 2865 848 2936 Πνεύματι
868 2869 974 2939 γὰρ
1001 2871 1366 2942 φθεγγόμενος
1397 2877 1610 2932 ἅπαντα
1642 2882 1781 2950 μετά
1806 2884 1969 2954 ἀκρι-

305 2957 454 3022 ϐείας
473 2959 620 3029 ἡμᾶς
645 2961 852 3028 διδάξαι
877 2963 1142 3033 βούλεται.
1172 2970 1280 3023 Καὶ
1298 2971 1553 3039 ἐγένετο,
1579 2979 1760 3047 φησὶν,
1783 2979 1968 3047 ἡνίκα

303 3053 562 3120 ἤρξαντο
590 3058 642 3110 ὀί
676 3057 969 3127 ἅνθρωποι
999 3064 1218 3117 πολλοὶ
1259 3068 1528 3135 γίνεσθαι
1550 3072 1650 3124 ἐπὶ
1676 3075 1788 3144 τῆς
1827 3078 1960 3148 γῆς,

302 3151 402 3202 καί
462 3153 781 3220 θυγατέρες
841 3155 1254 3226 ἐγεννήθησαν
1319 3165 1542 3233 αὐτοῖς.
1607 3169 1717 3240 Οὐχ
1778 3173 1963 3240 ἀπλῶς

299 3245 605 3316 προσέθηκε
642 3248 722 3311 τὺ,
772 3251 878 3303 Καὶ
917 3255 1232 3322 θυγατέρες
1270 3258 1685 3330 ἐγεννήθησαν
1739 3271 1960 3338 αὐτοῖς,

300 3341 415 3394 ἀλλ’
446 3341 531 3395 ἵνα
563 3345 622 3395 τὸ
656 3345 787 3397 πολὺ
819 3345 1020 3417 πλῆθος
1063 3352 1196 3420 ἡμῖν
1243 3356 1478 3430 ἐμφήνῃ.
1514 3359 1686 3416 Ὅπου
1729 3366 1835 3437 γὰρ
1873 3386 1962 3421 το-

300 3439 490 3492 σοῦτον
528 3441 588 3493 τὸ
613 3442 718 3494 τῶν
745 3443 913 3514 ῥιζῶν
940 3447 1161 3517 πλῆθος,
1192 3452 1402 3524 ἀνάγκη
1437 3456 1663 3525 πολλοὺς
1687 3464 1960 3521 τίκτεσθαι

298 3536 424 3603 τους
467 3535 711 3600 κλάδους.
779 3540 1023 3606 Ἰδόντες
1075 3545 1160 3608 δὲ,
1193 3548 1374 3618 φησὶν,
1421 3555 1476 3605 οί
1521 3556 1638 3608 υἱοὶ
1670 3559 1775 3613 τοῦ
1814 3564 1961 3619 Θεοῦ

297 3631 402 3697 τὰς
468 3633 791 3701 θυγατέρας
836 3635 953 3690 τῶν
997 3639 1340 3709 ἀνθρώπιον,
1395 3647 1482 3699 ὅτι
1546 3655 1956 3725 καλαί,εὶσιν,

294 3725 517 3780 ἔλαϐον
535 3728 769 3795 ἑαυτοῖς
789 3733 1077 3800 γυναῖκας
1097 3738 1215 3790 ἀπὸ
1237 3741 1449 3795 πασῶν
1469 3739 1556 3798 ὧν
1580 3748 1955 3814 ἐξελέξαντο.

307 3822 576 3892 Ἐκάστην
606 3823 747 3887 λέξιν
783 3826 890 3880 τῶν
918 3829 1222 3900 εἰρημένων
1253 3837 1433 3903 σαφῶς
1481 3848 1955 3920 κατοπτεύσωμεν,

296 3919 384 3971 ἵνα
419 3919 583 3988 μηδὲν
609 3921 755 3990 ἡμᾶς
783 3924 1113 3997 παραδράμῃ
1137 3928 1245 3982 τῶν
1269 3933 1327 3983 ἐν
1361 3933 1438 4004 τῷ
1463 3933 1614 4003 βάθει
1645 3949 1958 4018 κεκρυμμέ-

295 4031 422 4068 νων.
457 4015 566 4067 Καὶ
593 4016 702 4085 γὰρ
729 4017 1023 4086 ἀναγκαῖον
1049 4023 1236 4077 τούτου
1264 4029 1356 4081 τοῦ
1391 4035 1588 4102 χωρίου
1632 4039 1828 4111 πολλὴν

293 4108 518 4180 ἔρευναν
548 4112 889 4180 ποιήσασθαι,
921 4117 1013 4168 καὶ
1037 4118 1334 4191 ἀνατρέψαι
1366 4124 1465 4188 τὰς
1504 4108 1824 4202 μυθολογίας
1849 4108 1954 4195 τιῖλν

295 4207 708 4276 ἀπερισκέπτως
737 4210 909 4262 πάντα
938 4213 1318 4286 φθεγγομένων
1341 4222 1478 4274 "xu!
1502 4225 1715 4295 πρῶτον
1754 4234 1852 4300 μὲν
1873 4238 1953 4288 εί-

294 4301 414 4351 πεῖν
433 4301 572 4370 άπερ
599 4302 773 4372 λέγειν
810 4306 1064 4376 τολμῶσι,
1081 4311 1173 4363 καὶ
1195 4312 1470 4381 δείξαντας
1488 4320 1587 4391 τὴν
1607 4324 1834 4382 ἀτοπίαν
1848 4332 1953 4384 τῶν

296 4396 424 4466 παρ’
441 4398 617 4452 αὐτῶν
644 4401 969 4470 λεγομένων,
999 4406 1140 4460 οὕτω
1159 4409 1250 4463 τὸν
1282 4413 1452 4486 ἀληθῆ
1471 4418 1593 4471 νοῦν
1621 4425 1720 4493 τῆς
1733 4425 1951 4500 Γραφῆς

290 4491 496 4557 διδάξαι
535 4495 632 4566 τὴν
663 4498 931 4569 ὑμετέραν
963 4502 1203 4574 ἀγάπην,
1224 4506 1364 4561 ὥστε
1405 4510 1479 4582 μὴ
1507 4491 1692 4581 ἁπλῶς
1733 4491 1952 4592 ὑπέχείν

289 4585 386 4650 τάς
416 4590 582 4654 ἀκοὰς
623 4597 733 4657 τοῖς
763 4598 831 4648 τὰ
874 4595 1163 4669 βλάσφημα
1196 4603 1374 4656 ἐκεῖνα
1414 4585 1949 4682 φθεγγομένοιςίίιαὶ

289 4686 428 4738 κατὰ
452 4690 550 4756 τῆς
571 4689 777 4744 ἑαυτῶν
808 4693 1048 4763 κεφαλῆς
1077 4695 1314 4766 τολμῶσι
1338 4700 1533 4769 λέγειν.
1565 4709 1700 4762 Φασὶ
1743 4716 1844 4784 γάρ
1867 4717 1946 4772 ὅτι

285 4777 346 4832 οὐ
376 4780 505 4850 περὶ
547 4781 846 4852 ἀνθρώπων
875 4787 1033 4841 τοῦτο
1070 4791 1299 4862 εἴρηται,
1333 4796 1468 4852 ἀλλά
1511 4805 1638 4872 περὶ
1668 4777 1942 4875 ἀγγέλωνο

282 4872 506 4935 τούτους
557 4874 663 4945 γὰρ
710 4879 860 4942 υἱοὺς
902 4882 1037 4936 Θεοῦ
1098 4892 1523 4961 προσηγόρευσε.
1585 4872 1806 4970 Πρῶτον
1848 4909 1946 4973 μὲν

281 4967 632 5035 δειξάτωσαν,
680 4971 783 5025 ποῦ
822 4975 1040 5042 ἄγγελοι
1085 4983 1190 5036 υἱοὶ
1220 4984 1354 5040 Θεοῦ
1399 4967 1942 5070 προσηγορεύθησαν·

281 5061 398 5114 ἀλλ’
436 5063 536 5116 οὐκ
563 5063 629 5117 ἂν
657 5064 832 5135 ἔχοιεν
866 5070 1098 5142 οὐδαμοῦ
1147 5078 1331 5144 δεῖξαι.
1374 5061 1681 5158 ’Ἄνθρωποι
1712 5061 1943 5171 μὲνγὰρ

281 5153 589 5224 ἐκλήθησαν
629 5158 736 5210 υἱοὶ
769 5158 925 5223 Θεοῦ,
969 5165 1183 5233 ἄγγελοι
1223 5171 1278 5225 δὲ
1321 5153 1588 5247 οὐδαμῶς.
1621 5153 1780 5238 Ἀλλά
1819 5153 1943 5261 τ-ξεεξι

283 5252 381 5320 μὲν
413 5253 520 5306 τῶν
566 5255 813 5323 ἀγγέλων
860 5263 1024 5331 φησίν
1051 5280 1064 5294 ο
1109 5265 1161 5317 Ὀ
1219 5271 1404 5326 ποιῶν
1457 5278 1601 5342 τοὺς
1647 5252 1943 5353 ἀγγέίους

277 5347 464 5402 αὑτοῦ
502 5353 826 5420 πνεύματα,
871 5356 966 5408 καὶ
1011 5359 1153 5424 τοὺς
1180 5367 1560 5438 λειτουργοὺς
1597 5376 1780 5431 αὐτοῦ
1827 5399 1939 5436 πυ-

269 5447 382 5514 ρὸς
410 5448 606 5515 φλόγα
625 5467 637 5482 ·
668 5452 795 5521 περὶ¹
832 5451 888 5506 δὲ
930 5454 1037 5506 τῶν
1069 5456 1387 5529 ἀνθρώπων,
1441 5469 1580 5537 Ἐγὼ
1604 5469 1742 5525 εἶπα
1761 5491 1774 5503 ·
1809 5480 1940 5532 Θεοί

335 5637 356 5662 ⁸
379 5639 458 5688 Sic
482 5643 627 5691 εει-ει.
657 5645 822 5696 Mur-el.
855 5658 906 5699 et
941 5651 1106 5701 Monlf.
1129 5657 1278 5706 αὖτῶι
1328 5659 1459 5712 Eon.

563 5747 828 5809 Pnnon.
864 5752 980 5812 Gn.
1017 5755 1174 5818 LI".

1398 257 1464 314 IN
1505 259 1660 316 CAP.
1701 260 1741 316 V
1779 262 1868 321 ET
1906 265 1974 322 VI
2014 267 2262 328 GENES.
2302 272 2539 332 HOMIL.
2579 279 2740 334 XXII.

3691 290 3790 344 188

2117 377 2259 433 ἐστε
2279 397 2291 414 ο
2329 382 2424 436 καὶ
2470 384 2634 438 πάλιν
2654 401 2668 414 ·
2709 373 2882 452 Υίοὺς
2920 385 3240 459 ἐγέννησα,
3280 396 3378 449 καί
3415 397 3634 466 ὕψιωσα
3652 417 3667 433 ο
3696 405 3790 456 καὶ

2117 475 2280 530 πάλιν
2301 494 2316 508 ο
2360 481 2737 548 Πρωτότοκος
2781 485 2914 549 υιός
2951 503 3070 552 μου
3128 489 3372 556 Ἰσραήλ
3391 508 3404 522 ·
3452 494 3680 563 ἄγγελος
3728 497 3789 551 δέ

2113 569 2353 640 οὐδαμοῦ
2406 573 2519 635 υίὸς
2563 575 2786 646 ἐκλήθη,
2826 577 2947 630 οὐδὲ
2982 579 3094 642 υίὸς
3131 583 3287 635 Θεοῦ.
3328 586 3489 640 Ἀλλά
3528 589 3581 641 τί
3615 607 3784 658 φάσις

2112 664 2241 727 Ναὶ,
2271 666 2493 735 ἄγγελοι
2543 669 2644 740 μὲν
2672 667 2812 742 ἦσαν
2829 689 2844 702 ·
2889 672 3024 727 διότι
3051 676 3110 729 δέ
3141 679 3275 749 πρὸς
3325 665 3423 753 τὴν
3471 687 3786 758 παράνομον

2111 759 2316 831 ταύτην
2353 763 2552 834 πρᾶξιν
2605 766 2889 838 κατῆλθον.
2935 772 3035 840 τῆς
3087 771 3243 837 ἀξίας
3288 773 3564 840 ἐξέπεσον.
3616 781 3783 836 Πάλιν

2111 853 2298 924 ἕτερον
2345 857 2770 930 μυθωδέστερον.
2803 862 2868 914 Τί
2897 859 3024 931 οὗνς
3074 865 3170 918 νῦν
3197 868 3472 938 ἐξέπεσον,
3521 875 3614 927 καὶ
3642 875 3779 949 αὕτη

2109 949 2208 1019 τῆς
2241 951 2499 1016 πτώσεως
2530 954 2712 1018 αὐτοῖς
2742 955 2769 995 1³
2801 956 3003 1029 ἐστινὴ
3031 961 3212 1028 αίτία;
3245 965 3355 1018 Καὶ
3385 966 3491 1038 μὴν
3520 971 3552 1039 ἡ
3589 970 3628 1022 Γ
3631 973 3778 1044 ραφὴ

2105 1041 2280 1106 άλλως
2305 1045 2450 1116 ἡμᾶς
2473 1046 2736 1114 διδάσκει,
2757 1049 2838 1102 ὅτι
2859 1052 2953 1106 καὶ
2976 1053 3081 1125 πρὸ
3106 1055 3203 1122 τῆς
3232 1058 3324 1109 τοῦ
3351 1041 3774 1129 πρωτοπλάστου

2103 1136 2459 1210 δημιουργίας
2486 1144 2586 1211 τῆς
2613 1142 2771 1208 ἀξίας
2807 1144 3020 1217 ἐκείνης
3045 1149 3454 1222 κατηνέχθησαν
3483 1157 3576 1208 καὶ
3607 1160 3634 1210 ὀ
3663 1157 3777 1213 διά-

2103 1233 2258 1296 ϐολος
2289 1235 2382 1287 καὶ
2407 1236 2457 1287 οί
2481 1236 2596 1306 μετ’
2624 1237 2812 1306 αὐτοῦ,
2845 1241 3032 1308 μεῖξον
3069 1243 3165 1312 τῆς
3201 1244 3360 1310 ἀξίας
3389 1251 3772 1322 φρονήσαντες,

2109 1328 2358 1400 καθάπερ
2383 1333 2476 1386 καὶ
2509 1335 2670 1403 σοφός
2703 1337 2787 1401 τίς
2819 1355 2986 1409 φησι⁹
3017 1342 3221 1408 Φθόνῳ
3249 1342 3320 1397 δὲ
3355 1348 3462 1400 τοῦ
3490 1349 3774 1410 διαϐόλου

2099 1417 2357 1511 θάνατος
2387 1424 2474 1488 είς
2507 1424 2616 1479 τὸν
2658 1427 2892 1496 κόσμον
2917 1429 3222 1499 εἰσῆλθεν.
3269 1435 3406 1488 Εἰπὲ
3439 1439 3546 1510 γάρ
3578 1459 3688 1511 μοι.
3721 1450 3771 1500 εί

2101 1505 2176 1574 μὴ
2203 1501 2272 1575 ἦν
2303 1508 2410 1578 πρὸ
2436 1509 2535 1579 τῆς
2563 1510 2656 1564 τοῦ
2684 1512 2970 1584 ἀνθρώπου
2999 1517 3358 1590 δημιουργίας
3377 1501 3767 1594 ἐκπεῆωκώς,

2096 1601 2215 1665 πῶς
2252 1603 2319 1656 ἂν
2364 1605 2458 1657 ἐπὶ
2488 1607 2588 1677 τῆς
2629 1607 2784 1674 ἀξίας
2818 1611 2994 1680 μένων
3033 1613 3300 1688 ἐϐάσκηνε
3335 1619 3414 1690 τῷ
3458 1623 3765 1697 ἀνθρώπῳς

2095 1696 2255 1750 Ποῖον
2286 1699 2394 1770 γάρ
2425 1701 2492 1754 ἂν
2539 1702 2652 1773 ἔχοι
2690 1704 2865 1774 λόγον,
2895 1707 3125 1776 ἄγγελον
3165 1713 3434 1787 ἀνθρώπῳ
3475 1719 3764 1794 βασκῆναι,

2093 1795 2186 1848 τὸν
2231 1796 2518 1868 ἀσώματον
2566 1803 2660 1855 καὶ
2718 1805 2774 1858 ἐν
2832 1809 3068 1882 τοσαύτῃ
3113 1817 3247 1885 τιμῇ
3298 1821 3654 1888 τυγχάνοντα,
3683 1823 3764 1894 τῷ

2093 1889 2251 1960 σῶμα
2309 1897 2708 1968 περικειμένῳ;
2769 1899 2905 1953 Ἀλλ’
2963 1903 3150 1976 ἐπειδὴ
3203 1911 3312 1964 ἀπὸ
3354 1894 3472 1985 τῆς.
3501 1889 3762 1974 ἀνωτάτω

2088 1985 2245 2056 δόξης
2267 1989 2346 2051 εἰς
2376 1990 2612 2062 ἐσχάτην
2636 1992 2859 2064 ἀτιμίαν
2905 2002 3235 2074 κατηνέχθη,
3279 2009 3371 2060 καὶ¹
3407 2011 3577 2065 ταῦτα
3616 2015 3761 2068 ἀσώ-

2091 2090 2260 2151 ματος
2302 2082 2397 2146 ὢν,
2439 2082 2543 2140 εἶδε
2570 2087 2627 2140 δέ
2654 2089 2743 2142 τὸν
2771 2089 2919 2164 [196]
2951 2095 3234 2166 ἄνθρωπον
3263 2101 3756 2178 δημιουργηθέντα,

2087 2178 2181 2229 καὶ
2209 2178 2265 2230 ἐν
2320 2178 2535 2249 σώματι
2571 2184 2838 2256 τοσαύτης
2864 2191 3030 2259 τιμῆς
3071 2192 3366 2257 ἀξιωθέντα
3398 2198 3486 2253 διά
3523 2201 3621 2272 τὴν
3661 2221 3756 2257 του

2083 2272 2586 2345 δημιουργήσαντος
2643 2279 3081 2352 φιλανθρωπίαν,
3136 2289 3218 2352 είς
3272 2290 3465 2361 φθόνον
3520 2296 3752 2370 ἐξήφθη,

2082 2368 2176 2418 καὶ
2208 2367 2298 2422 διά
2325 2371 2427 2440 τῆς
2457 2371 2696 2443 ἀπάτης,
2735 2375 2802 2445 ἢν
2830 2377 2918 2431 διά
2960 2379 3051 2433 τοῦ
3084 2382 3260 2451 ὄφεως
3307 2367 3644 2462 προσήγαγε,
3673 2367 3754 2467 τῶ

2080 2461 2174 2515 τοῦ
2209 2461 2441 2520 θανάτου
2474 2469 2749 2540 ,ἐπιτιμίῳ
2804 2473 3100 2530 ὑπεύθυνον
3141 2480 3232 2533 τὸν
3273 2461 3575 2555 ἄνθρωπον
3615 2461 3752 2544 κατί-

2080 2558 2365 2614 εσκεύασε.
2410 2561 2663 2617 Τοιοῦτον
2708 2565 2814 2638 γὰρ
2851 2569 2885 2638 ή
2916 2573 3180 2642 πονηρίω
3220 2577 3282 2630 οὐ
3313 2578 3531 2636 δύναται
3557 2585 3750 2655 πράως

2080 2657 2264 2723 φέρειν
2292 2657 2390 2728 τὴν
2416 2657 2621 2729 ἐτέρων
2661 2660 2978 2734 εὐημερίαν.
3008 2667 3129 2722 Ὅτι
3163 2671 3264 2740 μὲν
3285 2670 3378 2727 οὖν
3401 2677 3566 2731 πάλαι
3591 2681 3694 2734 ,καὶ
3719 2684 3750 2734 ό

2074 2749 2316 2824 διάϐολος
2345 2753 2439 2806 καὶ
2467 2755 2618 2808 πᾶσα
2636 2757 2802 2809 αὑτοῦ
2835 2760 2868 2828 ἠ
2893 2761 3106 2832 φάλαγξ
3133 2765 3196 2819 ἐκ
3232 2771 3329 2838 τῆς
3353 2770 3506 2842 δόξης
3533 2777 3746 2847 ἐκείνης

2073 2845 2350 2911 ἐξέπεσον,
2393 2851 2488 2903 καὶ
2520 2852 2626 2903 τῶν
2659 2853 3025 2924 ἠτιμωμένων
3072 2863 3343 2931 γεγόνασι,
3385 2869 3537 2939 δῆλον
3595 2845 3742 2926 ἀπα-

2076 2961 2160 2997 σιν
2177 2955 2224 2998 ο.
2249 2945 2455 3009 ’Ἄλλως
2474 2947 2531 3000 δέ
2553 2950 2644 3001 καὶ
2669 2950 2826 3014 ποίας
2847 2953 2946 3006 οὐκ
2967 2955 3031 3008 ἂν
3052 2958 3135 3028 εἴη
3159 2962 3339 3026 ἀνοίας
3363 2966 3666 3037 ἀνάμεστον
3685 2973 3745 3026 τὸ

2071 3040 2267 3110 λέγειν,
2287 3043 2369 3096 ὅτι
2396 3031 2615 3113 ἄγγελοι
2645 3047 2778 3118 πρὸς
2807 3053 3091 3107 συνουσίαν
3115 3062 3385 3125 γυναικῶν
3408 3031 3742 3142 κατηνέχθη-

2073 3154 2190 3204 σαν,
2218 3139 2312 3192 καὶ
2335 3140 2367 3208 ή
2393 3140 2686 3212 ἀσώματος
2710 3146 2895 3215 ἐκείνη
2925 3149 3084 3216 φύσις
3110 3154 3243 3224 πρὸς
3270 3157 3368 3228 τὴν
3403 3139 3740 3238 συναλλαγην

2069 3232 2176 3284 τῶν
2197 3235 2460 3304 σωμάτων
2483 3238 2731 3311 ύπήχθη;
2754 3243 2820 3294 Ἣ
2833 3245 2933 3297 οὐκ
2957 3247 3175 3315 ἀκούεις
3198 3253 3290 3306 τοῦ
3310 3256 3547 3326 Χριστοῦ
3566 3232 3739 3331 λέγον-

2067 3346 2159 3394 τος
2181 3334 2309 3403 περὶ
2332 3334 2430 3404 τῆς
2462 3336 2572 3388 τῶν
2601 3339 2846 3408 ἀγγέλων
2869 3343 3057 3409 οὐσίας
3077 3364 3090 3377 ο
3127 3349 3221 3402 Ἐν
3241 3351 3351 3422 γὰρ
3381 3356 3456 3425 τῇ
3477 3360 3739 3417 ἀναστά-

2067 3443 2161 3480 σει
2193 3430 2330 3483 οὔτε
2355 3433 2672 3500 γαμοῦσιν,
2692 3437 2830 3490 οὔτε
2861 3443 3274 3515 γαμίσκονται,
3305 3451 3444 3505 ἀλλ’
3471 3457 3628 3509 εἰσὶν
3656 3460 3727 3528 ὡς

2065 3524 2307 3592 ἄγγελοι
2331 3527 2477 3581 Θεοῦ
2495 3545 2513 3591 ;
2528 3529 2662 3582 υὺδέ
2682 3532 2788 3604 γὰρ
2804 3529 2914 3587 οἷόν
2929 3553 2988 3588 τε
3006 3537 3102 3608 τὴν
3121 3540 3407 3611 ἀσώματον
3424 3549 3584 3615 φύσιν
3599 3524 3735 3606 ἐκεί-

2066 3637 2160 3690 νην
2179 3621 2430 3692 τοιαύτην
2461 3626 2752 3695 ἐπιθυμίαν
2787 3629 3040 3693 δέξασθαί
3075 3652 3224 3690 ποτε.
3269 3641 3412 3710 Πρὸς
3445 3647 3652 3712 τούτοις
3674 3651 3733 3704 δὲ

2065 3721 2283 3774 κάκεῖνο
2297 3724 2542 3793 ἐννοῆσαι
2554 3724 2652 3788 δεῖ,
2665 3727 2746 3778 ὅτι
2761 3729 2935 3800 πάντη
2950 3731 3056 3785 τῶν
3068 3734 3428 3794 ἀτοπωτάτων
3441 3745 3466 3794 ἐ
3476 3746 3556 3797 στὶ
3573 3748 3733 3803 τοῦτο

2063 3813 2313 3879 δέξασθαι
2356 3815 2433 3886 τῷ
2474 3817 2737 3890 λογισμῷ.
2779 3823 2843 3877 Εἰ
2869 3825 2977 3896 γάρ
3011 3830 3058 3880 οἱ
3099 3831 3243 3898 ἆγιοι
3273 3836 3366 3887 καὶ
3417 3839 3731 3911 Πνεύματος

2064 3909 2218 3977 ἀγίου
2263 3909 2551 3981 ἠξιωμένοι
2597 3915 2717 3968 οὐδὲ
2761 3919 3025 3975 ὀπτασίαν
3063 3925 3304 3994 ἀγγέλων
3346 3931 3472 3988 ἰδεῖν
3504 3909 3728 4006 ἴσχυσαν

2061 4005 2179 4075 (καὶ
2204 4005 2310 4077 γὰρ
2325 4009 2352 4059 ό
2372 4007 2511 4078 ἀνὴρ
2526 4009 2632 4061 τῶν
2649 4011 2951 4083 ἐπιθυμιῶν
2975 4016 3304 4090 θεασάμενος
3325 4025 3554 4095 ἀγγέλου
3585 4051 3726 4106 παρ-

2059 4101 2266 4167 ουσίαν,
2283 4103 2384 4156 οὐκ
2401 4104 2569 4175 αὐτὴν
2589 4106 2686 4175 τὴν
2705 4108 2910 4161 οὐσίανο
2940 4112 3056 4176 πῶς
3085 4116 3189 4186 γὰρ
3218 4112 3329 4172 οἷόν
3354 4137 3412 4174 τε
3435 4123 3724 4195 ἀσώματον

2058 4196 2247 4254 οὐσίαν
2281 4198 2439 4264 ίδείν;
2471 4199 2605 4254 ἀλλά
2637 4210 3260 4277 μετασχηματισθεῶαν,
3309 4215 3405 4286 τὴν
3443 4221 3722 4290 ἐνέργειαν

2062 4292 2256 4365 μικροῦ
2281 4293 2388 4346 δεῖν
2414 4295 2508 4347 καὶ
2531 4297 2699 4366 αὐτὴν
2730 4300 2828 4370 τὴν
2843 4301 3020 4373 ψυχὴν
3043 4306 3273 4376 ἀφῆκεν,
3297 4313 3389 4365 καὶ
3417 4314 3445 4364 ὁ
3471 4319 3722 4384 τοσοῦτος

2060 4388 2149 4440 καὶ
2178 4388 2491 4458 τηλικοῦτος
2519 4391 2658 4460 ἀνὴρ
2695 4393 2894 4458 ἄπνους
2931 4401 3116 4467 σχεδὸν
3143 4403 3342 4473 ἔκειτο)
3363 4426 3377 4440 °
3405 4411 3489 4474 τίς
3520 4415 3587 4466 ἂν
3615 4418 3720 4470 κᾶν

2059 4482 2264 4552 σφόδρα
2289 4484 2545 4554 μεμηνὼς
2563 4481 2619 4559 ᾗ,
2643 4491 2989 4556 καταδέξαιτο
3013 4497 3074 4548 τὸ
3109 4498 3423 4573 βλάσφημον
3442 4509 3598 4563 τοῦτο
3626 4513 3716 4584 ῥῆ-

2059 4598 2136 4650 μα
2164 4581 2260 4634 καὶ
2290 4583 2487 4654 πολλῆς
2514 4585 2680 4654 γέμον
2705 4588 2804 4657 τῆς
2827 4590 3030 4656 ἀνοίας,
3063 4595 3144 4648 ὅτι
3178 4598 3520 4672 ηάσώματος
3554 4581 3713 4676 φύσις

2056 4678 2149 4729 καὶ
2178 4677 2338 4748 νοερά
2371 4679 2635 4750 σωμάτων
2667 4685 2982 4758 συμπλοκῆς
3006 4691 3290 4763 ἠνέσχετο,

2122 4814 2191 4874 γ’.
2222 4806 2358 4859 Ἀλλ’
2388 4807 2474 4861 ἴνα
2496 4810 2571 4882 μὴ
2585 4814 2826 4883 ἐπιπολὺ
2852 4817 3022 4874 ταῦτα
3051 4824 3321 4888 κινοῦντες
3339 4830 3428 4880 καὶ
3456 4833 3609 4884 αὐτοὶ
3623 4835 3710 4889 δό-

2053 4900 2230 4970 ξωμεν
2253 4902 2375 4972 εἰκῆ
2397 4904 2487 4956 τὸν
2513 4908 2700 4978 χρόνον
2730 4916 3095 4984 κατατρίϐειν,
3123 4921 3252 4988 φέρε
3282 4924 3463 4996 ἐπειδὴ
3487 4928 3574 4982 διὰ
3601 4934 3710 4986 τῶν

2051 4999 2388 5067 πραγμάτων
2410 5001 2544 5071 ἐπλη
2555 5007 2932 5076 ροφορησαμεν
2955 5011 3106 5079 ὑμῶν
3128 5014 3224 5084 τὴν
3243 5017 3479 5092 ἀγάπην,
3502 5025 3576 5088 ὡς
3600 5030 3709 5083 τῶν

2050 5090 2327 5144 ἀδυνάτων
2356 5094 2513 5146 τοῦτο
2541 5097 2864 5170 καθέστηκε,
2893 5105 2992 5174 τὴν
3030 5107 3285 5177 ἀλήθειαν
3321 5115 3426 5170 τῶν
3455 5119 3602 5188 ἔγχει
3611 5126 3706 5195 μέ-

2049 5195 2156 5232 νων
2201 5181 2498 5252 διδάξωμεν
2536 5186 2696 5256 ὑμᾶς,
2739 5190 2898 5244 πάλιν
2947 5195 3268 5264 ἀναγνόντες
3317 5206 3384 5258 τά
3427 5213 3572 5282 παρά
3610 5181 3705 5286 τῆς

2050 5265 2076 5286 ,η
2119 5269 2130 5286 ,
2225 5273 2263 5286 ﬁ
2380 5274 2404 5285 ,
2504 5279 2514 5286 ,
2651 5280 2661 5286 ,
2874 5285 2879 5286 ,

2049 5265 2198 5334 θείας
2223 5273 2445 5344 Γραφῆς
2471 5279 2750 5348 εἰρημένω
2777 5285 2884 5337 Καὶ
2912 5288 3168 5356 ἐγένετο,
3189 5299 3369 5366 φησὶν,
3391 5265 3570 5370 ἡνίκα

2047 5363 2230 5428 ξαντο
2259 5370 2313 5421 οἱ
2335 5368 2627 5438 ἅνθρωποι
2651 5381 2865 5432 πολλοὶ
2888 5383 3152 5450 γίνεσθαι
3179 5363 3275 5445 ἐπὶ
3306 5363 3424 5462 τῆς.
3451 5398 3582 5467 γῆς,

2108 5623 2135 5661 b
2160 5623 2258 5670 Alii
2281 5630 2364 5682 τῆς
2386 5629 2614 5685 πτώσεως
2639 5632 2808 5682 αὐτῶν.

2112 5685 2132 5710 θ
2160 5686 2304 5732 Savil.
2333 5688 2466 5735 addit
2495 5690 2546 5736 ἐκ
2580 5695 2672 5740 τῶν
2696 5697 2961 5758 εἰρημένων.

3350 5757 3424 5812 12
