4074 6134
436 272 535 329 189

433 397 566 438 nota:
586 395 701 437 sunt
731 383 836 436 illis
862 396 881 434 :
912 392 967 435 ut
1010 381 1239 436 viderunt
1282 382 1377 451 ﬁlii
1420 378 1515 433 Dei
1544 380 1681 448 ﬁlias
1718 378 2015 437 hominum,

431 476 566 545 quod
592 475 819 545 pulchri:
846 484 1026 538 essent,
1055 481 1373 540 sumpserunt
1404 471 1725 539 sibimetipsis
1751 483 1935 521 uxores
1964 467 2024 520 de

432 564 687 628 omnibus,
716 581 843 635 quas
871 566 1144 634 elegerant.
1179 563 1331 617 Prius
1359 562 1636 616 docuimus
1662 574 1789 625 vos,
1818 573 2020 612 morem

437 670 559 710 esse
588 654 897 724 Scriptura,
943 666 999 708 ut
1045 655 1286 708 homines
1318 654 1454 707 ﬁlios
1482 652 1573 706 Dei
1599 660 1774 707 vocet.
1808 650 1875 704 Et
1900 651 2022 720 quia

432 746 515 799 isti
545 760 574 798 a
606 746 772 801 Setho
805 746 1065 815 originem
1095 745 1376 800 trahebant
1400 787 1415 811 ,
1448 754 1502 801 et
1547 745 1614 798 ab
1636 745 1754 813 ejus
1783 744 1892 798 lilio
1931 742 2021 813 qui

430 837 730 903 appellatus
756 846 840 891 est
868 838 1011 891 Enos
1042 855 1054 891 :
1099 837 1229 891 dicit
1253 838 1394 890 enim
1438 854 1451 889 :
1498 835 1606 889 Iste
1628 835 1846 905 speravit
1872 835 2018 887 ἰπνο-

433 943 553 981 care
589 944 771 982 nomen
811 928 1025 983 Domini
1059 927 1157 983 Dei
1194 946 1214 984 :
1243 930 1311 984 ab
1341 931 1431 985 illo
1462 940 1640 998 postea
1666 930 1808 995 nati,
1843 931 2016 983 vocati

430 1029 555 1073 sunt
592 1018 685 1073 lilii
716 1021 810 1074 Dei
850 1021 902 1074 in
945 1021 1141 1075 divinis
1186 1020 1506 1089 Scripturis,
1556 1031 1835 1090 propterea
1878 1020 2018 1090 quod

430 1125 669 1179 eousque
701 1122 975 1180 parentum
996 1114 1244 1167 virtutem
1277 1114 1462 1166 imitati
1484 1122 1644 1165 sunt:
1678 1113 1810 1166 tilios
1838 1123 2017 1165 autem

430 1202 558 1254 Cain
590 1213 643 1255 et
670 1203 760 1272 qui
778 1218 845 1258 ex
868 1220 932 1258 eo
956 1206 1087 1270 nati,
1113 1214 1165 1259 et
1190 1206 1421 1274 quiante
1445 1204 1576 1259 Seth
1601 1204 1764 1273 geniti
1782 1203 2015 1268 fuerunt,

432 1291 573 1347 illius
596 1292 871 1347 hominum
901 1306 1072 1349 vocat.
1100 1294 1318 1349 Factum
1341 1306 1453 1361 est,
1491 1295 1682 1364 inquit,
1712 1311 1825 1347 cum
1852 1310 2017 1364 carpe-

430 1392 547 1435 runt
574 1383 800 1438 liomines
826 1385 1157 1452 multiplicari
1199 1403 1350 1455 super
1392 1394 1581 1439 terram
1605 1425 1621 1449 ,
1662 1399 1708 1437 ε·
1739 1385 1861 1452 ﬁlim
1884 1393 2017 1437 natm

428 1483 543 1526 sunt
569 1474 671 1526 illis
693 1490 713 1527 :
742 1485 796 1527 ut
813 1476 1041 1529 viderunt
1067 1475 1161 1544 ﬁlii
1193 1474 1305 1541 Dei,
1330 1476 1420 1544 qui
1446 1491 1477 1529 a
1512 1475 1639 1530 Seth
1670 1485 1724 1529 et
1761 1476 1830 1528 ab
1870 1474 2014 1530 Enos

429 1565 713 1632 progeniti,
729 1565 865 1634 ﬁlias
885 1566 1165 1633 hominum,
1195 1567 1309 1621 illas
1333 1583 1451 1636 quae
1471 1567 1538 1622 ab
1563 1567 1678 1620 aliis
1703 1575 1840 1620 nata:
1865 1574 2011 1631 sunt,

427 1655 497 1708 de
523 1656 716 1723 quibus
744 1656 877 1711 dixit
903 1658 1047 1727 quod
1091 1658 1247 1712 Filia:
1270 1670 1404 1712 naue
1435 1659 1537 1713 sint
1558 1658 1682 1723 illis,
1718 1658 1867 1725 Quod
1892 1658 2012 1726 pul-

426 1746 566 1799 chra‘:
580 1758 760 1801 essent.
792 1748 923 1803 Vide
948 1751 1218 1819 quomodo
1261 1766 1359 1821 per
1382 1750 1603 1803 verbum
1651 1748 1752 1805 hoc
1797 1764 2011 1804 omnem

429 1838 581 1891 nobis
606 1853 791 1892 eorum
811 1840 1281 1909 intemperantiam
1313 1841 1564 1895 insinuet.
1609 1840 1725 1895 Non
1763 1840 1904 1893 enim
1943 1840 2014 1895 ob

425 1927 752 1983 desiderium
796 1932 1249 1997 procreandorum
1304 1932 1530 1988 filiorum
1575 1932 2010 1998 conveniebant,

428 2018 520 2072 sed
548 2021 619 2072 ob
656 2020 982 2089 voluptatem
1009 2031 1064 2077 et
1106 2023 1568 2092 intemperantiam
1601 2039 1614 2074 :
1651 2021 1718 2077 Ut
1744 2022 1971 2076 uiderunt
1993 2062 2010 2090 ,

427 2111 638 2179 inquit,
665 2111 804 2179 ﬁlias
832 2114 1113 2176 hominum,
1147 2115 1283 2182 quod
1320 2114 1549 2183 pulchr-te
1585 2123 1768 2167 essent.
1806 2114 2014 2168 Concu-

429 2204 684 2271 piscentia
721 2204 937 2259 formze‘
982 2206 1100 2260 illos
1143 2206 1194 2259 in
1236 2206 1374 2260 hanc
1422 2207 1628 2260 induxit
1670 2206 1958 2275 perniciem
1991 2246 2009 2272 ,

430 2295 769 2363 pulchritudo
817 2304 1068 2367 aSpectus
1119 2300 1459 2353 scortationis
1484 2309 1539 2354 et
1585 2298 2011 2368 intemperantiae

422 2388 505 2442 eis
545 2388 756 2442 occasio
801 2388 918 2443 fuit.
972 2391 1037 2444 Et
1088 2406 1258 2460 neque
1298 2390 1351 2444 id
1383 2392 1524 2445 satis
1570 2390 1776 2445 habens
1815 2390 2005 2445 addit:

424 2478 765 2545 Sumpserunt
779 2480 874 2534 sibi
888 2481 1012 2550 ipsis
1040 2498 1222 2535 uxores
1250 2481 1314 2534 de
1328 2482 1576 2547 omnibus,
1596 2498 1720 2554 quas
1736 2484 2006 2552 elegerant:

422 2569 565 2637 quod
590 2572 751 2623 etiam
771 2587 1014 2641 magnam
1044 2572 1255 2627 illorum
1274 2574 1732 2642 intemperantiam
1756 2573 2006 2637 insinuat,

425 2660 569 2728 quod
597 2676 626 2714 a
651 2661 1048 2729 pulchritudine
1074 2664 1200 2718 victi
1234 2673 1378 2729 sunt,
1403 2673 1460 2718 et
1497 2663 1707 2718 frenum
1736 2664 2010 2732 imponere

424 2751 741 2806 inordinata;
765 2754 1210 2823 concupiscentiae
1239 2771 1352 2809 suae
1394 2770 1500 2810 non
1534 2757 1818 2811 valuerunt
1852 2771 1865 2807 :
1912 2753 2007 2809 sed

422 2844 715 2913 spectando
753 2847 891 2915 capti
924 2847 1293 2918 submersique
1322 2856 1467 2911 sunt,
1496 2857 1657 2917 atque
1690 2847 1759 2903 ob
1788 2848 2005 2916 impium

425 2936 526 2989 hoc
556 2952 689 3006 opus
729 2952 957 3007 superna
991 2938 1321 3007 providentia
1362 2953 1483 2993 sese
1520 2952 1718 2993 vacuos
1755 2938 2006 2993 reddide-

425 3039 567 3082 runt.
596 3029 663 3082 Et
682 3039 742 3083 ut
765 3029 1034 3084 discamus
1060 3031 1206 3099 ipsos
1224 3046 1330 3085 non
1356 3032 1472 3101 lege
1490 3032 1816 3101 nuptiarum,
1834 3047 2008 3101 neque

427 3121 875 3188 procreandorum
917 3121 1145 3176 ﬁliorum
1186 3123 1354 3191 gratia
1396 3123 1497 3179 hoc
1540 3125 1759 3188 fecisse,
1790 3134 2009 3193 propter

425 3209 526 3265 huc
540 3210 670 3265 dicit
697 3227 708 3263 :
734 3210 801 3266 Ut
820 3212 1053 3266 viderunt
1071 3215 1207 3282 quod
1233 3214 1461 3283 pulchra:
1487 3225 1665 3279 essent,
1689 3223 2008 3285 sumpserunt

423 3303 742 3373 sibimetipsis
780 3321 963 3357 uxores
1001 3306 1064 3358 de
1090 3305 1319 3359 cornibus
1341 3347 1355 3369 ,
1395 3322 1520 3373 quas
1557 3306 1826 3377 elegerant.
1870 3306 2007 3373 Quid

426 3394 627 3464 igitur?
668 3395 1093 3464 reprchendetne
1131 3397 1321 3466 aliquis
1362 3412 1634 3466 aspecmm
1679 3397 2007 3453 oculorum?

422 3484 539 3539 Non
572 3502 586 3537 :
622 3501 796 3555 neque
820 3486 963 3540 enim
985 3487 1173 3540 oculus
1197 3488 1363 3540 ruinae
1390 3502 1549 3541 causa
1593 3488 1692 3542 fuit
1716 3528 1734 3555 ,
1782 3486 1877 3543 sed
1915 3504 2009 3543 vo.

382 3590 401 3601 ·
423 3580 642 3633 lnntatis
672 3579 987 3649 negligentia
1014 3589 1068 3632 et
1093 3578 1350 3634 ell‘renata
1380 3580 1831 3649 concupiscentia.
1873 3580 2007 3634 Nam

422 3670 609 3724 oculus
640 3679 918 3739 propterea
960 3669 1130 3723 factus
1157 3679 1240 3723 est
1266 3711 1280 3733 ,
1310 3679 1365 3721 ut
1409 3669 1537 3722 dum
1569 3670 1711 3723 videt
1737 3679 2008 3723 creaturas

426 3761 542 3826 Dei,
584 3761 815 3831 ipsarum
844 3761 1185 3816 Conditorem
1216 3760 1470 3815 celebret.
1506 3762 1684 3831 Itaque
1709 3764 1846 3816 oculi
1874 3777 2008 3833 opus

422 3864 506 3908 est
530 3855 712 3909 videre
745 3871 758 3906 :
799 3855 939 3909 male
975 3864 1154 3908 autem
1189 3853 1371 3908 videre
1395 3895 1408 3917 ,
1449 3868 1480 3906 a
1520 3861 1699 3908 tuente
1723 3864 1839 3919 cst,
1888 3871 2008 3924 qua:

423 3945 746 4000 intrinsecus
766 3946 1046 4015 gubernat.
1091 3944 1224 3999 Nam
1264 3944 1503 3999 membra
1544 3955 1723 3998 nostra
1751 3944 1897 3999 utilia
1938 3945 2006 4001 ad

420 4038 620 4090 bonum
651 4037 979 4105 operandum
1004 4035 1215 4091 condita
1238 4046 1361 4090 sunt
1383 4051 1413 4090 a
1442 4036 1666 4090 Domino
1686 4079 1700 4099 ,
1728 4046 1783 4091 et
1809 4038 2006 4105 guber-

423 4130 535 4181 nari
565 4145 626 4181 ea
663 4130 927 4184 concessit
953 4130 1021 4183 ab
1048 4130 1359 4198 incorporea
1388 4128 1705 4191 substantia,
1736 4129 1803 4184 de
1831 4130 2006 4184 anima

421 4220 563 4273 dico.
610 4220 898 4288 Postquam
921 4231 1101 4275 autem
1129 4221 1245 4274 hanc
1269 4220 1541 4290 negligens
1567 4236 1708 4287 esse,
1736 4230 1794 4275 et
1840 4221 2007 4276 habe-

425 4326 520 4365 nas
550 4313 729 4367 laxare
770 4314 992 4383 emperit
1015 4354 1030 4378 ,
1074 4314 1520 4383 quemadmodum
1551 4314 1731 4383 auriga
1762 4315 2007 4371 nesciens

421 4416 681 4472 equorum
724 4402 977 4457 ferociam
1002 4418 1347 4477 compescere
1370 4446 1387 4471 ,
1419 4405 1657 4459 remissis
1701 4404 1867 4460 frenis
1890 4446 1905 4469 ,
1954 4417 2009 4460 et

423 4510 588 4563 equos
613 4511 831 4550 currum
862 4496 1135 4551 trahentes
1164 4507 1218 4550 et
1245 4498 1482 4567 seipsum
1519 4499 1571 4552 in
1609 4512 1846 4567 praceps
1875 4498 2008 4568 deji-

421 4584 530 4637 cit:
564 4585 642 4639 sic
670 4584 827 4653 plane
851 4594 904 4639 et
930 4586 1177 4640 voluntas
1224 4595 1402 4641 nostra
1439 4586 1866 4657 quandoquidem
1914 4603 2010 4642 ne-

421 4674 522 4728 scit
565 4674 821 4731 membris
864 4684 923 4730 ut
968 4684 1180 4746 oportet
1218 4678 1324 4741 uti,
1374 4678 1687 4735 inordinatis
1728 4679 2007 4750 indulgens

420 4766 865 4831 concupiscentiis
893 4767 1126 4836 seipsnm
1154 4768 1465 4839 submergit.
1515 4769 1802 4838 Propterea
1831 4773 2009 4826 Domi-

423 4868 526 4907 nus
558 4865 739 4908 noster
763 4857 1028 4925 Christus,
1052 4860 1227 4914 sciens
1239 4860 1476 4929 fragilem
1504 4872 1739 4916 nostram
1760 4874 2006 4919 naturam

420 4955 473 4999 et
503 4946 793 5001 voluntatis
816 4948 1209 5020 negligentiam,
1238 4953 1409 5023 legem
1441 4957 1611 5023 posuit
1636 4972 1756 5027 quae
1778 4958 2010 5012 muniret

419 5051 485 5089 ac
512 5034 822 5104 prohiberet
850 5040 1112 5095 curiosam
1143 5044 1659 5112 considerationem,
1689 5057 1749 5102 ut
1783 5064 2007 5104 nascens

421 5126 474 5179 in
495 5125 648 5180 nobis
662 5126 985 5193 incendium,
1003 5146 1122 5185 cum
1144 5133 1317 5188 adhuc
1348 5137 1527 5204 procul
1552 5147 1656 5202 est,
1672 5139 2003 5209 exstinguat;

419 5227 473 5272 et
502 5219 575 5273 ait
600 5233 617 5272 :
650 5217 751 5284 Qui
780 5220 962 5288 aspicit
987 5221 1264 5286 mulierem,
1292 5235 1348 5279 ut
1367 5229 1687 5295 concupiscat
1712 5231 1873 5293 illaut,
1893 5234 2006 5302 jam

420 5310 726 5364 adulterium
752 5311 1002 5364 commisit
1025 5328 1138 5365 cum
1166 5314 1256 5366 illa
1282 5317 1335 5368 in
1378 5320 1530 5370 corde
1570 5336 1662 5373 suo
1691 5320 1710 5391 (
1734 5320 1918 5375 Matth.
1950 5325 2002 5378 5.

421 5399 535 5470 28).
577 5402 802 5472 Propter
843 5401 987 5467 hoc,
1036 5402 1224 5472 inquit,
1272 5406 1531 5462 interdico
1580 5410 1732 5465 Vobis
1764 5413 2003 5468 illicitum

420 5491 591 5544 visum
616 5534 630 5555 ,
680 5502 735 5546 ut
764 5493 832 5547 ab
861 5508 1023 5563 opere
1055 5493 1238 5550 illicito
1282 5510 1377 5550 vos
1419 5497 1660 5555 liberem.
1705 5500 1783 5555 Ne
1811 5513 1959 5572 putes
1986 5545 2001 5569 ,

484 5670 502 5700 ⁸
540 5670 663 5727 Vox,
681 5672 875 5737 fornae,
900 5673 1043 5725 deest
1067 5676 1115 5723 in
1141 5675 1426 5738 quibusdam
1446 5685 1550 5731 Mss.

1271 265 1336 320 ΙΝ
1374 267 1525 322 CAP.
1572 266 1632 318 ι’.
1678 264 1763 319 ΕΤ
1819 262 1902 315 VI.
1956 255 2207 313 GENES.
2245 257 2473 317 HOMIL
2521 260 2683 315 XXII.

3623 279 3727 333 190

2134 369 2319 439 inquit.
2350 386 2639 440 congressu
2673 374 2846 429 Solum
2870 390 3143 444 peccatum
3173 382 3280 435 tier;
3312 403 3323 438 :
3358 386 3610 447 voluntas
3644 404 3727 447 est

2125 476 2245 527 qua:
2289 463 2699 519 condemnatur.
2751 465 2913 535 Igitur
2955 480 3009 523 et
3053 470 3105 523 hi
3146 473 3271 525 visae
3310 478 3728 545 pulchritudinis

2126 554 2431 619 spectaculo
2471 559 2608 626 capti
2652 568 2795 612 sunt.
2849 560 3089 616 Viderunt
3132 567 3299 634 enim,
3347 571 3556 641 inquit,
3584 589 3725 648 quod

2126 640 2353 708 pulchrae
2391 657 2571 711 essent,
2603 658 2652 701 et
2679 663 2997 719 sumpserunt
3021 655 3115 709 sibi
3141 674 3322 714 uxores
3364 640 3430 716 ac
3465 640 3719 732 omnibus,

2124 750 2249 801 quas
2298 737 2568 807 elegerant.
2619 740 2725 795 Sed
2772 742 3050 802 videamus
3096 750 3259 804 etiam
3308 763 3430 821 post
3480 756 3720 815 illicitent

2125 823 2334 879 illorum
2362 831 2747 896 operationem.
2790 844 2846 889 et
2873 837 3318 907 intemperantem
3341 848 3581 903 animum
3618 853 3721 906 Do-

2123 915 2254 969 mini
2287 918 2377 973 Dei
2397 919 2711 976 bonitatem.
2742 924 2796 978 5.
2824 924 2988 993 Dixit,
3019 929 3225 1000 inquit,
3258 934 3511 994 Dominus
3540 940 3676 996 Deus
3696 961 3718 999 :

2128 1004 2247 1060 Non
2275 1011 2584 1076 permanebit
2609 1013 2837 1081 Spiritus
2870 1034 3008 1073 meus
3035 1020 3088 1073 in
3114 1021 3401 1080 hominibus
3433 1029 3513 1084 liis
3540 1032 3593 1084 in
3621 1049 3718 1087 ste-

2122 1098 2313 1162 culum,
2337 1117 2394 1154 eo
2413 1104 2550 1172 quod
2571 1105 2668 1170 ipsi
2697 1122 2873 1162 carnes
2903 1110 3022 1164 sint.
3053 1112 3218 1168 Erunt
3248 1128 3413 1175 autem
3437 1123 3545 1179 dies
3571 1127 3713 1195 ipso-

2122 1205 2233 1242 rum
2260 1202 2459 1246 centum
2480 1195 2656 1265 viginti
2676 1200 2817 1254 anni.
2859 1201 2956 1257 llic
2985 1205 3036 1259 in
3073 1210 3254 1275 paucis
3285 1213 3462 1269 verbis
3486 1218 3710 1290 abyssus

2122 1281 2501 1341 misericordia:
2532 1288 2695 1343 videri
2726 1302 2923 1360 potest.
2969 1294 3037 1349 Et
3062 1300 3213 1364 dixit.
3244 1303 3433 1374 inquit,
3460 1281 3710 1366 Dominus

2120 1369 2260 1427 Deus
2291 1389 2310 1427 :
2335 1374 2458 1430 Non
2486 1382 2796 1448 permanebit
2818 1385 3044 1453 Spiritus
3068 1407 3206 1444 meus
3233 1394 3285 1448 in
3313 1369 3600 1456 hominibus
3633 1405 3716 1459 his

2119 1462 2173 1516 in
2197 1468 2458 1533 sacculum,
2484 1486 2541 1523 eo
2573 1474 2709 1540 quod
2727 1475 2826 1545 ipsi
2852 1493 3030 1534 carnes
3052 1482 3177 1537 sint.
3215 1484 3471 1555 Spiritum
3503 1491 3589 1545 hic
3620 1510 3715 1563 po-

2124 1557 2340 1612 tentiam
2369 1576 2541 1625 suam,
2565 1580 2667 1633 qua
2692 1582 2874 1622 curam
2904 1573 3071 1626 nostri
3101 1576 3245 1643 agit,
3286 1593 3472 1644 vocat,
3497 1557 3711 1641 illorum

2122 1644 2397 1703 interitum
2427 1656 2811 1721 praenuntians.
2840 1658 2924 1727 .Et
2952 1671 3004 1715 ut
3031 1664 3171 1718 scias
3203 1666 3302 1721 hac
3325 1669 3393 1724 de
3419 1687 3479 1727 re
3506 1689 3713 1729 sermo-

2121 1752 2241 1795 nem
2265 1738 2471 1805 haberi,
2501 1744 2623 1800 vide
2647 1747 2772 1815 quid
2798 1749 3077 1808 subdatur.
3110 1754 3189 1809 Eo
3209 1760 3345 1825 quod
3374 1761 3499 1830 ipsi,
3520 1765 3709 1836 imptit,

2118 1845 2296 1884 carnes
2324 1833 2425 1885 sint
2465 1848 2485 1887 :
2528 1834 2629 1893 hoc
2672 1847 2782 1904 est,
2827 1855 2894 1896 eo
2930 1846 3071 1912 quod
3118 1851 3420 1907 carnalibus
3461 1833 3711 1924 operibus

2118 1923 2325 1989 seipsos
2352 1935 2492 1981 totos
2518 1927 2735 1997 dedant,
2764 1940 2821 1986 et
2845 1935 3038 1990 auium:
3076 1940 3371 1997 substantia
3397 1923 3707 2016 abutantur.

2117 2020 2173 2064 et
2200 2014 2351 2080 quasi
2391 2016 2505 2070 sola
2536 2033 2698 2075 carne
2738 2022 3053 2082 circumdati
3096 2032 3272 2088 anima
3320 2051 3598 2108 carerent,
3631 2014 3710 2099 sic

2120 2102 2281 2159 vitam
2320 2122 2473 2162 suam
2518 2111 2820 2170 absumant.
2879 2117 3172 2189 Perpetuus
3213 2128 3357 2181 enim
3418 2102 3708 2203 Scriptura:

2121 2208 2240 2250 tuos
2268 2206 2370 2262 est,
2402 2214 2622 2256 carnem
2650 2218 2842 2262 vocare
2868 2213 3144 2267 carnales:
3173 2216 3310 2272 sicut
3348 2221 3544 2279 virtute
3571 2244 3705 2292 prau—

2118 2294 2364 2353 stantes,
2413 2292 2591 2346 carnis
2634 2306 2883 2364 expertes
2930 2303 3209 2359 nominat:
3254 2314 3704 2377 quemadmodum

2117 2373 2312 2429 Paulus
2331 2377 2461 2432 dicit
2483 2397 2495 2431 :
2528 2380 2627 2436 Vos
2649 2393 2817 2441 autem
2842 2404 2943 2442 non
2954 2392 3076 2447 estis
3101 2394 3155 2448 in
3175 2373 3326 2451 carne
3348 2399 3522 2470 (Rcui.
3546 2406 3601 2461 8.
3626 2410 3699 2475 9):

2116 2481 2222 2521 non
2263 2469 2404 2538 quod
2450 2486 2557 2527 non
2599 2489 2763 2533 carne
2807 2479 3121 2539 circumdati
3169 2469 3390 2557 essent,
3440 2496 3537 2548 sed
3582 2469 3700 2565 quia

2113 2573 2275 2615 carne
2299 2562 2635 2630 circumdati,
2650 2571 2953 2638 superiores
2971 2585 3121 2630 erant
3138 2582 3443 2638 carnalibus
3460 2562 3702 2643 allectio-

2115 2652 2272 2707 nibus
2299 2663 2355 2708 et
2371 2656 2639 2713 sensibus.
2662 2659 2793 2715 Nam
2824 2664 2960 2719 sicut
2991 2666 3108 2722 istis
3130 2670 3342 2728 dicebat
3374 2693 3387 2727 :
3417 2675 3518 2732 Vos
3535 2692 3705 2739 autem

2114 2758 2215 2797 non
2238 2746 2355 2800 estis
2380 2747 2434 2800 in
2462 2764 2631 2814 carne,
2664 2765 2731 2805 eo
2750 2754 2895 2821 quod
2924 2760 3158 2815 carnalia
3189 2762 3552 2833 deSpicicbant
3581 2788 3597 2825 :
3630 2773 3702 2827 ita

2114 2844 2167 2887 et
2194 2834 2261 2889 de
2290 2836 2395 2893 illis
2424 2838 2636 2907 dicitur,
2659 2844 2801 2909 quod
2824 2846 2929 2899 sint
2957 2862 3148 2905 carnes
3169 2892 3182 2913 ,
3209 2868 3276 2907 eo
3304 2858 3443 2924 quod
3469 2838 3707 2919 carnali-

2116 2923 2217 2978 bus
2245 2925 2405 2982 rebus
2431 2933 2685 2984 continuo
2711 2933 2817 2986 sint
2844 2940 3108 3006 occupati.
3144 2938 3221 2994 Eo
3248 2923 3383 3013 quod
3405 2947 3504 3015 ipsi
3527 2966 3701 3006 carnes

2112 3014 2235 3080 sint,
2265 3031 2369 3070 non
2401 3018 2540 3073 ultra
2560 3022 2850 3077 concedam
2879 3026 2957 3081 eis
2981 3038 3037 3081 ut
3064 3034 3295 3098 peccatis
3320 3014 3433 3090 suis
3463 3039 3704 3112 coinqui-

2116 3116 2325 3160 nentur.

2183 3198 2236 3250 4.
2271 3197 2454 3253 Vidisti
2497 3201 2873 3272 indignationis
2902 3211 3363 3278 magnitudinem?
3390 3219 3564 3274 vidisti
3597 3225 3699 3278 mi-

2114 3304 2300 3344 narum
2333 3292 2771 3351 vehementiam?
2812 3300 3109 3357 Considera
3138 3306 3296 3360 etiam
3323 3313 3592 3378 quomodo
3618 3315 3702 3369 in-

2116 3380 2474 3438 terminationi
2501 3395 2553 3440 et
2580 3387 2926 3457 indignationi
2951 3393 3369 3453 miscricordiam
3394 3401 3698 3463 admiscuit.

2113 3472 2259 3528 Talis
2288 3475 2429 3529 enim
2471 3486 2554 3531 est
2585 3478 2843 3535 Dominus
2886 3485 3068 3539 noSter
3096 3502 3111 3539 :
3142 3489 3375 3543 minatur
3400 3508 3566 3561 Stepe,
3599 3513 3699 3551 non

2115 3574 2173 3617 ut
2192 3579 2353 3633 opere
2367 3568 2853 3648 cotnplwtpninas,
2881 3574 2976 3628 sed
2997 3584 3053 3629 ut
3076 3580 3333 3634 correctis
3359 3583 3513 3639 nobis
3532 3589 3698 3642 minus

2115 3671 2218 3711 non
2246 3656 2312 3711 ad
2338 3672 2471 3726 opus
2496 3661 2770 3728 perducat.
2813 3665 3025 3735 Alioqui
3057 3667 3102 3720 si
3147 3671 3337 3738 punire
3367 3676 3558 3741 vellet,
3605 3696 3698 3733 cur

2116 3748 2467 3815 prmdiceret?
2509 3750 2614 3805 Sed
2645 3754 2766 3821 quia
2795 3770 2899 3809 non
2928 3757 3073 3823 vult,
3109 3775 3322 3830 semper
3346 3776 3624 3823 cunctatur
3647 3782 3699 3827 et

2117 3855 2322 3893 moram
2353 3843 2534 3907 nectit,
2559 3853 2613 3897 et
2633 3844 2833 3911 dill'ert,
2862 3856 2917 3901 et
2944 3849 3202 3917 praedicit,
3233 3856 3569 3912 occasionem
3598 3863 3700 3917 reis

2113 3940 2395 3998 praestans,
2423 3941 2482 3986 ut
2511 3932 2760 4003 fugiendo
2789 3938 3043 3994 malitiam
3070 3950 3124 3996 e’t
3150 3946 3401 4000 sectanda
3432 3950 3701 4017 virtutem,

2114 4039 2304 4093 ptenas
2333 4041 2437 4079 non
2464 4030 2827 4095 experiantur.
2870 4030 3051 4101 Itaque
3082 4046 3363 4105 postquam
3386 4042 3666 4099 intermina
3686 4073 3704 4083 ο

2118 4124 2200 4168 tus
2252 4124 2334 4171 est
2372 4116 2495 4170 illos
2537 4133 2596 4173 se
2634 4122 3061 4178 exterminationi
3104 4129 3337 4193 generali
3384 4133 3699 4191 traditurum

2112 4206 2241 4276 (hoc
2268 4209 2409 4262 enim
2435 4218 2537 4275 est,
2556 4209 2677 4265 Non
2706 4214 3013 4281 permanebit
3044 4216 3270 4285 Spiritus
3301 4237 3436 4276 meus
3456 4224 3507 4279 in
3537 4227 3701 4279 homi-

2112 4298 2259 4351 nibus
2293 4299 2403 4353 istis
2423 4342 2437 4365 ,
2479 4317 2539 4355 eo
2567 4303 2702 4371 quod
2742 4304 2842 4372 ipsi
2878 4306 2979 4359 sint
3008 4323 3186 4363 carnes
3217 4326 3237 4363 :
3278 4326 3342 4365 ac
3372 4314 3415 4365 si
3461 4314 3702 4382 diceret,

2114 4389 2229 4442 Non
2252 4390 2425 4444 sinam
2454 4392 2574 4447 illos
2605 4394 2826 4462 posthac
2852 4398 3077 4468 vivere),
3109 4416 3213 4455 non
3243 4415 3525 4460 contentus
3549 4410 3700 4476 quin-

2113 4493 2392 4551 gentorum
2419 4500 2682 4539 annorum
2711 4488 2965 4556 patientia
2983 4530 2998 4555 ,
3030 4508 3134 4560 qua
3165 4509 3259 4562 per
3293 4511 3507 4552 onmem
3537 4501 3697 4554 vitam

2115 4572 2246 4639 Noe,
2296 4576 2481 4629 audito
2518 4576 2658 4631 illius
2691 4579 2908 4634 nomine
2933 4580 3280 4651 docebantur,
3330 4603 3473 4643 nunc
3506 4589 3696 4645 iterum

2116 4663 2430 4733 protrahens
2450 4674 2506 4719 et
2528 4665 2781 4723 differens
2801 4668 3241 4740 indignationem,
3270 4676 3411 4730 aliud
3434 4678 3539 4732 illis
3566 4691 3700 4733 tein-

2116 4769 2213 4822 pus
2240 4755 2541 4822 prtescribit
2564 4766 2616 4810 et
2640 4758 2769 4812 dicit
2796 4774 2809 4810 :
2841 4758 3216 4817 Interminatus
3245 4779 3386 4831 sum,
3418 4776 3472 4821 et
3496 4767 3605 4821 dixi
3644 4779 3699 4821 et

2118 4845 2288 4915 palam
2318 4846 2417 4903 ieci
2441 4865 2612 4904 meam
2642 4851 3077 4921 indignationem,
3109 4872 3266 4925 quam
3303 4858 3373 4911 ob
3397 4861 3696 4918 multitudi-

2117 4956 2237 4993 nem
2284 4952 2625 5010 peccatorum
2653 4983 2671 5008 ,
2720 4960 2839 5012 quae
2878 4948 3081 5015 operati
3112 4950 3242 5003 estis
3265 4990 3280 5014 ,
3336 4951 3487 5006 vobis
3517 4953 3698 5009 inferri

2110 5033 2315 5099 justum
2361 5042 2443 5087 est
2490 5050 2505 5087 :
2557 5034 2651 5088 sed
2679 5035 2800 5103 quia
2847 5036 3009 5091 etiam
3055 5053 3150 5093 eos
3196 5041 3284 5109 qui
3336 5041 3700 5102 iucurabiliter

2117 5132 2490 5189 peccaverunt,
2526 5124 2753 5181 salutem
2783 5126 3035 5197 consequi
3066 5129 3205 5194 volo,
3238 5132 3548 5203 nullumque
3580 5151 3699 5204 per-

2116 5215 2214 5278 ire,
2245 5215 2443 5270 idcirco
2470 5216 2617 5271 vobis
2648 5218 2894 5288 indulgeo
2918 5231 2971 5275 et
3016 5231 3223 5292 tempus
3263 5238 3476 5281 centum
3514 5230 3696 5299 viginti

2112 5322 2372 5361 annorum
2403 5307 2477 5378 (α)
2506 5324 2519 5361 :
2553 5317 2630 5373 ut,
2661 5310 2705 5364 si
2737 5310 3007 5366 volueritis
3031 5354 3045 5377 ,
3080 5325 3135 5367 et
3168 5328 3381 5383 peccata
3419 5319 3699 5375 ablueritis

2175 5504 2247 5562 (α)
2274 5501 2412 5561 Quod
2445 5501 2525 5569 blc
2561 5504 2814 5569 subjuagit
2842 5506 3231 5569 chrysostomus,
3268 5510 3376 5560 illos
3407 5521 3601 5560 centum
3626 5515 3698 5558 vi-

2112 5566 2233 5636 ginti
2275 5577 2427 5612 annos
2463 5564 2513 5636 in
2549 5564 2725 5615 Genesi
2746 5564 3065 5636 fmgmoratos
3108 5564 3301 5636 tenuius
3344 5572 3555 5636 indicare
3599 5586 3695 5636 quo

2112 5627 2345 5675 diluvuum
2369 5633 2627 5675 venturum
2653 5635 2773 5694 erat,
2801 5626 3017 5691 illudque
3036 5626 3242 5691 Spatium
3266 5634 3393 5694 quod
3419 5626 3696 5683 ιιιιυιιοιρὲεῑῐ

2114 5702 2143 5738 a
2167 5696 2391 5751 tempore
2413 5700 2511 5751 quo
2533 5695 2663 5739 Deus
2697 5688 3186 5756 diluvittm'pra-dixit
3203 5725 3221 5753 ν
3258 5688 3316 5742 sd
3351 5694 3508 5755 ipsum
3533 5703 3688 5753 usque
