4074 6134
349 264 449 324 I91

352 374 718 450 resipiscenilo
741 382 900 444 atque
933 370 985 423 in
1022 368 1242 423 meliora
1262 380 1368 420 vos
1396 362 1785 428 convertendo,
1819 373 1935 414 nec.

355 488 461 526 non
483 468 669 525 virtuti
701 462 1043 525 studuerltis,
1077 472 1353 530 pinnarum
1380 456 1611 527 pericula
1641 452 1942 523 eli‘ugiatis:

358 562 523 616 Erunt
551 560 692 614 enim
717 598 733 624 ,
781 555 979 624 inquit,
1019 551 1129 605 dies
1153 562 1327 604 eorum
1356 548 1479 601 mini
1520 555 1720 601 centum
1747 544 1947 613 viginti.

354 658 410 711 4.
445 655 906 725 Gigantesautem,
936 644 1126 714 inquit,
1149 651 1292 696 erant
1313 656 1466 711 super
1491 648 1674 692 terram
1701 636 1753 690 in
1773 635 1948 689 diebus

356 749 481 803 illis.
520 743 588 799 Et
614 751 939 813 posteaquam
966 736 1179 806 ingressi
1199 744 1314 788 sunt
1345 732 1439 802 filii
1471 729 1567 784 Dei
1591 728 1661 782 ad
1687 727 1822 797 filias
1850 726 1947 779 lto-

358 841 573 899 minum,
602 835 804 900 illisque
822 829 917 885 sibi
939 833 1261 900 genuerunt,
1281 823 1378 877 illi
1402 822 1798 890 erantgigantes
1814 859 1828 882 ,
1860 817 1949 885 qui

357 948 392 985 α
413 929 599 985 sternlo
617 925 715 979 uiri
741 920 945 994 famosi.
986 917 1239 987 Gigantes
1260 915 1346 969 hic
1381 928 1412 968 a
1449 913 1627 967 divina
1673 909 1947 979 Scriptura

357 1021 461 1076 dici
492 1020 684 1088 opinor
706 1014 952 1068 robustos
977 1022 1223 1078 corpore.
1253 1005 1342 1060 Es
1370 1005 1493 1070 illis,
1515 1002 1698 1073 inquit
1723 1043 1736 1067 ,
1782 1014 1948 1071 gene-

360 1114 499 1170 ratio
544 1109 752 1164 illormn
798 1113 950 1159 aucta
988 1111 1090 1158 est.
1122 1099 1190 1154 1d
1218 1097 1358 1170 quod
1392 1107 1447 1153 et
1474 1096 1580 1151 alio
1624 1096 1744 1149 loco
1768 1094 1951 1148 videre

362 1206 487 1259 licet
521 1202 760 1254 dictum:
797 1195 1077 1265 Gigantes,
1125 1191 1334 1259 inquit,
1382 1187 1585 1241 veniunt
1625 1195 1679 1238 ut
1727 1186 1953 1256 furorem

363 1310 529 1350 meum
557 1293 756 1364 placent
785 1287 940 1360 (luti.
966 1282 1054 1339 15.
1078 1285 1155 1353 3).
1182 1282 1332 1336 Hunc
1360 1295 1519 1350 porro
1534 1286 1746 1333 centum
1770 1274 1951 1345 viginti

364 1398 626 1439 annorum
645 1392 946 1441 numerum,
977 1374 1136 1444 aliqui
1162 1379 1345 1442 putant
1359 1370 1644 1424 terminum
1666 1368 1786 1421 vitae
1798 1381 1917 1421 esse
1932 1382 1947 1418 :

366 1492 474 1531 non
505 1474 605 1528 hoc
629 1481 806 1526 autem
830 1466 1117 1538 signiﬁcat,
1145 1462 1239 1518 sed
1273 1476 1413 1516 nunc
1440 1459 1747 1527 patientiam
1774 1457 1956 1512 decla-

368 1582 493 1638 rare
515 1564 650 1631 vnlt,
681 1578 839 1634 quam
869 1570 925 1615 et
946 1568 1065 1628 post
1103 1557 1216 1610 ha-c
1243 1563 1462 1625 peccata
1503 1554 1555 1606 in
1587 1553 1730 1623 ipsos
1767 1560 1954 1605 osten-

371 1660 473 1715 dit.
514 1657 675 1728 igitur
713 1664 768 1709 ut
796 1654 1063 1707 discamus
1109 1650 1228 1703 illos
1280 1657 1399 1717 post
1447 1645 1860 1716 indignationem
1902 1651 1957 1697 et

373 1749 542 1804 minas
568 1788 584 1814 ,
631 1756 687 1801 et
730 1742 863 1799 tanti
904 1741 1158 1811 temporis
1184 1737 1615 1801 diuturnitatem,
1642 1749 1800 1805 quam
1825 1733 1957 1803 ipsis

370 1844 425 1897 in
463 1840 828 1912 pmniteutiam
856 1835 1098 1907 dederat,
1129 1849 1234 1888 non
1267 1833 1438 1888 solum
1470 1831 1602 1886 nihil
1639 1829 1950 1899 proiecisse,

374 1933 470 1988 sed
517 1932 569 1986 in
618 1929 805 1985 iisdem
858 1926 1095 1982 moribus
1139 1923 1567 1994 perseveravisse
1612 1939 1627 1977 :
1678 1930 1958 1991 propterea

376 2025 523 2085 dicit,
556 2021 835 2092 Postquam
872 2018 1085 2089 ingressi
1124 2026 1240 2071 sunt
1282 2014 1380 2085 filii
1405 2013 1501 2068 Dei
1526 2013 1596 2067 att
1619 2014 1754 2083 ﬁlias
1792 2012 1961 2067 homi-

376 2130 530 2175 num,
570 2111 772 2181 iureque
816 2109 911 2162 sibi
934 2115 1234 2178 genuerunt,
1263 2102 1341 2158 illi
1366 2112 1509 2157 eram
1535 2103 1782 2175 gigantes,
1809 2102 1901 2173 qui
1929 2118 1961 2155 α

377 2208 565 2261 saeculo
581 2203 673 2258 viri
691 2202 893 2274 famosi.
917 2198 1104 2256 Vidisti
1133 2196 1486 2267 improbitatis
1505 2193 1961 2266 magnitudinem?

377 2296 555 2351 vidisti
596 2293 837 2364 stupidas
875 2301 931 2346 et
973 2290 1178 2345 doloris
1225 2302 1388 2343 sensu
1429 2297 1675 2341 carentes
1715 2284 1964 2340 animas?

379 2388 562 2459 Neque
591 2401 766 2457 pinna:
803 2384 997 2450 timor,
1023 2395 1201 2452 neque
1227 2379 1524 2434 tolerantia:
1552 2388 1760 2446 tempus
1798 2375 1968 2430 arcuit

380 2480 503 2536 illos
530 2493 562 2532 ο
587 2477 740 2532 malis
758 2474 1012 2544 operibus
1042 2491 1056 2525 :
1088 2470 1181 2527 sed
1206 2469 1371 2526 semel
1401 2470 1456 2523 in
1482 2481 1723 2539 praeceps
1749 2465 1964 2534 dejecti,

380 2580 438 2626 et
484 2570 679 2644 mentis
723 2566 879 2620 oculo
928 2562 1221 2628 excaecati,
1265 2576 1294 2615 a
1335 2559 1468 2614 mala
1516 2557 1962 2627 concupiscentia,

381 2660 533 2732 quasi
563 2659 631 2714 ab
654 2657 911 2713 ebrietate
934 2654 1163 2724 quadam
1184 2650 1440 2717 demersi,
1459 2648 1526 2703 ad
1546 2664 1606 2704 se
1631 2647 1807 2703 redire
1832 2647 1968 2701 ultra

383 2752 671 2808 noluerunt
700 2765 713 2802 :
746 2743 1196 2818 quemadmodum
1223 2751 1279 2798 et
1304 2743 1518 2812 sapiens
1558 2739 1771 2811 quidam
1798 2738 1926 2793 dicit
1952 2755 1966 2791 :

385 2844 582 2914 Impius
603 2883 617 2904 ,
665 2856 779 2893 cum
806 2827 858 2892 in
888 2836 1194 2910 profundum
1223 2831 1754 2897 ceoideritmalorum,
1801 2837 1971 2883 conte-

386 2937 516 2989 mnit
547 2932 727 3004 (Prov.
762 2931 849 2985 18.
882 2928 958 2997 5).
987 2925 1161 2982 Grave
1198 2926 1362 2990 enim,
1399 2935 1562 2992 grave
1602 2928 1717 2985 est,
1746 2920 1969 2981 dilecte,

387 3027 507 3099 capi
553 3025 755 3095 laqueis
795 3020 1012 3075 diaboli.
1067 3018 1259 3072 Anima
1303 3014 1444 3070 euint
1484 3021 1674 3083 postea
1719 3012 1867 3081 quasi
1920 3011 1973 3064 in

386 3118 588 3174 retibus
623 3111 1010 3181 comprehensa
1044 3106 1301 3169 trahitur,
1350 3113 1405 3158 et
1447 3103 1584 3156 sicut
1631 3115 1725 3155 sus
1771 3101 1823 3153 in
1880 3100 1972 3153 luti

387 3208 668 3263 volutabra
697 3205 1017 3265 oblectatur,
1048 3199 1127 3253 sic
1151 3206 1207 3252 et
1234 3198 1332 3250 ista
1361 3210 1391 3249 a
1420 3193 1557 3248 mala
1590 3191 1977 3247 consuetudine

389 3301 602 3363 obruta,
632 3311 700 3351 ne
739 3293 902 3350 sentit
927 3290 1140 3362 quidem
1170 3296 1508 3357 peccatorum
1539 3284 1808 3339 lectorem.
1854 3282 1978 3337 Ideo

390 3405 526 3461 opus
564 3397 649 3442 est
674 3395 731 3440 ut
757 3383 920 3440 sobrii
948 3391 1003 3436 et
1031 3379 1216 3449 vigiles
1243 3376 1441 3443 simus,
1483 3389 1552 3429 ne
1588 3373 1656 3427 ab
1689 3373 1838 3427 initio
1865 3373 1978 3427 dia-

393 3482 518 3539 bolo
560 3481 856 3549 ingrcssum
896 3471 1290 3536 concedamus,
1330 3476 1388 3522 ut
1420 3483 1495 3522 ne
1523 3466 1868 3522 obteuebrata
1893 3479 1980 3520 ra-

394 3578 538 3632 tione
576 3583 792 3636 nostra,
830 3578 885 3624 et
918 3574 1187 3623 excaecata
1223 3563 1423 3634 mentis
1446 3561 1767 3632 perspicacia
1787 3600 1801 3628 ,
1826 3558 1979 3629 quasi

396 3669 632 3740 privatos
663 3665 820 3735 hujus
846 3660 977 3717 solis
1007 3659 1206 3714 lumine
1234 3655 1443 3720 reddat,
1477 3669 1577 3710 nec
1615 3653 1888 3710 valeamus
1925 3650 1978 3706 in

395 3760 574 3817 radios
598 3758 725 3812 solis
748 3753 967 3825 iustitia:
992 3750 1256 3815 contueri,
1283 3759 1339 3804 et
1365 3748 1435 3803 ita
1454 3749 1514 3801 in
1554 3759 1793 3817 praeceps
1837 3742 1982 3799 fera-

399 3866 518 3908 mur
550 3867 564 3903 :
594 3849 644 3903 id
673 3846 813 3917 quod
843 3853 899 3899 et
919 3845 1022 3899 illis
1048 3855 1174 3897 tunc
1200 3838 1419 3896 accidit.
1449 3838 1584 3892 Audi
1614 3836 1758 3892 enim
1787 3836 1981 3890 iterum

399 3939 652 3998 bonitatis
676 3937 765 3992 Dei
793 3933 1152 3991 tolerantiam.
1184 3931 1238 3986 5.
1289 3928 1355 3983 Ut
1392 3927 1518 3982 vidit
1555 3935 1743 3989 autem,
1789 3923 1981 3994 inquit,

399 4035 653 4090 Dominus
685 4030 843 4095 Deus,
873 4025 1009 4099 quod
1051 4022 1405 4091 multiplicata:
1443 4027 1562 4073 sunt
1591 4016 1798 4071 malitia
1822 4016 1985 4069 homi-

402 4141 527 4181 num
555 4136 705 4193 super
728 4131 936 4173 terram.
963 4113 1099 4181 Quid
1126 4112 1227 4168 sibi
1255 4110 1367 4165 vult
1395 4108 1497 4162 hoc
1512 4107 1741 4174 dictum,
1766 4105 1834 4160 Ut
1860 4105 1985 4159 vidit

400 4216 610 4274 autem?
655 4213 791 4269 Num
835 4208 1115 4281 ignorabat
1156 4201 1449 4258 Dominus?
1491 4201 1645 4255 Absit
1687 4217 1701 4253 :
1752 4198 1845 4254 sed
1889 4213 1986 4268 pro

404 4319 588 4366 nostra
620 4303 929 4359 inﬁrmitate
955 4297 1132 4351 omnia
1160 4303 1337 4349 narrat
1364 4292 1541 4346 divina
1571 4290 1843 4358 Scriptura
1868 4305 1883 4342 :
1931 4297 1988 4342 ut

402 4414 503 4458 nos
531 4398 756 4461 doceat,
788 4407 882 4448 eos
906 4390 1063 4444 etiam
1102 4396 1226 4457 post
1270 4393 1467 4438 tantam
1509 4379 1605 4436 Dei
1642 4376 1986 4434 ~tolerantiam

401 4494 461 4549 in
509 4488 701 4545 iisdem
749 4482 1012 4539 mansisse
1056 4478 1249 4540 malis,
1278 4475 1560 4530 autetiam
1606 4473 1660 4526 in
1703 4470 1882 4540 pejora
1927 4484 1987 4523 se

399 4582 730 4654 conjecisse,
775 4577 894 4631 ait:
929 4573 999 4629 Ut
1034 4571 1160 4627 vidit
1207 4578 1411 4635 autem,
1452 4565 1588 4638 quod
1640 4563 1990 4632 multiplicatis

402 4652 522 4733 sunt
545 4669 755 4726 malitia:
782 4666 1042 4721 hominum
1065 4678 1216 4731 super
1232 4670 1434 4714 terram.
1470 4658 1547 4711 Ex
1565 4655 1669 4710 hoc
1686 4655 1828 4710 enim
1850 4652 1991 4707 malo

403 4779 590 4838 opere,
615 4761 765 4835 quasi
794 4774 825 4815 e
845 4757 992 4813 fonte
1019 4753 1248 4825 quodam
1276 4793 1290 4817 ,
1321 4748 1484 4804 multa
1531 4747 1692 4801 etiam
1721 4745 1826 4800 alia
1857 4743 1989 4800 sub-

404 4836 714 4919 oriebantur
728 4859 945 4928 peccata
972 4866 986 4904 :
1008 4847 1127 4904 ideo
1148 4843 1298 4908 dicit,
1324 4841 1537 4896 Malitia:
1553 4839 1833 4892 hominum.
1856 4836 1987 4891 Nam

408 4958 496 5012 ubi
546 4951 840 5015 srortatio,
890 4953 946 5001 et
974 4941 1179 4999 luxuria
1210 4981 1227 5006 ,
1280 4947 1335 4993 et
1378 4944 1521 4990 tanta
1552 4931 1988 5003 intemperantia,

407 5042 698 5101 verisimile
725 5048 809 5096 est
838 5037 910 5093 ibi
940 5044 998 5091 et
1033 5033 1371 5093 ebrietatem,
1399 5035 1453 5081 et
1478 5025 1843 5094 crapulam.et
1876 5036 1990 5075 ma-

407 5151 567 5208 gnam
621 5131 955 5203 injustitiam,
999 5135 1054 5182 et
1106 5123 1382 5179 avaritiam
1407 5159 1424 5184 ,
1478 5120 1863 5186 innumeraque
1890 5113 1990 5167 alia

408 5205 559 5283 nasci
608 5226 766 5280 mala.
800 5222 867 5278 Ut
896 5220 1020 5277 vidit
1060 5227 1230 5272 autem
1253 5256 1269 5279 ,
1301 5212 1510 5284 inquit,
1560 5209 1806 5264 Dominus
1854 5205 1992 5261 Deus

409 5317 542 5386 quod
567 5315 914 5386 multiplicata-
938 5320 1055 5367 sunt
1089 5307 1298 5363 malitia:
1324 5304 1581 5359 hominum
1603 5316 1755 5372 super
1773 5308 1991 5363 terram,

408 5494 644 5547 diluvium
667 5506 680 5543 :
707 5490 824 5542 illud
841 5526 857 5550 ,
893 5490 1116 5551 inquam,
1155 5493 1324 5551 contra
1357 5473 1996 5551 communemdsententian}

412 5536 644 5608 ai'iia
663 5536 857 5618 [nam
875 5536 1167 5618 liis'indicari
1199 5546 1407 5618 spatium
1428 5536 1996 5618 qvitaz‘l‘tgttninu‘iguppstea

410 5595 949 5669 ﬁnitiéiiu'ﬁiiét'iﬁ
970 5595 1173 5661 centum
1194 5595 1364 5669 viginti
1387 5614 1538 5669 annos
1559 5595 1882 5669 redigendum
1902 5609 1918 5658 ς
1938 5597 1992 5642 et

412 5659 942 5738 M'Eaxinbaici
965 5659 1205 5736 quadrent
1223 5659 1329 5728 ,Eic
1350 5659 1722 5724 intelligendum
1744 5665 1837 5708 est.

1076 254 1145 310 'S.
1184 250 1466 309 'JOANNIS
1494 239 1981 305 'CilRYSOSTOMi
2019 241 2333 300 ARCIIIEP.
2381 243 2919 306 CONSTANTINOP.

3527 249 3642 307 ιω

2055 370 2102 413 et
2120 363 2258 431 quod
2283 362 2623 433 unusquisque
2643 365 2832 434 rogitat
2872 365 2922 417 in
2960 365 3111 420 corde
3151 382 3243 420 suo
3286 366 3551 440 diligenter
3575 376 3651 430 uti

2055 452 2190 505 mala
2227 454 2457 510 omnibus
2476 457 2666 511 diebus.

2125 545 2179 598 5.
2224 543 2355 600 Vide
2396 547 2667 615 quomodo
2711 547 2916 618 singula
2962 565 3082 621 qua:
3114 551 3364 610 dicuntur
3396 568 3646 626 peccato-

2054 648 2171 688 rmn
2217 634 2505 689 ostendunt
2546 637 2986 706 magnitudinem.
3038 641 3172 710 Quia
3197 644 3340 698 enim
3368 645 3420 700 in
3446 661 3651 717 genere

2055 723 2207 790 dixit,
2230 723 2720 795 Multiplicatte-sunt
2747 729 2957 785 utalitite
2975 732 3233 787 hominum
3261 752 3416 804 super
3438 748 3647 804 terram,

2057 818 2313 885 subdidit,
2334 819 2402 873 Et
2428 822 2791 891 unusquisque.
2805 822 2989 892 Magna
3017 824 3176 895 hujus
3201 828 3349 882 verbi
3376 831 3652 900 emphasis

2055 923 2109 965 et
2137 912 2217 966 vis
2243 921 2347 968 est.
2384 912 2503 969 Non
2553 915 2742 986 inquit,
2791 917 3104 973 adolescens
3130 920 3325 986 solum,
3357 922 3451 976 sed
3479 931 3535 976 et
3565 938 3652 977 se-

2057 1019 2159 1059 nex
2210 1004 2398 1060 eadem
2441 1006 2550 1078 agit
2595 1023 2714 1078 quae
2761 1009 3114 1066 adolescens:
3146 1027 3321 1084 neque
3348 1015 3429 1068 vir
3448 1015 3648 1075 solum.

2056 1099 2150 1152 sed
2177 1109 2229 1153 et
2248 1099 2442 1154 mulier
2464 1116 2481 1155 :
2507 1116 2682 1171 neque
2708 1116 2897 1157 servus
2922 1103 3113 1169 solum,
3143 1105 3236 1160 sed
3262 1116 3316 1159 et
3335 1106 3508 1162 iiber:
3541 1125 3651 1163 non

2058 1190 2210 1247 dives
2237 1192 2436 1259 solum,
2464 1193 2558 1247 sed
2585 1204 2638 1248 et
2660 1208 2881 1264 pauper.
2909 1195 2974 1250 Et
2999 1196 3240 1259 verbum,
3269 1195 3489 1269 Cogitat,
3514 1200 3654 1254 ntul-

2061 1290 2170 1335 tum
2213 1282 2372 1338 habet
2425 1286 2701 1340 momenti.
2750 1284 2865 1341 Non
2911 1287 3052 1341 enim
3081 1302 3146 1343 ex
3176 1289 3522 1361 subreptione
3548 1292 3651 1346 hoc

2060 1372 2165 1427 illis
2209 1373 2424 1440 accidit,
2473 1375 2566 1429 sed
2608 1376 2665 1429 in
2711 1376 2875 1431 corde
2899 1378 3152 1447 cogitant,
3183 1388 3240 1433 et
3277 1380 3393 1435 haec
3416 1395 3511 1449 per
3534 1380 3652 1436 sin-

2059 1464 2208 1532 gulas
2236 1462 2398 1518 horas
2441 1464 2679 1530 volvunt,
2724 1466 2775 1520 in
2806 1467 2888 1521 his
2920 1468 3153 1522 studium
3178 1483 3332 1524 suum
3352 1471 3647 1537 collocant,

2061 1567 2114 1613 et
2158 1572 2331 1628 neque
2378 1557 2594 1613 fortuito
2618 1560 2785 1614 semel
2814 1570 2869 1614 et
2896 1561 3085 1615 iterum
3114 1563 3439 1633 supplantati
3466 1579 3498 1618 a
3525 1580 3648 1635 pec-

2060 1660 2202 1718 (atto,
2247 1665 2277 1704 a
2323 1651 2525 1707 malitia
2562 1651 2666 1706 sibi
2711 1661 3024 1722 temperant,
3070 1654 3163 1709 sed
3217 1654 3502 1726 diligenter
3526 1672 3647 1711 eam

2061 1752 2335 1808 exercent,
2360 1753 2415 1798 et
2440 1742 2578 1797 mala
2604 1754 2930 1812 operantur:
2963 1744 3063 1800 hoc
3089 1754 3192 1811 est,
3220 1761 3413 1816 magno
3448 1747 3651 1813 studio,

2059 1835 2193 1890 nihil
2223 1836 2417 1902 obiter,
2465 1834 2599 1889 nihil
2643 1834 2972 1904 negligenter
2993 1835 3061 1889 ab
3086 1838 3167 1891 eis
3194 1838 3271 1902 lit,
3305 1852 3478 1906 neque
3503 1837 3653 1892 brevi

2065 1937 2326 1996 tempore,
2353 1925 2447 1980 sed
2472 1924 2720 1979 omnibus
2747 1925 2955 1992 diebus,
2987 1940 3201 1980 onmem
3229 1940 3379 1980 suam
3406 1927 3564 1980 vitam
3595 1927 3651 1980 in

2064 2016 2167 2072 hoc
2191 2016 2523 2087 impendunt.
2556 2016 2744 2071 Vidisti
2770 2016 2984 2071 malitiae
3006 2017 3429 2071 immanitatem?
3473 2017 3652 2072 vidisti

2065 2108 2335 2178 quomodo
2358 2107 2534 2163 dedita
2565 2122 2729 2178 opera
2750 2121 2863 2162 rem
2893 2107 3024 2162 fecer
3038 2107 3136 2171 int,
3166 2107 3450 2178 diligenter
3474 2111 3652 2162 omnia

2063 2203 2203 2257 mala
2239 2211 2564 2272 operantes;
2601 2209 2655 2254 et
2698 2200 2875 2254 omnis
2898 2208 3030 2253 aetas
3056 2199 3123 2253 ad
3161 2199 3424 2268 agendum
3455 2199 3652 2254 malum

2067 2310 2163 2352 sua
2185 2304 2375 2367 sponte
2390 2292 2712 2350 accesserit?
2736 2291 3099 2363 Umuquisque,
3125 2292 3315 2361 inquit,
3338 2306 3511 2360 neque
3524 2300 3657 2347 aetas

2066 2390 2375 2452 itutuatura,
2402 2399 2457 2442 et
2480 2386 2714 2456 alioquin
2737 2385 3008 2453 inexperta
3038 2384 3297 2437 malorum
3321 2396 3485 2437 vacua
3502 2390 3653 2436 erat:

2071 2481 2165 2536 sed
2189 2480 2369 2535 statim
2396 2487 2452 2534 et
2470 2478 2538 2532 ab
2578 2476 2914 2532 incunabulis
2939 2489 3127 2529 omnes
3158 2472 3355 2528 malum
3386 2471 3489 2527 hoc
3517 2488 3655 2542 pra:-

2068 2572 2201 2626 iium
2229 2570 2528 2636 certabant,
2570 2570 2953 2623 contendentes
2983 2574 3040 2619 ut
3068 2564 3225 2619 malis
3248 2563 3497 2633 operibus
3520 2562 3659 2617 alter

2069 2664 2296 2717 alterum
2338 2667 2630 2730 superaret.
2677 2658 2790 2721 ilic,
2846 2655 3171 2719 oro,~anitno
3195 2653 3437 2723 expende
3465 2652 3656 2706 miram

2076 2754 2232 2822 hujus
2253 2751 2383 2822 justi
2410 2749 2748 2820 sapientiam,
2776 2747 2866 2817 qui
2891 2747 2942 2800 in
2974 2754 3119 2798 tanta
3149 2743 3406 2797 malorum
3444 2742 3657 2810 conspi-

2073 2846 2283 2900 ratione
2313 2842 2566 2896 malitiam
2597 2838 2833 2908 eli’ugere
2864 2836 3047 2901 valuit,
3077 2844 3132 2889 et
3158 2834 3284 2889 nihil
3335 2833 3456 2888 inde
3481 2831 3660 2889 damni

2078 2935 2288 2991 sensit:
2311 2934 2405 2990 sed
2430 2934 2581 3003 quasi
2611 2947 2675 2985 ex
2708 2930 2808 2984 alia
2832 2938 3019 2984 natura
3047 2928 3389 2991 constitutus,
3430 2925 3510 2980 sic
3538 2924 3661 2979 forti

2077 3027 2257 3080 animo
2297 3024 2570 3094 prmditus,
2621 3033 2676 3078 et
2715 3036 2811 3091 per
2851 3021 3085 3091 seip‘stnn
3134 3019 3342 3073 virtutis
3369 3016 3662 3087 operationi

2078 3117 2309 3182 deditus,
2334 3126 2388 3170 et
2413 3114 2607 3168 malam
2634 3127 2820 3168 eorum
2847 3109 3296 3180 conspirationem
3327 3107 3528 3176 elingit,
3558 3118 3612 3161 et
3631 3121 3661 3160 a

2067 3202 2348 3264 communi
2372 3205 2608 3260 omnium
2634 3202 2936 3273 perditione
2958 3208 3042 3257 est
3067 3209 3364 3270 exemptus.
3402 3200 3456 3254 6.
3488 3196 3555 3251 Et
3581 3213 3667 3250 se-

2070 3318 2196 3355 cum
2221 3300 2492 3370 reputavit,
2525 3294 2716 3368 inquit,
2752 3294 2998 3351 Dominus
3026 3293 3165 3348 Deus
3186 3293 3320 3364 quod
3348 3293 3546 3364 fecisset
3573 3291 3668 3345 ho-

2082 3393 2266 3447 minem
2316 3407 2467 3462 super
2510 3401 2716 3445 terram.
2769 3388 2897 3444 Vide
2934 3390 3126 3442 iterum
3155 3388 3374 3441 verbum
3402 3398 3665 3450 crassum,

2082 3492 2136 3538 et
2166 3493 2360 3539 nostra:
2387 3482 2633 3552 parvitati
2657 3483 2926 3537 idoneum.
2957 3478 3144 3534 Secum
3177 3478 3446 3548 reputavit,
3477 3476 3669 3545 inquit,

2085 3575 2452 3648 pro,ptnnituit
2476 3590 2491 3628 :
2521 3589 2626 3629 non
2648 3571 2791 3643 quod
2820 3571 3128 3642 pmnituerit
3162 3570 3347 3633 Deutn,
3375 3567 3546 3632 absit;
3574 3566 3670 3621 sed

2084 3667 2375 3723 secundum
2422 3664 2707 3720 humanam
2755 3661 3199 3719 consuetudinem
3244 3659 3478 3730 loquitur
3519 3656 3675 3711 nobis

2084 3759 2262 3815 divina
2309 3755 2604 3828 Scriptura,
2656 3763 2718 3810 ut
2767 3768 2867 3809 nos
2916 3752 3110 3807 doceat
3156 3750 3396 3804 enormia
3459 3747 3670 3803 illorum

2087 3862 2301 3923 peccata
2317 3852 2635 3907 clementem
2658 3848 2826 3902 Deum
2849 3845 2902 3900 in
2923 3843 3339 3914 indignatidnem
3355 3839 3672 3895 concitasse.

2087 3942 2155 3998 Et
2184 3959 2352 3998 secum
2375 3941 2647 4012 reputavit,
2677 3937 2866 4009 inquit,
2916 3935 3163 3990 Dominus
3192 3932 3332 3987 Deus
3358 3933 3492 4002 quod
3518 3931 3674 4000 fecis-

2087 4047 2158 4093 set
2203 4037 2458 4092 hominem
2500 4048 2654 4104 super
2697 4041 2901 4086 terram.
2952 4029 3088 4085 Num
3137 4027 3279 4083 enim
3311 4031 3529 4095 prOpter
3573 4022 3677 4077 hoc

2090 4137 2262 4204 ipsum
2287 4128 2532 4202 produxi,
2565 4127 2755 4198 inquit,
2780 4136 2838 4181 ut
2858 4126 2908 4178 in
2928 4132 3124 4178 tantam
3157 4119 3445 4190 perniciem
3475 4119 3675 4185 lapsus.

2089 4225 2297 4318 sibiipsi
2345 4220 2657 4293 perditionis
2704 4219 2857 4273 licret
2892 4215 3118 4270 auctor?
3145 4212 3280 4268 Num
3306 4210 3403 4263 hac
3423 4208 3491 4263 de
3516 4221 3678 4262 causa

2090 4302 2129 4372 ἔ
2166 4315 2428 4389 principio
2469 4321 2617 4368 tanto
2667 4309 2871 4365 honore
2910 4322 3033 4362 eum
3083 4302 3350 4374 insigniri,
3382 4308 3439 4356 et
3479 4308 3678 4353 tantam

2091 4416 2208 4486 ejus
2250 4423 2434 4466 curam
2481 4419 2570 4459 me
2618 4403 2816 4458 habere
2842 4398 3133 4463 declaravi,
3164 4405 3223 4451 ut
3242 4394 3423 4449 virtuti
3460 4404 3678 4456 vacans,

2093 4482 2299 4563 alienus
2321 4517 2351 4557 a
2375 4498 2672 4572 perditione
2697 4496 2879 4550 ﬁeret?
2910 4492 3171 4558 Quoniam
3198 4497 3373 4543 autem
3400 4482 3681 4538 clementia

2096 4614 2215 4654 mea
2264 4597 2462 4652 abusus
2509 4601 2612 4656 est,
2668 4589 2836 4645 satius
2892 4584 3113 4655 posthac
3158 4580 3320 4636 fuerit
3371 4576 3539 4631 malos
3566 4573 3683 4640 ejus

2094 4700 2316 4749 conatus
2366 4684 2643 4756 impedire.
2695 4680 2760 4735 Et
2801 4676 3055 4748 cogitavit,
3096 4675 3147 4727 7.
3168 4673 3398 4741 Dixitque
3440 4665 3686 4720 Dominus

2097 4787 2257 4850 Deus,
2285 4781 2492 4853 inquit:
2516 4777 2705 4832 Delebo
2733 4773 2988 4829 hominem
3014 4783 3161 4838 quem
3187 4765 3284 4834 feci
3303 4779 3337 4816 a
3362 4762 3494 4833 facie
3514 4771 3686 4822 terrm,

2095 4882 2159 4933 ab
2188 4849 2389 4932 nomine
2412 4887 2570 4943 usque
2596 4868 2665 4923 ad
2692 4881 2863 4938 pecus,
2894 4872 2941 4917 et
2968 4877 3000 4914 α
3021 4856 3286 4929 reptilibus
3316 4867 3473 4923 usque
3498 4849 3567 4903 ad
3595 4862 3685 4903 vo-

2098 4972 2259 5027 latilia
2306 4966 2417 5022 ccli
2436 4980 2455 5019 :
2479 4965 2600 5034 quia
2646 4973 2841 5013 mecum
2892 4950 3121 5025 reputavi
3169 4946 3304 5019 quod
3347 4944 3550 5015 fecerim
3576 4955 3686 5034 eos.

2099 5067 2229 5135 Qua:
2254 5060 2359 5118 mei
2384 5031 2546 5114 cilicii
2573 5062 2750 5118 erant,
2776 5050 2969 5120 inquit,
3008 5044 3190 5102 omnia
3217 5039 3462 5097 exhibui.
3498 5037 3583 5093 Ex
3606 5031 3692 5089 ni-

2100 5128 2228 5222 liilo,
2256 5164 2314 5210 ut
2337 5160 2501 5216 esset,
2535 5149 2682 5203 illum
2712 5142 2960 5215 produxi,
3008 5147 3211 5193 natura:
3240 5133 3381 5188 illius
3406 5128 3692 5186 scientiam

2100 5246 2459 5305 faciendorum
2490 5250 2544 5298 et
2572 5254 2678 5295 non
2708 5233 3068 5292 faciendorum
3114 5224 3307 5291 indidi,
3349 5222 3575 5275 liberum
3608 5232 3695 5269 ar-

2100 5339 2314 5397 bitrium
2339 5333 2555 5398 donavi,
2589 5327 2841 5384 ineli'abiii
2873 5322 3154 5379 tolerantia
3176 5330 3305 5371 usus
3325 5318 3539 5375 sum,et
3573 5317 3692 5378 post

2103 5434 2314 5499 longum
2348 5424 2478 5480 illud
2505 5433 2733 5491 tempus,
2761 5427 2816 5473 et
2836 5423 2955 5486 post
2984 5408 3399 5480 indignationem
3420 5408 3479 5456 et
3515 5401 3698 5499 minas

2101 5488 2234 5596 qua;
2274 5520 2404 5584 dixi,
2432 5525 2487 5572 et
2531 5488 2676 5570 aliud
2720 5503 2977 5583 praelinivi
3024 5514 3254 5571 tempus,
3282 5494 3469 5549 volens
3516 5499 3571 5545 ut
3605 5488 3698 5596 illq

2103 5581 2198 5674 sua
2214 5581 2431 5689 peccata
2451 5581 2736 5673 sentiente,
2762 5598 3053 5672 indignatio
3074 5609 3191 5652 mea
3220 5593 3582 5649 revocaretur:
3601 5581 3696 5638 sed
