4074 6134
340 351 436 410 191

335 463 545 535 ψασθαι
573 460 664 515 διὰ
687 459 786 529 τῆς
815 457 908 510 ἐπὶ
948 467 1010 510 τι
1041 455 1258 526 βέλτιον·
1281 453 1599 524 μεταϐαλῖκ,
1635 452 1729 505 καὶ
1753 450 1851 535 τὴν
1878 451 2003 520 ἁρε-

339 534 439 618 τὴν
465 545 727 614 ἑλόμενοι,
747 542 847 610 τῆς
867 539 1138 610 τιμωρίας
1158 537 1254 608 τὴν
1275 539 1466 608 πεῖραν
1489 534 2008 604 ἐκφύγητε.Ἕσον-

340 652 436 687 ται
457 631 585 702 γάρ.
622 630 808 700 φησὶν,
836 631 895 680 al
934 626 1147 696 ἡμέραι
1183 623 1381 678 αὐτῶν
1398 625 1502 691 ἐτη
1542 622 1757 676 ἑκατὸν
1791 621 2007 676 εἴκοσι.

343 725 409 776 οι
430 719 498 774 δὲ
519 720 808 789 γίγαντες,
829 715 1017 786 φησὶν,
1042 710 1204 783 ἦσαν
1221 711 1317 765 ἐπὶ
1348 709 1458 780 τῆς
1483 710 1594 780 γῆς
1621 710 1694 762 ἐν
1721 709 1850 772 ταῖς
1871 705 2013 775 ἠμέ-

338 828 475 879 ραις
498 809 778 871 ἐκείναις.
808 806 919 858 Καὶ
950 804 1076 870 μετ’
1098 800 1317 863 ἐκεῖνα,
1346 800 1424 865 ὠς
1453 797 1529 852 ἂν
1555 796 2012 870 εἰσεπορεύοντο

344 901 400 953 οί
427 897 544 951 vlo!
563 893 667 949 τοῦ
695 892 843 947 Θεοῦ
863 889 1012 963 [199]
1029 889 1176 956 πρὸς
1195 888 1296 952 τὰς
1317 887 1642 956 θυγατέρας
1657 884 1776 936 τῶν
1791 879 2010 949 ἀνθρώ-

345 1001 495 1049 πων,
515 983 614 1037 καὶ
630 980 974 1051 ἐγεννὼσαν
992 976 1246 1042 ἑαυτοῖς,
1264 974 1478 1028 ἐκεῖνοι
1494 969 1657 1042 ἦσαν
1670 975 1723 1026 οί
1739 971 2013 1040 γίγαντες

345 1076 402 1128 οι
439 1073 539 1127 ἀπ’
573 1070 809 1134 αίῶνος,
849 1070 902 1121 οί
938 1065 1236 1132 ἅνθρωποι
1271 1065 1327 1115 οἱ
1371 1059 1715 1130 ὀνομαστοί.
1749 1058 2013 1126 Γίγαντας

347 1157 579 1211 ἐνταῦθα
613 1157 740 1219 τοὺς
774 1152 1025 1224 ἰσχυροὺς
1053 1151 1115 1203 τὸ
1150 1148 1308 1220 σῶμα
1336 1143 1492 1217 οἶμαι
1520 1146 1698 1214 λέγειν
1726 1144 1823 1215 τὴν
1863 1143 2014 1196 θείαν

347 1246 592 1316 Γραφήν.
633 1242 723 1306 Ἐξ
759 1241 1002 1304 ἐκείνων,
1047 1237 1232 1307 φησὶν,
1280 1239 1313 1307 ή
1351 1235 1513 1304 γενεὰ
1558 1233 1735 1286 αὐτῶν
1778 1230 2012 1301 ηὐξήθη.

349 1333 462 1387 Καὶ
498 1331 606 1402 γὰρ
637 1331 730 1383 καὶ
769 1325 1001 1396 ἀλλαχοῦ
1036 1326 1184 1378 ἔστιν
1214 1325 1340 1378 ίδεῖν
1367 1323 1524 1376 τοῦτο
1557 1321 1873 1392 εἰρημένον·
1911 1319 2012 1371 Γί-

350 1437 582 1490 γαντες,
633 1417 816 1488 φησὶν,
870 1417 1144 1483 ἔρχονται
1184 1413 1290 1464 τὸν
1328 1411 1519 1478 θυμόν
1547 1426 1666 1478 μου
1705 1407 1933 1460 παῦσαι
1963 1418 2012 1460 ι.

350 1508 396 1560 Τ
399 1507 552 1559 οὖτον
581 1505 635 1557 δέ
663 1505 753 1557 τὸν
776 1503 880 1556 τῶν
905 1501 1103 1572 ἐκατὸν
1127 1501 1298 1552 εἴκοσι
1333 1497 1468 1550 ἐτῶν
1498 1494 1728 1566 ἀριθμὸν
1756 1493 1901 1555 τινὲς
1931 1508 2016 1543 νο-

357 1594 570 1665 μίζουσι
596 1593 685 1644 τὸν
715 1592 837 1660 ὅρον
863 1591 960 1659 τῆς
991 1589 1135 1658 ζωῆς
1162 1582 1338 1639 εἶναι’
1378 1586 1438 1637 ού
1469 1584 1625 1636 τοῦτο
1656 1583 1712 1634 δὲ
1741 1581 2014 1650 σημαίνει,

353 1680 488 1735 ἀλλά
509 1680 644 1740 τέως
662 1677 758 1748 τὴν
783 1674 1164 1747 μακροθυμίαν
1186 1671 1521 1737 ἐνδείξασθαι
1549 1667 1814 1740 βούλεται,
1833 1668 1898 1737 ἢν
1925 1665 2018 1718 καὶ

358 1767 495 1839 μετά
537 1764 774 1818 τοσαῦτα
823 1763 1195 1834 ἁμαρτήματα
1253 1759 1339 1812 ἐπ’
1390 1757 1584 1820 αὐτοὺς
1631 1754 2014 1807 ἐπιδείκνυται.

356 1837 451 1906 ἑΊν’
481 1846 574 1906 οὖν
626 1848 884 1921 μάθωμεν
927 1846 1020 1901 καὶ
1056 1845 1194 1916 μετά
1235 1845 1333 1914 τὴν
1365 1843 1755 1912 ἀγανάκτησιν,
1793 1839 1886 1892 καὶ
1920 1837 2020 1909 τὴν

355 1939 602 2010 ἀπειλὴν,
632 1939 728 1992 καὶ
763 1935 859 2007 τὴν
879 1933 1149 2005 τοσαύτην
1180 1931 1274 1986 τοῦ
1296 1932 1490 2002 χρόνου
1519 1927 1922 2000 μακροθυμίαν,
1955 1926 2022 1997 ἡν

355 2030 436 2091 είς
475 2027 760 2097 μετάνοιαν
796 2024 978 2085 αὐτοῖς
1001 2021 1254 2082 δέδωκεν,
1299 2017 1375 2080 ὡς
1416 2017 1476 2070 οὐ
1506 2015 1664 2086 μόνον
1688 2013 1840 2068 οὐδὲν
1864 2013 2014 2085 ἐκέρ·

355 2113 532 2175 δανον,
570 2110 706 2166 ἀλλά
741 2109 834 2164 καὶ
855 2111 968 2170 τοῖς
1003 2107 1186 2169 αὐτοῖς
1207 2105 1518 2175 ἐπέμειναν,
1549 2102 1636 2154 διὰ
1656 2100 1816 2155 τοῦτό
1837 2117 2020 2171 φησιν,

368 2199 466 2265 Ὠς
490 2199 567 2253 ἃν
591 2197 1046 2266 εἰσεπορεύοντο
1067 2195 1122 2247 οὶ
1146 2191 1262 2246 vlo!
1292 2190 1400 2244 τοῦ
1434 2187 1583 2244 Θεοῦ
1604 2187 1752 2257 πρὸς
1785 2187 1893 2255 τὰς
1918 2192 2022 2244 θυ-

359 2285 608 2355 γατέρας
665 2283 783 2338 τῶν
818 2278 1142 2349 ἀνθρώπων
1161 2319 1177 2343 ,
1226 2277 1324 2331 καὶ
1381 2273 1726 2346 ὲγεννῶσαν
1767 2273 2022 2340 ἑαυτοῖς,

357 2372 574 2426 ἐκεῖνοι
605 2367 768 2441 ἦσαν
793 2372 848 2423 οἱ
876 2369 1148 2438 γίγαντες
1174 2366 1228 2418 οί
1253 2364 1354 2418 ἀπ’
1382 2365 1612 2427 αἰῶνος,
1645 2364 1699 2416 οί
1731 2360 2026 2428 ἅνθρωποι

359 2463 415 2514 οι
465 2457 810 2527 ὀνομαστοί.
857 2451 1010 2516 Εἶδες
1057 2450 1446 2522 ἀγνωμοσύνης
1493 2447 1832 2519 ύπερϐολήν;
1888 2443 2025 2509 εἶδες

359 2546 535 2617 ψυχὴν
580 2545 907 2614 ἀνάλγητον;
960 2539 1096 2595 Οὖτε
1121 2543 1149 2593 6
1175 2540 1276 2608 τῆς
1318 2537 1586 2608 τιμωρίας
1635 2536 1814 2604 φόϐος,
1846 2533 2026 2617 οὕτεῗό

358 2629 458 2699 τῆς
490 2616 863 2698 μακροθυμίας
891 2623 1078 2693 χρόνος
1098 2621 1401 2690 ἀπέστησεν
1427 2618 1621 2680 αὐτοὺς
1649 2616 1754 2669 τῶν
1777 2616 2027 2687 πονηρῶν

361 2713 610 2786 πράξεων
635 2731 650 2746 σ
677 2714 790 2766 ἀλλ’
826 2711 972 2776 ἀπαξ
1007 2708 1145 2762 κατά
1167 2706 1425 2778 κρημνῶν
1465 2703 1896 2773 κατενεχθέντες,
1934 2703 2028 2756 καὶ

360 2803 421 2857 τὸ
434 2803 530 2873 τῆς
549 2801 781 2863 διανοίας
797 2799 950 2869 ὄμμα
966 2816 1039 2867 πη
1047 2796 1328 2868 ρωθέντες,
1343 2791 1536 2846 οὐκέτι
1553 2790 1755 2850 λοιπὸν,
1779 2790 2027 2861 καθάπερ

364 2890 469 2943 ὑπὸ
515 2889 682 2959 μέθης
729 2886 868 2948 τινὸς
915 2885 1014 2954 τῆς
1071 2882 1310 2952 πονηρᾶς
1348 2879 1639 2950 ἐπιθυμίας
1690 2878 2026 2931 καταϐαπτι-

369 2979 602 3040 σθέντες,
627 2975 937 3042 ἀνενεγκεῖν
955 2970 1348 3041 ἠϐουλήθησαν,
1371 2967 1621 3036 καθάπερ
1647 2966 1739 3018 καὶ
1764 2967 1922 3033 σοφός
1944 2963 2027 3028 τίς

364 3080 526 3133 φησιν
549 3080 560 3093 ·
603 3058 852 3127 Ἀσεϐὴς
880 3056 1158 3127 ἐμπεσὼν
1183 3057 1268 3122 εὶς
1285 3054 1476 3119 βάθος
1507 3051 1709 3106 κακῶν
1734 3068 2027 3121 καταφρο-

363 3151 474 3206 νεῖ.
511 3148 691 3202 Δεινὸν
723 3147 852 3218 γὰρ.
879 3144 1070 3209 δεινὸν,
1105 3143 1374 3214 ἀγαπητέ,
1400 3141 1601 3195 ἁλῶναι
1629 3143 1747 3203 ταῖς
1783 3139 1877 3192 τοῦ
1909 3141 2027 3193 διαο

366 3239 523 3290 ϐόλου
557 3237 798 3304 παγίσιν.
834 3234 898 3286 Ἦ
926 3233 1034 3303 γὰρ
1054 3231 1200 3310 ψυχὴ
1225 3229 1407 3284 λοιπὸν
1434 3229 1683 3298 καθάπερ
1704 3229 1762 3281 ἐν
1792 3227 2028 3292 δικτύοις

367 3321 768 3393 ἀπειλημμένη,
807 3320 900 3372 καὶ
941 3319 1128 3388 ὥσπερ
1163 3312 1226 3379 ὗς
1257 3315 1612 3393 ἐγκυλιομένη
1644 3314 1884 3386 βορϐόρῳ
1906 3314 2029 3384 ἥδε-

367 3428 478 3474 ται,
508 3409 648 3462 οὕτω
681 3408 774 3461 καὶ
803 3405 940 3476 αὑτὴ
969 3405 1072 3458 ὑπὸ
1115 3403 1216 3474 τῆς
1263 3388 1440 3472 κακῆς
1470 3400 1753 3472 συνηθείας
1780 3418 2029 3470 καταχω-

371 3497 578 3560 σθεῖσα,
611 3495 732 3547 οὐδὲ
759 3493 1012 3563 αἴσθησιν
1052 3491 1316 3562 λαμϐάνει
1350 3490 1450 3560 τῆς
1475 3489 1582 3541 τῶν
1618 3487 2029 3559 ἁμαρτημάτων

367 3583 655 3645 δυσωδίας.
686 3582 777 3633 Διὸ
806 3581 911 3650 χρὴ
937 3580 1126 3650 νήφειν
1166 3579 1260 3631 καὶ
1287 3576 1664 3646 ἐγρηγορέναι,
1696 3575 1836 3628 ὥστε
1870 3574 2030 3644 μηδε-

372 3671 503 3743 μίαν
532 3669 608 3740 τῷ
639 3669 857 3740 πονηρῷ
895 3667 1108 3736 δαίμονι
1134 3665 1284 3734 παρὰ
1309 3665 1405 3733 τὴν
1433 3663 1604 3734 ἀρχὴν
1625 3661 1825 3715 εἴσοδον
1849 3679 2029 3731 παρα-

369 3760 541 3828 σχεῖν,
581 3757 666 3809 ίνα
696 3756 770 3826 μὴ
808 3752 1085 3815 σκοτώσας
1113 3750 1270 3821 ἡμῶν
1300 3751 1390 3804 τὸν
1417 3750 1691 3819 λογισμὸν,
1719 3750 1814 3801 καὶ
1857 3749 1917 3802 τὸ
1949 3749 2028 3802 δι-

368 3843 618 3914 ορατικδν
639 3843 741 3911 τῆς
764 3841 997 3902 διανοίας
1017 3837 1428 3905 ἀποτυφλώσας,
1455 3838 1870 3908 παρασκευάσῃ,
1895 3836 2029 3890 καθ·-

369 3934 513 4004 άπερ
543 3928 1014 3999 ἀπεστερημένους
1048 3926 1142 3979 τοῦ
1181 3925 1401 3996 ἡλιακοῦ
1433 3925 1622 3978 τούτου
1663 3925 1859 3993 φωτὸς,
1894 3925 2031 3996 πρὸς

366 4021 467 4084 τὰς
495 4021 716 4080 ἀκτῖνας
743 4016 837 4069 τοῦ
857 4015 955 4085 τῆς
983 4013 1327 4082 δικαιοσύνης
1355 4012 1506 4082 ἡλίου
1530 4013 1660 4082 ὀρᾷν
1683 4011 1756 4082 μὴ
1796 4012 2030 4082 δυναμέ-

368 4123 511 4170 νους,
555 4103 695 4158 κατά
720 4101 979 4173 κρημνῶν
1009 4098 1289 4171 φέρεσθαι,
1326 4100 1461 4168 ὅπερ
1491 4099 1584 4150 καὶ
1608 4093 1751 4152 οὗτοι
1783 4097 1902 4150 τότε
1930 4115 2028 4150 πε-

371 4191 645 4246 πόνθασιν.
689 4189 886 4241 Ἀκουε
917 4187 1025 4257 γὰρ
1057 4186 1218 4240 πάλιν
1261 4186 1356 4254 τῆς
1397 4183 1492 4236 τοῦ
1535 4183 1668 4235 Θεοῦ
1699 4183 2029 4252 ἀγαθότητος

369 4278 468 4347 τὴν
495 4273 868 4340 ἀνεξικακίαν.
911 4273 1078 4326 Ἰδὼν
1112 4271 1198 4334 δὲ,
1243 4271 1394 4341 φησὶ,
1431 4271 1646 4337 Κύριος
1687 4273 1719 4322 ὀ
1756 4269 1898 4334 Θεὸς
1941 4267 2030 4320 ὅτι

369 4362 837 4428 ὲπληθὺνθησαν
861 4361 918 4410 aI
939 4358 1136 4410 κακίαι
1164 4355 1280 4408 τῶν
1297 4355 1622 4422 ἀνθρώπων
1644 4354 1739 4406 ἐπὶ
1761 4352 1870 4420 τῆς
1893 4351 2024 4421 γῆς.

370 4447 434 4498 Τί
463 4446 710 4517 βούλεται
751 4445 810 4497 τὸ
839 4443 1142 4514 εἰρημένον,
1183 4440 1341 4495 Ἰδὼν
1363 4440 1464 4503 δέ;
1492 4440 1604 4494 Ούκ
1628 4439 1813 4510 ἐπειδὴ
1846 4440 2028 4509 ἠγνόει

366 4535 397 4586 6
424 4534 698 4603 Δεσπότης
725 4549 740 4562 ·
776 4531 850 4602 μὴ
884 4532 1090 4599 γένοιτο
1114 4546 1128 4560 ο
1157 4528 1294 4582 ἀλλά
1335 4529 1471 4599 πρὸς
1498 4527 1594 4598 τὴν
1628 4528 1907 4581 ἀσθένειαν
1932 4525 2027 4597 τὴν

368 4621 643 4692 ἡμετέραν
671 4621 884 4674 ἀπαντα
907 4620 1172 4688 διηγεῖται
1195 4618 1228 4687 ή
1254 4616 1373 4670 θεία
1399 4616 1590 4686 Γραφή
1618 4632 1632 4647 ·
1667 4616 1753 4668 ἵνα
1778 4616 1924 4685 ἡμᾶς
1951 4615 2030 4668 δι·-

366 4709 522 4780 ὃάξῃ.
555 4711 637 4761 ὃτι
671 4708 762 4760 καί¹
816 4706 954 4776 μετά
989 4706 1086 4776 τὴν
1129 4702 1395 4774 τοσαύτην
1437 4702 1602 4756 αὐτοῦ
1651 4701 2028 4773 μακροθυμίαν

365 4797 478 4857 τοῖς
499 4796 680 4857 αὐτοῖς
700 4795 982 4864 ἐπέμενον,
1007 4793 1040 4863 ἢ
1078 4794 1168 4845 καὶ
1215 4791 1419 4861 χείροσι
1465 4789 1783 4859 περιέϐαλον
1809 4790 2030 4852 ἑαυτοὺς

369 4881 580 4943 κακοῖς,
615 4880 777 4948 φησίν
800 4896 815 4909 ⁸
861 4879 1018 4933 Ἰδὼν
1041 4878 1109 4931 δὲ
1131 4879 1220 4931 ὅτι
1246 4877 1717 4944 ἐπληθύνθησαν
1748 4866 1815 4929 αἱ
1833 4876 2030 4929 κακίαι

368 4965 489 5020 τῶν
517 4965 837 5032 ἀνθρώπων
885 4967 982 5019 ἐπὶ
1030 4965 1142 5034 τῆς
1171 4965 1303 5034 γῆς.
1349 4964 1443 5017 Ἐκ
1488 4962 1596 5033 γὰρ
1637 4965 1736 5034 τῆς
1789 4965 2030 5034 πονηρᾶς

371 5055 574 5124 ταύτης
598 5053 866 5124 πράξεως,
896 5053 1145 5122 καθάπερ
1167 5053 1274 5105 ἀπὸ
1305 5052 1486 5122 πηγῆς
1528 5067 1690 5114 τινος,
1731 5053 1825 5104 καὶ
1866 5051 2030 5122 ἕτερα

372 5140 542 5194 πολλά
572 5139 755 5202 αὐτοῖς
800 5139 1039 5192 ἐτίκτετο
1084 5140 1487 5210 ἀμαρτήματα’
1529 5137 1615 5192 διὰ
1646 5137 1802 5191 τοῦτὸ
1846 5155 2029 5207 φησιν,

367 5231 434 5281 Αἱ
477 5228 679 5281 κακίαι
729 5226 849 5279 τῶν
892 5225 1234 5293 ἀνθρώπων.
1266 5228 1440 5279 Ὅπου
1485 5227 1594 5297 γὰρ
1653 5225 1898 5297 πορνεία.
1935 5228 2030 5280 καὶ

370 5313 646 5381 ἀσέλγεια,
677 5313 770 5366 καὶ
815 5311 1051 5380 τοσαύτη
1101 5311 1381 5373 ἀκολασία,
1425 5315 1567 5374 εἰκὸς
1603 5313 1695 5364 καὶ
1719 5311 1908 5380 μέθην,
1940 5314 2032 5365 καὶ

372 5400 674 5469 παροινίαν,
707 5401 801 5453 καὶ
828 5399 1028 5467 πολλὴν
1073 5398 1305 5460 ἀδικίαν,
1355 5399 1446 5451 καὶ
1495 5398 1800 5461 πλεονεξίαν
1830 5403 1922 5451 καὶ
1967 5400 2032 5451 τὰ

375 5487 542 5555 μυρία
572 5486 852 5540 τίκτεσθαι
875 5485 1041 5539 κακά.
1091 5484 1248 5539 Ἰδὼν
1279 5484 1365 5547 δὲ,
1391 5485 1542 5553 φησὶ,
1575 5485 1786 5550 Κύριος
1808 5488 1838 5534 ὁ
1867 5485 2028 5545 Θειῖμς,

371 5572 460 5625 ὅτι
494 5573 968 5640 ἐπληθύνθησαν
995 5575 1053 5626 αἱ
1081 5573 1278 5626 κακίαι
1308 5570 1424 5623 τῶν
1446 5571 1768 5639 ἀνθρώπων
1791 5567 1888 5620 ἐπὶ
1924 5568 2032 5634 τῆς

370 5657 504 5728 γῆς,
538 5661 632 5712 καί
663 5659 780 5725 πᾶς
809 5679 896 5726 τις
920 5659 1236 5713 διανοεῖται
1260 5659 1329 5710 ἐν
1356 5657 1428 5724 τῇ
1463 5657 1678 5724 καρδίᾳ
1707 5655 1894 5710 αὑτοῦ
1913 5659 2037 5711 ἐπι-

369 5745 562 5816 μελῶς
594 5747 690 5799 ἐπὶ
724 5749 791 5799 τὰ
817 5749 1047 5814 πονηρὰ
1075 5747 1276 5811 πάσας
1311 5746 1412 5810 τὰς
1438 5745 1676 5814 ἡμέρας,

431 5828 449 5853 ⁸
473 5831 526 5880 In
548 5831 667 5882 Isaia
693 5832 871 5897 ιεείιυι·
904 5838 1162 5898 πληρῶσαι.

1396 346 1463 402 ΙΝ
1498 347 1654 403 CAP.
1683 347 1725 402 V
1763 345 1852 400 ET
1887 343 1956 400 Vl
1984 341 2230 399 GENES.
2275 340 2508 398 IIOMIL.
2549 341 2714 398 XXII.

3675 337 3776 394 19?.

2183 457 2244 502 ε’.
2271 450 2414 520 Ὅρα
2435 449 2553 514 πῶς
2581 449 2811 502 ἕκαστον
2827 445 2934 499 τῶν
2951 445 3254 518 εἰρημένων
3283 447 3519 502 δείκνυσι
3536 449 3594 500 τὺ
3623 450 3773 525 [200]

2114 537 2339 606 μέγεθος
2359 535 2468 588 τῶν
2488 533 2915 605 ἡμαρτημένων.
2935 533 3153 603 Ἐπειδὴ
3175 534 3246 602 γά
3253 551 3285 603 ρ
3311 530 3429 586 εἷπε
3453 535 3775 603 καθολικῶς,

2111 623 2193 676 ὃτι
2234 622 2732 688 Ἑπληθύνθησαν
2752 623 2811 673 al
2840 621 3041 673 κακίαι
3068 617 3186 672 τῶν
3209 620 3532 688 ἀνθρώπων
3550 623 3646 677 ἐπὶ
3669 623 3778 693 τῆς

2112 709 2244 778 γῆς,
2273 711 2542 782 ἐπήγαγε,
2576 709 2685 763 Καὶ
2716 707 2834 775 πᾶς
2865 726 2954 773 τις
2995 708 3042 760 ιι.
3074 707 3291 779 Μεγάλη
3326 709 3419 763 τοῦ
3474 713 3714 783 ῥήματος
3743 715 3778 783 ἠ

2111 796 2368 866 ἔμφασις.
2403 797 2512 866 Ούχ
2563 798 2591 850 6
2625 796 2762 858 νέος,
2800 796 2983 864 φησιν,
3013 794 3150 848 ἀλλά
3180 797 3273 849 καὶ
3315 799 3343 849 6
3373 798 3681 870 πρεσϐύτης
3710 801 3779 854 τὰ

2114 884 2253 938 αύτά
2286 883 2365 954 τῷ
2391 885 2494 953 νέῳ
2525 882 2939 953 διαπράττεταιο
2971 882 3090 934 ούδέ
3122 883 3262 952 ἀνὴρ
3299 883 3457 952 μόνον
3477 925 3490 944 ,
3517 885 3652 939 ἀλλά
3684 889 3780 940 καὶ

2114 973 2250 1042 γυνή
2272 988 2284 1001 ο
2321 972 2380 1024 ού
2411 970 2613 1033 δοῦλος,
2641 969 2774 1022 ἀλλά
2798 969 2891 1021 καὶ
2918 968 3200 1040 ἐλεύθερος
3220 985 3234 1000 ⁸
3262 971 3323 1023 οὐ
3354 971 3626 1035 πλούσιος,
3645 973 3781 1027 ἀλλά

2115 1056 2207 1108 καὶ
2233 1055 2418 1128 πένης.
2448 1056 2558 1109 Καὶ
2579 1055 2657 1119 τὸ,
2689 1054 3032 1118 Διανοεῖται,
3059 1054 3257 1126 πολλὴν
3280 1055 3392 1125 ἔχει
3416 1057 3514 1127 τὴν
3530 1057 3778 1128 δύναμιν.

2116 1143 2192 1198 Οὐ
2231 1144 2340 1214 γὰρ
2373 1145 2437 1195 ἐκ
2473 1142 2824 1214 συναρπαγῆς
2869 1142 3026 1195 τοῦτο
3058 1143 3440 1213 ὑπομένουσιν,
3475 1144 3590 1198 ἀλλ’
3619 1147 3674 1198 ἐν
3712 1151 3778 1218 τῇ

2116 1230 2314 1301 καρδίᾳ
2338 1230 2725 1299 διανοούμενοι,
2746 1233 2838 1284 καὶ
2866 1230 3036 1283 ταῦτα
3067 1231 3188 1283 καθ’
3223 1233 3460 1301 ἑκάστην
3488 1232 3635 1304 ὥραν
3658 1233 3783 1304 βου-

2113 1318 2416 1388 λευόμενοι,
2450 1319 2544 1372 καὶ
2577 1321 2634 1371 ἐν
2665 1318 2870 1382 τούτοις
2889 1318 2986 1388 τὴν
3021 1317 3252 1388 σπουδὴν
3279 1317 3512 1389 ἔχοντες,
3547 1321 3640 1374 καὶ
3662 1322 3782 1374 ούδέ

2117 1405 2304 1468 ἁπλῶς
2351 1407 2444 1459 καὶ
2476 1405 2551 1468 ὡς
2589 1405 2779 1474 ἔτυχεν
2814 1402 2962 1469 ἅπαξ
2994 1405 3025 1476 ἢ
3079 1405 3329 1476 δεύτερον
3368 1407 3785 1462 ύποσκελισθέν-

2116 1512 2205 1557 τες
2240 1494 2344 1547 ὑπὸ
2363 1495 2463 1563 τῆς
2489 1493 2782 1565 ἁμαρτίας,
2817 1493 3060 1546 ἵστανται
3091 1495 3187 1564 τῆς
3207 1494 3424 1558 κακίας,
3458 1495 3570 1547 ἀλλ’
3593 1497 3786 1566 ἐπιμε-

2116 1577 2223 1640 λῶς
2256 1577 2456 1648 ταύτην
2492 1580 2860 1648 μετέρχονται,
2895 1578 2986 1630 καὶ
3013 1578 3080 1631 τὰ
3107 1578 3319 1647 πονηρὰ
3343 1578 3782 1648 διαπράττονται·

2118 1665 2262 1718 τοῦτ’
2286 1665 2399 1718 ἐστι
2445 1665 2582 1734 μετὰ
2617 1664 2817 1734 πολλῆς
2869 1665 2968 1734 τῆς
2999 1665 3254 1734 σπουδῆς,
3281 1665 3430 1719 οὐδὲν
3468 1667 3784 1738 παρέργως,

2118 1753 2268 1805 οὐδὲν
2296 1751 2657 1822 ἠμελημένως
2688 1751 2779 1803 ὑπ’
2815 1751 2992 1802 αὐτῶν
3019 1751 3247 1819 γίνεται,
3279 1752 3397 1804 ούδέ
3420 1753 3556 1823 πρὸς
3579 1753 3790 1824 βραχὺν

2119 1839 2331 1909 χρόνον,
2358 1836 2492 1890 ἀλλὰ
2520 1837 2696 1898 πάσας
2724 1836 2819 1899 τὰς
2849 1837 3080 1908 ἡμέρας,
3114 1839 3294 1890 πᾶσαν
3313 1837 3490 1890 αὐτῶν
3513 1837 3611 1909 τὴν
3641 1839 3787 1909 ζωὴν

2121 1927 2202 1988 εἰς
2239 1925 2396 2001 τοῦτο
2445 1923 2946 1978 καταναλίσκουσιν.
2998 1921 3150 1987 Εἶδες
3183 1926 3447 1996 πονηρίας
3495 1927 3783 1991 ἐπίτασιν;

2123 2007 2257 2076 εἶδες
2314 2011 2431 2074 πῶς
2475 2010 2706 2080 μελέτην
2756 2011 2818 2063 τὸ
2871 2012 3101 2081 πρᾶγμα
3156 2011 3452 2076 ἐποιοῦντο,
3515 2012 3786 2082 ἐπιμελῶς

2123 2100 2338 2153 ἀπαντα
2379 2097 2448 2151 τὰ
2478 2099 2688 2169 πονηρά
2733 2097 3205 2168 διαπραττόμενοι,
3265 2100 3356 2152 καὶ
3407 2101 3556 2153 πᾶσα
3599 2101 3786 2170 ἡλικία

2123 2187 2260 2257 πρὸς
2293 2186 2388 2256 τὴν
2444 2186 2544 2256 τῆς
2593 2186 2790 2250 κακίας
2847 2187 3108 2256 ἐργασίαν
3147 2187 3467 2257 ηύτομόλει;
3521 2187 3647 2255 Πᾶς
3675 2207 3784 2256 τις,

2125 2273 2318 2343 φησίν·
2349 2272 2526 2343 ούδέἡ
2559 2271 2736 2342 ἀωρος
2772 2271 2976 2340 ἡλικία,
3013 2274 3134 2326 ούδέ
3170 2275 3201 2344 ὴ
3237 2275 3600 2346 ἀπειρόκακος
3630 2277 3788 2346 ἄμοι-

2125 2378 2218 2431 ρος
2247 2356 2338 2430 ἦν,
2368 2348 2484 2413 ἀλλ’
2512 2360 2714 2423 εὐθέως
2748 2360 2842 2414 καὶ
2875 2363 2938 2412 ἐκ
2972 2362 3270 2432 προοιμίων
3309 2365 3407 2434 τὴν
3449 2365 3624 2435 κακὴν
3653 2365 3785 2419 ταύ-

2123 2464 2223 2517 την
2278 2447 2508 2516 ἅμιλλαν
2559 2448 2757 2510 πάντες
2807 2447 3106 2509 ἐποιοῦντο,
3167 2449 3391 2512 ἕκαστος
3422 2450 3512 2503 τὸν
3563 2451 3786 2520 πλησίον

2125 2534 2554 2606 ὑπερϐάλλεσθαι
2587 2534 2904 2604 φιλονεικῶν
2926 2535 2986 2588 ἐν
3016 2539 3081 2606 τῇ
3114 2535 3221 2590 τῶν
3269 2538 3519 2606 πράξεων
3546 2556 3785 2610 παρανορ

2128 2620 2249 2692 μίᾳ.
2285 2620 2484 2674 Ἐννόει
2514 2622 2621 2693 γάρ
2672 2638 2762 2692 μοι
2796 2621 3032 2676 ἐνταῦθα
3059 2622 3156 2693 τὴν
3205 2623 3649 2695 ὑπερϐάλλουσαν
3691 2625 3786 2679 τοῦ

2125 2706 2330 2760 δικαίου
2360 2707 2571 2776 σοφίαν,
2602 2708 2683 2760 ὃτι
2705 2709 2761 2760 ἐν
2793 2707 3032 2776 τοσαύτῃ
3055 2709 3239 2764 κακῶν
3285 2711 3574 2782 συμφωνίᾳ
3601 2712 3788 2782 ἴσχυσε

2124 2793 2222 2863 τὴν
2252 2794 2428 2865 λύμην
2461 2794 2760 2862 διαφυγεῖν,
2785 2795 2878 2847 καὶ
2923 2795 3190 2865 μηδεμίαν
3236 2798 3483 2850 ἐντεῦθεν
3533 2799 3788 2862 δέξασθαι

2128 2881 2350 2952 βλάϐην,
2388 2880 2524 2934 ἀλλὰ
2549 2880 2798 2951 καθάπερ
2838 2880 2896 2946 ἐξ
2944 2881 3134 2951 ἐτέρας
3173 2883 3385 2952 φύσεως
3417 2887 3791 2956 συγκείμενος,

2125 2968 2297 3032 οὕτως
2337 2969 2645 3040 ἐρρωμένον
2692 2969 2945 3040 φρόνημα
2979 2969 3282 3033 ἀναλαϐὼν,
3312 2973 3406 3024 καὶ
3455 2971 3664 3025 οἴκοθεν
3696 2973 3789 3026 ἐπὶ

2124 3056 2222 3128 τὴν
2251 3056 2352 3126 τῆς
2384 3058 2583 3128 ἀρετῆς
2616 3056 2951 3127 κατόρθωσιν
3005 3055 3266 3121 σπεύσας,
3328 3059 3420 3110 καὶ
3460 3058 3557 3128 τὴν
3615 3059 3788 3130 κακὴν

2126 3143 2303 3196 αὐτῶν
2325 3144 2642 3212 συμφωνίαν
2678 3143 2920 3212 διέφυγε,
2966 3143 3059 3195 καὶ
3115 3143 3217 3213 τῆς
3261 3144 3398 3198 κατὰ
3449 3145 3663 3199 πάντων
3705 3148 3789 3200 ἐν-

2129 3231 2382 3301 εχθείσης
2421 3230 2800 3300 πανωλεθρίας
2841 3230 3000 3294 ἐκτὸς
3043 3231 3254 3298 γέγονε.
3286 3231 3397 3286 Καὶ
3429 3232 3786 3302 ἐνεθυμήθη,

2129 3320 2282 3390 φησι,
2311 3321 2524 3389 Κύριος
2553 3323 2587 3373 ό
2614 3318 2778 3384 Θεὸς,
2809 3320 2900 3371 ὅτι
2938 3319 3189 3386 ἐποίησε
3209 3320 3316 3372 τὸν
3354 3320 3666 3388 ἄνθρωπον
3688 3323 3789 3376 ἐπὶ

2127 3407 2239 3474 τῆς
2265 3407 2396 3477 γῆς.
2429 3409 2567 3477 Ὅρα
2598 3407 2760 3460 πάλιν
2793 3405 2989 3471 λέξεως
3018 3407 3300 3477 παχύτητα
3326 3409 3418 3460 καὶ
3444 3410 3790 3476 συγκαταϐα-

2128 3509 2230 3545 σιν.
2283 3492 2671 3561 Ἐνεθυμήθη,
2719 3492 2903 3562 φησιν,
2945 3495 3064 3546 ἀντὶ
3096 3493 3212 3556 τοῦ,
3249 3495 3636 3566 Μετεμεληθη·
3689 3497 3788 3548 οὐκ

2127 3578 2314 3650 ἐπειδὴ
2343 3578 2723 3649 μεταμελεῖται
2749 3579 2912 3641 Θεόςο
2948 3580 3022 3647 μὴ
3065 3580 3300 3646 γένοιτο·
3355 3579 3490 3633 ἀλλά
3519 3580 3658 3633 κατά
3691 3580 3790 3651 τὴν

2129 3666 2413 3737 συνήθειαν
2433 3666 2528 3734 τὴν
2557 3665 2899 3734 ἀνθρωπίνην
2918 3667 3046 3734 ἡμῖν
3068 3665 3370 3732 διαλέγεται
3389 3668 3420 3736 ἡ
3441 3667 3556 3718 θεία
3576 3668 3786 3738 Γραφὴ,

2128 3753 2214 3806 ἵνα
2241 3751 2424 3822 διδάξῃ
2445 3753 2612 3822 ἡμᾶς,
2644 3752 2725 3804 ὅτι
2756 3753 2788 3821 ἡ
2820 3751 3091 3822 ὑπερϐολὴ
3122 3751 3229 3804 τῶν
3255 3753 3662 3824 ἡμαρτημένων
3691 3757 3789 3807 αὑ-

2126 3845 2236 3902 τοῖς
2264 3843 2343 3902 είς
2389 3839 2655 3907 τοσαύτην
2701 3839 3069 3909 ἀγανάκτησιν
3120 3841 3209 3892 τὸν
3239 3841 3612 3912 φιλάνθρωπον
3659 3844 3790 3897 Θεὸν

2127 3923 2321 3997 ἤγαγε.
2371 3925 2482 3980 Καὶ
2534 3923 2887 3992 ἐνεθυμήθη,
2947 3925 3102 3993 φησὶ,
3145 3927 3360 3992 Κύριος
3409 3929 3442 3979 ό
3495 3929 3656 3993 Θεὸς,
3697 3929 3788 3983 ὅτι

2127 4015 2375 4080 ἐποίησε
2397 4014 2503 4066 τὸν
2530 4013 2841 4080 ἄνθρωπον
2858 4013 2956 4064 ἐπὶ
2981 4011 3088 4080 τῆς
3109 4012 3240 4081 γῆς.
3263 4014 3354 4084 Μὴ
3376 4015 3483 4084 γὰρ
3505 4015 3592 4067 διὰ
3611 4016 3786 4081 τοῦτο,

2129 4101 2281 4169 φησι,
2316 4099 2477 4155 αὐτὸν
2506 4100 2848 4169 παρήγαγον,
2897 4098 2984 4152 ἵνα
3011 4101 3090 4160 εἰς
3119 4099 3371 4153 τοσοῦτον
3411 4101 3622 4153 ὄλισθον
3661 4118 3791 4154 κατ-

2128 4189 2363 4258 ἐνεχθεὶς
2390 4186 2659 4248 ἀπωλείας
2690 4185 2866 4255 ἐαυτῷ
2891 4185 3060 4248 αἴτιος
3083 4188 3320 4256 καταστῇ
3351 4203 3364 4251 ;
3413 4187 3510 4240 Διά
3539 4187 3698 4240 τοῦτο
3731 4189 3792 4253 ἐξ

2129 4277 2301 4346 ἀρχῆς
2344 4274 2439 4328 καὶ
2479 4277 2542 4328 ἐκ
2575 4274 2874 4344 προοιμίων
2923 4273 3192 4342 τοσαύτης
3235 4273 3442 4344 ἠξίωσα
3500 4277 3661 4328 αὑτὸν
3692 4277 3790 4346 τῆς

2127 4365 2312 4433 τιμῆς,
2346 4362 2440 4416 καὶ
2472 4361 2737 4432 τοσαύτην
2785 4361 2911 4430 περὶ
2940 4361 3100 4413 αὑτὸν
3131 4361 3492 4430 ἐπεδειξάμην
3530 4363 3630 4432 τὴν
3660 4364 3792 4433 πρό-

2129 4466 2298 4514 νοιαν,
2336 4451 2420 4502 ἵνα
2446 4449 2544 4518 τὴν
2572 4449 2772 4519 ἀρετὴν
2805 4448 3056 4511 ἐλόμενος
3081 4447 3236 4509 ἐκτὸς
3263 4448 3360 4516 τῆς
3383 4447 3654 4510 ἀπωλείας
3692 4449 3788 4515 γέο

2128 4555 2305 4606 νηται.
2342 4536 2557 4605 Ἐπειδὴ
2590 4537 2647 4588 δέ
2669 4536 2767 4588 ούκ
2788 4537 2867 4598 είς
2889 4535 3007 4586 δέον
3023 4535 3290 4605 ἐχρήσατο
3317 4538 3383 4606 τῇ
3413 4536 3601 4605 φιλανθ
3612 4537 3791 4607 ρωπίᾳ

2127 4627 2194 4694 τῇ
2224 4626 2354 4695 ἐμῇ,
2391 4623 2597 4692 βέλτιον
2629 4621 2813 4675 λοιπὸν
2841 4621 3142 4691 ἐκκοπῆναι
3171 4622 3331 4674 αὑτοῦ
3354 4623 3450 4694 τὴν
3468 4625 3642 4694 κακὴν
3671 4626 3790 4676 ἐπι·
3850 4643 3858 4651 ·

2129 4712 2396 4784 χείρησιν.
2459 4710 2569 4764 Καὶ
2605 4707 2904 4776 διενοήθη..
2940 4709 3037 4762 καί
3076 4705 3206 4762 εἷπε
3255 4711 3468 4776 Κύριος
3518 4714 3552 4763 ό
3607 4712 3787 4776 Θεός·

2143 4801 2470 4868 Ἀπαλείψω
2497 4797 2602 4852 τὸν
2625 4797 2936 4863 ἄνθρωπον
2964 4795 3035 4848 ὃν
3045 4796 3304 4862 ἐποίησα
3325 4797 3443 4850 ἀπὸ
3467 4795 3792 4862 προσώπου

2130 4888 2240 4956 τῆς
2262 4886 2390 4958 γῆς,
2418 4886 2536 4941 ἀπὸ
2559 4885 2873 4952 ἀνθρώπου
2893 4883 3003 4946 ἕως
3037 4882 3318 4947 κτήνους,
3349 4883 3443 4934 καί
3471 4882 3587 4934 ἀπὸ
3615 4883 3790 4950 ἑρπεο

2129 4976 2249 5030 τῶν
2275 4976 2384 5039 ἕως
2407 4971 2694 5026 πετεινῶν
2713 4970 2818 5025 τοῦ
2834 4969 3117 5037 οὐρανοῦ,
3147 4967 3237 5021 ὅτι
3264 4967 3658 5036 ἐνεθυμήθην,
3701 4971 3792 5024 ὅτι

2129 5064 2385 5131 ἐποίησα
2413 5062 2650 5125 αὐτούς.
2678 5059 2766 5111 Τὰ.
2783 5059 2914 5126 παρ’
2945 5055 3092 5127 [ΞΜ]
3121 5055 3357 5126 ἐμαυτοῦ
3387 5055 3582 5118 πάντα,
3603 5058 3788 5127 φησιν,

2131 5151 2510 5220 ἐπεδειξάμην.
2552 5148 2684 5201 Ἀπὸ
2711 5145 2802 5199 τοῦ
2851 5147 2924 5216 μὴ
2963 5144 3114 5206 ϐντος
3158 5145 3238 5206 είς
3270 5143 3331 5195 τὸ
3363 5138 3503 5196 εἶναι
3545 5147 3795 5215 παρήγα-

2131 5257 2246 5307 γον,
2279 5237 2374 5307 τὴν
2404 5236 2604 5303 γνῶσιν
2651 5233 2759 5285 τῶν
2794 5233 3083 5302 πρακτέων
3112 5231 3204 5283 καὶ
3233 5230 3343 5284 τῶν
3378 5232 3451 5301 μὴ
3503 5232 3792 5301 πρακτέων

2133 5327 2364 5395 ἐνέθηκα
2388 5326 2454 5393 τῇ
2494 5322 2674 5390 φύσει,
2701 5322 2760 5372 τὸ
2803 5319 3145 5383 αὐτεξούσιον
3185 5319 3570 5390 ἐδωρησάμην,
3598 5320 3793 5388 ἀφάτῳ

2132 5418 2197 5485 τῇ
2233 5409 2580 5482 μακροθυμίᾳ
2606 5407 2946 5476 ἐχρησάμην,
2981 5407 3072 5458 καὶ
3105 5407 3243 5477 μετά
3272 5407 3364 5458 τὸν
3415 5406 3580 5459 πολὺν
3604 5407 3792 5475 χρόνον

2132 5501 2358 5562 ἐκεῖνον,
2415 5495 2508 5546 καὶ
2561 5493 2658 5561 τὴν
2712 5493 3121 5561 ἀγανάκτησιν,
3167 5492 3259 5544 καὶ
3293 5492 3390 5561 τὴν
3435 5490 3683 5558 ἀπειλὴν,
3724 5491 3791 5558 ἢν

2133 5584 2304 5646 εἷπον,
2326 5584 2418 5636 καὶ
2436 5580 2624 5650 ἑτέραν
2660 5578 2994 5651 προθεσμίαν
3013 5578 3206 5650 ὥρισα,
3245 5579 3566 5648 βουλόμενος
3597 5575 3791 5637 αὐτοὺς

2195 5829 2223 5876 ι›
2250 5827 2465 5887 Quatuor
2509 5840 2618 5874 mss.
2657 5829 2744 5878 πᾶς
2791 5824 2940 5876 ὅστις.
