4066 6140
461 329 571 386 ﬂii

459 451 580 515 quis
607 446 767 500 etiam
789 443 866 498 sic
890 441 1021 496 nihil
1052 439 1344 506 lucrifacio,
1375 453 1473 494 nee
1500 436 1738 508 proficio,
1780 435 1923 504 cogit
1948 448 2043 490 nc-

457 539 680 590 ccssitas
709 546 766 588 ut
793 534 966 587 minas
994 547 1157 601 opere
1179 531 1497 601 compleam,
1523 539 1578 584 et
1601 528 1850 583 omnibus
1869 525 2042 581 modis

459 627 626 681 deleri
652 626 774 680 illos
793 641 1004 690 curem,
1035 640 1097 679 ac
1119 625 1258 678 sicut
1297 623 1493 677 malum
1519 620 1784 691 quoddam
1813 618 2045 673 fermen-

459 737 572 781 tum
610 721 853 775 aboleatn
905 727 1074 772 totum
1122 716 1331 771 illorqu
1375 729 1563 784 genus,
1599 721 1757 768 utne
1788 711 2046 780 posterio-

456 817 608 870 ribus
633 809 1068 883 generationibus
1094 807 1346 877 peccandi
1372 806 1618 860 doctores
1645 803 1792 857 fiant.
1822 802 1890 856 Εἰ
1914 803 2045 856 dixit

464 909 712 962 Dominus
756 905 893 958 Deus
928 919 945 958 :
980 902 1166 956 Delebo
1208 899 1460 955 hominem
1501 913 1649 968 quem
1699 897 1798 968 feci
1849 912 1881 948 a
1915 895 2046 960 {acie

461 1009 628 1063 terra,
675 995 740 1050 ab
787 997 989 1050 homine
1030 1008 1186 1063 usque
1229 994 1296 1046 ad
1339 1006 1509 1060 pecus.
1540 987 1658 1044 Jam
1687 987 1826 1042 forte
1847 985 2044 1042 dixerit

458 1090 652 1162 aliquis
675 1108 689 1144 :
715 1091 890 1158 Quare
912 1102 1032 1142 cum
1056 1086 1216 1142 homo
1245 1087 1296 1140 in
1321 1085 1520 1138 malum
1545 1084 1852 1151 declinavit,
1883 1085 2044 1140 etiam

457 1182 612 1238 brtita
656 1169 899 1236 eamdem
945 1193 1157 1251 poenam
1185 1177 1490 1232 sustinent?
1515 1176 1705 1232 Merito
1731 1192 1882 1232 sane.
1905 1175 2044 1231 Nunt

459 1283 680 1343 propter
724 1289 878 1328 suum
925 1274 1157 1342 ipsorum
1200 1287 1355 1324 usum
1399 1269 1655 1340 producta
1705 1277 1833 1324 sunt
1861 1267 2047 1323 bruta?

355 1361 362 1366 ’
462 1364 686 1434 Propter
712 1365 979 1419 hominem
999 1363 1133 1418 facta
1162 1372 1283 1416 sunt
1300 1361 1414 1432 (a).
1433 1361 1562 1415 Cum
1588 1359 1674 1414 hic
1699 1359 1857 1426 igitur
1879 1373 1910 1414 e
1936 1373 2050 1416 tne-

460 1459 552 1513 dio
600 1459 892 1525 auferatur,
939 1458 1060 1527 quis
1107 1457 1316 1510 illorum
1356 1469 1486 1509 usus
1525 1454 1704 1510 esset?
1753 1453 1954 1509 Idcirco
1993 1463 2048 1509 et

463 1550 619 1604 istam
672 1564 884 1618 pinnam
935 1563 1274 1603 communem
1324 1547 1520 1611 ferunt,
1569 1559 1622 1601 ut
1669 1547 2048 1617 indignationis

460 1643 773 1712 gravitatem
814 1641 1118 1696 addiscatis.
1153 1641 1221 1696 Et
1247 1629 1386 1695 sicut
1409 1640 1476 1694 ab
1509 1639 1662 1695 initio
1685 1655 1806 1694 cum
1846 1639 2048 1709 primus

463 1735 626 1789 homo
651 1743 945 1804 peccasset,
976 1744 1116 1789 terra
1145 1732 1575 1788 maledictionem
1603 1733 1811 1803 accepit
1842 1750 1856 1786 :
1887 1731 1966 1786 sic
1995 1739 2050 1786 et

463 1842 604 1882 nunc
628 1842 748 1881 cum
791 1825 1088 1880 abolendus
1117 1834 1260 1879 esset
1289 1823 1468 1885 homo,
1510 1824 1665 1878 bruta
1690 1836 1906 1892 quoque
1932 1821 2045 1876 cla—

461 1920 544 1975 dis
567 1922 711 1976 socia
742 1922 894 1974 fiunt.
923 1917 1379 1987 Quemadmodum
1407 1917 1548 1972 enim
1585 1931 1708 1972 cum
1737 1915 1897 1969 homo
1923 1929 2046 1984 gra-

466 2021 550 2066 tus
579 2011 634 2066 (it
662 2011 796 2074 Deo,
826 2021 1068 2066 creatura
1116 2024 1326 2079 quoque
1365 2008 1609 2062 humanae
1637 2006 1904 2062 fclicitatis
1929 2021 2052 2075 par-

464 2103 632 2172 ticeps
671 2111 774 2166 est,
825 2103 964 2156 sicut
1003 2101 1189 2156 beatus
1219 2100 1412 2155 Paulus
1458 2099 1663 2170 inquit:
1698 2097 1834 2165 Quia
1865 2109 1910 2151 et
1935 2100 2050 2166 ipsa

462 2204 694 2248 uentura
722 2193 1012 2248 liberabitur
1049 2208 1084 2247 a
1113 2193 1348 2247 servitute
1383 2191 1717 2261 corruptionis
1757 2191 1809 2243 in
1840 2189 2048 2243 liberta-

465 2295 564 2340 tem
607 2285 830 2354 ﬁliorum
873 2284 1052 2354 giarite
1093 2283 1191 2338 Dei
1235 2283 1408 2354 (Rom.
1437 2284 1490 2340 8.
1520 2282 1649 2353 Si):
1677 2282 1755 2339 sic
1799 2291 1858 2337 et
1906 2295 2049 2335 nunc

462 2390 583 2430 cum
612 2374 773 2430 homo
793 2373 866 2429 ob
891 2373 1278 2429 multitudinem
1298 2381 1633 2442 peccatortnn
1657 2371 1975 2443 puniendus,
1995 2378 2050 2426 et

465 2466 1046 2536 universali-perditioni
1059 2465 1346 2521 tradendus
1370 2475 1530 2532 esset,
1546 2465 1704 2520 etiam
1712 2464 1976 2534 jnmenta,
1993 2471 2051 2520 et

464 2557 694 2625 reptilia,
712 2566 766 2611 et
784 2557 1011 2614 volatilia
1035 2557 1150 2612 εωιί
1165 2557 1321 2612 simul
1338 2566 1564 2626 pereunt
1579 2556 1795 2623 diluvio,
1813 2555 1954 2626 quod
1970 2565 2054 2611 to-

467 2659 577 2702 tum
604 2648 788 2703 orbem
805 2649 1113 2703 invasurunt
1142 2657 1278 2705 erat.
1303 2649 1370 2705 Et
1389 2653 1525 2704 sicut
1549 2648 1603 2703 in
1622 2648 1806 2716 domo,
1833 2645 2050 2719 quando

467 2741 512 2796 is
533 2741 624 2811 qui
652 2749 844 2810 praeest
869 2744 926 2796 in
974 2741 1388 2811 indignationem
1413 2741 1614 2796 domini
1637 2740 1844 2802 incidit,
1875 2741 2050 2796 solent

465 2833 818 2888 eomministri
861 2847 1050 2888 omnes
1093 2833 1142 2889 ei
1170 2832 1458 2887 condolere
1483 2849 1495 2885 :
1525 2832 1596 2886 ita
1619 2841 1672 2886 et
1699 2831 1787 2886 hic
1814 2831 1964 2899 quasi
1995 2831 2048 2885 in

467 2925 626 2979 domo
671 2923 974 2978 hominibus
1005 2923 1372 2993 pereuntibus,
1416 2923 1595 2977 omnia
1639 2937 1757 2992 qua:
1789 2923 1839 2976 in
1869 2924 2048 2988 domo,

466 3027 521 3071 et
574 3032 694 3087 quae
744 3017 845 3071 sub
893 3017 1036 3071 illius
1084 3026 1238 3071 erant
1284 3016 1547 3080 dominio,
1600 3031 1820 3071 necesse
1869 3014 2049 3069 fuitin

469 3107 712 3163 eamdem
741 3123 950 3176 pinnam
983 3107 1235 3162 incidant.
1267 3107 1334 3160 Et
1361 3123 1556 3162 mecmn
1587 3107 1834 3174 reputavi,
1859 3108 2047 3176 inquit,

470 3199 604 3266 quod
635 3199 836 3269 fecerim
877 3199 1012 3254 illos.
1069 3198 1245 3252 Verbo
1289 3197 1391 3252 hoc
1427 3206 1684 3266 quantum
1733 3212 1791 3252 se
1852 3207 2052 3252 nostra:

472 3291 756 3346 humilitati
795 3289 1154 3360 attetnperat?
1192 3289 1330 3344 Num
1375 3289 1638 3351 volebam,
1685 3290 1873 3357 inquit,
1907 3297 2051 3342 tanta

471 3382 588 3436 illos
612 3396 768 3452 poema
797 3380 991 3450 plecti?
1032 3380 1132 3449 Ipsi
1161 3395 1248 3434 me
1270 3389 1608 3450 peccauirum
1645 3379 1972 3433 immanitate
2001 3378 2052 3432 in

472 3485 672 3531 tantam
717 3475 1032 3529 invenerim
1079 3473 1516 3542 indignationem.
1563 3469 1830 3524 Caeterum
1856 3484 1924 3523 ne
1953 3483 2053 3538 pu-

473 3578 646 3623 temus
667 3565 1028 3622 omnimodam
1054 3565 1394 3619 abolitionem
1424 3563 1638 3617 humani
1681 3562 1889 3633 generis
1916 3560 2051 3629 fieri,

474 3661 827 3730 mdicitusque
855 3670 1094 3715 naturam
1123 3668 1358 3713 nostram
1389 3658 1762 3714 cradicandam
1792 3674 1806 3711 :
1847 3655 1943 3713 sed
1968 3655 2058 3710 di-

473 3767 684 3808 scamus
726 3761 980 3822 quantttm
1023 3752 1220 3805 tnalum
1277 3751 1345 3805 sit
1385 3759 1683 3821 peccatum,
1719 3758 1774 3804 et
1799 3759 2055 3820 quantum

476 3845 670 3900 bonum
691 3845 860 3899 virtus
888 3852 987 3920 :et
1010 3842 1150 3914 quod
1177 3842 1363 3896 melior
1385 3843 1456 3896 sit
1479 3856 1616 3896 unus
1641 3839 1840 3897 faciens
1864 3840 2058 3895 volun-

476 3945 635 3990 tatem
681 3936 910 4000 Dohtini,
955 3949 1112 4004 quam
1154 3933 1338 3988 decem
1379 3933 1542 3987 millia
1589 3931 2055 4003 pnevaricatorum

480 4025 663 4098 (Eccli.
692 4027 781 4081 16.
803 4028 879 4095 3),
908 4026 1033 4080 dicit
1069 4042 1083 4079 :
1114 4025 1168 4082 8.
1203 4022 1316 4079 Noe
1340 4035 1503 4077 autem
1531 4024 1715 4078 invenit
1735 4024 1948 4095 gratiam
1970 4041 2059 4077 co-

475 4135 584 4171 ram
618 4117 830 4171 Domino
861 4116 987 4174 Deo.
1017 4114 1252 4170 Tametsi
1295 4115 1577 4169 multitudo
1619 4117 1823 4178 omnis,
1865 4115 2057 4184 inquit,

478 4213 529 4264 in
561 4221 759 4265 tantam
792 4211 1045 4263 malitiam
1075 4208 1343 4275 inciderit,
1385 4208 1558 4277 justus
1589 4218 1766 4262 tamen
1799 4207 1884 4263 hic
1913 4209 2057 4262 scin-

479 4307 641 4360 tillam
669 4305 879 4358 virtutis
907 4305 1170 4371 servavit,
1206 4304 1331 4359 dum
1361 4302 1445 4356 his
1471 4302 1719 4355 omnibus
1746 4301 1890 4355 omni
1919 4309 2056 4354 tem-

477 4413 606 4466 pore
654 4397 907 4466 loquitur,
955 4403 1011 4449 et
1033 4395 1161 4448 dum
1189 4393 1503 4448 adhortatur
1533 4400 1643 4446 uta
1671 4391 1870 4446 malitia
1913 4389 2060 4446 desi-

475 4497 640 4551 stant,
667 4487 827 4542 simul
851 4503 912 4542 se
936 4487 1144 4542 interim
1174 4486 1399 4542 liberum
1424 4485 1492 4540 ab
1518 4485 1726 4540 illorum
1760 4485 1845 4539 lue
1871 4498 2061 4540 serva-

476 4581 568 4634 vit.
593 4580 814 4649 Insuper
835 4580 975 4634 sicut
997 4579 1069 4633 illi
1096 4577 1248 4631 malis
1271 4577 1521 4645 cperibus
1546 4577 1862 4631 clementem
1889 4576 2058 4630 Deum

476 4671 542 4726 ad
589 4671 1005 4743 indignationem
1050 4680 1466 4740 provocaverant
1510 4687 1522 4722 :
1574 4673 1650 4724 sic
1697 4669 1831 4739 ipse,
1867 4670 2060 4724 virtute

480 4763 707 4830 pollens,
745 4764 973 4819 Gratiam
1016 4764 1200 4816 invenit
1228 4779 1396 4816 coram
1441 4760 1658 4814 Domino
1687 4759 1811 4818 Deo.
1843 4758 1962 4813 Non
1991 4769 2062 4813 est

481 4852 621 4905 enim
655 4869 980 4921 personarum
1005 4862 1239 4922 acceptor
1265 4851 1396 4906 Deus
1419 4851 1556 4922 (Act.
1591 4850 1677 4905 10.
1710 4851 1820 4921 54).
1866 4848 2059 4904 Verum

478 4950 532 4995 et
575 4942 621 4996 si
673 4941 726 4995 in
772 4953 915 4996 tanta
959 4943 1295 4997 multitudine
1324 4943 1558 4996 inveniat
1599 4940 1867 4996 hominem
1901 4958 2060 4995 unum

479 5047 605 5101 quae
643 5033 743 5087 sibi
782 5033 971 5102 placita
996 5043 1119 5088 sunt
1161 5034 1464 5098 facientem,
1515 5048 1618 5087 non
1669 5033 1936 5102 despicit:
1968 5033 2062 5087 sed

480 5137 576 5177 sua
606 5123 755 5178 illum
785 5124 1034 5192 dignatur
1061 5139 1209 5191 cura,
1250 5134 1305 5179 et
1343 5134 1490 5179 tanto
1517 5125 1771 5194 majorem
1803 5125 1946 5179 illius
1979 5142 2062 5179 ra-

482 5216 681 5270 tionem
729 5215 910 5280 habet,
955 5224 1173 5284 quanto,
1219 5230 1338 5268 cum
1372 5225 1448 5270 tot
1487 5217 1724 5285 tantique
1750 5225 1851 5268 smt
1880 5217 1966 5286 qui
1996 5217 2061 5270 ad

479 5307 678 5360 ntal‘uut
726 5322 847 5360 cum
888 5305 1125 5368 trahunt,
1170 5305 1282 5374 ipse
1323 5309 1654 5362 constantius
1686 5309 1894 5361 virtutis
1925 5309 2058 5361 viain

476 5411 709 5454 sectatus
737 5409 846 5456 εει.

606 5541 612 5550 ε

557 5617 612 5680 a)
652 5625 783 5668 Itane
819 5619 1080 5680 lectionem
1116 5616 1468 5680 amplectimur.
1503 5617 1620 5667 licet
1658 5619 1706 5667 in
1741 5631 1840 5667 uno
1874 5629 2060 5670 tantum

664 5686 962 5745 compareat.
1010 5677 1068 5728 In
1089 5677 1422 5728 aliis‘deernnt
1443 5679 1522 5726 ba:
1549 5692 1709 5736 voces.
1733 5680 1902 5732 nutrito
1923 5695 2056 5744 state,

477 5753 755 5815 έΕἱκότως),
777 5759 829 5803 et
849 5765 1019 5801 manca
1043 5747 1294 5800 sententia
1318 5745 1608 5798 ridebatur.

1357 321 1424 377 ΙΝ
1457 319 1616 376 CAP.
1655 318 1720 372 Ὺ.
1761 315 1847 372 ΕΤ
1889 313 1976 368 Vl.
2015 311 2259 369 GENES.
2308 314 2535 370 HOMII“
2580 316 2726 372 XXI!

3623 327 3726 383 191

2231 431 2284 486 6.
2325 429 2532 486 Marciis
2575 432 2875 497 exhortatio,
2927 435 3196 488 avaritiam
3219 437 3272 491 in
3316 439 3526 492 decursu
3569 443 3728 500 Ιιογω·

2147 523 2301 576 tionis
2329 524 2590 593 pro/ligat.
2621 553 2693 564 ——
2718 524 2772 579 id
2802 525 3049 592 scientes,
3078 527 3144 582 ad
3170 527 3222 582 id
3246 544 3406 583 unum
3431 545 3735 599 spectemus

2150 612 2289 681 quod
2313 614 2410 682 ipsi
2439 614 2629 682 placet,
2653 624 2707 668 et
2730 615 2892 670 efficit
2923 626 2978 670 ut
2999 616 3164 686 ipsius
3183 620 3404 688 gratiam
3427 621 3580 676 nobis
3599 636 3739 678 con-

2150 703 2390 757 ciiieutus
2415 722 2430 757 :
2464 721 2634 776 neque
2656 705 2925 761 hominum
2955 708 3222 775 attticitiaz,
3249 727 3420 781 neque
3449 724 3744 774 consuetu-

2137 791 2258 847 .diui
2287 794 2355 848 ita
2392 795 2708 860 serviamus,
2742 804 2800 851 ut
2831 798 3038 853 virtutis
3063 800 3311 856 faciamus
3331 802 3612 870 jacturam,
3637 809 3736 864 sed

2154 883 2246 938 Dei
2301 886 2602 951 tolerantia,
2635 899 2790 958 prout
2828 890 3004 956 decet,
3037 900 3247 946 utantur
3272 910 3286 946 :
3316 902 3370 949 et
3403 895 3531 950 dum
3560 895 3740 953 adhuc

2151 983 2359 1047 tempus
2400 977 2676 1046 habemus,
2707 996 2918 1036 omnem
2949 982 3278 1052 deponentes
3305 985 3589 1056 ignaviam,
3623 989 3738 1046 vir-

2153 1077 2316 1122 tutem
2363 1086 2622 1136 amemus,
2675 1083 3054 1144 peccatumque
3099 1077 3222 1131 odio
3266 1077 3573 1138 habeamus.
3621 1081 3740 1140 Nisi

2126 1161 2294 1214 .enim
2319 1171 2376 1216 et
2393 1162 2458 1215 ad
2488 1164 2640 1218 istaut
2661 1180 2845 1222 amore
2868 1176 2922 1222 et
2939 1168 3204 1224 desiderio
3223 1171 3451 1240 quodam
3474 1174 3734 1232 immenso

2149 1265 2250 1304 nos
2276 1251 2681 1321 contulerimus,
2728 1264 2783 1311 ct
2804 1258 3090 1326 nequitiam
3119 1261 3273 1316 valde
3298 1261 3568 1318 oderimus
3598 1281 3614 1318 :
3641 1281 3735 1320 ne-

2149 1357 2256 1410 que
2283 1342 2440 1413 hujus
2467 1345 2717 1400 damnum
2745 1348 2999 1418 eli‘ugere,
3053 1366 3225 1421 neque
3274 1354 3414 1409 illam
3446 1356 3734 1426 amplexari

2155 1431 2464 1499 poterimus.
2493 1433 2643 1501 Quod
2672 1437 2811 1490 enim
2840 1439 3008 1492 virtus
3031 1454 3165 1509 opus
3197 1441 3388 1498 habeat
3409 1444 3474 1498 iis
3501 1447 3589 1516 qui
3615 1463 3733 1501 eam

2154 1524 2558 1591 concupiscunt.
2593 1535 2646 1580 et
2673 1527 2785 1596 ejus
2816 1529 3079 1584 desiderio
3122 1532 3492 1601 esardescunt,
3540 1537 3607 1592 de
3636 1537 3738 1594 hoc

2153 1613 2466 1682 prophetam
2517 1617 2640 1670 atrJi
2707 1618 2970 1674 dicentem
3004 1620 3255 1677 :Judicia
3310 1623 3514 1680 Domini
3577 1645 3734 1696 vero,

2143 1703 2428 1772 justiﬁcala
2474 1707 2526 1759 in
2571 1708 2827 1778 idipsum,
2878 1710 3230 1766 desiderabilia
3274 1731 3425 1784 super
3466 1733 3646 1770 aurum
3690 1730 3736 1772 et

2147 1794 2375 1865 lapidem
2414 1801 2685 1866 pretiosth
2711 1803 2922 1855 multum
2961 1803 3134 1872 (Paul.
3167 1806 3252 1860 18.
3286 1806 3374 1876 10)
3403 1824 3420 1861 :
3463 1823 3566 1862 non
3596 1813 3735 1880 quod

2153 1904 2258 1944 non
2289 1890 2458 1960 magis
2479 1890 2879 1960 desiderabilia,
2911 1896 3005 1950 sed
3034 1897 3158 1966 quia
3199 1899 3338 1969 apud
3379 1917 3477 1955 nos
3518 1918 3623 1957 non
3651 1905 3737 1959 in-

2153 1985 2435 2038 veniuntur
2460 1985 2584 2049 alia,
2630 2002 2752 2056 qum
2807 1986 2888 2041 Itis
2941 1991 3180 2044 materiis
3225 1991 3330 2046 sint
3379 1993 3734 2061 pretiosiora:

2155 2083 2434 2143 propterea
2483 2076 2658 2130 subdit
2693 2095 2707 2132 :
2738 2077 2806 2131 Et
2833 2078 3060 2133 dulciora
3083 2095 3236 2152 super
3260 2085 3357 2138 md
3384 2094 3430 2138 et
3458 2090 3645 2156 finium.
3676 2089 3740 2142 Et

2154 2166 2240 2222 hic
2264 2183 2475 2238 quoque
2505 2170 2628 2238 quia
2670 2185 2772 2224 non
2827 2172 3028 2228 invenit
3053 2173 3195 2244 quod
3225 2187 3411 2232 natura
3439 2182 3597 2236 melle
3619 2181 3740 2236 dul-

2149 2256 2267 2310 eius
2293 2266 2472 2323 esset,
2505 2259 2599 2312 hac
2629 2259 2976 2316 similitudine
3005 2279 3132 2319 usus
3181 2275 3282 2320 est.
3333 2267 3498 2337 igitur
3541 2271 3678 2325 sicut
3705 2272 3738 2325 ii

2149 2347 2240 2416 qui
2263 2348 2318 2401 in
2340 2347 2546 2416 ;opibus
2574 2349 2887 2419 colligendis
2911 2349 3184 2410 insaniunt
3223 2355 3490 2413 desiderio
3516 2368 3570 2413 et
3609 2373 3740 2416 con-

2153 2435 2479 2504 cupiscentia
2507 2438 2756 2506 quadam,
2789 2440 2842 2494 in
2873 2440 2976 2496 hoc
3005 2443 3318 2499 incumbunt
3345 2462 3536 2516 magno
3568 2449 3743 2504 studio

2155 2539 2211 2581 et
2238 2536 2452 2594 conatu,
2476 2540 2532 2584 et
2562 2546 2849 2599 numquam
2873 2533 3158 2601 explentur
3200 2553 3212 2586 :
3242 2538 3460 2593 aiaritia
3485 2540 3626 2594 enim
3657 2541 3740 2594 in-

2156 2617 2414 2673 satiabilis
2457 2627 2540 2673 est
2589 2619 2944 2677 ebrietas:et
2987 2624 3126 2678 sicut
3173 2626 3328 2690 ebrii,
3377 2638 3573 2697 quanto
3624 2632 3743 2701 plus

2157 2708 2282 2761 vino
2306 2721 2368 2763 se
2415 2707 2757 2779 iugurgitant,
2789 2720 2936 2767 tanto
2962 2713 3128 2783 magis
3153 2715 3220 2769 ad
3246 2717 3388 2773 sitim
3413 2719 3748 2777 inﬂamman-

2158 2807 2241 2854 tur
2269 2816 2283 2853 :
2314 2800 2392 2855 sic
2441 2809 2499 2855 et
2551 2802 2635 2856 isti
2680 2819 2891 2873 quoque
2943 2805 3200 2860 insaniam
3252 2808 3391 2864 hanc
3437 2811 3755 2868 indomitam.

2155 2905 2445 2960 numquam
2465 2893 2659 2949 sistere
2684 2903 2924 2963 possunt,
2947 2896 3043 2951 sed
3065 2907 3267 2966 quanto
3290 2901 3456 2970 magis
3478 2917 3744 2972 suasopi-s

2153 2982 2338 3051 augeri
2367 2983 2564 3048 vident,
2591 2991 2738 3039 tanto
2760 2997 2816 3038 et
2841 2987 3270 3056 concupiscentia
3292 2991 3462 3060 magis
3489 2991 3740 3063 flagrant:

2149 3089 2330 3144 neque
2352 3085 2509 3129 antea
2538 3091 2566 3128 a
2594 3077 2830 3144 pessimo
2856 3080 3094 3147 appetitu
3137 3081 3238 3135 hoc
3265 3081 3547 3149 absistunt,
3578 3085 3744 3141 donec

2159 3168 2213 3218 in
2256 3165 2427 3234 ipsum
2469 3166 2686 3219 malitia:
2733 3166 3050 3234 profundum
3076 3168 3475 3227 descenderint.
3504 3173 3674 3244 Igitur
3699 3177 3746 3231 si

2158 3256 2232 3310 illi
2263 3256 2618 3326 perniciosam
2647 3256 2785 3312 hanc
2827 3259 3309 3326 concupiscentiam
3337 3264 3593 3320 malorum
3631 3283 3748 3320 ctu-

2158 3347 2304 3401 nium
2353 3362 2569 3404 causam
2598 3363 2720 3402 cum
2767 3357 2908 3404 tanta
2946 3352 3293 3408 contentione
3318 3365 3507 3408 curant
3537 3373 3552 3409 :
3580 3358 3748 3412 multo

2153 3436 2348 3506 justius
2363 3447 2444 3492 est
2463 3451 2561 3491 nos
2569 3437 2766 3508 judicia
2789 3439 3017 3508 Domini,
3032 3456 3153 3512 quze
3169 3457 3329 3511 super
3340 3458 3525 3499 aurum
3542 3455 3664 3501 sunt
3688 3456 3742 3502 et

2153 3528 2388 3599 lapidein
2418 3529 2708 3600 pretiosum
2750 3531 3000 3600 multum,
3030 3547 3246 3601 semper
3270 3535 3322 3588 in
3363 3547 3542 3591 mente
3566 3547 3760 3591 nostra

2161 3634 2396 3685 versare,
2430 3621 2666 3691 nihilque
2705 3623 2988 3692 pretiosius
3013 3624 3212 3680 virtute
3261 3627 3374 3696 ipsa
3402 3630 3707 3684 eaist'nn-are
3729 3672 3745 3696 ,

2162 3712 2256 3766 sed
2304 3712 2617 3768 exscindere
2644 3728 2709 3767 ex
2736 3715 2916 3767 animo
2955 3726 3139 3769 nostro
3177 3715 3486 3773 ati'ectiones
3513 3718 3630 3774 illas
3655 3735 3762 3789 pit--

2161 3805 2371 3859 stiferas
2397 3819 2606 3870 omnes,
2631 3814 2688 3859 et
2715 3805 2853 3860 scire
2882 3806 3226 3876 temporalem
3252 3807 3395 3862 illam
3425 3810 3746 3879 voluptati-tn

2163 3904 2475 3966 perpetuum
2504 3911 2694 3966 parent
2735 3897 2913 3954 solere
2956 3899 3220 3962 dolorem,
3266 3909 3320 3955 et
3367 3901 3472 3957 fine
3515 3906 3747 3958 carentia

2163 3998 2445 4054 tormenta,
2465 3990 2864 4060 cavendumque
2882 4006 3003 4046 esse
3023 4007 3090 4046 ne
3114 3992 3441 4062 decipiemus
3465 4009 3563 4048 nos
3581 3997 3748 4065 ipsos,

2164 4097 2337 4151 neque
2363 4092 2607 4152 putemus
2633 4082 2720 4137 hic
2749 4082 2906 4137 tinem
2939 4082 3223 4138 habituras
3239 4098 3360 4138 esse
3403 4099 3486 4138 res
3515 4097 3747 4141 nostras.

2165 4171 2220 4226 Id
2249 4189 2378 4228 vero
2399 4174 2642 4228 sentiunt
2667 4173 2927 4243 plerique,
2953 4173 3078 4228 licet
3095 4173 3272 4228 verbis
3299 4189 3403 4228 non
3429 4174 3711 4243 loquantur
3735 4194 3748 4229 :

2165 4280 2286 4317 nam
2335 4264 2556 4319 credere
2583 4279 2644 4319 se
2688 4264 2875 4318 dicunt
2919 4267 3387 4330 resurrectionem,
3423 4273 3481 4321 et
3522 4264 3749 4320 futuram

2165 4356 2566 4411 retributionem
2599 4373 2616 4410 :
2641 4355 2736 4410 sed
2755 4370 2856 4425 ego
2878 4370 2985 4410 non
3011 4356 3228 4411 attendo
3248 4358 3429 4422 verba,
3453 4357 3546 4412 sed
3573 4358 3750 4428 quoti-

2161 4451 2322 4506 diana
2366 4457 2534 4520 gesta.
2582 4447 2714 4503 Nam
2741 4449 2788 4503 si
2815 4449 3260 4504 resurrectionem
3288 4457 3565 4517 exspectas
3591 4457 3654 4505 et;
3668 4464 3756 4503 rr-

2167 4541 2534 4606 tributionem,
2560 4553 2727 4610 quare
2771 4539 2839 4592 ita
2868 4539 3147 4607 praesentis
3176 4539 3298 4594 vita:
3324 4539 3506 4608 gloria:
3541 4539 3752 4596 deditus

2167 4647 2228 4687 es
2250 4633 2279 4687 ἲ
2301 4634 2496 4698 Quare,
2546 4631 2634 4686 dic
2671 4629 2821 4694 mihi,
2849 4629 3088 4700 quotidie
3129 4631 3335 4684 crucias
3379 4640 3458 4695 te,
3501 4630 3752 4698 pecunias

2173 4725 2352 4794 plures
2381 4737 2537 4793 quam
2569 4735 2729 4777 arena
2758 4722 2826 4775 sit
2848 4720 3205 4791 colligens,_et
3230 4734 3406 4787 agros,
3443 4729 3502 4773 et
3521 4719 3749 4783 domos,

2167 4821 2222 4868 et
2262 4813 2479 4868 balneas
2507 4827 2713 4875 emcns,
2760 4821 2920 4880 atque
2959 4812 3080 4865 iure
3117 4825 3262 4878 sape
3305 4825 3398 4878 per
3439 4809 3674 4877 rapinam
3699 4820 3752 4865 et

2168 4904 2442 4960 avaritiam
2486 4903 2834 4967 corradeudo,
2857 4911 2916 4958 et
2941 4902 3070 4956 illud
3112 4901 3383 4969 prophetae
3409 4900 3610 4954 dictum
3653 4902 3751 4956 ita-

2166 4999 2405 5068 piendo:
2447 4997 2532 5052 Va:
2570 4997 2658 5066 qui
2705 4997 3017 5064 conjnngtmt
3065 4994 3270 5046 domum
3311 4994 3383 5046 ad
3433 4995 3664 5060 domum,
3705 5004 3753 5049 et

2169 5106 2348 5160 egrum
2375 5104 2500 5159 agro
2526 5088 2785 5155 reputant,
2831 5094 2884 5138 ut
2913 5085 3074 5137 eici-no
3117 5084 3352 5152 auferant
3374 5085 3568 5155 aliquid
3597 5084 3748 5153 (lani.

2170 5183 2222 5238 5.
2257 5182 2352 5254 8‘)?
2383 5185 2571 5235 Annon
2594 5179 2711 5234 haec
2732 5177 2968 5248 quotidie
2985 5177 3168 5232 videre
3184 5189 3261 5232 eat
3288 5177 3312 5232 τ
3343 5179 3409 5232 Ει
3431 5179 3518 5233 ille
3537 5179 3751 5250 quidem

2169 5273 2340 5328 dicit:
2371 5271 2529 5341 hujus
2573 5271 2766 5324 domus
2807 5267 3187 5332 obscuritatem
3237 5276 3293 5322 et
3330 5269 3574 5324 umbram
3620 5285 3751 5326 mea:

2173 5365 2309 5433 parit
2333 5379 2349 5428 ;
2377 5371 2432 5417 et
2457 5360 2692 5416 inﬁnitos
2713 5367 2998 5430 praetextas
3018 5360 3301 5429 excogitat,
3325 5368 3382 5415 ut
3403 5376 3522 5417 eam
3549 5363 3750 5432 rapiat;

2169 5454 2306 5509 alius
2339 5460 2513 5507 autem
2559 5461 2769 5519 raptum
2816 5449 3031 5519 pauperi
3079 5465 3284 5520 agrum,
3329 5465 3428 5505 suo
3456 5451 3749 5520 conjungit.

2171 5546 2281 5600 lloc
2324 5552 2499 5598 autem
2546 5529 2714 5597 multo
2763 5540 2953 5611 majus,
2983 5551 3032 5594 et
3065 5542 3232 5612 magis
3280 5540 3613 5605 admirabile,
3654 5543 3754 5592 ini-

2171 5651 2374 5708 nnsque
2399 5636 2554 5690 venia
2582 5633 2820 5704 dignum,
2850 5633 2989 5702 quod
3020 5649 3154 5688 unus
3183 5651 3284 5686 ttt'.o
3309 5633 3602 5700 eodemque
3631 5631 3751 5685 loco

2173 5732 2414 5788 habitans
2440 5740 2490 5786 et
2531 5728 2744 5796 sedens,
2776 5741 2920 5796 saspc
2964 5726 3070 5780 alio
3096 5738 3341 5794 transtre,
3372 5740 3543 5794 neque
3568 5728 3613 5782 si
3646 5723 3757 5778 Vela-
