4066 6140
380 334 487 389 996

380 452 477 517 let,
502 451 712 516 vahns,
760 449 842 502 vel
871 448 940 500 oh
985 449 1155 499 varias
1182 448 1578 512 occupationes,
1611 444 1694 498 vel
1724 444 1963 511 corporis

380 541 687 595 valetudine
732 538 1007 606 alligatus;
1056 536 1250 603 ubique
1298 542 1470 589 tamen
1516 543 1570 588 et
1618 534 1669 587 in
1718 533 1965 586 omnibus

380 632 552 688 ferme
578 631 816 693 urbibus,
840 629 1165 683 monimenta
1186 627 1423 681 avaritiae
1450 641 1561 679 sure
1588 624 1885 693 possidere,
1909 632 1965 677 et

380 724 709 781 immortales
759 722 977 776 malitiae
1016 735 1125 775 sua!
1153 720 1430 773 columnas
1468 725 1704 772 statuere
1728 715 1915 784 satagit
1945 730 1960 767 :

377 827 430 869 et
488 823 701 883 peccata
749 811 987 881 quidem,
1032 826 1098 865 ex
1142 810 1333 879 quibus
1375 809 1490 862 hinc
1518 808 1692 861 omnia
1742 806 1962 859 collecta

376 915 524 967 sunt,
556 919 657 959 suo
687 904 885 972 imponi
916 902 1095 971 capiti,
1129 902 1408 984 ferensque
1437 914 1651 969 gravem
1680 912 1741 951 ac
1767 911 1962 950 onero-

378 1016 490 1052 sam
522 1000 716 1053 molem
742 1014 844 1050 non
879 995 1040 1048 sentit
1072 1012 1085 1047 :
1114 995 1230 1047 aliis
1259 1002 1435 1046 autem
1463 1006 1637 1053 usum,
1665 990 1751 1059 qui
1783 1004 1848 1042 ex
1878 987 1963 1041 his

378 1090 565 1145 haberi
619 1096 815 1156 potest,
849 1085 1111 1147 concedit,
1144 1100 1250 1137 non
1279 1084 1450 1138 solum
1502 1090 1621 1151 post
1661 1079 1964 1148 emigratio—

378 1196 503 1235 nem
532 1195 597 1233 ex
630 1179 727 1232 hac
758 1177 886 1239 vita,
932 1175 1027 1229 sed
1055 1175 1214 1229 etiam
1258 1183 1541 1241 antequam
1574 1170 1695 1224 hinc
1718 1168 1962 1237 egredia-

377 1282 486 1327 tnr.
518 1270 647 1324 Nam
678 1268 887 1322 etiamsi
919 1283 1022 1321 non
1056 1267 1251 1319 invitus
1280 1264 1357 1319 eis
1387 1262 1634 1323 nudetur,
1679 1275 1709 1313 a
1735 1258 1962 1313 familia-

379 1366 523 1417 ribus
549 1363 662 1417 hzcc
691 1361 866 1415 omnia
894 1359 1236 1427 dissipantur,
1270 1365 1325 1410 et
1360 1364 1418 1408 ut
1447 1356 1515 1409 ita
1544 1353 1737 1416 dicam,
1760 1351 1962 1404 dilace-

379 1463 597 1508 rantur:
619 1468 791 1521 neque
813 1451 927 1520 ipse
946 1450 1029 1505 vel
1056 1450 1334 1503 millesima
1364 1462 1547 1503 eorum
1572 1454 1720 1514 parte
1746 1442 1958 1496 fruitur.

382 1549 445 1601 lit
462 1545 585 1615 quid
615 1544 737 1598 dico
762 1541 991 1596 fruitur?
1017 1539 1316 1606 Quomodo,
1340 1553 1460 1591 cum
1489 1535 1698 1589 nonnisi
1721 1544 1959 1588 ventrem

380 1655 543 1693 tttnnu
586 1637 797 1700 haheat,
846 1634 1015 1705 possit
1062 1640 1138 1687 tot
1187 1647 1345 1701 opum
1386 1628 1775 1684 multitudinem
1807 1626 1956 1680 ahsno

379 1730 567 1783 urere?

450 1823 501 1875 7.
552 1822 618 1874 At
647 1819 907 1873 malorum
949 1816 1184 1871 omnium
1229 1828 1390 1869 causa
1433 1821 1516 1867 est
1562 1824 1697 1863 vana
1739 1804 1902 1879 gloria
1938 1822 1953 1857 :

376 1912 517 1984 quod
543 1926 734 1980 nempe
763 1910 892 1963 velit
918 1924 1108 1961 nomen
1132 1922 1283 1959 suum
1307 1905 1505 1974 imponi
1537 1903 1699 1973 agris,
1733 1899 1957 1965 balneis,

376 2015 430 2059 et
458 2003 683 2057 :edibus.
735 2000 865 2067 Quae
891 2000 981 2051 tibi
1035 1998 1161 2052 hinc
1197 1997 1396 2049 utilitas
1416 2037 1430 2058 ,
1480 1996 1639 2047 homo
1659 2034 1673 2057 ,
1703 2007 1823 2046 cum
1850 2005 1956 2044 non

377 2096 545 2149 multo
574 2106 720 2163 post,
754 2090 888 2144 febri
923 2092 1170 2159 quapiam
1204 2098 1255 2141 te
1283 2086 1609 2156 corripiente
1632 2124 1647 2147 ,
1678 2083 1962 2150 animaque

375 2186 555 2240 subito
574 2183 824 2237 'evolante
849 2221 866 2245 ,
914 2178 1087 2233 nudus
1113 2188 1167 2231 et
1193 2191 1390 2230 vacuus
1431 2172 1809 2251 relinquendus
1839 2171 1914 2225 sis
1940 2185 1956 2223 :

378 2278 486 2330 imo
524 2276 717 2326 virtute
756 2270 967 2340 quidem
1014 2268 1242 2321 nudatus
1267 2307 1283 2331 ,
1329 2265 1555 2320 vestitus
1595 2273 1772 2316 autem
1824 2260 1958 2330 injuo

377 2365 553 2426 stitia,
586 2361 783 2429 rapinis
803 2401 819 2423 ,
856 2358 1097 2423 avaritia,
1122 2356 1428 2428 gemitibus,
1456 2354 1760 2424 ejnlatibus,
1788 2354 1963 2422 lacry-

380 2457 482 2509 mis
501 2453 863 2521 orphanorum
886 2490 902 2515 ,
933 2449 1137 2503 insidiis
1160 2490 1173 2513 ,
1207 2448 1386 2501 dolis?
1436 2445 1718 2515 Quomodo
1759 2443 1961 2513 poteris

379 2542 605 2615 grandes
635 2549 1041 2611 prcmentesque
1072 2540 1187 2593 illas
1217 2539 1452 2591 sarcinas
1498 2546 1839 2605 peccatorum
1881 2534 1959 2588 fe-

376 2650 524 2696 rens,
554 2649 645 2701 pcr
673 2642 948 2700 angustam
977 2630 1116 2683 illam
1136 2637 1341 2698 portam
1372 2628 1589 2693 intrare,
1619 2642 1737 2695 quae
1765 2640 1960 2695 capere

380 2724 561 2792 nequit
602 2722 795 2775 molem
825 2730 984 2773 tanta:
1020 2718 1432 2789 magnitudinis?
1457 2717 1823 2771 Necessarium
1855 2716 1958 2768 ita-

377 2830 482 2884 que
511 2812 644 2866 foris
669 2826 884 2865 manere
910 2852 923 2873 ,
972 2818 1025 2864 et
1051 2808 1305 2864 oneribus
1330 2808 1434 2862 illis
1462 2816 1735 2877 gravatum
1764 2806 1959 2860 frustra

379 2906 677 2977 panitere,
719 2919 839 2958 cum
882 2902 992 2972 jam
1038 2910 1160 2955 ante
1198 2900 1384 2955 oculos
1412 2908 1589 2969 parata
1614 2899 1822 2952 videbis
1850 2908 1960 2951 tor-

378 3008 555 3055 menta
580 3038 595 3061 ,
638 3005 693 3051 et
740 2996 915 3064 ignem
945 2994 1091 3048 illum
1125 2993 1413 3048 terribilem
1455 3007 1518 3046 ac
1547 3005 1837 3061 numquam
1865 3003 1959 3042 ex-

375 3087 750 3160 stinguendum
781 3100 1127 3153 vermemque
1158 3098 1443 3153 numquam
1476 3084 1810 3136 moriturum.
1842 3079 1957 3134 Ca:—

378 3193 551 3236 tcrum
598 3180 643 3233 si
686 3193 842 3247 quam
887 3183 1086 3229 nostra:
1141 3175 1328 3227 salutis
1374 3174 1629 3227 habemus
1671 3172 1955 3238 rationem,

376 3275 505 3327 dum
536 3270 709 3324 adhuc
735 3276 945 3335 tempus
972 3265 1227 3319 habemus
1246 3303 1261 3328 ,
1295 3264 1613 3317 desistamus
1640 3277 1669 3315 a
1700 3260 1956 3330 nequitia,

376 3369 644 3415 sectemur
671 3356 940 3416 virtutem,
972 3369 1160 3407 vanam
1190 3354 1414 3422 gloriam
1435 3351 1806 3420 despiciamus.
1825 3348 1957 3404 Nam

378 3453 578 3507 idcirco
606 3464 739 3501 vana
769 3447 989 3511 dicitur,
1027 3445 1147 3514 quia
1180 3446 1349 3499 inanis
1376 3453 1486 3506 est,
1526 3452 1581 3497 et
1622 3443 1755 3497 nihil
1796 3442 1959 3496 habet

379 3540 573 3595 stabile
618 3552 789 3606 neque
836 3536 1048 3588 firmum
1082 3551 1095 3587 :
1123 3533 1216 3587 sed
1247 3534 1418 3588 solum
1445 3543 1527 3587 est
1554 3532 1835 3586 oculorum
1864 3531 1961 3586 de—

377 3630 588 3702 ceptio,
619 3636 675 3682 et
705 3626 1008 3695 priusquam
1041 3633 1314 3694 appareat,
1341 3623 1536 3677 avolat.
1587 3623 1775 3677 Annon
1802 3630 1857 3677 et
1883 3622 1959 3675 vi-

377 3722 567 3777 demus
596 3734 770 3788 saape,
802 3733 924 3771 eum
945 3758 959 3779 ,
990 3732 1146 3785 quem
1181 3715 1336 3768 hodie
1367 3714 1672 3784 prreccdunt
1717 3715 1953 3778 lictores.

377 3826 432 3870 et
455 3815 654 3882 stipant
677 3810 953 3874 satellites,
980 3822 1098 3862 cras
1123 3808 1175 3861 itt
1204 3822 1472 3862 carcerem
1503 3806 1723 3875 conjici,
1754 3813 1810 3861 et
1837 3820 1959 3859 cum

380 3903 812 3958 malefactorihus
854 3900 1054 3954 versari
1084 3898 1203 3969 (a)?
1251 3898 1389 3964 Quid
1428 3897 1526 3951 hac
1554 3912 1686 3951 vana
1713 3905 1772 3951 et
1815 3895 1959 3950 inani

376 3997 541 4067 gloria
574 3992 843 4049 fallacius?
890 3990 1044 4056 Quod
1088 3990 1132 4043 si
1180 3991 1234 4042 in
1277 3989 1376 4042 hac
1402 3990 1509 4041 vita
1542 3987 1955 4041 vicissitudinem

381 4090 515 4141 hanc
531 4086 739 4148 evadat,
758 4082 977 4136 omnino
1009 4094 1154 4134 mors
1182 4079 1401 4133 veniens
1427 4077 1731 4132 felicitatem
1756 4078 1958 4133 abscin-

378 4179 489 4239 dct,
521 4184 577 4229 et
606 4188 765 4242 quem
815 4170 975 4224 hodie
1001 4169 1053 4221 in
1081 4168 1196 4221 foro
1225 4181 1415 4236 magna
1448 4181 1637 4235 pompa
1663 4167 1957 4221 comitaba-

379 4278 496 4327 tur,
523 4264 612 4330 qui
651 4262 703 4314 in
733 4273 1003 4314 carcerem
1025 4256 1360 4324 conjiciebat,
1391 4264 1445 4310 et
1471 4258 1523 4309 itt
1556 4256 1694 4310 solio
1718 4256 1955 4321 sedebat,

378 4356 680 4416 inllabatttr,
704 4360 758 4405 et
785 4350 1027 4403 homines
1054 4349 1188 4401 alios
1206 4349 1354 4417 quasi
1377 4347 1593 4401 umbras
1611 4346 1958 4418 despiciebat,

380 4453 425 4503 is
454 4446 631 4501 subito
657 4450 838 4512 postea
862 4439 1060 4509 jacehit
1088 4448 1327 4493 mortuus
1353 4438 1555 4508 absque
1594 4438 1789 4508 spiritu
1814 4478 1828 4503 ,
1863 4437 1962 4491 fte-

383 4552 499 4592 tot'c
540 4536 761 4603 plenus,
812 4529 1009 4600 petitus
1054 4529 1348 4584 innumeris
1382 4530 1635 4584 conviciis
1655 4545 1775 4583 cum
1803 4528 1871 4582 ab
1896 4528 1961 4583 iis

380 4641 517 4700 quos
559 4623 764 4695 pridem
814 4621 1006 4690 injuria
1044 4620 1220 4675 all'ecit
1242 4661 1258 4686 ,
1310 4630 1422 4673 tum
1455 4620 1524 4673 ab
1560 4622 1622 4674 iis
1645 4635 1778 4690 quos
1809 4635 1961 4673 num—

378 4733 537 4790 quam
570 4715 709 4769 hesit
730 4752 746 4779 ,
789 4711 1198 4767 eondolentihus
1229 4720 1405 4765 tamen
1436 4711 1500 4764 iis
1525 4712 1611 4779 qui
1642 4711 1711 4765 ab
1740 4711 1843 4765 isto
1874 4711 1958 4763 itt-

377 4812 514 4883 juria
560 4807 733 4864 all'ecti
784 4804 1011 4859 fuerant.
1068 4802 1205 4869 Quid
1236 4802 1336 4856 hoc
1361 4802 1717 4856 miserabilius
1767 4802 1961 4857 fuerit?

378 4902 616 4958 Collecta
649 4908 824 4953 autem
850 4895 1028 4949 omnia
1074 4906 1442 4962 saepenumero
1469 4892 1666 4945 inimici
1697 4901 1751 4945 et
1780 4893 1962 4947 hostes

382 4998 522 5049 inter
572 5006 632 5045 se
685 4990 983 5059 partiuntur
1028 4994 1082 5039 et
1126 4983 1453 5038 distribuunt
1480 5000 1493 5035 :
1521 4992 1735 5052 peccata
1782 4994 1961 5038 autem

383 5100 477 5153 per
506 5096 625 5153 quae
655 5080 768 5133 haec
790 5085 1101 5131 coacervata
1130 5083 1286 5139 sunt,
1315 5088 1496 5128 secum
1525 5072 1719 5139 aufert,
1751 5074 1819 5128 de
1841 5074 1962 5144 qui-

380 5177 481 5229 bus
508 5172 735 5238 diligens
762 5176 816 5222 et
839 5177 1082 5221 accurata
1110 5166 1246 5219 ratio
1266 5164 1527 5233 exigetur.
1558 5165 1680 5219 Ideo
1710 5165 1957 5230 obsecro,

383 5274 441 5317 nt
465 5260 730 5330 fugientes
754 5272 942 5312 vanam
985 5257 1121 5310 hanc
1160 5255 1424 5325 gloriam,
1462 5270 1639 5309 veram
1686 5255 1961 5310 desidere-

384 5367 527 5417 mus,
554 5358 609 5403 et
634 5363 752 5418 qua:
780 5348 1027 5402 omnibus
1054 5347 1214 5402 duret
1239 5346 1482 5401 szeculis:
1515 5359 1567 5403 et
1603 5364 1773 5417 neque
1800 5362 1960 5416 oputtt

446 5530 519 5589 (α)
557 5533 795 5589 Tempore
825 5526 1143 5589 Chrysostomi
1182 5537 1277 5572 non
1300 5523 1653 5589 semelaccidit
1679 5527 1733 5572 ut
1751 5517 1966 5580 praefecti

386 5585 466 5644 aut
489 5585 598 5647 alti,
641 5585 932 5648 optimates,
963 5600 1024 5635 ex
1068 5585 1764 5648 imperatoristndiguatione,
1794 5597 1968 5632 munus

382 5645 686 5701 amitterent.
709 5657 760 5697 et
779 5651 825 5697 in
849 5662 1096 5698 carcerem
1122 5645 1327 5708 contjccti
1352 5645 1607 5707 aliquando
1641 5648 1785 5693 etiam
1810 5648 1970 5706 capite

383 5724 457 5757 ll‘U
468 5725 476 5755 I
486 5719 743 5759 tcarcntur.

1086 329 1142 383 S.
1182 325 1458 385 1033le
1487 322 1958 380 CllRYSOSTOMl
1999 323 2313 380 ARCHIEP.
2352 323 2885 383 CONSTANTINOP.

3549 328 3651 385 196

2074 458 2223 497 amor
2250 458 2346 498 nos
2368 446 2669 516 supplautet
2692 489 2705 510 ,
2755 463 2926 517 neque
2954 448 3399 517 concupiscentitc
3437 451 3650 504 ﬂamma

2070 545 2276 600 exurat,
2308 552 2478 605 neque
2508 537 2642 590 livor
2668 546 2723 592 et
2752 538 2946 592 invidia
2973 550 3275 608 torqueant,
3306 556 3479 609 neque
3505 542 3651 595 furor

2068 634 2120 677 et
2148 625 2241 678 ira
2273 640 2370 680 nos
2399 626 2682 681 incendant
2711 645 2723 681 :
2754 628 2848 683 sed
2879 628 2976 681 has
3004 644 3192 684 omnes
3224 630 3389 685 malas
3423 641 3479 684 ct
3524 646 3647 700 per-

2069 717 2296 772 niciosas
2323 717 2628 775 allectiones
2672 735 2795 774 rore
2832 719 3061 789 Spiritus
3088 722 3489 791 exstinguentes
3513 762 3527 786 ,
3556 724 3639 777 do-

2068 810 2353 878 spiciamus
2380 811 2678 878 praesentia,
2704 811 3068 866 desideremus
3094 812 3286 876 futura,
3317 812 3369 866 in
3395 814 3644 866 memoria

2077 898 2367 954 habeamus
2396 901 2627 955 futurum
2650 901 2790 956 diem
2811 945 2825 966 ,
2854 918 3148 973 magnaque
3181 903 3449 973 diligentia
3484 906 3641 957 vitam

2070 991 2424 1046 instituamus.
2457 991 2637 1062 Neque
2660 993 2803 1048 enim
2831 992 2930 1047 hac
2954 993 3022 1048 de
3051 1009 3206 1048 causa
3238 995 3287 1047 in
3318 995 3451 1048 hanc
3485 996 3648 1049 vitant

2070 1084 2178 1137 uati
2201 1099 2407 1147 sumus,
2437 1094 2495 1138 ut
2515 1084 2686 1139 solum
2712 1084 3055 1139 comedamus
3084 1094 3138 1138 et
3166 1085 3431 1139 bibamus.

2140 1175 2545 1246 Temperantiam
2592 1177 2852 1247 prwdicat.
2892 1207 2964 1218 —
3011 1177 3124 1230 Non
3163 1178 3264 1230 vita
3307 1186 3390 1231 est
3435 1188 3643 1246 propth

2067 1266 2245 1320 cibum
2286 1276 2341 1321 et
2382 1276 2560 1336 potum
2582 1307 2599 1335 ,
2644 1266 2737 1322 sed
2780 1276 3000 1338 propter
3023 1267 3183 1321 vitam
3213 1268 3364 1322 cibus
3388 1278 3442 1321 et
3472 1278 3645 1336 potus.

2066 1356 2144 1411 Ne
2165 1372 2291 1427 ergo
2316 1356 2641 1411 invertamus
2665 1357 2926 1423 ordinem,
2956 1374 3124 1427 neque
3150 1358 3227 1412 sic
3250 1358 3422 1412 ventri
3451 1368 3503 1412 et
3522 1373 3642 1411 car-

2067 1448 2152 1501 nis
2198 1448 2553 1517 voluptatibus
2599 1449 2914 1515 serviamus,
2961 1449 3109 1517 quasi
3152 1464 3270 1504 eam
3315 1450 3387 1503 ob
3431 1465 3647 1504 causam

2068 1540 2189 1592 facti
2222 1540 2389 1593 simus
2418 1557 2431 1593 :
2464 1539 2558 1593 sed
2601 1548 2909 1608 reputantes
2944 1539 3194 1593 damnum
3236 1539 3375 1609 quod
3406 1540 3527 1594 inde
3554 1555 3648 1593 na-

2064 1631 2250 1697 scitur,
2292 1633 2611 1702 eastigemns
2653 1642 2826 1687 motus
2865 1633 3078 1697 carnis;
3123 1647 3191 1687 ne
3237 1632 3403 1687 simus
3430 1646 3646 1701 segnes,

2067 1736 2166 1776 nec
2197 1723 2567 1791 permittamus
2594 1723 2738 1777 illam
2782 1723 3037 1777 adversus
3073 1724 3303 1777 animam
3344 1724 3643 1793 insurgere.

2064 1814 2196 1869 Nam
2224 1817 2267 1868 si
2301 1815 2495 1870 Paulus
2538 1816 2628 1871 ille
2675 1816 2792 1869 talis
2838 1826 2892 1870 et
2936 1824 3145 1881 tantus,
3176 1816 3262 1885 qui
3294 1817 3443 1883 quasi
3473 1817 3645 1869 alatus

2067 1922 2161 1977 per
2191 1916 2356 1961 totum
2384 1908 2566 1963 orbem
2607 1908 3032 1973 transcurrehat,
3060 1907 3426 1976 corporalibus
3452 1920 3645 1960 neces-

2064 1999 2307 2053 sitatibus
2334 1999 2577 2067 superior
2614 1998 2781 2053 factus
2800 2039 2817 2064 ,
2846 2008 2895 2051 et
2926 2014 3238 2053 arcanorum
3281 1998 3492 2052 illorum
3520 2012 3642 2051 ver-

2064 2089 2253 2144 borum
2282 2086 2491 2143 auditor
2510 2129 2525 2155 ,
2570 2104 2687 2157 qua;
2714 2103 2878 2157 usque
2908 2090 2959 2142 in
2994 2089 3131 2142 hunc
3159 2088 3298 2142 diem
3337 2088 3470 2141 alius
3490 2087 3642 2140 audi-

2064 2181 2139 2232 vit
2168 2180 2362 2245 nullus,
2393 2179 2633 2233 scribens
2660 2178 2868 2233 dicebat
2901 2197 2913 2232 :
2945 2178 3143 2248 Castigo
3171 2194 3353 2247 corpus
3379 2194 3563 2240 meum,
3593 2187 3641 2230 et

2064 2272 2115 2324 in
2138 2272 2418 2324 servitutem
2443 2270 2615 2340 redigo
2634 2310 2649 2334 ,
2698 2287 2761 2323 tte
2798 2272 2925 2334 forte
2965 2269 3080 2323 aliis
3115 2269 3397 2337 prazdt'cans
3424 2268 3531 2337 ipse
3559 2283 3642 2320 γει

2064 2363 2247 2432 probus
2267 2364 2493 2417 invenior
2511 2364 2591 2434 (1.
2617 2362 2739 2419 Cor.
2761 2363 2814 2418 9.
2835 2362 2927 2434 '27)
2958 2380 2970 2417 :
2998 2364 3041 2417 si
3073 2364 3231 2433 igitur
3252 2363 3360 2428 ille,
3387 2364 3477 2432 qui
3501 2372 3643 2415 tanta

2062 2455 2308 2523 dignatus
2331 2462 2416 2508 est
2453 2454 2621 2523 gratia
2646 2495 2661 2519 ,
2711 2463 2829 2523 post
2855 2464 2997 2507 tanta
3023 2463 3079 2508 et
3116 2454 3238 2507 talia
3268 2468 3426 2522 opera
3448 2492 3464 2517 ,
3507 2467 3643 2521 opus

2065 2543 2292 2598 habebat
2342 2551 2400 2597 ut
2445 2544 2763 2612 castigaret,
2813 2543 2867 2598 in
2916 2545 3222 2599 servitutem
3250 2543 3550 2612 redigeret,
3577 2557 3645 2597 ac

2066 2634 2310 2703 potestati
2355 2633 2699 2703 dominioque
2740 2635 2931 2687 anima:
2971 2635 3210 2702 corporis
3253 2633 3492 2687 lascivias
3518 2633 3641 2685 sub-

2057 2724 2246 2793 jiceret
2276 2742 2290 2779 :
2318 2724 2539 2794 castigat
2580 2724 2722 2779 enim
2748 2724 2866 2792 quis
2904 2723 3043 2793 quod
3072 2724 3325 2793 insurgit,
3353 2733 3407 2777 et
3448 2724 3498 2776 in
3529 2738 3642 2777 scr-

2062 2816 2282 2869 vitutem
2313 2814 2504 2883 redigit
2548 2814 2599 2868 id
2640 2813 2780 2883 quod
2820 2814 2965 2868 frena
3007 2814 3176 2883 rejicit
3207 2832 3221 2869 :
3252 2814 3375 2883 quid
3403 2815 3644 2868 dicemus

2063 2919 2163 2959 nos
2189 2946 2204 2970 ,
2238 2905 2329 2973 qui
2367 2904 2613 2959 omnibus
2637 2904 2917 2959 virtutibus
2942 2904 3179 2959 destituti
3205 2945 3220 2969 ,
3251 2905 3499 2959 omnibus
3522 2920 3641 2973 pec-

2059 2997 2193 3051 catis
2222 2997 2426 3051 onerati
2455 3010 2638 3049 sumus
2660 3037 2676 3061 ,
2708 3007 2764 3050 et
2802 3005 3059 3065 przeterea
3103 3011 3345 3065 magnam
3378 2997 3640 3065 ignaviam

2061 3104 2172 3159 pra:
2202 3088 2354 3142 nobis
2379 3086 2635 3141 ferimus?
2677 3086 2809 3141 Num
2838 3086 3076 3142 inducias
3100 3086 3258 3141 habet
3284 3088 3382 3140 hoc
3408 3085 3646 3139 bellum?

2062 3196 2190 3235 num
2236 3190 2444 3249 tempus
2486 3177 2827 3247 aggrediendi
2875 3177 3242 3247 assignatum?
3291 3176 3513 3245 Semper
3544 3189 3643 3229 nos

2061 3270 2279 3340 vigilare
2308 3278 2362 3324 et
2385 3268 2596 3323 sobrios
2615 3280 2741 3322 esse
2764 3276 3009 3337 Oportet,
3056 3276 3111 3321 et
3148 3282 3435 3335 numquam
3465 3268 3517 3319 in
3550 3281 3641 3320 se-

2061 3362 2289 3417 curitate
2335 3359 2573 3429 degere:
2613 3358 2737 3429 quia
2784 3373 2890 3412 non
2938 3368 3023 3412 est
3069 3358 3385 3426 praefinitum
3430 3368 3641 3424 tempus

2061 3451 2275 3521 quando
2322 3464 2419 3504 nos
2465 3464 2810 3519 aggressurus
2852 3456 2935 3503 est
2977 3448 3164 3502 hostis.
3222 3447 3383 3518 Igitur
3427 3462 3639 3516 semper

2062 3543 2215 3596 nobis
2244 3555 2369 3594 cura
2394 3540 2497 3606 sit,
2547 3554 2759 3608 semper
2785 3538 2998 3593 solliciti
3029 3540 3196 3593 simus
3234 3539 3302 3594 de
3340 3538 3510 3592 salute
3540 3554 3640 3591 no-

2061 3642 2170 3686 stra
2194 3673 2210 3697 ,
2239 3639 2297 3685 ttt
2334 3632 2409 3685 sic
2435 3645 2718 3699 numquam
2745 3630 3037 3699 expugnari
3071 3631 3365 3698 possimus,
3397 3639 3452 3684 et
3472 3628 3643 3683 hosﬁ-

2062 3724 2141 3779 les
2168 3723 2478 3792 effugientes
2508 3722 2745 3788 insidias,
2769 3722 3184 3776 misericordiam
3211 3738 3240 3775 a
3266 3723 3372 3775 Deo
3392 3737 3643 3791 assequa-

2064 3829 2183 3868 mur
2207 3853 2223 3877 ,
2270 3817 2436 3883 gratia
2465 3823 2519 3866 et
2562 3812 2990 3866 miserationibus
3020 3810 3285 3879 Uttigeniti
3324 3812 3441 3880 ejus
3464 3854 3479 3876 ,
3520 3827 3638 3867 cum

2062 3920 2170 3974 quo
2194 3904 2336 3959 Patri
2362 3945 2379 3969 ,
2411 3903 2571 3958 simul
2597 3912 2651 3957 et
2679 3903 2897 3972 Spiritui
2931 3911 3116 3957 sancto
3142 3902 3206 3956 sit
3236 3903 3402 3972 gloria
3421 3944 3435 3964 ,
3473 3903 3645 3971 impe-

2061 3997 2223 4061 rium,
2252 3995 2443 4061 honor,
2463 4010 2604 4049 nunc
2617 4005 2668 4049 et
2685 4009 2915 4063 semper,
2942 4004 2997 4049 et
3018 3994 3069 4047 in
3092 3994 3285 4049 saecula
3303 3993 3639 4048 saeculorum.

2063 4091 2254 4144 Amen.

2596 4197 2873 4253 llOMILlA
2917 4196 3003 4252 X)’
3018 4196 3102 4250 lll.

2077 4311 2182 4370 Noe
2217 4320 2383 4363 autem
2420 4309 2604 4363 invenit
2631 4310 2847 4380 gratiam
2887 4324 3059 4361 coram
3101 4306 3316 4361 Domino
3347 4307 3475 4362 Deo.
3522 4308 3645 4362 Istat

2136 4411 2303 4453 autem
2325 4410 2438 4452 sunt
2464 4401 2805 4468 generationes
2834 4396 2969 4451 Noe.
3004 4397 3117 4452 Noe
3140 4399 3289 4451 homo
3307 4400 3500 4470 justus,
3525 4416 3642 4468 per-

2137 4496 2297 4561 [εοεαε
2328 4490 2567 4544 exsistat:
2592 4490 2644 4542 in
2669 4490 2987 4560 generatione
3010 4504 3103 4541 sua
3127 4502 3145 4543 :
3178 4488 3283 4542 Deo
3311 4488 3500 4557 placuit
3533 4489 3645 4545 Noe

2137 4581 2291 4652 (Gen.
2320 4582 2375 4637 ϐ.
2402 4582 2480 4651 9).

2138 4703 2190 4756 1.
2241 4700 2449 4754 Virtutis
2477 4698 2838 4769 prterogativte.
2866 4726 2936 4737 -—
2960 4697 3175 4751 Vidistis
3204 4700 3255 4751 in
3287 4698 3349 4750 iis
3368 4712 3485 4767 quzc
3509 4696 3647 4750 dicta

2067 4800 2210 4855 sunt,
2236 4801 2432 4861 quanta
2457 4788 2649 4843 divin:e
2696 4787 3074 4841 misericordia:
3117 4788 3446 4857 magnitudo,
3490 4800 3645 4857 quant

2069 4885 2255 4953 ingens
2277 4879 2592 4935 tolerantia?
2618 4877 2823 4931 vidistis
2860 4877 3157 4945 hominum,
3185 4878 3272 4947 qui
3306 4887 3431 4931 tunc
3472 4888 3645 4935 erant,

2070 4981 2433 5043 portentosam
2491 4968 2785 5023 malitiam?
2827 4968 3088 5022 didicistis
3142 4977 3335 5036 quanta
3383 4967 3541 5021 fuerit
3597 4968 3647 5019 in

2070 5062 2240 5118 media
2273 5069 2415 5114 tanta
2443 5059 2777 5114 multitudine
2798 5058 2926 5128 justi
2954 5057 3140 5123 virtus,
3168 5067 3221 5112 et
3245 5073 3403 5128 quam
3437 5057 3569 5111 nihil
3600 5055 3649 5109 ei

2070 5152 2311 5207 nocuerit
2350 5150 2431 5204 vel
2460 5150 2670 5203 illorum
2702 5149 2754 5202 in
2784 5149 2980 5202 malum
3008 5149 3356 5217 conspiratio,
3392 5148 3475 5201 vel
3506 5150 3647 5218 qttod

2069 5245 2215 5298 solus
2259 5242 2312 5296 in
2357 5240 2533 5295 medio
2574 5241 2794 5294 istorum
2840 5240 3189 5309 interceptus,
3232 5242 3389 5309 longe
3437 5239 3647 5294 diversa

2072 5333 2352 5388 incesserit
2380 5331 2496 5384 via?
2517 5330 2647 5385 Nam
2679 5330 2827 5398 quasi
2858 5330 3184 5399 gubernator
3208 5330 3459 5397 optimus,
3496 5346 3649 5383 mcu~

2072 5426 2138 5479 tis
2163 5424 2370 5478 clavum
2391 5436 2579 5491 magna
2605 5421 2872 5490 vigilantia
2894 5420 3178 5489 arripiens,
3208 5420 3381 5472 navim
3411 5436 3560 5473 suam
3584 5420 3652 5472 ab

2073 5515 2394 5569 irruentibus
2420 5512 2634 5566 malitiae
2662 5511 2907 5580 procellis
2937 5512 3202 5580 submergi
3255 5526 3358 5563 non
3406 5522 3489 5564 est
3526 5525 3647 5579 pas-

2070 5622 2183 5668 Sus,
2224 5604 2315 5658 sed
2363 5603 2531 5657 factus
2578 5611 2894 5669 tempestate
2943 5602 3227 5669 potentior,
3273 5601 3397 5655 licet
3444 5602 3493 5654 in
3544 5601 3649 5653 alto

2073 5700 2316 5765 jac-tatus,
2346 5695 2492 5764 quasi
2523 5695 2573 5746 in
2616 5704 2768 5765 portu
2816 5692 3047 5757 sederet,
3072 5693 3281 5747 virtutis
3318 5692 3647 5763 gubernat-u-
