2033 3070
133 247 227 274 μενος,
243 237 263 272 ἢ
276 236 310 263 δι’
322 235 418 272 ἑτέραν
433 234 494 262 τινὰ
511 234 682 270 πραγμάτων
695 236 854 270 περίστασιν
864 254 872 267 ,
890 235 907 269 ἢ
922 235 969 260 καὶ

132 282 189 309 ῠπδ
201 282 252 317 τῆς
261 281 308 307 τοῦ
322 280 448 315 σώματος
455 279 610 315 ἀρρωστίας
626 279 823 313 πεπεδημένος,
831 278 969 312 πανταχοῦ

133 326 184 353 καὶ
200 326 229 351 ἐν
241 324 353 355 πάσαις,
366 323 404 354 ὡς
417 324 516 354 είπεῖν,
532 323 590 353 ταῖς
606 321 700 348 πόλεσι
714 321 837 356 βούλεται
849 322 970 356 ὑπομνή-

136 377 210 404 ματα
229 368 278 403 τῆς
304 367 408 398 οἰκείας
433 365 589 398 πλεονεξίας
618 364 777 399 κεκτῆσθαι,
800 365 847 391 καὶ
870 364 970 399 στήλας

134 412 286 443 ἀθανάτους
300 411 349 446 τῆς
360 411 464 441 οἰκείας
479 410 578 440 κακίας
592 409 667 444 παρὰ
680 409 762 435 πᾶσιν
773 408 855 442 ἔχειν,
869 408 918 435 καὶ
935 409 970 435 τά

136 455 188 490 μὲν
200 455 399 490 ἁμαρτήματα,
416 454 445 486 ἐξ
456 450 493 480 ὤν
505 453 612 480 ἅπαντα
626 452 713 478 ταῦτα
728 452 868 487 συνελέγη,
884 453 917 488 τῇ
931 452 968 478 οι-

137 497 199 532 κείᾳ
214 496 351 532 ἐπιτίθησι
366 495 481 531 κεφαλῇ,
495 495 542 522 καὶ
558 495 666 530 φορτίον
677 495 745 530 βαρὺ
757 494 804 521 καὶ
818 494 969 521 δυσϐάστα-

136 549 200 567 κτον
215 539 413 574 ἐπιφερόμενος
437 539 488 565 οὐκ
509 538 682 565 αἰσθάνεται·
701 538 750 572 τὴν
774 538 848 564 δὲέκ
867 532 971 564 τούτων

135 582 288 609 ἀπόλαυσιν
305 581 409 618 ἑτέροις
431 583 598 616 παραχωρεῖ,
620 581 650 608 οὐ
665 580 734 616 μετὰ
756 581 807 616 τὴν
823 582 872 616 τῆς
897 580 969 615 ζωῆς

137 625 304 660 μετάστασιν
321 626 412 660 μόνον,
429 624 497 652 ἀλλά
518 625 564 651 καὶ
579 624 630 660 πρὸ
646 625 694 659 τῆς
717 624 841 651 ἐντεῦθεν
867 623 967 656 ἐξόδου.

135 669 198 695 Κᾶν
208 668 263 705 γὰρ
275 669 312 705 μὴ
323 668 398 696 ἄκων
409 668 498 695 αὐτῶν
510 676 544 702 γυ
548 667 650 703 μνωθῇ,
663 667 715 694 ὑπὸ
725 667 778 693 τῶν
788 667 969 702 ᾡκειωμένων

135 712 293 746 διασπᾶται,
300 712 338 743 ὡς
345 713 442 744 εἰπεῖν,
453 712 501 739 καὶ
513 711 741 747 διασπαράττεται
753 711 861 738 ἅπαντα
871 710 968 742 ταῦτα,

136 756 185 782 καὶ
198 755 258 782 οὺδέ
269 756 317 782 τοῦ
332 755 478 782 πολλοστοῦ
494 755 582 783 αὐτῶν
602 755 702 790 μέρους
722 756 751 781 ἐν
765 754 912 781 ἀπολαύσει
927 754 969 788 γί-

135 808 224 826 νεται.
236 799 268 826 Τί
286 800 313 826 δὲ
327 799 397 834 λέγω
412 800 440 825 ἐν
456 798 602 825 ἀπολαύσει
615 807 621 831 ;
640 800 688 824 Ἂν
702 799 755 834 γὰρ
769 798 895 834 βουληθῇ,
910 798 969 829 πῶς

135 842 249 878 ἀρκέσει
263 842 327 877 μίαν
340 842 408 877 ἔχων
422 842 543 878 γαστέρα
558 841 625 877 πρὸς
645 841 755 868 τοσοῦτο
777 841 879 876 πλῆθος
901 849 969 876 χρη-

137 886 231 921 μάτων
242 894 251 918 ;
828 886 831 889 ’

172 929 206 960 ζ’.
221 928 302 956 Ἀλλά
309 928 362 955 τῶν
371 928 462 955 κακῶν
473 929 600 955 ἁπάντων
607 929 637 955 τὸ
645 929 731 955 αἴτιον
737 930 754 964 ἡ
763 928 909 961 κενοδοξία,
921 929 970 956 καὶ

135 973 167 998 τδ
180 972 323 1007 βούλεσθαι
335 973 386 1007 τὴν
398 972 582 1007 προσηγορίαν
592 973 747 1000 ἐπικεῖσθαι
760 973 807 1008 τὴν
816 973 897 999 αὑτοῦ
911 974 968 1004 τοῖς

135 1017 241 1050 ἀγροῖς,
256 1016 312 1046 τοῖς
325 1015 485 1050 βαλανείοις,
498 1017 558 1047 ταῖς
574 1017 683 1048 οἰκίαις.
709 1017 741 1043 Τί
759 1025 800 1043 σοι
818 1016 849 1042 τὺ
861 1016 967 1051 ὄφελος,

134 1058 275 1093 ἄνθρωπε,
300 1058 365 1085 ὅταν
383 1058 442 1093 μετ’
461 1059 491 1084 οὺ
516 1059 594 1090 πολὺ,
619 1059 735 1094 πυρετοῦ
759 1059 966 1090 καταλαϐόντος,

134 1101 233 1136 ἀθρόον
247 1101 422 1136 ἁφιπταμένη
436 1101 536 1137 ἡψυχὴ
555 1102 746 1137 καταλιμπάνῃ
760 1111 789 1128 σε
802 1102 904 1137 ἔρημον
921 1103 967 1128 καὶ

137 1144 249 1179 γυμνὸν,
266 1144 365 1179 μᾶλλον
389 1145 417 1171 δὲ
434 1145 533 1180 ἀρετῆς
549 1146 597 1180 μὲν
608 1146 827 1181 γεγυμνωμένον,
853 1145 968 1180 περιϐε-

135 1188 270 1223 6λημένον
282 1188 311 1215 δὲ
324 1189 374 1219 τὰς
388 1188 505 1220 ἀδικίας,
523 1190 572 1220 τὰς
591 1190 727 1224 ἁρπαγὰς,
738 1190 787 1221 τὰς
801 1189 966 1222 πλεονεξίας,

134 1232 199 1263 τοὺς
214 1233 391 1266 στεναγμοὺς,
406 1232 450 1259 τὸν
462 1233 588 1268 ὀδυρμὺν,
602 1233 637 1259 τὰ
648 1233 751 1268 δάκρυα
765 1234 819 1260 τῶν
832 1233 966 1269 ὀρφανῶν,

134 1274 187 1306 τὰς
203 1275 358 1308 ἐπιϐουλάς,
384 1277 446 1307 τοὺς
471 1277 579 1308 δόλους;
606 1277 666 1309 Πῶς
692 1277 792 1312 δυνήσῃ
807 1277 841 1303 τὰ
863 1277 969 1312 μεγάλα

134 1318 222 1345 ταῦτα
235 1319 332 1354 φορτία
345 1319 399 1346 τῶν
423 1320 628 1355 ἁμαρτημάτων
653 1321 720 1356 ἔχων
737 1321 907 1356 ἐπικείμενα,
919 1321 968 1355 τὴν

137 1362 234 1397 στενὴν
250 1362 338 1398 πύλην
351 1362 457 1398 ἐκείνην
475 1363 615 1398 διαϐῆναι⁹
635 1365 685 1399 τὴν
707 1365 738 1390 οὺ
752 1364 904 1399 δυναμένην
926 1364 969 1390 δὲ-

137 1404 233 1437 ξασθαι
247 1405 293 1431 τὸν
304 1405 386 1439 ὄγκον
402 1405 448 1431 τοῦ
460 1406 587 1432 τοσούτου
606 1407 754 1441 μεγέθους;
781 1408 898 1442 Ἀνάγκη
916 1407 969 1433 τοί-

137 1456 186 1474 νυν
197 1448 249 1481 ἔξω
264 1449 388 1484 μένοντα,
401 1449 447 1475 καὶ
463 1449 514 1475 ὑπὸ
525 1449 579 1475 τῶν
594 1451 710 1484 φορτίων
726 1449 827 1476 τούτων
838 1450 968 1486 βαρούμε-

139 1499 184 1516 νον
196 1492 314 1526 ἀνήνυτα
329 1492 551 1526 μεταγινώσκειν,
570 1493 618 1528 ήδη
632 1492 684 1527 πρὸ
699 1492 752 1519 τῶν
775 1492 920 1528 ὀφθαλμῶν
935 1493 970 1519 τὰ

140 1533 304 1570 κολαστήρια
315 1534 421 1569 ὁρῶντα
438 1535 652 1570 ηὐτρεπισμένα,
670 1535 756 1562 καὶτὸ
775 1535 830 1571 πῦρ
841 1536 927 1562 ἐκεῖνο
939 1536 970 1562 τὸ

137 1577 252 1612 φοϐερὸν
265 1578 312 1603 καὶ
328 1578 463 1613 μηδέποτε
489 1579 676 1613 σϐεννύμενον,
707 1579 754 1606 καὶ
771 1579 816 1606 τὸν
841 1579 969 1615 σκώληκα

136 1620 184 1646 τὸν
193 1620 380 1655 ἀτελεύτητον.
403 1621 471 1647 Ἂλλ*
486 1622 512 1647 εί
526 1630 566 1652 τις
580 1623 646 1656 ἡμῖν
664 1622 741 1656 λόγος
760 1623 808 1657 τῆς
832 1623 970 1658 σωτηρίας

137 1663 188 1698 τῆς
202 1664 348 1699 ἡμετέρας,
373 1665 410 1696 ὡς
438 1665 478 1691 ἔτι
496 1665 589 1700 καιρὸν
615 1666 724 1700 ἔχομεν,
741 1666 902 1701 άποστῶμεν
921 1668 970 1702 τῆς

138 1707 246 1739 κακίας,
264 1709 311 1734 καὶ
326 1708 374 1743 τήν
393 1709 493 1744 ἀρετὴν
511 1709 732 1745 μεταδιώξωμεν,
756 1711 802 1745 τῆς
820 1711 970 1743 κενοδοξίας

136 1749 320 1785 ὖπερίδωμεν.
349 1753 400 1778 Διά
422 1752 499 1778 τοῦτο
526 1753 580 1788 γὰρ
604 1754 651 1779 καὶ
670 1754 735 1789 κενὴ
754 1754 873 1788 λέγεται,
894 1754 969 1791 [204]

137 1794 232 1833 ἐπειδὴ
239 1794 361 1826 διάκενός
373 1797 430 1822 εστι
447 1796 493 1822 καὶ
504 1796 580 1822 οὐδὲν
594 1797 692 1831 ἔχουσα
706 1798 822 1832 βέϐαιον,
836 1798 896 1825 οὐδὲ
920 1799 970 1833 μόη

138 1830 225 1871 νιμον,
242 1838 299 1864 ἀλλ’
317 1838 408 1874 ἀπάτη
429 1839 509 1874 μόνον
534 1830 680 1874 ὀφθαλμῶν
696 1830 844 1875 τυγχάνει,
870 1830 934 1877 πρὶν
952 1842 968 1878 ἢ

138 1880 256 1914 φανῆναι
272 1882 459 1917 ἀφιπταμένη.
482 1883 517 1910 Ἢ
531 1883 580 1918 οὐχ
595 1883 703 1918 ὁρῶμεν
721 1884 766 1910 τὸν
781 1885 898 1920 σήμερον
917 1886 970 1912 ὑπὸ

137 1923 192 1949 τῶν
207 1925 361 1960 ῥαϐδούχων
373 1927 612 1962 προπεμπόμενον,
624 1928 671 1954 καὶ
683 1928 735 1954 ὑπὸ
746 1928 800 1955 τῶν
815 1929 969 1965 δορυφόρων

138 1966 333 2003 κυκλούμενον,
361 1969 456 2005 αὔριον
481 1971 611 2002 πολλάκις
626 1971 810 2006 δεσμωτήριον
833 1973 967 2006 οίκοῦντα,

138 2012 185 2036 καὶ
204 2012 272 2046 μετὰ
290 2013 344 2039 τῶν
355 2013 515 2049 κακούργων
536 2016 734 2050 στρεφόμενον;
758 2016 790 2042 Τί
804 2016 906 2051 ταύτης
920 2018 970 2052 τῆς

139 2054 222 2089 κενῆς
234 2056 282 2082 καὶ
297 2057 413 2090 ματαίας
427 2057 504 2093 δόξης
519 2058 736 2093 άπατηλότερονς
765 2059 797 2085 El
812 2060 841 2086 δὲ
866 2060 913 2086 καὶ
932 2061 969 2097 μὴ

139 2098 168 2123 ἐν
179 2098 218 2133 τῷ
234 2100 349 2134 παρόντι
362 2101 397 2127 τὰ
410 2100 460 2135 τῆς
472 2102 622 2137 μετασολῆς
633 2102 713 2129 αὐτὸν
726 2102 876 2139 ἐκδέξηται,
892 2104 970 2130 613d-

139 2150 217 2173 νατος
232 2143 339 2175 πάντως
354 2144 475 2171 ἐπελθὼν
487 2145 593 2180 διέκοψε
603 2146 651 2181 τὴν
665 2146 823 2181 εὐημερίαν,
835 2146 882 2173 καὶ
895 2148 909 2174 ὀ
921 2148 970 2183 σή-

141 2193 223 2219 μερον
239 2185 324 2212 σοϐῶν
340 2187 386 2213 ἐπὶ
401 2188 450 2223 τῆς
462 2188 574 2224 ἀγορᾶς,
599 2189 645 2215 καὶ
668 2190 707 2221 είς
725 2190 910 2226 δεσμωτήριον
924 2192 970 2226 ἐμ-

140 2228 254 2259 ϐάλλων,
285 2229 333 2256 καὶ
357 2230 405 2256 ἐπὶ
433 2231 476 2257 τοῦ
493 2232 587 2266 θρόνου
611 2231 776 2267 καθήμενος,
795 2234 841 2259 καὶ
863 2234 970 2269 μεγάλα

139 2271 242 2305 φυσῶν,
269 2273 316 2299 καὶ
337 2274 400 2306 τοὺς
415 2274 536 2307 ἅπαντας
553 2275 712 2311 ἀνθρώπους
732 2276 770 2308 ὡς
785 2277 862 2308 σκιὰς
885 2277 968 2313 ὁρῶν,

139 2315 237 2350 ἁθρόον
250 2318 284 2352 τῇ
301 2317 366 2352 ἑξῆς
380 2319 466 2345 κεῖται
484 2319 580 2354 νεκρὸς
599 2320 709 2351 ἄπνους,
729 2320 860 2353 δυσωδίας
886 2321 969 2356 ἱμπε-

140 2359 304 2394 πλησμένος,
332 2361 442 2397 μυρίαις
461 2362 636 2398 κατηγορίαις
658 2363 829 2398 βαλλόμενος,
846 2364 898 2391 ὐπὺ
914 2364 969 2392 τῶν

139 2402 332 2437 ἀδικηθέντων,
346 2405 398 2431 ὑπὸ
407 2405 461 2432 τῶν
472 2406 555 2441 μηδὲν
566 2406 758 2442 ἀδικηθέντων,
768 2407 970 2441 συναλγούντων

138 2447 196 2476 τοῖς
205 2446 365 2481 ἀδικηθεῖσι.
381 2448 414 2474 Τί
424 2449 471 2475 τοῦ
485 2449 605 2476 τοιούτου
618 2449 797 2485 ἐλεεινότερον
810 2450 907 2484 γένοιτ’
918 2451 968 2486 dy;

140 2488 191 2515 Καὶ
208 2488 241 2515 τὰ
254 2489 304 2524 μὲν
319 2490 481 2524 συλλεγέντα
491 2493 597 2520 ἅπαντα
614 2493 744 2524 πολλάκις
758 2493 850 2528 ἐχθροὶ
864 2495 912 2521 καὶ
921 2503 986 2522 πο·-

139 2532 228 2567 λέμιοι
245 2533 313 2568 πρὸς
320 2533 452 2569 ἀλλήλους
464 2535 632 2571 διενείμαντο
641 2545 647 2552 ·
665 2537 699 2563 τὰ
711 2536 739 2563 δὲ
753 2537 786 2564 ἐκ
798 2537 900 2564 τούτων
909 2539 970 2564 ἐπι-

140 2575 311 2611 σωρευθὲντα
340 2582 354 2597 ι
383 2577 458 2613 αὐτῷ
485 2579 669 2615 ἁμαρτήματα
692 2579 780 2606 λαϐὼν
804 2580 908 2613 ἄπεισι,
921 2581 970 2613 τὰς

140 2619 211 2655 ὑπὲρ
226 2620 329 2647 τούτων
344 2620 492 2655 ἀπολογίας
511 2623 580 2662 μετὰ
596 2623 694 2658 πολλῆς
707 2624 906 2659 ἀπαιτούμενος
921 2626 970 2661 τῆς

139 2663 293 2698 ἀκριϐείας.
314 2664 360 2691 Διὸ
370 2665 532 2700 παρακαλῶ,
547 2666 691 2700 φεύγοντες
708 2666 756 2702 τὴν
773 2667 854 2703 κενὴν
869 2667 970 2703 ταύτην

139 2707 229 2740 δόξαν,
251 2708 301 2744 τὴν
313 2709 401 2745 ἀληθῆ
431 2710 602 2745 ποθήσωμεν,
622 2711 668 2737 καὶ
688 2710 907 2742 διαιωνίζουσαν·
923 2712 971 2738 καὶ

142 2753 210 2787 μήτε
226 2754 372 2789 χρημάτων
389 2754 459 2790 ἔρως
479 2755 552 2790 ἡμᾶς
565 2754 776 2786 ὑποσκελιζέτω,
795 2756 864 2790 μήτε
882 2754 971 2782 ἐπιθυ-

172 2826 279 2864 'Muv‘ql.
301 2821 482 2860 ἔκσωρευθέντα.
507 2829 560 2854 Mox
574 2828 644 2853 multi
667 2835 722 2853 mss.
743 2829 784 2857 τὰς
805 2829 862 2862 ὑπὲρ
878 2829 968 2854 τούτων

142 2865 296 2888 παρανομιας.

709 176 742 206 IN
762 177 838 205 CAP.
858 177 892 204 γι
912 175 1036 204 GENES.
1058 168 1172 204 ιϊοιιιι.
1189 175 1284 204 xxm.

1800 174 1851 203 196

1027 234 1090 268 μίας
1102 234 1166 268 φλὸξ
1181 233 1362 264 κατακαιέτω,
1386 234 1452 269 μήτε
1472 233 1569 268 φθόνος
1584 232 1631 260 καὶ
1657 231 1789 267 βασκανία
1803 241 1845 267 τη-

1023 277 1106 308 κὲτω,
1123 278 1192 312 μήτε
1202 277 1286 311 θυμὸς
1302 277 1465 312 ἐμπρησμὸν
1480 278 1545 312 ἡμῖν
1558 276 1770 311 άπεργαζέσθω·
1782 276 1850 302 ἀλλά

1022 320 1110 346 πάντα
1121 320 1206 346 ταῦτα
1218 320 1252 346 τά
1262 320 1367 355 πονηρὰ
1385 321 1432 346 καὶ
1443 320 1551 355 ὀλέθρια
1565 320 1640 356 πάθῃ
1657 321 1691 356 τῇ
1704 320 1791 355 δρόσῳ
1803 319 1851 346 τοῦ

1022 363 1180 398 Πνεύματος
1204 363 1420 394 κατασϐέσαντες
1436 363 1605 398 ὑπερίδωμεν
1625 363 1680 390 τῶν
1698 363 1850 398 παρόντων,

1022 405 1185 440 ποθήσωμεν
1200 406 1233 432 τὰ
1253 405 1392 440 μέλλοντα,
1404 406 1508 432 ἔννοιάν
1519 414 1579 432 τινα
1590 405 1715 441 λάϐωμιν
1727 406 1777 439 τῆς
1788 406 1848 440 μελ-

1022 448 1122 483 λούσης
1138 449 1254 483 ἡμέρας,
1269 448 1316 475 καὶ
1330 448 1430 483 πολλὴν
1441 448 1488 475 τοῦ
1505 448 1562 483 βίον
1576 448 1623 484 τὴν
1633 449 1774 483 ἀκρίϐειαν
1790 449 1849 474 ἐπιο

1020 490 1182 526 δειξὼμεθα.
1197 491 1264 517 Οὐδὲ
1279 491 1331 526 γὰρ
1346 491 1389 518 διὰ
1402 491 1481 517 τοῦτο
1495 492 1534 522 είς
1549 491 1594 517 τὸν
1608 491 1665 525 βίον
1679 491 1773 518 τοῦτον
1783 499 1849 526 παρ-

1020 534 1153 570 ήχθημεν,
1171 535 1213 560 ἵνα
1231 535 1310 569 μόνον
1320 535 1453 569 ἐσθίωμεν
1469 535 1515 561 καὶ
1534 534 1665 569 πίνωμεν.

1055 578 1092 604 Οὺ
1110 578 1141 604 τὸ
1155 577 1204 613 ζῇν
1217 578 1261 604 διὰ
1274 578 1305 604 τὸ
1319 579 1414 612 φαγεῖν
1428 578 1475 604 καὶ
1492 579 1561 604 πιεῖν
1586 577 1706 611 γέγονεν,
1722 576 1789 603 ἀλλά
1805 576 1849 602 διὰ

1018 621 1049 648 τὸ
1064 621 1113 656 ζῇν
1127 621 1157 647 τὸ
1171 623 1268 655 φαγεῖν
1287 621 1333 648 καὶ
1349 622 1429 647 πιεῖν.
1447 621 1492 656 Μὴ
1514 621 1603 647 τοίνυν
1628 620 1849 655 ἀντιστρέφωμεν

1019 665 1067 700 τὴν
1082 665 1168 698 τάξιν.
1183 665 1250 700 μήτε
1264 664 1301 696 ὡς
1321 664 1354 690 δι’
1369 663 1436 690 αὐτὸ
1452 664 1592 698 γενόμενοι
1605 663 1676 690 οὓτω
1701 665 1733 698 τῇ
1750 664 1848 698 γαστρὶ

1019 708 1198 742 δουλεύωμεν,
1213 708 1259 734 καὶ
1273 709 1334 739 ταῖς
1352 709 1400 742 τῆς
1414 707 1514 742 σαρκὸς
1528 707 1648 742 ἡδοναῖς·
1664 706 1732 733 ἀλλὰ
1745 707 1794 741 τὴν
1805 707 1849 732 ἐν-

1018 751 1113 778 τεῦθεν
1130 752 1196 787 ἡμῖν
1209 751 1370 786 τικτομένην
1396 750 1497 786 βλάϐην
1523 750 1751 785 ἀναλογιζόμενοι,
1770 758 1850 776 κατα-

1019 795 1172 829 στέλλωμεν
1181 796 1232 830 τῆς
1244 794 1345 829 σαρκὸς
1358 794 1392 821 τὰ
1402 795 1550 829 κινήματα,
1561 794 1608 820 καὶ
1623 794 1659 829 μὴ
1672 794 1848 829 ῥᾳθυμῶμεν,

1021 839 1087 874 μηδὲ
1102 838 1287 873 συγχωρῶμεν
1303 838 1389 873 αὐτὴν
1413 837 1655 869 καττξανίστασθαι
1673 836 1724 871 τῆς
1748 836 1846 871 ψυχῆς.

1004 880 1049 909 Ἐἰ
1065 882 1120 917 γὰρ
1147 882 1250 912 Παῦλος
1273 882 1288 907 ὁ
1300 881 1424 912 τοσοῦτος
1450 881 1497 907 καὶ
1515 880 1681 916 τηλικοῦτος,
1696 881 1712 906 ὁ
1724 880 1848 914 καθάπερ

1019 925 1172 960 ὑπόπτερος
1185 925 1233 960 τὴν
1247 925 1409 959 οἰκουμένην
1432 923 1588 959 διαδραμὼν
1602 925 1720 956 ἃπασαν,
1734 923 1847 949 καὶτῶν

1019 968 1180 1003 σωματικῶν
1196 967 1323 1001 ἀναγκῶν
1338 967 1472 1002 ἀνώτερος
1489 967 1619 1001 γεγονὼς,
1638 967 1748 993 καὶτῶν
1762 967 1848 1001 ἀρρή-

1017 1021 1071 1038 των
1087 1012 1198 1038 ἐκείνων
1221 1012 1350 1046 ῥημάτων
1374 1010 1488 1037 ἀκοῦσαι
1502 1009 1687 1043 καταξιωθεὶς,
1702 1007 1739 1036 ὧν
1766 1010 1846 1045 μέχρι

1017 1056 1068 1090 τῆς
1081 1056 1199 1090 σήμερον
1207 1055 1293 1086 οὐδεὶς
1308 1054 1386 1085 ἄλλος
1394 1055 1504 1089 ἤκουσε,
1513 1054 1625 1089 γράφων
1631 1054 1724 1087 ἔλεγεν
1731 1061 1738 1069 ·
1759 1053 1846 1080 ’Υπωο

1019 1099 1106 1128 πιάζω
1120 1108 1176 1133 μου
1193 1099 1227 1125 τὸ
1244 1098 1338 1133 σῶμα,
1356 1098 1404 1124 καὶ
1419 1097 1606 1132 δουλαγωγῶ,
1619 1097 1724 1132 μήπως
1741 1097 1847 1130 ἄλλοις

1018 1143 1151 1176 κηρύξας
1167 1141 1258 1174 αὐτὸς
1270 1142 1411 1175 ἀδόκιμος
1427 1141 1553 1175 γένωμαι
1563 1149 1569 1156 ’
1585 1142 1609 1167 εί
1635 1141 1722 1167 τοίνυν
1746 1142 1862 1174 ἐκεῖνοςχ

1018 1187 1032 1212 ὁ
1046 1185 1179 1220 τοσαύτης
1194 1184 1317 1217 ἀξιωθεὶς
1339 1185 1457 1219 χάριτος,
1477 1184 1545 1219 μετὰ
1567 1183 1684 1210 τοσαῦτα
1712 1184 1758 1210 καὶ
1777 1184 1849 1218 τηλι-

1018 1229 1105 1255 καῦτα
1124 1228 1323 1263 κατορθώματα
1338 1228 1422 1253 ἐδεῖτο
1440 1227 1485 1253 τοῦ
1503 1227 1682 1258 ὑπωπιάζειν,
1703 1227 1750 1253 καὶ
1776 1227 1849 1253 δουλ-

1020 1273 1146 1306 αγωγεῖν,
1160 1273 1206 1299 καὶ
1219 1272 1377 1298 ὑποτάττειν
1388 1272 1422 1306 τῇ
1440 1271 1488 1305 τῆς
1501 1270 1588 1305 ψυχῆς
1605 1270 1720 1305 ἐξουσίᾳ,
1734 1271 1781 1297 καὶ
1796 1271 1849 1296 ὑπὸ

1018 1316 1066 1351 τὴν
1083 1316 1183 1349 ταύτης
1201 1314 1299 1350 ἀρετὴν
1313 1312 1383 1340 εἶναι
1409 1314 1494 1340 ποιεῖν
1507 1313 1554 1339 τοῦ
1577 1313 1701 1348 σώματος
1727 1313 1761 1339 τὰ
1775 1322 1849 1348 σκιρ-

1017 1360 1128 1394 τήματα
1153 1358 1321 1391 (ὑπωπιάζει
1338 1357 1391 1392 γάρ
1411 1365 1452 1388 τις
1469 1357 1499 1382 τὸ
1516 1356 1785 1391 κατεξανιστάμενον,
1801 1357 1848 1383 καὶ

1017 1402 1182 1435 δουλαγωγεῖ
1194 1402 1223 1427 τὸ
1240 1400 1360 1435 ἁφηνιῶν
1378 1400 1418 1434 ιι)-
1435 1400 1461 1426 τί
1475 1398 1521 1426 οὖν
1537 1400 1569 1426 ἂν
1594 1400 1715 1435 είποιμεν
1727 1401 1807 1435 ἡμεῖς
1822 1400 1848 1426 οἱ

1019 1445 1127 1471 πάντων
1143 1444 1241 1479 ἑρημοι
1257 1443 1311 1470 τῶν
1323 1443 1442 1477 ἀγαθῶν,
1467 1443 1493 1469 οί
1509 1443 1629 1478 φορτίοις
1643 1442 1847 1478 ἁμαρτημάτων

1020 1488 1094 1525 [205]
1112 1488 1305 1524 βεϐαρημένοι,
1319 1488 1364 1514 καὶ
1381 1487 1449 1521 πρὸς
1472 1486 1576 1518 τούτοις
1592 1486 1690 1521 πολλὴν
1706 1486 1754 1520 τὴν
1770 1486 1848 1521 ρᾳθυ-

1021 1533 1084 1567 μίαν
1095 1531 1230 1559 ἐπιδεικνύ
1236 1539 1328 1566 μενοι;
1345 1530 1390 1566 Μὴ
1405 1530 1459 1565 γὰρ
1473 1529 1616 1565 ἀνακωχὴν
1630 1529 1686 1565 ἔχει
1699 1530 1712 1556 ὁ
1732 1529 1852 1564 πόλεμος

1019 1574 1111 1609 οὗτος
1127 1575 1163 1611 μὴ
1187 1575 1241 1610 γὰρ
1263 1574 1358 1610 καιρὸν
1387 1573 1533 1604 ἐπιθέσεως
1558 1573 1704 1609 κέκτηται;
1730 1574 1847 1600 Πάντοτε

1021 1622 1113 1655 νήφειν
1127 1620 1173 1646 κοιλ⁴
1188 1619 1367 1654 ἐγρηγορέναι
1376 1618 1424 1648 δεῖ,
1437 1618 1484 1644 καὶ
1499 1617 1631 1652 μηδέποτε
1639 1617 1669 1644 ἐν
1682 1617 1758 1651 ἀδείᾳ
1767 1615 1847 1643 εἶναι’

1020 1665 1079 1690 ἐπεὶ
1099 1663 1165 1698 μηδέ
1184 1661 1242 1688 ἐστι
1259 1661 1353 1697 καιρδς
1370 1661 1521 1696 ὡρισμένος
1537 1661 1586 1696 τῆς
1607 1659 1654 1686 τοῦ
1668 1659 1849 1694 πολεμοῦντος

1020 1708 1067 1734 καὶ
1086 1705 1294 1741 ὲπεμϐαίνοντος
1309 1710 1318 1724 ε
1337 1705 1401 1739 ἡμῖν
1415 1703 1572 1735 ἐπιθέσεως.
1595 1703 1650 1729 ’Δεὶ
1665 1703 1754 1729 τοίνυν
1768 1711 1849 1738 φρον-

1019 1751 1146 1784 τίζωμεν,
1158 1749 1199 1775 ἀεὶ
1216 1748 1390 1784 μεριμνῶμεν
1402 1747 1466 1782 περὶ
1478 1747 1527 1781 τῆς
1540 1745 1676 1781 σωτηρίας
1690 1745 1739 1780 τῆς
1752 1745 1850 1780 ἡμετέ-

1022 1803 1081 1830 ρας,
1099 1794 1142 1820 ῖνοι
1157 1792 1228 1819 οὓτω
1253 1791 1408 1825 δυνηθῶμεν
1436 1791 1484 1816 καὶ
1497 1790 1574 1816 αὐτοὶ
1600 1789 1731 1815 ἀνάλωτοι
1749 1790 1850 1824 μεῖναι,

1020 1838 1067 1863 καὶ
1082 1837 1131 1868 τὰς
1148 1834 1224 1869 παρά
1248 1834 1294 1860 τοῦ
1311 1833 1440 1868 πολεμίου
1465 1833 1586 1867 μηχανὰς
1608 1832 1782 1866 διαφυγόντες
1799 1832 1850 1867 τῆς

1020 1879 1096 1915 παρὰ
1114 1878 1160 1905 τοῦ
1184 1876 1251 1903 Θεοῦ
1277 1876 1481 1911 φιλανθρωπίας
1506 1875 1676 1909 ἀξιωθῶμεν,
1700 1875 1789 1909 χάριτι
1803 1875 1850 1901 καὶ

1020 1914 1170 1957 οἰκτιρμοῖς
1180 1920 1226 1946 τοῦ
1237 1918 1405 1953 Μονογενοῦς
1419 1918 1511 1951 αὑτοῦ,
1525 1918 1585 1953 μεθ’
1597 1914 1627 1944 οὗ
1639 1917 1678 1952 τῷ
1694 1918 1780 1953 Πατρὶ
1792 1917 1850 1953 ἅμα

1019 1965 1058 2000 τῷ
1075 1964 1145 1998 ἁγίῳ
1158 1962 1299 1998 Πνεύματι
1315 1961 1388 1994 δόξα.
1401 1962 1510 1997 κράτος,
1525 1961 1603 1997 τιμὴ,
1619 1961 1666 1988 νῦν
1678 1961 1725 1987 καὶ
1738 1961 1793 1993 ἀεὶ,
1803 1961 1849 1988 καὶ

1020 2009 1059 2040 είς
1075 2008 1138 2039 τοὺς
1153 2007 1253 2038 αἰῶνας
1267 2005 1322 2033 τῶν
1336 2005 1451 2032 αἰώνων.
1473 2005 1568 2039 Ἀμήν.

1334 2049 1456 2076 οΜιΑιΑ
1471 2049 1535 2075 Kl".

1020 2094 1083 2123 Νῶε
1096 2094 1131 2121 δὲ
1140 2091 1209 2127 εὗρε
1223 2093 1310 2127 χάριν
1323 2093 1461 2127 ὲναντίογ
1471 2092 1580 2125 Κυρίου
1593 2090 1645 2118 τοῦ
1661 2091 1745 2127 ᾷσοῦ.
1758 2088 1849 2127 Αὗται

1054 2130 1088 2156 δὲ
1112 2131 1141 2155 αἱ
1164 2125 1297 2162 Ίῖενέσὲιγς
1318 2127 1391 2162 Νῶε,
1406 2126 1470 2154 Νῶε
1487 2126 1647 2162 κᾶνθρωπος
1660 2125 1783 2162 δίκαιος,
1803 2125 1849 2153 τέ-

1053 2166 1134 2196 λειος
1150 2159 1193 2190 ὢν·
1207 2163 1242 2189 ἐν
1252 2161 1289 2196 τῇ
1306 2161 1395 2196 γενεᾷ
1407 2161 1500 2188 αὑτοῦ
1510 2170 1517 2177 ·
1532 2159 1572 2194 τῷ
1586 2159 1647 2193 Θεῷ
1663 2160 1850 2195 εὐηρέστησε

1053 2199 1126 2226 Νῶε.

1024 2247 1028 2251 ”
1055 2246 1089 2269 α’.
1101 2241 1196 2268 Έίδετε
1210 2241 1238 2266 ὲν
1248 2241 1302 2270 τοῖς
1310 2239 1360 2275 ἥδη
1376 2239 1504 2274 ῥηθεῖσιν,
1516 2239 1577 2265 ὅσον
1584 2238 1634 2274 τῆς
1648 2238 1850 2274 φιλανθρωπίας

1019 2286 1066 2313 τοῦ
1078 2286 1146 2313 Θεοῦ
1160 2285 1190 2311 τὸ
1205 2283 1328 2319 μέγεθος,
1343 2282 1389 2309 καὶ
1405 2282 1474 2316 πόση
1487 2281 1569 2308 αὑτοῦ
1582 2282 1632 2316 τῆς
1643 2281 1816 2313 ἀνεξικακίας
1833 2282 1849 2317 ή

1020 2329 1177 2365 ὑπερϐολή;
1194 2328 1279 2354 εῐδετε
1297 2326 1352 2352 τῶν
1366 2326 1426 2352 τότε
1443 2324 1602 2361 ἀνθρώπων“
1615 2325 1664 2360 τῆς
1685 2325 1783 2356 κακίας
1800 2324 1849 2359 τὴν

1020 2373 1144 2400 ἐπίτασιν
1156 2379 1163 2403 ;
1174 2370 1343 2406 κατεμάθετε
1362 2369 1391 2396 ἐν
1405 2369 1479 2404 μέσῳ
1494 2368 1614 2403 τοσούτῳ
1629 2368 1726 2403 πλήθει
1735 2368 1785 2402 ὅση
1802 2366 1849 2392 τοῦ

1019 2416 1123 2443 δικαίου
1138 2415 1249 2449 γέγονεν
1267 2414 1285 2447 ἠ
1297 2413 1390 2449 ἁρετὴ.
1401 2412 1447 2438 καὶ
1457 2412 1496 2438 ὅτι
1506 2411 1581 2438 οὐδὲν
1595 2410 1675 2437 αὐτὸν
1687 2410 1848 2444 ἐλυμήνατο,

1020 2459 1081 2486 οὕτε
1094 2460 1111 2494 ἡ
1127 2456 1271 2493 συμφωνία
1286 2455 1397 2482 ἐκείνων
1407 2455 1454 2481 ἐπὶ
1464 2455 1514 2489 τὴν
1530 2454 1628 2481 κακίαν
1645 2453 1775 2487 ῥέπουσα,
1787 2452 1849 2478 οὗτε

1019 2502 1050 2528 τὺ
1068 2502 1147 2536 μόνον
1161 2502 1190 2526 ὲν
1207 2500 1281 2535 μέσῳ
1289 2498 1391 2525 τούτων
1409 2496 1585 2531 ἀπειλῆφθαι,
1600 2495 1646 2522 καὶ
1660 2495 1710 2530 τὴν
1725 2494 1849 2521 ἐναντίαν

1020 2545 1123 2572 ὁδεύειν
1139 2544 1215 2575 όδόν;
1245 2541 1378 2575 Καθάπερ
1408 2540 1462 2574 γὰρ
1486 2538 1655 2573 κυϐερνήτης
1666 2538 1776 2573 ἄριστος
1786 2539 1848 2571 τοὺς

1020 2589 1069 2624 τῆς
1083 2587 1201 2617 διανοίας
1216 2585 1311 2616 οῐακας
1327 2584 1396 2618 μετά
1414 2583 1511 2618 πολλῆς
1531 2582 1582 2617 τῆς
1596 2582 1749 2618 ἀγρυπνίας
1766 2590 1848 2616 μετα-

1021 2630 1215 2666 χειριζόμενος,
1229 2629 1280 2654 ούκ
1293 2627 1368 2662 ἠφίει
1382 2625 1632 2661 καταϐαπτισθῆναι
1645 2625 1676 2652 τὸ
1687 2625 1788 2660 σκάφος
1797 2625 1849 2652 ὑπὸ

1020 2674 1069 2709 τῆς
1085 2672 1264 2707 σφοδρότητος
1276 2670 1330 2697 τῶν
1354 2670 1404 2704 τῆς
1422 2670 1521 2701 κακίας
1539 2670 1678 2704 κυμάτων,
1701 2669 1769 2695 ἀλλὰ
1781 2667 1850 2695 ἀνώ-

1022 2724 1098 2751 τερος
1114 2714 1161 2741 τοῦ
1176 2713 1308 2749 χειμῶνος
1319 2711 1450 2747 γεγονὼς,
1467 2712 1514 2738 καὶ
1531 2712 1659 2746 πελάγιος
1670 2711 1799 2743 σαλεύων,
1812 2711 1852 2742 ὡς

1054 2768 1066 2787 h
1085 2767 1201 2802 Ἀ-φηνιῶν
1223 2771 1254 2789 ex
1276 2765 1371 2789 duobus
1389 2771 1446 2788 mss.
1460 2763 1613 2789 resliluimus
1624 2774 1630 2788 :
1643 2767 1701 2788 ante
1720 2762 1850 2793 legebatur

1022 2806 1151 2855 “F332,
1166 2828 1206 2851 καὶ
1226 2826 1420 2857 ἐπεμϐαίνοντος,
1441 2827 1529 2851 desum
1551 2826 1576 2850 in
1596 2825 1706 2856 plurimis
1720 2829 1788 2851 mss.,
1805 2822 1850 2846 sed

1029 2859 1152 2883 ιιιιὶιοιιιιιι·
1170 2860 1195 2881 ιιι
1207 2857 1265 2881 Mur.
1278 2860 1304 2881 el
1320 2857 1375 2881 Sav.
