  <div class='ocr_page' id='page_1' title='image "/cluster/home/n/w/nwhite01/storage/ocr_20150623/53/mdp.39015028539479/197.png"; bbox 0 0 4066 6140; ppageno 0'>
   <div class='ocr_carea' id='block_1_1' title="bbox 402 319 506 376">
    <p class='ocr_par' dir='ltr' id='par_1_1' title="bbox 402 319 506 376">
     <span class='ocr_line' id='line_1_1' title="bbox 402 319 506 376; baseline -0.019 0"><span class='ocrx_word' id='word_1_1' title='bbox 402 319 506 376; x_wconf 66' lang='grc' dir='ltr'><strong>1ῦῖ</strong></span> 
     </span>
    </p>
   </div>
   <div class='ocr_carea' id='block_1_2' title="bbox 396 421 2065 506">
    <p class='ocr_par' dir='ltr' id='par_1_2' title="bbox 396 421 2065 506">
     <span class='ocr_line' id='line_1_2' title="bbox 396 421 2065 506; baseline -0.007 -18"><span class='ocrx_word' id='word_1_2' title='bbox 396 436 457 488; x_wconf 79' lang='grc' dir='ltr'><strong>ἐν</strong></span> <span class='ocrx_word' id='word_1_3' title='bbox 479 431 654 506; x_wconf 79' lang='grc' dir='ltr'><strong>λιμένι</strong></span> <span class='ocrx_word' id='word_1_4' title='bbox 671 431 998 502; x_wconf 80' lang='grc' dir='ltr'><strong>καθήμενος,</strong></span> <span class='ocrx_word' id='word_1_5' title='bbox 1018 425 1164 481; x_wconf 80' lang='grc' dir='ltr'><strong>οὕτω</strong></span> <span class='ocrx_word' id='word_1_6' title='bbox 1182 429 1280 499; x_wconf 81' lang='grc' dir='ltr'><strong>τῆς</strong></span> <span class='ocrx_word' id='word_1_7' title='bbox 1293 429 1496 498; x_wconf 80' lang='grc' dir='ltr'><strong>ἀρετῆς</strong></span> <span class='ocrx_word' id='word_1_8' title='bbox 1509 428 1570 481; x_wconf 83' lang='grc' dir='ltr'><strong>τὸ</strong></span> <span class='ocrx_word' id='word_1_9' title='bbox 1586 427 1848 496; x_wconf 73' lang='grc' dir='ltr'><strong>πηδάλιον</strong></span> <span class='ocrx_word' id='word_1_10' title='bbox 1871 421 2065 478; x_wconf 86' lang='grc' dir='ltr'><strong>ἰθύνων</strong></span> 
     </span>
    </p>
   </div>
   <div class='ocr_carea' id='block_1_3' title="bbox 399 512 2066 585">
    <p class='ocr_par' dir='ltr' id='par_1_3' title="bbox 399 512 2066 585">
     <span class='ocr_line' id='line_1_3' title="bbox 399 512 2066 585; baseline -0.008 -9"><span class='ocrx_word' id='word_1_11' title='bbox 399 522 556 583; x_wconf 77' lang='grc' dir='ltr'><strong>ἐκτὸς</strong></span> <span class='ocrx_word' id='word_1_12' title='bbox 585 517 770 572; x_wconf 77' lang='grc' dir='ltr'><strong>ἑαυτὸν</strong></span> <span class='ocrx_word' id='word_1_13' title='bbox 815 516 1115 584; x_wconf 86' lang='grc' dir='ltr'><strong>κατέστησε</strong></span> <span class='ocrx_word' id='word_1_14' title='bbox 1139 515 1236 566; x_wconf 91' lang='grc' dir='ltr'><strong>τοῦ</strong></span> <span class='ocrx_word' id='word_1_15' title='bbox 1268 513 1553 585; x_wconf 88' lang='grc' dir='ltr'><strong>μέλλοντος</strong></span> <span class='ocrx_word' id='word_1_16' title='bbox 1600 512 1891 566; x_wconf 77' lang='grc' dir='ltr'><strong>κλυδωνίου</strong></span> <span class='ocrx_word' id='word_1_17' title='bbox 1940 512 2066 574; x_wconf 81' lang='grc' dir='ltr'><strong>τοὺς</strong></span> 
     </span>
    </p>
   </div>
   <div class='ocr_carea' id='block_1_4' title="bbox 397 597 2066 675">
    <p class='ocr_par' dir='ltr' id='par_1_4' title="bbox 397 597 2066 675">
     <span class='ocr_line' id='line_1_4' title="bbox 397 597 2066 675; baseline -0.006 -15"><span class='ocrx_word' id='word_1_18' title='bbox 397 609 537 661; x_wconf 61' lang='grc' dir='ltr'><strong>κατὰ</strong></span> <span class='ocrx_word' id='word_1_19' title='bbox 563 604 660 675; x_wconf 82' lang='grc' dir='ltr'><strong>τήν</strong></span> <span class='ocrx_word' id='word_1_20' title='bbox 685 603 1009 673; x_wconf 72' lang='grc' dir='ltr'><strong>οἰκουμένην</strong></span> <span class='ocrx_word' id='word_1_21' title='bbox 1048 601 1292 664; x_wconf 72' lang='grc' dir='ltr'><strong>ἅπαντας</strong></span> <span class='ocrx_word' id='word_1_22' title='bbox 1329 599 1757 672; x_wconf 68' lang='grc' dir='ltr'><strong>καταλήψεσθαι.</strong></span> <span class='ocrx_word' id='word_1_23' title='bbox 1801 597 2066 652; x_wconf 89' lang='grc' dir='ltr'><strong>Τοσοῦτόν</strong></span> 
     </span>
    </p>
   </div>
   <div class='ocr_carea' id='block_1_5' title="bbox 398 684 2066 760">
    <p class='ocr_par' dir='ltr' id='par_1_5' title="bbox 398 684 2066 760">
     <span class='ocr_line' id='line_1_5' title="bbox 398 684 2066 760; baseline -0.004 -16"><span class='ocrx_word' id='word_1_24' title='bbox 398 694 545 746; x_wconf 79' lang='grc' dir='ltr'><strong>ἐστιν</strong></span> <span class='ocrx_word' id='word_1_25' title='bbox 589 689 756 760; x_wconf 81' lang='grc' dir='ltr'><strong>ἀρετὴ</strong></span> <span class='ocrx_word' id='word_1_26' title='bbox 809 690 1060 760; x_wconf 79' lang='grc' dir='ltr'><strong>πρᾶγμα,</strong></span> <span class='ocrx_word' id='word_1_27' title='bbox 1115 687 1401 748; x_wconf 87' lang='grc' dir='ltr'><strong>ἀθάνατον,</strong></span> <span class='ocrx_word' id='word_1_28' title='bbox 1451 688 1544 739; x_wconf 67' lang='grc' dir='ltr'><strong>καὶ</strong></span> <span class='ocrx_word' id='word_1_29' title='bbox 1595 685 1914 756; x_wconf 82' lang='grc' dir='ltr'><strong>ἀχείρωτον,</strong></span> <span class='ocrx_word' id='word_1_30' title='bbox 1963 684 2066 737; x_wconf 87' lang='grc' dir='ltr'><strong>οὐκ</strong></span> 
     </span>
    </p>
   </div>
   <div class='ocr_carea' id='block_1_6' title="bbox 395 770 2064 846">
    <p class='ocr_par' dir='ltr' id='par_1_6' title="bbox 395 770 2064 846">
     <span class='ocr_line' id='line_1_6' title="bbox 395 770 2064 846; baseline -0.004 -16"><span class='ocrx_word' id='word_1_31' title='bbox 395 772 542 830; x_wconf 80' lang='grc' dir='ltr'><strong>εἶκον</strong></span> <span class='ocrx_word' id='word_1_32' title='bbox 565 778 685 839; x_wconf 88' lang='grc' dir='ltr'><strong>ταῖς</strong></span> <span class='ocrx_word' id='word_1_33' title='bbox 705 775 799 828; x_wconf 90' lang='grc' dir='ltr'><strong>τοῦ</strong></span> <span class='ocrx_word' id='word_1_34' title='bbox 834 775 1101 846; x_wconf 73' lang='grc' dir='ltr'><strong>παρόντος</strong></span> <span class='ocrx_word' id='word_1_35' title='bbox 1133 774 1250 844; x_wconf 81' lang='grc' dir='ltr'><strong>βίου</strong></span> <span class='ocrx_word' id='word_1_36' title='bbox 1277 773 1637 843; x_wconf 76' lang='grc' dir='ltr'><strong>ἀνωμαλίαις,</strong></span> <span class='ocrx_word' id='word_1_37' title='bbox 1669 773 1782 826; x_wconf 87' lang='grc' dir='ltr'><strong>ἀλλ’</strong></span> <span class='ocrx_word' id='word_1_38' title='bbox 1807 770 2064 842; x_wconf 80' lang='grc' dir='ltr'><strong>ὑπεράνω</strong></span> 
     </span>
    </p>
   </div>
   <div class='ocr_carea' id='block_1_7' title="bbox 394 858 2064 931">
    <p class='ocr_par' dir='ltr' id='par_1_7' title="bbox 394 858 2064 931">
     <span class='ocr_line' id='line_1_7' title="bbox 394 858 2064 931; baseline -0.002 -15"><span class='ocrx_word' id='word_1_39' title='bbox 394 863 500 916; x_wconf 88' lang='grc' dir='ltr'><strong>τῶν</strong></span> <span class='ocrx_word' id='word_1_40' title='bbox 523 862 623 931; x_wconf 84' lang='grc' dir='ltr'><strong>τῆς</strong></span> <span class='ocrx_word' id='word_1_41' title='bbox 652 862 850 925; x_wconf 80' lang='grc' dir='ltr'><strong>κακίας</strong></span> <span class='ocrx_word' id='word_1_42' title='bbox 879 861 1110 914; x_wconf 86' lang='grc' dir='ltr'><strong>δικτύων</strong></span> <span class='ocrx_word' id='word_1_43' title='bbox 1129 861 1505 930; x_wconf 84' lang='grc' dir='ltr'><strong>ἀφιπταμένη,</strong></span> <span class='ocrx_word' id='word_1_44' title='bbox 1529 859 1781 928; x_wconf 85' lang='grc' dir='ltr'><strong>καθάπερ</strong></span> <span class='ocrx_word' id='word_1_45' title='bbox 1803 858 1893 926; x_wconf 82' lang='grc' dir='ltr'><strong>ἀφ’</strong></span> <span class='ocrx_word' id='word_1_46' title='bbox 1925 858 2064 927; x_wconf 80' lang='grc' dir='ltr'><strong>ὐψη-</strong></span> 
     </span>
    </p>
   </div>
   <div class='ocr_carea' id='block_1_8' title="bbox 392 945 2064 1018">
    <p class='ocr_par' dir='ltr' id='par_1_8' title="bbox 392 945 2064 1018">
     <span class='ocr_line' id='line_1_8' title="bbox 392 945 2064 1018; baseline -0.003 -16"><span class='ocrx_word' id='word_1_47' title='bbox 392 949 492 1018; x_wconf 80' lang='grc' dir='ltr'><strong>λῆς</strong></span> <span class='ocrx_word' id='word_1_48' title='bbox 527 965 672 1012; x_wconf 88' lang='grc' dir='ltr'><strong>τινος</strong></span> <span class='ocrx_word' id='word_1_49' title='bbox 718 950 970 1012; x_wconf 81' lang='grc' dir='ltr'><strong>σκοπιᾶς,</strong></span> <span class='ocrx_word' id='word_1_50' title='bbox 1007 947 1177 1010; x_wconf 79' lang='grc' dir='ltr'><strong>οὕτως</strong></span> <span class='ocrx_word' id='word_1_51' title='bbox 1210 947 1427 1001; x_wconf 72' lang='grc' dir='ltr'><strong>ἅπαντα</strong></span> <span class='ocrx_word' id='word_1_52' title='bbox 1481 947 1549 1000; x_wconf 83' lang='grc' dir='ltr'><strong>τὰ</strong></span> <span class='ocrx_word' id='word_1_53' title='bbox 1576 946 1889 1017; x_wconf 88' lang='grc' dir='ltr'><strong>ἀνθρώπινα</strong></span> <span class='ocrx_word' id='word_1_54' title='bbox 1928 945 2064 999; x_wconf 87' lang='grc' dir='ltr'><strong>καθ-</strong></span> 
     </span>
    </p>
   </div>
   <div class='ocr_carea' id='block_1_9' title="bbox 389 1032 2062 1107">
    <p class='ocr_par' dir='ltr' id='par_1_9' title="bbox 389 1032 2062 1107">
     <span class='ocr_line' id='line_1_9' title="bbox 389 1032 2062 1107; baseline -0.003 -19"><span class='ocrx_word' id='word_1_55' title='bbox 389 1035 597 1107; x_wconf 87' lang='grc' dir='ltr'><strong>ορῶσα,</strong></span> <span class='ocrx_word' id='word_1_56' title='bbox 635 1037 846 1098; x_wconf 87' lang='grc' dir='ltr'><strong>οὐδενὸς</strong></span> <span class='ocrx_word' id='word_1_57' title='bbox 891 1035 1274 1088; x_wconf 83' lang='grc' dir='ltr'><strong>ἐπαισθάνεται</strong></span> <span class='ocrx_word' id='word_1_58' title='bbox 1303 1034 1414 1086; x_wconf 91' lang='grc' dir='ltr'><strong>τῶν</strong></span> <span class='ocrx_word' id='word_1_59' title='bbox 1445 1037 1558 1096; x_wconf 89' lang='grc' dir='ltr'><strong>τοῖς</strong></span> <span class='ocrx_word' id='word_1_60' title='bbox 1590 1034 1768 1095; x_wconf 83' lang='grc' dir='ltr'><strong>ἀλλοις</strong></span> <span class='ocrx_word' id='word_1_61' title='bbox 1804 1032 2062 1104; x_wconf 82' lang='grc' dir='ltr'><strong>λυπηρῶν</strong></span> 
     </span>
    </p>
   </div>
   <div class='ocr_carea' id='block_1_10' title="bbox 391 1120 2062 1192">
    <p class='ocr_par' dir='ltr' id='par_1_10' title="bbox 391 1120 2062 1192">
     <span class='ocr_line' id='line_1_10' title="bbox 391 1120 2062 1192; baseline -0.002 -18"><span class='ocrx_word' id='word_1_62' title='bbox 391 1120 752 1192; x_wconf 87' lang='grc' dir='ltr'><strong>φαινομένων.</strong></span> <span class='ocrx_word' id='word_1_63' title='bbox 802 1121 940 1173; x_wconf 78' lang='grc' dir='ltr'><strong>Ἀλλ’</strong></span> <span class='ocrx_word' id='word_1_64' title='bbox 986 1120 1175 1191; x_wconf 84' lang='grc' dir='ltr'><strong>ὥσπερ</strong></span> <span class='ocrx_word' id='word_1_65' title='bbox 1203 1122 1231 1173; x_wconf 82' lang='grc' dir='ltr'><em>ὁ</em></span> <span class='ocrx_word' id='word_1_66' title='bbox 1274 1121 1370 1173; x_wconf 75' lang='grc' dir='ltr'><strong>ἐπὶ</strong></span> <span class='ocrx_word' id='word_1_67' title='bbox 1402 1121 1607 1191; x_wconf 81' lang='grc' dir='ltr'>πέτρας</span> <span class='ocrx_word' id='word_1_68' title='bbox 1657 1120 1802 1182; x_wconf 80' lang='grc' dir='ltr'><strong>τινὸς</strong></span> <span class='ocrx_word' id='word_1_69' title='bbox 1852 1120 2062 1191; x_wconf 74' lang='grc' dir='ltr'><strong>ὑψηλῆς</strong></span> 
     </span>
    </p>
   </div>
   <div class='ocr_carea' id='block_1_11' title="bbox 391 1209 2061 1282">
    <p class='ocr_par' dir='ltr' id='par_1_11' title="bbox 391 1209 2061 1282">
     <span class='ocr_line' id='line_1_11' title="bbox 391 1209 2061 1282; baseline 0.001 -21"><span class='ocrx_word' id='word_1_70' title='bbox 391 1210 564 1273; x_wconf 80' lang='grc' dir='ltr'><strong>ἑστὼς</strong></span> <span class='ocrx_word' id='word_1_71' title='bbox 589 1211 867 1282; x_wconf 80' lang='grc' dir='ltr'><strong>καταγελᾷ</strong></span> <span class='ocrx_word' id='word_1_72' title='bbox 898 1209 1006 1264; x_wconf 91' lang='grc' dir='ltr'><strong>τῶν</strong></span> <span class='ocrx_word' id='word_1_73' title='bbox 1027 1210 1312 1281; x_wconf 90' lang='grc' dir='ltr'><strong>κυμάτων,</strong></span> <span class='ocrx_word' id='word_1_74' title='bbox 1335 1209 1554 1262; x_wconf 82' lang='grc' dir='ltr'><strong>ἐπειδὰν</strong></span> <span class='ocrx_word' id='word_1_75' title='bbox 1577 1210 1661 1282; x_wconf 74' lang='grc' dir='ltr'><strong>ἴδῃ</strong></span> <span class='ocrx_word' id='word_1_76' title='bbox 1691 1209 1867 1263; x_wconf 85' lang='grc' dir='ltr'><strong>ταῦτα</strong></span> <span class='ocrx_word' id='word_1_77' title='bbox 1890 1225 2061 1281; x_wconf 88' lang='grc' dir='ltr'><strong>προσ-</strong></span> 
     </span>
    </p>
   </div>
   <div class='ocr_carea' id='block_1_12' title="bbox 393 1296 2061 1367">
    <p class='ocr_par' dir='ltr' id='par_1_12' title="bbox 393 1296 2061 1367">
     <span class='ocr_line' id='line_1_12' title="bbox 393 1296 2061 1367; baseline 0 -19"><span class='ocrx_word' id='word_1_78' title='bbox 393 1296 709 1366; x_wconf 85' lang='grc' dir='ltr'><strong>ρηγνύμενα</strong></span> <span class='ocrx_word' id='word_1_79' title='bbox 746 1299 843 1366; x_wconf 81' lang='grc' dir='ltr'><strong>μὲν</strong></span> <span class='ocrx_word' id='word_1_80' title='bbox 893 1299 960 1366; x_wconf 81' lang='grc' dir='ltr'><strong>τῇ</strong></span> <span class='ocrx_word' id='word_1_81' title='bbox 1001 1297 1198 1367; x_wconf 74' lang='grc' dir='ltr'><strong>πέτρᾳ,</strong></span> <span class='ocrx_word' id='word_1_82' title='bbox 1250 1299 1326 1360; x_wconf 88' lang='grc' dir='ltr'><strong>είς</strong></span> <span class='ocrx_word' id='word_1_83' title='bbox 1380 1296 1548 1366; x_wconf 77' lang='grc' dir='ltr'><strong>ἀφρὸν</strong></span> <span class='ocrx_word' id='word_1_84' title='bbox 1577 1297 1633 1348; x_wconf 87' lang='grc' dir='ltr'><strong>δὲ</strong></span> <span class='ocrx_word' id='word_1_85' title='bbox 1667 1297 1828 1359; x_wconf 76' lang='grc' dir='ltr'><strong>εὐθὺς</strong></span> <span class='ocrx_word' id='word_1_86' title='bbox 1848 1296 2061 1350; x_wconf 85' lang='grc' dir='ltr'><strong>διαλυό-</strong></span> 
     </span>
    </p>
   </div>
   <div class='ocr_carea' id='block_1_13' title="bbox 397 1381 2062 1454">
    <p class='ocr_par' dir='ltr' id='par_1_13' title="bbox 397 1381 2062 1454">
     <span class='ocr_line' id='line_1_13' title="bbox 397 1381 2062 1454; baseline 0.001 -19"><span class='ocrx_word' id='word_1_87' title='bbox 397 1400 534 1452; x_wconf 89' lang='grc' dir='ltr'><strong>μενα</strong></span> <span class='ocrx_word' id='word_1_88' title='bbox 557 1399 572 1415; x_wconf 73' lang='grc' dir='ltr'><strong>ο</strong></span> <span class='ocrx_word' id='word_1_89' title='bbox 613 1381 754 1436; x_wconf 77' lang='grc' dir='ltr'><strong>οὕτω</strong></span> <span class='ocrx_word' id='word_1_90' title='bbox 783 1381 846 1452; x_wconf 84' lang='grc' dir='ltr'><strong>δὴ</strong></span> <span class='ocrx_word' id='word_1_91' title='bbox 885 1382 982 1436; x_wconf 74' lang='grc' dir='ltr'><strong>καὶ</strong></span> <span class='ocrx_word' id='word_1_92' title='bbox 1013 1384 1042 1436; x_wconf 83' lang='grc' dir='ltr'><strong>ό</strong></span> <span class='ocrx_word' id='word_1_93' title='bbox 1093 1381 1189 1452; x_wconf 80' lang='grc' dir='ltr'><strong>τὴν</strong></span> <span class='ocrx_word' id='word_1_94' title='bbox 1243 1384 1445 1454; x_wconf 82' lang='grc' dir='ltr'><strong>ἀρετὴν</strong></span> <span class='ocrx_word' id='word_1_95' title='bbox 1477 1382 1694 1453; x_wconf 83' lang='grc' dir='ltr'><strong>μετιὼν,</strong></span> <span class='ocrx_word' id='word_1_96' title='bbox 1735 1385 1793 1436; x_wconf 82' lang='grc' dir='ltr'><strong>ἐν</strong></span> <span class='ocrx_word' id='word_1_97' title='bbox 1829 1384 2062 1451; x_wconf 82' lang='grc' dir='ltr'><strong>ἀσφαλεῖ</strong></span> 
     </span>
    </p>
   </div>
   <div class='ocr_carea' id='block_1_14' title="bbox 392 1469 2061 1541">
    <p class='ocr_par' dir='ltr' id='par_1_14' title="bbox 392 1469 2061 1541">
     <span class='ocr_line' id='line_1_14' title="bbox 392 1469 2061 1541; baseline 0.001 -20"><span class='ocrx_word' id='word_1_98' title='bbox 392 1469 577 1541; x_wconf 80' lang='grc' dir='ltr'>χωρίῳ</span> <span class='ocrx_word' id='word_1_99' title='bbox 608 1469 888 1533; x_wconf 88' lang='grc' dir='ltr'><strong>καθεστὼς</strong></span> <span class='ocrx_word' id='word_1_100' title='bbox 911 1470 1062 1523; x_wconf 77' lang='grc' dir='ltr'><strong>οὐδὲν</strong></span> <span class='ocrx_word' id='word_1_101' title='bbox 1083 1470 1244 1540; x_wconf 79' lang='grc' dir='ltr'><strong>ἀηδὲς</strong></span> <span class='ocrx_word' id='word_1_102' title='bbox 1269 1470 1527 1540; x_wconf 86' lang='grc' dir='ltr'><strong>ὑπομένει</strong></span> <span class='ocrx_word' id='word_1_103' title='bbox 1547 1471 1651 1523; x_wconf 80' lang='grc' dir='ltr'><strong>ὐπὸ</strong></span> <span class='ocrx_word' id='word_1_104' title='bbox 1667 1470 1767 1539; x_wconf 85' lang='grc' dir='ltr'><strong>τῆς</strong></span> <span class='ocrx_word' id='word_1_105' title='bbox 1797 1471 1902 1523; x_wconf 90' lang='grc' dir='ltr'><strong>τῶν</strong></span> <span class='ocrx_word' id='word_1_106' title='bbox 1927 1487 2061 1541; x_wconf 90' lang='grc' dir='ltr'><strong>πρα-</strong></span> 
     </span>
    </p>
   </div>
   <div class='ocr_carea' id='block_1_15' title="bbox 392 1556 2058 1628">
    <p class='ocr_par' dir='ltr' id='par_1_15' title="bbox 392 1556 2058 1628">
     <span class='ocr_line' id='line_1_15' title="bbox 392 1556 2058 1628; baseline 0.001 -19"><span class='ocrx_word' id='word_1_107' title='bbox 392 1558 618 1626; x_wconf 84' lang='grc' dir='ltr'><strong>γμάτων</strong></span> <span class='ocrx_word' id='word_1_108' title='bbox 646 1557 907 1628; x_wconf 82' lang='grc' dir='ltr'><strong>ταραχῆς,</strong></span> <span class='ocrx_word' id='word_1_109' title='bbox 935 1556 1049 1609; x_wconf 80' lang='grc' dir='ltr'><strong>ἀλλ’</strong></span> <span class='ocrx_word' id='word_1_110' title='bbox 1079 1558 1135 1610; x_wconf 92' lang='grc' dir='ltr'><strong>ἐν</strong></span> <span class='ocrx_word' id='word_1_111' title='bbox 1157 1556 1355 1626; x_wconf 80' lang='grc' dir='ltr'><strong>ἡσυχίᾳ</strong></span> <span class='ocrx_word' id='word_1_112' title='bbox 1371 1557 1604 1628; x_wconf 84' lang='grc' dir='ltr'><strong>κάθηται</strong></span> <span class='ocrx_word' id='word_1_113' title='bbox 1623 1560 1690 1628; x_wconf 84' lang='grc' dir='ltr'><strong>τῇ</strong></span> <span class='ocrx_word' id='word_1_114' title='bbox 1712 1558 1818 1610; x_wconf 89' lang='grc' dir='ltr'><strong>τῶν</strong></span> <span class='ocrx_word' id='word_1_115' title='bbox 1845 1559 2058 1611; x_wconf 82' lang='grc' dir='ltr'><strong>οἰκείων</strong></span> 
     </span>
    </p>
   </div>
   <div class='ocr_carea' id='block_1_16' title="bbox 390 1641 2058 1714">
    <p class='ocr_par' dir='ltr' id='par_1_16' title="bbox 390 1641 2058 1714">
     <span class='ocr_line' id='line_1_16' title="bbox 390 1641 2058 1714; baseline 0.001 -18"><span class='ocrx_word' id='word_1_116' title='bbox 390 1642 664 1714; x_wconf 83' lang='grc' dir='ltr'><strong>λογισμῶν</strong></span> <span class='ocrx_word' id='word_1_117' title='bbox 692 1643 978 1714; x_wconf 75' lang='grc' dir='ltr'><strong>ἐντρυφῶν</strong></span> <span class='ocrx_word' id='word_1_118' title='bbox 1006 1641 1232 1714; x_wconf 79' lang='grc' dir='ltr'><strong>γαλήνῃ,</strong></span> <span class='ocrx_word' id='word_1_119' title='bbox 1270 1643 1365 1696; x_wconf 72' lang='grc' dir='ltr'><strong>καὶ</strong></span> <span class='ocrx_word' id='word_1_120' title='bbox 1396 1644 1614 1708; x_wconf 81' lang='grc' dir='ltr'><strong>ἐννοῶν,</strong></span> <span class='ocrx_word' id='word_1_121' title='bbox 1669 1645 1743 1706; x_wconf 84' lang='grc' dir='ltr'><strong>ὡς</strong></span> <span class='ocrx_word' id='word_1_122' title='bbox 1770 1643 1924 1696; x_wconf 81' lang='grc' dir='ltr'><strong>οὐδὲν</strong></span> <span class='ocrx_word' id='word_1_123' title='bbox 1949 1645 2058 1698; x_wconf 88' lang='grc' dir='ltr'><strong>τῶν</strong></span> 
     </span>
    </p>
   </div>
   <div class='ocr_carea' id='block_1_17' title="bbox 391 1730 2057 1801">
    <p class='ocr_par' dir='ltr' id='par_1_17' title="bbox 391 1730 2057 1801">
     <span class='ocr_line' id='line_1_17' title="bbox 391 1730 2057 1801; baseline 0.001 -19"><span class='ocrx_word' id='word_1_124' title='bbox 391 1730 674 1800; x_wconf 78' lang='grc' dir='ltr'><strong>ποταμίων</strong></span> <span class='ocrx_word' id='word_1_125' title='bbox 728 1731 1015 1800; x_wconf 79' lang='grc' dir='ltr'><strong>ῥευμάτων</strong></span> <span class='ocrx_word' id='word_1_126' title='bbox 1068 1731 1339 1801; x_wconf 81' lang='grc' dir='ltr'><strong>διενήνοχε</strong></span> <span class='ocrx_word' id='word_1_127' title='bbox 1387 1731 1459 1784; x_wconf 87' lang='grc' dir='ltr'><strong>τά</strong></span> <span class='ocrx_word' id='word_1_128' title='bbox 1495 1730 1588 1782; x_wconf 90' lang='grc' dir='ltr'><strong>τοῦ</strong></span> <span class='ocrx_word' id='word_1_129' title='bbox 1644 1731 1911 1800; x_wconf 79' lang='grc' dir='ltr'><strong>παρόντος</strong></span> <span class='ocrx_word' id='word_1_130' title='bbox 1941 1730 2057 1800; x_wconf 86' lang='grc' dir='ltr'><strong>βίου</strong></span> 
     </span>
    </p>
   </div>
   <div class='ocr_carea' id='block_1_18' title="bbox 389 1815 2056 1888">
    <p class='ocr_par' dir='ltr' id='par_1_18' title="bbox 389 1815 2056 1888">
     <span class='ocr_line' id='line_1_18' title="bbox 389 1815 2056 1888; baseline 0.001 -21"><span class='ocrx_word' id='word_1_131' title='bbox 389 1817 689 1886; x_wconf 84' lang='grc' dir='ltr'><strong>πράγματα</strong></span> <span class='ocrx_word' id='word_1_132' title='bbox 727 1815 866 1886; x_wconf 88' lang='grc' dir='ltr'><strong>μετά</strong></span> <span class='ocrx_word' id='word_1_133' title='bbox 886 1818 1154 1885; x_wconf 81' lang='grc' dir='ltr'><strong>τοσαύτης</strong></span> <span class='ocrx_word' id='word_1_134' title='bbox 1183 1817 1429 1880; x_wconf 81' lang='grc' dir='ltr'><strong>εὐκολίας</strong></span> <span class='ocrx_word' id='word_1_135' title='bbox 1451 1818 1545 1869; x_wconf 74' lang='grc' dir='ltr'><strong>καὶ</strong></span> <span class='ocrx_word' id='word_1_136' title='bbox 1569 1816 1747 1886; x_wconf 79' lang='grc' dir='ltr'><strong>ῥύμης</strong></span> <span class='ocrx_word' id='word_1_137' title='bbox 1779 1816 2056 1888; x_wconf 80' lang='grc' dir='ltr'><strong>παρατρέ-</strong></span> 
     </span>
    </p>
   </div>
   <div class='ocr_carea' id='block_1_19' title="bbox 388 1902 2056 1975">
    <p class='ocr_par' dir='ltr' id='par_1_19' title="bbox 388 1902 2056 1975">
     <span class='ocr_line' id='line_1_19' title="bbox 388 1902 2056 1975; baseline 0.002 -21"><span class='ocrx_word' id='word_1_138' title='bbox 388 1919 572 1972; x_wconf 86' lang='grc' dir='ltr'><strong>χοντα.</strong></span> <span class='ocrx_word' id='word_1_139' title='bbox 609 1902 876 1973; x_wconf 85' lang='grc' dir='ltr'><strong>Καθάπερ</strong></span> <span class='ocrx_word' id='word_1_140' title='bbox 910 1903 1016 1974; x_wconf 86' lang='grc' dir='ltr'><strong>γὰρ</strong></span> <span class='ocrx_word' id='word_1_141' title='bbox 1051 1904 1196 1959; x_wconf 79' lang='grc' dir='ltr'><strong>ἐστιν</strong></span> <span class='ocrx_word' id='word_1_142' title='bbox 1237 1904 1364 1956; x_wconf 88' lang='grc' dir='ltr'><strong>ίδεῖν</strong></span> <span class='ocrx_word' id='word_1_143' title='bbox 1392 1904 1462 1957; x_wconf 82' lang='grc' dir='ltr'><strong>τὰ</strong></span> <span class='ocrx_word' id='word_1_144' title='bbox 1494 1903 1595 1974; x_wconf 79' lang='grc' dir='ltr'><strong>τῆς</strong></span> <span class='ocrx_word' id='word_1_145' title='bbox 1643 1904 1920 1975; x_wconf 80' lang='grc' dir='ltr'><strong>θαλάσσης</strong></span> <span class='ocrx_word' id='word_1_146' title='bbox 1960 1903 2056 1958; x_wconf 88' lang='grc' dir='ltr'><strong>κύ-</strong></span> 
     </span>
    </p>
   </div>
   <div class='ocr_carea' id='block_1_20' title="bbox 393 1988 2056 2062">
    <p class='ocr_par' dir='ltr' id='par_1_20' title="bbox 393 1988 2056 2062">
     <span class='ocr_line' id='line_1_20' title="bbox 393 1988 2056 2062; baseline 0.002 -21"><span class='ocrx_word' id='word_1_147' title='bbox 393 2005 538 2058; x_wconf 88' lang='grc' dir='ltr'><strong>ματα</strong></span> <span class='ocrx_word' id='word_1_148' title='bbox 564 1988 658 2042; x_wconf 90' lang='grc' dir='ltr'><strong>νῦν</strong></span> <span class='ocrx_word' id='word_1_149' title='bbox 691 1991 787 2060; x_wconf 77' lang='grc' dir='ltr'><strong>μὲν</strong></span> <span class='ocrx_word' id='word_1_150' title='bbox 825 1993 906 2053; x_wconf 88' lang='grc' dir='ltr'><strong>είς</strong></span> <span class='ocrx_word' id='word_1_151' title='bbox 935 1991 1067 2059; x_wconf 76' lang='grc' dir='ltr'><strong>ὕψος</strong></span> <span class='ocrx_word' id='word_1_152' title='bbox 1101 1992 1306 2058; x_wconf 81' lang='grc' dir='ltr'><strong>ἄφατον</strong></span> <span class='ocrx_word' id='word_1_153' title='bbox 1333 1991 1619 2061; x_wconf 85' lang='grc' dir='ltr'><strong>αἰρόμενα,</strong></span> <span class='ocrx_word' id='word_1_154' title='bbox 1649 1991 1843 2062; x_wconf 88' lang='grc' dir='ltr'><strong>ἀθρόον</strong></span> <span class='ocrx_word' id='word_1_155' title='bbox 1863 1991 1920 2044; x_wconf 85' lang='grc' dir='ltr'><strong>δὲ</strong></span> <span class='ocrx_word' id='word_1_156' title='bbox 1951 1993 2056 2045; x_wconf 78' lang='grc' dir='ltr'><strong>πά-</strong></span> 
     </span>
    </p>
   </div>
   <div class='ocr_carea' id='block_1_21' title="bbox 386 2073 2057 2149">
    <p class='ocr_par' dir='ltr' id='par_1_21' title="bbox 386 2073 2057 2149">
     <span class='ocr_line' id='line_1_21' title="bbox 386 2073 2057 2149; baseline 0.004 -24"><span class='ocrx_word' id='word_1_157' title='bbox 386 2073 471 2126; x_wconf 86' lang='grc' dir='ltr'><strong>λιν</strong></span> <span class='ocrx_word' id='word_1_158' title='bbox 492 2076 889 2146; x_wconf 84' lang='grc' dir='ltr'><strong>ταπεινούμενα</strong></span> <span class='ocrx_word' id='word_1_159' title='bbox 909 2096 921 2108; x_wconf 92' lang='grc'><strong>·</strong></span> <span class='ocrx_word' id='word_1_160' title='bbox 949 2078 1039 2131; x_wconf 83' lang='grc' dir='ltr'><strong>τὸν</strong></span> <span class='ocrx_word' id='word_1_161' title='bbox 1067 2078 1228 2132; x_wconf 76' lang='grc' dir='ltr'><strong>αὐτὸν</strong></span> <span class='ocrx_word' id='word_1_162' title='bbox 1255 2078 1319 2149; x_wconf 83' lang='grc' dir='ltr'><strong>δὴ</strong></span> <span class='ocrx_word' id='word_1_163' title='bbox 1343 2079 1542 2149; x_wconf 88' lang='grc' dir='ltr'><strong>τρόπον</strong></span> <span class='ocrx_word' id='word_1_164' title='bbox 1573 2079 1666 2142; x_wconf 75' lang='grc' dir='ltr'><strong>καὶ</strong></span> <span class='ocrx_word' id='word_1_165' title='bbox 1697 2081 1824 2142; x_wconf 87' lang='grc' dir='ltr'><strong>τοὺς</strong></span> <span class='ocrx_word' id='word_1_166' title='bbox 1853 2077 2057 2148; x_wconf 83' lang='grc' dir='ltr'><strong>ἀρετῆς</strong></span> 
     </span>
    </p>
   </div>
   <div class='ocr_carea' id='block_1_22' title="bbox 389 2162 2051 2238">
    <p class='ocr_par' dir='ltr' id='par_1_22' title="bbox 389 2162 2051 2238">
     <span class='ocr_line' id='line_1_22' title="bbox 389 2162 2051 2238; baseline 0.003 -23"><span class='ocrx_word' id='word_1_167' title='bbox 389 2162 542 2236; x_wconf 69' lang='lat'><strong>[206]</strong></span> <span class='ocrx_word' id='word_1_168' title='bbox 573 2164 930 2235; x_wconf 81' lang='grc' dir='ltr'><strong>ἀμελοῦντας,</strong></span> <span class='ocrx_word' id='word_1_169' title='bbox 957 2167 1051 2220; x_wconf 76' lang='grc' dir='ltr'><strong>καὶ</strong></span> <span class='ocrx_word' id='word_1_170' title='bbox 1101 2167 1201 2237; x_wconf 84' lang='grc' dir='ltr'><strong>τὴν</strong></span> <span class='ocrx_word' id='word_1_171' title='bbox 1255 2169 1453 2222; x_wconf 81' lang='grc' dir='ltr'><strong>κακίαν</strong></span> <span class='ocrx_word' id='word_1_172' title='bbox 1489 2169 1769 2237; x_wconf 80' lang='grc' dir='ltr'><strong>μετιόντας</strong></span> <span class='ocrx_word' id='word_1_173' title='bbox 1814 2169 2051 2238; x_wconf 84' lang='grc' dir='ltr'><strong>ὁρῶμεν,</strong></span> 
     </span>
    </p>
   </div>
   <div class='ocr_carea' id='block_1_23' title="bbox 385 2249 2049 2325">
    <p class='ocr_par' dir='ltr' id='par_1_23' title="bbox 385 2249 2049 2325">
     <span class='ocr_line' id='line_1_23' title="bbox 385 2249 2049 2325; baseline 0.004 -25"><span class='ocrx_word' id='word_1_174' title='bbox 385 2249 484 2301; x_wconf 90' lang='grc' dir='ltr'><strong>νῦν</strong></span> <span class='ocrx_word' id='word_1_175' title='bbox 515 2250 612 2320; x_wconf 77' lang='grc' dir='ltr'><strong>μὲν</strong></span> <span class='ocrx_word' id='word_1_176' title='bbox 645 2251 1202 2323; x_wconf 85' lang='grc' dir='ltr'><strong>μεγαλοφρονοῦντας,</strong></span> <span class='ocrx_word' id='word_1_177' title='bbox 1228 2257 1319 2308; x_wconf 76' lang='grc' dir='ltr'><strong>καὶ</strong></span> <span class='ocrx_word' id='word_1_178' title='bbox 1346 2256 1448 2318; x_wconf 83' lang='grc' dir='ltr'><strong>τὰς</strong></span> <span class='ocrx_word' id='word_1_179' title='bbox 1471 2255 1643 2325; x_wconf 78' lang='grc' dir='ltr'><strong>ὀφρῦς</strong></span> <span class='ocrx_word' id='word_1_180' title='bbox 1673 2253 2049 2317; x_wconf 82' lang='grc' dir='ltr'><strong>ἀνασπῶντας,</strong></span> 
     </span>
    </p>
   </div>
   <div class='ocr_carea' id='block_1_24' title="bbox 385 2331 2050 2411">
    <p class='ocr_par' dir='ltr' id='par_1_24' title="bbox 385 2331 2050 2411">
     <span class='ocr_line' id='line_1_24' title="bbox 385 2331 2050 2411; baseline 0.004 -24"><span class='ocrx_word' id='word_1_181' title='bbox 385 2336 482 2387; x_wconf 76' lang='grc' dir='ltr'><strong>καῖ</strong></span> <span class='ocrx_word' id='word_1_182' title='bbox 513 2338 732 2407; x_wconf 83' lang='grc' dir='ltr'><strong>περίτά</strong></span> <span class='ocrx_word' id='word_1_183' title='bbox 751 2338 844 2390; x_wconf 86' lang='grc' dir='ltr'><strong>τοῦ</strong></span> <span class='ocrx_word' id='word_1_184' title='bbox 877 2331 1142 2409; x_wconf 84' lang='grc' dir='ltr'><strong>παρόντος</strong></span> <span class='ocrx_word' id='word_1_185' title='bbox 1174 2339 1288 2408; x_wconf 86' lang='grc' dir='ltr'><strong>βίου</strong></span> <span class='ocrx_word' id='word_1_186' title='bbox 1333 2341 1633 2411; x_wconf 86' lang='grc' dir='ltr'><strong>πράγματα</strong></span> <span class='ocrx_word' id='word_1_187' title='bbox 1664 2341 2050 2410; x_wconf 73' lang='grc' dir='ltr'><strong>ἐπτοημένους,</strong></span> 
     </span>
    </p>
   </div>
   <div class='ocr_carea' id='block_1_25' title="bbox 385 2420 2051 2498">
    <p class='ocr_par' dir='ltr' id='par_1_25' title="bbox 385 2420 2051 2498">
     <span class='ocr_line' id='line_1_25' title="bbox 385 2420 2051 2498; baseline 0.004 -24"><span class='ocrx_word' id='word_1_188' title='bbox 385 2420 581 2491; x_wconf 88' lang='grc' dir='ltr'><strong>ἀθρόον</strong></span> <span class='ocrx_word' id='word_1_189' title='bbox 604 2423 660 2476; x_wconf 76' lang='grc' dir='ltr'><strong>δὲ</strong></span> <span class='ocrx_word' id='word_1_190' title='bbox 677 2425 1155 2495; x_wconf 83' lang='grc' dir='ltr'><strong>ταπεινουμένους,</strong></span> <span class='ocrx_word' id='word_1_191' title='bbox 1187 2427 1278 2480; x_wconf 74' lang='grc' dir='ltr'><strong>καὶ</strong></span> <span class='ocrx_word' id='word_1_192' title='bbox 1297 2429 1377 2490; x_wconf 84' lang='grc' dir='ltr'><strong>εἰς</strong></span> <span class='ocrx_word' id='word_1_193' title='bbox 1404 2429 1638 2498; x_wconf 76' lang='grc' dir='ltr'><strong>ἐσχάτην</strong></span> <span class='ocrx_word' id='word_1_194' title='bbox 1659 2427 2051 2498; x_wconf 75' lang='grc' dir='ltr'><strong>ἐλαυνομένους</strong></span> 
     </span>
    </p>
   </div>
   <div class='ocr_carea' id='block_1_26' title="bbox 385 2510 2050 2586">
    <p class='ocr_par' dir='ltr' id='par_1_26' title="bbox 385 2510 2050 2586">
     <span class='ocr_line' id='line_1_26' title="bbox 385 2510 2050 2586; baseline 0.004 -26"><span class='ocrx_word' id='word_1_195' title='bbox 385 2510 597 2563; x_wconf 81' lang='grc' dir='ltr'><strong>πενίαν.</strong></span> <span class='ocrx_word' id='word_1_196' title='bbox 635 2511 871 2576; x_wconf 90' lang='grc' dir='ltr'><strong>Τούτους</strong></span> <span class='ocrx_word' id='word_1_197' title='bbox 898 2513 1007 2584; x_wconf 82' lang='grc' dir='ltr'><strong>γὰρ</strong></span> <span class='ocrx_word' id='word_1_198' title='bbox 1039 2515 1133 2567; x_wconf 71' lang='grc' dir='ltr'><strong>καῖ¹</strong></span> <span class='ocrx_word' id='word_1_199' title='bbox 1157 2515 1186 2566; x_wconf 87' lang='grc' dir='ltr'><strong>ό</strong></span> <span class='ocrx_word' id='word_1_200' title='bbox 1218 2515 1485 2585; x_wconf 84' lang='grc' dir='ltr'><strong>μακάριος</strong></span> <span class='ocrx_word' id='word_1_201' title='bbox 1518 2516 1681 2567; x_wconf 75' lang='grc' dir='ltr'><strong>Δαυῖδ</strong></span> <span class='ocrx_word' id='word_1_202' title='bbox 1707 2517 1735 2567; x_wconf 89' lang='grc' dir='ltr'>ὁ</span> <span class='ocrx_word' id='word_1_203' title='bbox 1767 2511 2050 2586; x_wconf 87' lang='grc' dir='ltr'><strong>προφήτης</strong></span> 
     </span>
    </p>
   </div>
   <div class='ocr_carea' id='block_1_27' title="bbox 382 2598 2050 2672">
    <p class='ocr_par' dir='ltr' id='par_1_27' title="bbox 382 2598 2050 2672">
     <span class='ocr_line' id='line_1_27' title="bbox 382 2598 2050 2672; baseline 0.005 -23"><span class='ocrx_word' id='word_1_204' title='bbox 382 2598 752 2668; x_wconf 79' lang='grc' dir='ltr'><strong>αἰνιττόμενος</strong></span> <span class='ocrx_word' id='word_1_205' title='bbox 803 2601 955 2669; x_wconf 74' lang='grc' dir='ltr'><strong>ἔλεγε</strong></span> <span class='ocrx_word' id='word_1_206' title='bbox 975 2619 990 2634; x_wconf 76' lang='grc' dir='ltr'><strong>ο</strong></span> <span class='ocrx_word' id='word_1_207' title='bbox 1035 2601 1133 2670; x_wconf 80' lang='grc' dir='ltr'><strong>Μὴ</strong></span> <span class='ocrx_word' id='word_1_208' title='bbox 1187 2603 1375 2670; x_wconf 76' lang='grc' dir='ltr'><strong>φοϐοῦ</strong></span> <span class='ocrx_word' id='word_1_209' title='bbox 1417 2603 1564 2656; x_wconf 77' lang='grc' dir='ltr'><strong>ὅταν</strong></span> <span class='ocrx_word' id='word_1_210' title='bbox 1591 2603 1908 2672; x_wconf 71' lang='grc' dir='ltr'><strong>πλουτήσῃ</strong></span> <span class='ocrx_word' id='word_1_211' title='bbox 1943 2605 2050 2658; x_wconf 83' lang='grc' dir='ltr'><strong>ἇν-</strong></span> 
     </span>
    </p>
   </div>
   <div class='ocr_carea' id='block_1_28' title="bbox 383 2689 2046 2758">
    <p class='ocr_par' dir='ltr' id='par_1_28' title="bbox 383 2689 2046 2758">
     <span class='ocr_line' id='line_1_28' title="bbox 383 2689 2046 2758; baseline 0.002 -16"><span class='ocrx_word' id='word_1_212' title='bbox 383 2694 635 2755; x_wconf 76' lang='grc' dir='ltr'><strong>θρωπος,</strong></span> <span class='ocrx_word' id='word_1_213' title='bbox 666 2689 705 2757; x_wconf 78' lang='grc' dir='ltr'>ἢ</span> <span class='ocrx_word' id='word_1_214' title='bbox 732 2689 878 2743; x_wconf 83' lang='grc' dir='ltr'><strong>ὅταν</strong></span> <span class='ocrx_word' id='word_1_215' title='bbox 897 2689 1216 2758; x_wconf 75' lang='grc' dir='ltr'><strong>πληθυνθῇ</strong></span> <span class='ocrx_word' id='word_1_216' title='bbox 1243 2691 1282 2757; x_wconf 76' lang='grc' dir='ltr'><strong><em>ἠ</em></strong></span> <span class='ocrx_word' id='word_1_217' title='bbox 1314 2691 1463 2753; x_wconf 79' lang='grc' dir='ltr'><strong>δόξα</strong></span> <span class='ocrx_word' id='word_1_218' title='bbox 1493 2692 1599 2744; x_wconf 86' lang='grc' dir='ltr'><strong>τοῦ</strong></span> <span class='ocrx_word' id='word_1_219' title='bbox 1629 2693 1799 2745; x_wconf 76' lang='grc' dir='ltr'><strong>οἴκου</strong></span> <span class='ocrx_word' id='word_1_220' title='bbox 1829 2691 2046 2746; x_wconf 73' lang='grc' dir='ltr'><strong>αὑτοῦ*</strong></span> 
     </span>
    </p>
   </div>
   <div class='ocr_carea' id='block_1_29' title="bbox 381 2771 2046 2844">
    <p class='ocr_par' dir='ltr' id='par_1_29' title="bbox 381 2771 2046 2844">
     <span class='ocr_line' id='line_1_29' title="bbox 381 2771 2046 2844; baseline 0.005 -20"><span class='ocrx_word' id='word_1_221' title='bbox 381 2771 472 2825; x_wconf 78' lang='grc' dir='ltr'><strong>ὅτι</strong></span> <span class='ocrx_word' id='word_1_222' title='bbox 498 2777 609 2828; x_wconf 73' lang='grc' dir='ltr'><strong>οὐκ</strong></span> <span class='ocrx_word' id='word_1_223' title='bbox 647 2775 716 2827; x_wconf 78' lang='grc' dir='ltr'><strong>ἐν</strong></span> <span class='ocrx_word' id='word_1_224' title='bbox 736 2774 818 2840; x_wconf 83' lang='grc' dir='ltr'><strong>τῷ</strong></span> <span class='ocrx_word' id='word_1_225' title='bbox 831 2775 1243 2842; x_wconf 76' lang='grc' dir='ltr'><strong>ἀποθνήσκειν</strong></span> <span class='ocrx_word' id='word_1_226' title='bbox 1255 2775 1443 2830; x_wconf 82' lang='grc' dir='ltr'><strong>αὐτόν</strong></span> <span class='ocrx_word' id='word_1_227' title='bbox 1460 2776 1711 2844; x_wconf 65' lang='grc' dir='ltr'><strong>λήψεται</strong></span> <span class='ocrx_word' id='word_1_228' title='bbox 1735 2777 1808 2831; x_wconf 81' lang='grc' dir='ltr'><strong>τὰ</strong></span> <span class='ocrx_word' id='word_1_229' title='bbox 1830 2778 2046 2834; x_wconf 76' lang='grc' dir='ltr'><strong>πάντα.</strong></span> 
     </span>
    </p>
   </div>
   <div class='ocr_carea' id='block_1_30' title="bbox 382 2857 2045 2936">
    <p class='ocr_par' dir='ltr' id='par_1_30' title="bbox 382 2857 2045 2936">
     <span class='ocr_line' id='line_1_30' title="bbox 382 2857 2045 2936; baseline 0.002 -21"><span class='ocrx_word' id='word_1_230' title='bbox 382 2861 486 2915; x_wconf 72' lang='grc' dir='ltr'><strong>Καὶ</strong></span> <span class='ocrx_word' id='word_1_231' title='bbox 519 2862 699 2926; x_wconf 84' lang='grc' dir='ltr'><strong>καλῶς</strong></span> <span class='ocrx_word' id='word_1_232' title='bbox 735 2857 876 2924; x_wconf 76' lang='grc' dir='ltr'><strong>εἷπε,</strong></span> <span class='ocrx_word' id='word_1_233' title='bbox 900 2862 997 2929; x_wconf 80' lang='grc' dir='ltr'><strong>Μὴ</strong></span> <span class='ocrx_word' id='word_1_234' title='bbox 1027 2862 1235 2931; x_wconf 73' lang='grc' dir='ltr'><strong>φοϐοῦ.</strong></span> <span class='ocrx_word' id='word_1_235' title='bbox 1270 2864 1361 2932; x_wconf 82' lang='grc' dir='ltr'><strong>Μή</strong></span> <span class='ocrx_word' id='word_1_236' title='bbox 1400 2879 1456 2916; x_wconf 83' lang='grc' dir='ltr'><strong>σε</strong></span> <span class='ocrx_word' id='word_1_237' title='bbox 1494 2862 1811 2934; x_wconf 79' lang='grc' dir='ltr'><strong>θορυόείτω,</strong></span> <span class='ocrx_word' id='word_1_238' title='bbox 1859 2866 2045 2936; x_wconf 77' lang='grc' dir='ltr'><strong>φησὶν,</strong></span> 
     </span>
    </p>
   </div>
   <div class='ocr_carea' id='block_1_31' title="bbox 379 2948 2042 3022">
    <p class='ocr_par' dir='ltr' id='par_1_31' title="bbox 379 2948 2042 3022">
     <span class='ocr_line' id='line_1_31' title="bbox 379 2948 2042 3022; baseline 0.004 -20"><span class='ocrx_word' id='word_1_239' title='bbox 379 2953 414 3018; x_wconf 87' lang='grc' dir='ltr'><strong>ή</strong></span> <span class='ocrx_word' id='word_1_240' title='bbox 447 2948 543 3002; x_wconf 88' lang='grc' dir='ltr'><strong>τοῦ</strong></span> <span class='ocrx_word' id='word_1_241' title='bbox 591 2949 820 3004; x_wconf 87' lang='grc' dir='ltr'><strong>πλούτου</strong></span> <span class='ocrx_word' id='word_1_242' title='bbox 863 2950 1166 3021; x_wconf 83' lang='grc' dir='ltr'><strong>περιουσία,</strong></span> <span class='ocrx_word' id='word_1_243' title='bbox 1200 2951 1296 3004; x_wconf 73' lang='grc' dir='ltr'><strong>καὶ</strong></span> <span class='ocrx_word' id='word_1_244' title='bbox 1327 2951 1481 3022; x_wconf 78' lang='grc' dir='ltr'><strong>ήτῆς</strong></span> <span class='ocrx_word' id='word_1_245' title='bbox 1507 2948 1667 3015; x_wconf 74' lang='grc' dir='ltr'><strong>δόξης</strong></span> <span class='ocrx_word' id='word_1_246' title='bbox 1698 2953 2042 3022; x_wconf 83' lang='grc' dir='ltr'><strong>περιφάνεια.</strong></span> 
     </span>
    </p>
   </div>
   <div class='ocr_carea' id='block_1_32' title="bbox 383 3036 2044 3111">
    <p class='ocr_par' dir='ltr' id='par_1_32' title="bbox 383 3036 2044 3111">
     <span class='ocr_line' id='line_1_32' title="bbox 383 3036 2044 3111; baseline 0.002 -21"><span class='ocrx_word' id='word_1_247' title='bbox 383 3037 544 3105; x_wconf 74' lang='grc' dir='ltr'><strong>Ὀψει</strong></span> <span class='ocrx_word' id='word_1_248' title='bbox 584 3037 692 3108; x_wconf 85' lang='grc' dir='ltr'><strong>γὰρ</strong></span> <span class='ocrx_word' id='word_1_249' title='bbox 721 3039 836 3106; x_wconf 76' lang='grc' dir='ltr'><strong>μετ’</strong></span> <span class='ocrx_word' id='word_1_250' title='bbox 861 3037 922 3090; x_wconf 92' lang='grc' dir='ltr'><strong>οὐ</strong></span> <span class='ocrx_word' id='word_1_251' title='bbox 953 3036 1086 3090; x_wconf 89' lang='grc' dir='ltr'><strong>πολύ</strong></span> <span class='ocrx_word' id='word_1_252' title='bbox 1124 3036 1300 3106; x_wconf 82' lang='grc' dir='ltr'><strong>χαμαὶ</strong></span> <span class='ocrx_word' id='word_1_253' title='bbox 1352 3038 1621 3107; x_wconf 79' lang='grc' dir='ltr'><strong>κείμενον,</strong></span> <span class='ocrx_word' id='word_1_254' title='bbox 1661 3039 2044 3111; x_wconf 80' lang='grc' dir='ltr'><strong>ἀνενέργητον,</strong></span> 
     </span>
    </p>
   </div>
   <div class='ocr_carea' id='block_1_33' title="bbox 379 3122 2042 3196">
    <p class='ocr_par' dir='ltr' id='par_1_33' title="bbox 379 3122 2042 3196">
     <span class='ocr_line' id='line_1_33' title="bbox 379 3122 2042 3196; baseline 0.003 -22"><span class='ocrx_word' id='word_1_255' title='bbox 379 3123 591 3196; x_wconf 81' lang='grc' dir='ltr'><strong>νεκρὸν,</strong></span> <span class='ocrx_word' id='word_1_256' title='bbox 624 3124 974 3194; x_wconf 73' lang='grc' dir='ltr'><strong>ἐρριμμένον.</strong></span> <span class='ocrx_word' id='word_1_257' title='bbox 1009 3122 1305 3192; x_wconf 80' lang='grc' dir='ltr'><strong>σκωλήκων</strong></span> <span class='ocrx_word' id='word_1_258' title='bbox 1343 3123 1662 3193; x_wconf 79' lang='grc' dir='ltr'><strong>γιγνόμενον</strong></span> <span class='ocrx_word' id='word_1_259' title='bbox 1689 3125 1916 3196; x_wconf 82' lang='grc' dir='ltr'><strong>τροφὴν,</strong></span> <span class='ocrx_word' id='word_1_260' title='bbox 1947 3144 2042 3195; x_wconf 82' lang='grc' dir='ltr'><strong>γυ-</strong></span> 
     </span>
    </p>
   </div>
   <div class='ocr_carea' id='block_1_34' title="bbox 383 3207 2043 3282">
    <p class='ocr_par' dir='ltr' id='par_1_34' title="bbox 383 3207 2043 3282">
     <span class='ocr_line' id='line_1_34' title="bbox 383 3207 2043 3282; baseline 0.004 -22"><span class='ocrx_word' id='word_1_261' title='bbox 383 3208 514 3276; x_wconf 76' lang='grc' dir='ltr'><strong>μνὸν</strong></span> <span class='ocrx_word' id='word_1_262' title='bbox 533 3207 735 3260; x_wconf 90' lang='grc' dir='ltr'><strong>τούτων</strong></span> <span class='ocrx_word' id='word_1_263' title='bbox 763 3208 1019 3260; x_wconf 79' lang='grc' dir='ltr'><strong>ἁπάντων</strong></span> <span class='ocrx_word' id='word_1_264' title='bbox 1049 3209 1387 3278; x_wconf 86' lang='grc' dir='ltr'><strong>γιγνόμενον,</strong></span> <span class='ocrx_word' id='word_1_265' title='bbox 1433 3211 1527 3262; x_wconf 77' lang='grc' dir='ltr'><strong>καὶ</strong></span> <span class='ocrx_word' id='word_1_266' title='bbox 1572 3210 1724 3263; x_wconf 85' lang='grc' dir='ltr'><strong>οὐδὲν</strong></span> <span class='ocrx_word' id='word_1_267' title='bbox 1761 3210 1898 3274; x_wconf 84' lang='grc' dir='ltr'><strong>ὅλως</strong></span> <span class='ocrx_word' id='word_1_268' title='bbox 1926 3211 2043 3282; x_wconf 86' lang='grc' dir='ltr'><strong>μεθ’</strong></span> 
     </span>
    </p>
   </div>
   <div class='ocr_carea' id='block_1_35' title="bbox 378 3287 2044 3364">
    <p class='ocr_par' dir='ltr' id='par_1_35' title="bbox 378 3287 2044 3364">
     <span class='ocr_line' id='line_1_35' title="bbox 378 3287 2044 3364; baseline 0.004 -18"><span class='ocrx_word' id='word_1_269' title='bbox 378 3295 571 3347; x_wconf 88' lang='grc' dir='ltr'><strong>ἐαυτοῦ</strong></span> <span class='ocrx_word' id='word_1_270' title='bbox 599 3295 917 3362; x_wconf 82' lang='grc' dir='ltr'><strong>ἀπενεγκεῖν</strong></span> <span class='ocrx_word' id='word_1_271' title='bbox 947 3294 1259 3364; x_wconf 81' lang='grc' dir='ltr'><strong>δυνηθέντα,</strong></span> <span class='ocrx_word' id='word_1_272' title='bbox 1287 3295 1401 3348; x_wconf 85' lang='grc' dir='ltr'><strong>ἀλλ’</strong></span> <span class='ocrx_word' id='word_1_273' title='bbox 1424 3287 1658 3350; x_wconf 80' lang='grc' dir='ltr'><strong>ἐνταῦθᾶ</strong></span> <span class='ocrx_word' id='word_1_274' title='bbox 1691 3297 1905 3351; x_wconf 75' lang='grc' dir='ltr'><strong>ἅπαντα</strong></span> <span class='ocrx_word' id='word_1_275' title='bbox 1943 3317 2044 3352; x_wconf 86' lang='grc' dir='ltr'><strong>κα-</strong></span> 
     </span>
    </p>
   </div>
   <div class='ocr_carea' id='block_1_36' title="bbox 377 3379 2043 3457">
    <p class='ocr_par' dir='ltr' id='par_1_36' title="bbox 377 3379 2043 3457">
     <span class='ocr_line' id='line_1_36' title="bbox 377 3379 2043 3457; baseline 0.005 -25"><span class='ocrx_word' id='word_1_276' title='bbox 377 3379 694 3434; x_wconf 86' lang='grc' dir='ltr'><strong>ταλιπόντα.</strong></span> <span class='ocrx_word' id='word_1_277' title='bbox 722 3380 812 3449; x_wconf 80' lang='grc' dir='ltr'><strong>Μὴ</strong></span> <span class='ocrx_word' id='word_1_278' title='bbox 831 3380 1007 3434; x_wconf 86' lang='grc' dir='ltr'><strong>τοίνυν</strong></span> <span class='ocrx_word' id='word_1_279' title='bbox 1035 3383 1103 3434; x_wconf 88' lang='grc' dir='ltr'><strong>τά</strong></span> <span class='ocrx_word' id='word_1_280' title='bbox 1132 3383 1373 3452; x_wconf 84' lang='grc' dir='ltr'><strong>παρόντα</strong></span> <span class='ocrx_word' id='word_1_281' title='bbox 1407 3381 1529 3434; x_wconf 81' lang='grc' dir='ltr'><strong>ἰδὼν</strong></span> <span class='ocrx_word' id='word_1_282' title='bbox 1555 3383 1888 3456; x_wconf 73' lang='grc' dir='ltr'><strong>ἀγωνιάτης,</strong></span> <span class='ocrx_word' id='word_1_283' title='bbox 1910 3388 2043 3457; x_wconf 81' lang='grc' dir='ltr'><strong>μηδὲ</strong></span> 
     </span>
    </p>
   </div>
   <div class='ocr_carea' id='block_1_37' title="bbox 382 3466 2044 3543">
    <p class='ocr_par' dir='ltr' id='par_1_37' title="bbox 382 3466 2044 3543">
     <span class='ocr_line' id='line_1_37' title="bbox 382 3466 2044 3543; baseline 0.005 -26"><span class='ocrx_word' id='word_1_284' title='bbox 382 3466 693 3538; x_wconf 79' lang='grc' dir='ltr'><strong>μακαρίσῃς</strong></span> <span class='ocrx_word' id='word_1_285' title='bbox 724 3467 815 3518; x_wconf 85' lang='grc' dir='ltr'><strong>τὸν</strong></span> <span class='ocrx_word' id='word_1_286' title='bbox 867 3466 1006 3532; x_wconf 85' lang='grc' dir='ltr'><strong>μετὰ</strong></span> <span class='ocrx_word' id='word_1_287' title='bbox 1034 3467 1240 3538; x_wconf 78' lang='grc' dir='ltr'><strong>βραχὺν</strong></span> <span class='ocrx_word' id='word_1_288' title='bbox 1291 3469 1478 3538; x_wconf 85' lang='grc' dir='ltr'><strong>χρόνον</strong></span> <span class='ocrx_word' id='word_1_289' title='bbox 1511 3470 1570 3522; x_wconf 81' lang='grc' dir='ltr'><strong>ἐν</strong></span> <span class='ocrx_word' id='word_1_290' title='bbox 1609 3471 1816 3543; x_wconf 78' lang='grc' dir='ltr'><strong>ἐρημίᾳ</strong></span> <span class='ocrx_word' id='word_1_291' title='bbox 1839 3472 2044 3541; x_wconf 85' lang='grc' dir='ltr'><strong>τούτων</strong></span> 
     </span>
    </p>
   </div>
   <div class='ocr_carea' id='block_1_38' title="bbox 382 3552 2070 3630">
    <p class='ocr_par' dir='ltr' id='par_1_38' title="bbox 382 3552 2070 3630">
     <span class='ocr_line' id='line_1_38' title="bbox 382 3552 2070 3630; baseline 0.005 -25"><span class='ocrx_word' id='word_1_292' title='bbox 382 3552 641 3624; x_wconf 87' lang='grc' dir='ltr'><strong>μέλλοντα</strong></span> <span class='ocrx_word' id='word_1_293' title='bbox 677 3553 940 3622; x_wconf 87' lang='grc' dir='ltr'><strong>γίνεσθαι.</strong></span> <span class='ocrx_word' id='word_1_294' title='bbox 978 3554 1229 3608; x_wconf 87' lang='grc' dir='ltr'><strong>Τοιοῦτον</strong></span> <span class='ocrx_word' id='word_1_295' title='bbox 1260 3556 1370 3624; x_wconf 79' lang='grc' dir='ltr'><strong>γὰρ</strong></span> <span class='ocrx_word' id='word_1_296' title='bbox 1408 3558 1439 3626; x_wconf 86' lang='grc' dir='ltr'><strong>ή</strong></span> <span class='ocrx_word' id='word_1_297' title='bbox 1476 3557 1724 3628; x_wconf 85' lang='grc' dir='ltr'><strong>παροῦσα</strong></span> <span class='ocrx_word' id='word_1_298' title='bbox 1750 3560 2070 3630; x_wconf 84' lang='grc' dir='ltr'><strong>εὐημερία,“</strong></span> 
     </span>
    </p>
   </div>
   <div class='ocr_carea' id='block_1_39' title="bbox 377 3639 2043 3715">
    <p class='ocr_par' dir='ltr' id='par_1_39' title="bbox 377 3639 2043 3715">
     <span class='ocr_line' id='line_1_39' title="bbox 377 3639 2043 3715; baseline 0.005 -23"><span class='ocrx_word' id='word_1_299' title='bbox 377 3640 472 3693; x_wconf 73' lang='grc' dir='ltr'><strong>καὶ</strong></span> <span class='ocrx_word' id='word_1_300' title='bbox 501 3642 533 3711; x_wconf 86' lang='grc' dir='ltr'><strong>ή</strong></span> <span class='ocrx_word' id='word_1_301' title='bbox 562 3639 655 3692; x_wconf 86' lang='grc' dir='ltr'><strong>τοῦ</strong></span> <span class='ocrx_word' id='word_1_302' title='bbox 685 3640 913 3694; x_wconf 83' lang='grc' dir='ltr'><strong>πλούτου</strong></span> <span class='ocrx_word' id='word_1_303' title='bbox 944 3641 1105 3710; x_wconf 88' lang='grc' dir='ltr'><strong>φύσις</strong></span> <span class='ocrx_word' id='word_1_304' title='bbox 1129 3659 1142 3673; x_wconf 92' lang='grc'>·</span> <span class='ocrx_word' id='word_1_305' title='bbox 1173 3643 1234 3695; x_wconf 89' lang='grc' dir='ltr'><strong>οὐ</strong></span> <span class='ocrx_word' id='word_1_306' title='bbox 1271 3645 1640 3715; x_wconf 84' lang='grc' dir='ltr'><strong>συναποδημεῖ</strong></span> <span class='ocrx_word' id='word_1_307' title='bbox 1655 3648 1765 3709; x_wconf 85' lang='grc' dir='ltr'><strong>τοῖς</strong></span> <span class='ocrx_word' id='word_1_308' title='bbox 1794 3647 2043 3702; x_wconf 89' lang='grc' dir='ltr'><strong>ἐντεῦθεν</strong></span> 
     </span>
    </p>
   </div>
   <div class='ocr_carea' id='block_1_40' title="bbox 378 3727 2043 3803">
    <p class='ocr_par' dir='ltr' id='par_1_40' title="bbox 378 3727 2043 3803">
     <span class='ocr_line' id='line_1_40' title="bbox 378 3727 2043 3803; baseline 0.006 -24"><span class='ocrx_word' id='word_1_309' title='bbox 378 3727 815 3798; x_wconf 74' lang='grc' dir='ltr'><strong>μεθισταμένοις,</strong></span> <span class='ocrx_word' id='word_1_310' title='bbox 843 3729 956 3782; x_wconf 89' lang='grc' dir='ltr'><strong>ἀλλ’</strong></span> <span class='ocrx_word' id='word_1_311' title='bbox 986 3729 1215 3784; x_wconf 85' lang='grc' dir='ltr'><strong>ἐνταῦθα</strong></span> <span class='ocrx_word' id='word_1_312' title='bbox 1244 3729 1413 3803; x_wconf 77' lang='grc' dir='ltr'><strong>αὐτὴν</strong></span> <span class='ocrx_word' id='word_1_313' title='bbox 1445 3731 1663 3786; x_wconf 79' lang='grc' dir='ltr'><strong>ἅπασαν</strong></span> <span class='ocrx_word' id='word_1_314' title='bbox 1715 3733 2043 3790; x_wconf 86' lang='grc' dir='ltr'><strong>καταλιπόν-</strong></span> 
     </span>
    </p>
   </div>
   <div class='ocr_carea' id='block_1_41' title="bbox 373 3816 2043 3893">
    <p class='ocr_par' dir='ltr' id='par_1_41' title="bbox 373 3816 2043 3893">
     <span class='ocr_line' id='line_1_41' title="bbox 373 3816 2043 3893; baseline 0.006 -27"><span class='ocrx_word' id='word_1_315' title='bbox 373 3832 485 3878; x_wconf 88' lang='grc' dir='ltr'><strong>τες,</strong></span> <span class='ocrx_word' id='word_1_316' title='bbox 512 3816 708 3886; x_wconf 74' lang='grc' dir='ltr'><strong>γυμνοὶ</strong></span> <span class='ocrx_word' id='word_1_317' title='bbox 732 3817 825 3869; x_wconf 82' lang='grc' dir='ltr'><strong>καὶ</strong></span> <span class='ocrx_word' id='word_1_318' title='bbox 855 3816 1048 3887; x_wconf 76' lang='grc' dir='ltr'><strong>ἔρημοι</strong></span> <span class='ocrx_word' id='word_1_319' title='bbox 1078 3817 1290 3880; x_wconf 86' lang='grc' dir='ltr'><strong>ἀπίασι,</strong></span> <span class='ocrx_word' id='word_1_320' title='bbox 1328 3818 1492 3887; x_wconf 87' lang='grc' dir='ltr'><strong>μόνην</strong></span> <span class='ocrx_word' id='word_1_321' title='bbox 1527 3819 1623 3889; x_wconf 81' lang='grc' dir='ltr'><strong>τήν</strong></span> <span class='ocrx_word' id='word_1_322' title='bbox 1663 3821 1862 3874; x_wconf 85' lang='grc' dir='ltr'><strong>κακίαν</strong></span> <span class='ocrx_word' id='word_1_323' title='bbox 1888 3838 2043 3893; x_wconf 81' lang='grc' dir='ltr'><strong>περιο</strong></span> 
     </span>
    </p>
   </div>
   <div class='ocr_carea' id='block_1_42' title="bbox 375 3902 2035 3980">
    <p class='ocr_par' dir='ltr' id='par_1_42' title="bbox 375 3902 2035 3980">
     <span class='ocr_line' id='line_1_42' title="bbox 375 3902 2035 3980; baseline 0.005 -27"><span class='ocrx_word' id='word_1_324' title='bbox 375 3902 718 3973; x_wconf 70' lang='grc' dir='ltr'><strong>ϐεϐλημένοι,</strong></span> <span class='ocrx_word' id='word_1_325' title='bbox 750 3903 843 3956; x_wconf 76' lang='grc' dir='ltr'><strong>καὶ</strong></span> <span class='ocrx_word' id='word_1_326' title='bbox 872 3903 942 3956; x_wconf 89' lang='grc' dir='ltr'><strong>τά</strong></span> <span class='ocrx_word' id='word_1_327' title='bbox 963 3905 1025 3956; x_wconf 85' lang='grc' dir='ltr'><strong>ἐκ</strong></span> <span class='ocrx_word' id='word_1_328' title='bbox 1046 3902 1248 3974; x_wconf 82' lang='grc' dir='ltr'><strong>ταύτης</strong></span> <span class='ocrx_word' id='word_1_329' title='bbox 1278 3904 1461 3967; x_wconf 78' lang='grc' dir='ltr'><strong>αὐτοῖς</strong></span> <span class='ocrx_word' id='word_1_330' title='bbox 1503 3905 1830 3975; x_wconf 82' lang='grc' dir='ltr'><strong>συλλεγέντα</strong></span> <span class='ocrx_word' id='word_1_331' title='bbox 1857 3909 2035 3980; x_wconf 82' lang='grc' dir='ltr'><strong>ἁμαρ·</strong></span> 
     </span>
    </p>
   </div>
   <div class='ocr_carea' id='block_1_43' title="bbox 374 3988 2036 4061">
    <p class='ocr_par' dir='ltr' id='par_1_43' title="bbox 374 3988 2036 4061">
     <span class='ocr_line' id='line_1_43' title="bbox 374 3988 2036 4061; baseline 0.006 -21"><span class='ocrx_word' id='word_1_332' title='bbox 374 3990 633 4058; x_wconf 87' lang='grc' dir='ltr'><strong>τημάτων</strong></span> <span class='ocrx_word' id='word_1_333' title='bbox 686 3989 904 4061; x_wconf 84' lang='grc' dir='ltr'><strong>φορτία.</strong></span> <span class='ocrx_word' id='word_1_334' title='bbox 953 3989 1075 4041; x_wconf 59' lang='grc' dir='ltr'><strong>Ἐπὶ¹</strong></span> <span class='ocrx_word' id='word_1_335' title='bbox 1099 3988 1157 4041; x_wconf 83' lang='grc' dir='ltr'><strong>δὲ</strong></span> <span class='ocrx_word' id='word_1_336' title='bbox 1179 3991 1283 4058; x_wconf 83' lang='grc' dir='ltr'><strong>τῆς</strong></span> <span class='ocrx_word' id='word_1_337' title='bbox 1332 3991 1534 4060; x_wconf 83' lang='grc' dir='ltr'><strong>ἀρετῆς</strong></span> <span class='ocrx_word' id='word_1_338' title='bbox 1561 3993 1801 4046; x_wconf 84' lang='grc' dir='ltr'><strong>τοιοῦτον</strong></span> <span class='ocrx_word' id='word_1_339' title='bbox 1851 3996 2036 4049; x_wconf 77' lang='grc' dir='ltr'><strong>οὐδέν’</strong></span> 
     </span>
    </p>
   </div>
   <div class='ocr_carea' id='block_1_44' title="bbox 373 4076 2040 4147">
    <p class='ocr_par' dir='ltr' id='par_1_44' title="bbox 373 4076 2040 4147">
     <span class='ocr_line' id='line_1_44' title="bbox 373 4076 2040 4147; baseline 0.004 -17"><span class='ocrx_word' id='word_1_340' title='bbox 373 4076 509 4130; x_wconf 85' lang='grc' dir='ltr'><strong>ἀλλά</strong></span> <span class='ocrx_word' id='word_1_341' title='bbox 537 4079 631 4131; x_wconf 78' lang='grc' dir='ltr'><strong>καὶ</strong></span> <span class='ocrx_word' id='word_1_342' title='bbox 661 4077 893 4130; x_wconf 85' lang='grc' dir='ltr'><strong>ἐνταῦθα</strong></span> <span class='ocrx_word' id='word_1_343' title='bbox 932 4077 1234 4147; x_wconf 87' lang='grc' dir='ltr'><strong>ἀνωτέρους</strong></span> <span class='ocrx_word' id='word_1_344' title='bbox 1277 4077 1385 4128; x_wconf 90' lang='grc' dir='ltr'><strong>τῶν</strong></span> <span class='ocrx_word' id='word_1_345' title='bbox 1420 4078 1876 4135; x_wconf 80' lang='grc' dir='ltr'><strong>ἐπιϐουλευόντων</strong></span> <span class='ocrx_word' id='word_1_346' title='bbox 1904 4085 2040 4137; x_wconf 87' lang='grc' dir='ltr'><strong>καθ-</strong></span> 
     </span>
    </p>
   </div>
   <div class='ocr_carea' id='block_1_45' title="bbox 375 4161 2039 4240">
    <p class='ocr_par' dir='ltr' id='par_1_45' title="bbox 375 4161 2039 4240">
     <span class='ocr_line' id='line_1_45' title="bbox 375 4161 2039 4240; baseline 0.004 -26"><span class='ocrx_word' id='word_1_347' title='bbox 375 4163 577 4233; x_wconf 84' lang='grc' dir='ltr'><strong>ίστησι,</strong></span> <span class='ocrx_word' id='word_1_348' title='bbox 597 4164 691 4215; x_wconf 70' lang='grc' dir='ltr'><strong>καὶ</strong></span> <span class='ocrx_word' id='word_1_349' title='bbox 721 4161 1029 4224; x_wconf 88' lang='grc' dir='ltr'><strong>ἀναλώτους</strong></span> <span class='ocrx_word' id='word_1_350' title='bbox 1060 4161 1372 4231; x_wconf 79' lang='grc' dir='ltr'><strong>ἐργάζεται,</strong></span> <span class='ocrx_word' id='word_1_351' title='bbox 1408 4164 1503 4216; x_wconf 69' lang='grc' dir='ltr'><strong>καὶ</strong></span> <span class='ocrx_word' id='word_1_352' title='bbox 1533 4164 1755 4236; x_wconf 86' lang='grc' dir='ltr'><strong>διηνεκῆ</strong></span> <span class='ocrx_word' id='word_1_353' title='bbox 1787 4169 1887 4240; x_wconf 82' lang='grc' dir='ltr'><strong>τὴν</strong></span> <span class='ocrx_word' id='word_1_354' title='bbox 1919 4171 2039 4240; x_wconf 75' lang='grc' dir='ltr'><strong>ἡδο-</strong></span> 
     </span>
    </p>
   </div>
   <div class='ocr_carea' id='block_1_46' title="bbox 373 4249 2040 4324">
    <p class='ocr_par' dir='ltr' id='par_1_46' title="bbox 373 4249 2040 4324">
     <span class='ocr_line' id='line_1_46' title="bbox 373 4249 2040 4324; baseline -0.001 -23"><span class='ocrx_word' id='word_1_355' title='bbox 373 4250 470 4320; x_wconf 80' lang='grc' dir='ltr'><strong>νὴν</strong></span> <span class='ocrx_word' id='word_1_356' title='bbox 497 4249 802 4319; x_wconf 76' lang='grc' dir='ltr'><strong>χαρίζεται,</strong></span> <span class='ocrx_word' id='word_1_357' title='bbox 829 4250 921 4301; x_wconf 69' lang='grc' dir='ltr'><strong>καὶ</strong></span> <span class='ocrx_word' id='word_1_358' title='bbox 950 4249 1048 4300; x_wconf 86' lang='grc' dir='ltr'><strong>οὐκ</strong></span> <span class='ocrx_word' id='word_1_359' title='bbox 1077 4250 1268 4319; x_wconf 83' lang='grc' dir='ltr'><strong>ἀφίησι</strong></span> <span class='ocrx_word' id='word_1_360' title='bbox 1299 4250 1394 4320; x_wconf 81' lang='grc' dir='ltr'><strong>τῆς</strong></span> <span class='ocrx_word' id='word_1_361' title='bbox 1409 4249 1516 4304; x_wconf 89' lang='grc' dir='ltr'><strong>τῶν</strong></span> <span class='ocrx_word' id='word_1_362' title='bbox 1539 4254 1877 4324; x_wconf 86' lang='grc' dir='ltr'><strong>πραγμάτων</strong></span> <span class='ocrx_word' id='word_1_363' title='bbox 1899 4257 2040 4310; x_wconf 82' lang='grc' dir='ltr'><strong>ἀνω,</strong></span> 
     </span>
    </p>
   </div>
   <div class='ocr_carea' id='block_1_47' title="bbox 377 4334 2036 4414">
    <p class='ocr_par' dir='ltr' id='par_1_47' title="bbox 377 4334 2036 4414">
     <span class='ocr_line' id='line_1_47' title="bbox 377 4334 2036 4414; baseline 0.004 -24"><span class='ocrx_word' id='word_1_364' title='bbox 377 4336 574 4408; x_wconf 89' lang='grc' dir='ltr'><strong>μαλίας</strong></span> <span class='ocrx_word' id='word_1_365' title='bbox 593 4334 844 4405; x_wconf 72' lang='grc' dir='ltr'><strong>αἴσθησιν</strong></span> <span class='ocrx_word' id='word_1_366' title='bbox 868 4334 1071 4398; x_wconf 78' lang='grc' dir='ltr'><strong>λαϐεῖν,</strong></span> <span class='ocrx_word' id='word_1_367' title='bbox 1105 4335 1199 4388; x_wconf 76' lang='grc' dir='ltr'><strong>καὶ</strong></span> <span class='ocrx_word' id='word_1_368' title='bbox 1232 4337 1480 4390; x_wconf 88' lang='grc' dir='ltr'><strong>ἐντεῦθεν</strong></span> <span class='ocrx_word' id='word_1_369' title='bbox 1509 4339 1846 4412; x_wconf 82' lang='grc' dir='ltr'><strong>ἀποδημοῦσι</strong></span> <span class='ocrx_word' id='word_1_370' title='bbox 1897 4361 2036 4414; x_wconf 88' lang='grc' dir='ltr'><strong>συμ-</strong></span> 
     </span>
    </p>
   </div>
   <div class='ocr_carea' id='block_1_48' title="bbox 373 4421 2036 4502">
    <p class='ocr_par' dir='ltr' id='par_1_48' title="bbox 373 4421 2036 4502">
     <span class='ocr_line' id='line_1_48' title="bbox 373 4421 2036 4502; baseline -0.014 -26"><span class='ocrx_word' id='word_1_371' title='bbox 373 4422 714 4494; x_wconf 85' lang='grc' dir='ltr'><strong>μεθίσταται,</strong></span> <span class='ocrx_word' id='word_1_372' title='bbox 751 4421 844 4474; x_wconf 79' lang='grc' dir='ltr'><strong>καὶ</strong></span> <span class='ocrx_word' id='word_1_373' title='bbox 881 4421 1001 4474; x_wconf 84' lang='grc' dir='ltr'><strong>τότε</strong></span> <span class='ocrx_word' id='word_1_374' title='bbox 1025 4421 1294 4486; x_wconf 84' lang='grc' dir='ltr'><strong>μάλιστα,</strong></span> <span class='ocrx_word' id='word_1_375' title='bbox 1338 4426 1427 4478; x_wconf 81' lang='grc' dir='ltr'><strong>ὅτε</strong></span> <span class='ocrx_word' id='word_1_376' title='bbox 1465 4427 1738 4498; x_wconf 72' lang='grc' dir='ltr'><strong>χρῄζομεν</strong></span> <span class='ocrx_word' id='word_1_377' title='bbox 1773 4430 1873 4500; x_wconf 69' lang='grc' dir='ltr'><strong>τῆς</strong></span> <span class='ocrx_word' id='word_1_378' title='bbox 1904 4434 2036 4502; x_wconf 70' lang='grc' dir='ltr'><strong>παρ.</strong></span> 
     </span>
    </p>
   </div>
   <div class='ocr_carea' id='block_1_49' title="bbox 369 4509 2036 4590">
    <p class='ocr_par' dir='ltr' id='par_1_49' title="bbox 369 4509 2036 4590">
     <span class='ocr_line' id='line_1_49' title="bbox 369 4509 2036 4590; baseline 0.006 -27"><span class='ocrx_word' id='word_1_379' title='bbox 369 4511 539 4580; x_wconf 84' lang='grc' dir='ltr'><strong>αὐτῆς</strong></span> <span class='ocrx_word' id='word_1_380' title='bbox 572 4509 905 4580; x_wconf 80' lang='grc' dir='ltr'><strong>συμμαχίας,</strong></span> <span class='ocrx_word' id='word_1_381' title='bbox 960 4511 1054 4563; x_wconf 79' lang='grc' dir='ltr'><strong>καὶ</strong></span> <span class='ocrx_word' id='word_1_382' title='bbox 1113 4512 1254 4565; x_wconf 90' lang='grc' dir='ltr'><strong>κατά</strong></span> <span class='ocrx_word' id='word_1_383' title='bbox 1284 4513 1382 4584; x_wconf 83' lang='grc' dir='ltr'><strong>τὴν</strong></span> <span class='ocrx_word' id='word_1_384' title='bbox 1410 4514 1625 4586; x_wconf 80' lang='grc' dir='ltr'><strong>ἡμέραν</strong></span> <span class='ocrx_word' id='word_1_385' title='bbox 1675 4519 1890 4588; x_wconf 89' lang='grc' dir='ltr'><strong>ἐκείνην</strong></span> <span class='ocrx_word' id='word_1_386' title='bbox 1937 4519 2036 4590; x_wconf 75' lang='grc' dir='ltr'><strong>τήν</strong></span> 
     </span>
    </p>
   </div>
   <div class='ocr_carea' id='block_1_50' title="bbox 369 4596 2036 4678">
    <p class='ocr_par' dir='ltr' id='par_1_50' title="bbox 369 4596 2036 4678">
     <span class='ocr_line' id='line_1_50' title="bbox 369 4596 2036 4678; baseline 0.008 -29"><span class='ocrx_word' id='word_1_387' title='bbox 369 4598 606 4669; x_wconf 73' lang='grc' dir='ltr'><strong>φοϐερὰν</strong></span> <span class='ocrx_word' id='word_1_388' title='bbox 658 4596 858 4666; x_wconf 81' lang='grc' dir='ltr'><strong>πολλὴν</strong></span> <span class='ocrx_word' id='word_1_389' title='bbox 902 4600 1032 4667; x_wconf 86' lang='grc' dir='ltr'><strong>ήμίν</strong></span> <span class='ocrx_word' id='word_1_390' title='bbox 1065 4601 1293 4670; x_wconf 83' lang='grc' dir='ltr'><strong>παρέχει</strong></span> <span class='ocrx_word' id='word_1_391' title='bbox 1349 4602 1448 4673; x_wconf 78' lang='grc' dir='ltr'><strong>τὴν</strong></span> <span class='ocrx_word' id='word_1_392' title='bbox 1509 4603 1780 4674; x_wconf 84' lang='grc' dir='ltr'><strong>βοήθειαν,</strong></span> <span class='ocrx_word' id='word_1_393' title='bbox 1830 4608 2036 4678; x_wconf 78' lang='grc' dir='ltr'><strong>ἥμερον</strong></span> 
     </span>
    </p>
   </div>
   <div class='ocr_carea' id='block_1_51' title="bbox 369 4682 2033 4767">
    <p class='ocr_par' dir='ltr' id='par_1_51' title="bbox 369 4682 2033 4767">
     <span class='ocr_line' id='line_1_51' title="bbox 369 4682 2033 4767; baseline 0.003 -29"><span class='ocrx_word' id='word_1_394' title='bbox 369 4687 503 4755; x_wconf 73' lang='grc' dir='ltr'><strong>ἡμῖν</strong></span> <span class='ocrx_word' id='word_1_395' title='bbox 534 4682 847 4737; x_wconf 87' lang='grc' dir='ltr'><strong>καθιστῶσα</strong></span> <span class='ocrx_word' id='word_1_396' title='bbox 899 4685 990 4736; x_wconf 84' lang='grc' dir='ltr'><strong>τοῦ</strong></span> <span class='ocrx_word' id='word_1_397' title='bbox 1023 4685 1276 4739; x_wconf 89' lang='grc' dir='ltr'><strong>δικαστοῦ</strong></span> <span class='ocrx_word' id='word_1_398' title='bbox 1307 4688 1369 4744; x_wconf 83' lang='grc' dir='ltr'><strong>τὸ</strong></span> <span class='ocrx_word' id='word_1_399' title='bbox 1401 4689 1586 4759; x_wconf 73' lang='grc' dir='ltr'><strong>ὄμμα·</strong></span> <span class='ocrx_word' id='word_1_400' title='bbox 1638 4695 1732 4746; x_wconf 75' lang='grc' dir='ltr'><strong>καὶ</strong></span> <span class='ocrx_word' id='word_1_401' title='bbox 1781 4694 2033 4767; x_wconf 84' lang='grc' dir='ltr'><strong>καθάπερ</strong></span> 
     </span>
    </p>
   </div>
   <div class='ocr_carea' id='block_1_52' title="bbox 368 4769 2032 4852">
    <p class='ocr_par' dir='ltr' id='par_1_52' title="bbox 368 4769 2032 4852">
     <span class='ocr_line' id='line_1_52' title="bbox 368 4769 2032 4852; baseline 0.006 -26"><span class='ocrx_word' id='word_1_402' title='bbox 368 4769 598 4836; x_wconf 78' lang='grc' dir='ltr'><strong>ἐνταῦθα</strong></span> <span class='ocrx_word' id='word_1_403' title='bbox 627 4771 909 4841; x_wconf 79' lang='grc' dir='ltr'><strong>παρόντων</strong></span> <span class='ocrx_word' id='word_1_404' title='bbox 929 4770 1037 4823; x_wconf 90' lang='grc' dir='ltr'><strong>τῶν</strong></span> <span class='ocrx_word' id='word_1_405' title='bbox 1062 4771 1252 4825; x_wconf 88' lang='grc' dir='ltr'><strong>δεινῶν</strong></span> <span class='ocrx_word' id='word_1_406' title='bbox 1275 4775 1579 4845; x_wconf 86' lang='grc' dir='ltr'><strong>ἀνωτέρους</strong></span> <span class='ocrx_word' id='word_1_407' title='bbox 1607 4779 1896 4852; x_wconf 82' lang='grc' dir='ltr'><strong>καθίστησι</strong></span> <span class='ocrx_word' id='word_1_408' title='bbox 1922 4781 2032 4836; x_wconf 89' lang='grc' dir='ltr'><strong>τῶν</strong></span> 
     </span>
    </p>
   </div>
   <div class='ocr_carea' id='block_1_53' title="bbox 365 4856 2032 4938">
    <p class='ocr_par' dir='ltr' id='par_1_53' title="bbox 365 4856 2032 4938">
     <span class='ocr_line' id='line_1_53' title="bbox 365 4856 2032 4938; baseline 0.008 -28"><span class='ocrx_word' id='word_1_409' title='bbox 365 4859 574 4921; x_wconf 84' lang='grc' dir='ltr'><strong>δεινῶν,</strong></span> <span class='ocrx_word' id='word_1_410' title='bbox 613 4857 756 4912; x_wconf 77' lang='grc' dir='ltr'><strong>οὕτω</strong></span> <span class='ocrx_word' id='word_1_411' title='bbox 786 4858 880 4909; x_wconf 81' lang='grc' dir='ltr'><strong>καὶ</strong></span> <span class='ocrx_word' id='word_1_412' title='bbox 906 4859 964 4909; x_wconf 81' lang='grc' dir='ltr'><strong>ἐν</strong></span> <span class='ocrx_word' id='word_1_413' title='bbox 989 4856 1066 4927; x_wconf 83' lang='grc' dir='ltr'><strong>τῷ</strong></span> <span class='ocrx_word' id='word_1_414' title='bbox 1091 4858 1339 4928; x_wconf 86' lang='grc' dir='ltr'><strong>μέλλοντι</strong></span> <span class='ocrx_word' id='word_1_415' title='bbox 1380 4859 1678 4931; x_wconf 75' lang='grc' dir='ltr'><strong>ἐξαρπάζει</strong></span> <span class='ocrx_word' id='word_1_416' title='bbox 1707 4867 1831 4929; x_wconf 79' lang='grc' dir='ltr'><strong>τοὺς</strong></span> <span class='ocrx_word' id='word_1_417' title='bbox 1859 4868 2032 4938; x_wconf 80' lang='grc' dir='ltr'><strong>αὐτὴν</strong></span> 
     </span>
    </p>
   </div>
   <div class='ocr_carea' id='block_1_54' title="bbox 366 4944 2031 5015">
    <p class='ocr_par' dir='ltr' id='par_1_54' title="bbox 366 4944 2031 5015">
     <span class='ocr_line' id='line_1_54' title="bbox 366 4944 2031 5015; baseline 0.007 -17"><span class='ocrx_word' id='word_1_418' title='bbox 366 4945 798 5015; x_wconf 71' lang='grc' dir='ltr'><strong>ἐπιφερομένους</strong></span> <span class='ocrx_word' id='word_1_419' title='bbox 824 4944 931 4997; x_wconf 88' lang='grc' dir='ltr'><strong>τῶν</strong></span> <span class='ocrx_word' id='word_1_420' title='bbox 965 4944 1338 5014; x_wconf 86' lang='grc' dir='ltr'><strong>κολαστηρίων</strong></span> <span class='ocrx_word' id='word_1_421' title='bbox 1371 4948 1616 5003; x_wconf 88' lang='grc' dir='ltr'><strong>ἐκείνων.</strong></span> <span class='ocrx_word' id='word_1_422' title='bbox 1647 4949 1752 5004; x_wconf 81' lang='grc' dir='ltr'><strong>Καὶ</strong></span> <span class='ocrx_word' id='word_1_423' title='bbox 1784 4953 1844 5006; x_wconf 92' lang='grc' dir='ltr'><strong>οὐ</strong></span> <span class='ocrx_word' id='word_1_424' title='bbox 1873 4955 2031 5010; x_wconf 87' lang='grc' dir='ltr'><strong>τοῦτο</strong></span> 
     </span>
    </p>
   </div>
   <div class='ocr_carea' id='block_1_55' title="bbox 368 5031 2032 5104">
    <p class='ocr_par' dir='ltr' id='par_1_55' title="bbox 368 5031 2032 5104">
     <span class='ocr_line' id='line_1_55' title="bbox 368 5031 2032 5104; baseline 0.007 -20"><span class='ocrx_word' id='word_1_425' title='bbox 368 5033 547 5102; x_wconf 90' lang='grc' dir='ltr'><strong>μόνον,</strong></span> <span class='ocrx_word' id='word_1_426' title='bbox 579 5032 691 5084; x_wconf 86' lang='grc' dir='ltr'><strong>ἀλλ’</strong></span> <span class='ocrx_word' id='word_1_427' title='bbox 719 5031 804 5084; x_wconf 76' lang='grc' dir='ltr'><strong>ἐτι</strong></span> <span class='ocrx_word' id='word_1_428' title='bbox 829 5033 924 5084; x_wconf 83' lang='grc' dir='ltr'><strong>καὶ</strong></span> <span class='ocrx_word' id='word_1_429' title='bbox 948 5032 1046 5101; x_wconf 85' lang='grc' dir='ltr'><strong>τῆς</strong></span> <span class='ocrx_word' id='word_1_430' title='bbox 1069 5031 1176 5084; x_wconf 89' lang='grc' dir='ltr'><strong>τῶν</strong></span> <span class='ocrx_word' id='word_1_431' title='bbox 1203 5035 1530 5104; x_wconf 71' lang='grc' dir='ltr'><strong>ἀπορρήτων</strong></span> <span class='ocrx_word' id='word_1_432' title='bbox 1553 5037 1772 5104; x_wconf 83' lang='grc' dir='ltr'><strong>ἀγαθῶν</strong></span> <span class='ocrx_word' id='word_1_433' title='bbox 1793 5041 2032 5096; x_wconf 84' lang='grc' dir='ltr'><strong>ἀπολαύ-</strong></span> 
     </span>
    </p>
   </div>
   <div class='ocr_carea' id='block_1_56' title="bbox 365 5119 2028 5195">
    <p class='ocr_par' dir='ltr' id='par_1_56' title="bbox 365 5119 2028 5195">
     <span class='ocr_line' id='line_1_56' title="bbox 365 5119 2028 5195; baseline 0.011 -31"><span class='ocrx_word' id='word_1_434' title='bbox 365 5136 504 5178; x_wconf 78' lang='grc' dir='ltr'><strong>σεως</strong></span> <span class='ocrx_word' id='word_1_435' title='bbox 525 5119 780 5188; x_wconf 66' lang='grc' dir='ltr'><strong>πρόξενος</strong></span> <span class='ocrx_word' id='word_1_436' title='bbox 813 5121 943 5188; x_wconf 76' lang='grc' dir='ltr'><strong>ἡμῖν</strong></span> <span class='ocrx_word' id='word_1_437' title='bbox 969 5119 1198 5188; x_wconf 81' lang='grc' dir='ltr'><strong>γίνεται.</strong></span> <span class='ocrx_word' id='word_1_438' title='bbox 1240 5122 1349 5174; x_wconf 82' lang='grc' dir='ltr'><strong>Καὶ</strong></span> <span class='ocrx_word' id='word_1_439' title='bbox 1373 5120 1460 5175; x_wconf 80' lang='grc' dir='ltr'><strong>ἵνα</strong></span> <span class='ocrx_word' id='word_1_440' title='bbox 1489 5123 1688 5195; x_wconf 79' lang='grc' dir='ltr'><strong>μάθῃς,</strong></span> <span class='ocrx_word' id='word_1_441' title='bbox 1738 5127 1819 5179; x_wconf 86' lang='grc' dir='ltr'><strong>ὃτι</strong></span> <span class='ocrx_word' id='word_1_442' title='bbox 1857 5130 2028 5184; x_wconf 89' lang='grc' dir='ltr'><strong>ταῦτα</strong></span> 
     </span>
    </p>
   </div>
   <div class='ocr_carea' id='block_1_57' title="bbox 362 5204 2028 5282">
    <p class='ocr_par' dir='ltr' id='par_1_57' title="bbox 362 5204 2028 5282">
     <span class='ocr_line' id='line_1_57' title="bbox 362 5204 2028 5282; baseline 0.008 -25"><span class='ocrx_word' id='word_1_443' title='bbox 362 5204 534 5264; x_wconf 74' lang='grc' dir='ltr'><strong>οὕτως</strong></span> <span class='ocrx_word' id='word_1_444' title='bbox 564 5204 696 5272; x_wconf 72' lang='grc' dir='ltr'><strong>ἔχει,</strong></span> <span class='ocrx_word' id='word_1_445' title='bbox 750 5205 847 5257; x_wconf 78' lang='grc' dir='ltr'><strong>καὶ</strong></span> <span class='ocrx_word' id='word_1_446' title='bbox 895 5207 994 5277; x_wconf 89' lang='grc' dir='ltr'><strong>οὐχ</strong></span> <span class='ocrx_word' id='word_1_447' title='bbox 1047 5207 1232 5264; x_wconf 78' lang='grc' dir='ltr'><strong>ἁπλῶς</strong></span> <span class='ocrx_word' id='word_1_448' title='bbox 1283 5209 1376 5262; x_wconf 83' lang='grc' dir='ltr'><strong>καὶ</strong></span> <span class='ocrx_word' id='word_1_449' title='bbox 1408 5210 1528 5279; x_wconf 74' lang='grc' dir='ltr'><strong>εἰκῆ</strong></span> <span class='ocrx_word' id='word_1_450' title='bbox 1574 5212 2028 5282; x_wconf 74' lang='grc' dir='ltr'><strong>ψυχαγωγοῦντες</strong></span> 
     </span>
    </p>
   </div>
   <div class='ocr_carea' id='block_1_58' title="bbox 361 5291 2027 5373">
    <p class='ocr_par' dir='ltr' id='par_1_58' title="bbox 361 5291 2027 5373">
     <span class='ocr_line' id='line_1_58' title="bbox 361 5291 2027 5373; baseline 0.007 -29"><span class='ocrx_word' id='word_1_451' title='bbox 361 5291 504 5361; x_wconf 82' lang='grc' dir='ltr'><strong>ὑμᾶς</strong></span> <span class='ocrx_word' id='word_1_452' title='bbox 535 5292 742 5356; x_wconf 88' lang='grc' dir='ltr'><strong>τούτοις</strong></span> <span class='ocrx_word' id='word_1_453' title='bbox 765 5294 1080 5364; x_wconf 83' lang='grc' dir='ltr'><strong>κεχρήμεθα</strong></span> <span class='ocrx_word' id='word_1_454' title='bbox 1112 5298 1223 5358; x_wconf 89' lang='grc' dir='ltr'><strong>τοῖς</strong></span> <span class='ocrx_word' id='word_1_455' title='bbox 1253 5297 1512 5367; x_wconf 78' lang='grc' dir='ltr'><strong>ῥήμασιν,</strong></span> <span class='ocrx_word' id='word_1_456' title='bbox 1544 5300 1610 5350; x_wconf 84' lang='grc' dir='ltr'><strong>ἐκ</strong></span> <span class='ocrx_word' id='word_1_457' title='bbox 1641 5302 1748 5351; x_wconf 84' lang='grc' dir='ltr'><strong>τῶν</strong></span> <span class='ocrx_word' id='word_1_458' title='bbox 1777 5300 1872 5353; x_wconf 84' lang='grc' dir='ltr'><strong>νῦν</strong></span> <span class='ocrx_word' id='word_1_459' title='bbox 1899 5321 2027 5373; x_wconf 88' lang='grc' dir='ltr'><strong>προ-</strong></span> 
     </span>
    </p>
   </div>
   <div class='ocr_carea' id='block_1_59' title="bbox 359 5377 2024 5462">
    <p class='ocr_par' dir='ltr' id='par_1_59' title="bbox 359 5377 2024 5462">
     <span class='ocr_line' id='line_1_59' title="bbox 359 5377 2024 5462; baseline 0.007 -30"><span class='ocrx_word' id='word_1_460' title='bbox 359 5377 627 5447; x_wconf 82' lang='grc' dir='ltr'><strong>κειμένων</strong></span> <span class='ocrx_word' id='word_1_461' title='bbox 656 5380 826 5444; x_wconf 80' lang='grc' dir='ltr'><strong>δείξαι</strong></span> <span class='ocrx_word' id='word_1_462' title='bbox 869 5381 1198 5452; x_wconf 76' lang='grc' dir='ltr'><strong>πειράσομαι</strong></span> <span class='ocrx_word' id='word_1_463' title='bbox 1237 5386 1303 5453; x_wconf 86' lang='grc' dir='ltr'><strong>τῇ</strong></span> <span class='ocrx_word' id='word_1_464' title='bbox 1336 5384 1580 5455; x_wconf 70' lang='grc' dir='ltr'><strong>ὑμετέρᾳ</strong></span> <span class='ocrx_word' id='word_1_465' title='bbox 1632 5387 1839 5460; x_wconf 82' lang='grc' dir='ltr'><strong>ἀγάπῃ.</strong></span> <span class='ocrx_word' id='word_1_466' title='bbox 1883 5390 2024 5462; x_wconf 81' lang='grc' dir='ltr'><strong>Ὅρα</strong></span> 
     </span>
    </p>
   </div>
   <div class='ocr_carea' id='block_1_60' title="bbox 356 5462 2021 5540">
    <p class='ocr_par' dir='ltr' id='par_1_60' title="bbox 356 5462 2021 5540">
     <span class='ocr_line' id='line_1_60' title="bbox 356 5462 2021 5540; baseline 0.008 -24"><span class='ocrx_word' id='word_1_467' title='bbox 356 5464 468 5534; x_wconf 79' lang='grc' dir='ltr'><strong>γάρ</strong></span> <span class='ocrx_word' id='word_1_468' title='bbox 493 5465 610 5527; x_wconf 86' lang='grc' dir='ltr'><strong>πῶς</strong></span> <span class='ocrx_word' id='word_1_469' title='bbox 642 5466 670 5517; x_wconf 88' lang='grc' dir='ltr'><strong>ό</strong></span> <span class='ocrx_word' id='word_1_470' title='bbox 699 5466 999 5538; x_wconf 76' lang='grc' dir='ltr'><strong>θαυμάσιος</strong></span> <span class='ocrx_word' id='word_1_471' title='bbox 1045 5462 1219 5536; x_wconf 75' lang='grc' dir='ltr'><strong>οὗτος,</strong></span> <span class='ocrx_word' id='word_1_472' title='bbox 1259 5472 1287 5524; x_wconf 87' lang='grc' dir='ltr'>ὁ</span> <span class='ocrx_word' id='word_1_473' title='bbox 1336 5471 1460 5524; x_wconf 87' lang='grc' dir='ltr'><strong>Νῶε</strong></span> <span class='ocrx_word' id='word_1_474' title='bbox 1494 5472 1655 5540; x_wconf 79' lang='grc' dir='ltr'><strong>λέγω,</strong></span> <span class='ocrx_word' id='word_1_475' title='bbox 1697 5479 1895 5538; x_wconf 79' lang='grc' dir='ltr'><strong>παντὸς</strong></span> <span class='ocrx_word' id='word_1_476' title='bbox 1929 5477 2021 5532; x_wconf 88' lang='grc' dir='ltr'><strong>τοῦ</strong></span> 
     </span>
    </p>
   </div>
   <div class='ocr_carea' id='block_1_61' title="bbox 352 5551 2023 5633">
    <p class='ocr_par' dir='ltr' id='par_1_61' title="bbox 352 5551 2023 5633">
     <span class='ocr_line' id='line_1_61' title="bbox 352 5551 2023 5633; baseline 0.011 -32"><span class='ocrx_word' id='word_1_477' title='bbox 352 5551 463 5604; x_wconf 89' lang='grc' dir='ltr'><strong>τῶν</strong></span> <span class='ocrx_word' id='word_1_478' title='bbox 496 5551 796 5623; x_wconf 87' lang='grc' dir='ltr'><strong>ἀνθρώπων</strong></span> <span class='ocrx_word' id='word_1_479' title='bbox 838 5556 1028 5622; x_wconf 87' lang='grc' dir='ltr'><strong>γένους</strong></span> <span class='ocrx_word' id='word_1_480' title='bbox 1055 5559 1135 5620; x_wconf 88' lang='grc' dir='ltr'><strong>εἰς</strong></span> <span class='ocrx_word' id='word_1_481' title='bbox 1182 5558 1279 5628; x_wconf 86' lang='grc' dir='ltr'><strong>τὴν</strong></span> <span class='ocrx_word' id='word_1_482' title='bbox 1308 5562 1428 5612; x_wconf 87' lang='grc' dir='ltr'><strong>κατ’</strong></span> <span class='ocrx_word' id='word_1_483' title='bbox 1451 5560 1629 5612; x_wconf 87' lang='grc' dir='ltr'><strong>αὐτῶν</strong></span> <span class='ocrx_word' id='word_1_484' title='bbox 1655 5562 2023 5633; x_wconf 76' lang='grc' dir='ltr'><strong>ἀγανάκτησιν</strong></span> 
     </span>
    </p>
   </div>
   <div class='ocr_carea' id='block_1_62' title="bbox 353 5638 2021 5718">
    <p class='ocr_par' dir='ltr' id='par_1_62' title="bbox 353 5638 2021 5718">
     <span class='ocr_line' id='line_1_62' title="bbox 353 5638 2021 5718; baseline 0.01 -29"><span class='ocrx_word' id='word_1_485' title='bbox 353 5638 794 5710; x_wconf 76' lang='grc' dir='ltr'><strong>ἐκκαλεσαμένου</strong></span> <span class='ocrx_word' id='word_1_486' title='bbox 838 5643 929 5695; x_wconf 81' lang='grc' dir='ltr'><strong>τὸν</strong></span> <span class='ocrx_word' id='word_1_487' title='bbox 980 5644 1359 5715; x_wconf 85' lang='grc' dir='ltr'><strong>φιλάνθρωπον</strong></span> <span class='ocrx_word' id='word_1_488' title='bbox 1413 5648 1710 5718; x_wconf 89' lang='grc' dir='ltr'><strong>Δεσπότην,</strong></span> <span class='ocrx_word' id='word_1_489' title='bbox 1750 5643 1903 5714; x_wconf 76' lang='grc' dir='ltr'><strong>οὗτος</strong></span> <span class='ocrx_word' id='word_1_490' title='bbox 1935 5652 2021 5706; x_wconf 85' lang='grc' dir='ltr'><strong>διά</strong></span> 
     </span>
    </p>
   </div>
   <div class='ocr_carea' id='block_1_63' title="bbox 349 5725 2018 5812">
    <p class='ocr_par' dir='ltr' id='par_1_63' title="bbox 349 5725 2018 5812">
     <span class='ocr_line' id='line_1_63' title="bbox 349 5725 2018 5812; baseline 0.011 -38"><span class='ocrx_word' id='word_1_491' title='bbox 349 5725 451 5793; x_wconf 84' lang='grc' dir='ltr'><strong>τῆς</strong></span> <span class='ocrx_word' id='word_1_492' title='bbox 483 5727 689 5790; x_wconf 85' lang='grc' dir='ltr'><strong>οἰκείας</strong></span> <span class='ocrx_word' id='word_1_493' title='bbox 711 5729 943 5801; x_wconf 71' lang='grc' dir='ltr'><strong>ἠδυνήθη</strong></span> <span class='ocrx_word' id='word_1_494' title='bbox 967 5734 1168 5804; x_wconf 83' lang='grc' dir='ltr'><strong>ἀρετῆς</strong></span> <span class='ocrx_word' id='word_1_495' title='bbox 1203 5736 1295 5787; x_wconf 76' lang='grc' dir='ltr'><strong>καὶ</strong></span> <span class='ocrx_word' id='word_1_496' title='bbox 1331 5736 1432 5804; x_wconf 81' lang='grc' dir='ltr'><strong>τῆς</strong></span> <span class='ocrx_word' id='word_1_497' title='bbox 1465 5737 1891 5808; x_wconf 74' lang='grc' dir='ltr'><strong>ἀγανακτήσεως</strong></span> <span class='ocrx_word' id='word_1_498' title='bbox 1923 5741 2018 5812; x_wconf 78' lang='grc' dir='ltr'><strong>τὴν</strong></span> 
     </span>
    </p>
   </div>
   <div class='ocr_carea' id='block_1_64' title="bbox 350 5813 2017 5891">
    <p class='ocr_par' dir='ltr' id='par_1_64' title="bbox 350 5813 2017 5891">
     <span class='ocr_line' id='line_1_64' title="bbox 350 5813 2017 5891; baseline 0.01 -29"><span class='ocrx_word' id='word_1_499' title='bbox 350 5814 551 5879; x_wconf 74' lang='grc' dir='ltr'><strong>πεῖραν</strong></span> <span class='ocrx_word' id='word_1_500' title='bbox 578 5813 879 5884; x_wconf 87' lang='grc' dir='ltr'><strong>διαφυγεῖν,</strong></span> <span class='ocrx_word' id='word_1_501' title='bbox 927 5821 1021 5872; x_wconf 85' lang='grc' dir='ltr'><strong>καὶ</strong></span> <span class='ocrx_word' id='word_1_502' title='bbox 1062 5821 1262 5888; x_wconf 84' lang='grc' dir='ltr'><strong>πολλὴν</strong></span> <span class='ocrx_word' id='word_1_503' title='bbox 1289 5821 1386 5889; x_wconf 79' lang='grc' dir='ltr'><strong>τὴν</strong></span> <span class='ocrx_word' id='word_1_504' title='bbox 1415 5822 1543 5891; x_wconf 85' lang='grc' dir='ltr'><strong>παρ’</strong></span> <span class='ocrx_word' id='word_1_505' title='bbox 1595 5824 1763 5875; x_wconf 86' lang='grc' dir='ltr'><strong>αὐτοῦ</strong></span> <span class='ocrx_word' id='word_1_506' title='bbox 1809 5825 2017 5879; x_wconf 78' lang='grc' dir='ltr'><strong>εὔνοιαν</strong></span> 
     </span>
    </p>
   </div>
   <div class='ocr_carea' id='block_1_65' title="bbox 351 5895 2015 5986">
    <p class='ocr_par' dir='ltr' id='par_1_65' title="bbox 351 5895 2015 5986">
     <span class='ocr_line' id='line_1_65' title="bbox 351 5895 2015 5986; baseline 0.008 -35"><span class='ocrx_word' id='word_1_507' title='bbox 351 5895 768 5965; x_wconf 64' lang='grc' dir='ltr'><strong>ἐφελκύσατθαι.</strong></span> <span class='ocrx_word' id='word_1_508' title='bbox 801 5903 904 5959; x_wconf 76' lang='grc' dir='ltr'><strong>Καὶ</strong></span> <span class='ocrx_word' id='word_1_509' title='bbox 927 5910 972 5959; x_wconf 85' lang='grc' dir='ltr'><strong>εἰ</strong></span> <span class='ocrx_word' id='word_1_510' title='bbox 1007 5907 1207 5978; x_wconf 77' lang='grc' dir='ltr'><strong>βούλει,</strong></span> <span class='ocrx_word' id='word_1_511' title='bbox 1240 5907 1372 5970; x_wconf 84' lang='grc' dir='ltr'><strong>τέως</strong></span> <span class='ocrx_word' id='word_1_512' title='bbox 1397 5909 1522 5979; x_wconf 73' lang='grc' dir='ltr'><strong>περὶ</strong></span> <span class='ocrx_word' id='word_1_513' title='bbox 1547 5909 1649 5961; x_wconf 87' lang='grc' dir='ltr'><strong>τῶν</strong></span> <span class='ocrx_word' id='word_1_514' title='bbox 1680 5912 1736 5964; x_wconf 83' lang='grc' dir='ltr'><strong>ἐν</strong></span> <span class='ocrx_word' id='word_1_515' title='bbox 1772 5912 1853 5983; x_wconf 81' lang='grc' dir='ltr'><strong>τῷ·</strong></span> <span class='ocrx_word' id='word_1_516' title='bbox 1875 5931 2015 5986; x_wconf 64' lang='grc' dir='ltr'><strong>παρη</strong></span> 
     </span>
    </p>
   </div>
   <div class='ocr_carea' id='block_1_66' title="bbox 1196 293 3058 369">
    <p class='ocr_par' dir='ltr' id='par_1_66' title="bbox 1196 293 3058 369">
     <span class='ocr_line' id='line_1_66' title="bbox 1196 293 3058 369; baseline -0.008 -1"><span class='ocrx_word' id='word_1_517' title='bbox 1196 314 1253 369; x_wconf 90' lang='lat' dir='ltr'><strong>S.</strong></span> <span class='ocrx_word' id='word_1_518' title='bbox 1294 309 1578 366; x_wconf 70' lang='lat' dir='ltr'><strong>JOANNIS</strong></span> <span class='ocrx_word' id='word_1_519' title='bbox 1621 304 2114 366; x_wconf 67' lang='lat' dir='ltr'><strong>CHRYSOSTOMI</strong></span> <span class='ocrx_word' id='word_1_520' title='bbox 2161 293 2475 361; x_wconf 63' lang='lat' dir='ltr'><strong>ARCHIEP.</strong></span> <span class='ocrx_word' id='word_1_521' title='bbox 2518 300 3058 360; x_wconf 71' lang='lat' dir='ltr'><strong>CONSTANTINUP.</strong></span> 
     </span>
    </p>
   </div>
   <div class='ocr_carea' id='block_1_67' title="bbox 3734 298 3839 355">
    <p class='ocr_par' dir='ltr' id='par_1_67' title="bbox 3734 298 3839 355">
     <span class='ocr_line' id='line_1_67' title="bbox 3734 298 3839 355; baseline 0.019 -2"><span class='ocrx_word' id='word_1_522' title='bbox 3734 298 3839 355; x_wconf 75' lang='lat' dir='ltr'><strong>I98</strong></span> 
     </span>
    </p>
   </div>
   <div class='ocr_carea' id='block_1_68' title="bbox 2169 413 3842 492">
    <p class='ocr_par' dir='ltr' id='par_1_68' title="bbox 2169 413 3842 492">
     <span class='ocr_line' id='line_1_68' title="bbox 2169 413 3842 492; baseline -0.002 -18"><span class='ocrx_word' id='word_1_523' title='bbox 2169 421 2284 474; x_wconf 86' lang='grc' dir='ltr'><strong>όντι</strong></span> <span class='ocrx_word' id='word_1_524' title='bbox 2317 421 2417 492; x_wconf 84' lang='grc' dir='ltr'><strong>βίῳ</strong></span> <span class='ocrx_word' id='word_1_525' title='bbox 2440 419 2826 490; x_wconf 86' lang='grc' dir='ltr'><strong>διαλεχθῶμεν.</strong></span> <span class='ocrx_word' id='word_1_526' title='bbox 2856 418 3014 478; x_wconf 85' lang='grc' dir='ltr'><strong>Ἴσως</strong></span> <span class='ocrx_word' id='word_1_527' title='bbox 3037 414 3142 488; x_wconf 90' lang='grc' dir='ltr'><strong>γάρ</strong></span> <span class='ocrx_word' id='word_1_528' title='bbox 3165 430 3307 476; x_wconf 84' lang='grc' dir='ltr'><strong>τινες</strong></span> <span class='ocrx_word' id='word_1_529' title='bbox 3329 415 3442 476; x_wconf 86' lang='grc' dir='ltr'><strong>τοῖς</strong></span> <span class='ocrx_word' id='word_1_530' title='bbox 3475 413 3724 485; x_wconf 88' lang='grc' dir='ltr'><strong>μέλλουσι</strong></span> <span class='ocrx_word' id='word_1_531' title='bbox 3742 421 3842 472; x_wconf 80' lang='grc' dir='ltr'><strong>καὶ</strong></span> 
     </span>
    </p>
   </div>
   <div class='ocr_carea' id='block_1_69' title="bbox 2174 500 3845 578">
    <p class='ocr_par' dir='ltr' id='par_1_69' title="bbox 2174 500 3845 578">
     <span class='ocr_line' id='line_1_69' title="bbox 2174 500 3845 578; baseline -0.002 -18"><span class='ocrx_word' id='word_1_532' title='bbox 2174 508 2247 577; x_wconf 84' lang='grc' dir='ltr'><strong>μὴ</strong></span> <span class='ocrx_word' id='word_1_533' title='bbox 2276 508 2573 578; x_wconf 84' lang='grc' dir='ltr'><strong>ὁρωμένοις</strong></span> <span class='ocrx_word' id='word_1_534' title='bbox 2602 503 2993 560; x_wconf 87' lang='grc' dir='ltr'><strong>διαπιστοῦσιν.</strong></span> <span class='ocrx_word' id='word_1_535' title='bbox 3032 500 3260 570; x_wconf 88' lang='grc' dir='ltr'><strong>’Ἱδωμεν</strong></span> <span class='ocrx_word' id='word_1_536' title='bbox 3289 501 3469 553; x_wconf 78' lang='grc' dir='ltr'><strong>τοίνυν</strong></span> <span class='ocrx_word' id='word_1_537' title='bbox 3503 501 3566 554; x_wconf 87' lang='grc' dir='ltr'><strong>ἐκ</strong></span> <span class='ocrx_word' id='word_1_538' title='bbox 3609 501 3718 553; x_wconf 87' lang='grc' dir='ltr'><strong>τῶν</strong></span> <span class='ocrx_word' id='word_1_539' title='bbox 3753 507 3845 556; x_wconf 80' lang='grc' dir='ltr'><strong>ἐν·</strong></span> 
     </span>
    </p>
   </div>
   <div class='ocr_carea' id='block_1_70' title="bbox 2169 585 3844 662">
    <p class='ocr_par' dir='ltr' id='par_1_70' title="bbox 2169 585 3844 662">
     <span class='ocr_line' id='line_1_70' title="bbox 2169 585 3844 662; baseline -0.004 -16"><span class='ocrx_word' id='word_1_540' title='bbox 2169 591 2342 646; x_wconf 84' lang='grc' dir='ltr'><strong>ταῦθα</strong></span> <span class='ocrx_word' id='word_1_541' title='bbox 2362 591 2683 662; x_wconf 86' lang='grc' dir='ltr'><strong>γινομένων,</strong></span> <span class='ocrx_word' id='word_1_542' title='bbox 2717 589 2840 641; x_wconf 86' lang='grc' dir='ltr'><strong>τίνα</strong></span> <span class='ocrx_word' id='word_1_543' title='bbox 2869 587 2965 656; x_wconf 83' lang='grc' dir='ltr'><strong>μὲν</strong></span> <span class='ocrx_word' id='word_1_544' title='bbox 2987 587 3112 649; x_wconf 74' lang='grc' dir='ltr'><strong>τοὺς</strong></span> <span class='ocrx_word' id='word_1_545' title='bbox 3145 585 3279 658; x_wconf 77' lang='grc' dir='ltr'><strong>πρὸς</strong></span> <span class='ocrx_word' id='word_1_546' title='bbox 3306 585 3403 657; x_wconf 79' lang='grc' dir='ltr'><strong>τὴν</strong></span> <span class='ocrx_word' id='word_1_547' title='bbox 3451 588 3651 640; x_wconf 85' lang='grc' dir='ltr'><strong>κακίαν</strong></span> <span class='ocrx_word' id='word_1_548' title='bbox 3679 589 3844 642; x_wconf 88' lang='grc' dir='ltr'><strong>αὐτο-</strong></span> 
     </span>
    </p>
   </div>
   <div class='ocr_carea' id='block_1_71' title="bbox 2169 672 3850 749">
    <p class='ocr_par' dir='ltr' id='par_1_71' title="bbox 2169 672 3850 749">
     <span class='ocr_line' id='line_1_71' title="bbox 2169 672 3850 749; baseline -0.002 -18"><span class='ocrx_word' id='word_1_549' title='bbox 2169 679 2509 749; x_wconf 85' lang='grc' dir='ltr'><strong>μολήσαντας</strong></span> <span class='ocrx_word' id='word_1_550' title='bbox 2545 676 2834 741; x_wconf 78' lang='grc' dir='ltr'><strong>διεδέξατο,</strong></span> <span class='ocrx_word' id='word_1_551' title='bbox 2869 675 3029 728; x_wconf 91' lang='grc' dir='ltr'><strong>τίνων</strong></span> <span class='ocrx_word' id='word_1_552' title='bbox 3067 672 3123 726; x_wconf 81' lang='grc' dir='ltr'><strong>δὲ</strong></span> <span class='ocrx_word' id='word_1_553' title='bbox 3150 673 3178 725; x_wconf 87' lang='grc' dir='ltr'><strong>ό</strong></span> <span class='ocrx_word' id='word_1_554' title='bbox 3226 673 3323 744; x_wconf 81' lang='grc' dir='ltr'><strong>τὴν</strong></span> <span class='ocrx_word' id='word_1_555' title='bbox 3352 673 3551 745; x_wconf 84' lang='grc' dir='ltr'><strong>ἀρετὴν</strong></span> <span class='ocrx_word' id='word_1_556' title='bbox 3584 675 3850 745; x_wconf 81' lang='grc' dir='ltr'><strong>ἑλόμενος</strong></span> 
     </span>
    </p>
   </div>
   <div class='ocr_carea' id='block_1_72' title="bbox 2171 762 3844 834">
    <p class='ocr_par' dir='ltr' id='par_1_72' title="bbox 2171 762 3844 834">
     <span class='ocr_line' id='line_1_72' title="bbox 2171 762 3844 834; baseline -0.001 -16"><span class='ocrx_word' id='word_1_557' title='bbox 2171 765 2394 834; x_wconf 73' lang='grc' dir='ltr'><strong>ἠξιώθη.</strong></span> <span class='ocrx_word' id='word_1_558' title='bbox 2436 764 2650 834; x_wconf 80' lang='grc' dir='ltr'><strong>Ἐπειδὴ</strong></span> <span class='ocrx_word' id='word_1_559' title='bbox 2680 765 2789 834; x_wconf 85' lang='grc' dir='ltr'><strong>γὰρ</strong></span> <span class='ocrx_word' id='word_1_560' title='bbox 2809 763 2897 816; x_wconf 88' lang='grc' dir='ltr'><strong>διὰ</strong></span> <span class='ocrx_word' id='word_1_561' title='bbox 2912 764 3013 832; x_wconf 80' lang='grc' dir='ltr'><strong>τὴν</strong></span> <span class='ocrx_word' id='word_1_562' title='bbox 3044 762 3244 834; x_wconf 83' lang='grc' dir='ltr'><strong>πολλὴν</strong></span> <span class='ocrx_word' id='word_1_563' title='bbox 3271 762 3369 833; x_wconf 84' lang='grc' dir='ltr'><strong>τῆς</strong></span> <span class='ocrx_word' id='word_1_564' title='bbox 3416 765 3613 831; x_wconf 80' lang='grc' dir='ltr'><strong>κακίας</strong></span> <span class='ocrx_word' id='word_1_565' title='bbox 3647 763 3844 817; x_wconf 84' lang='grc' dir='ltr'><strong>ἐπίτα-</strong></span> 
     </span>
    </p>
   </div>
   <div class='ocr_carea' id='block_1_73' title="bbox 2172 849 3841 923">
    <p class='ocr_par' dir='ltr' id='par_1_73' title="bbox 2172 849 3841 923">
     <span class='ocr_line' id='line_1_73' title="bbox 2172 849 3841 923; baseline 0.001 -19"><span class='ocrx_word' id='word_1_566' title='bbox 2172 869 2256 904; x_wconf 86' lang='grc' dir='ltr'><strong>σιν</strong></span> <span class='ocrx_word' id='word_1_567' title='bbox 2295 853 2612 923; x_wconf 84' lang='grc' dir='ltr'><strong>ἀπεφήνατο</strong></span> <span class='ocrx_word' id='word_1_568' title='bbox 2642 853 2669 904; x_wconf 82' lang='grc' dir='ltr'>ὁ</span> <span class='ocrx_word' id='word_1_569' title='bbox 2701 850 2903 918; x_wconf 81' lang='grc' dir='ltr'><strong>ἀγαθὸς</strong></span> <span class='ocrx_word' id='word_1_570' title='bbox 2951 850 3083 913; x_wconf 85' lang='grc' dir='ltr'><strong>Θεὸς</strong></span> <span class='ocrx_word' id='word_1_571' title='bbox 3140 849 3484 920; x_wconf 83' lang='grc' dir='ltr'><strong>πανωλεθρίᾳ</strong></span> <span class='ocrx_word' id='word_1_572' title='bbox 3517 849 3575 902; x_wconf 78' lang='grc' dir='ltr'><strong>τὸ</strong></span> <span class='ocrx_word' id='word_1_573' title='bbox 3609 849 3715 904; x_wconf 89' lang='grc' dir='ltr'><strong>τῶν</strong></span> <span class='ocrx_word' id='word_1_574' title='bbox 3744 852 3841 905; x_wconf 83' lang='grc' dir='ltr'><strong>ἀν⁶</strong></span> 
     </span>
    </p>
   </div>
   <div class='ocr_carea' id='block_1_74' title="bbox 2169 934 3844 1008">
    <p class='ocr_par' dir='ltr' id='par_1_74' title="bbox 2169 934 3844 1008">
     <span class='ocr_line' id='line_1_74' title="bbox 2169 934 3844 1008; baseline 0.001 -18"><span class='ocrx_word' id='word_1_575' title='bbox 2169 939 2400 1008; x_wconf 81' lang='grc' dir='ltr'><strong>θρώπων</strong></span> <span class='ocrx_word' id='word_1_576' title='bbox 2459 939 2614 1007; x_wconf 86' lang='grc' dir='ltr'><strong>γένος</strong></span> <span class='ocrx_word' id='word_1_577' title='bbox 2672 938 3075 1000; x_wconf 85' lang='grc' dir='ltr'><strong>καταδικάσειν,</strong></span> <span class='ocrx_word' id='word_1_578' title='bbox 3114 934 3302 1000; x_wconf 84' lang='grc' dir='ltr'><strong>είπὼν,</strong></span> <span class='ocrx_word' id='word_1_579' title='bbox 3349 935 3683 1005; x_wconf 67' lang='grc' dir='ltr'><strong>Ἀπιιλείψω</strong></span> <span class='ocrx_word' id='word_1_580' title='bbox 3732 939 3844 991; x_wconf 70' lang='grc' dir='ltr'><strong>τὸν</strong></span> 
     </span>
    </p>
   </div>
   <div class='ocr_carea' id='block_1_75' title="bbox 2167 1021 3840 1094">
    <p class='ocr_par' dir='ltr' id='par_1_75' title="bbox 2167 1021 3840 1094">
     <span class='ocr_line' id='line_1_75' title="bbox 2167 1021 3840 1094; baseline 0 -16"><span class='ocrx_word' id='word_1_581' title='bbox 2167 1026 2499 1094; x_wconf 76' lang='grc' dir='ltr'><strong>ἄνθρωπον,</strong></span> <span class='ocrx_word' id='word_1_582' title='bbox 2527 1026 2599 1080; x_wconf 81' lang='grc' dir='ltr'><strong>ὃν</strong></span> <span class='ocrx_word' id='word_1_583' title='bbox 2622 1027 2902 1093; x_wconf 70' lang='grc' dir='ltr'><strong>ἐποίησα,</strong></span> <span class='ocrx_word' id='word_1_584' title='bbox 2939 1023 3059 1079; x_wconf 79' lang='grc' dir='ltr'><strong>ἀπὸ</strong></span> <span class='ocrx_word' id='word_1_585' title='bbox 3093 1022 3416 1091; x_wconf 77' lang='grc' dir='ltr'><strong>προσώπου</strong></span> <span class='ocrx_word' id='word_1_586' title='bbox 3446 1021 3555 1091; x_wconf 80' lang='grc' dir='ltr'><strong>τῆς</strong></span> <span class='ocrx_word' id='word_1_587' title='bbox 3584 1023 3714 1094; x_wconf 81' lang='grc' dir='ltr'><strong>γῆς.</strong></span> <span class='ocrx_word' id='word_1_588' title='bbox 3743 1027 3840 1079; x_wconf 56' lang='lat' dir='ltr'><strong>aut</strong></span> 
     </span>
    </p>
   </div>
   <div class='ocr_carea' id='block_1_76' title="bbox 2165 1109 3842 1183">
    <p class='ocr_par' dir='ltr' id='par_1_76' title="bbox 2165 1109 3842 1183">
     <span class='ocr_line' id='line_1_76' title="bbox 2165 1109 3842 1183; baseline 0.002 -22"><span class='ocrx_word' id='word_1_589' title='bbox 2165 1109 2376 1175; x_wconf 81' lang='grc' dir='ltr'><strong>δεικνὺς</strong></span> <span class='ocrx_word' id='word_1_590' title='bbox 2402 1113 2500 1183; x_wconf 83' lang='grc' dir='ltr'><strong>τῆς</strong></span> <span class='ocrx_word' id='word_1_591' title='bbox 2523 1113 2944 1181; x_wconf 85' lang='grc' dir='ltr'><strong>ἀγανακτήσεως</strong></span> <span class='ocrx_word' id='word_1_592' title='bbox 2965 1110 3126 1164; x_wconf 87' lang='grc' dir='ltr'><strong>αὐτοῦ</strong></span> <span class='ocrx_word' id='word_1_593' title='bbox 3146 1110 3242 1180; x_wconf 81' lang='grc' dir='ltr'><strong>τὴν</strong></span> <span class='ocrx_word' id='word_1_594' title='bbox 3260 1109 3584 1181; x_wconf 75' lang='grc' dir='ltr'><strong>ὑπερϐολήν,</strong></span> <span class='ocrx_word' id='word_1_595' title='bbox 3609 1111 3670 1163; x_wconf 86' lang='grc' dir='ltr'><strong>οὐ</strong></span> <span class='ocrx_word' id='word_1_596' title='bbox 3693 1111 3842 1165; x_wconf 69' lang='grc' dir='ltr'><strong>κατὰ</strong></span> 
     </span>
    </p>
   </div>
   <div class='ocr_carea' id='block_1_77' title="bbox 2163 1196 3838 1270">
    <p class='ocr_par' dir='ltr' id='par_1_77' title="bbox 2163 1196 3838 1270">
     <span class='ocr_line' id='line_1_77' title="bbox 2163 1196 3838 1270; baseline 0.001 -21"><span class='ocrx_word' id='word_1_597' title='bbox 2163 1197 2256 1249; x_wconf 88' lang='grc' dir='ltr'><strong>τοῦ</strong></span> <span class='ocrx_word' id='word_1_598' title='bbox 2288 1197 2395 1250; x_wconf 92' lang='grc' dir='ltr'><strong>τῶν</strong></span> <span class='ocrx_word' id='word_1_599' title='bbox 2424 1196 2730 1270; x_wconf 88' lang='grc' dir='ltr'><strong>ἀνθρώπων</strong></span> <span class='ocrx_word' id='word_1_600' title='bbox 2762 1197 2951 1266; x_wconf 83' lang='grc' dir='ltr'><strong>γένους</strong></span> <span class='ocrx_word' id='word_1_601' title='bbox 2985 1197 3145 1266; x_wconf 88' lang='grc' dir='ltr'><strong>μόνον</strong></span> <span class='ocrx_word' id='word_1_602' title='bbox 3175 1199 3274 1268; x_wconf 80' lang='grc' dir='ltr'><strong>τὴν</strong></span> <span class='ocrx_word' id='word_1_603' title='bbox 3311 1197 3584 1264; x_wconf 74' lang='grc' dir='ltr'><strong>ἀπόφασιν</strong></span> <span class='ocrx_word' id='word_1_604' title='bbox 3617 1197 3838 1268; x_wconf 84' lang='grc' dir='ltr'><strong>ἐξήνεγ-</strong></span> 
     </span>
    </p>
   </div>
   <div class='ocr_carea' id='block_1_78' title="bbox 2165 1284 3839 1356">
    <p class='ocr_par' dir='ltr' id='par_1_78' title="bbox 2165 1284 3839 1356">
     <span class='ocr_line' id='line_1_78' title="bbox 2165 1284 3839 1356; baseline 0.001 -18"><span class='ocrx_word' id='word_1_605' title='bbox 2165 1302 2282 1348; x_wconf 85' lang='grc' dir='ltr'><strong>κεν,</strong></span> <span class='ocrx_word' id='word_1_606' title='bbox 2309 1284 2446 1338; x_wconf 86' lang='grc' dir='ltr'><strong>ἀλλά</strong></span> <span class='ocrx_word' id='word_1_607' title='bbox 2475 1287 2570 1338; x_wconf 74' lang='grc' dir='ltr'><strong>καὶ</strong></span> <span class='ocrx_word' id='word_1_608' title='bbox 2594 1285 2735 1339; x_wconf 88' lang='grc' dir='ltr'><strong>κατά</strong></span> <span class='ocrx_word' id='word_1_609' title='bbox 2766 1285 2980 1338; x_wconf 85' lang='grc' dir='ltr'><strong>πάντων</strong></span> <span class='ocrx_word' id='word_1_610' title='bbox 3004 1285 3111 1337; x_wconf 92' lang='grc' dir='ltr'><strong>τῶν</strong></span> <span class='ocrx_word' id='word_1_611' title='bbox 3139 1284 3372 1353; x_wconf 89' lang='grc' dir='ltr'><strong>κτηνῶν,</strong></span> <span class='ocrx_word' id='word_1_612' title='bbox 3405 1285 3498 1337; x_wconf 77' lang='grc' dir='ltr'><strong>καὶ</strong></span> <span class='ocrx_word' id='word_1_613' title='bbox 3531 1284 3638 1338; x_wconf 90' lang='grc' dir='ltr'><strong>τῶν</strong></span> <span class='ocrx_word' id='word_1_614' title='bbox 3670 1287 3839 1356; x_wconf 82' lang='grc' dir='ltr'><strong>ἐρπε-</strong></span> 
     </span>
    </p>
   </div>
   <div class='ocr_carea' id='block_1_79' title="bbox 2161 1371 3840 1444">
    <p class='ocr_par' dir='ltr' id='par_1_79' title="bbox 2161 1371 3840 1444">
     <span class='ocr_line' id='line_1_79' title="bbox 2161 1371 3840 1444; baseline 0 -18"><span class='ocrx_word' id='word_1_615' title='bbox 2161 1374 2291 1436; x_wconf 85' lang='grc' dir='ltr'><strong>τῶν,</strong></span> <span class='ocrx_word' id='word_1_616' title='bbox 2329 1375 2424 1426; x_wconf 71' lang='grc' dir='ltr'><strong>καὶ</strong></span> <span class='ocrx_word' id='word_1_617' title='bbox 2471 1373 2580 1426; x_wconf 89' lang='grc' dir='ltr'><strong>τῶν</strong></span> <span class='ocrx_word' id='word_1_618' title='bbox 2624 1371 2885 1426; x_wconf 89' lang='grc' dir='ltr'><strong>πετεινῶν</strong></span> <span class='ocrx_word' id='word_1_619' title='bbox 2911 1390 2926 1405; x_wconf 77' lang='grc' dir='ltr'><strong>ο</strong></span> <span class='ocrx_word' id='word_1_620' title='bbox 2976 1372 3084 1424; x_wconf 90' lang='grc' dir='ltr'><strong>τῶν</strong></span> <span class='ocrx_word' id='word_1_621' title='bbox 3127 1373 3236 1443; x_wconf 78' lang='grc' dir='ltr'><strong>γὰρ</strong></span> <span class='ocrx_word' id='word_1_622' title='bbox 3287 1372 3608 1444; x_wconf 88' lang='grc' dir='ltr'><strong>ἀνθρώπων,</strong></span> <span class='ocrx_word' id='word_1_623' title='bbox 3648 1373 3717 1426; x_wconf 79' lang='grc' dir='ltr'><strong>δι’</strong></span> <span class='ocrx_word' id='word_1_624' title='bbox 3743 1373 3840 1438; x_wconf 79' lang='grc' dir='ltr'><strong>οὓς</strong></span> 
     </span>
    </p>
   </div>
   <div class='ocr_carea' id='block_1_80' title="bbox 2161 1458 3837 1532">
    <p class='ocr_par' dir='ltr' id='par_1_80' title="bbox 2161 1458 3837 1532">
     <span class='ocr_line' id='line_1_80' title="bbox 2161 1458 3837 1532; baseline -0.001 -17"><span class='ocrx_word' id='word_1_625' title='bbox 2161 1460 2330 1515; x_wconf 86' lang='grc' dir='ltr'><strong>ταῦτα</strong></span> <span class='ocrx_word' id='word_1_626' title='bbox 2365 1460 2647 1532; x_wconf 85' lang='grc' dir='ltr'><strong>παρήχθη,</strong></span> <span class='ocrx_word' id='word_1_627' title='bbox 2675 1459 3008 1513; x_wconf 83' lang='grc' dir='ltr'><strong>ἀπόλλυσθαι</strong></span> <span class='ocrx_word' id='word_1_628' title='bbox 3035 1459 3184 1531; x_wconf 72' lang='lat'><strong>[207]</strong></span> <span class='ocrx_word' id='word_1_629' title='bbox 3219 1458 3541 1528; x_wconf 86' lang='grc' dir='ltr'><strong>μελλόντων,</strong></span> <span class='ocrx_word' id='word_1_630' title='bbox 3576 1460 3672 1513; x_wconf 76' lang='grc' dir='ltr'><strong>καὶ</strong></span> <span class='ocrx_word' id='word_1_631' title='bbox 3703 1461 3837 1513; x_wconf 88' lang='grc' dir='ltr'><strong>ὐπο-</strong></span> 
     </span>
    </p>
   </div>
   <div class='ocr_carea' id='block_1_81' title="bbox 2162 1545 3837 1618">
    <p class='ocr_par' dir='ltr' id='par_1_81' title="bbox 2162 1545 3837 1618">
     <span class='ocr_line' id='line_1_81' title="bbox 2162 1545 3837 1618; baseline 0.001 -20"><span class='ocrx_word' id='word_1_632' title='bbox 2162 1547 2398 1618; x_wconf 86' lang='grc' dir='ltr'><strong>6ρυχίων</strong></span> <span class='ocrx_word' id='word_1_633' title='bbox 2448 1547 2711 1615; x_wconf 84' lang='grc' dir='ltr'><strong>γίνεσθαι,</strong></span> <span class='ocrx_word' id='word_1_634' title='bbox 2775 1545 3000 1608; x_wconf 82' lang='grc' dir='ltr'><strong>εἰκότως</strong></span> <span class='ocrx_word' id='word_1_635' title='bbox 3034 1546 3127 1598; x_wconf 80' lang='grc' dir='ltr'><strong>καὶ</strong></span> <span class='ocrx_word' id='word_1_636' title='bbox 3178 1545 3352 1598; x_wconf 87' lang='grc' dir='ltr'><strong>ταῦτα</strong></span> <span class='ocrx_word' id='word_1_637' title='bbox 3407 1547 3506 1615; x_wconf 80' lang='grc' dir='ltr'><strong>τῆς</strong></span> <span class='ocrx_word' id='word_1_638' title='bbox 3563 1546 3837 1618; x_wconf 84' lang='grc' dir='ltr'><strong>τιμωρίας</strong></span> 
     </span>
    </p>
   </div>
   <div class='ocr_carea' id='block_1_82' title="bbox 2162 1630 3834 1706">
    <p class='ocr_par' dir='ltr' id='par_1_82' title="bbox 2162 1630 3834 1706">
     <span class='ocr_line' id='line_1_82' title="bbox 2162 1630 3834 1706; baseline 0.002 -22"><span class='ocrx_word' id='word_1_639' title='bbox 2162 1633 2600 1704; x_wconf 81' lang='grc' dir='ltr'><strong>συναπήλαυσεν’</strong></span> <span class='ocrx_word' id='word_1_640' title='bbox 2633 1634 2818 1704; x_wconf 79' lang='grc' dir='ltr'><strong>ἐπειδὴ</strong></span> <span class='ocrx_word' id='word_1_641' title='bbox 2856 1630 2949 1688; x_wconf 82' lang='grc' dir='ltr'><strong>οὖν</strong></span> <span class='ocrx_word' id='word_1_642' title='bbox 2985 1636 3018 1704; x_wconf 86' lang='grc' dir='ltr'><strong>ή</strong></span> <span class='ocrx_word' id='word_1_643' title='bbox 3051 1634 3322 1701; x_wconf 86' lang='grc' dir='ltr'><strong>ἀπόφασις</strong></span> <span class='ocrx_word' id='word_1_644' title='bbox 3349 1633 3599 1705; x_wconf 87' lang='grc' dir='ltr'><strong>ἀόριστος</strong></span> <span class='ocrx_word' id='word_1_645' title='bbox 3619 1631 3708 1706; x_wconf 79' lang='grc' dir='ltr'><strong>ἦν,</strong></span> <span class='ocrx_word' id='word_1_646' title='bbox 3739 1637 3834 1688; x_wconf 76' lang='grc' dir='ltr'><strong>καὶ</strong></span> 
     </span>
    </p>
   </div>
   <div class='ocr_carea' id='block_1_83' title="bbox 2072 1721 3836 1793">
    <p class='ocr_par' dir='ltr' id='par_1_83' title="bbox 2072 1721 3836 1793">
     <span class='ocr_line' id='line_1_83' title="bbox 2072 1721 3836 1793; baseline 0.001 -21"><span class='ocrx_word' id='word_1_647' title='bbox 2072 1733 2082 1742; x_wconf 94' lang='grc'>·</span> <span class='ocrx_word' id='word_1_648' title='bbox 2159 1721 2414 1790; x_wconf 76' lang='grc' dir='ltr'><strong>οὐδεμίαν</strong></span> <span class='ocrx_word' id='word_1_649' title='bbox 2452 1721 2648 1791; x_wconf 82' lang='grc' dir='ltr'><strong>έχουσα</strong></span> <span class='ocrx_word' id='word_1_650' title='bbox 2677 1723 2962 1792; x_wconf 84' lang='grc' dir='ltr'><strong>διαίρεσιν.</strong></span> <span class='ocrx_word' id='word_1_651' title='bbox 2999 1722 3087 1775; x_wconf 83' lang='grc' dir='ltr'><strong>ἵνα</strong></span> <span class='ocrx_word' id='word_1_652' title='bbox 3125 1721 3304 1792; x_wconf 78' lang='grc' dir='ltr'><strong>μάθῃς</strong></span> <span class='ocrx_word' id='word_1_653' title='bbox 3345 1721 3406 1776; x_wconf 81' lang='grc' dir='ltr'><strong>τὺ</strong></span> <span class='ocrx_word' id='word_1_654' title='bbox 3437 1723 3836 1793; x_wconf 86' lang='grc' dir='ltr'><strong>ἀπροσωπόλη-</strong></span> 
     </span>
    </p>
   </div>
   <div class='ocr_carea' id='block_1_84' title="bbox 2160 1807 3833 1879">
    <p class='ocr_par' dir='ltr' id='par_1_84' title="bbox 2160 1807 3833 1879">
     <span class='ocr_line' id='line_1_84' title="bbox 2160 1807 3833 1879; baseline 0.001 -21"><span class='ocrx_word' id='word_1_655' title='bbox 2160 1824 2290 1859; x_wconf 88' lang='grc' dir='ltr'><strong>πτον</strong></span> <span class='ocrx_word' id='word_1_656' title='bbox 2316 1807 2412 1859; x_wconf 88' lang='grc' dir='ltr'><strong>τοῦ</strong></span> <span class='ocrx_word' id='word_1_657' title='bbox 2443 1807 2601 1870; x_wconf 82' lang='grc' dir='ltr'><strong>Θεοῦ,</strong></span> <span class='ocrx_word' id='word_1_658' title='bbox 2629 1809 2724 1862; x_wconf 78' lang='grc' dir='ltr'><strong>καὶ</strong></span> <span class='ocrx_word' id='word_1_659' title='bbox 2755 1811 2836 1860; x_wconf 83' lang='grc' dir='ltr'><strong>ὅτι</strong></span> <span class='ocrx_word' id='word_1_660' title='bbox 2882 1810 3002 1871; x_wconf 87' lang='grc' dir='ltr'><strong>ταῖς</strong></span> <span class='ocrx_word' id='word_1_661' title='bbox 3053 1808 3305 1879; x_wconf 88' lang='grc' dir='ltr'><strong>καρδίαις</strong></span> <span class='ocrx_word' id='word_1_662' title='bbox 3355 1810 3476 1870; x_wconf 86' lang='grc' dir='ltr'><strong>ταῖς</strong></span> <span class='ocrx_word' id='word_1_663' title='bbox 3531 1809 3833 1878; x_wconf 76' lang='grc' dir='ltr'><strong>ἡμετέραις</strong></span> 
     </span>
    </p>
   </div>
   <div class='ocr_carea' id='block_1_85' title="bbox 2159 1886 3834 1966">
    <p class='ocr_par' dir='ltr' id='par_1_85' title="bbox 2159 1886 3834 1966">
     <span class='ocr_line' id='line_1_85' title="bbox 2159 1886 3834 1966; baseline 0.002 -21"><span class='ocrx_word' id='word_1_664' title='bbox 2159 1893 2475 1962; x_wconf 72' lang='grc' dir='ltr'><strong>ἐμϐατεύων</strong></span> <span class='ocrx_word' id='word_1_665' title='bbox 2495 1886 2684 1949; x_wconf 81' lang='grc' dir='ltr'><strong>οὐδένα</strong></span> <span class='ocrx_word' id='word_1_666' title='bbox 2709 1898 2962 1965; x_wconf 83' lang='grc' dir='ltr'><strong>περιορᾷ,</strong></span> <span class='ocrx_word' id='word_1_667' title='bbox 2990 1895 3126 1949; x_wconf 89' lang='grc' dir='ltr'><strong>ἀλλά</strong></span> <span class='ocrx_word' id='word_1_668' title='bbox 3153 1895 3253 1949; x_wconf 80' lang='grc' dir='ltr'><strong>κᾶν</strong></span> <span class='ocrx_word' id='word_1_669' title='bbox 3281 1896 3485 1966; x_wconf 89' lang='grc' dir='ltr'><strong>μικράν</strong></span> <span class='ocrx_word' id='word_1_670' title='bbox 3513 1913 3634 1949; x_wconf 88' lang='grc' dir='ltr'><strong>τινα</strong></span> <span class='ocrx_word' id='word_1_671' title='bbox 3660 1897 3834 1965; x_wconf 79' lang='grc' dir='ltr'><strong>ἀφορ-</strong></span> 
     </span>
    </p>
   </div>
   <div class='ocr_carea' id='block_1_86' title="bbox 2161 1979 3834 2054">
    <p class='ocr_par' dir='ltr' id='par_1_86' title="bbox 2161 1979 3834 2054">
     <span class='ocr_line' id='line_1_86' title="bbox 2161 1979 3834 2054; baseline 0.002 -22"><span class='ocrx_word' id='word_1_672' title='bbox 2161 1980 2267 2050; x_wconf 78' lang='grc' dir='ltr'><strong>μὴν</strong></span> <span class='ocrx_word' id='word_1_673' title='bbox 2293 1979 2430 2054; x_wconf 76' lang='grc' dir='ltr'><strong>εὕρῃ</strong></span> <span class='ocrx_word' id='word_1_674' title='bbox 2465 1984 2595 2052; x_wconf 87' lang='grc' dir='ltr'><strong>παρ’</strong></span> <span class='ocrx_word' id='word_1_675' title='bbox 2642 1983 2799 2052; x_wconf 86' lang='grc' dir='ltr'><strong>ήμῶν</strong></span> <span class='ocrx_word' id='word_1_676' title='bbox 2825 1983 3240 2053; x_wconf 85' lang='grc' dir='ltr'><strong>εἰσφερομένην,</strong></span> <span class='ocrx_word' id='word_1_677' title='bbox 3273 1983 3478 2052; x_wconf 79' lang='grc' dir='ltr'><strong>ἄφατον</strong></span> <span class='ocrx_word' id='word_1_678' title='bbox 3505 1983 3675 2036; x_wconf 82' lang='grc' dir='ltr'><strong>αὐτοῦ</strong></span> <span class='ocrx_word' id='word_1_679' title='bbox 3709 1986 3834 2036; x_wconf 85' lang='grc' dir='ltr'><strong>ἐπι-</strong></span> 
     </span>
    </p>
   </div>
   <div class='ocr_carea' id='block_1_87' title="bbox 2155 2071 3828 2145">
    <p class='ocr_par' dir='ltr' id='par_1_87' title="bbox 2155 2071 3828 2145">
     <span class='ocr_line' id='line_1_87' title="bbox 2155 2071 3828 2145; baseline 0.001 -21"><span class='ocrx_word' id='word_1_680' title='bbox 2155 2071 2427 2126; x_wconf 80' lang='grc' dir='ltr'><strong>δείκνυται</strong></span> <span class='ocrx_word' id='word_1_681' title='bbox 2468 2073 2566 2143; x_wconf 81' lang='grc' dir='ltr'><strong>τὴν</strong></span> <span class='ocrx_word' id='word_1_682' title='bbox 2596 2073 3030 2143; x_wconf 81' lang='grc' dir='ltr'><strong>φιλανθρωπίαν,</strong></span> <span class='ocrx_word' id='word_1_683' title='bbox 3086 2074 3314 2145; x_wconf 72' lang='grc' dir='ltr'><strong>φησὶνή</strong></span> <span class='ocrx_word' id='word_1_684' title='bbox 3365 2073 3575 2144; x_wconf 86' lang='grc' dir='ltr'><strong>Γραφὴ,</strong></span> <span class='ocrx_word' id='word_1_685' title='bbox 3637 2074 3726 2126; x_wconf 83' lang='grc' dir='ltr'><strong>ἵνα</strong></span> <span class='ocrx_word' id='word_1_686' title='bbox 3752 2073 3828 2143; x_wconf 81' lang='grc' dir='ltr'><strong>μὴ</strong></span> 
     </span>
    </p>
   </div>
   <div class='ocr_carea' id='block_1_88' title="bbox 2157 2159 3831 2231">
    <p class='ocr_par' dir='ltr' id='par_1_88' title="bbox 2157 2159 3831 2231">
     <span class='ocr_line' id='line_1_88' title="bbox 2157 2159 3831 2231; baseline 0.001 -20"><span class='ocrx_word' id='word_1_687' title='bbox 2157 2159 2465 2229; x_wconf 79' lang='grc' dir='ltr'><strong>νομίσωμεν</strong></span> <span class='ocrx_word' id='word_1_688' title='bbox 2523 2162 2606 2214; x_wconf 82' lang='grc' dir='ltr'><strong>ὅτι</strong></span> <span class='ocrx_word' id='word_1_689' title='bbox 2645 2161 2914 2231; x_wconf 72' lang='grc' dir='ltr'><strong>παντελὴς</strong></span> <span class='ocrx_word' id='word_1_690' title='bbox 2967 2161 3272 2230; x_wconf 82' lang='grc' dir='ltr'><strong>ἀφανισμὸς</strong></span> <span class='ocrx_word' id='word_1_691' title='bbox 3321 2161 3528 2228; x_wconf 88' lang='grc' dir='ltr'><strong>γίνεται</strong></span> <span class='ocrx_word' id='word_1_692' title='bbox 3582 2159 3676 2214; x_wconf 90' lang='grc' dir='ltr'><strong>τοῦ</strong></span> <span class='ocrx_word' id='word_1_693' title='bbox 3717 2159 3831 2213; x_wconf 89' lang='grc' dir='ltr'><strong>τῶν</strong></span> 
     </span>
    </p>
   </div>
   <div class='ocr_carea' id='block_1_89' title="bbox 2155 2241 3828 2318">
    <p class='ocr_par' dir='ltr' id='par_1_89' title="bbox 2155 2241 3828 2318">
     <span class='ocr_line' id='line_1_89' title="bbox 2155 2241 3828 2318; baseline 0.002 -22"><span class='ocrx_word' id='word_1_694' title='bbox 2155 2244 2457 2316; x_wconf 85' lang='grc' dir='ltr'><strong>ἀνθρώπων</strong></span> <span class='ocrx_word' id='word_1_695' title='bbox 2477 2248 2686 2316; x_wconf 82' lang='grc' dir='ltr'><strong>γένους,</strong></span> <span class='ocrx_word' id='word_1_696' title='bbox 2709 2247 2845 2301; x_wconf 88' lang='grc' dir='ltr'><strong>ἀλλά</strong></span> <span class='ocrx_word' id='word_1_697' title='bbox 2875 2249 3115 2318; x_wconf 87' lang='grc' dir='ltr'><strong>γνῶμεν,</strong></span> <span class='ocrx_word' id='word_1_698' title='bbox 3144 2248 3223 2300; x_wconf 86' lang='grc' dir='ltr'><strong>ὅτι</strong></span> <span class='ocrx_word' id='word_1_699' title='bbox 3251 2247 3340 2300; x_wconf 79' lang='grc' dir='ltr'><strong>διὰ</strong></span> <span class='ocrx_word' id='word_1_700' title='bbox 3368 2241 3467 2317; x_wconf 80' lang='grc' dir='ltr'><strong>τὴν</strong></span> <span class='ocrx_word' id='word_1_701' title='bbox 3494 2246 3702 2300; x_wconf 84' lang='grc' dir='ltr'><strong>οἰκείαν</strong></span> <span class='ocrx_word' id='word_1_702' title='bbox 3726 2248 3828 2300; x_wconf 82' lang='grc' dir='ltr'><strong>αὐ-</strong></span> 
     </span>
    </p>
   </div>
   <div class='ocr_carea' id='block_1_90' title="bbox 2155 2332 3830 2404">
    <p class='ocr_par' dir='ltr' id='par_1_90' title="bbox 2155 2332 3830 2404">
     <span class='ocr_line' id='line_1_90' title="bbox 2155 2332 3830 2404; baseline 0.001 -20"><span class='ocrx_word' id='word_1_703' title='bbox 2155 2332 2248 2385; x_wconf 87' lang='grc' dir='ltr'><strong>τοῦ</strong></span> <span class='ocrx_word' id='word_1_704' title='bbox 2282 2332 2594 2404; x_wconf 88' lang='grc' dir='ltr'><strong>ἀγαθότητα</strong></span> <span class='ocrx_word' id='word_1_705' title='bbox 2625 2335 2818 2403; x_wconf 85' lang='grc' dir='ltr'><strong>ἀφίησι</strong></span> <span class='ocrx_word' id='word_1_706' title='bbox 2847 2334 3119 2404; x_wconf 83' lang='grc' dir='ltr'><strong>σπινθῆρά</strong></span> <span class='ocrx_word' id='word_1_707' title='bbox 3148 2351 3269 2387; x_wconf 87' lang='grc' dir='ltr'><strong>τινα</strong></span> <span class='ocrx_word' id='word_1_708' title='bbox 3293 2334 3583 2398; x_wconf 81' lang='grc' dir='ltr'><strong>σώζεσθαι,</strong></span> <span class='ocrx_word' id='word_1_709' title='bbox 3613 2335 3706 2387; x_wconf 76' lang='grc' dir='ltr'><strong>καὶ</strong></span> <span class='ocrx_word' id='word_1_710' title='bbox 3746 2333 3830 2404; x_wconf 79' lang='grc' dir='ltr'><strong>ῥί-</strong></span> 
     </span>
    </p>
   </div>
   <div class='ocr_carea' id='block_1_91' title="bbox 2155 2418 3831 2491">
    <p class='ocr_par' dir='ltr' id='par_1_91' title="bbox 2155 2418 3831 2491">
     <span class='ocr_line' id='line_1_91' title="bbox 2155 2418 3831 2491; baseline 0.001 -19"><span class='ocrx_word' id='word_1_711' title='bbox 2155 2418 2254 2481; x_wconf 81' lang='grc' dir='ltr'><strong>ζαν</strong></span> <span class='ocrx_word' id='word_1_712' title='bbox 2281 2419 2359 2489; x_wconf 81' lang='grc' dir='ltr'><strong>τῷ</strong></span> <span class='ocrx_word' id='word_1_713' title='bbox 2383 2419 2491 2474; x_wconf 90' lang='grc' dir='ltr'><strong>τῶν</strong></span> <span class='ocrx_word' id='word_1_714' title='bbox 2523 2420 2826 2491; x_wconf 88' lang='grc' dir='ltr'><strong>ἀνθρώπων</strong></span> <span class='ocrx_word' id='word_1_715' title='bbox 2855 2422 3000 2489; x_wconf 90' lang='grc' dir='ltr'><strong>γένει</strong></span> <span class='ocrx_word' id='word_1_716' title='bbox 3019 2464 3034 2487; x_wconf 86' lang='grc'><strong>,</strong></span> <span class='ocrx_word' id='word_1_717' title='bbox 3075 2419 3216 2474; x_wconf 82' lang='grc' dir='ltr'><strong>ὥστε</strong></span> <span class='ocrx_word' id='word_1_718' title='bbox 3253 2420 3412 2474; x_wconf 87' lang='grc' dir='ltr'><strong>πάλιν</strong></span> <span class='ocrx_word' id='word_1_719' title='bbox 3451 2423 3530 2484; x_wconf 88' lang='grc' dir='ltr'><strong>εἰς</strong></span> <span class='ocrx_word' id='word_1_720' title='bbox 3581 2423 3831 2491; x_wconf 78' lang='grc' dir='ltr'><strong>μακροὺς</strong></span> 
     </span>
    </p>
   </div>
   <div class='ocr_carea' id='block_1_92' title="bbox 2154 2503 3833 2578">
    <p class='ocr_par' dir='ltr' id='par_1_92' title="bbox 2154 2503 3833 2578">
     <span class='ocr_line' id='line_1_92' title="bbox 2154 2503 3833 2578; baseline 0.001 -21"><span class='ocrx_word' id='word_1_721' title='bbox 2154 2505 2448 2574; x_wconf 78' lang='grc' dir='ltr'><strong>ἐκταθῆναι</strong></span> <span class='ocrx_word' id='word_1_722' title='bbox 2471 2507 2699 2571; x_wconf 84' lang='grc' dir='ltr'><strong>κλάδους</strong></span> <span class='ocrx_word' id='word_1_723' title='bbox 2725 2526 2738 2538; x_wconf 86' lang='grc'>·</span> <span class='ocrx_word' id='word_1_724' title='bbox 2759 2507 2893 2562; x_wconf 81' lang='grc' dir='ltr'><strong>Νῶε</strong></span> <span class='ocrx_word' id='word_1_725' title='bbox 2922 2509 3009 2573; x_wconf 81' lang='grc' dir='ltr'><strong>δὲ,</strong></span> <span class='ocrx_word' id='word_1_726' title='bbox 3051 2509 3235 2578; x_wconf 75' lang='grc' dir='ltr'><strong>φησὶν,</strong></span> <span class='ocrx_word' id='word_1_727' title='bbox 3278 2503 3416 2575; x_wconf 82' lang='grc' dir='ltr'><strong>εὗρε</strong></span> <span class='ocrx_word' id='word_1_728' title='bbox 3451 2507 3629 2577; x_wconf 76' lang='grc' dir='ltr'><strong>χάριν</strong></span> <span class='ocrx_word' id='word_1_729' title='bbox 3659 2508 3833 2560; x_wconf 79' lang='grc' dir='ltr'><strong>ἐναν-</strong></span> 
     </span>
    </p>
   </div>
   <div class='ocr_carea' id='block_1_93' title="bbox 2152 2591 2612 2646">
    <p class='ocr_par' dir='ltr' id='par_1_93' title="bbox 2152 2591 2612 2646">
     <span class='ocr_line' id='line_1_93' title="bbox 2152 2591 2612 2646; baseline 0.004 -2"><span class='ocrx_word' id='word_1_730' title='bbox 2152 2591 2282 2644; x_wconf 80' lang='grc' dir='ltr'><strong>τίον</strong></span> <span class='ocrx_word' id='word_1_731' title='bbox 2304 2592 2408 2644; x_wconf 83' lang='grc' dir='ltr'><strong>τοῦ</strong></span> <span class='ocrx_word' id='word_1_732' title='bbox 2447 2592 2612 2646; x_wconf 86' lang='grc' dir='ltr'><strong>Θεοῦ.</strong></span> 
     </span>
    </p>
   </div>
   <div class='ocr_carea' id='block_1_94' title="bbox 2221 2675 3825 2750">
    <p class='ocr_par' dir='ltr' id='par_1_94' title="bbox 2221 2675 3825 2750">
     <span class='ocr_line' id='line_1_94' title="bbox 2221 2675 3825 2750; baseline 0.004 -22"><span class='ocrx_word' id='word_1_733' title='bbox 2221 2675 2290 2747; x_wconf 83' lang='grc' dir='ltr'><strong>β’.</strong></span> <span class='ocrx_word' id='word_1_734' title='bbox 2323 2677 2522 2731; x_wconf 84' lang='grc' dir='ltr'><strong>Σκόπει</strong></span> <span class='ocrx_word' id='word_1_735' title='bbox 2545 2679 2640 2746; x_wconf 77' lang='grc' dir='ltr'><strong>τῆς</strong></span> <span class='ocrx_word' id='word_1_736' title='bbox 2669 2678 2890 2749; x_wconf 81' lang='grc' dir='ltr'><strong>Γραφῆς</strong></span> <span class='ocrx_word' id='word_1_737' title='bbox 2915 2679 3012 2750; x_wconf 78' lang='grc' dir='ltr'><strong>τὴν</strong></span> <span class='ocrx_word' id='word_1_738' title='bbox 3033 2679 3338 2750; x_wconf 74' lang='grc' dir='ltr'><strong>ἀκρίϐειαν,</strong></span> <span class='ocrx_word' id='word_1_739' title='bbox 3383 2681 3528 2744; x_wconf 83' lang='grc' dir='ltr'><strong>ὅπως</strong></span> <span class='ocrx_word' id='word_1_740' title='bbox 3556 2681 3676 2733; x_wconf 79' lang='grc' dir='ltr'><strong>οὐδὲ</strong></span> <span class='ocrx_word' id='word_1_741' title='bbox 3722 2682 3825 2749; x_wconf 84' lang='grc' dir='ltr'><strong>τὴν</strong></span> 
     </span>
    </p>
   </div>
   <div class='ocr_carea' id='block_1_95' title="bbox 2151 2763 3825 2838">
    <p class='ocr_par' dir='ltr' id='par_1_95' title="bbox 2151 2763 3825 2838">
     <span class='ocr_line' id='line_1_95' title="bbox 2151 2763 3825 2838; baseline 0.004 -24"><span class='ocrx_word' id='word_1_742' title='bbox 2151 2763 2416 2833; x_wconf 85' lang='grc' dir='ltr'><strong>τυχοῦσαν</strong></span> <span class='ocrx_word' id='word_1_743' title='bbox 2442 2763 2710 2834; x_wconf 78' lang='grc' dir='ltr'><strong>συλλαϐὴν</strong></span> <span class='ocrx_word' id='word_1_744' title='bbox 2735 2765 2882 2819; x_wconf 80' lang='grc' dir='ltr'><strong>ἐστιν</strong></span> <span class='ocrx_word' id='word_1_745' title='bbox 2905 2766 3078 2836; x_wconf 85' lang='grc' dir='ltr'><strong>εὑρεῖν</strong></span> <span class='ocrx_word' id='word_1_746' title='bbox 3095 2767 3278 2829; x_wconf 90' lang='grc' dir='ltr'><strong>ἀπλῶς</strong></span> <span class='ocrx_word' id='word_1_747' title='bbox 3297 2765 3574 2837; x_wconf 86' lang='grc' dir='ltr'><strong>κειμένην.</strong></span> <span class='ocrx_word' id='word_1_748' title='bbox 3602 2768 3825 2838; x_wconf 80' lang='grc' dir='ltr'><strong>Ἐπειδὴ</strong></span> 
     </span>
    </p>
   </div>
   <div class='ocr_carea' id='block_1_96' title="bbox 2151 2853 3824 2926">
    <p class='ocr_par' dir='ltr' id='par_1_96' title="bbox 2151 2853 3824 2926">
     <span class='ocr_line' id='line_1_96' title="bbox 2151 2853 3824 2926; baseline 0.003 -21"><span class='ocrx_word' id='word_1_749' title='bbox 2151 2853 2260 2922; x_wconf 81' lang='grc' dir='ltr'><strong>γὰρ</strong></span> <span class='ocrx_word' id='word_1_750' title='bbox 2284 2854 2518 2920; x_wconf 82' lang='grc' dir='ltr'><strong>ἐδίδαξεν</strong></span> <span class='ocrx_word' id='word_1_751' title='bbox 2551 2855 2698 2925; x_wconf 77' lang='grc' dir='ltr'><strong>ἡμᾶς</strong></span> <span class='ocrx_word' id='word_1_752' title='bbox 2724 2855 2820 2925; x_wconf 86' lang='grc' dir='ltr'><strong>τὴν</strong></span> <span class='ocrx_word' id='word_1_753' title='bbox 2869 2855 3173 2926; x_wconf 77' lang='grc' dir='ltr'><strong>ὑπερϐολὴν</strong></span> <span class='ocrx_word' id='word_1_754' title='bbox 3196 2855 3295 2925; x_wconf 83' lang='grc' dir='ltr'><strong>τῆς</strong></span> <span class='ocrx_word' id='word_1_755' title='bbox 3344 2855 3541 2919; x_wconf 83' lang='grc' dir='ltr'><strong>κακίας</strong></span> <span class='ocrx_word' id='word_1_756' title='bbox 3589 2855 3694 2908; x_wconf 90' lang='grc' dir='ltr'><strong>τῶν</strong></span> <span class='ocrx_word' id='word_1_757' title='bbox 3725 2858 3824 2910; x_wconf 73' lang='grc' dir='ltr'><strong>ἀνι·</strong></span> 
     </span>
    </p>
   </div>
   <div class='ocr_carea' id='block_1_97' title="bbox 2153 2939 3824 3014">
    <p class='ocr_par' dir='ltr' id='par_1_97' title="bbox 2153 2939 3824 3014">
     <span class='ocr_line' id='line_1_97' title="bbox 2153 2939 3824 3014; baseline 0.003 -23"><span class='ocrx_word' id='word_1_758' title='bbox 2153 2939 2406 3010; x_wconf 86' lang='grc' dir='ltr'><strong>θρώπων,</strong></span> <span class='ocrx_word' id='word_1_759' title='bbox 2434 2940 2648 3009; x_wconf 75' lang='grc' dir='ltr'><strong>καὶτῆς</strong></span> <span class='ocrx_word' id='word_1_760' title='bbox 2681 2941 2948 3012; x_wconf 88' lang='grc' dir='ltr'><strong>τιμωρίας</strong></span> <span class='ocrx_word' id='word_1_761' title='bbox 2990 2943 3050 2995; x_wconf 85' lang='grc' dir='ltr'><strong>τὸ</strong></span> <span class='ocrx_word' id='word_1_762' title='bbox 3093 2942 3322 3012; x_wconf 90' lang='grc' dir='ltr'><strong>μέγεθος</strong></span> <span class='ocrx_word' id='word_1_763' title='bbox 3372 2944 3473 3012; x_wconf 85' lang='grc' dir='ltr'><strong>τῆς</strong></span> <span class='ocrx_word' id='word_1_764' title='bbox 3522 2943 3824 3014; x_wconf 84' lang='grc' dir='ltr'><strong>μελλούσης</strong></span> 
     </span>
    </p>
   </div>
   <div class='ocr_carea' id='block_1_98' title="bbox 2149 3031 3825 3104">
    <p class='ocr_par' dir='ltr' id='par_1_98' title="bbox 2149 3031 3825 3104">
     <span class='ocr_line' id='line_1_98' title="bbox 2149 3031 3825 3104; baseline 0.002 -21"><span class='ocrx_word' id='word_1_765' title='bbox 2149 3031 2450 3099; x_wconf 83' lang='grc' dir='ltr'><strong>ἐπάγεσθαι</strong></span> <span class='ocrx_word' id='word_1_766' title='bbox 2475 3034 2588 3095; x_wconf 85' lang='grc' dir='ltr'><strong>τοῖς</strong></span> <span class='ocrx_word' id='word_1_767' title='bbox 2621 3031 2826 3102; x_wconf 88' lang='grc' dir='ltr'><strong>ταύτης</strong></span> <span class='ocrx_word' id='word_1_768' title='bbox 2854 3033 3132 3102; x_wconf 80' lang='grc' dir='ltr'><strong>ἐργάταις,</strong></span> <span class='ocrx_word' id='word_1_769' title='bbox 3162 3033 3402 3086; x_wconf 88' lang='grc' dir='ltr'><strong>διδάσκει</strong></span> <span class='ocrx_word' id='word_1_770' title='bbox 3424 3035 3570 3104; x_wconf 79' lang='grc' dir='ltr'><strong>ἡμᾶς</strong></span> <span class='ocrx_word' id='word_1_771' title='bbox 3597 3036 3692 3087; x_wconf 83' lang='grc' dir='ltr'><strong>καὶ</strong></span> <span class='ocrx_word' id='word_1_772' title='bbox 3724 3035 3825 3088; x_wconf 80' lang='grc' dir='ltr'><strong>τὸν</strong></span> 
     </span>
    </p>
   </div>
   <div class='ocr_carea' id='block_1_99' title="bbox 2149 3118 3823 3192">
    <p class='ocr_par' dir='ltr' id='par_1_99' title="bbox 2149 3118 3823 3192">
     <span class='ocr_line' id='line_1_99' title="bbox 2149 3118 3823 3192; baseline 0.001 -20"><span class='ocrx_word' id='word_1_773' title='bbox 2149 3120 2208 3172; x_wconf 79' lang='grc' dir='ltr'><strong>ἐν</strong></span> <span class='ocrx_word' id='word_1_774' title='bbox 2236 3118 2474 3188; x_wconf 87' lang='grc' dir='ltr'><strong>τοσούτῳ</strong></span> <span class='ocrx_word' id='word_1_775' title='bbox 2501 3119 2694 3189; x_wconf 80' lang='grc' dir='ltr'><strong>πλήθει</strong></span> <span class='ocrx_word' id='word_1_776' title='bbox 2717 3119 3012 3189; x_wconf 88' lang='grc' dir='ltr'><strong>δυνηθέντα</strong></span> <span class='ocrx_word' id='word_1_777' title='bbox 3052 3121 3150 3190; x_wconf 79' lang='grc' dir='ltr'><strong>τὴν</strong></span> <span class='ocrx_word' id='word_1_778' title='bbox 3187 3121 3387 3192; x_wconf 79' lang='grc' dir='ltr'><strong>ἀρετὴν</strong></span> <span class='ocrx_word' id='word_1_779' title='bbox 3419 3121 3674 3190; x_wconf 85' lang='grc' dir='ltr'><strong>ἀκέραιον</strong></span> <span class='ocrx_word' id='word_1_780' title='bbox 3701 3122 3823 3174; x_wconf 76' lang='grc' dir='ltr'><strong>δια⁹</strong></span> 
     </span>
    </p>
   </div>
   <div class='ocr_carea' id='block_1_100' title="bbox 2151 3210 3821 3282">
    <p class='ocr_par' dir='ltr' id='par_1_100' title="bbox 2151 3210 3821 3282">
     <span class='ocr_line' id='line_1_100' title="bbox 2151 3210 3821 3282; baseline 0.001 -19"><span class='ocrx_word' id='word_1_781' title='bbox 2151 3210 2342 3265; x_wconf 86' lang='grc' dir='ltr'><strong>σῶσαι.</strong></span> <span class='ocrx_word' id='word_1_782' title='bbox 2381 3213 2535 3264; x_wconf 87' lang='grc' dir='ltr'><strong>Ἔστι</strong></span> <span class='ocrx_word' id='word_1_783' title='bbox 2570 3211 2668 3280; x_wconf 80' lang='grc' dir='ltr'><strong>μὲν</strong></span> <span class='ocrx_word' id='word_1_784' title='bbox 2691 3210 2799 3282; x_wconf 81' lang='grc' dir='ltr'><strong>γάρ</strong></span> <span class='ocrx_word' id='word_1_785' title='bbox 2824 3213 2917 3264; x_wconf 81' lang='grc' dir='ltr'><strong>καὶ</strong></span> <span class='ocrx_word' id='word_1_786' title='bbox 2946 3211 3067 3265; x_wconf 87' lang='grc' dir='ltr'><strong>καθ’</strong></span> <span class='ocrx_word' id='word_1_787' title='bbox 3105 3213 3306 3282; x_wconf 81' lang='grc' dir='ltr'><strong>ἑαυτὴν</strong></span> <span class='ocrx_word' id='word_1_788' title='bbox 3341 3213 3373 3281; x_wconf 79' lang='grc' dir='ltr'><strong>ἡ</strong></span> <span class='ocrx_word' id='word_1_789' title='bbox 3402 3212 3571 3282; x_wconf 80' lang='grc' dir='ltr'><strong>ἀρετὴ</strong></span> <span class='ocrx_word' id='word_1_790' title='bbox 3603 3211 3821 3282; x_wconf 82' lang='grc' dir='ltr'><strong>θαυμα-</strong></span> 
     </span>
    </p>
   </div>
   <div class='ocr_carea' id='block_1_101' title="bbox 2148 3297 3819 3369">
    <p class='ocr_par' dir='ltr' id='par_1_101' title="bbox 2148 3297 3819 3369">
     <span class='ocr_line' id='line_1_101' title="bbox 2148 3297 3819 3369; baseline -0.002 -17"><span class='ocrx_word' id='word_1_791' title='bbox 2148 3300 2268 3369; x_wconf 85' lang='grc' dir='ltr'><strong>στή.</strong></span> <span class='ocrx_word' id='word_1_792' title='bbox 2298 3299 2466 3352; x_wconf 86' lang='grc' dir='ltr'><strong>Ὅταν</strong></span> <span class='ocrx_word' id='word_1_793' title='bbox 2511 3299 2570 3352; x_wconf 84' lang='grc' dir='ltr'><strong>δὲ</strong></span> <span class='ocrx_word' id='word_1_794' title='bbox 2607 3300 2700 3352; x_wconf 73' lang='grc' dir='ltr'><strong>καὶ</strong></span> <span class='ocrx_word' id='word_1_795' title='bbox 2738 3300 2800 3350; x_wconf 82' lang='grc' dir='ltr'><strong>ἐν</strong></span> <span class='ocrx_word' id='word_1_796' title='bbox 2837 3299 2986 3368; x_wconf 83' lang='grc' dir='ltr'><strong>μέσῳ</strong></span> <span class='ocrx_word' id='word_1_797' title='bbox 3013 3297 3123 3350; x_wconf 92' lang='grc' dir='ltr'><strong>τῶν</strong></span> <span class='ocrx_word' id='word_1_798' title='bbox 3161 3297 3476 3351; x_wconf 81' lang='grc' dir='ltr'><strong>κωλυόντων</strong></span> <span class='ocrx_word' id='word_1_799' title='bbox 3529 3299 3819 3367; x_wconf 86' lang='grc' dir='ltr'><strong>τυγχάνων</strong></span> 
     </span>
    </p>
   </div>
   <div class='ocr_carea' id='block_1_102' title="bbox 2146 3382 3818 3455">
    <p class='ocr_par' dir='ltr' id='par_1_102' title="bbox 2146 3382 3818 3455">
     <span class='ocr_line' id='line_1_102' title="bbox 2146 3382 3818 3455; baseline 0.001 -19"><span class='ocrx_word' id='word_1_800' title='bbox 2146 3402 2230 3446; x_wconf 88' lang='grc' dir='ltr'><strong>τις</strong></span> <span class='ocrx_word' id='word_1_801' title='bbox 2258 3384 2460 3454; x_wconf 89' lang='grc' dir='ltr'><strong>ταύτην</strong></span> <span class='ocrx_word' id='word_1_802' title='bbox 2498 3384 2678 3455; x_wconf 74' lang='grc' dir='ltr'><strong>μετίη,</strong></span> <span class='ocrx_word' id='word_1_803' title='bbox 2716 3384 2893 3451; x_wconf 82' lang='grc' dir='ltr'><strong>πολλῷ</strong></span> <span class='ocrx_word' id='word_1_804' title='bbox 2930 3382 3127 3453; x_wconf 80' lang='grc' dir='ltr'><strong>μᾶλλον</strong></span> <span class='ocrx_word' id='word_1_805' title='bbox 3171 3383 3616 3452; x_wconf 89' lang='grc' dir='ltr'><strong>θαυμαστοτέραν</strong></span> <span class='ocrx_word' id='word_1_806' title='bbox 3645 3384 3818 3453; x_wconf 77' lang='grc' dir='ltr'><strong>αὐτὴν</strong></span> 
     </span>
    </p>
   </div>
   <div class='ocr_carea' id='block_1_103' title="bbox 2147 3468 3815 3540">
    <p class='ocr_par' dir='ltr' id='par_1_103' title="bbox 2147 3468 3815 3540">
     <span class='ocr_line' id='line_1_103' title="bbox 2147 3468 3815 3540; baseline -0.001 -18"><span class='ocrx_word' id='word_1_807' title='bbox 2147 3471 2451 3540; x_wconf 86' lang='grc' dir='ltr'><strong>ἀποφαίνει.</strong></span> <span class='ocrx_word' id='word_1_808' title='bbox 2490 3471 2588 3523; x_wconf 84' lang='grc' dir='ltr'><strong>Διά</strong></span> <span class='ocrx_word' id='word_1_809' title='bbox 2622 3471 2779 3523; x_wconf 89' lang='grc' dir='ltr'><strong>τοῦτο</strong></span> <span class='ocrx_word' id='word_1_810' title='bbox 2807 3470 2995 3540; x_wconf 82' lang='grc' dir='ltr'><strong>ῶσπερ</strong></span> <span class='ocrx_word' id='word_1_811' title='bbox 3024 3468 3375 3539; x_wconf 84' lang='grc' dir='ltr'><strong>θαυμάζουσα</strong></span> <span class='ocrx_word' id='word_1_812' title='bbox 3405 3470 3494 3522; x_wconf 67' lang='grc' dir='ltr'><strong>τὸν</strong></span> <span class='ocrx_word' id='word_1_813' title='bbox 3541 3469 3748 3522; x_wconf 84' lang='grc' dir='ltr'><strong>δίκαιον</strong></span> <span class='ocrx_word' id='word_1_814' title='bbox 3782 3472 3815 3540; x_wconf 90' lang='grc' dir='ltr'><strong>ή</strong></span> 
     </span>
    </p>
   </div>
   <div class='ocr_carea' id='block_1_104' title="bbox 2147 3557 3817 3630">
    <p class='ocr_par' dir='ltr' id='par_1_104' title="bbox 2147 3557 3817 3630">
     <span class='ocr_line' id='line_1_104' title="bbox 2147 3557 3817 3630; baseline 0 -18"><span class='ocrx_word' id='word_1_815' title='bbox 2147 3559 2270 3612; x_wconf 90' lang='grc' dir='ltr'><strong>θεία</strong></span> <span class='ocrx_word' id='word_1_816' title='bbox 2298 3561 2487 3630; x_wconf 83' lang='grc' dir='ltr'><strong>Γραφή</strong></span> <span class='ocrx_word' id='word_1_817' title='bbox 2535 3577 2718 3630; x_wconf 84' lang='grc' dir='ltr'><strong>φησιν,</strong></span> <span class='ocrx_word' id='word_1_818' title='bbox 2755 3560 2834 3612; x_wconf 85' lang='grc' dir='ltr'><strong>ὅτι</strong></span> <span class='ocrx_word' id='word_1_819' title='bbox 2892 3557 3091 3627; x_wconf 81' lang='grc' dir='ltr'><strong>μεταξὺ</strong></span> <span class='ocrx_word' id='word_1_820' title='bbox 3138 3558 3245 3611; x_wconf 89' lang='grc' dir='ltr'><strong>τῶν</strong></span> <span class='ocrx_word' id='word_1_821' title='bbox 3287 3557 3556 3610; x_wconf 83' lang='grc' dir='ltr'><strong>τοσούτων</strong></span> <span class='ocrx_word' id='word_1_822' title='bbox 3584 3557 3673 3610; x_wconf 75' lang='grc' dir='ltr'><strong>διὰ</strong></span> <span class='ocrx_word' id='word_1_823' title='bbox 3717 3558 3817 3628; x_wconf 74' lang='grc' dir='ltr'><strong>τὴν</strong></span> 
     </span>
    </p>
   </div>
   <div class='ocr_carea' id='block_1_105' title="bbox 2145 3643 3815 3717">
    <p class='ocr_par' dir='ltr' id='par_1_105' title="bbox 2145 3643 3815 3717">
     <span class='ocr_line' id='line_1_105' title="bbox 2145 3643 3815 3717; baseline -0.001 -18"><span class='ocrx_word' id='word_1_824' title='bbox 2145 3648 2346 3700; x_wconf 87' lang='grc' dir='ltr'><strong>κακίαν</strong></span> <span class='ocrx_word' id='word_1_825' title='bbox 2397 3646 2700 3716; x_wconf 85' lang='grc' dir='ltr'><strong>μελλόντων</strong></span> <span class='ocrx_word' id='word_1_826' title='bbox 2730 3647 3157 3714; x_wconf 83' lang='grc' dir='ltr'><strong>ἀγανακτήσεως</strong></span> <span class='ocrx_word' id='word_1_827' title='bbox 3217 3644 3529 3717; x_wconf 74' lang='grc' dir='ltr'><strong>πειρᾶσθαι,</strong></span> <span class='ocrx_word' id='word_1_828' title='bbox 3579 3643 3709 3698; x_wconf 86' lang='grc' dir='ltr'><strong>Νῶε</strong></span> <span class='ocrx_word' id='word_1_829' title='bbox 3747 3645 3815 3698; x_wconf 69' lang='grc' dir='ltr'><strong>δὲ</strong></span> 
     </span>
    </p>
   </div>
   <div class='ocr_carea' id='block_1_106' title="bbox 2145 3727 3812 3802">
    <p class='ocr_par' dir='ltr' id='par_1_106' title="bbox 2145 3727 3812 3802">
     <span class='ocr_line' id='line_1_106' title="bbox 2145 3727 3812 3802; baseline -0.002 -15"><span class='ocrx_word' id='word_1_830' title='bbox 2145 3730 2284 3801; x_wconf 81' lang='grc' dir='ltr'><strong>εὗρε</strong></span> <span class='ocrx_word' id='word_1_831' title='bbox 2311 3734 2486 3802; x_wconf 80' lang='grc' dir='ltr'><strong>χάριν</strong></span> <span class='ocrx_word' id='word_1_832' title='bbox 2503 3735 2780 3788; x_wconf 77' lang='grc' dir='ltr'><strong>ἐναντίον</strong></span> <span class='ocrx_word' id='word_1_833' title='bbox 2803 3733 3022 3801; x_wconf 82' lang='grc' dir='ltr'><strong>Κυρίου</strong></span> <span class='ocrx_word' id='word_1_834' title='bbox 3058 3732 3165 3786; x_wconf 87' lang='grc' dir='ltr'><strong>τοῦ</strong></span> <span class='ocrx_word' id='word_1_835' title='bbox 3220 3730 3385 3785; x_wconf 81' lang='grc' dir='ltr'><strong>Θεοῦ.</strong></span> <span class='ocrx_word' id='word_1_836' title='bbox 3421 3727 3578 3800; x_wconf 82' lang='grc' dir='ltr'><strong>Εὗρε</strong></span> <span class='ocrx_word' id='word_1_837' title='bbox 3613 3732 3812 3800; x_wconf 79' lang='grc' dir='ltr'><strong>χάριν,</strong></span> 
     </span>
    </p>
   </div>
   <div class='ocr_carea' id='block_1_107' title="bbox 2145 3815 3814 3890">
    <p class='ocr_par' dir='ltr' id='par_1_107' title="bbox 2145 3815 3814 3890">
     <span class='ocr_line' id='line_1_107' title="bbox 2145 3815 3814 3890; baseline -0.002 -16"><span class='ocrx_word' id='word_1_838' title='bbox 2145 3821 2258 3874; x_wconf 85' lang='grc' dir='ltr'><strong>ἀλλ’</strong></span> <span class='ocrx_word' id='word_1_839' title='bbox 2300 3821 2603 3876; x_wconf 79' lang='grc' dir='ltr'><em>Ἐναντίον</em></span> <span class='ocrx_word' id='word_1_840' title='bbox 2650 3821 2758 3876; x_wconf 82' lang='grc' dir='ltr'><strong>τοῦ</strong></span> <span class='ocrx_word' id='word_1_841' title='bbox 2812 3820 2988 3874; x_wconf 82' lang='grc' dir='ltr'><strong>Θεοῦ·</strong></span> <span class='ocrx_word' id='word_1_842' title='bbox 3014 3821 3113 3890; x_wconf 92' lang='grc' dir='ltr'><strong>οὐχ</strong></span> <span class='ocrx_word' id='word_1_843' title='bbox 3154 3819 3360 3882; x_wconf 83' lang='grc' dir='ltr'><strong>ἁπλῶς.</strong></span> <span class='ocrx_word' id='word_1_844' title='bbox 3413 3815 3569 3887; x_wconf 81' lang='grc' dir='ltr'><strong>Εὗρε</strong></span> <span class='ocrx_word' id='word_1_845' title='bbox 3613 3819 3814 3887; x_wconf 80' lang='grc' dir='ltr'><strong>χάριν,</strong></span> 
     </span>
    </p>
   </div>
   <div class='ocr_carea' id='block_1_108' title="bbox 2147 3905 3818 3977">
    <p class='ocr_par' dir='ltr' id='par_1_108' title="bbox 2147 3905 3818 3977">
     <span class='ocr_line' id='line_1_108' title="bbox 2147 3905 3818 3977; baseline -0.001 -16"><span class='ocrx_word' id='word_1_846' title='bbox 2147 3908 2284 3973; x_wconf 80' lang='grc' dir='ltr'><strong>ἀλλ’,</strong></span> <span class='ocrx_word' id='word_1_847' title='bbox 2335 3909 2647 3963; x_wconf 78' lang='grc' dir='ltr'><strong>Ἐναντίον</strong></span> <span class='ocrx_word' id='word_1_848' title='bbox 2698 3908 2916 3975; x_wconf 78' lang='grc' dir='ltr'><strong>Κυρίου</strong></span> <span class='ocrx_word' id='word_1_849' title='bbox 2962 3907 3069 3961; x_wconf 84' lang='grc' dir='ltr'><strong>τοῦ</strong></span> <span class='ocrx_word' id='word_1_850' title='bbox 3099 3905 3275 3960; x_wconf 83' lang='grc' dir='ltr'><strong>Θεοῦ·</strong></span> <span class='ocrx_word' id='word_1_851' title='bbox 3323 3907 3410 3959; x_wconf 86' lang='grc' dir='ltr'><strong>ἴνα</strong></span> <span class='ocrx_word' id='word_1_852' title='bbox 3442 3906 3588 3975; x_wconf 76' lang='grc' dir='ltr'><strong>ἡμᾶς</strong></span> <span class='ocrx_word' id='word_1_853' title='bbox 3627 3905 3818 3977; x_wconf 74' lang='grc' dir='ltr'><strong>διδάξῃ</strong></span> 
     </span>
    </p>
   </div>
   <div class='ocr_carea' id='block_1_109' title="bbox 2143 3990 3814 4064">
    <p class='ocr_par' dir='ltr' id='par_1_109' title="bbox 2143 3990 3814 4064">
     <span class='ocr_line' id='line_1_109' title="bbox 2143 3990 3814 4064; baseline -0.001 -17"><span class='ocrx_word' id='word_1_854' title='bbox 2143 3996 2225 4047; x_wconf 87' lang='grc' dir='ltr'><strong>ὅτι</strong></span> <span class='ocrx_word' id='word_1_855' title='bbox 2247 3995 2342 4048; x_wconf 79' lang='grc' dir='ltr'><strong>ἕνα</strong></span> <span class='ocrx_word' id='word_1_856' title='bbox 2362 3994 2550 4047; x_wconf 90' lang='grc' dir='ltr'><strong>τοῦτον</strong></span> <span class='ocrx_word' id='word_1_857' title='bbox 2569 3990 2680 4064; x_wconf 72' lang='grc' dir='ltr'><strong>εἶχε</strong></span> <span class='ocrx_word' id='word_1_858' title='bbox 2698 3994 2788 4047; x_wconf 82' lang='grc' dir='ltr'><strong>τὸν</strong></span> <span class='ocrx_word' id='word_1_859' title='bbox 2821 3993 3042 4057; x_wconf 79' lang='grc' dir='ltr'><strong>σκοπὸν,</strong></span> <span class='ocrx_word' id='word_1_860' title='bbox 3071 3993 3211 4046; x_wconf 84' lang='grc' dir='ltr'><strong>ὥστε</strong></span> <span class='ocrx_word' id='word_1_861' title='bbox 3234 3993 3324 4046; x_wconf 81' lang='grc' dir='ltr'><strong>τὸν</strong></span> <span class='ocrx_word' id='word_1_862' title='bbox 3351 3993 3651 4062; x_wconf 89' lang='grc' dir='ltr'><strong>ἀκοίμητον</strong></span> <span class='ocrx_word' id='word_1_863' title='bbox 3666 3994 3814 4046; x_wconf 76' lang='grc' dir='ltr'><strong>ἐκεῖ-</strong></span> 
     </span>
    </p>
   </div>
   <div class='ocr_carea' id='block_1_110' title="bbox 2144 4080 3817 4152">
    <p class='ocr_par' dir='ltr' id='par_1_110' title="bbox 2144 4080 3817 4152">
     <span class='ocr_line' id='line_1_110' title="bbox 2144 4080 3817 4152; baseline -0.001 -18"><span class='ocrx_word' id='word_1_864' title='bbox 2144 4100 2234 4134; x_wconf 91' lang='grc' dir='ltr'><strong>νον</strong></span> <span class='ocrx_word' id='word_1_865' title='bbox 2257 4081 2537 4152; x_wconf 82' lang='grc' dir='ltr'><strong>ὀφθαλμὸν</strong></span> <span class='ocrx_word' id='word_1_866' title='bbox 2562 4081 2849 4152; x_wconf 86' lang='grc' dir='ltr'><strong>ἐπαινέτην</strong></span> <span class='ocrx_word' id='word_1_867' title='bbox 2867 4081 3029 4151; x_wconf 81' lang='grc' dir='ltr'><strong>ἐχειν,</strong></span> <span class='ocrx_word' id='word_1_868' title='bbox 3053 4081 3148 4134; x_wconf 74' lang='grc' dir='ltr'><strong>καὶ</strong></span> <span class='ocrx_word' id='word_1_869' title='bbox 3169 4080 3342 4142; x_wconf 79' lang='grc' dir='ltr'><strong>οὐδεὶς</strong></span> <span class='ocrx_word' id='word_1_870' title='bbox 3364 4080 3511 4150; x_wconf 84' lang='grc' dir='ltr'><strong>αὐτῷ</strong></span> <span class='ocrx_word' id='word_1_871' title='bbox 3537 4080 3693 4146; x_wconf 89' lang='grc' dir='ltr'><strong>λόγος</strong></span> <span class='ocrx_word' id='word_1_872' title='bbox 3714 4080 3817 4150; x_wconf 83' lang='grc' dir='ltr'><strong>τῆς</strong></span> 
     </span>
    </p>
   </div>
   <div class='ocr_carea' id='block_1_111' title="bbox 2144 4165 3810 4238">
    <p class='ocr_par' dir='ltr' id='par_1_111' title="bbox 2144 4165 3810 4238">
     <span class='ocr_line' id='line_1_111' title="bbox 2144 4165 3810 4238; baseline 0.001 -20"><span class='ocrx_word' id='word_1_873' title='bbox 2144 4167 2263 4220; x_wconf 61' lang='grc' dir='ltr'><strong>τῶν</strong></span> <span class='ocrx_word' id='word_1_874' title='bbox 2273 4167 2577 4238; x_wconf 85' lang='grc' dir='ltr'><strong>ἀνθρώπων</strong></span> <span class='ocrx_word' id='word_1_875' title='bbox 2597 4167 2776 4237; x_wconf 81' lang='grc' dir='ltr'><strong>δόξης,</strong></span> <span class='ocrx_word' id='word_1_876' title='bbox 2799 4168 2919 4220; x_wconf 86' lang='grc' dir='ltr'><strong>οὐδέ</strong></span> <span class='ocrx_word' id='word_1_877' title='bbox 2937 4167 3036 4236; x_wconf 84' lang='grc' dir='ltr'><strong>τῆς</strong></span> <span class='ocrx_word' id='word_1_878' title='bbox 3058 4168 3299 4236; x_wconf 84' lang='grc' dir='ltr'><strong>ἀτιμίας.</strong></span> <span class='ocrx_word' id='word_1_879' title='bbox 3325 4167 3419 4218; x_wconf 77' lang='grc' dir='ltr'><strong>καὶ</strong></span> <span class='ocrx_word' id='word_1_880' title='bbox 3440 4166 3532 4218; x_wconf 87' lang='grc' dir='ltr'><strong>τοῦ</strong></span> <span class='ocrx_word' id='word_1_881' title='bbox 3554 4165 3810 4233; x_wconf 80' lang='grc' dir='ltr'><strong>γέλωτος.</strong></span> 
     </span>
    </p>
   </div>
   <div class='ocr_carea' id='block_1_112' title="bbox 2144 4252 3816 4326">
    <p class='ocr_par' dir='ltr' id='par_1_112' title="bbox 2144 4252 3816 4326">
     <span class='ocr_line' id='line_1_112' title="bbox 2144 4252 3816 4326; baseline -0.001 -18"><span class='ocrx_word' id='word_1_882' title='bbox 2144 4255 2303 4318; x_wconf 80' lang='grc' dir='ltr'><strong>Εἰκὸς</strong></span> <span class='ocrx_word' id='word_1_883' title='bbox 2321 4255 2432 4326; x_wconf 85' lang='grc' dir='ltr'><strong>γὰρ</strong></span> <span class='ocrx_word' id='word_1_884' title='bbox 2464 4255 2628 4307; x_wconf 86' lang='grc' dir='ltr'><strong>αὐτὸν</strong></span> <span class='ocrx_word' id='word_1_885' title='bbox 2656 4254 2983 4318; x_wconf 85' lang='grc' dir='ltr'><strong>ἀπεναντίας</strong></span> <span class='ocrx_word' id='word_1_886' title='bbox 3015 4255 3186 4307; x_wconf 79' lang='grc' dir='ltr'><strong>ἅπασι</strong></span> <span class='ocrx_word' id='word_1_887' title='bbox 3209 4252 3306 4323; x_wconf 83' lang='grc' dir='ltr'><strong>τὴν</strong></span> <span class='ocrx_word' id='word_1_888' title='bbox 3339 4252 3539 4322; x_wconf 78' lang='grc' dir='ltr'><strong>ἀρετὴν</strong></span> <span class='ocrx_word' id='word_1_889' title='bbox 3567 4253 3816 4322; x_wconf 79' lang='grc' dir='ltr'><strong>μετιέναι</strong></span> 
     </span>
    </p>
   </div>
   <div class='ocr_carea' id='block_1_113' title="bbox 2145 4339 3810 4412">
    <p class='ocr_par' dir='ltr' id='par_1_113' title="bbox 2145 4339 3810 4412">
     <span class='ocr_line' id='line_1_113' title="bbox 2145 4339 3810 4412; baseline -0.001 -19"><span class='ocrx_word' id='word_1_890' title='bbox 2145 4340 2466 4411; x_wconf 82' lang='grc' dir='ltr'><strong>βουλόμενον</strong></span> <span class='ocrx_word' id='word_1_891' title='bbox 2524 4341 2720 4412; x_wconf 81' lang='grc' dir='ltr'><strong>πολλὴν</strong></span> <span class='ocrx_word' id='word_1_892' title='bbox 2759 4341 3050 4408; x_wconf 86' lang='grc' dir='ltr'><strong>ὑπομένειν</strong></span> <span class='ocrx_word' id='word_1_893' title='bbox 3082 4340 3184 4411; x_wconf 76' lang='grc' dir='ltr'><strong>τὴν</strong></span> <span class='ocrx_word' id='word_1_894' title='bbox 3215 4339 3412 4410; x_wconf 91' lang='grc' dir='ltr'><strong>χλεύην</strong></span> <span class='ocrx_word' id='word_1_895' title='bbox 3461 4339 3553 4393; x_wconf 76' lang='grc' dir='ltr'><strong>καὶ</strong></span> <span class='ocrx_word' id='word_1_896' title='bbox 3588 4339 3678 4391; x_wconf 84' lang='grc' dir='ltr'><strong>τὸν</strong></span> <span class='ocrx_word' id='word_1_897' title='bbox 3716 4340 3810 4408; x_wconf 87' lang='grc' dir='ltr'><strong>γέ-</strong></span> 
     </span>
    </p>
   </div>
   <div class='ocr_carea' id='block_1_114' title="bbox 2143 4416 3811 4486">
    <p class='ocr_par' dir='ltr' id='par_1_114' title="bbox 2143 4416 3811 4486">
     <span class='ocr_line' id='line_1_114' title="bbox 2143 4416 3811 4486; baseline 0 -16"><span class='ocrx_word' id='word_1_898' title='bbox 2143 4419 2306 4484; x_wconf 88' lang='grc' dir='ltr'><strong>λωτα,</strong></span> <span class='ocrx_word' id='word_1_899' title='bbox 2347 4421 2563 4474; x_wconf 86' lang='grc' dir='ltr'><strong>πάντων</strong></span> <span class='ocrx_word' id='word_1_900' title='bbox 2585 4419 2692 4472; x_wconf 90' lang='grc' dir='ltr'><strong>τῶν</strong></span> <span class='ocrx_word' id='word_1_901' title='bbox 2714 4421 2812 4486; x_wconf 85' lang='grc' dir='ltr'><strong>τὴν</strong></span> <span class='ocrx_word' id='word_1_902' title='bbox 2841 4419 3042 4472; x_wconf 90' lang='grc' dir='ltr'><strong>κακίαν</strong></span> <span class='ocrx_word' id='word_1_903' title='bbox 3073 4418 3366 4486; x_wconf 83' lang='grc' dir='ltr'><strong>μετιόντων</strong></span> <span class='ocrx_word' id='word_1_904' title='bbox 3415 4416 3684 4470; x_wconf 83' lang='grc' dir='ltr'><strong>εἰωθότων</strong></span> <span class='ocrx_word' id='word_1_905' title='bbox 3723 4419 3811 4471; x_wconf 65' lang='grc' dir='ltr'><strong>ἀεὶ</strong></span> 
     </span>
    </p>
   </div>
   <div class='ocr_carea' id='block_1_115' title="bbox 2141 4496 3810 4568">
    <p class='ocr_par' dir='ltr' id='par_1_115' title="bbox 2141 4496 3810 4568">
     <span class='ocr_line' id='line_1_115' title="bbox 2141 4496 3810 4568; baseline 0.001 -21"><span class='ocrx_word' id='word_1_906' title='bbox 2141 4497 2506 4551; x_wconf 85' lang='grc' dir='ltr'><strong>ἐπισκώπτειν</strong></span> <span class='ocrx_word' id='word_1_907' title='bbox 2533 4499 2658 4561; x_wconf 82' lang='grc' dir='ltr'><strong>τοὺς</strong></span> <span class='ocrx_word' id='word_1_908' title='bbox 2689 4497 2891 4566; x_wconf 87' lang='grc' dir='ltr'><strong>ταύτην</strong></span> <span class='ocrx_word' id='word_1_909' title='bbox 2917 4496 3138 4565; x_wconf 88' lang='grc' dir='ltr'><strong>φεύγειν</strong></span> <span class='ocrx_word' id='word_1_910' title='bbox 3160 4496 3536 4566; x_wconf 81' lang='grc' dir='ltr'><strong>βουλομένους,</strong></span> <span class='ocrx_word' id='word_1_911' title='bbox 3561 4497 3658 4549; x_wconf 73' lang='grc' dir='ltr'><strong>καὶ</strong></span> <span class='ocrx_word' id='word_1_912' title='bbox 3681 4498 3810 4568; x_wconf 82' lang='grc' dir='ltr'><strong>ἀρε-</strong></span> 
     </span>
    </p>
   </div>
   <div class='ocr_carea' id='block_1_116' title="bbox 2139 4574 3814 4646">
    <p class='ocr_par' dir='ltr' id='par_1_116' title="bbox 2139 4574 3814 4646">
     <span class='ocr_line' id='line_1_116' title="bbox 2139 4574 3814 4646; baseline 0.002 -20"><span class='ocrx_word' id='word_1_913' title='bbox 2139 4574 2237 4644; x_wconf 76' lang='grc' dir='ltr'><strong>τὴν</strong></span> <span class='ocrx_word' id='word_1_914' title='bbox 2267 4576 2642 4646; x_wconf 80' lang='grc' dir='ltr'><strong>αἱρουμένους,</strong></span> <span class='ocrx_word' id='word_1_915' title='bbox 2695 4576 2830 4646; x_wconf 82' lang='grc' dir='ltr'><strong>ὅπερ</strong></span> <span class='ocrx_word' id='word_1_916' title='bbox 2861 4577 2955 4628; x_wconf 65' lang='grc' dir='ltr'><strong>καὶ¹</strong></span> <span class='ocrx_word' id='word_1_917' title='bbox 2995 4575 3088 4628; x_wconf 87' lang='grc' dir='ltr'><strong>νῦν</strong></span> <span class='ocrx_word' id='word_1_918' title='bbox 3122 4576 3381 4638; x_wconf 88' lang='grc' dir='ltr'><strong>πολλάκις</strong></span> <span class='ocrx_word' id='word_1_919' title='bbox 3423 4575 3651 4643; x_wconf 83' lang='grc' dir='ltr'><strong>γίνεται.</strong></span> <span class='ocrx_word' id='word_1_920' title='bbox 3699 4575 3814 4630; x_wconf 69' lang='grc' dir='ltr'><strong>Καὶ</strong></span> 
     </span>
    </p>
   </div>
   <div class='ocr_carea' id='block_1_117' title="bbox 2140 4654 3806 4725">
    <p class='ocr_par' dir='ltr' id='par_1_117' title="bbox 2140 4654 3806 4725">
     <span class='ocr_line' id='line_1_117' title="bbox 2140 4654 3806 4725; baseline 0.002 -21"><span class='ocrx_word' id='word_1_921' title='bbox 2140 4654 2366 4718; x_wconf 77' lang='grc' dir='ltr'><strong>πολλοὺς</strong></span> <span class='ocrx_word' id='word_1_922' title='bbox 2395 4655 2504 4706; x_wconf 91' lang='grc' dir='ltr'><strong>τῶν</strong></span> <span class='ocrx_word' id='word_1_923' title='bbox 2537 4654 2796 4724; x_wconf 71' lang='grc' dir='ltr'><strong>ῥᾳθύμων</strong></span> <span class='ocrx_word' id='word_1_924' title='bbox 2819 4654 3034 4724; x_wconf 83' lang='grc' dir='ltr'><strong>ὁρῶμεν</strong></span> <span class='ocrx_word' id='word_1_925' title='bbox 3075 4655 3148 4724; x_wconf 84' lang='grc' dir='ltr'><strong>μὴ</strong></span> <span class='ocrx_word' id='word_1_926' title='bbox 3183 4655 3445 4725; x_wconf 82' lang='grc' dir='ltr'><strong>φέροντας</strong></span> <span class='ocrx_word' id='word_1_927' title='bbox 3476 4654 3565 4708; x_wconf 61' lang='grc' dir='ltr'><strong>τὴν</strong></span> <span class='ocrx_word' id='word_1_928' title='bbox 3595 4654 3806 4722; x_wconf 88' lang='grc' dir='ltr'><strong>γέλωτα</strong></span> 
     </span>
    </p>
   </div>
   <div class='ocr_carea' id='block_1_118' title="bbox 2139 4731 3807 4805">
    <p class='ocr_par' dir='ltr' id='par_1_118' title="bbox 2139 4731 3807 4805">
     <span class='ocr_line' id='line_1_118' title="bbox 2139 4731 3807 4805; baseline 0.001 -21"><span class='ocrx_word' id='word_1_929' title='bbox 2139 4731 2234 4785; x_wconf 66' lang='grc' dir='ltr'><strong>καὶ</strong></span> <span class='ocrx_word' id='word_1_930' title='bbox 2281 4733 2378 4804; x_wconf 81' lang='grc' dir='ltr'><strong>τήν</strong></span> <span class='ocrx_word' id='word_1_931' title='bbox 2407 4733 2720 4802; x_wconf 79' lang='grc' dir='ltr'><strong>χλευασίαν,</strong></span> <span class='ocrx_word' id='word_1_932' title='bbox 2763 4731 2898 4785; x_wconf 87' lang='grc' dir='ltr'><strong>ἀλλά</strong></span> <span class='ocrx_word' id='word_1_933' title='bbox 2933 4734 3314 4803; x_wconf 87' lang='grc' dir='ltr'><strong>προτιμῶντας</strong></span> <span class='ocrx_word' id='word_1_934' title='bbox 3362 4736 3462 4804; x_wconf 85' lang='grc' dir='ltr'><strong>τὴν</strong></span> <span class='ocrx_word' id='word_1_935' title='bbox 3491 4735 3644 4805; x_wconf 79' lang='grc' dir='ltr'><strong>παρά</strong></span> <span class='ocrx_word' id='word_1_936' title='bbox 3697 4733 3807 4786; x_wconf 89' lang='grc' dir='ltr'><strong>τῶν</strong></span> 
     </span>
    </p>
   </div>
   <div class='ocr_carea' id='block_1_119' title="bbox 2137 4812 3805 4886">
    <p class='ocr_par' dir='ltr' id='par_1_119' title="bbox 2137 4812 3805 4886">
     <span class='ocr_line' id='line_1_119' title="bbox 2137 4812 3805 4886; baseline -0.002 -17"><span class='ocrx_word' id='word_1_937' title='bbox 2137 4813 2436 4886; x_wconf 86' lang='grc' dir='ltr'><strong>ἀνθρώπων</strong></span> <span class='ocrx_word' id='word_1_938' title='bbox 2459 4812 2613 4876; x_wconf 84' lang='grc' dir='ltr'><strong>δόξαν</strong></span> <span class='ocrx_word' id='word_1_939' title='bbox 2643 4813 2742 4882; x_wconf 82' lang='grc' dir='ltr'><strong>τῆς</strong></span> <span class='ocrx_word' id='word_1_940' title='bbox 2773 4812 3006 4883; x_wconf 87' lang='grc' dir='ltr'><strong>ἀληθοῦς</strong></span> <span class='ocrx_word' id='word_1_941' title='bbox 3033 4813 3125 4865; x_wconf 75' lang='grc' dir='ltr'><strong>καὶ</strong></span> <span class='ocrx_word' id='word_1_942' title='bbox 3160 4814 3246 4865; x_wconf 74' lang='grc' dir='ltr'><strong>ἀεὶ</strong></span> <span class='ocrx_word' id='word_1_943' title='bbox 3280 4813 3565 4883; x_wconf 88' lang='grc' dir='ltr'><strong>μενούσης,</strong></span> <span class='ocrx_word' id='word_1_944' title='bbox 3600 4813 3805 4866; x_wconf 85' lang='grc' dir='ltr'><strong>ὐποσυ-</strong></span> 
     </span>
    </p>
   </div>
   <div class='ocr_carea' id='block_1_120' title="bbox 2137 4892 3805 4966">
    <p class='ocr_par' dir='ltr' id='par_1_120' title="bbox 2137 4892 3805 4966">
     <span class='ocr_line' id='line_1_120' title="bbox 2137 4892 3805 4966; baseline -0.002 -19"><span class='ocrx_word' id='word_1_945' title='bbox 2137 4895 2399 4966; x_wconf 88' lang='grc' dir='ltr'><strong>ρομένους</strong></span> <span class='ocrx_word' id='word_1_946' title='bbox 2431 4895 2523 4946; x_wconf 78' lang='grc' dir='ltr'><strong>καὶ</strong></span> <span class='ocrx_word' id='word_1_947' title='bbox 2549 4894 3118 4962; x_wconf 87' lang='grc' dir='ltr'><strong>συγκατασπωμένους</strong></span> <span class='ocrx_word' id='word_1_948' title='bbox 3137 4897 3204 4964; x_wconf 80' lang='grc' dir='ltr'><strong>τῇ</strong></span> <span class='ocrx_word' id='word_1_949' title='bbox 3228 4892 3338 4946; x_wconf 82' lang='grc' dir='ltr'><strong>τῶν</strong></span> <span class='ocrx_word' id='word_1_950' title='bbox 3362 4894 3567 4964; x_wconf 85' lang='grc' dir='ltr'><strong>ἐτέρων</strong></span> <span class='ocrx_word' id='word_1_951' title='bbox 3597 4892 3805 4962; x_wconf 84' lang='grc' dir='ltr'><strong>ἀνθρώ-</strong></span> 
     </span>
    </p>
   </div>
   <div class='ocr_carea' id='block_1_121' title="bbox 2130 4970 3804 5044">
    <p class='ocr_par' dir='ltr' id='par_1_121' title="bbox 2130 4970 3804 5044">
     <span class='ocr_line' id='line_1_121' title="bbox 2130 4970 3804 5044; baseline -0.001 -19"><span class='ocrx_word' id='word_1_952' title='bbox 2130 4990 2254 5026; x_wconf 78' lang='grc' dir='ltr'><strong>πων</strong></span> <span class='ocrx_word' id='word_1_953' title='bbox 2283 4972 2473 5043; x_wconf 68' lang='grc' dir='ltr'><strong>κακίᾳ.</strong></span> <span class='ocrx_word' id='word_1_954' title='bbox 2505 4973 2698 5042; x_wconf 80' lang='grc' dir='ltr'><strong>Ψυχῆς</strong></span> <span class='ocrx_word' id='word_1_955' title='bbox 2723 4971 2830 5042; x_wconf 84' lang='grc' dir='ltr'><strong>γάρ</strong></span> <span class='ocrx_word' id='word_1_956' title='bbox 2878 4973 2995 5024; x_wconf 82' lang='grc' dir='ltr'><strong>ἐστι</strong></span> <span class='ocrx_word' id='word_1_957' title='bbox 3040 4970 3292 5038; x_wconf 87' lang='grc' dir='ltr'><strong>γενναίας</strong></span> <span class='ocrx_word' id='word_1_958' title='bbox 3343 4974 3438 5025; x_wconf 76' lang='grc' dir='ltr'><strong>καὶ</strong></span> <span class='ocrx_word' id='word_1_959' title='bbox 3487 4973 3700 5044; x_wconf 80' lang='grc' dir='ltr'><strong>στερρῷ</strong></span> <span class='ocrx_word' id='word_1_960' title='bbox 3725 4971 3804 5040; x_wconf 83' lang='grc' dir='ltr'><strong>τῷ</strong></span> 
     </span>
    </p>
   </div>
   <div class='ocr_carea' id='block_1_122' title="bbox 2131 5050 3804 5122">
    <p class='ocr_par' dir='ltr' id='par_1_122' title="bbox 2131 5050 3804 5122">
     <span class='ocr_line' id='line_1_122' title="bbox 2131 5050 3804 5122; baseline -0.001 -17"><span class='ocrx_word' id='word_1_961' title='bbox 2131 5055 2442 5122; x_wconf 84' lang='grc' dir='ltr'><strong>φρονήματι</strong></span> <span class='ocrx_word' id='word_1_962' title='bbox 2465 5069 2635 5121; x_wconf 87' lang='grc' dir='ltr'><strong>κεχρη</strong></span> <span class='ocrx_word' id='word_1_963' title='bbox 2646 5051 2814 5120; x_wconf 91' lang='grc' dir='ltr'><strong>μένης</strong></span> <span class='ocrx_word' id='word_1_964' title='bbox 2830 5050 2891 5103; x_wconf 85' lang='grc' dir='ltr'><strong>τὸ</strong></span> <span class='ocrx_word' id='word_1_965' title='bbox 2911 5050 3205 5121; x_wconf 83' lang='grc' dir='ltr'><strong>δυνηθῆναι</strong></span> <span class='ocrx_word' id='word_1_966' title='bbox 3225 5051 3498 5120; x_wconf 85' lang='grc' dir='ltr'><strong>ἀντισχεῖν</strong></span> <span class='ocrx_word' id='word_1_967' title='bbox 3524 5055 3662 5121; x_wconf 77' lang='grc' dir='ltr'><strong>πρὸς</strong></span> <span class='ocrx_word' id='word_1_968' title='bbox 3677 5054 3804 5114; x_wconf 85' lang='grc' dir='ltr'><strong>τοὺς</strong></span> 
     </span>
    </p>
   </div>
   <div class='ocr_carea' id='block_1_123' title="bbox 2131 5129 3802 5201">
    <p class='ocr_par' dir='ltr' id='par_1_123' title="bbox 2131 5129 3802 5201">
     <span class='ocr_line' id='line_1_123' title="bbox 2131 5129 3802 5201; baseline -0.001 -17"><span class='ocrx_word' id='word_1_969' title='bbox 2131 5130 2408 5201; x_wconf 86' lang='grc' dir='ltr'><strong>διασύρειν</strong></span> <span class='ocrx_word' id='word_1_970' title='bbox 2435 5129 2813 5199; x_wconf 85' lang='grc' dir='ltr'><strong>βουλομένους,</strong></span> <span class='ocrx_word' id='word_1_971' title='bbox 2846 5129 2941 5182; x_wconf 70' lang='grc' dir='ltr'><strong>καὶ</strong></span> <span class='ocrx_word' id='word_1_972' title='bbox 2974 5129 3047 5200; x_wconf 79' lang='grc' dir='ltr'><strong>μὴ</strong></span> <span class='ocrx_word' id='word_1_973' title='bbox 3082 5129 3220 5200; x_wconf 80' lang='grc' dir='ltr'><strong>πρὸς</strong></span> <span class='ocrx_word' id='word_1_974' title='bbox 3248 5131 3540 5200; x_wconf 86' lang='grc' dir='ltr'><strong>ἀρέσκειαν</strong></span> <span class='ocrx_word' id='word_1_975' title='bbox 3562 5130 3670 5183; x_wconf 89' lang='grc' dir='ltr'><strong>τῶν</strong></span> <span class='ocrx_word' id='word_1_976' title='bbox 3707 5131 3802 5183; x_wconf 84' lang='grc' dir='ltr'><strong>ἀν-</strong></span> 
     </span>
    </p>
   </div>
   <div class='ocr_carea' id='block_1_124' title="bbox 2135 5209 3804 5282">
    <p class='ocr_par' dir='ltr' id='par_1_124' title="bbox 2135 5209 3804 5282">
     <span class='ocr_line' id='line_1_124' title="bbox 2135 5209 3804 5282; baseline 0 -20"><span class='ocrx_word' id='word_1_977' title='bbox 2135 5209 2369 5280; x_wconf 85' lang='grc' dir='ltr'><strong>θρώπων</strong></span> <span class='ocrx_word' id='word_1_978' title='bbox 2423 5226 2476 5262; x_wconf 89' lang='grc' dir='ltr'><strong>τι</strong></span> <span class='ocrx_word' id='word_1_979' title='bbox 2517 5210 2966 5280; x_wconf 83' lang='grc' dir='ltr'><strong>διαπράττεσθαι,</strong></span> <span class='ocrx_word' id='word_1_980' title='bbox 3007 5210 3143 5264; x_wconf 83' lang='grc' dir='ltr'><strong>ἀλλά</strong></span> <span class='ocrx_word' id='word_1_981' title='bbox 3191 5211 3327 5282; x_wconf 78' lang='grc' dir='ltr'><strong>πρὸς</strong></span> <span class='ocrx_word' id='word_1_982' title='bbox 3366 5211 3456 5264; x_wconf 83' lang='grc' dir='ltr'><strong>τὸν</strong></span> <span class='ocrx_word' id='word_1_983' title='bbox 3504 5212 3804 5281; x_wconf 86' lang='grc' dir='ltr'><strong>ἀκοίμητον</strong></span> 
     </span>
    </p>
   </div>
   <div class='ocr_carea' id='block_1_125' title="bbox 2134 5287 3800 5361">
    <p class='ocr_par' dir='ltr' id='par_1_125' title="bbox 2134 5287 3800 5361">
     <span class='ocr_line' id='line_1_125' title="bbox 2134 5287 3800 5361; baseline 0.002 -22"><span class='ocrx_word' id='word_1_984' title='bbox 2134 5289 2338 5340; x_wconf 85' lang='grc' dir='ltr'><strong>ἐκεῖνον</strong></span> <span class='ocrx_word' id='word_1_985' title='bbox 2366 5287 2639 5358; x_wconf 80' lang='grc' dir='ltr'><strong>ὀφθαλμὸν</strong></span> <span class='ocrx_word' id='word_1_986' title='bbox 2668 5288 2864 5342; x_wconf 88' lang='grc' dir='ltr'><strong>τείνειν</strong></span> <span class='ocrx_word' id='word_1_987' title='bbox 2897 5289 2956 5342; x_wconf 79' lang='grc' dir='ltr'><strong>τὸ</strong></span> <span class='ocrx_word' id='word_1_988' title='bbox 2977 5290 3151 5360; x_wconf 71' lang='grc' dir='ltr'><strong>ὄμμα,</strong></span> <span class='ocrx_word' id='word_1_989' title='bbox 3180 5291 3272 5343; x_wconf 75' lang='grc' dir='ltr'><strong>καῖ</strong></span> <span class='ocrx_word' id='word_1_990' title='bbox 3300 5291 3399 5361; x_wconf 85' lang='grc' dir='ltr'><strong>τὴν</strong></span> <span class='ocrx_word' id='word_1_991' title='bbox 3441 5291 3568 5359; x_wconf 81' lang='grc' dir='ltr'><strong>παρ’</strong></span> <span class='ocrx_word' id='word_1_992' title='bbox 3593 5291 3800 5342; x_wconf 82' lang='grc' dir='ltr'><strong>ἐκείνου</strong></span> 
     </span>
    </p>
   </div>
   <div class='ocr_carea' id='block_1_126' title="bbox 2132 5365 3800 5438">
    <p class='ocr_par' dir='ltr' id='par_1_126' title="bbox 2132 5365 3800 5438">
     <span class='ocr_line' id='line_1_126' title="bbox 2132 5365 3800 5438; baseline 0.002 -21"><span class='ocrx_word' id='word_1_993' title='bbox 2132 5366 2408 5436; x_wconf 78' lang='grc' dir='ltr'><strong>εὐφημίαν</strong></span> <span class='ocrx_word' id='word_1_994' title='bbox 2445 5365 2603 5435; x_wconf 90' lang='grc' dir='ltr'><strong>μόνον</strong></span> <span class='ocrx_word' id='word_1_995' title='bbox 2625 5367 2936 5436; x_wconf 89' lang='grc' dir='ltr'><strong>ἀναμένειν,</strong></span> <span class='ocrx_word' id='word_1_996' title='bbox 2990 5368 3083 5420; x_wconf 74' lang='grc' dir='ltr'><strong>καὶ</strong></span> <span class='ocrx_word' id='word_1_997' title='bbox 3113 5368 3316 5422; x_wconf 86' lang='grc' dir='ltr'><strong>τούτων</strong></span> <span class='ocrx_word' id='word_1_998' title='bbox 3359 5369 3652 5438; x_wconf 80' lang='grc' dir='ltr'><strong>ὐπερορᾷν,</strong></span> <span class='ocrx_word' id='word_1_999' title='bbox 3707 5368 3800 5421; x_wconf 74' lang='grc' dir='ltr'><strong>καὶ</strong></span> 
     </span>
    </p>
   </div>
   <div class='ocr_carea' id='block_1_127' title="bbox 2102 5443 3801 5517">
    <p class='ocr_par' dir='ltr' id='par_1_127' title="bbox 2102 5443 3801 5517">
     <span class='ocr_line' id='line_1_127' title="bbox 2102 5443 3801 5517; baseline 0.001 -20"><span class='ocrx_word' id='word_1_1000' title='bbox 2102 5495 2104 5497; x_wconf 74' lang='lat'>.</span> <span class='ocrx_word' id='word_1_1001' title='bbox 2137 5445 2298 5514; x_wconf 66' lang='grc' dir='ltr'><strong>μηδὲν</strong></span> <span class='ocrx_word' id='word_1_1002' title='bbox 2324 5443 2572 5515; x_wconf 82' lang='grc' dir='ltr'><strong>ἡγεῖσθαι</strong></span> <span class='ocrx_word' id='word_1_1003' title='bbox 2601 5445 2778 5498; x_wconf 86' lang='grc' dir='ltr'><strong>αὐτῶν</strong></span> <span class='ocrx_word' id='word_1_1004' title='bbox 2803 5448 2890 5498; x_wconf 87' lang='grc' dir='ltr'><strong>τὸν</strong></span> <span class='ocrx_word' id='word_1_1005' title='bbox 2917 5447 3154 5506; x_wconf 79' lang='grc' dir='ltr'><strong>ἔπαινον,</strong></span> <span class='ocrx_word' id='word_1_1006' title='bbox 3183 5449 3317 5517; x_wconf 85' lang='grc' dir='ltr'><strong>μήτε</strong></span> <span class='ocrx_word' id='word_1_1007' title='bbox 3339 5446 3432 5499; x_wconf 80' lang='grc' dir='ltr'><strong>τὸν</strong></span> <span class='ocrx_word' id='word_1_1008' title='bbox 3455 5446 3642 5514; x_wconf 62' lang='grc' dir='ltr'><strong>ψόγον,</strong></span> <span class='ocrx_word' id='word_1_1009' title='bbox 3667 5447 3801 5499; x_wconf 71' lang='grc' dir='ltr'><strong>ἀλλὰ</strong></span> 
     </span>
    </p>
   </div>
   <div class='ocr_carea' id='block_1_128' title="bbox 2134 5523 3803 5596">
    <p class='ocr_par' dir='ltr' id='par_1_128' title="bbox 2134 5523 3803 5596">
     <span class='ocr_line' id='line_1_128' title="bbox 2134 5523 3803 5596; baseline 0.002 -22"><span class='ocrx_word' id='word_1_1010' title='bbox 2134 5523 2382 5592; x_wconf 76' lang='grc' dir='ltr'><strong>καθάπερ</strong></span> <span class='ocrx_word' id='word_1_1011' title='bbox 2410 5523 2567 5585; x_wconf 85' lang='grc' dir='ltr'><strong>σκιὰς</strong></span> <span class='ocrx_word' id='word_1_1012' title='bbox 2597 5525 2688 5576; x_wconf 74' lang='grc' dir='ltr'><strong>καὶ</strong></span> <span class='ocrx_word' id='word_1_1013' title='bbox 2719 5524 2969 5595; x_wconf 82' lang='grc' dir='ltr'><strong>ὀνείρατα</strong></span> <span class='ocrx_word' id='word_1_1014' title='bbox 2999 5525 3384 5596; x_wconf 88' lang='grc' dir='ltr'><strong>παρατρέχειν.</strong></span> <span class='ocrx_word' id='word_1_1015' title='bbox 3425 5525 3533 5576; x_wconf 75' lang='grc' dir='ltr'><strong>Καὶ</strong></span> <span class='ocrx_word' id='word_1_1016' title='bbox 3565 5525 3803 5578; x_wconf 81' lang='grc' dir='ltr'><strong>ἐνταῦθα</strong></span> 
     </span>
    </p>
   </div>
   <div class='ocr_carea' id='block_1_129' title="bbox 2133 5601 3802 5673">
    <p class='ocr_par' dir='ltr' id='par_1_129' title="bbox 2133 5601 3802 5673">
     <span class='ocr_line' id='line_1_129' title="bbox 2133 5601 3802 5673; baseline 0.002 -21"><span class='ocrx_word' id='word_1_1017' title='bbox 2133 5601 2231 5669; x_wconf 83' lang='grc' dir='ltr'><strong>μὲν</strong></span> <span class='ocrx_word' id='word_1_1018' title='bbox 2259 5602 2442 5654; x_wconf 78' lang='grc' dir='ltr'><strong>πολλοὶ</strong></span> <span class='ocrx_word' id='word_1_1019' title='bbox 2469 5602 2730 5665; x_wconf 78' lang='grc' dir='ltr'><strong>πολλάκις</strong></span> <span class='ocrx_word' id='word_1_1020' title='bbox 2756 5603 2854 5672; x_wconf 83' lang='grc' dir='ltr'><strong>τὴν</strong></span> <span class='ocrx_word' id='word_1_1021' title='bbox 2878 5604 3031 5673; x_wconf 75' lang='grc' dir='ltr'><strong>ὓϐριν</strong></span> <span class='ocrx_word' id='word_1_1022' title='bbox 3054 5604 3116 5655; x_wconf 86' lang='grc' dir='ltr'><strong>οὐ</strong></span> <span class='ocrx_word' id='word_1_1023' title='bbox 3142 5603 3395 5671; x_wconf 82' lang='grc' dir='ltr'><strong>φέροντες</strong></span> <span class='ocrx_word' id='word_1_1024' title='bbox 3417 5604 3548 5656; x_wconf 88' lang='grc' dir='ltr'><strong>δέκα</strong></span> <span class='ocrx_word' id='word_1_1025' title='bbox 3570 5604 3602 5672; x_wconf 78' lang='grc' dir='ltr'>ἧ</span> <span class='ocrx_word' id='word_1_1026' title='bbox 3624 5605 3802 5656; x_wconf 81' lang='grc' dir='ltr'><strong>εἴκοσι</strong></span> 
     </span>
    </p>
   </div>
   <div class='ocr_carea' id='block_1_130' title="bbox 2129 5679 3800 5752">
    <p class='ocr_par' dir='ltr' id='par_1_130' title="bbox 2129 5679 3800 5752">
     <span class='ocr_line' id='line_1_130' title="bbox 2129 5679 3800 5752; baseline 0.001 -20"><span class='ocrx_word' id='word_1_1027' title='bbox 2129 5680 2449 5749; x_wconf 88' lang='grc' dir='ltr'><strong>ἀνθρώπων,</strong></span> <span class='ocrx_word' id='word_1_1028' title='bbox 2483 5679 2516 5750; x_wconf 82' lang='grc' dir='ltr'>ἢ</span> <span class='ocrx_word' id='word_1_1029' title='bbox 2552 5682 2647 5733; x_wconf 74' lang='grc' dir='ltr'><strong>καὶ</strong></span> <span class='ocrx_word' id='word_1_1030' title='bbox 2679 5682 2995 5742; x_wconf 84' lang='grc' dir='ltr'><strong>ἐλαττόνων,</strong></span> <span class='ocrx_word' id='word_1_1031' title='bbox 3029 5683 3496 5752; x_wconf 84' lang='grc' dir='ltr'><strong>ὐπεσκελίσθησαν</strong></span> <span class='ocrx_word' id='word_1_1032' title='bbox 3543 5682 3634 5734; x_wconf 83' lang='grc' dir='ltr'><strong>καὶ</strong></span> <span class='ocrx_word' id='word_1_1033' title='bbox 3665 5699 3800 5734; x_wconf 87' lang='grc' dir='ltr'><strong>κατ-</strong></span> 
     </span>
    </p>
   </div>
   <div class='ocr_carea' id='block_1_131' title="bbox 2128 5759 3798 5830">
    <p class='ocr_par' dir='ltr' id='par_1_131' title="bbox 2128 5759 3798 5830">
     <span class='ocr_line' id='line_1_131' title="bbox 2128 5759 3798 5830; baseline 0.001 -20"><span class='ocrx_word' id='word_1_1034' title='bbox 2128 5759 2342 5814; x_wconf 84' lang='grc' dir='ltr'><strong>έπεσον.</strong></span> <span class='ocrx_word' id='word_1_1035' title='bbox 2375 5761 2547 5812; x_wconf 79' lang='grc' dir='ltr'><strong>Ἐστι</strong></span> <span class='ocrx_word' id='word_1_1036' title='bbox 2579 5761 2687 5828; x_wconf 74' lang='grc' dir='ltr'><strong>γὰρ</strong></span> <span class='ocrx_word' id='word_1_1037' title='bbox 2708 5763 2969 5828; x_wconf 73' lang='grc' dir='ltr'><strong>αἰσχύνη</strong></span> <span class='ocrx_word' id='word_1_1038' title='bbox 2991 5762 3303 5830; x_wconf 79' lang='grc' dir='ltr'><strong>ἐπάγουσα</strong></span> <span class='ocrx_word' id='word_1_1039' title='bbox 3333 5762 3640 5830; x_wconf 80' lang='grc' dir='ltr'><strong>ἁμαρτίαν,</strong></span> <span class='ocrx_word' id='word_1_1040' title='bbox 3663 5763 3798 5813; x_wconf 81' lang='grc' dir='ltr'><strong>οὐδὲ</strong></span> 
     </span>
    </p>
   </div>
   <div class='ocr_carea' id='block_1_132' title="bbox 2127 5836 3790 5909">
    <p class='ocr_par' dir='ltr' id='par_1_132' title="bbox 2127 5836 3790 5909">
     <span class='ocr_line' id='line_1_132' title="bbox 2127 5836 3790 5909; baseline 0.002 -21"><span class='ocrx_word' id='word_1_1041' title='bbox 2127 5836 2232 5904; x_wconf 86' lang='grc' dir='ltr'><strong>γὰρ</strong></span> <span class='ocrx_word' id='word_1_1042' title='bbox 2262 5836 2320 5887; x_wconf 82' lang='grc' dir='ltr'><strong>τὸ</strong></span> <span class='ocrx_word' id='word_1_1043' title='bbox 2346 5838 2505 5908; x_wconf 86' lang='grc' dir='ltr'><strong>τυχόν</strong></span> <span class='ocrx_word' id='word_1_1044' title='bbox 2531 5841 2676 5890; x_wconf 86' lang='grc' dir='ltr'><strong>ἐστιν</strong></span> <span class='ocrx_word' id='word_1_1045' title='bbox 2716 5839 2987 5909; x_wconf 85' lang='grc' dir='ltr'><strong>ὑπεριδεῖν</strong></span> <span class='ocrx_word' id='word_1_1046' title='bbox 3010 5842 3119 5894; x_wconf 87' lang='grc' dir='ltr'><strong>τῶν</strong></span> <span class='ocrx_word' id='word_1_1047' title='bbox 3147 5842 3528 5906; x_wconf 82' lang='grc' dir='ltr'><strong>ὀνειδιζόντων,</strong></span> <span class='ocrx_word' id='word_1_1048' title='bbox 3573 5842 3667 5894; x_wconf 77' lang='grc' dir='ltr'><strong>καὶ</strong></span> <span class='ocrx_word' id='word_1_1049' title='bbox 3691 5858 3790 5891; x_wconf 84' lang='grc' dir='ltr'><strong>κα-</strong></span> 
     </span>
    </p>
   </div>
   <div class='ocr_carea' id='block_1_133' title="bbox 2126 5915 3791 5993">
    <p class='ocr_par' dir='ltr' id='par_1_133' title="bbox 2126 5915 3791 5993">
     <span class='ocr_line' id='line_1_133' title="bbox 2126 5915 3791 5993; baseline 0.003 -25"><span class='ocrx_word' id='word_1_1050' title='bbox 2126 5915 2496 5986; x_wconf 85' lang='grc' dir='ltr'><strong>ταγελώντων,</strong></span> <span class='ocrx_word' id='word_1_1051' title='bbox 2545 5921 2636 5974; x_wconf 79' lang='grc' dir='ltr'><strong>καὶ</strong></span> <span class='ocrx_word' id='word_1_1052' title='bbox 2675 5921 2953 5991; x_wconf 84' lang='grc' dir='ltr'><strong>κωμῳδεῖν</strong></span> <span class='ocrx_word' id='word_1_1053' title='bbox 3003 5921 3371 5993; x_wconf 85' lang='grc' dir='ltr'><strong>βουλομένων·</strong></span> <span class='ocrx_word' id='word_1_1054' title='bbox 3425 5920 3538 5975; x_wconf 85' lang='grc' dir='ltr'><strong>ἀλλ’</strong></span> <span class='ocrx_word' id='word_1_1055' title='bbox 3568 5917 3720 5992; x_wconf 70' lang='lat'><strong>[208]</strong></span> <span class='ocrx_word' id='word_1_1056' title='bbox 3762 5924 3791 5973; x_wconf 80' lang='grc' dir='ltr'><strong>ό</strong></span> 
     </span>
    </p>
   </div>
  </div>
